PokerStars Hand #225020199205:  Hold'em No Limit ($0.01/$0.02 USD) - 2021/03/20 16:28:01 PT [2021/03/20 19:28:01 ET]
Table 'Kiviuq II' 9-max Seat #5 is the button
Seat 1: Ks][x ($2.78 in chips) 
Seat 2: saraybosna ($1.44 in chips) 
Seat 3: RGeroyev ($0.63 in chips) 
Seat 5: FilMiami ($1.03 in chips) 
Seat 6: kaichen1985 ($3.72 in chips) 
Seat 7: Dorex2007 ($1.50 in chips) 
Seat 9: Kosheyushko ($0.95 in chips) 
kaichen1985: posts small blind $0.01
Dorex2007: posts big blind $0.02
VilpPS: sits out 
*** HOLE CARDS ***
Dealt to Dorex2007 [Ks Jh]
Kosheyushko: folds 
Ks][x: folds 
saraybosna: folds 
RGeroyev: folds 
FilMiami: raises $0.02 to $0.04
kaichen1985: calls $0.03
Dorex2007: calls $0.02
*** FLOP *** [5c 7c Kc]
kaichen1985: checks 
Dorex2007: bets $0.12
FilMiami: folds 
kaichen1985: folds 
Uncalled bet ($0.12) returned to Dorex2007
Dorex2007 collected $0.12 from pot
Dorex2007: doesn't show hand 
*** SUMMARY ***
Total pot $0.12 | Rake $0 
Board [5c 7c Kc]
Seat 1: Ks][x folded before Flop (didn't bet)
Seat 2: saraybosna folded before Flop (didn't bet)
Seat 3: RGeroyev folded before Flop (didn't bet)
Seat 5: FilMiami (button) folded on the Flop
Seat 6: kaichen1985 (small blind) folded on the Flop
Seat 7: Dorex2007 (big blind) collected ($0.12)
Seat 9: Kosheyushko folded before Flop (didn't bet)



PokerStars Hand #225020227013:  Hold'em No Limit ($0.01/$0.02 USD) - 2021/03/20 16:28:52 PT [2021/03/20 19:28:52 ET]
Table 'Kiviuq II' 9-max Seat #6 is the button
Seat 1: Ks][x ($2.78 in chips) 
Seat 2: saraybosna ($1.44 in chips) 
Seat 3: RGeroyev ($0.63 in chips) 
Seat 5: FilMiami ($0.99 in chips) 
Seat 6: kaichen1985 ($3.68 in chips) 
Seat 7: Dorex2007 ($1.58 in chips) 
Seat 8: VilpPS ($2 in chips) 
Seat 9: Kosheyushko ($0.95 in chips) 
Dorex2007: posts small blind $0.01
VilpPS: posts big blind $0.02
AureliyJe: sits out 
*** HOLE CARDS ***
Dealt to Dorex2007 [4d 3c]
Kosheyushko: folds 
Ks][x: folds 
saraybosna: folds 
RGeroyev: folds 
FilMiami: raises $0.04 to $0.06
kaichen1985: folds 
Dorex2007: folds 
VilpPS: folds 
Uncalled bet ($0.04) returned to FilMiami
FilMiami collected $0.05 from pot
FilMiami: doesn't show hand 
*** SUMMARY ***
Total pot $0.05 | Rake $0 
Seat 1: Ks][x folded before Flop (didn't bet)
Seat 2: saraybosna folded before Flop (didn't bet)
Seat 3: RGeroyev folded before Flop (didn't bet)
Seat 5: FilMiami collected ($0.05)
Seat 6: kaichen1985 (button) folded before Flop (didn't bet)
Seat 7: Dorex2007 (small blind) folded before Flop
Seat 8: VilpPS (big blind) folded before Flop
Seat 9: Kosheyushko folded before Flop (didn't bet)



PokerStars Hand #225020246946:  Hold'em No Limit ($0.01/$0.02 USD) - 2021/03/20 16:29:28 PT [2021/03/20 19:29:28 ET]
Table 'Kiviuq II' 9-max Seat #7 is the button
Seat 1: Ks][x ($2.78 in chips) 
Seat 2: saraybosna ($1.44 in chips) 
Seat 3: RGeroyev ($0.63 in chips) 
Seat 5: FilMiami ($1.02 in chips) 
Seat 6: kaichen1985 ($3.68 in chips) 
Seat 7: Dorex2007 ($1.57 in chips) 
Seat 8: VilpPS ($2 in chips) 
Seat 9: Kosheyushko ($0.95 in chips) 
VilpPS: posts small blind $0.01
Kosheyushko: posts big blind $0.02
AureliyJe: sits out 
*** HOLE CARDS ***
Dealt to Dorex2007 [Js Jc]
Ks][x: calls $0.02
saraybosna: folds 
RGeroyev: folds 
FilMiami: raises $0.05 to $0.07
kaichen1985: calls $0.07
Dorex2007: calls $0.07
VilpPS: folds 
Kosheyushko: folds 
Ks][x: folds 
*** FLOP *** [8h Jh Ts]
FilMiami: checks 
kaichen1985: checks 
Dorex2007: bets $0.25
FilMiami: folds 
kaichen1985: calls $0.25
*** TURN *** [8h Jh Ts] [4h]
kaichen1985: checks 
Dorex2007: checks 
*** RIVER *** [8h Jh Ts 4h] [5c]
kaichen1985: checks 
Dorex2007: checks 
*** SHOW DOWN ***
kaichen1985: shows [Kh Tc] (a pair of Tens)
Dorex2007: shows [Js Jc] (three of a kind, Jacks)
Dorex2007 collected $0.73 from pot
*** SUMMARY ***
Total pot $0.76 | Rake $0.03 
Board [8h Jh Ts 4h 5c]
Seat 1: Ks][x folded before Flop
Seat 2: saraybosna folded before Flop (didn't bet)
Seat 3: RGeroyev folded before Flop (didn't bet)
Seat 5: FilMiami folded on the Flop
Seat 6: kaichen1985 showed [Kh Tc] and lost with a pair of Tens
Seat 7: Dorex2007 (button) showed [Js Jc] and won ($0.73) with three of a kind, Jacks
Seat 8: VilpPS (small blind) folded before Flop
Seat 9: Kosheyushko (big blind) folded before Flop



PokerStars Hand #225020279548:  Hold'em No Limit ($0.01/$0.02 USD) - 2021/03/20 16:30:28 PT [2021/03/20 19:30:28 ET]
Table 'Kiviuq II' 9-max Seat #8 is the button
Seat 1: Ks][x ($2.76 in chips) 
Seat 2: saraybosna ($1.44 in chips) 
Seat 3: RGeroyev ($0.63 in chips) 
Seat 4: AureliyJe ($2 in chips) 
Seat 5: FilMiami ($0.95 in chips) 
Seat 6: kaichen1985 ($3.36 in chips) 
Seat 7: Dorex2007 ($1.98 in chips) 
Seat 8: VilpPS ($2 in chips) 
Seat 9: Kosheyushko ($0.93 in chips) 
Kosheyushko: posts small blind $0.01
Ks][x: posts big blind $0.02
AureliyJe: posts small blind $0.01
*** HOLE CARDS ***
Dealt to Dorex2007 [Ah 3s]
saraybosna: folds 
RGeroyev: folds 
AureliyJe: folds 
FilMiami: folds 
kaichen1985: folds 
Dorex2007: folds 
VilpPS: raises $0.04 to $0.06
Kosheyushko: folds 
Ks][x: calls $0.04
*** FLOP *** [Qd 2s 8h]
Ks][x: checks 
VilpPS: bets $0.07
Ks][x: folds 
Uncalled bet ($0.07) returned to VilpPS
VilpPS collected $0.14 from pot
VilpPS: doesn't show hand 
*** SUMMARY ***
Total pot $0.14 | Rake $0 
Board [Qd 2s 8h]
Seat 1: Ks][x (big blind) folded on the Flop
Seat 2: saraybosna folded before Flop (didn't bet)
Seat 3: RGeroyev folded before Flop (didn't bet)
Seat 4: AureliyJe folded before Flop (didn't bet)
Seat 5: FilMiami folded before Flop (didn't bet)
Seat 6: kaichen1985 folded before Flop (didn't bet)
Seat 7: Dorex2007 folded before Flop (didn't bet)
Seat 8: VilpPS (button) collected ($0.14)
Seat 9: Kosheyushko (small blind) folded before Flop



PokerStars Hand #225020302176:  Hold'em No Limit ($0.01/$0.02 USD) - 2021/03/20 16:31:10 PT [2021/03/20 19:31:10 ET]
Table 'Kiviuq II' 9-max Seat #9 is the button
Seat 1: Ks][x ($2.70 in chips) 
Seat 2: saraybosna ($1.44 in chips) 
Seat 3: RGeroyev ($0.63 in chips) 
Seat 4: AureliyJe ($2 in chips) 
Seat 5: FilMiami ($0.95 in chips) 
Seat 6: kaichen1985 ($3.36 in chips) 
Seat 7: Dorex2007 ($1.98 in chips) 
Seat 8: VilpPS ($2.08 in chips) 
Seat 9: Kosheyushko ($0.92 in chips) 
Ks][x: posts small blind $0.01
saraybosna: posts big blind $0.02
*** HOLE CARDS ***
Dealt to Dorex2007 [Ah 9h]
RGeroyev: folds 
AureliyJe: folds 
FilMiami: folds 
kaichen1985: folds 
Dorex2007: raises $0.04 to $0.06
VilpPS: calls $0.06
Kosheyushko: folds 
Ks][x: folds 
saraybosna: folds 
*** FLOP *** [9c Tc Qc]
Dorex2007: checks 
VilpPS: checks 
*** TURN *** [9c Tc Qc] [Td]
Dorex2007: bets $0.07
VilpPS: calls $0.07
*** RIVER *** [9c Tc Qc Td] [7c]
Dorex2007: checks 
VilpPS: checks 
*** SHOW DOWN ***
Dorex2007: shows [Ah 9h] (two pair, Tens and Nines)
VilpPS: shows [4c 3c] (a flush, Queen high)
VilpPS collected $0.28 from pot
*** SUMMARY ***
Total pot $0.29 | Rake $0.01 
Board [9c Tc Qc Td 7c]
Seat 1: Ks][x (small blind) folded before Flop
Seat 2: saraybosna (big blind) folded before Flop
Seat 3: RGeroyev folded before Flop (didn't bet)
Seat 4: AureliyJe folded before Flop (didn't bet)
Seat 5: FilMiami folded before Flop (didn't bet)
Seat 6: kaichen1985 folded before Flop (didn't bet)
Seat 7: Dorex2007 showed [Ah 9h] and lost with two pair, Tens and Nines
Seat 8: VilpPS showed [4c 3c] and won ($0.28) with a flush, Queen high
Seat 9: Kosheyushko (button) folded before Flop (didn't bet)



PokerStars Hand #225020334075:  Hold'em No Limit ($0.01/$0.02 USD) - 2021/03/20 16:32:10 PT [2021/03/20 19:32:10 ET]
Table 'Kiviuq II' 9-max Seat #1 is the button
Seat 1: Ks][x ($2.69 in chips) 
Seat 2: saraybosna ($1.42 in chips) 
Seat 3: RGeroyev ($0.63 in chips) 
Seat 4: AureliyJe ($2 in chips) 
Seat 5: FilMiami ($0.95 in chips) 
Seat 6: kaichen1985 ($3.36 in chips) 
Seat 7: Dorex2007 ($1.85 in chips) 
Seat 8: VilpPS ($2.23 in chips) 
Seat 9: Kosheyushko ($0.92 in chips) 
saraybosna: posts small blind $0.01
RGeroyev: posts big blind $0.02
*** HOLE CARDS ***
Dealt to Dorex2007 [5s 6c]
AureliyJe has timed out
AureliyJe: folds 
FilMiami: raises $0.02 to $0.04
kaichen1985: calls $0.04
Dorex2007: folds 
VilpPS: folds 
Kosheyushko: folds 
Ks][x: folds 
saraybosna: folds 
RGeroyev: calls $0.02
*** FLOP *** [8s 3d Td]
RGeroyev: checks 
FilMiami: checks 
kaichen1985: checks 
*** TURN *** [8s 3d Td] [8c]
RGeroyev: checks 
FilMiami: checks 
kaichen1985: checks 
*** RIVER *** [8s 3d Td 8c] [Ks]
RGeroyev: checks 
FilMiami: checks 
kaichen1985: folds 
kaichen1985 leaves the table
*** SHOW DOWN ***
RGeroyev: shows [3s 4c] (two pair, Eights and Threes)
FilMiami: mucks hand 
RGeroyev collected $0.13 from pot
*** SUMMARY ***
Total pot $0.13 | Rake $0 
Board [8s 3d Td 8c Ks]
Seat 1: Ks][x (button) folded before Flop (didn't bet)
Seat 2: saraybosna (small blind) folded before Flop
Seat 3: RGeroyev (big blind) showed [3s 4c] and won ($0.13) with two pair, Eights and Threes
Seat 4: AureliyJe folded before Flop (didn't bet)
Seat 5: FilMiami mucked [9c Qd]
Seat 6: kaichen1985 folded on the River
Seat 7: Dorex2007 folded before Flop (didn't bet)
Seat 8: VilpPS folded before Flop (didn't bet)
Seat 9: Kosheyushko folded before Flop (didn't bet)



PokerStars Hand #225020391837:  Hold'em No Limit ($0.01/$0.02 USD) - 2021/03/20 16:33:59 PT [2021/03/20 19:33:59 ET]
Table 'Kiviuq II' 9-max Seat #2 is the button
Seat 1: Ks][x ($2.69 in chips) 
Seat 2: saraybosna ($1.41 in chips) 
Seat 3: RGeroyev ($0.72 in chips) 
Seat 4: AureliyJe ($2 in chips) 
Seat 5: FilMiami ($0.91 in chips) 
Seat 7: Dorex2007 ($1.85 in chips) 
Seat 8: VilpPS ($2.23 in chips) 
Seat 9: Kosheyushko ($0.92 in chips) 
RGeroyev: posts small blind $0.01
AureliyJe: posts big blind $0.02
*** HOLE CARDS ***
Dealt to Dorex2007 [2c Qh]
FilMiami: folds 
Dorex2007: folds 
VilpPS: folds 
Kosheyushko: folds 
Ks][x: folds 
saraybosna: raises $0.04 to $0.06
RGeroyev: folds 
AureliyJe: calls $0.04
*** FLOP *** [3c 6c 5s]
AureliyJe: checks 
saraybosna: bets $0.10
D0351T joins the table at seat #6 
AureliyJe: calls $0.10
*** TURN *** [3c 6c 5s] [8s]
AureliyJe: checks 
saraybosna: bets $0.20
AureliyJe: calls $0.20
*** RIVER *** [3c 6c 5s 8s] [4d]
AureliyJe: checks 
saraybosna: checks 
*** SHOW DOWN ***
AureliyJe: shows [8c 9h] (a pair of Eights)
saraybosna: shows [4h 4s] (three of a kind, Fours)
saraybosna collected $0.70 from pot
*** SUMMARY ***
Total pot $0.73 | Rake $0.03 
Board [3c 6c 5s 8s 4d]
Seat 1: Ks][x folded before Flop (didn't bet)
Seat 2: saraybosna (button) showed [4h 4s] and won ($0.70) with three of a kind, Fours
Seat 3: RGeroyev (small blind) folded before Flop
Seat 4: AureliyJe (big blind) showed [8c 9h] and lost with a pair of Eights
Seat 5: FilMiami folded before Flop (didn't bet)
Seat 7: Dorex2007 folded before Flop (didn't bet)
Seat 8: VilpPS folded before Flop (didn't bet)
Seat 9: Kosheyushko folded before Flop (didn't bet)



PokerStars Hand #225020425372:  Hold'em No Limit ($0.01/$0.02 USD) - 2021/03/20 16:35:02 PT [2021/03/20 19:35:02 ET]
Table 'Kiviuq II' 9-max Seat #3 is the button
Seat 1: Ks][x ($2.69 in chips) 
Seat 2: saraybosna ($1.75 in chips) 
Seat 3: RGeroyev ($0.71 in chips) 
Seat 4: AureliyJe ($2 in chips) 
Seat 5: FilMiami ($0.91 in chips) 
Seat 7: Dorex2007 ($1.85 in chips) 
Seat 8: VilpPS ($2.23 in chips) 
Seat 9: Kosheyushko ($0.92 in chips) 
AureliyJe: posts small blind $0.01
FilMiami: posts big blind $0.02
D0351T: sits out 
*** HOLE CARDS ***
Dealt to Dorex2007 [Kc 3c]
Dorex2007: folds 
VilpPS: folds 
Kosheyushko: folds 
Ks][x: raises $0.02 to $0.04
saraybosna: folds 
RGeroyev: folds 
AureliyJe: calls $0.03
FilMiami: calls $0.02
*** FLOP *** [Qh 5h 7d]
AureliyJe: checks 
FilMiami: checks 
Ks][x: checks 
*** TURN *** [Qh 5h 7d] [4h]
AureliyJe: checks 
FilMiami: checks 
Ks][x: checks 
*** RIVER *** [Qh 5h 7d 4h] [4s]
AureliyJe: checks 
FilMiami: checks 
Ks][x: checks 
*** SHOW DOWN ***
AureliyJe: shows [2s Js] (a pair of Fours)
FilMiami: mucks hand 
Ks][x: shows [Jh Ac] (a pair of Fours - Ace kicker)
Ks][x collected $0.12 from pot
*** SUMMARY ***
Total pot $0.12 | Rake $0 
Board [Qh 5h 7d 4h 4s]
Seat 1: Ks][x showed [Jh Ac] and won ($0.12) with a pair of Fours
Seat 2: saraybosna folded before Flop (didn't bet)
Seat 3: RGeroyev (button) folded before Flop (didn't bet)
Seat 4: AureliyJe (small blind) showed [2s Js] and lost with a pair of Fours
Seat 5: FilMiami (big blind) mucked [Ts 6d]
Seat 7: Dorex2007 folded before Flop (didn't bet)
Seat 8: VilpPS folded before Flop (didn't bet)
Seat 9: Kosheyushko folded before Flop (didn't bet)



PokerStars Hand #225020473966:  Hold'em No Limit ($0.01/$0.02 USD) - 2021/03/20 16:36:35 PT [2021/03/20 19:36:35 ET]
Table 'Kiviuq II' 9-max Seat #4 is the button
Seat 1: Ks][x ($2.77 in chips) 
Seat 2: saraybosna ($1.75 in chips) 
Seat 3: RGeroyev ($0.71 in chips) 
Seat 4: AureliyJe ($2 in chips) 
Seat 5: FilMiami ($0.87 in chips) 
Seat 6: D0351T ($1.60 in chips) 
Seat 7: Dorex2007 ($1.85 in chips) 
Seat 8: VilpPS ($2.23 in chips) 
Seat 9: Kosheyushko ($0.92 in chips) 
FilMiami: posts small blind $0.01
D0351T: posts big blind $0.02
*** HOLE CARDS ***
Dealt to Dorex2007 [4s Ks]
Dorex2007: folds 
VilpPS: folds 
Kosheyushko: calls $0.02
Ks][x: calls $0.02
saraybosna: folds 
RGeroyev: folds 
AureliyJe: raises $0.08 to $0.10
FilMiami: folds 
D0351T: folds 
Kosheyushko: folds 
Ks][x: calls $0.08
*** FLOP *** [Tc 8c Qs]
Ks][x: checks 
AureliyJe: bets $0.10
Ks][x: folds 
Uncalled bet ($0.10) returned to AureliyJe
AureliyJe collected $0.24 from pot
AureliyJe: doesn't show hand 
*** SUMMARY ***
Total pot $0.25 | Rake $0.01 
Board [Tc 8c Qs]
Seat 1: Ks][x folded on the Flop
Seat 2: saraybosna folded before Flop (didn't bet)
Seat 3: RGeroyev folded before Flop (didn't bet)
Seat 4: AureliyJe (button) collected ($0.24)
Seat 5: FilMiami (small blind) folded before Flop
Seat 6: D0351T (big blind) folded before Flop
Seat 7: Dorex2007 folded before Flop (didn't bet)
Seat 8: VilpPS folded before Flop (didn't bet)
Seat 9: Kosheyushko folded before Flop



PokerStars Hand #225020498335:  Hold'em No Limit ($0.01/$0.02 USD) - 2021/03/20 16:37:21 PT [2021/03/20 19:37:21 ET]
Table 'Kiviuq II' 9-max Seat #5 is the button
Seat 1: Ks][x ($2.67 in chips) 
Seat 2: saraybosna ($1.75 in chips) 
Seat 3: RGeroyev ($0.71 in chips) 
Seat 4: AureliyJe ($2.14 in chips) 
Seat 5: FilMiami ($0.86 in chips) 
Seat 6: D0351T ($1.58 in chips) 
Seat 7: Dorex2007 ($1.85 in chips) 
Seat 8: VilpPS ($2.23 in chips) 
Seat 9: Kosheyushko ($0.90 in chips) 
D0351T: posts small blind $0.01
Dorex2007: posts big blind $0.02
*** HOLE CARDS ***
Dealt to Dorex2007 [2s 4c]
VilpPS: folds 
Kosheyushko: calls $0.02
Ks][x: calls $0.02
saraybosna: folds 
RGeroyev: folds 
AureliyJe: raises $0.06 to $0.08
FilMiami: calls $0.08
D0351T: folds 
Dorex2007: folds 
Kosheyushko: calls $0.06
Ks][x: calls $0.06
*** FLOP *** [Ah 6s 9c]
Kosheyushko: checks 
Ks][x: checks 
AureliyJe: bets $0.16
FilMiami: folds 
Kosheyushko: folds 
Ks][x: folds 
Uncalled bet ($0.16) returned to AureliyJe
AureliyJe collected $0.34 from pot
AureliyJe: doesn't show hand 
*** SUMMARY ***
Total pot $0.35 | Rake $0.01 
Board [Ah 6s 9c]
Seat 1: Ks][x folded on the Flop
Seat 2: saraybosna folded before Flop (didn't bet)
Seat 3: RGeroyev folded before Flop (didn't bet)
Seat 4: AureliyJe collected ($0.34)
Seat 5: FilMiami (button) folded on the Flop
Seat 6: D0351T (small blind) folded before Flop
Seat 7: Dorex2007 (big blind) folded before Flop
Seat 8: VilpPS folded before Flop (didn't bet)
Seat 9: Kosheyushko folded on the Flop



PokerStars Hand #225020523519:  Hold'em No Limit ($0.01/$0.02 USD) - 2021/03/20 16:38:09 PT [2021/03/20 19:38:09 ET]
Table 'Kiviuq II' 9-max Seat #6 is the button
Seat 1: Ks][x ($2.59 in chips) 
Seat 2: saraybosna ($1.75 in chips) 
Seat 3: RGeroyev ($0.71 in chips) 
Seat 4: AureliyJe ($2.40 in chips) 
Seat 5: FilMiami ($0.78 in chips) 
Seat 6: D0351T ($1.57 in chips) 
Seat 7: Dorex2007 ($1.83 in chips) 
Seat 8: VilpPS ($2.23 in chips) 
Seat 9: Kosheyushko ($0.82 in chips) 
Dorex2007: posts small blind $0.01
VilpPS: posts big blind $0.02
*** HOLE CARDS ***
Dealt to Dorex2007 [9h 8s]
Kosheyushko: folds 
Ks][x: calls $0.02
saraybosna: folds 
RGeroyev: raises $0.02 to $0.04
AureliyJe: folds 
FilMiami: folds 
D0351T: folds 
Dorex2007: folds 
VilpPS: folds 
Ks][x: calls $0.02
*** FLOP *** [5h 5d Jh]
Ks][x: checks 
RGeroyev: checks 
*** TURN *** [5h 5d Jh] [8h]
Ks][x: checks 
RGeroyev: bets $0.04
Ks][x: folds 
Uncalled bet ($0.04) returned to RGeroyev
RGeroyev collected $0.11 from pot
*** SUMMARY ***
Total pot $0.11 | Rake $0 
Board [5h 5d Jh 8h]
Seat 1: Ks][x folded on the Turn
Seat 2: saraybosna folded before Flop (didn't bet)
Seat 3: RGeroyev collected ($0.11)
Seat 4: AureliyJe folded before Flop (didn't bet)
Seat 5: FilMiami folded before Flop (didn't bet)
Seat 6: D0351T (button) folded before Flop (didn't bet)
Seat 7: Dorex2007 (small blind) folded before Flop
Seat 8: VilpPS (big blind) folded before Flop
Seat 9: Kosheyushko folded before Flop (didn't bet)



PokerStars Hand #225020539749:  Hold'em No Limit ($0.01/$0.02 USD) - 2021/03/20 16:38:40 PT [2021/03/20 19:38:40 ET]
Table 'Kiviuq II' 9-max Seat #7 is the button
Seat 1: Ks][x ($2.55 in chips) 
Seat 2: saraybosna ($1.75 in chips) 
Seat 3: RGeroyev ($0.78 in chips) 
Seat 4: AureliyJe ($2.40 in chips) 
Seat 5: FilMiami ($0.78 in chips) 
Seat 6: D0351T ($1.57 in chips) 
Seat 7: Dorex2007 ($1.82 in chips) 
Seat 8: VilpPS ($2.21 in chips) 
Seat 9: Kosheyushko ($0.82 in chips) 
VilpPS: posts small blind $0.01
Kosheyushko: posts big blind $0.02
*** HOLE CARDS ***
Dealt to Dorex2007 [Ah Ad]
Ks][x: calls $0.02
saraybosna: folds 
RGeroyev: folds 
AureliyJe: raises $0.08 to $0.10
FilMiami: folds 
D0351T: folds 
Dorex2007: calls $0.10
VilpPS: folds 
Kosheyushko: folds 
Ks][x: calls $0.08
*** FLOP *** [4h 5s Kh]
Ks][x: checks 
AureliyJe: bets $0.16
Dorex2007: calls $0.16
Ks][x: folds 
*** TURN *** [4h 5s Kh] [Ts]
AureliyJe: bets $0.16
Dorex2007: calls $0.16
*** RIVER *** [4h 5s Kh Ts] [7c]
AureliyJe: checks 
Dorex2007: checks 
*** SHOW DOWN ***
AureliyJe: shows [Qh Qs] (a pair of Queens)
Dorex2007: shows [Ah Ad] (a pair of Aces)
Dorex2007 collected $0.94 from pot
*** SUMMARY ***
Total pot $0.97 | Rake $0.03 
Board [4h 5s Kh Ts 7c]
Seat 1: Ks][x folded on the Flop
Seat 2: saraybosna folded before Flop (didn't bet)
Seat 3: RGeroyev folded before Flop (didn't bet)
Seat 4: AureliyJe showed [Qh Qs] and lost with a pair of Queens
Seat 5: FilMiami folded before Flop (didn't bet)
Seat 6: D0351T folded before Flop (didn't bet)
Seat 7: Dorex2007 (button) showed [Ah Ad] and won ($0.94) with a pair of Aces
Seat 8: VilpPS (small blind) folded before Flop
Seat 9: Kosheyushko (big blind) folded before Flop



PokerStars Hand #225020563813:  Hold'em No Limit ($0.01/$0.02 USD) - 2021/03/20 16:39:27 PT [2021/03/20 19:39:27 ET]
Table 'Kiviuq II' 9-max Seat #8 is the button
Seat 1: Ks][x ($2.45 in chips) 
Seat 2: saraybosna ($1.75 in chips) 
Seat 3: RGeroyev ($0.78 in chips) 
Seat 4: AureliyJe ($2 in chips) 
Seat 5: FilMiami ($0.78 in chips) 
Seat 6: D0351T ($1.57 in chips) 
Seat 7: Dorex2007 ($2.34 in chips) 
Seat 8: VilpPS ($2.20 in chips) 
Seat 9: Kosheyushko ($0.80 in chips) 
Kosheyushko: posts small blind $0.01
Ks][x: posts big blind $0.02
*** HOLE CARDS ***
Dealt to Dorex2007 [6s Js]
saraybosna: folds 
RGeroyev: folds 
AureliyJe: folds 
FilMiami: folds 
D0351T: folds 
Dorex2007 has timed out
Dorex2007: folds 
VilpPS: raises $0.04 to $0.06
Kosheyushko: folds 
Ks][x: calls $0.04
*** FLOP *** [9h 2d Kh]
Ks][x: checks 
VilpPS: bets $0.10
Ks][x: folds 
Uncalled bet ($0.10) returned to VilpPS
VilpPS collected $0.13 from pot
VilpPS: doesn't show hand 
*** SUMMARY ***
Total pot $0.13 | Rake $0 
Board [9h 2d Kh]
Seat 1: Ks][x (big blind) folded on the Flop
Seat 2: saraybosna folded before Flop (didn't bet)
Seat 3: RGeroyev folded before Flop (didn't bet)
Seat 4: AureliyJe folded before Flop (didn't bet)
Seat 5: FilMiami folded before Flop (didn't bet)
Seat 6: D0351T folded before Flop (didn't bet)
Seat 7: Dorex2007 folded before Flop (didn't bet)
Seat 8: VilpPS (button) collected ($0.13)
Seat 9: Kosheyushko (small blind) folded before Flop



PokerStars Hand #225020593228:  Hold'em No Limit ($0.01/$0.02 USD) - 2021/03/20 16:40:24 PT [2021/03/20 19:40:24 ET]
Table 'Kiviuq II' 9-max Seat #9 is the button
Seat 1: Ks][x ($2.39 in chips) 
Seat 2: saraybosna ($1.75 in chips) 
Seat 3: RGeroyev ($0.78 in chips) 
Seat 4: AureliyJe ($2 in chips) 
Seat 5: FilMiami ($0.78 in chips) 
Seat 6: D0351T ($1.57 in chips) 
Seat 7: Dorex2007 ($2.34 in chips) 
Seat 8: VilpPS ($2.27 in chips) 
Seat 9: Kosheyushko ($0.79 in chips) 
Ks][x: posts small blind $0.01
saraybosna: posts big blind $0.02
*** HOLE CARDS ***
Dealt to Dorex2007 [8h Jc]
RGeroyev has timed out
RGeroyev: folds 
AureliyJe: folds 
FilMiami: folds 
D0351T: folds 
Dorex2007: folds 
VilpPS: folds 
Kosheyushko: folds 
Ks][x: folds 
Uncalled bet ($0.01) returned to saraybosna
saraybosna collected $0.02 from pot
saraybosna: doesn't show hand 
*** SUMMARY ***
Total pot $0.02 | Rake $0 
Seat 1: Ks][x (small blind) folded before Flop
Seat 2: saraybosna (big blind) collected ($0.02)
Seat 3: RGeroyev folded before Flop (didn't bet)
Seat 4: AureliyJe folded before Flop (didn't bet)
Seat 5: FilMiami folded before Flop (didn't bet)
Seat 6: D0351T folded before Flop (didn't bet)
Seat 7: Dorex2007 folded before Flop (didn't bet)
Seat 8: VilpPS folded before Flop (didn't bet)
Seat 9: Kosheyushko (button) folded before Flop (didn't bet)



PokerStars Hand #225020604781:  Hold'em No Limit ($0.01/$0.02 USD) - 2021/03/20 16:40:46 PT [2021/03/20 19:40:46 ET]
Table 'Kiviuq II' 9-max Seat #1 is the button
Seat 1: Ks][x ($2.38 in chips) 
Seat 2: saraybosna ($1.76 in chips) 
Seat 3: RGeroyev ($0.78 in chips) 
Seat 4: AureliyJe ($2 in chips) 
Seat 5: FilMiami ($0.78 in chips) 
Seat 6: D0351T ($1.57 in chips) 
Seat 7: Dorex2007 ($2.34 in chips) 
Seat 8: VilpPS ($2.27 in chips) 
Seat 9: Kosheyushko ($0.79 in chips) 
saraybosna: posts small blind $0.01
RGeroyev: posts big blind $0.02
*** HOLE CARDS ***
Dealt to Dorex2007 [Tc 6c]
AureliyJe: raises $0.10 to $0.12
FilMiami: calls $0.12
D0351T: folds 
Dorex2007: folds 
VilpPS: folds 
Kosheyushko: folds 
Ks][x: folds 
saraybosna: folds 
RGeroyev: raises $0.66 to $0.78 and is all-in
AureliyJe: calls $0.66
FilMiami: folds 
*** FLOP *** [Ts 5h 5d]
*** TURN *** [Ts 5h 5d] [Kd]
*** RIVER *** [Ts 5h 5d Kd] [Jc]
*** SHOW DOWN ***
RGeroyev: shows [Kc Ah] (two pair, Kings and Fives)
AureliyJe: shows [Kh Ac] (two pair, Kings and Fives)
RGeroyev collected $0.82 from pot
AureliyJe collected $0.81 from pot
*** SUMMARY ***
Total pot $1.69 | Rake $0.06 
Board [Ts 5h 5d Kd Jc]
Seat 1: Ks][x (button) folded before Flop (didn't bet)
Seat 2: saraybosna (small blind) folded before Flop
Seat 3: RGeroyev (big blind) showed [Kc Ah] and won ($0.82) with two pair, Kings and Fives
Seat 4: AureliyJe showed [Kh Ac] and won ($0.81) with two pair, Kings and Fives
Seat 5: FilMiami folded before Flop
Seat 6: D0351T folded before Flop (didn't bet)
Seat 7: Dorex2007 folded before Flop (didn't bet)
Seat 8: VilpPS folded before Flop (didn't bet)
Seat 9: Kosheyushko folded before Flop (didn't bet)



PokerStars Hand #225020627389:  Hold'em No Limit ($0.01/$0.02 USD) - 2021/03/20 16:41:30 PT [2021/03/20 19:41:30 ET]
Table 'Kiviuq II' 9-max Seat #2 is the button
Seat 1: Ks][x ($2.38 in chips) 
Seat 2: saraybosna ($1.75 in chips) 
Seat 3: RGeroyev ($0.82 in chips) 
Seat 4: AureliyJe ($2.03 in chips) 
Seat 5: FilMiami ($0.66 in chips) 
Seat 6: D0351T ($1.57 in chips) 
Seat 7: Dorex2007 ($2.34 in chips) 
Seat 8: VilpPS ($2.27 in chips) 
Seat 9: Kosheyushko ($0.79 in chips) 
RGeroyev: posts small blind $0.01
AureliyJe: posts big blind $0.02
*** HOLE CARDS ***
Dealt to Dorex2007 [4h 7d]
FilMiami: folds 
D0351T: folds 
Dorex2007: folds 
VilpPS: raises $0.04 to $0.06
Kosheyushko: folds 
Ks][x: folds 
saraybosna: calls $0.06
RGeroyev: folds 
AureliyJe: calls $0.04
*** FLOP *** [Qh 5c 8s]
AureliyJe: checks 
VilpPS: checks 
saraybosna: checks 
*** TURN *** [Qh 5c 8s] [Kh]
AureliyJe: checks 
VilpPS: checks 
saraybosna: checks 
*** RIVER *** [Qh 5c 8s Kh] [6d]
AureliyJe: checks 
VilpPS: checks 
saraybosna: checks 
*** SHOW DOWN ***
AureliyJe: shows [Jd 4c] (high card King)
VilpPS: shows [As 5s] (a pair of Fives)
saraybosna: mucks hand 
VilpPS collected $0.18 from pot
*** SUMMARY ***
Total pot $0.19 | Rake $0.01 
Board [Qh 5c 8s Kh 6d]
Seat 1: Ks][x folded before Flop (didn't bet)
Seat 2: saraybosna (button) mucked [Js Ah]
Seat 3: RGeroyev (small blind) folded before Flop
Seat 4: AureliyJe (big blind) showed [Jd 4c] and lost with high card King
Seat 5: FilMiami folded before Flop (didn't bet)
Seat 6: D0351T folded before Flop (didn't bet)
Seat 7: Dorex2007 folded before Flop (didn't bet)
Seat 8: VilpPS showed [As 5s] and won ($0.18) with a pair of Fives
Seat 9: Kosheyushko folded before Flop (didn't bet)



PokerStars Hand #225020659943:  Hold'em No Limit ($0.01/$0.02 USD) - 2021/03/20 16:42:34 PT [2021/03/20 19:42:34 ET]
Table 'Kiviuq II' 9-max Seat #3 is the button
Seat 1: Ks][x ($2.38 in chips) 
Seat 2: saraybosna ($1.69 in chips) 
Seat 3: RGeroyev ($0.81 in chips) 
Seat 4: AureliyJe ($2 in chips) 
Seat 5: FilMiami ($0.66 in chips) 
Seat 6: D0351T ($1.57 in chips) 
Seat 7: Dorex2007 ($2.34 in chips) 
Seat 8: VilpPS ($2.39 in chips) 
Seat 9: Kosheyushko ($0.79 in chips) 
AureliyJe: posts small blind $0.01
FilMiami: posts big blind $0.02
*** HOLE CARDS ***
Dealt to Dorex2007 [4s 5s]
D0351T: folds 
Dorex2007: folds 
D0351T leaves the table
VilpPS: folds 
Kosheyushko: folds 
Ks][x: calls $0.02
saraybosna: folds 
RGeroyev: folds 
AureliyJe: calls $0.01
inta4md joins the table at seat #6 
FilMiami: checks 
*** FLOP *** [Qd 6d 8d]
AureliyJe: checks 
FilMiami: checks 
Ks][x: checks 
*** TURN *** [Qd 6d 8d] [2h]
AureliyJe: checks 
FilMiami: checks 
Ks][x: checks 
*** RIVER *** [Qd 6d 8d 2h] [8s]
AureliyJe: checks 
FilMiami: checks 
Ks][x: checks 
*** SHOW DOWN ***
AureliyJe: shows [Kc Td] (a pair of Eights)
FilMiami: mucks hand 
Ks][x: mucks hand 
AureliyJe collected $0.06 from pot
*** SUMMARY ***
Total pot $0.06 | Rake $0 
Board [Qd 6d 8d 2h 8s]
Seat 1: Ks][x mucked [5c Jc]
Seat 2: saraybosna folded before Flop (didn't bet)
Seat 3: RGeroyev (button) folded before Flop (didn't bet)
Seat 4: AureliyJe (small blind) showed [Kc Td] and won ($0.06) with a pair of Eights
Seat 5: FilMiami (big blind) mucked [4c 9h]
Seat 6: D0351T folded before Flop (didn't bet)
Seat 7: Dorex2007 folded before Flop (didn't bet)
Seat 8: VilpPS folded before Flop (didn't bet)
Seat 9: Kosheyushko folded before Flop (didn't bet)



PokerStars Hand #225020695145:  Hold'em No Limit ($0.01/$0.02 USD) - 2021/03/20 16:43:42 PT [2021/03/20 19:43:42 ET]
Table 'Kiviuq II' 9-max Seat #4 is the button
Seat 1: Ks][x ($2.36 in chips) 
Seat 2: saraybosna ($1.69 in chips) 
Seat 3: RGeroyev ($0.81 in chips) 
Seat 4: AureliyJe ($2.04 in chips) 
Seat 5: FilMiami ($0.64 in chips) 
Seat 6: inta4md ($2 in chips) 
Seat 7: Dorex2007 ($2.34 in chips) 
Seat 8: VilpPS ($2.39 in chips) 
Seat 9: Kosheyushko ($0.79 in chips) 
FilMiami: posts small blind $0.01
inta4md: posts big blind $0.02
*** HOLE CARDS ***
Dealt to Dorex2007 [Qh As]
Dorex2007: raises $0.06 to $0.08
VilpPS: folds 
Kosheyushko: folds 
Ks][x: folds 
saraybosna: folds 
RGeroyev: calls $0.08
AureliyJe: calls $0.08
FilMiami: folds 
inta4md: folds 
*** FLOP *** [2s Jh 9c]
Dorex2007: checks 
RGeroyev: checks 
AureliyJe: checks 
*** TURN *** [2s Jh 9c] [7d]
Dorex2007: bets $0.13
RGeroyev: folds 
AureliyJe: calls $0.13
*** RIVER *** [2s Jh 9c 7d] [4d]
Dorex2007: bets $0.10
AureliyJe: folds 
Uncalled bet ($0.10) returned to Dorex2007
Dorex2007 collected $0.51 from pot
Dorex2007: doesn't show hand 
*** SUMMARY ***
Total pot $0.53 | Rake $0.02 
Board [2s Jh 9c 7d 4d]
Seat 1: Ks][x folded before Flop (didn't bet)
Seat 2: saraybosna folded before Flop (didn't bet)
Seat 3: RGeroyev folded on the Turn
Seat 4: AureliyJe (button) folded on the River
Seat 5: FilMiami (small blind) folded before Flop
Seat 6: inta4md (big blind) folded before Flop
Seat 7: Dorex2007 collected ($0.51)
Seat 8: VilpPS folded before Flop (didn't bet)
Seat 9: Kosheyushko folded before Flop (didn't bet)



PokerStars Hand #225020737684:  Hold'em No Limit ($0.01/$0.02 USD) - 2021/03/20 16:44:37 PT [2021/03/20 19:44:37 ET]
Table 'Kiviuq II' 9-max Seat #5 is the button
Seat 1: Ks][x ($2.36 in chips) 
Seat 2: saraybosna ($1.69 in chips) 
Seat 3: RGeroyev ($0.73 in chips) 
Seat 4: AureliyJe ($2 in chips) 
Seat 5: FilMiami ($0.63 in chips) 
Seat 6: inta4md ($1.98 in chips) 
Seat 7: Dorex2007 ($2.64 in chips) 
Seat 8: VilpPS ($2.39 in chips) 
Seat 9: Kosheyushko ($0.79 in chips) 
inta4md: posts small blind $0.01
Dorex2007: posts big blind $0.02
*** HOLE CARDS ***
Dealt to Dorex2007 [Qd 9s]
VilpPS: folds 
Kosheyushko: folds 
Ks][x: folds 
saraybosna: raises $0.04 to $0.06
RGeroyev: calls $0.06
AureliyJe: raises $0.10 to $0.16
FilMiami: folds 
inta4md: folds 
Dorex2007: folds 
saraybosna: folds 
RGeroyev: folds 
Uncalled bet ($0.10) returned to AureliyJe
AureliyJe collected $0.21 from pot
AureliyJe: doesn't show hand 
*** SUMMARY ***
Total pot $0.21 | Rake $0 
Seat 1: Ks][x folded before Flop (didn't bet)
Seat 2: saraybosna folded before Flop
Seat 3: RGeroyev folded before Flop
Seat 4: AureliyJe collected ($0.21)
Seat 5: FilMiami (button) folded before Flop (didn't bet)
Seat 6: inta4md (small blind) folded before Flop
Seat 7: Dorex2007 (big blind) folded before Flop
Seat 8: VilpPS folded before Flop (didn't bet)
Seat 9: Kosheyushko folded before Flop (didn't bet)



PokerStars Hand #225020752125:  Hold'em No Limit ($0.01/$0.02 USD) - 2021/03/20 16:45:06 PT [2021/03/20 19:45:06 ET]
Table 'Kiviuq II' 9-max Seat #6 is the button
Seat 1: Ks][x ($2.36 in chips) 
Seat 2: saraybosna ($1.63 in chips) 
Seat 3: RGeroyev ($0.67 in chips) 
Seat 4: AureliyJe ($2.15 in chips) 
Seat 5: FilMiami ($0.63 in chips) 
Seat 6: inta4md ($1.97 in chips) 
Seat 7: Dorex2007 ($2.62 in chips) 
Seat 8: VilpPS ($2.39 in chips) 
Seat 9: Kosheyushko ($0.79 in chips) 
Dorex2007: posts small blind $0.01
VilpPS: posts big blind $0.02
*** HOLE CARDS ***
Dealt to Dorex2007 [5d Ad]
Kosheyushko: folds 
Ks][x: folds 
saraybosna: folds 
RGeroyev: folds 
AureliyJe: folds 
FilMiami: folds 
inta4md: folds 
Dorex2007: calls $0.01
VilpPS: checks 
*** FLOP *** [Jc 7s 9c]
Dorex2007: checks 
VilpPS: checks 
*** TURN *** [Jc 7s 9c] [Kc]
Dorex2007: checks 
VilpPS: checks 
*** RIVER *** [Jc 7s 9c Kc] [6s]
Dorex2007: bets $0.02
VilpPS: folds 
Uncalled bet ($0.02) returned to Dorex2007
Dorex2007 collected $0.04 from pot
Dorex2007: doesn't show hand 
*** SUMMARY ***
Total pot $0.04 | Rake $0 
Board [Jc 7s 9c Kc 6s]
Seat 1: Ks][x folded before Flop (didn't bet)
Seat 2: saraybosna folded before Flop (didn't bet)
Seat 3: RGeroyev folded before Flop (didn't bet)
Seat 4: AureliyJe folded before Flop (didn't bet)
Seat 5: FilMiami folded before Flop (didn't bet)
Seat 6: inta4md (button) folded before Flop (didn't bet)
Seat 7: Dorex2007 (small blind) collected ($0.04)
Seat 8: VilpPS (big blind) folded on the River
Seat 9: Kosheyushko folded before Flop (didn't bet)



PokerStars Hand #225020776691:  Hold'em No Limit ($0.01/$0.02 USD) - 2021/03/20 16:45:54 PT [2021/03/20 19:45:54 ET]
Table 'Kiviuq II' 9-max Seat #7 is the button
Seat 1: Ks][x ($2.36 in chips) 
Seat 2: saraybosna ($1.63 in chips) 
Seat 3: RGeroyev ($0.67 in chips) 
Seat 4: AureliyJe ($2.15 in chips) 
Seat 5: FilMiami ($0.63 in chips) 
Seat 6: inta4md ($1.97 in chips) 
Seat 7: Dorex2007 ($2.64 in chips) 
Seat 8: VilpPS ($2.37 in chips) 
Seat 9: Kosheyushko ($0.79 in chips) 
VilpPS: posts small blind $0.01
Kosheyushko: posts big blind $0.02
*** HOLE CARDS ***
Dealt to Dorex2007 [Ah 9h]
Ks][x: folds 
saraybosna: folds 
RGeroyev: folds 
AureliyJe: folds 
FilMiami: raises $0.04 to $0.06
inta4md: folds 
Dorex2007: calls $0.06
VilpPS: folds 
Kosheyushko: folds 
*** FLOP *** [6s 6d 9s]
FilMiami: bets $0.06
Dorex2007: raises $0.14 to $0.20
FilMiami: calls $0.14
*** TURN *** [6s 6d 9s] [8s]
FilMiami: checks 
Dorex2007: bets $0.53
FilMiami: calls $0.37 and is all-in
Uncalled bet ($0.16) returned to Dorex2007
*** RIVER *** [6s 6d 9s 8s] [Js]
*** SHOW DOWN ***
FilMiami: shows [Kc Ad] (a pair of Sixes)
Dorex2007: shows [Ah 9h] (two pair, Nines and Sixes)
Dorex2007 collected $1.24 from pot
*** SUMMARY ***
Total pot $1.29 | Rake $0.05 
Board [6s 6d 9s 8s Js]
Seat 1: Ks][x folded before Flop (didn't bet)
Seat 2: saraybosna folded before Flop (didn't bet)
Seat 3: RGeroyev folded before Flop (didn't bet)
Seat 4: AureliyJe folded before Flop (didn't bet)
Seat 5: FilMiami showed [Kc Ad] and lost with a pair of Sixes
Seat 6: inta4md folded before Flop (didn't bet)
Seat 7: Dorex2007 (button) showed [Ah 9h] and won ($1.24) with two pair, Nines and Sixes
Seat 8: VilpPS (small blind) folded before Flop
Seat 9: Kosheyushko (big blind) folded before Flop



PokerStars Hand #225020811401:  Hold'em No Limit ($0.01/$0.02 USD) - 2021/03/20 16:47:00 PT [2021/03/20 19:47:00 ET]
Table 'Kiviuq II' 9-max Seat #8 is the button
Seat 1: Ks][x ($2.36 in chips) 
Seat 2: saraybosna ($1.63 in chips) 
Seat 3: RGeroyev ($0.67 in chips) 
Seat 4: AureliyJe ($2.15 in chips) 
Seat 6: inta4md ($1.97 in chips) 
Seat 7: Dorex2007 ($3.25 in chips) 
Seat 8: VilpPS ($2.36 in chips) 
Seat 9: Kosheyushko ($0.77 in chips) 
Kosheyushko: posts small blind $0.01
Ks][x: posts big blind $0.02
*** HOLE CARDS ***
Dealt to Dorex2007 [7d 3h]
saraybosna: raises $0.04 to $0.06
RGeroyev: folds 
FilMiami leaves the table
AureliyJe: folds 
inta4md: folds 
Dorex2007: folds 
VilpPS: folds 
Fylo99 joins the table at seat #5 
Kosheyushko: calls $0.05
Ks][x: calls $0.04
*** FLOP *** [5c Qc Js]
Kosheyushko: checks 
Ks][x: checks 
saraybosna: checks 
*** TURN *** [5c Qc Js] [8c]
Kosheyushko: checks 
Ks][x: checks 
saraybosna: checks 
*** RIVER *** [5c Qc Js 8c] [Qd]
Kosheyushko: checks 
Ks][x: checks 
saraybosna: checks 
*** SHOW DOWN ***
Kosheyushko: shows [Ts Kh] (a pair of Queens)
Ks][x: shows [3d 3c] (two pair, Queens and Threes)
saraybosna: shows [6s 6h] (two pair, Queens and Sixes)
saraybosna collected $0.17 from pot
*** SUMMARY ***
Total pot $0.18 | Rake $0.01 
Board [5c Qc Js 8c Qd]
Seat 1: Ks][x (big blind) showed [3d 3c] and lost with two pair, Queens and Threes
Seat 2: saraybosna showed [6s 6h] and won ($0.17) with two pair, Queens and Sixes
Seat 3: RGeroyev folded before Flop (didn't bet)
Seat 4: AureliyJe folded before Flop (didn't bet)
Seat 6: inta4md folded before Flop (didn't bet)
Seat 7: Dorex2007 folded before Flop (didn't bet)
Seat 8: VilpPS (button) folded before Flop (didn't bet)
Seat 9: Kosheyushko (small blind) showed [Ts Kh] and lost with a pair of Queens



PokerStars Hand #225020848408:  Hold'em No Limit ($0.01/$0.02 USD) - 2021/03/20 16:48:12 PT [2021/03/20 19:48:12 ET]
Table 'Kiviuq II' 9-max Seat #9 is the button
Seat 1: Ks][x ($2.30 in chips) 
Seat 2: saraybosna ($1.74 in chips) 
Seat 3: RGeroyev ($0.67 in chips) 
Seat 4: AureliyJe ($2.15 in chips) 
Seat 5: Fylo99 ($2 in chips) 
Seat 6: inta4md ($1.97 in chips) 
Seat 7: Dorex2007 ($3.25 in chips) 
Seat 8: VilpPS ($2.36 in chips) 
Seat 9: Kosheyushko ($0.71 in chips) 
Ks][x: posts small blind $0.01
saraybosna: posts big blind $0.02
Fylo99: posts big blind $0.02
*** HOLE CARDS ***
Dealt to Dorex2007 [2c Tc]
RGeroyev: raises $0.02 to $0.04
AureliyJe: folds 
Fylo99: calls $0.02
inta4md: folds 
Dorex2007: folds 
VilpPS: calls $0.04
Kosheyushko: folds 
Ks][x: calls $0.03
saraybosna: folds 
*** FLOP *** [Ad Ah 9s]
Ks][x: checks 
RGeroyev: bets $0.04
Fylo99: calls $0.04
VilpPS: folds 
Ks][x: folds 
*** TURN *** [Ad Ah 9s] [5h]
RGeroyev: checks 
Fylo99: checks 
*** RIVER *** [Ad Ah 9s 5h] [8h]
RGeroyev: checks 
Fylo99: bets $0.25
RGeroyev: folds 
Uncalled bet ($0.25) returned to Fylo99
Fylo99 collected $0.25 from pot
Fylo99: doesn't show hand 
*** SUMMARY ***
Total pot $0.26 | Rake $0.01 
Board [Ad Ah 9s 5h 8h]
Seat 1: Ks][x (small blind) folded on the Flop
Seat 2: saraybosna (big blind) folded before Flop
Seat 3: RGeroyev folded on the River
Seat 4: AureliyJe folded before Flop (didn't bet)
Seat 5: Fylo99 collected ($0.25)
Seat 6: inta4md folded before Flop (didn't bet)
Seat 7: Dorex2007 folded before Flop (didn't bet)
Seat 8: VilpPS folded on the Flop
Seat 9: Kosheyushko (button) folded before Flop (didn't bet)



PokerStars Hand #225020887469:  Hold'em No Limit ($0.01/$0.02 USD) - 2021/03/20 16:49:29 PT [2021/03/20 19:49:29 ET]
Table 'Kiviuq II' 9-max Seat #1 is the button
Seat 1: Ks][x ($2.26 in chips) 
Seat 2: saraybosna ($1.72 in chips) 
Seat 3: RGeroyev ($0.59 in chips) 
Seat 4: AureliyJe ($2.15 in chips) 
Seat 5: Fylo99 ($2.17 in chips) 
Seat 6: inta4md ($1.97 in chips) 
Seat 7: Dorex2007 ($3.25 in chips) 
Seat 8: VilpPS ($2.32 in chips) 
Seat 9: Kosheyushko ($0.71 in chips) 
saraybosna: posts small blind $0.01
RGeroyev: posts big blind $0.02
*** HOLE CARDS ***
Dealt to Dorex2007 [Kh Ts]
AureliyJe: folds 
Fylo99: folds 
inta4md: folds 
Dorex2007: raises $0.04 to $0.06
VilpPS: calls $0.06
Kosheyushko: calls $0.06
Ks][x: folds 
saraybosna: folds 
RGeroyev: raises $0.08 to $0.14
Dorex2007: folds 
VilpPS: calls $0.08
Kosheyushko: calls $0.08
*** FLOP *** [9c Kc 6s]
RGeroyev: bets $0.45 and is all-in
VilpPS: folds 
Kosheyushko: folds 
Uncalled bet ($0.45) returned to RGeroyev
RGeroyev collected $0.47 from pot
RGeroyev: doesn't show hand 
*** SUMMARY ***
Total pot $0.49 | Rake $0.02 
Board [9c Kc 6s]
Seat 1: Ks][x (button) folded before Flop (didn't bet)
Seat 2: saraybosna (small blind) folded before Flop
Seat 3: RGeroyev (big blind) collected ($0.47)
Seat 4: AureliyJe folded before Flop (didn't bet)
Seat 5: Fylo99 folded before Flop (didn't bet)
Seat 6: inta4md folded before Flop (didn't bet)
Seat 7: Dorex2007 folded before Flop
Seat 8: VilpPS folded on the Flop
Seat 9: Kosheyushko folded on the Flop



PokerStars Hand #225020934384:  Hold'em No Limit ($0.01/$0.02 USD) - 2021/03/20 16:50:44 PT [2021/03/20 19:50:44 ET]
Table 'Kiviuq II' 9-max Seat #2 is the button
Seat 1: Ks][x ($2.26 in chips) 
Seat 2: saraybosna ($1.71 in chips) 
Seat 3: RGeroyev ($0.92 in chips) 
Seat 4: AureliyJe ($2.15 in chips) 
Seat 5: Fylo99 ($2.17 in chips) 
Seat 6: inta4md ($1.97 in chips) 
Seat 7: Dorex2007 ($3.19 in chips) 
Seat 8: VilpPS ($2.18 in chips) 
Seat 9: Kosheyushko ($0.57 in chips) 
RGeroyev: posts small blind $0.01
AureliyJe: posts big blind $0.02
*** HOLE CARDS ***
Dealt to Dorex2007 [6s 4d]
Fylo99: folds 
inta4md: folds 
Dorex2007: folds 
VilpPS: raises $0.04 to $0.06
Kosheyushko: folds 
Ks][x: folds 
saraybosna: folds 
RGeroyev: folds 
AureliyJe: raises $0.06 to $0.12
VilpPS: calls $0.06
*** FLOP *** [Kh 5c Qs]
AureliyJe: bets $0.12
VilpPS: calls $0.12
*** TURN *** [Kh 5c Qs] [6h]
AureliyJe: checks 
VilpPS: checks 
*** RIVER *** [Kh 5c Qs 6h] [7h]
AureliyJe: checks 
VilpPS: checks 
*** SHOW DOWN ***
AureliyJe: shows [Td Qd] (a pair of Queens)
VilpPS: shows [Ad Qh] (a pair of Queens - Ace kicker)
VilpPS collected $0.47 from pot
*** SUMMARY ***
Total pot $0.49 | Rake $0.02 
Board [Kh 5c Qs 6h 7h]
Seat 1: Ks][x folded before Flop (didn't bet)
Seat 2: saraybosna (button) folded before Flop (didn't bet)
Seat 3: RGeroyev (small blind) folded before Flop
Seat 4: AureliyJe (big blind) showed [Td Qd] and lost with a pair of Queens
Seat 5: Fylo99 folded before Flop (didn't bet)
Seat 6: inta4md folded before Flop (didn't bet)
Seat 7: Dorex2007 folded before Flop (didn't bet)
Seat 8: VilpPS showed [Ad Qh] and won ($0.47) with a pair of Queens
Seat 9: Kosheyushko folded before Flop (didn't bet)



PokerStars Hand #225020964232:  Hold'em No Limit ($0.01/$0.02 USD) - 2021/03/20 16:51:44 PT [2021/03/20 19:51:44 ET]
Table 'Kiviuq II' 9-max Seat #3 is the button
Seat 1: Ks][x ($2.26 in chips) 
Seat 2: saraybosna ($1.71 in chips) 
Seat 3: RGeroyev ($0.91 in chips) 
Seat 4: AureliyJe ($2 in chips) 
Seat 5: Fylo99 ($2.17 in chips) 
Seat 6: inta4md ($1.97 in chips) 
Seat 7: Dorex2007 ($3.19 in chips) 
Seat 8: VilpPS ($2.41 in chips) 
Seat 9: Kosheyushko ($0.57 in chips) 
AureliyJe: posts small blind $0.01
Fylo99: posts big blind $0.02
*** HOLE CARDS ***
Dealt to Dorex2007 [Qd 7s]
inta4md: folds 
Dorex2007: folds 
VilpPS: folds 
Kosheyushko: folds 
Ks][x: folds 
saraybosna: raises $0.04 to $0.06
RGeroyev: folds 
AureliyJe: calls $0.05
Fylo99: calls $0.04
*** FLOP *** [8d 2c Ad]
AureliyJe: bets $0.12
Fylo99: folds 
saraybosna: folds 
Uncalled bet ($0.12) returned to AureliyJe
AureliyJe collected $0.17 from pot
AureliyJe: doesn't show hand 
*** SUMMARY ***
Total pot $0.18 | Rake $0.01 
Board [8d 2c Ad]
Seat 1: Ks][x folded before Flop (didn't bet)
Seat 2: saraybosna folded on the Flop
Seat 3: RGeroyev (button) folded before Flop (didn't bet)
Seat 4: AureliyJe (small blind) collected ($0.17)
Seat 5: Fylo99 (big blind) folded on the Flop
Seat 6: inta4md folded before Flop (didn't bet)
Seat 7: Dorex2007 folded before Flop (didn't bet)
Seat 8: VilpPS folded before Flop (didn't bet)
Seat 9: Kosheyushko folded before Flop (didn't bet)



PokerStars Hand #225020989370:  Hold'em No Limit ($0.01/$0.02 USD) - 2021/03/20 16:52:34 PT [2021/03/20 19:52:34 ET]
Table 'Kiviuq II' 9-max Seat #4 is the button
Seat 2: saraybosna ($1.65 in chips) 
Seat 3: RGeroyev ($0.91 in chips) 
Seat 4: AureliyJe ($2.11 in chips) 
Seat 5: Fylo99 ($2.11 in chips) 
Seat 6: inta4md ($1.97 in chips) 
Seat 7: Dorex2007 ($3.19 in chips) 
Seat 8: VilpPS ($2.41 in chips) 
Seat 9: Kosheyushko ($0.57 in chips) 
Fylo99: posts small blind $0.01
inta4md: posts big blind $0.02
*** HOLE CARDS ***
Dealt to Dorex2007 [Ad 6d]
Dorex2007: folds 
VilpPS: folds 
Kosheyushko: calls $0.02
saraybosna: folds 
RGeroyev: folds 
AureliyJe: raises $0.10 to $0.12
Fylo99: folds 
inta4md: folds 
Kosheyushko: folds 
Uncalled bet ($0.10) returned to AureliyJe
AureliyJe collected $0.07 from pot
AureliyJe: doesn't show hand 
*** SUMMARY ***
Total pot $0.07 | Rake $0 
Seat 2: saraybosna folded before Flop (didn't bet)
Seat 3: RGeroyev folded before Flop (didn't bet)
Seat 4: AureliyJe (button) collected ($0.07)
Seat 5: Fylo99 (small blind) folded before Flop
Seat 6: inta4md (big blind) folded before Flop
Seat 7: Dorex2007 folded before Flop (didn't bet)
Seat 8: VilpPS folded before Flop (didn't bet)
Seat 9: Kosheyushko folded before Flop



PokerStars Hand #225021008964:  Hold'em No Limit ($0.01/$0.02 USD) - 2021/03/20 16:53:14 PT [2021/03/20 19:53:14 ET]
Table 'Kiviuq II' 9-max Seat #5 is the button
Seat 2: saraybosna ($1.65 in chips) 
Seat 3: RGeroyev ($0.91 in chips) 
Seat 4: AureliyJe ($2.16 in chips) 
Seat 5: Fylo99 ($2.10 in chips) 
Seat 6: inta4md ($1.95 in chips) 
Seat 7: Dorex2007 ($3.19 in chips) 
Seat 8: VilpPS ($2.41 in chips) 
Seat 9: Kosheyushko ($0.55 in chips) 
inta4md: posts small blind $0.01
Dorex2007: posts big blind $0.02
*** HOLE CARDS ***
Dealt to Dorex2007 [6h 9s]
VilpPS: folds 
Kosheyushko: folds 
saraybosna: folds 
RGeroyev: folds 
AureliyJe: raises $0.10 to $0.12
Fylo99: folds 
inta4md: folds 
Dorex2007: folds 
Uncalled bet ($0.10) returned to AureliyJe
AureliyJe collected $0.05 from pot
AureliyJe: doesn't show hand 
*** SUMMARY ***
Total pot $0.05 | Rake $0 
Seat 2: saraybosna folded before Flop (didn't bet)
Seat 3: RGeroyev folded before Flop (didn't bet)
Seat 4: AureliyJe collected ($0.05)
Seat 5: Fylo99 (button) folded before Flop (didn't bet)
Seat 6: inta4md (small blind) folded before Flop
Seat 7: Dorex2007 (big blind) folded before Flop
Seat 8: VilpPS folded before Flop (didn't bet)
Seat 9: Kosheyushko folded before Flop (didn't bet)



PokerStars Hand #225021022470:  Hold'em No Limit ($0.01/$0.02 USD) - 2021/03/20 16:53:41 PT [2021/03/20 19:53:41 ET]
Table 'Kiviuq II' 9-max Seat #6 is the button
Seat 2: saraybosna ($1.65 in chips) 
Seat 3: RGeroyev ($0.91 in chips) 
Seat 4: AureliyJe ($2.19 in chips) 
Seat 5: Fylo99 ($2.10 in chips) 
Seat 6: inta4md ($1.94 in chips) 
Seat 7: Dorex2007 ($3.17 in chips) 
Seat 8: VilpPS ($2.41 in chips) 
Seat 9: Kosheyushko ($0.55 in chips) 
Dorex2007: posts small blind $0.01
VilpPS: posts big blind $0.02
*** HOLE CARDS ***
Dealt to Dorex2007 [2d Ac]
Kosheyushko: calls $0.02
saraybosna: folds 
RGeroyev: folds 
AureliyJe: folds 
Fylo99: folds 
inta4md: raises $0.02 to $0.04
Dorex2007: folds 
VilpPS: folds 
Kosheyushko: calls $0.02
*** FLOP *** [6d 2c 8s]
Kosheyushko: checks 
inta4md: checks 
*** TURN *** [6d 2c 8s] [2s]
Kosheyushko: checks 
inta4md: bets $0.04
Kosheyushko: folds 
Uncalled bet ($0.04) returned to inta4md
inta4md collected $0.11 from pot
inta4md: doesn't show hand 
*** SUMMARY ***
Total pot $0.11 | Rake $0 
Board [6d 2c 8s 2s]
Seat 2: saraybosna folded before Flop (didn't bet)
Seat 3: RGeroyev folded before Flop (didn't bet)
Seat 4: AureliyJe folded before Flop (didn't bet)
Seat 5: Fylo99 folded before Flop (didn't bet)
Seat 6: inta4md (button) collected ($0.11)
Seat 7: Dorex2007 (small blind) folded before Flop
Seat 8: VilpPS (big blind) folded before Flop
Seat 9: Kosheyushko folded on the Turn



PokerStars Hand #225021052213:  Hold'em No Limit ($0.01/$0.02 USD) - 2021/03/20 16:54:41 PT [2021/03/20 19:54:41 ET]
Table 'Kiviuq II' 9-max Seat #7 is the button
Seat 2: saraybosna ($1.65 in chips) 
Seat 3: RGeroyev ($0.91 in chips) 
Seat 4: AureliyJe ($2.19 in chips) 
Seat 5: Fylo99 ($2.10 in chips) 
Seat 6: inta4md ($2.01 in chips) 
Seat 7: Dorex2007 ($3.16 in chips) 
Seat 8: VilpPS ($2.39 in chips) 
Seat 9: Kosheyushko ($0.51 in chips) 
VilpPS: posts small blind $0.01
Kosheyushko: posts big blind $0.02
*** HOLE CARDS ***
Dealt to Dorex2007 [5c 2c]
saraybosna: folds 
RGeroyev: folds 
AureliyJe: raises $0.06 to $0.08
Fylo99: folds 
inta4md: folds 
Dorex2007: folds 
VilpPS: folds 
Kosheyushko: folds 
Uncalled bet ($0.06) returned to AureliyJe
AureliyJe collected $0.05 from pot
AureliyJe: doesn't show hand 
*** SUMMARY ***
Total pot $0.05 | Rake $0 
Seat 2: saraybosna folded before Flop (didn't bet)
Seat 3: RGeroyev folded before Flop (didn't bet)
Seat 4: AureliyJe collected ($0.05)
Seat 5: Fylo99 folded before Flop (didn't bet)
Seat 6: inta4md folded before Flop (didn't bet)
Seat 7: Dorex2007 (button) folded before Flop (didn't bet)
Seat 8: VilpPS (small blind) folded before Flop
Seat 9: Kosheyushko (big blind) folded before Flop



PokerStars Hand #225021066140:  Hold'em No Limit ($0.01/$0.02 USD) - 2021/03/20 16:55:10 PT [2021/03/20 19:55:10 ET]
Table 'Kiviuq II' 9-max Seat #8 is the button
Seat 2: saraybosna ($1.65 in chips) 
Seat 3: RGeroyev ($0.91 in chips) 
Seat 4: AureliyJe ($2.22 in chips) 
Seat 5: Fylo99 ($2.10 in chips) 
Seat 6: inta4md ($2.01 in chips) 
Seat 7: Dorex2007 ($3.16 in chips) 
Seat 8: VilpPS ($2.38 in chips) 
Seat 9: Kosheyushko ($0.49 in chips) 
Kosheyushko: posts small blind $0.01
saraybosna: posts big blind $0.02
*** HOLE CARDS ***
Dealt to Dorex2007 [2c Qd]
RGeroyev: folds 
AureliyJe: folds 
Fylo99: folds 
inta4md: folds 
Dorex2007: folds 
VilpPS: folds 
Kosheyushko: folds 
Uncalled bet ($0.01) returned to saraybosna
saraybosna collected $0.02 from pot
saraybosna: doesn't show hand 
*** SUMMARY ***
Total pot $0.02 | Rake $0 
Seat 2: saraybosna (big blind) collected ($0.02)
Seat 3: RGeroyev folded before Flop (didn't bet)
Seat 4: AureliyJe folded before Flop (didn't bet)
Seat 5: Fylo99 folded before Flop (didn't bet)
Seat 6: inta4md folded before Flop (didn't bet)
Seat 7: Dorex2007 folded before Flop (didn't bet)
Seat 8: VilpPS (button) folded before Flop (didn't bet)
Seat 9: Kosheyushko (small blind) folded before Flop



PokerStars Hand #225021073760:  Hold'em No Limit ($0.01/$0.02 USD) - 2021/03/20 16:55:30 PT [2021/03/20 19:55:30 ET]
Table 'Kiviuq II' 9-max Seat #9 is the button
Seat 2: saraybosna ($1.66 in chips) 
Seat 3: RGeroyev ($0.91 in chips) 
Seat 4: AureliyJe ($2.22 in chips) 
Seat 5: Fylo99 ($2.10 in chips) 
Seat 6: inta4md ($2.01 in chips) 
Seat 7: Dorex2007 ($3.16 in chips) 
Seat 8: VilpPS ($2.38 in chips) 
Seat 9: Kosheyushko ($0.48 in chips) 
saraybosna: posts small blind $0.01
RGeroyev: posts big blind $0.02
*** HOLE CARDS ***
Dealt to Dorex2007 [3h 4s]
AureliyJe: folds 
Fylo99: folds 
inta4md: folds 
Dorex2007: folds 
VilpPS: folds 
Kosheyushko: folds 
saraybosna: folds 
Uncalled bet ($0.01) returned to RGeroyev
RGeroyev collected $0.02 from pot
*** SUMMARY ***
Total pot $0.02 | Rake $0 
Seat 2: saraybosna (small blind) folded before Flop
Seat 3: RGeroyev (big blind) collected ($0.02)
Seat 4: AureliyJe folded before Flop (didn't bet)
Seat 5: Fylo99 folded before Flop (didn't bet)
Seat 6: inta4md folded before Flop (didn't bet)
Seat 7: Dorex2007 folded before Flop (didn't bet)
Seat 8: VilpPS folded before Flop (didn't bet)
Seat 9: Kosheyushko (button) folded before Flop (didn't bet)



PokerStars Hand #225021083669:  Hold'em No Limit ($0.01/$0.02 USD) - 2021/03/20 16:55:56 PT [2021/03/20 19:55:56 ET]
Table 'Kiviuq II' 9-max Seat #2 is the button
Seat 2: saraybosna ($1.65 in chips) 
Seat 3: RGeroyev ($0.92 in chips) 
Seat 4: AureliyJe ($2.22 in chips) 
Seat 5: Fylo99 ($2.10 in chips) 
Seat 6: inta4md ($2.01 in chips) 
Seat 7: Dorex2007 ($3.16 in chips) 
Seat 8: VilpPS ($2.38 in chips) 
Seat 9: Kosheyushko ($0.48 in chips) 
RGeroyev: posts small blind $0.01
AureliyJe: posts big blind $0.02
*** HOLE CARDS ***
Dealt to Dorex2007 [6d Jh]
Fylo99: folds 
inta4md: raises $0.02 to $0.04
Dorex2007 has timed out
Dorex2007: folds 
VilpPS: folds 
Kosheyushko: calls $0.04
saraybosna: folds 
RGeroyev: folds 
AureliyJe: calls $0.02
*** FLOP *** [5d Ah Ts]
AureliyJe: bets $0.06
inta4md: calls $0.06
Kosheyushko: calls $0.06
*** TURN *** [5d Ah Ts] [Qc]
AureliyJe: checks 
inta4md: checks 
Kosheyushko: bets $0.30
AureliyJe: calls $0.30
inta4md: folds 
*** RIVER *** [5d Ah Ts Qc] [6c]
AureliyJe: checks 
Kosheyushko: bets $0.08 and is all-in
AureliyJe: calls $0.08
*** SHOW DOWN ***
Kosheyushko: shows [5h Ac] (two pair, Aces and Fives)
AureliyJe: shows [5c Jc] (a pair of Fives)
Kosheyushko collected $1.03 from pot
*** SUMMARY ***
Total pot $1.07 | Rake $0.04 
Board [5d Ah Ts Qc 6c]
Seat 2: saraybosna (button) folded before Flop (didn't bet)
Seat 3: RGeroyev (small blind) folded before Flop
Seat 4: AureliyJe (big blind) showed [5c Jc] and lost with a pair of Fives
Seat 5: Fylo99 folded before Flop (didn't bet)
Seat 6: inta4md folded on the Turn
Seat 7: Dorex2007 folded before Flop (didn't bet)
Seat 8: VilpPS folded before Flop (didn't bet)
Seat 9: Kosheyushko showed [5h Ac] and won ($1.03) with two pair, Aces and Fives



PokerStars Hand #225021114548:  Hold'em No Limit ($0.01/$0.02 USD) - 2021/03/20 16:57:15 PT [2021/03/20 19:57:15 ET]
Table 'Kiviuq II' 9-max Seat #3 is the button
Seat 2: saraybosna ($1.65 in chips) 
Seat 3: RGeroyev ($0.91 in chips) 
Seat 4: AureliyJe ($2 in chips) 
Seat 5: Fylo99 ($2.10 in chips) 
Seat 6: inta4md ($1.91 in chips) 
Seat 7: Dorex2007 ($3.16 in chips) 
Seat 8: VilpPS ($2.38 in chips) 
Seat 9: Kosheyushko ($1.03 in chips) 
AureliyJe: posts small blind $0.01
Fylo99: posts big blind $0.02
*** HOLE CARDS ***
Dealt to Dorex2007 [Jh 3d]
inta4md: folds 
Dorex2007: folds 
VilpPS: folds 
Kosheyushko: folds 
saraybosna: folds 
RGeroyev: folds 
AureliyJe: raises $0.06 to $0.08
Fylo99: calls $0.06
*** FLOP *** [Qd 4h Tc]
AureliyJe: bets $0.08
Fylo99: calls $0.08
*** TURN *** [Qd 4h Tc] [9c]
AureliyJe: checks 
Fylo99: checks 
*** RIVER *** [Qd 4h Tc 9c] [3h]
AureliyJe: checks 
Fylo99: checks 
*** SHOW DOWN ***
AureliyJe: shows [Ad 4d] (a pair of Fours)
Fylo99: mucks hand 
AureliyJe collected $0.31 from pot
*** SUMMARY ***
Total pot $0.32 | Rake $0.01 
Board [Qd 4h Tc 9c 3h]
Seat 2: saraybosna folded before Flop (didn't bet)
Seat 3: RGeroyev (button) folded before Flop (didn't bet)
Seat 4: AureliyJe (small blind) showed [Ad 4d] and won ($0.31) with a pair of Fours
Seat 5: Fylo99 (big blind) mucked [4c 6c]
Seat 6: inta4md folded before Flop (didn't bet)
Seat 7: Dorex2007 folded before Flop (didn't bet)
Seat 8: VilpPS folded before Flop (didn't bet)
Seat 9: Kosheyushko folded before Flop (didn't bet)



PokerStars Hand #225021131572:  Hold'em No Limit ($0.01/$0.02 USD) - 2021/03/20 16:57:59 PT [2021/03/20 19:57:59 ET]
Table 'Kiviuq II' 9-max Seat #4 is the button
Seat 2: saraybosna ($1.65 in chips) 
Seat 3: RGeroyev ($0.91 in chips) 
Seat 4: AureliyJe ($2.15 in chips) 
Seat 5: Fylo99 ($1.94 in chips) 
Seat 6: inta4md ($1.91 in chips) 
Seat 7: Dorex2007 ($3.16 in chips) 
Seat 8: VilpPS ($2.38 in chips) 
Seat 9: Kosheyushko ($1.03 in chips) 
Fylo99: posts small blind $0.01
inta4md: posts big blind $0.02
*** HOLE CARDS ***
Dealt to Dorex2007 [6d Kd]
Dorex2007: folds 
VilpPS: folds 
Kosheyushko: folds 
saraybosna: folds 
RGeroyev: raises $0.02 to $0.04
AureliyJe: calls $0.04
Fylo99: calls $0.03
inta4md: calls $0.02
*** FLOP *** [5d 7h 4s]
Fylo99: checks 
inta4md: checks 
RGeroyev: bets $0.04
AureliyJe: calls $0.04
Fylo99: folds 
inta4md: calls $0.04
*** TURN *** [5d 7h 4s] [3h]
inta4md: checks 
RGeroyev: checks 
AureliyJe: checks 
*** RIVER *** [5d 7h 4s 3h] [3d]
inta4md: bets $0.10
RGeroyev: folds 
AureliyJe: calls $0.10
*** SHOW DOWN ***
inta4md: shows [6h 6c] (a straight, Three to Seven)
AureliyJe: mucks hand 
inta4md collected $0.46 from pot
*** SUMMARY ***
Total pot $0.48 | Rake $0.02 
Board [5d 7h 4s 3h 3d]
Seat 2: saraybosna folded before Flop (didn't bet)
Seat 3: RGeroyev folded on the River
Seat 4: AureliyJe (button) mucked [Kc 4h]
Seat 5: Fylo99 (small blind) folded on the Flop
Seat 6: inta4md (big blind) showed [6h 6c] and won ($0.46) with a straight, Three to Seven
Seat 7: Dorex2007 folded before Flop (didn't bet)
Seat 8: VilpPS folded before Flop (didn't bet)
Seat 9: Kosheyushko folded before Flop (didn't bet)



PokerStars Hand #225021163095:  Hold'em No Limit ($0.01/$0.02 USD) - 2021/03/20 16:59:20 PT [2021/03/20 19:59:20 ET]
Table 'Kiviuq II' 9-max Seat #5 is the button
Seat 2: saraybosna ($1.65 in chips) 
Seat 3: RGeroyev ($0.83 in chips) 
Seat 4: AureliyJe ($2 in chips) 
Seat 5: Fylo99 ($1.90 in chips) 
Seat 6: inta4md ($2.19 in chips) 
Seat 7: Dorex2007 ($3.16 in chips) 
Seat 8: VilpPS ($2.38 in chips) 
Seat 9: Kosheyushko ($1.03 in chips) 
inta4md: posts small blind $0.01
Dorex2007: posts big blind $0.02
*** HOLE CARDS ***
Dealt to Dorex2007 [6s 9c]
VilpPS: folds 
Kosheyushko: folds 
saraybosna: folds 
RGeroyev: folds 
AureliyJe: raises $0.06 to $0.08
Fylo99: folds 
inta4md: folds 
Dorex2007: folds 
Uncalled bet ($0.06) returned to AureliyJe
AureliyJe collected $0.05 from pot
AureliyJe: doesn't show hand 
*** SUMMARY ***
Total pot $0.05 | Rake $0 
Seat 2: saraybosna folded before Flop (didn't bet)
Seat 3: RGeroyev folded before Flop (didn't bet)
Seat 4: AureliyJe collected ($0.05)
Seat 5: Fylo99 (button) folded before Flop (didn't bet)
Seat 6: inta4md (small blind) folded before Flop
Seat 7: Dorex2007 (big blind) folded before Flop
Seat 8: VilpPS folded before Flop (didn't bet)
Seat 9: Kosheyushko folded before Flop (didn't bet)



PokerStars Hand #225021176461:  Hold'em No Limit ($0.01/$0.02 USD) - 2021/03/20 16:59:55 PT [2021/03/20 19:59:55 ET]
Table 'Kiviuq II' 9-max Seat #6 is the button
Seat 2: saraybosna ($1.65 in chips) 
Seat 3: RGeroyev ($0.83 in chips) 
Seat 4: AureliyJe ($2.03 in chips) 
Seat 5: Fylo99 ($1.90 in chips) 
Seat 6: inta4md ($2.18 in chips) 
Seat 7: Dorex2007 ($3.14 in chips) 
Seat 8: VilpPS ($2.38 in chips) 
Seat 9: Kosheyushko ($1.03 in chips) 
Dorex2007: posts small blind $0.01
VilpPS: posts big blind $0.02
*** HOLE CARDS ***
Dealt to Dorex2007 [2s 3c]
Kosheyushko: calls $0.02
saraybosna: folds 
RGeroyev: folds 
AureliyJe: raises $0.08 to $0.10
Fylo99: folds 
inta4md: folds 
Dorex2007: folds 
VilpPS: folds 
Kosheyushko: folds 
Uncalled bet ($0.08) returned to AureliyJe
AureliyJe collected $0.07 from pot
AureliyJe: doesn't show hand 
*** SUMMARY ***
Total pot $0.07 | Rake $0 
Seat 2: saraybosna folded before Flop (didn't bet)
Seat 3: RGeroyev folded before Flop (didn't bet)
Seat 4: AureliyJe collected ($0.07)
Seat 5: Fylo99 folded before Flop (didn't bet)
Seat 6: inta4md (button) folded before Flop (didn't bet)
Seat 7: Dorex2007 (small blind) folded before Flop
Seat 8: VilpPS (big blind) folded before Flop
Seat 9: Kosheyushko folded before Flop



PokerStars Hand #225021197016:  Hold'em No Limit ($0.01/$0.02 USD) - 2021/03/20 17:00:44 PT [2021/03/20 20:00:44 ET]
Table 'Kiviuq II' 9-max Seat #7 is the button
Seat 2: saraybosna ($1.65 in chips) 
Seat 3: RGeroyev ($0.83 in chips) 
Seat 4: AureliyJe ($2.08 in chips) 
Seat 5: Fylo99 ($1.90 in chips) 
Seat 6: inta4md ($2.18 in chips) 
Seat 7: Dorex2007 ($3.13 in chips) 
Seat 8: VilpPS ($2.36 in chips) 
Seat 9: Kosheyushko ($1.01 in chips) 
VilpPS: posts small blind $0.01
Kosheyushko: posts big blind $0.02
*** HOLE CARDS ***
Dealt to Dorex2007 [Jc 9h]
saraybosna: folds 
RGeroyev: folds 
AureliyJe: folds 
Fylo99: folds 
inta4md: raises $0.02 to $0.04
Dorex2007: folds 
VilpPS: folds 
Kosheyushko: folds 
Uncalled bet ($0.02) returned to inta4md
inta4md collected $0.05 from pot
inta4md: doesn't show hand 
*** SUMMARY ***
Total pot $0.05 | Rake $0 
Seat 2: saraybosna folded before Flop (didn't bet)
Seat 3: RGeroyev folded before Flop (didn't bet)
Seat 4: AureliyJe folded before Flop (didn't bet)
Seat 5: Fylo99 folded before Flop (didn't bet)
Seat 6: inta4md collected ($0.05)
Seat 7: Dorex2007 (button) folded before Flop (didn't bet)
Seat 8: VilpPS (small blind) folded before Flop
Seat 9: Kosheyushko (big blind) folded before Flop



PokerStars Hand #225021211942:  Hold'em No Limit ($0.01/$0.02 USD) - 2021/03/20 17:01:17 PT [2021/03/20 20:01:17 ET]
Table 'Kiviuq II' 9-max Seat #8 is the button
Seat 2: saraybosna ($1.65 in chips) 
Seat 3: RGeroyev ($0.83 in chips) 
Seat 4: AureliyJe ($2.08 in chips) 
Seat 5: Fylo99 ($1.90 in chips) 
Seat 6: inta4md ($2.21 in chips) 
Seat 7: Dorex2007 ($3.13 in chips) 
Seat 8: VilpPS ($2.35 in chips) 
Seat 9: Kosheyushko ($0.99 in chips) 
Kosheyushko: posts small blind $0.01
saraybosna: posts big blind $0.02
*** HOLE CARDS ***
Dealt to Dorex2007 [Jc Ts]
RGeroyev: folds 
AureliyJe has timed out
AureliyJe: folds 
Fylo99: folds 
inta4md: folds 
Dorex2007: raises $0.04 to $0.06
VilpPS: folds 
Kosheyushko: folds 
saraybosna: folds 
Uncalled bet ($0.04) returned to Dorex2007
Dorex2007 collected $0.05 from pot
Dorex2007: doesn't show hand 
*** SUMMARY ***
Total pot $0.05 | Rake $0 
Seat 2: saraybosna (big blind) folded before Flop
Seat 3: RGeroyev folded before Flop (didn't bet)
Seat 4: AureliyJe folded before Flop (didn't bet)
Seat 5: Fylo99 folded before Flop (didn't bet)
Seat 6: inta4md folded before Flop (didn't bet)
Seat 7: Dorex2007 collected ($0.05)
Seat 8: VilpPS (button) folded before Flop (didn't bet)
Seat 9: Kosheyushko (small blind) folded before Flop



PokerStars Hand #225021231210:  Hold'em No Limit ($0.01/$0.02 USD) - 2021/03/20 17:01:58 PT [2021/03/20 20:01:58 ET]
Table 'Kiviuq II' 9-max Seat #9 is the button
Seat 2: saraybosna ($1.63 in chips) 
Seat 3: RGeroyev ($0.83 in chips) 
Seat 5: Fylo99 ($1.90 in chips) 
Seat 6: inta4md ($2.21 in chips) 
Seat 7: Dorex2007 ($3.16 in chips) 
Seat 8: VilpPS ($2.35 in chips) 
Seat 9: Kosheyushko ($0.98 in chips) 
saraybosna: posts small blind $0.01
RGeroyev: posts big blind $0.02
*** HOLE CARDS ***
Dealt to Dorex2007 [Tc 9c]
Fylo99: folds 
inta4md: folds 
Dorex2007: raises $0.06 to $0.08
VilpPS: folds 
Kosheyushko: calls $0.08
saraybosna: folds 
RGeroyev: calls $0.06
*** FLOP *** [3d 7c Jc]
RGeroyev: checks 
Dorex2007: bets $0.04
Kosheyushko: calls $0.04
RGeroyev: folds 
*** TURN *** [3d 7c Jc] [Js]
Dorex2007: bets $0.04
Kosheyushko: calls $0.04
*** RIVER *** [3d 7c Jc Js] [Qd]
Dorex2007: checks 
Kosheyushko: bets $0.40
Dorex2007: folds 
Uncalled bet ($0.40) returned to Kosheyushko
Kosheyushko collected $0.40 from pot
Kosheyushko: doesn't show hand 
*** SUMMARY ***
Total pot $0.41 | Rake $0.01 
Board [3d 7c Jc Js Qd]
Seat 2: saraybosna (small blind) folded before Flop
Seat 3: RGeroyev (big blind) folded on the Flop
Seat 5: Fylo99 folded before Flop (didn't bet)
Seat 6: inta4md folded before Flop (didn't bet)
Seat 7: Dorex2007 folded on the River
Seat 8: VilpPS folded before Flop (didn't bet)
Seat 9: Kosheyushko (button) collected ($0.40)



PokerStars Hand #225021263920:  Hold'em No Limit ($0.01/$0.02 USD) - 2021/03/20 17:03:06 PT [2021/03/20 20:03:06 ET]
Table 'Kiviuq II' 9-max Seat #2 is the button
Seat 2: saraybosna ($1.62 in chips) 
Seat 3: RGeroyev ($0.75 in chips) 
Seat 5: Fylo99 ($1.90 in chips) 
Seat 6: inta4md ($2.21 in chips) 
Seat 7: Dorex2007 ($3 in chips) 
Seat 8: VilpPS ($2.35 in chips) 
Seat 9: Kosheyushko ($1.22 in chips) 
RGeroyev: posts small blind $0.01
Fylo99: posts big blind $0.02
*** HOLE CARDS ***
Dealt to Dorex2007 [Jh 2c]
inta4md: folds 
Dorex2007: folds 
VilpPS: raises $0.04 to $0.06
Kosheyushko: folds 
saraybosna: folds 
RGeroyev: folds 
Fylo99: folds 
Uncalled bet ($0.04) returned to VilpPS
VilpPS collected $0.05 from pot
VilpPS: doesn't show hand 
*** SUMMARY ***
Total pot $0.05 | Rake $0 
Seat 2: saraybosna (button) folded before Flop (didn't bet)
Seat 3: RGeroyev (small blind) folded before Flop
Seat 5: Fylo99 (big blind) folded before Flop
Seat 6: inta4md folded before Flop (didn't bet)
Seat 7: Dorex2007 folded before Flop (didn't bet)
Seat 8: VilpPS collected ($0.05)
Seat 9: Kosheyushko folded before Flop (didn't bet)



