PokerStars Hand #224681682139:  Hold'em No Limit ($0.01/$0.02 USD) - 2021/03/10 22:18:04 PT [2021/03/11 1:18:04 ET]
Table 'Kevo' 9-max Seat #4 is the button
Seat 1: NFWO ($0.57 in chips) 
Seat 2: Dorex2007 ($1.50 in chips) 
Seat 3: vinroy1 ($2.51 in chips) 
Seat 4: Renasciturrr ($2.89 in chips) 
Seat 6: Faxn01 ($1.02 in chips) 
Seat 7: igor6316 ($0.86 in chips) 
Seat 8: siriusastro ($2.86 in chips) 
Seat 9: JipperRoll ($0.50 in chips) 
Faxn01: posts small blind $0.01
igor6316: posts big blind $0.02
Dorex2007: posts big blind $0.02
*** HOLE CARDS ***
Dealt to Dorex2007 [4d Tc]
siriusastro: folds 
JipperRoll: folds 
v14che joins the table at seat #5 
NFWO: folds 
Dorex2007: checks 
vinroy1: folds 
Renasciturrr: calls $0.02
Faxn01: calls $0.01
igor6316: checks 
*** FLOP *** [Ah Qs Kh]
Faxn01: checks 
igor6316: checks 
Dorex2007: checks 
Renasciturrr: bets $0.08
Faxn01: calls $0.08
igor6316: folds 
Dorex2007: folds 
*** TURN *** [Ah Qs Kh] [Ac]
Faxn01: checks 
Renasciturrr: checks 
*** RIVER *** [Ah Qs Kh Ac] [Qd]
Faxn01: checks 
Renasciturrr: bets $0.23
Faxn01: folds 
Uncalled bet ($0.23) returned to Renasciturrr
Renasciturrr collected $0.23 from pot
Renasciturrr: doesn't show hand 
*** SUMMARY ***
Total pot $0.24 | Rake $0.01 
Board [Ah Qs Kh Ac Qd]
Seat 1: NFWO folded before Flop (didn't bet)
Seat 2: Dorex2007 folded on the Flop (didn't bet)
Seat 3: vinroy1 folded before Flop (didn't bet)
Seat 4: Renasciturrr (button) collected ($0.23)
Seat 6: Faxn01 (small blind) folded on the River
Seat 7: igor6316 (big blind) folded on the Flop
Seat 8: siriusastro folded before Flop (didn't bet)
Seat 9: JipperRoll folded before Flop (didn't bet)



PokerStars Hand #224681694422:  Hold'em No Limit ($0.01/$0.02 USD) - 2021/03/10 22:19:13 PT [2021/03/11 1:19:13 ET]
Table 'Kevo' 9-max Seat #6 is the button
Seat 1: NFWO ($0.57 in chips) 
Seat 2: Dorex2007 ($1.48 in chips) 
Seat 3: vinroy1 ($2.51 in chips) 
Seat 4: Renasciturrr ($3.02 in chips) 
Seat 6: Faxn01 ($0.92 in chips) 
Seat 7: igor6316 ($0.84 in chips) 
Seat 8: siriusastro ($2.86 in chips) 
Seat 9: JipperRoll ($0.50 in chips) 
igor6316: posts small blind $0.01
siriusastro: posts big blind $0.02
v14che: sits out 
*** HOLE CARDS ***
Dealt to Dorex2007 [6c 6s]
JipperRoll: folds 
NFWO: calls $0.02
Dorex2007: calls $0.02
vinroy1: folds 
Renasciturrr: folds 
Faxn01: calls $0.02
igor6316: calls $0.01
siriusastro: checks 
*** FLOP *** [Qh Qd 8h]
igor6316: bets $0.04
siriusastro: raises $0.09 to $0.13
NFWO: folds 
Dorex2007: folds 
Faxn01: calls $0.13
igor6316: folds 
*** TURN *** [Qh Qd 8h] [Jc]
siriusastro: bets $0.78
Faxn01: folds 
Uncalled bet ($0.78) returned to siriusastro
siriusastro collected $0.39 from pot
siriusastro: doesn't show hand 
*** SUMMARY ***
Total pot $0.40 | Rake $0.01 
Board [Qh Qd 8h Jc]
Seat 1: NFWO folded on the Flop
Seat 2: Dorex2007 folded on the Flop
Seat 3: vinroy1 folded before Flop (didn't bet)
Seat 4: Renasciturrr folded before Flop (didn't bet)
Seat 6: Faxn01 (button) folded on the Turn
Seat 7: igor6316 (small blind) folded on the Flop
Seat 8: siriusastro (big blind) collected ($0.39)
Seat 9: JipperRoll folded before Flop (didn't bet)



PokerStars Hand #224681704523:  Hold'em No Limit ($0.01/$0.02 USD) - 2021/03/10 22:20:10 PT [2021/03/11 1:20:10 ET]
Table 'Kevo' 9-max Seat #7 is the button
Seat 1: NFWO ($0.55 in chips) 
Seat 2: Dorex2007 ($1.46 in chips) 
Seat 3: vinroy1 ($2.51 in chips) 
Seat 4: Renasciturrr ($3.02 in chips) 
Seat 6: Faxn01 ($0.77 in chips) 
Seat 7: igor6316 ($0.78 in chips) 
Seat 8: siriusastro ($3.10 in chips) 
Seat 9: JipperRoll ($0.50 in chips) 
siriusastro: posts small blind $0.01
JipperRoll: posts big blind $0.02
v14che: sits out 
*** HOLE CARDS ***
Dealt to Dorex2007 [4s Qc]
NFWO: folds 
Dorex2007: folds 
vinroy1: calls $0.02
Renasciturrr: folds 
Faxn01: calls $0.02
igor6316: folds 
siriusastro: calls $0.01
JipperRoll: checks 
*** FLOP *** [9c 4h Qs]
siriusastro: bets $0.08
JipperRoll: folds 
vinroy1: folds 
Faxn01: folds 
Uncalled bet ($0.08) returned to siriusastro
siriusastro collected $0.08 from pot
*** SUMMARY ***
Total pot $0.08 | Rake $0 
Board [9c 4h Qs]
Seat 1: NFWO folded before Flop (didn't bet)
Seat 2: Dorex2007 folded before Flop (didn't bet)
Seat 3: vinroy1 folded on the Flop
Seat 4: Renasciturrr folded before Flop (didn't bet)
Seat 6: Faxn01 folded on the Flop
Seat 7: igor6316 (button) folded before Flop (didn't bet)
Seat 8: siriusastro (small blind) collected ($0.08)
Seat 9: JipperRoll (big blind) folded on the Flop



PokerStars Hand #224681709653:  Hold'em No Limit ($0.01/$0.02 USD) - 2021/03/10 22:20:40 PT [2021/03/11 1:20:40 ET]
Table 'Kevo' 9-max Seat #8 is the button
Seat 1: NFWO ($0.55 in chips) 
Seat 2: Dorex2007 ($1.46 in chips) 
Seat 3: vinroy1 ($2.49 in chips) 
Seat 4: Renasciturrr ($3.02 in chips) 
Seat 6: Faxn01 ($0.75 in chips) 
Seat 7: igor6316 ($0.78 in chips) 
Seat 8: siriusastro ($3.16 in chips) 
Seat 9: JipperRoll ($0.48 in chips) 
JipperRoll: posts small blind $0.01
NFWO: posts big blind $0.02
v14che: sits out 
*** HOLE CARDS ***
Dealt to Dorex2007 [2c 4s]
Dorex2007: folds 
vinroy1: folds 
Renasciturrr: folds 
Faxn01: calls $0.02
igor6316: calls $0.02
siriusastro: folds 
JipperRoll: calls $0.01
NFWO: raises $0.08 to $0.10
Faxn01: folds 
igor6316: folds 
JipperRoll: folds 
Uncalled bet ($0.08) returned to NFWO
NFWO collected $0.08 from pot
NFWO: doesn't show hand 
*** SUMMARY ***
Total pot $0.08 | Rake $0 
Seat 1: NFWO (big blind) collected ($0.08)
Seat 2: Dorex2007 folded before Flop (didn't bet)
Seat 3: vinroy1 folded before Flop (didn't bet)
Seat 4: Renasciturrr folded before Flop (didn't bet)
Seat 6: Faxn01 folded before Flop
Seat 7: igor6316 folded before Flop
Seat 8: siriusastro (button) folded before Flop (didn't bet)
Seat 9: JipperRoll (small blind) folded before Flop



PokerStars Hand #224681715371:  Hold'em No Limit ($0.01/$0.02 USD) - 2021/03/10 22:21:12 PT [2021/03/11 1:21:12 ET]
Table 'Kevo' 9-max Seat #9 is the button
Seat 1: NFWO ($0.61 in chips) 
Seat 2: Dorex2007 ($1.46 in chips) 
Seat 3: vinroy1 ($2.49 in chips) 
Seat 4: Renasciturrr ($3.02 in chips) 
Seat 6: Faxn01 ($0.73 in chips) 
Seat 7: igor6316 ($0.76 in chips) 
Seat 8: siriusastro ($3.16 in chips) 
Seat 9: JipperRoll ($0.46 in chips) 
NFWO: posts small blind $0.01
Dorex2007: posts big blind $0.02
v14che: sits out 
*** HOLE CARDS ***
Dealt to Dorex2007 [4h 6s]
vinroy1: folds 
Renasciturrr: folds 
Faxn01: folds 
Faxn01 leaves the table
igor6316: raises $0.04 to $0.06
siriusastro: folds 
JipperRoll: raises $0.40 to $0.46 and is all-in
Mars_Oo7 joins the table at seat #6 
NFWO: folds 
Dorex2007: folds 
igor6316: calls $0.40
*** FLOP *** [9d 6d 4s]
*** TURN *** [9d 6d 4s] [9c]
*** RIVER *** [9d 6d 4s 9c] [Qs]
*** SHOW DOWN ***
igor6316: shows [Qd Ad] (two pair, Queens and Nines)
JipperRoll: shows [Kh Ks] (two pair, Kings and Nines)
JipperRoll collected $0.92 from pot
igor6316 cashed out the hand for $0.30
*** SUMMARY ***
Total pot $0.95 | Rake $0.03 
Board [9d 6d 4s 9c Qs]
Seat 1: NFWO (small blind) folded before Flop
Seat 2: Dorex2007 (big blind) folded before Flop
Seat 3: vinroy1 folded before Flop (didn't bet)
Seat 4: Renasciturrr folded before Flop (didn't bet)
Seat 6: Faxn01 folded before Flop (didn't bet)
Seat 7: igor6316 showed [Qd Ad] and lost with two pair, Queens and Nines (cashed out).
Seat 8: siriusastro folded before Flop (didn't bet)
Seat 9: JipperRoll (button) showed [Kh Ks] and won ($0.92) with two pair, Kings and Nines



PokerStars Hand #224681725292:  Hold'em No Limit ($0.01/$0.02 USD) - 2021/03/10 22:22:09 PT [2021/03/11 1:22:09 ET]
Table 'Kevo' 9-max Seat #1 is the button
Seat 1: NFWO ($0.60 in chips) 
Seat 2: Dorex2007 ($1.44 in chips) 
Seat 3: vinroy1 ($2.49 in chips) 
Seat 4: Renasciturrr ($3.02 in chips) 
Seat 6: Mars_Oo7 ($1.60 in chips) 
Seat 7: igor6316 ($0.60 in chips) 
Seat 8: siriusastro ($3.16 in chips) 
Seat 9: JipperRoll ($0.92 in chips) 
Dorex2007: posts small blind $0.01
vinroy1: posts big blind $0.02
v14che: sits out 
Mars_Oo7: posts big blind $0.02
*** HOLE CARDS ***
Dealt to Dorex2007 [Qs Tc]
Renasciturrr: folds 
Mars_Oo7: checks 
igor6316: folds 
siriusastro: folds 
JipperRoll: folds 
NFWO: raises $0.02 to $0.04
Dorex2007: calls $0.03
vinroy1: folds 
Mars_Oo7: folds 
*** FLOP *** [9s 5h Ah]
Dorex2007: bets $0.06
NFWO: calls $0.06
*** TURN *** [9s 5h Ah] [8s]
Dorex2007: checks 
NFWO: checks 
*** RIVER *** [9s 5h Ah 8s] [3s]
Dorex2007: bets $0.15
NFWO: folds 
Uncalled bet ($0.15) returned to Dorex2007
Dorex2007 collected $0.23 from pot
Dorex2007: doesn't show hand 
*** SUMMARY ***
Total pot $0.24 | Rake $0.01 
Board [9s 5h Ah 8s 3s]
Seat 1: NFWO (button) folded on the River
Seat 2: Dorex2007 (small blind) collected ($0.23)
Seat 3: vinroy1 (big blind) folded before Flop
Seat 4: Renasciturrr folded before Flop (didn't bet)
Seat 6: Mars_Oo7 folded before Flop (didn't bet)
Seat 7: igor6316 folded before Flop (didn't bet)
Seat 8: siriusastro folded before Flop (didn't bet)
Seat 9: JipperRoll folded before Flop (didn't bet)



PokerStars Hand #224681735949:  Hold'em No Limit ($0.01/$0.02 USD) - 2021/03/10 22:23:09 PT [2021/03/11 1:23:09 ET]
Table 'Kevo' 9-max Seat #2 is the button
Seat 1: NFWO ($0.50 in chips) 
Seat 2: Dorex2007 ($1.57 in chips) 
Seat 3: vinroy1 ($2.47 in chips) 
Seat 4: Renasciturrr ($3.02 in chips) 
Seat 6: Mars_Oo7 ($1.58 in chips) 
Seat 7: igor6316 ($0.60 in chips) 
Seat 8: siriusastro ($3.16 in chips) 
Seat 9: JipperRoll ($0.92 in chips) 
vinroy1: posts small blind $0.01
Renasciturrr: posts big blind $0.02
v14che: sits out 
*** HOLE CARDS ***
Dealt to Dorex2007 [Th Qs]
Mars_Oo7: calls $0.02
igor6316: folds 
siriusastro: folds 
JipperRoll: folds 
NFWO: folds 
Dorex2007: raises $0.04 to $0.06
vinroy1: folds 
Renasciturrr: folds 
Mars_Oo7: calls $0.04
*** FLOP *** [5s 7c 6d]
Mars_Oo7: bets $0.07
Dorex2007: calls $0.07
*** TURN *** [5s 7c 6d] [8c]
Mars_Oo7: bets $0.08
Dorex2007: calls $0.08
*** RIVER *** [5s 7c 6d 8c] [3c]
Mars_Oo7: bets $0.21
Dorex2007: folds 
Uncalled bet ($0.21) returned to Mars_Oo7
Mars_Oo7 collected $0.43 from pot
Mars_Oo7: doesn't show hand 
*** SUMMARY ***
Total pot $0.45 | Rake $0.02 
Board [5s 7c 6d 8c 3c]
Seat 1: NFWO folded before Flop (didn't bet)
Seat 2: Dorex2007 (button) folded on the River
Seat 3: vinroy1 (small blind) folded before Flop
Seat 4: Renasciturrr (big blind) folded before Flop
Seat 6: Mars_Oo7 collected ($0.43)
Seat 7: igor6316 folded before Flop (didn't bet)
Seat 8: siriusastro folded before Flop (didn't bet)
Seat 9: JipperRoll folded before Flop (didn't bet)



PokerStars Hand #224681755487:  Hold'em No Limit ($0.01/$0.02 USD) - 2021/03/10 22:24:14 PT [2021/03/11 1:24:14 ET]
Table 'Kevo' 9-max Seat #3 is the button
Seat 1: NFWO ($0.50 in chips) 
Seat 2: Dorex2007 ($1.36 in chips) 
Seat 3: vinroy1 ($2.46 in chips) 
Seat 4: Renasciturrr ($3 in chips) 
Seat 5: v14che ($2 in chips) 
Seat 6: Mars_Oo7 ($1.80 in chips) 
Seat 7: igor6316 ($0.60 in chips) 
Seat 8: siriusastro ($3.16 in chips) 
Seat 9: JipperRoll ($0.92 in chips) 
Renasciturrr: posts small blind $0.01
v14che: posts big blind $0.02
*** HOLE CARDS ***
Dealt to Dorex2007 [Ts 2s]
Mars_Oo7: folds 
igor6316: folds 
siriusastro: folds 
JipperRoll: folds 
NFWO: raises $0.05 to $0.07
Dorex2007: folds 
vinroy1: folds 
Renasciturrr: folds 
v14che: folds 
Uncalled bet ($0.05) returned to NFWO
NFWO collected $0.05 from pot
NFWO: doesn't show hand 
*** SUMMARY ***
Total pot $0.05 | Rake $0 
Seat 1: NFWO collected ($0.05)
Seat 2: Dorex2007 folded before Flop (didn't bet)
Seat 3: vinroy1 (button) folded before Flop (didn't bet)
Seat 4: Renasciturrr (small blind) folded before Flop
Seat 5: v14che (big blind) folded before Flop
Seat 6: Mars_Oo7 folded before Flop (didn't bet)
Seat 7: igor6316 folded before Flop (didn't bet)
Seat 8: siriusastro folded before Flop (didn't bet)
Seat 9: JipperRoll folded before Flop (didn't bet)



PokerStars Hand #224681758793:  Hold'em No Limit ($0.01/$0.02 USD) - 2021/03/10 22:24:32 PT [2021/03/11 1:24:32 ET]
Table 'Kevo' 9-max Seat #4 is the button
Seat 1: NFWO ($0.53 in chips) 
Seat 2: Dorex2007 ($2 in chips) 
Seat 3: vinroy1 ($2.46 in chips) 
Seat 4: Renasciturrr ($2.99 in chips) 
Seat 5: v14che ($2 in chips) 
Seat 6: Mars_Oo7 ($1.80 in chips) 
Seat 7: igor6316 ($0.60 in chips) 
Seat 8: siriusastro ($3.16 in chips) 
Seat 9: JipperRoll ($0.92 in chips) 
v14che: posts small blind $0.01
Mars_Oo7: posts big blind $0.02
*** HOLE CARDS ***
Dealt to Dorex2007 [2s 8d]
igor6316: folds 
siriusastro: folds 
JipperRoll: folds 
NFWO: folds 
Dorex2007: folds 
vinroy1: folds 
Renasciturrr: folds 
v14che: raises $0.04 to $0.06
Mars_Oo7: calls $0.04
*** FLOP *** [4h Jc Td]
v14che: bets $0.08
Mars_Oo7: calls $0.08
*** TURN *** [4h Jc Td] [7h]
v14che: bets $0.09
Mars_Oo7: calls $0.09
*** RIVER *** [4h Jc Td 7h] [2c]
v14che: checks 
Mars_Oo7: bets $0.22
v14che: folds 
Uncalled bet ($0.22) returned to Mars_Oo7
Mars_Oo7 collected $0.44 from pot
Mars_Oo7: doesn't show hand 
*** SUMMARY ***
Total pot $0.46 | Rake $0.02 
Board [4h Jc Td 7h 2c]
Seat 1: NFWO folded before Flop (didn't bet)
Seat 2: Dorex2007 folded before Flop (didn't bet)
Seat 3: vinroy1 folded before Flop (didn't bet)
Seat 4: Renasciturrr (button) folded before Flop (didn't bet)
Seat 5: v14che (small blind) folded on the River
Seat 6: Mars_Oo7 (big blind) collected ($0.44)
Seat 7: igor6316 folded before Flop (didn't bet)
Seat 8: siriusastro folded before Flop (didn't bet)
Seat 9: JipperRoll folded before Flop (didn't bet)



PokerStars Hand #224681769852:  Hold'em No Limit ($0.01/$0.02 USD) - 2021/03/10 22:25:34 PT [2021/03/11 1:25:34 ET]
Table 'Kevo' 9-max Seat #5 is the button
Seat 1: NFWO ($0.53 in chips) 
Seat 2: Dorex2007 ($2 in chips) 
Seat 3: vinroy1 ($2.46 in chips) 
Seat 4: Renasciturrr ($2.99 in chips) 
Seat 5: v14che ($2 in chips) 
Seat 6: Mars_Oo7 ($2.01 in chips) 
Seat 7: igor6316 ($0.60 in chips) 
Seat 8: siriusastro ($3.16 in chips) 
Seat 9: JipperRoll ($0.92 in chips) 
Mars_Oo7: posts small blind $0.01
igor6316: posts big blind $0.02
*** HOLE CARDS ***
Dealt to Dorex2007 [6d 9c]
siriusastro: folds 
JipperRoll: folds 
NFWO: raises $0.02 to $0.04
Dorex2007: folds 
vinroy1: folds 
Renasciturrr: raises $0.02 to $0.06
v14che: folds 
Mars_Oo7: calls $0.05
igor6316: folds 
NFWO: calls $0.02
*** FLOP *** [6s 8s 5s]
Mars_Oo7: checks 
NFWO: bets $0.10
Renasciturrr: folds 
Mars_Oo7: folds 
Uncalled bet ($0.10) returned to NFWO
NFWO collected $0.19 from pot
NFWO: doesn't show hand 
*** SUMMARY ***
Total pot $0.20 | Rake $0.01 
Board [6s 8s 5s]
Seat 1: NFWO collected ($0.19)
Seat 2: Dorex2007 folded before Flop (didn't bet)
Seat 3: vinroy1 folded before Flop (didn't bet)
Seat 4: Renasciturrr folded on the Flop
Seat 5: v14che (button) folded before Flop (didn't bet)
Seat 6: Mars_Oo7 (small blind) folded on the Flop
Seat 7: igor6316 (big blind) folded before Flop
Seat 8: siriusastro folded before Flop (didn't bet)
Seat 9: JipperRoll folded before Flop (didn't bet)



PokerStars Hand #224681778633:  Hold'em No Limit ($0.01/$0.02 USD) - 2021/03/10 22:26:24 PT [2021/03/11 1:26:24 ET]
Table 'Kevo' 9-max Seat #6 is the button
Seat 1: NFWO ($0.66 in chips) 
Seat 2: Dorex2007 ($2 in chips) 
Seat 3: vinroy1 ($2.46 in chips) 
Seat 4: Renasciturrr ($2.93 in chips) 
Seat 5: v14che ($2 in chips) 
Seat 6: Mars_Oo7 ($1.95 in chips) 
Seat 7: igor6316 ($0.58 in chips) 
Seat 8: siriusastro ($3.16 in chips) 
Seat 9: JipperRoll ($0.92 in chips) 
igor6316: posts small blind $0.01
siriusastro: posts big blind $0.02
*** HOLE CARDS ***
Dealt to Dorex2007 [Qs 6h]
JipperRoll: folds 
NFWO: folds 
Dorex2007: folds 
vinroy1: calls $0.02
Renasciturrr: folds 
v14che: folds 
Mars_Oo7: folds 
igor6316: folds 
siriusastro: checks 
*** FLOP *** [5h As Ac]
Mars_Oo7 leaves the table
siriusastro: checks 
vinroy1: bets $0.05
siriusastro: folds 
Uncalled bet ($0.05) returned to vinroy1
vinroy1 collected $0.05 from pot
vinroy1: doesn't show hand 
*** SUMMARY ***
Total pot $0.05 | Rake $0 
Board [5h As Ac]
Seat 1: NFWO folded before Flop (didn't bet)
Seat 2: Dorex2007 folded before Flop (didn't bet)
Seat 3: vinroy1 collected ($0.05)
Seat 4: Renasciturrr folded before Flop (didn't bet)
Seat 5: v14che folded before Flop (didn't bet)
Seat 6: Mars_Oo7 (button) folded before Flop (didn't bet)
Seat 7: igor6316 (small blind) folded before Flop
Seat 8: siriusastro (big blind) folded on the Flop
Seat 9: JipperRoll folded before Flop (didn't bet)



PokerStars Hand #224681783724:  Hold'em No Limit ($0.01/$0.02 USD) - 2021/03/10 22:26:52 PT [2021/03/11 1:26:52 ET]
Table 'Kevo' 9-max Seat #7 is the button
Seat 1: NFWO ($0.66 in chips) 
Seat 2: Dorex2007 ($2 in chips) 
Seat 3: vinroy1 ($2.49 in chips) 
Seat 4: Renasciturrr ($2.93 in chips) 
Seat 5: v14che ($2 in chips) 
Seat 7: igor6316 ($0.57 in chips) 
Seat 8: siriusastro ($3.14 in chips) 
Seat 9: JipperRoll ($0.92 in chips) 
siriusastro: posts small blind $0.01
JipperRoll: posts big blind $0.02
*** HOLE CARDS ***
Dealt to Dorex2007 [5h 4h]
NFWO: folds 
Dorex2007: folds 
vinroy1: folds 
AlekseyAD173 joins the table at seat #6 
Renasciturrr: folds 
v14che: folds 
igor6316: folds 
siriusastro: folds 
Uncalled bet ($0.01) returned to JipperRoll
JipperRoll collected $0.02 from pot
JipperRoll: doesn't show hand 
*** SUMMARY ***
Total pot $0.02 | Rake $0 
Seat 1: NFWO folded before Flop (didn't bet)
Seat 2: Dorex2007 folded before Flop (didn't bet)
Seat 3: vinroy1 folded before Flop (didn't bet)
Seat 4: Renasciturrr folded before Flop (didn't bet)
Seat 5: v14che folded before Flop (didn't bet)
Seat 7: igor6316 (button) folded before Flop (didn't bet)
Seat 8: siriusastro (small blind) folded before Flop
Seat 9: JipperRoll (big blind) collected ($0.02)



PokerStars Hand #224681791548:  Hold'em No Limit ($0.01/$0.02 USD) - 2021/03/10 22:27:08 PT [2021/03/11 1:27:08 ET]
Table 'Kevo' 9-max Seat #8 is the button
Seat 1: NFWO ($0.66 in chips) 
Seat 2: Dorex2007 ($2 in chips) 
Seat 3: vinroy1 ($2.49 in chips) 
Seat 4: Renasciturrr ($2.93 in chips) 
Seat 5: v14che ($2 in chips) 
Seat 6: AlekseyAD173 ($0.80 in chips) 
Seat 7: igor6316 ($0.57 in chips) 
Seat 8: siriusastro ($3.13 in chips) 
Seat 9: JipperRoll ($0.93 in chips) 
JipperRoll: posts small blind $0.01
NFWO: posts big blind $0.02
AlekseyAD173: posts big blind $0.02
*** HOLE CARDS ***
Dealt to Dorex2007 [2s As]
Dorex2007: calls $0.02
vinroy1: folds 
Renasciturrr: folds 
v14che: folds 
AlekseyAD173: checks 
igor6316: folds 
siriusastro: raises $0.09 to $0.11
JipperRoll: folds 
NFWO: raises $0.55 to $0.66 and is all-in
Dorex2007: folds 
AlekseyAD173: folds 
siriusastro: calls $0.55
*** FLOP *** [Js Kh 7h]
*** TURN *** [Js Kh 7h] [6d]
*** RIVER *** [Js Kh 7h 6d] [3c]
*** SHOW DOWN ***
NFWO: shows [9d 9h] (a pair of Nines)
siriusastro: shows [Ad Kd] (a pair of Kings)
siriusastro collected $1.32 from pot
*** SUMMARY ***
Total pot $1.37 | Rake $0.05 
Board [Js Kh 7h 6d 3c]
Seat 1: NFWO (big blind) showed [9d 9h] and lost with a pair of Nines
Seat 2: Dorex2007 folded before Flop
Seat 3: vinroy1 folded before Flop (didn't bet)
Seat 4: Renasciturrr folded before Flop (didn't bet)
Seat 5: v14che folded before Flop (didn't bet)
Seat 6: AlekseyAD173 folded before Flop (didn't bet)
Seat 7: igor6316 folded before Flop (didn't bet)
Seat 8: siriusastro (button) showed [Ad Kd] and won ($1.32) with a pair of Kings
Seat 9: JipperRoll (small blind) folded before Flop



PokerStars Hand #224681798215:  Hold'em No Limit ($0.01/$0.02 USD) - 2021/03/10 22:27:45 PT [2021/03/11 1:27:45 ET]
Table 'Kevo' 9-max Seat #9 is the button
Seat 2: Dorex2007 ($1.98 in chips) 
Seat 3: vinroy1 ($2.49 in chips) 
Seat 4: Renasciturrr ($2.93 in chips) 
Seat 5: v14che ($2 in chips) 
Seat 6: AlekseyAD173 ($0.78 in chips) 
Seat 7: igor6316 ($0.57 in chips) 
Seat 8: siriusastro ($3.79 in chips) 
Seat 9: JipperRoll ($0.92 in chips) 
Dorex2007: posts small blind $0.01
vinroy1: posts big blind $0.02
*** HOLE CARDS ***
Dealt to Dorex2007 [5c Ac]
NFWO leaves the table
Renasciturrr: folds 
v14che: folds 
AlekseyAD173: calls $0.02
igor6316: folds 
siriusastro: folds 
JipperRoll: raises $0.04 to $0.06
Dorex2007: calls $0.05
vinroy1: folds 
AlekseyAD173: calls $0.04
*** FLOP *** [8s 7d Jd]
Dorex2007: checks 
AlekseyAD173: checks 
JipperRoll: checks 
*** TURN *** [8s 7d Jd] [2s]
Dorex2007: checks 
AlekseyAD173: checks 
Kelaj15203 joins the table at seat #1 
JipperRoll: checks 
*** RIVER *** [8s 7d Jd 2s] [Ah]
Dorex2007: bets $0.19
AlekseyAD173: folds 
JipperRoll: folds 
Uncalled bet ($0.19) returned to Dorex2007
Dorex2007 collected $0.19 from pot
Dorex2007: doesn't show hand 
*** SUMMARY ***
Total pot $0.20 | Rake $0.01 
Board [8s 7d Jd 2s Ah]
Seat 2: Dorex2007 (small blind) collected ($0.19)
Seat 3: vinroy1 (big blind) folded before Flop
Seat 4: Renasciturrr folded before Flop (didn't bet)
Seat 5: v14che folded before Flop (didn't bet)
Seat 6: AlekseyAD173 folded on the River
Seat 7: igor6316 folded before Flop (didn't bet)
Seat 8: siriusastro folded before Flop (didn't bet)
Seat 9: JipperRoll (button) folded on the River



PokerStars Hand #224681806033:  Hold'em No Limit ($0.01/$0.02 USD) - 2021/03/10 22:28:30 PT [2021/03/11 1:28:30 ET]
Table 'Kevo' 9-max Seat #2 is the button
Seat 2: Dorex2007 ($2.11 in chips) 
Seat 3: vinroy1 ($2.47 in chips) 
Seat 5: v14che ($2 in chips) 
Seat 6: AlekseyAD173 ($0.72 in chips) 
Seat 7: igor6316 ($0.57 in chips) 
Seat 8: siriusastro ($3.79 in chips) 
Seat 9: JipperRoll ($0.86 in chips) 
vinroy1: posts small blind $0.01
Renasciturrr: is sitting out 
v14che: posts big blind $0.02
Renasciturrr leaves the table
Kelaj15203: sits out 
*** HOLE CARDS ***
Dealt to Dorex2007 [8s Qc]
AlekseyAD173: folds 
igor6316: folds 
siriusastro: folds 
JipperRoll: folds 
Dorex2007: raises $0.06 to $0.08
vinroy1: folds 
v14che: folds 
Uncalled bet ($0.06) returned to Dorex2007
Dorex2007 collected $0.05 from pot
Dorex2007: doesn't show hand 
*** SUMMARY ***
Total pot $0.05 | Rake $0 
Seat 2: Dorex2007 (button) collected ($0.05)
Seat 3: vinroy1 (small blind) folded before Flop
Seat 5: v14che (big blind) folded before Flop
Seat 6: AlekseyAD173 folded before Flop (didn't bet)
Seat 7: igor6316 folded before Flop (didn't bet)
Seat 8: siriusastro folded before Flop (didn't bet)
Seat 9: JipperRoll folded before Flop (didn't bet)



PokerStars Hand #224681809947:  Hold'em No Limit ($0.01/$0.02 USD) - 2021/03/10 22:28:52 PT [2021/03/11 1:28:52 ET]
Table 'Kevo' 9-max Seat #3 is the button
Seat 2: Dorex2007 ($2.14 in chips) 
Seat 3: vinroy1 ($2.46 in chips) 
Seat 5: v14che ($2 in chips) 
Seat 6: AlekseyAD173 ($0.72 in chips) 
Seat 7: igor6316 ($0.57 in chips) 
Seat 8: siriusastro ($3.79 in chips) 
Seat 9: JipperRoll ($0.86 in chips) 
v14che: posts small blind $0.01
AlekseyAD173: posts big blind $0.02
Kelaj15203: sits out 
*** HOLE CARDS ***
Dealt to Dorex2007 [7h 8c]
ya_goryachij joins the table at seat #4 
igor6316: folds 
siriusastro: folds 
JipperRoll: raises $0.04 to $0.06
Dorex2007: folds 
vinroy1: calls $0.06
v14che: folds 
AlekseyAD173: folds 
*** FLOP *** [7d Ks 6c]
siriusastro leaves the table
ya_goryachij leaves the table
JipperRoll: checks 
vinroy1: bets $0.07
JipperRoll: calls $0.07
*** TURN *** [7d Ks 6c] [Ts]
JipperRoll: checks 
vinroy1: bets $0.14
JipperRoll: calls $0.14
*** RIVER *** [7d Ks 6c Ts] [4h]
JipperRoll: checks 
vinroy1: bets $0.12
Dr Big Bluffs joins the table at seat #8 
JipperRoll: raises $0.18 to $0.30
vinroy1: raises $1.89 to $2.19 and is all-in
JipperRoll: calls $0.29 and is all-in
Uncalled bet ($1.60) returned to vinroy1
*** SHOW DOWN ***
vinroy1: shows [Kc Tc] (two pair, Kings and Tens)
JipperRoll: shows [Qd Kd] (a pair of Kings)
vinroy1 collected $1.69 from pot
*** SUMMARY ***
Total pot $1.75 | Rake $0.06 
Board [7d Ks 6c Ts 4h]
Seat 2: Dorex2007 folded before Flop (didn't bet)
Seat 3: vinroy1 (button) showed [Kc Tc] and won ($1.69) with two pair, Kings and Tens
Seat 5: v14che (small blind) folded before Flop
Seat 6: AlekseyAD173 (big blind) folded before Flop
Seat 7: igor6316 folded before Flop (didn't bet)
Seat 8: siriusastro folded before Flop (didn't bet)
Seat 9: JipperRoll showed [Qd Kd] and lost with a pair of Kings



PokerStars Hand #224681826899:  Hold'em No Limit ($0.01/$0.02 USD) - 2021/03/10 22:30:28 PT [2021/03/11 1:30:28 ET]
Table 'Kevo' 9-max Seat #5 is the button
Seat 2: Dorex2007 ($2.14 in chips) 
Seat 3: vinroy1 ($3.29 in chips) 
Seat 5: v14che ($2 in chips) 
Seat 6: AlekseyAD173 ($0.70 in chips) 
Seat 7: igor6316 ($0.57 in chips) 
Seat 8: Dr Big Bluffs ($2 in chips) 
AlekseyAD173: posts small blind $0.01
igor6316: posts big blind $0.02
Dr Big Bluffs: posts big blind $0.02
Kelaj15203: sits out 
*** HOLE CARDS ***
Dealt to Dorex2007 [Jd 8s]
Dr Big Bluffs: raises $0.02 to $0.04
Dorex2007: folds 
vinroy1: folds 
JipperRoll leaves the table
v14che: folds 
AlekseyAD173: calls $0.03
igor6316: folds 
*** FLOP *** [7s 6h 5h]
AlekseyAD173: checks 
Dr Big Bluffs: bets $0.04
AlekseyAD173: calls $0.04
*** TURN *** [7s 6h 5h] [4c]
AlekseyAD173: checks 
Dr Big Bluffs: bets $0.10
AlekseyAD173: folds 
Uncalled bet ($0.10) returned to Dr Big Bluffs
Dr Big Bluffs collected $0.17 from pot
Dr Big Bluffs: doesn't show hand 
*** SUMMARY ***
Total pot $0.18 | Rake $0.01 
Board [7s 6h 5h 4c]
Seat 2: Dorex2007 folded before Flop (didn't bet)
Seat 3: vinroy1 folded before Flop (didn't bet)
Seat 5: v14che (button) folded before Flop (didn't bet)
Seat 6: AlekseyAD173 (small blind) folded on the Turn
Seat 7: igor6316 (big blind) folded before Flop
Seat 8: Dr Big Bluffs collected ($0.17)



PokerStars Hand #224681833358:  Hold'em No Limit ($0.01/$0.02 USD) - 2021/03/10 22:31:05 PT [2021/03/11 1:31:05 ET]
Table 'Kevo' 9-max Seat #6 is the button
Seat 2: Dorex2007 ($2.14 in chips) 
Seat 3: vinroy1 ($3.29 in chips) 
Seat 5: v14che ($2 in chips) 
Seat 6: AlekseyAD173 ($0.62 in chips) 
Seat 7: igor6316 ($0.55 in chips) 
Seat 8: Dr Big Bluffs ($2.09 in chips) 
igor6316: posts small blind $0.01
Dr Big Bluffs: posts big blind $0.02
Kelaj15203: sits out 
*** HOLE CARDS ***
Dealt to Dorex2007 [Th 6c]
Dorex2007: folds 
vinroy1: raises $0.02 to $0.04
v14che: folds 
AlekseyAD173: folds 
igor6316: folds 
Dr Big Bluffs: calls $0.02
*** FLOP *** [Kc 8d As]
Dr Big Bluffs: checks 
vinroy1: bets $0.05
Dr Big Bluffs: folds 
Uncalled bet ($0.05) returned to vinroy1
vinroy1 collected $0.09 from pot
vinroy1: doesn't show hand 
*** SUMMARY ***
Total pot $0.09 | Rake $0 
Board [Kc 8d As]
Seat 2: Dorex2007 folded before Flop (didn't bet)
Seat 3: vinroy1 collected ($0.09)
Seat 5: v14che folded before Flop (didn't bet)
Seat 6: AlekseyAD173 (button) folded before Flop (didn't bet)
Seat 7: igor6316 (small blind) folded before Flop
Seat 8: Dr Big Bluffs (big blind) folded on the Flop



PokerStars Hand #224681838105:  Hold'em No Limit ($0.01/$0.02 USD) - 2021/03/10 22:31:32 PT [2021/03/11 1:31:32 ET]
Table 'Kevo' 9-max Seat #7 is the button
Seat 1: Kelaj15203 ($2 in chips) 
Seat 2: Dorex2007 ($2.14 in chips) 
Seat 3: vinroy1 ($3.34 in chips) 
Seat 5: v14che ($2 in chips) 
Seat 6: AlekseyAD173 ($0.62 in chips) 
Seat 7: igor6316 ($0.54 in chips) 
Seat 8: Dr Big Bluffs ($2.05 in chips) 
Dr Big Bluffs: posts small blind $0.01
Kelaj15203: posts big blind $0.02
*** HOLE CARDS ***
Dealt to Dorex2007 [Td 3c]
Dorex2007 has timed out
Dorex2007: folds 
vinroy1: calls $0.02
v14che: folds 
AlekseyAD173: calls $0.02
igor6316: calls $0.02
Dr Big Bluffs has timed out
Dr Big Bluffs: folds 
Kelaj15203: checks 
*** FLOP *** [7d 3d 2s]
Kelaj15203: checks 
vinroy1: checks 
AlekseyAD173: checks 
igor6316: checks 
*** TURN *** [7d 3d 2s] [8d]
Kelaj15203: checks 
vinroy1: checks 
AlekseyAD173: checks 
igor6316: checks 
*** RIVER *** [7d 3d 2s 8d] [Ad]
Kelaj15203: checks 
vinroy1: checks 
AlekseyAD173: checks 
igor6316: checks 
*** SHOW DOWN ***
Kelaj15203: shows [Kh 2d] (a flush, Ace high)
vinroy1: mucks hand 
AlekseyAD173: mucks hand 
igor6316: mucks hand 
Kelaj15203 collected $0.09 from pot
*** SUMMARY ***
Total pot $0.09 | Rake $0 
Board [7d 3d 2s 8d Ad]
Seat 1: Kelaj15203 (big blind) showed [Kh 2d] and won ($0.09) with a flush, Ace high
Seat 2: Dorex2007 folded before Flop (didn't bet)
Seat 3: vinroy1 mucked [Js Ks]
Seat 5: v14che folded before Flop (didn't bet)
Seat 6: AlekseyAD173 mucked [8h Jh]
Seat 7: igor6316 (button) mucked [Ah 6c]
Seat 8: Dr Big Bluffs (small blind) folded before Flop



PokerStars Hand #224681850954:  Hold'em No Limit ($0.01/$0.02 USD) - 2021/03/10 22:32:45 PT [2021/03/11 1:32:45 ET]
Table 'Kevo' 9-max Seat #8 is the button
Seat 1: Kelaj15203 ($2.07 in chips) 
Seat 2: Dorex2007 ($2.14 in chips) 
Seat 3: vinroy1 ($3.32 in chips) 
Seat 5: v14che ($2 in chips) 
Seat 6: AlekseyAD173 ($0.60 in chips) 
Seat 7: igor6316 ($0.52 in chips) 
Seat 8: Dr Big Bluffs ($2.04 in chips) 
Kelaj15203: posts small blind $0.01
Dorex2007: posts big blind $0.02
*** HOLE CARDS ***
Dealt to Dorex2007 [8h 2d]
vinroy1: folds 
v14che: folds 
AlekseyAD173: folds 
igor6316: folds 
Dr Big Bluffs: raises $0.02 to $0.04
Kelaj15203: folds 
Dorex2007: folds 
Uncalled bet ($0.02) returned to Dr Big Bluffs
Dr Big Bluffs collected $0.05 from pot
Dr Big Bluffs: doesn't show hand 
*** SUMMARY ***
Total pot $0.05 | Rake $0 
Seat 1: Kelaj15203 (small blind) folded before Flop
Seat 2: Dorex2007 (big blind) folded before Flop
Seat 3: vinroy1 folded before Flop (didn't bet)
Seat 5: v14che folded before Flop (didn't bet)
Seat 6: AlekseyAD173 folded before Flop (didn't bet)
Seat 7: igor6316 folded before Flop (didn't bet)
Seat 8: Dr Big Bluffs (button) collected ($0.05)



PokerStars Hand #224681853666:  Hold'em No Limit ($0.01/$0.02 USD) - 2021/03/10 22:33:00 PT [2021/03/11 1:33:00 ET]
Table 'Kevo' 9-max Seat #1 is the button
Seat 1: Kelaj15203 ($2.06 in chips) 
Seat 2: Dorex2007 ($2.12 in chips) 
Seat 3: vinroy1 ($3.32 in chips) 
Seat 5: v14che ($2 in chips) 
Seat 6: AlekseyAD173 ($0.60 in chips) 
Seat 7: igor6316 ($0.52 in chips) 
Seat 8: Dr Big Bluffs ($2.07 in chips) 
Dorex2007: posts small blind $0.01
vinroy1: posts big blind $0.02
*** HOLE CARDS ***
Dealt to Dorex2007 [5d Td]
v14che: folds 
AlekseyAD173: folds 
igor6316: raises $0.02 to $0.04
Dr Big Bluffs: calls $0.04
Kelaj15203: folds 
Dorex2007: folds 
vinroy1: calls $0.02
*** FLOP *** [8c 3h 4c]
vinroy1: checks 
igor6316: checks 
Dr Big Bluffs: bets $0.10
vinroy1: folds 
igor6316: folds 
Uncalled bet ($0.10) returned to Dr Big Bluffs
Dr Big Bluffs collected $0.13 from pot
Dr Big Bluffs: doesn't show hand 
*** SUMMARY ***
Total pot $0.13 | Rake $0 
Board [8c 3h 4c]
Seat 1: Kelaj15203 (button) folded before Flop (didn't bet)
Seat 2: Dorex2007 (small blind) folded before Flop
Seat 3: vinroy1 (big blind) folded on the Flop
Seat 5: v14che folded before Flop (didn't bet)
Seat 6: AlekseyAD173 folded before Flop (didn't bet)
Seat 7: igor6316 folded on the Flop
Seat 8: Dr Big Bluffs collected ($0.13)



PokerStars Hand #224681857938:  Hold'em No Limit ($0.01/$0.02 USD) - 2021/03/10 22:33:24 PT [2021/03/11 1:33:24 ET]
Table 'Kevo' 9-max Seat #2 is the button
Seat 1: Kelaj15203 ($2.06 in chips) 
Seat 2: Dorex2007 ($2.11 in chips) 
Seat 3: vinroy1 ($3.28 in chips) 
Seat 5: v14che ($2 in chips) 
Seat 6: AlekseyAD173 ($0.60 in chips) 
Seat 7: igor6316 ($0.48 in chips) 
Seat 8: Dr Big Bluffs ($2.16 in chips) 
vinroy1: posts small blind $0.01
v14che: posts big blind $0.02
*** HOLE CARDS ***
Dealt to Dorex2007 [Kd Ac]
AlekseyAD173: folds 
igor6316: folds 
Dr Big Bluffs: folds 
Kelaj15203: folds 
Dorex2007: raises $0.06 to $0.08
vinroy1: calls $0.07
v14che: folds 
*** FLOP *** [9h Jd As]
vinroy1: checks 
Dorex2007: checks 
*** TURN *** [9h Jd As] [6h]
vinroy1: bets $0.10
Dorex2007: raises $0.14 to $0.24
vinroy1: calls $0.14
*** RIVER *** [9h Jd As 6h] [3h]
vinroy1: checks 
Dorex2007: checks 
*** SHOW DOWN ***
vinroy1: shows [8d Ad] (a pair of Aces)
Dorex2007: shows [Kd Ac] (a pair of Aces - King kicker)
Dorex2007 collected $0.64 from pot
*** SUMMARY ***
Total pot $0.66 | Rake $0.02 
Board [9h Jd As 6h 3h]
Seat 1: Kelaj15203 folded before Flop (didn't bet)
Seat 2: Dorex2007 (button) showed [Kd Ac] and won ($0.64) with a pair of Aces
Seat 3: vinroy1 (small blind) showed [8d Ad] and lost with a pair of Aces
Seat 5: v14che (big blind) folded before Flop
Seat 6: AlekseyAD173 folded before Flop (didn't bet)
Seat 7: igor6316 folded before Flop (didn't bet)
Seat 8: Dr Big Bluffs folded before Flop (didn't bet)



PokerStars Hand #224681865582:  Hold'em No Limit ($0.01/$0.02 USD) - 2021/03/10 22:34:07 PT [2021/03/11 1:34:07 ET]
Table 'Kevo' 9-max Seat #3 is the button
Seat 1: Kelaj15203 ($2.06 in chips) 
Seat 2: Dorex2007 ($2.43 in chips) 
Seat 3: vinroy1 ($2.96 in chips) 
Seat 5: v14che ($2 in chips) 
Seat 6: AlekseyAD173 ($0.60 in chips) 
Seat 7: igor6316 ($0.48 in chips) 
Seat 8: Dr Big Bluffs ($2.16 in chips) 
v14che: posts small blind $0.01
AlekseyAD173: posts big blind $0.02
*** HOLE CARDS ***
Dealt to Dorex2007 [3c Jd]
igor6316: folds 
Dr Big Bluffs: folds 
Kelaj15203: folds 
Dorex2007: folds 
vinroy1: calls $0.02
v14che: folds 
AlekseyAD173: checks 
*** FLOP *** [6h 2s 6c]
MurguMGU joins the table at seat #4 
AlekseyAD173: checks 
vinroy1: checks 
*** TURN *** [6h 2s 6c] [4h]
AlekseyAD173: bets $0.03
vinroy1: calls $0.03
*** RIVER *** [6h 2s 6c 4h] [Kh]
AlekseyAD173: bets $0.06
Derevtsssova joins the table at seat #9 
vinroy1: calls $0.06
*** SHOW DOWN ***
AlekseyAD173: shows [2c 6s] (a full house, Sixes full of Deuces)
vinroy1: mucks hand 
AlekseyAD173 collected $0.22 from pot
*** SUMMARY ***
Total pot $0.23 | Rake $0.01 
Board [6h 2s 6c 4h Kh]
Seat 1: Kelaj15203 folded before Flop (didn't bet)
Seat 2: Dorex2007 folded before Flop (didn't bet)
Seat 3: vinroy1 (button) mucked [3h 2h]
Seat 5: v14che (small blind) folded before Flop
Seat 6: AlekseyAD173 (big blind) showed [2c 6s] and won ($0.22) with a full house, Sixes full of Deuces
Seat 7: igor6316 folded before Flop (didn't bet)
Seat 8: Dr Big Bluffs folded before Flop (didn't bet)



PokerStars Hand #224681873377:  Hold'em No Limit ($0.01/$0.02 USD) - 2021/03/10 22:34:51 PT [2021/03/11 1:34:51 ET]
Table 'Kevo' 9-max Seat #5 is the button
Seat 1: Kelaj15203 ($2.06 in chips) 
Seat 2: Dorex2007 ($2.43 in chips) 
Seat 3: vinroy1 ($2.85 in chips) 
Seat 4: MurguMGU ($1 in chips) 
Seat 5: v14che ($2 in chips) 
Seat 6: AlekseyAD173 ($0.71 in chips) 
Seat 7: igor6316 ($0.48 in chips) 
Seat 8: Dr Big Bluffs ($2.16 in chips) 
AlekseyAD173: posts small blind $0.01
igor6316: posts big blind $0.02
Derevtsssova: sits out 
MurguMGU: posts big blind $0.02
*** HOLE CARDS ***
Dealt to Dorex2007 [Kd Qs]
Dr Big Bluffs: calls $0.02
Kelaj15203: folds 
Dorex2007: raises $0.04 to $0.06
vinroy1: folds 
MurguMGU: calls $0.04
v14che: folds 
AlekseyAD173: folds 
igor6316: folds 
Dr Big Bluffs: calls $0.04
*** FLOP *** [Qh 4c 2c]
Dr Big Bluffs: checks 
Dorex2007: bets $0.20
MurguMGU: folds 
Dr Big Bluffs: folds 
Uncalled bet ($0.20) returned to Dorex2007
Dorex2007 collected $0.20 from pot
Dorex2007: doesn't show hand 
*** SUMMARY ***
Total pot $0.21 | Rake $0.01 
Board [Qh 4c 2c]
Seat 1: Kelaj15203 folded before Flop (didn't bet)
Seat 2: Dorex2007 collected ($0.20)
Seat 3: vinroy1 folded before Flop (didn't bet)
Seat 4: MurguMGU folded on the Flop
Seat 5: v14che (button) folded before Flop (didn't bet)
Seat 6: AlekseyAD173 (small blind) folded before Flop
Seat 7: igor6316 (big blind) folded before Flop
Seat 8: Dr Big Bluffs folded on the Flop



PokerStars Hand #224681879403:  Hold'em No Limit ($0.01/$0.02 USD) - 2021/03/10 22:35:26 PT [2021/03/11 1:35:26 ET]
Table 'Kevo' 9-max Seat #6 is the button
Seat 1: Kelaj15203 ($2.06 in chips) 
Seat 2: Dorex2007 ($2.57 in chips) 
Seat 3: vinroy1 ($2.85 in chips) 
Seat 4: MurguMGU ($0.94 in chips) 
Seat 5: v14che ($2 in chips) 
Seat 6: AlekseyAD173 ($0.70 in chips) 
Seat 7: igor6316 ($0.46 in chips) 
Seat 8: Dr Big Bluffs ($2.10 in chips) 
igor6316: posts small blind $0.01
Dr Big Bluffs: posts big blind $0.02
Derevtsssova: sits out 
*** HOLE CARDS ***
Dealt to Dorex2007 [6h Jd]
Kelaj15203: folds 
Dorex2007: folds 
vinroy1: folds 
MurguMGU: calls $0.02
v14che: folds 
AlekseyAD173: folds 
igor6316: calls $0.01
Dr Big Bluffs: checks 
*** FLOP *** [Ah 3h 8d]
igor6316: bets $0.04
Dr Big Bluffs: folds 
MurguMGU: calls $0.04
*** TURN *** [Ah 3h 8d] [3s]
igor6316: bets $0.06
MurguMGU: calls $0.06
*** RIVER *** [Ah 3h 8d 3s] [Jh]
igor6316: bets $0.06
MurguMGU: folds 
Uncalled bet ($0.06) returned to igor6316
igor6316 collected $0.25 from pot
*** SUMMARY ***
Total pot $0.26 | Rake $0.01 
Board [Ah 3h 8d 3s Jh]
Seat 1: Kelaj15203 folded before Flop (didn't bet)
Seat 2: Dorex2007 folded before Flop (didn't bet)
Seat 3: vinroy1 folded before Flop (didn't bet)
Seat 4: MurguMGU folded on the River
Seat 5: v14che folded before Flop (didn't bet)
Seat 6: AlekseyAD173 (button) folded before Flop (didn't bet)
Seat 7: igor6316 (small blind) collected ($0.25)
Seat 8: Dr Big Bluffs (big blind) folded on the Flop



PokerStars Hand #224681885655:  Hold'em No Limit ($0.01/$0.02 USD) - 2021/03/10 22:36:01 PT [2021/03/11 1:36:01 ET]
Table 'Kevo' 9-max Seat #7 is the button
Seat 1: Kelaj15203 ($2.06 in chips) 
Seat 2: Dorex2007 ($2.57 in chips) 
Seat 3: vinroy1 ($2.85 in chips) 
Seat 4: MurguMGU ($0.82 in chips) 
Seat 5: v14che ($2 in chips) 
Seat 6: AlekseyAD173 ($0.70 in chips) 
Seat 7: igor6316 ($0.59 in chips) 
Seat 8: Dr Big Bluffs ($2.08 in chips) 
Seat 9: Derevtsssova ($0.80 in chips) 
Dr Big Bluffs: posts small blind $0.01
Derevtsssova: posts big blind $0.02
*** HOLE CARDS ***
Dealt to Dorex2007 [5h Ac]
Kelaj15203: folds 
Dorex2007: folds 
vinroy1: calls $0.02
MurguMGU: folds 
v14che: folds 
AlekseyAD173: folds 
igor6316: folds 
Dr Big Bluffs: folds 
Derevtsssova: checks 
*** FLOP *** [5d Ts As]
Derevtsssova: checks 
vinroy1: checks 
*** TURN *** [5d Ts As] [7c]
Derevtsssova: checks 
vinroy1: checks 
*** RIVER *** [5d Ts As 7c] [9c]
Derevtsssova: checks 
vinroy1: checks 
*** SHOW DOWN ***
Derevtsssova: shows [6h Qs] (high card Ace)
vinroy1: shows [Kd Qd] (high card Ace - King kicker)
vinroy1 collected $0.05 from pot
*** SUMMARY ***
Total pot $0.05 | Rake $0 
Board [5d Ts As 7c 9c]
Seat 1: Kelaj15203 folded before Flop (didn't bet)
Seat 2: Dorex2007 folded before Flop (didn't bet)
Seat 3: vinroy1 showed [Kd Qd] and won ($0.05) with high card Ace
Seat 4: MurguMGU folded before Flop (didn't bet)
Seat 5: v14che folded before Flop (didn't bet)
Seat 6: AlekseyAD173 folded before Flop (didn't bet)
Seat 7: igor6316 (button) folded before Flop (didn't bet)
Seat 8: Dr Big Bluffs (small blind) folded before Flop
Seat 9: Derevtsssova (big blind) showed [6h Qs] and lost with high card Ace



PokerStars Hand #224681891269:  Hold'em No Limit ($0.01/$0.02 USD) - 2021/03/10 22:36:34 PT [2021/03/11 1:36:34 ET]
Table 'Kevo' 9-max Seat #8 is the button
Seat 1: Kelaj15203 ($2.06 in chips) 
Seat 2: Dorex2007 ($2.57 in chips) 
Seat 3: vinroy1 ($2.88 in chips) 
Seat 4: MurguMGU ($0.82 in chips) 
Seat 5: v14che ($2 in chips) 
Seat 6: AlekseyAD173 ($0.70 in chips) 
Seat 7: igor6316 ($0.59 in chips) 
Seat 8: Dr Big Bluffs ($2.07 in chips) 
Seat 9: Derevtsssova ($0.80 in chips) 
Derevtsssova: posts small blind $0.01
Kelaj15203: posts big blind $0.02
*** HOLE CARDS ***
Dealt to Dorex2007 [6s Ks]
Dorex2007: folds 
vinroy1: calls $0.02
MurguMGU: calls $0.02
v14che: folds 
AlekseyAD173: folds 
igor6316: raises $0.57 to $0.59 and is all-in
Dr Big Bluffs: folds 
Derevtsssova: folds 
Kelaj15203: folds 
vinroy1: folds 
MurguMGU: calls $0.57
*** FLOP *** [6h Jd 8c]
*** TURN *** [6h Jd 8c] [2c]
*** RIVER *** [6h Jd 8c 2c] [Tc]
*** SHOW DOWN ***
MurguMGU: shows [Jc Qs] (a pair of Jacks)
igor6316: shows [Qd Qc] (a pair of Queens)
igor6316 cashed out the hand for $1.05 | Cash Out Fee $0.01
*** SUMMARY ***
Total pot $1.23 | Rake $0.04 
Board [6h Jd 8c 2c Tc]
Seat 1: Kelaj15203 (big blind) folded before Flop
Seat 2: Dorex2007 folded before Flop (didn't bet)
Seat 3: vinroy1 folded before Flop
Seat 4: MurguMGU showed [Jc Qs] and lost with a pair of Jacks
Seat 5: v14che folded before Flop (didn't bet)
Seat 6: AlekseyAD173 folded before Flop (didn't bet)
Seat 7: igor6316 showed [Qd Qc] and won ($1.19) with a pair of Queens (pot not awarded as player cashed out)
Seat 8: Dr Big Bluffs (button) folded before Flop (didn't bet)
Seat 9: Derevtsssova (small blind) folded before Flop



PokerStars Hand #224681896752:  Hold'em No Limit ($0.01/$0.02 USD) - 2021/03/10 22:37:05 PT [2021/03/11 1:37:05 ET]
Table 'Kevo' 9-max Seat #9 is the button
Seat 1: Kelaj15203 ($2.04 in chips) 
Seat 2: Dorex2007 ($2.57 in chips) 
Seat 3: vinroy1 ($2.86 in chips) 
Seat 4: MurguMGU ($0.23 in chips) 
Seat 5: v14che ($2 in chips) 
Seat 6: AlekseyAD173 ($0.70 in chips) 
Seat 7: igor6316 ($1.05 in chips) 
Seat 8: Dr Big Bluffs ($2.07 in chips) 
Seat 9: Derevtsssova ($0.80 in chips) 
Kelaj15203: posts small blind $0.01
Dorex2007: posts big blind $0.02
*** HOLE CARDS ***
Dealt to Dorex2007 [4c Jc]
vinroy1: calls $0.02
MurguMGU: raises $0.21 to $0.23 and is all-in
v14che: folds 
AlekseyAD173: folds 
igor6316: folds 
Dr Big Bluffs: folds 
Derevtsssova: calls $0.23
Kelaj15203: folds 
Dorex2007: folds 
vinroy1: folds 
*** FLOP *** [9h 9c 6c]
*** TURN *** [9h 9c 6c] [7h]
*** RIVER *** [9h 9c 6c 7h] [7c]
*** SHOW DOWN ***
MurguMGU: shows [7d Td] (a full house, Sevens full of Nines)
Derevtsssova: shows [Kd Qc] (two pair, Nines and Sevens)
MurguMGU collected $0.49 from pot
*** SUMMARY ***
Total pot $0.51 | Rake $0.02 
Board [9h 9c 6c 7h 7c]
Seat 1: Kelaj15203 (small blind) folded before Flop
Seat 2: Dorex2007 (big blind) folded before Flop
Seat 3: vinroy1 folded before Flop
Seat 4: MurguMGU showed [7d Td] and won ($0.49) with a full house, Sevens full of Nines
Seat 5: v14che folded before Flop (didn't bet)
Seat 6: AlekseyAD173 folded before Flop (didn't bet)
Seat 7: igor6316 folded before Flop (didn't bet)
Seat 8: Dr Big Bluffs folded before Flop (didn't bet)
Seat 9: Derevtsssova (button) showed [Kd Qc] and lost with two pair, Nines and Sevens



PokerStars Hand #224681900879:  Hold'em No Limit ($0.01/$0.02 USD) - 2021/03/10 22:37:29 PT [2021/03/11 1:37:29 ET]
Table 'Kevo' 9-max Seat #1 is the button
Seat 1: Kelaj15203 ($2.03 in chips) 
Seat 2: Dorex2007 ($2.55 in chips) 
Seat 3: vinroy1 ($2.84 in chips) 
Seat 4: MurguMGU ($0.49 in chips) 
Seat 5: v14che ($2 in chips) 
Seat 6: AlekseyAD173 ($0.70 in chips) 
Seat 7: igor6316 ($1.05 in chips) 
Seat 8: Dr Big Bluffs ($2.07 in chips) 
Seat 9: Derevtsssova ($0.80 in chips) 
Dorex2007: posts small blind $0.01
vinroy1: posts big blind $0.02
*** HOLE CARDS ***
Dealt to Dorex2007 [3d 4c]
MurguMGU: folds 
v14che: folds 
AlekseyAD173: folds 
igor6316: folds 
Dr Big Bluffs: raises $0.04 to $0.06
Derevtsssova: folds 
Kelaj15203: raises $0.14 to $0.20
Dorex2007: folds 
vinroy1: folds 
Dr Big Bluffs: calls $0.14
*** FLOP *** [3s Ts 7s]
Dr Big Bluffs: bets $0.20
Kelaj15203: calls $0.20
*** TURN *** [3s Ts 7s] [Ac]
Dr Big Bluffs: bets $1.67 and is all-in
Kelaj15203: folds 
Uncalled bet ($1.67) returned to Dr Big Bluffs
Dr Big Bluffs collected $0.80 from pot
Dr Big Bluffs: doesn't show hand 
*** SUMMARY ***
Total pot $0.83 | Rake $0.03 
Board [3s Ts 7s Ac]
Seat 1: Kelaj15203 (button) folded on the Turn
Seat 2: Dorex2007 (small blind) folded before Flop
Seat 3: vinroy1 (big blind) folded before Flop
Seat 4: MurguMGU folded before Flop (didn't bet)
Seat 5: v14che folded before Flop (didn't bet)
Seat 6: AlekseyAD173 folded before Flop (didn't bet)
Seat 7: igor6316 folded before Flop (didn't bet)
Seat 8: Dr Big Bluffs collected ($0.80)
Seat 9: Derevtsssova folded before Flop (didn't bet)



PokerStars Hand #224681907978:  Hold'em No Limit ($0.01/$0.02 USD) - 2021/03/10 22:38:09 PT [2021/03/11 1:38:09 ET]
Table 'Kevo' 9-max Seat #2 is the button
Seat 1: Kelaj15203 ($2 in chips) 
Seat 2: Dorex2007 ($2.54 in chips) 
Seat 3: vinroy1 ($2.82 in chips) 
Seat 4: MurguMGU ($0.49 in chips) 
Seat 5: v14che ($2 in chips) 
Seat 6: AlekseyAD173 ($0.70 in chips) 
Seat 7: igor6316 ($1.05 in chips) 
Seat 8: Dr Big Bluffs ($2.47 in chips) 
Seat 9: Derevtsssova ($0.80 in chips) 
vinroy1: posts small blind $0.01
MurguMGU: posts big blind $0.02
*** HOLE CARDS ***
Dealt to Dorex2007 [Kc 7s]
v14che: folds 
AlekseyAD173: folds 
igor6316: folds 
Dr Big Bluffs: folds 
Derevtsssova: raises $0.02 to $0.04
Kelaj15203: folds 
Dorex2007: folds 
vinroy1: folds 
MurguMGU: raises $0.45 to $0.49 and is all-in
Derevtsssova: folds 
Uncalled bet ($0.45) returned to MurguMGU
MurguMGU collected $0.09 from pot
MurguMGU: doesn't show hand 
*** SUMMARY ***
Total pot $0.09 | Rake $0 
Seat 1: Kelaj15203 folded before Flop (didn't bet)
Seat 2: Dorex2007 (button) folded before Flop (didn't bet)
Seat 3: vinroy1 (small blind) folded before Flop
Seat 4: MurguMGU (big blind) collected ($0.09)
Seat 5: v14che folded before Flop (didn't bet)
Seat 6: AlekseyAD173 folded before Flop (didn't bet)
Seat 7: igor6316 folded before Flop (didn't bet)
Seat 8: Dr Big Bluffs folded before Flop (didn't bet)
Seat 9: Derevtsssova folded before Flop



PokerStars Hand #224681913867:  Hold'em No Limit ($0.01/$0.02 USD) - 2021/03/10 22:38:42 PT [2021/03/11 1:38:42 ET]
Table 'Kevo' 9-max Seat #3 is the button
Seat 1: Kelaj15203 ($2 in chips) 
Seat 2: Dorex2007 ($2.54 in chips) 
Seat 3: vinroy1 ($2.81 in chips) 
Seat 4: MurguMGU ($0.54 in chips) 
Seat 5: v14che ($2 in chips) 
Seat 6: AlekseyAD173 ($0.70 in chips) 
Seat 7: igor6316 ($1.05 in chips) 
Seat 8: Dr Big Bluffs ($2.47 in chips) 
Seat 9: Derevtsssova ($0.80 in chips) 
MurguMGU: posts small blind $0.01
v14che: posts big blind $0.02
*** HOLE CARDS ***
Dealt to Dorex2007 [8s 5h]
AlekseyAD173: folds 
igor6316: folds 
Dr Big Bluffs: calls $0.02
Derevtsssova: folds 
Kelaj15203: folds 
Dorex2007: folds 
vinroy1: folds 
MurguMGU: calls $0.01
v14che: checks 
*** FLOP *** [8d 7s Jc]
MurguMGU: checks 
v14che: checks 
Dr Big Bluffs: bets $0.06
MurguMGU: folds 
v14che: calls $0.06
*** TURN *** [8d 7s Jc] [8h]
v14che: checks 
Dr Big Bluffs: checks 
*** RIVER *** [8d 7s Jc 8h] [Ah]
v14che: checks 
Dr Big Bluffs: bets $0.12
v14che: folds 
Uncalled bet ($0.12) returned to Dr Big Bluffs
Dr Big Bluffs collected $0.17 from pot
Dr Big Bluffs: doesn't show hand 
*** SUMMARY ***
Total pot $0.18 | Rake $0.01 
Board [8d 7s Jc 8h Ah]
Seat 1: Kelaj15203 folded before Flop (didn't bet)
Seat 2: Dorex2007 folded before Flop (didn't bet)
Seat 3: vinroy1 (button) folded before Flop (didn't bet)
Seat 4: MurguMGU (small blind) folded on the Flop
Seat 5: v14che (big blind) folded on the River
Seat 6: AlekseyAD173 folded before Flop (didn't bet)
Seat 7: igor6316 folded before Flop (didn't bet)
Seat 8: Dr Big Bluffs collected ($0.17)
Seat 9: Derevtsssova folded before Flop (didn't bet)



PokerStars Hand #224681923940:  Hold'em No Limit ($0.01/$0.02 USD) - 2021/03/10 22:39:39 PT [2021/03/11 1:39:39 ET]
Table 'Kevo' 9-max Seat #4 is the button
Seat 1: Kelaj15203 ($2 in chips) 
Seat 2: Dorex2007 ($2.54 in chips) 
Seat 3: vinroy1 ($2.81 in chips) 
Seat 4: MurguMGU ($0.52 in chips) 
Seat 5: v14che ($2 in chips) 
Seat 6: AlekseyAD173 ($0.70 in chips) 
Seat 7: igor6316 ($1.05 in chips) 
Seat 8: Dr Big Bluffs ($2.56 in chips) 
Seat 9: Derevtsssova ($0.80 in chips) 
v14che: posts small blind $0.01
AlekseyAD173: posts big blind $0.02
*** HOLE CARDS ***
Dealt to Dorex2007 [3h Tc]
igor6316: folds 
Dr Big Bluffs: folds 
Derevtsssova: raises $0.04 to $0.06
Kelaj15203: folds 
igor6316 leaves the table
Dorex2007: folds 
vinroy1: folds 
MurguMGU: calls $0.06
v14che: folds 
AlekseyAD173: calls $0.04
*** FLOP *** [4h Qs 4c]
AlekseyAD173: checks 
Derevtsssova: bets $0.09
MurguMGU: folds 
AlekseyAD173: folds 
Uncalled bet ($0.09) returned to Derevtsssova
Derevtsssova collected $0.18 from pot
Derevtsssova: doesn't show hand 
gn4444 joins the table at seat #7 
*** SUMMARY ***
Total pot $0.19 | Rake $0.01 
Board [4h Qs 4c]
Seat 1: Kelaj15203 folded before Flop (didn't bet)
Seat 2: Dorex2007 folded before Flop (didn't bet)
Seat 3: vinroy1 folded before Flop (didn't bet)
Seat 4: MurguMGU (button) folded on the Flop
Seat 5: v14che (small blind) folded before Flop
Seat 6: AlekseyAD173 (big blind) folded on the Flop
Seat 7: igor6316 folded before Flop (didn't bet)
Seat 8: Dr Big Bluffs folded before Flop (didn't bet)
Seat 9: Derevtsssova collected ($0.18)



PokerStars Hand #224681929162:  Hold'em No Limit ($0.01/$0.02 USD) - 2021/03/10 22:40:08 PT [2021/03/11 1:40:08 ET]
Table 'Kevo' 9-max Seat #5 is the button
Seat 1: Kelaj15203 ($2 in chips) 
Seat 2: Dorex2007 ($2.54 in chips) 
Seat 3: vinroy1 ($2.81 in chips) 
Seat 4: MurguMGU ($0.46 in chips) 
Seat 5: v14che ($2 in chips) 
Seat 6: AlekseyAD173 ($0.64 in chips) 
Seat 7: gn4444 ($2 in chips) 
Seat 8: Dr Big Bluffs ($2.56 in chips) 
Seat 9: Derevtsssova ($0.92 in chips) 
AlekseyAD173: posts small blind $0.01
gn4444: posts big blind $0.02
*** HOLE CARDS ***
Dealt to Dorex2007 [7h 5c]
Dr Big Bluffs: calls $0.02
Derevtsssova: folds 
Kelaj15203: folds 
Dorex2007: folds 
vinroy1: folds 
MurguMGU: folds 
v14che: raises $0.06 to $0.08
AlekseyAD173: calls $0.07
gn4444: calls $0.06
Dr Big Bluffs: calls $0.06
*** FLOP *** [8h 5s Js]
AlekseyAD173: checks 
gn4444: checks 
Dr Big Bluffs: checks 
v14che: bets $0.23
AlekseyAD173: folds 
gn4444: folds 
Dr Big Bluffs: calls $0.23
*** TURN *** [8h 5s Js] [6d]
Dr Big Bluffs: bets $0.10
v14che: calls $0.10
*** RIVER *** [8h 5s Js 6d] [Kc]
Dr Big Bluffs: bets $0.06
v14che: calls $0.06
*** SHOW DOWN ***
Dr Big Bluffs: shows [3s As] (high card Ace)
v14che: shows [8s 8c] (three of a kind, Eights)
v14che collected $1.06 from pot
*** SUMMARY ***
Total pot $1.10 | Rake $0.04 
Board [8h 5s Js 6d Kc]
Seat 1: Kelaj15203 folded before Flop (didn't bet)
Seat 2: Dorex2007 folded before Flop (didn't bet)
Seat 3: vinroy1 folded before Flop (didn't bet)
Seat 4: MurguMGU folded before Flop (didn't bet)
Seat 5: v14che (button) showed [8s 8c] and won ($1.06) with three of a kind, Eights
Seat 6: AlekseyAD173 (small blind) folded on the Flop
Seat 7: gn4444 (big blind) folded on the Flop
Seat 8: Dr Big Bluffs showed [3s As] and lost with high card Ace
Seat 9: Derevtsssova folded before Flop (didn't bet)



PokerStars Hand #224681940616:  Hold'em No Limit ($0.01/$0.02 USD) - 2021/03/10 22:41:12 PT [2021/03/11 1:41:12 ET]
Table 'Kevo' 9-max Seat #6 is the button
Seat 1: Kelaj15203 ($2 in chips) 
Seat 2: Dorex2007 ($2.54 in chips) 
Seat 3: vinroy1 ($2.81 in chips) 
Seat 4: MurguMGU ($0.46 in chips) 
Seat 5: v14che ($2.59 in chips) 
Seat 6: AlekseyAD173 ($0.56 in chips) 
Seat 7: gn4444 ($2 in chips) 
Seat 8: Dr Big Bluffs ($2.09 in chips) 
Seat 9: Derevtsssova ($0.92 in chips) 
gn4444: posts small blind $0.01
Dr Big Bluffs: posts big blind $0.02
*** HOLE CARDS ***
Dealt to Dorex2007 [5d Js]
Derevtsssova: folds 
Kelaj15203: folds 
Dorex2007: folds 
vinroy1: folds 
MurguMGU: folds 
v14che: folds 
AlekseyAD173: folds 
gn4444: folds 
Uncalled bet ($0.01) returned to Dr Big Bluffs
Dr Big Bluffs collected $0.02 from pot
Dr Big Bluffs: doesn't show hand 
*** SUMMARY ***
Total pot $0.02 | Rake $0 
Seat 1: Kelaj15203 folded before Flop (didn't bet)
Seat 2: Dorex2007 folded before Flop (didn't bet)
Seat 3: vinroy1 folded before Flop (didn't bet)
Seat 4: MurguMGU folded before Flop (didn't bet)
Seat 5: v14che folded before Flop (didn't bet)
Seat 6: AlekseyAD173 (button) folded before Flop (didn't bet)
Seat 7: gn4444 (small blind) folded before Flop
Seat 8: Dr Big Bluffs (big blind) collected ($0.02)
Seat 9: Derevtsssova folded before Flop (didn't bet)



PokerStars Hand #224681942933:  Hold'em No Limit ($0.01/$0.02 USD) - 2021/03/10 22:41:25 PT [2021/03/11 1:41:25 ET]
Table 'Kevo' 9-max Seat #7 is the button
Seat 1: Kelaj15203 ($2 in chips) 
Seat 2: Dorex2007 ($2.54 in chips) 
Seat 3: vinroy1 ($2.81 in chips) 
Seat 4: MurguMGU ($0.46 in chips) 
Seat 5: v14che ($2.59 in chips) 
Seat 6: AlekseyAD173 ($0.56 in chips) 
Seat 7: gn4444 ($1.99 in chips) 
Seat 8: Dr Big Bluffs ($2.10 in chips) 
Seat 9: Derevtsssova ($0.92 in chips) 
Dr Big Bluffs: posts small blind $0.01
Derevtsssova: posts big blind $0.02
*** HOLE CARDS ***
Dealt to Dorex2007 [7h 5h]
Kelaj15203: folds 
Dorex2007: folds 
vinroy1: folds 
MurguMGU: calls $0.02
v14che: folds 
AlekseyAD173: folds 
gn4444: raises $0.04 to $0.06
Dr Big Bluffs: folds 
Derevtsssova: calls $0.04
MurguMGU: calls $0.04
*** FLOP *** [Jc 2h Jd]
Derevtsssova: checks 
MurguMGU: checks 
gn4444: checks 
*** TURN *** [Jc 2h Jd] [Ks]
Derevtsssova: checks 
MurguMGU: checks 
gn4444: checks 
*** RIVER *** [Jc 2h Jd Ks] [7c]
Derevtsssova: checks 
MurguMGU: checks 
gn4444: bets $0.09
Derevtsssova: folds 
MurguMGU: folds 
Uncalled bet ($0.09) returned to gn4444
gn4444 collected $0.18 from pot
gn4444: doesn't show hand 
*** SUMMARY ***
Total pot $0.19 | Rake $0.01 
Board [Jc 2h Jd Ks 7c]
Seat 1: Kelaj15203 folded before Flop (didn't bet)
Seat 2: Dorex2007 folded before Flop (didn't bet)
Seat 3: vinroy1 folded before Flop (didn't bet)
Seat 4: MurguMGU folded on the River
Seat 5: v14che folded before Flop (didn't bet)
Seat 6: AlekseyAD173 folded before Flop (didn't bet)
Seat 7: gn4444 (button) collected ($0.18)
Seat 8: Dr Big Bluffs (small blind) folded before Flop
Seat 9: Derevtsssova (big blind) folded on the River



PokerStars Hand #224681954284:  Hold'em No Limit ($0.01/$0.02 USD) - 2021/03/10 22:42:30 PT [2021/03/11 1:42:30 ET]
Table 'Kevo' 9-max Seat #8 is the button
Seat 1: Kelaj15203 ($2 in chips) 
Seat 2: Dorex2007 ($2.54 in chips) 
Seat 3: vinroy1 ($2.81 in chips) 
Seat 4: MurguMGU ($0.40 in chips) 
Seat 5: v14che ($2.59 in chips) 
Seat 6: AlekseyAD173 ($0.56 in chips) 
Seat 7: gn4444 ($2.11 in chips) 
Seat 8: Dr Big Bluffs ($2.09 in chips) 
Seat 9: Derevtsssova ($0.86 in chips) 
Derevtsssova: posts small blind $0.01
Kelaj15203: posts big blind $0.02
*** HOLE CARDS ***
Dealt to Dorex2007 [Ad Qd]
Dorex2007: raises $0.04 to $0.06
vinroy1: folds 
MurguMGU: folds 
v14che: folds 
AlekseyAD173: folds 
gn4444: folds 
Dr Big Bluffs: folds 
Derevtsssova: folds 
Kelaj15203: calls $0.04
*** FLOP *** [Jh 2s 6h]
Kelaj15203: bets $0.09
Dorex2007: calls $0.09
*** TURN *** [Jh 2s 6h] [3s]
Kelaj15203: bets $0.20
Dorex2007: folds 
Uncalled bet ($0.20) returned to Kelaj15203
Kelaj15203 collected $0.30 from pot
*** SUMMARY ***
Total pot $0.31 | Rake $0.01 
Board [Jh 2s 6h 3s]
Seat 1: Kelaj15203 (big blind) collected ($0.30)
Seat 2: Dorex2007 folded on the Turn
Seat 3: vinroy1 folded before Flop (didn't bet)
Seat 4: MurguMGU folded before Flop (didn't bet)
Seat 5: v14che folded before Flop (didn't bet)
Seat 6: AlekseyAD173 folded before Flop (didn't bet)
Seat 7: gn4444 folded before Flop (didn't bet)
Seat 8: Dr Big Bluffs (button) folded before Flop (didn't bet)
Seat 9: Derevtsssova (small blind) folded before Flop



PokerStars Hand #224681963798:  Hold'em No Limit ($0.01/$0.02 USD) - 2021/03/10 22:43:23 PT [2021/03/11 1:43:23 ET]
Table 'Kevo' 9-max Seat #9 is the button
Seat 1: Kelaj15203 ($2.15 in chips) 
Seat 2: Dorex2007 ($2.39 in chips) 
Seat 3: vinroy1 ($2.81 in chips) 
Seat 4: MurguMGU ($0.40 in chips) 
Seat 5: v14che ($2.59 in chips) 
Seat 6: AlekseyAD173 ($0.56 in chips) 
Seat 7: gn4444 ($2.11 in chips) 
Seat 8: Dr Big Bluffs ($2.09 in chips) 
Seat 9: Derevtsssova ($0.85 in chips) 
Kelaj15203: posts small blind $0.01
Dorex2007: posts big blind $0.02
*** HOLE CARDS ***
Dealt to Dorex2007 [Ts 9s]
vinroy1: calls $0.02
MurguMGU: folds 
v14che: folds 
AlekseyAD173: calls $0.02
gn4444: folds 
Dr Big Bluffs: calls $0.02
Derevtsssova: raises $0.11 to $0.13
Kelaj15203: folds 
Dorex2007: folds 
vinroy1: folds 
AlekseyAD173: folds 
Dr Big Bluffs: calls $0.11
*** FLOP *** [Ad 6s 5c]
Dr Big Bluffs: checks 
Derevtsssova: bets $0.72 and is all-in
Dr Big Bluffs: folds 
Uncalled bet ($0.72) returned to Derevtsssova
Derevtsssova collected $0.32 from pot
Derevtsssova: doesn't show hand 
*** SUMMARY ***
Total pot $0.33 | Rake $0.01 
Board [Ad 6s 5c]
Seat 1: Kelaj15203 (small blind) folded before Flop
Seat 2: Dorex2007 (big blind) folded before Flop
Seat 3: vinroy1 folded before Flop
Seat 4: MurguMGU folded before Flop (didn't bet)
Seat 5: v14che folded before Flop (didn't bet)
Seat 6: AlekseyAD173 folded before Flop
Seat 7: gn4444 folded before Flop (didn't bet)
Seat 8: Dr Big Bluffs folded on the Flop
Seat 9: Derevtsssova (button) collected ($0.32)



PokerStars Hand #224681972427:  Hold'em No Limit ($0.01/$0.02 USD) - 2021/03/10 22:44:12 PT [2021/03/11 1:44:12 ET]
Table 'Kevo' 9-max Seat #1 is the button
Seat 1: Kelaj15203 ($2.14 in chips) 
Seat 2: Dorex2007 ($2.37 in chips) 
Seat 3: vinroy1 ($2.79 in chips) 
Seat 4: MurguMGU ($0.40 in chips) 
Seat 5: v14che ($2.59 in chips) 
Seat 6: AlekseyAD173 ($0.54 in chips) 
Seat 7: gn4444 ($2.11 in chips) 
Seat 8: Dr Big Bluffs ($1.96 in chips) 
Seat 9: Derevtsssova ($1.04 in chips) 
Dorex2007: posts small blind $0.01
vinroy1: posts big blind $0.02
*** HOLE CARDS ***
Dealt to Dorex2007 [2h As]
MurguMGU: calls $0.02
v14che: folds 
AlekseyAD173: folds 
gn4444: calls $0.02
Dr Big Bluffs: raises $1.94 to $1.96 and is all-in
Derevtsssova: folds 
Kelaj15203: folds 
Dorex2007: folds 
vinroy1: folds 
MurguMGU: folds 
gn4444: folds 
Uncalled bet ($1.94) returned to Dr Big Bluffs
Dr Big Bluffs collected $0.09 from pot
Dr Big Bluffs: doesn't show hand 
*** SUMMARY ***
Total pot $0.09 | Rake $0 
Seat 1: Kelaj15203 (button) folded before Flop (didn't bet)
Seat 2: Dorex2007 (small blind) folded before Flop
Seat 3: vinroy1 (big blind) folded before Flop
Seat 4: MurguMGU folded before Flop
Seat 5: v14che folded before Flop (didn't bet)
Seat 6: AlekseyAD173 folded before Flop (didn't bet)
Seat 7: gn4444 folded before Flop
Seat 8: Dr Big Bluffs collected ($0.09)
Seat 9: Derevtsssova folded before Flop (didn't bet)



PokerStars Hand #224681976757:  Hold'em No Limit ($0.01/$0.02 USD) - 2021/03/10 22:44:36 PT [2021/03/11 1:44:36 ET]
Table 'Kevo' 9-max Seat #2 is the button
Seat 1: Kelaj15203 ($2.14 in chips) 
Seat 2: Dorex2007 ($2.36 in chips) 
Seat 3: vinroy1 ($2.77 in chips) 
Seat 4: MurguMGU ($0.38 in chips) 
Seat 5: v14che ($2.59 in chips) 
Seat 6: AlekseyAD173 ($0.54 in chips) 
Seat 7: gn4444 ($2.09 in chips) 
Seat 8: Dr Big Bluffs ($2.03 in chips) 
Seat 9: Derevtsssova ($1.04 in chips) 
vinroy1: posts small blind $0.01
MurguMGU: posts big blind $0.02
*** HOLE CARDS ***
Dealt to Dorex2007 [8h As]
v14che: folds 
AlekseyAD173: folds 
gn4444: folds 
Dr Big Bluffs: folds 
Derevtsssova: folds 
Kelaj15203: folds 
Dorex2007: raises $0.04 to $0.06
vinroy1: folds 
MurguMGU: raises $0.32 to $0.38 and is all-in
Dorex2007: calls $0.32
*** FLOP *** [Qs 4s 6d]
*** TURN *** [Qs 4s 6d] [Jc]
*** RIVER *** [Qs 4s 6d Jc] [4d]
*** SHOW DOWN ***
MurguMGU: shows [Jd Tc] (two pair, Jacks and Fours)
Dorex2007: shows [8h As] (a pair of Fours)
MurguMGU collected $0.74 from pot
*** SUMMARY ***
Total pot $0.77 | Rake $0.03 
Board [Qs 4s 6d Jc 4d]
Seat 1: Kelaj15203 folded before Flop (didn't bet)
Seat 2: Dorex2007 (button) showed [8h As] and lost with a pair of Fours
Seat 3: vinroy1 (small blind) folded before Flop
Seat 4: MurguMGU (big blind) showed [Jd Tc] and won ($0.74) with two pair, Jacks and Fours
Seat 5: v14che folded before Flop (didn't bet)
Seat 6: AlekseyAD173 folded before Flop (didn't bet)
Seat 7: gn4444 folded before Flop (didn't bet)
Seat 8: Dr Big Bluffs folded before Flop (didn't bet)
Seat 9: Derevtsssova folded before Flop (didn't bet)



PokerStars Hand #224681984429:  Hold'em No Limit ($0.01/$0.02 USD) - 2021/03/10 22:45:19 PT [2021/03/11 1:45:19 ET]
Table 'Kevo' 9-max Seat #3 is the button
Seat 1: Kelaj15203 ($2.14 in chips) 
Seat 2: Dorex2007 ($1.98 in chips) 
Seat 3: vinroy1 ($2.76 in chips) 
Seat 4: MurguMGU ($0.74 in chips) 
Seat 5: v14che ($2.59 in chips) 
Seat 6: AlekseyAD173 ($0.54 in chips) 
Seat 7: gn4444 ($2.09 in chips) 
Seat 8: Dr Big Bluffs ($2.03 in chips) 
Seat 9: Derevtsssova ($1.04 in chips) 
MurguMGU: posts small blind $0.01
v14che: posts big blind $0.02
*** HOLE CARDS ***
Dealt to Dorex2007 [6c Ac]
AlekseyAD173: folds 
gn4444: folds 
Dr Big Bluffs: calls $0.02
Derevtsssova: folds 
Kelaj15203: folds 
Dorex2007: raises $0.04 to $0.06
vinroy1: calls $0.06
MurguMGU: calls $0.05
v14che: folds 
Dr Big Bluffs: calls $0.04
*** FLOP *** [3h 6d Ks]
MurguMGU: checks 
Dr Big Bluffs: bets $0.02
Dorex2007: raises $0.15 to $0.17
vinroy1: folds 
MurguMGU: folds 
Dr Big Bluffs: calls $0.15
*** TURN *** [3h 6d Ks] [9d]
Dr Big Bluffs: checks 
Dorex2007: checks 
*** RIVER *** [3h 6d Ks 9d] [3d]
Dr Big Bluffs: bets $0.20
Dorex2007: folds 
Uncalled bet ($0.20) returned to Dr Big Bluffs
Dr Big Bluffs collected $0.58 from pot
Dr Big Bluffs: doesn't show hand 
*** SUMMARY ***
Total pot $0.60 | Rake $0.02 
Board [3h 6d Ks 9d 3d]
Seat 1: Kelaj15203 folded before Flop (didn't bet)
Seat 2: Dorex2007 folded on the River
Seat 3: vinroy1 (button) folded on the Flop
Seat 4: MurguMGU (small blind) folded on the Flop
Seat 5: v14che (big blind) folded before Flop
Seat 6: AlekseyAD173 folded before Flop (didn't bet)
Seat 7: gn4444 folded before Flop (didn't bet)
Seat 8: Dr Big Bluffs collected ($0.58)
Seat 9: Derevtsssova folded before Flop (didn't bet)



PokerStars Hand #224682000837:  Hold'em No Limit ($0.01/$0.02 USD) - 2021/03/10 22:46:22 PT [2021/03/11 1:46:22 ET]
Table 'Kevo' 9-max Seat #4 is the button
Seat 1: Kelaj15203 ($2.14 in chips) 
Seat 2: Dorex2007 ($1.75 in chips) 
Seat 3: vinroy1 ($2.70 in chips) 
Seat 4: MurguMGU ($0.68 in chips) 
Seat 5: v14che ($2.57 in chips) 
Seat 6: AlekseyAD173 ($0.54 in chips) 
Seat 7: gn4444 ($2.09 in chips) 
Seat 8: Dr Big Bluffs ($2.38 in chips) 
Seat 9: Derevtsssova ($1.04 in chips) 
v14che: posts small blind $0.01
AlekseyAD173: posts big blind $0.02
*** HOLE CARDS ***
Dealt to Dorex2007 [9c Qh]
gn4444: folds 
Dr Big Bluffs: calls $0.02
Derevtsssova: raises $0.04 to $0.06
Kelaj15203: folds 
Dorex2007: folds 
vinroy1: folds 
MurguMGU: folds 
v14che: folds 
AlekseyAD173: calls $0.04
Dr Big Bluffs: calls $0.04
*** FLOP *** [4h 9d 6s]
AlekseyAD173: checks 
Dr Big Bluffs: bets $0.02
Derevtsssova: raises $0.11 to $0.13
AlekseyAD173: folds 
Dr Big Bluffs: raises $0.75 to $0.88
Derevtsssova: raises $0.10 to $0.98 and is all-in
Dr Big Bluffs: calls $0.10
*** TURN *** [4h 9d 6s] [7d]
*** RIVER *** [4h 9d 6s 7d] [Qd]
*** SHOW DOWN ***
Dr Big Bluffs: shows [9s Jd] (a pair of Nines)
Derevtsssova: shows [Ad Kd] (a flush, Ace high)
Derevtsssova collected $2.07 from pot
*** SUMMARY ***
Total pot $2.15 | Rake $0.08 
Board [4h 9d 6s 7d Qd]
Seat 1: Kelaj15203 folded before Flop (didn't bet)
Seat 2: Dorex2007 folded before Flop (didn't bet)
Seat 3: vinroy1 folded before Flop (didn't bet)
Seat 4: MurguMGU (button) folded before Flop (didn't bet)
Seat 5: v14che (small blind) folded before Flop
Seat 6: AlekseyAD173 (big blind) folded on the Flop
Seat 7: gn4444 folded before Flop (didn't bet)
Seat 8: Dr Big Bluffs showed [9s Jd] and lost with a pair of Nines
Seat 9: Derevtsssova showed [Ad Kd] and won ($2.07) with a flush, Ace high



PokerStars Hand #224682012997:  Hold'em No Limit ($0.01/$0.02 USD) - 2021/03/10 22:47:31 PT [2021/03/11 1:47:31 ET]
Table 'Kevo' 9-max Seat #5 is the button
Seat 1: Kelaj15203 ($2.14 in chips) 
Seat 2: Dorex2007 ($2 in chips) 
Seat 3: vinroy1 ($2.70 in chips) 
Seat 4: MurguMGU ($0.68 in chips) 
Seat 5: v14che ($2.56 in chips) 
Seat 6: AlekseyAD173 ($0.48 in chips) 
Seat 7: gn4444 ($2.09 in chips) 
Seat 8: Dr Big Bluffs ($1.34 in chips) 
Seat 9: Derevtsssova ($2.07 in chips) 
AlekseyAD173: posts small blind $0.01
gn4444: posts big blind $0.02
*** HOLE CARDS ***
Dealt to Dorex2007 [2d Kh]
Dr Big Bluffs has timed out
Dr Big Bluffs: folds 
Derevtsssova: folds 
Kelaj15203: folds 
Dorex2007: folds 
vinroy1: folds 
MurguMGU: calls $0.02
v14che: folds 
AlekseyAD173: calls $0.01
gn4444: checks 
*** FLOP *** [8s 7d 4d]
AlekseyAD173: checks 
gn4444: checks 
MurguMGU: bets $0.10
AlekseyAD173: calls $0.10
gn4444: folds 
*** TURN *** [8s 7d 4d] [Jc]
AlekseyAD173: checks 
MurguMGU: bets $0.12
AlekseyAD173: calls $0.12
*** RIVER *** [8s 7d 4d Jc] [Tc]
AlekseyAD173: bets $0.24 and is all-in
MurguMGU: folds 
Uncalled bet ($0.24) returned to AlekseyAD173
AlekseyAD173 collected $0.48 from pot
*** SUMMARY ***
Total pot $0.50 | Rake $0.02 
Board [8s 7d 4d Jc Tc]
Seat 1: Kelaj15203 folded before Flop (didn't bet)
Seat 2: Dorex2007 folded before Flop (didn't bet)
Seat 3: vinroy1 folded before Flop (didn't bet)
Seat 4: MurguMGU folded on the River
Seat 5: v14che (button) folded before Flop (didn't bet)
Seat 6: AlekseyAD173 (small blind) collected ($0.48)
Seat 7: gn4444 (big blind) folded on the Flop
Seat 8: Dr Big Bluffs folded before Flop (didn't bet)
Seat 9: Derevtsssova folded before Flop (didn't bet)



PokerStars Hand #224682021618:  Hold'em No Limit ($0.01/$0.02 USD) - 2021/03/10 22:48:20 PT [2021/03/11 1:48:20 ET]
Table 'Kevo' 9-max Seat #6 is the button
Seat 1: Kelaj15203 ($2.14 in chips) 
Seat 2: Dorex2007 ($2 in chips) 
Seat 3: vinroy1 ($2.70 in chips) 
Seat 4: MurguMGU ($0.44 in chips) 
Seat 5: v14che ($2.56 in chips) 
Seat 6: AlekseyAD173 ($0.72 in chips) 
Seat 7: gn4444 ($2.07 in chips) 
Seat 8: Dr Big Bluffs ($1.34 in chips) 
Seat 9: Derevtsssova ($2.07 in chips) 
gn4444: posts small blind $0.01
Dr Big Bluffs: posts big blind $0.02
*** HOLE CARDS ***
Dealt to Dorex2007 [8d 2s]
Derevtsssova: folds 
Kelaj15203: folds 
Dorex2007: folds 
vinroy1: folds 
MurguMGU: calls $0.02
v14che: folds 
AlekseyAD173: calls $0.02
gn4444: folds 
Dr Big Bluffs: checks 
*** FLOP *** [6d Qh Ts]
Dr Big Bluffs: checks 
MurguMGU: checks 
AlekseyAD173: bets $0.07
Dr Big Bluffs: folds 
MurguMGU: folds 
Uncalled bet ($0.07) returned to AlekseyAD173
AlekseyAD173 collected $0.07 from pot
*** SUMMARY ***
Total pot $0.07 | Rake $0 
Board [6d Qh Ts]
Seat 1: Kelaj15203 folded before Flop (didn't bet)
Seat 2: Dorex2007 folded before Flop (didn't bet)
Seat 3: vinroy1 folded before Flop (didn't bet)
Seat 4: MurguMGU folded on the Flop
Seat 5: v14che folded before Flop (didn't bet)
Seat 6: AlekseyAD173 (button) collected ($0.07)
Seat 7: gn4444 (small blind) folded before Flop
Seat 8: Dr Big Bluffs (big blind) folded on the Flop
Seat 9: Derevtsssova folded before Flop (didn't bet)



PokerStars Hand #224682027012:  Hold'em No Limit ($0.01/$0.02 USD) - 2021/03/10 22:48:51 PT [2021/03/11 1:48:51 ET]
Table 'Kevo' 9-max Seat #7 is the button
Seat 1: Kelaj15203 ($2.14 in chips) 
Seat 2: Dorex2007 ($2 in chips) 
Seat 3: vinroy1 ($2.70 in chips) 
Seat 4: MurguMGU ($0.42 in chips) 
Seat 5: v14che ($2.56 in chips) 
Seat 6: AlekseyAD173 ($0.77 in chips) 
Seat 7: gn4444 ($2.06 in chips) 
Seat 8: Dr Big Bluffs ($1.32 in chips) 
Seat 9: Derevtsssova ($2.07 in chips) 
Dr Big Bluffs: posts small blind $0.01
Derevtsssova: posts big blind $0.02
*** HOLE CARDS ***
Dealt to Dorex2007 [Ks Qd]
Kelaj15203: folds 
Kelaj15203 leaves the table
Dorex2007: raises $0.04 to $0.06
vinroy1: folds 
MurguMGU: folds 
v14che: folds 
AlekseyAD173: folds 
gn4444: folds 
Dr Big Bluffs: calls $0.05
Derevtsssova: folds 
*** FLOP *** [9c 7d 4s]
Dr Big Bluffs: bets $0.02
Dorex2007: calls $0.02
*** TURN *** [9c 7d 4s] [7h]
Dr Big Bluffs: bets $0.09
Dorex2007: calls $0.09
*** RIVER *** [9c 7d 4s 7h] [6c]
Dr Big Bluffs: checks 
infiniti888 joins the table at seat #1 
Dorex2007: bets $0.23
Dr Big Bluffs: folds 
Uncalled bet ($0.23) returned to Dorex2007
Dorex2007 collected $0.35 from pot
Dorex2007: doesn't show hand 
*** SUMMARY ***
Total pot $0.36 | Rake $0.01 
Board [9c 7d 4s 7h 6c]
Seat 1: Kelaj15203 folded before Flop (didn't bet)
Seat 2: Dorex2007 collected ($0.35)
Seat 3: vinroy1 folded before Flop (didn't bet)
Seat 4: MurguMGU folded before Flop (didn't bet)
Seat 5: v14che folded before Flop (didn't bet)
Seat 6: AlekseyAD173 folded before Flop (didn't bet)
Seat 7: gn4444 (button) folded before Flop (didn't bet)
Seat 8: Dr Big Bluffs (small blind) folded on the River
Seat 9: Derevtsssova (big blind) folded before Flop



PokerStars Hand #224682034128:  Hold'em No Limit ($0.01/$0.02 USD) - 2021/03/10 22:49:30 PT [2021/03/11 1:49:30 ET]
Table 'Kevo' 9-max Seat #8 is the button
Seat 1: infiniti888 ($0.80 in chips) 
Seat 2: Dorex2007 ($2.18 in chips) 
Seat 3: vinroy1 ($2.70 in chips) 
Seat 4: MurguMGU ($0.42 in chips) 
Seat 5: v14che ($2.56 in chips) 
Seat 6: AlekseyAD173 ($0.77 in chips) 
Seat 7: gn4444 ($2.06 in chips) 
Seat 8: Dr Big Bluffs ($1.15 in chips) 
Seat 9: Derevtsssova ($2.05 in chips) 
Derevtsssova: posts small blind $0.01
infiniti888: posts big blind $0.02
*** HOLE CARDS ***
Dealt to Dorex2007 [6c 9h]
Dorex2007: folds 
vinroy1: folds 
MurguMGU: raises $0.40 to $0.42 and is all-in
v14che: folds 
AlekseyAD173: folds 
gn4444: folds 
Dr Big Bluffs: calls $0.42
AlekseyAD173 leaves the table
Derevtsssova: folds 
infiniti888: folds 
RazvanBabanu joins the table at seat #6 
*** FLOP *** [5s 5h 4h]
*** TURN *** [5s 5h 4h] [Qs]
*** RIVER *** [5s 5h 4h Qs] [2d]
*** SHOW DOWN ***
MurguMGU: shows [9s Ks] (a pair of Fives)
Dr Big Bluffs: shows [Ad 3h] (a straight, Ace to Five)
Dr Big Bluffs collected $0.84 from pot
*** SUMMARY ***
Total pot $0.87 | Rake $0.03 
Board [5s 5h 4h Qs 2d]
Seat 1: infiniti888 (big blind) folded before Flop
Seat 2: Dorex2007 folded before Flop (didn't bet)
Seat 3: vinroy1 folded before Flop (didn't bet)
Seat 4: MurguMGU showed [9s Ks] and lost with a pair of Fives
Seat 5: v14che folded before Flop (didn't bet)
Seat 6: AlekseyAD173 folded before Flop (didn't bet)
Seat 7: gn4444 folded before Flop (didn't bet)
Seat 8: Dr Big Bluffs (button) showed [Ad 3h] and won ($0.84) with a straight, Ace to Five
Seat 9: Derevtsssova (small blind) folded before Flop



PokerStars Hand #224682039336:  Hold'em No Limit ($0.01/$0.02 USD) - 2021/03/10 22:49:59 PT [2021/03/11 1:49:59 ET]
Table 'Kevo' 9-max Seat #9 is the button
Seat 1: infiniti888 ($0.78 in chips) 
Seat 2: Dorex2007 ($2.18 in chips) 
Seat 3: vinroy1 ($2.70 in chips) 
Seat 5: v14che ($2.56 in chips) 
Seat 6: RazvanBabanu ($2 in chips) 
Seat 7: gn4444 ($2.06 in chips) 
Seat 8: Dr Big Bluffs ($1.57 in chips) 
Seat 9: Derevtsssova ($2.04 in chips) 
infiniti888: posts small blind $0.01
Dorex2007: posts big blind $0.02
RazvanBabanu: posts big blind $0.02
*** HOLE CARDS ***
Dealt to Dorex2007 [9c 9d]
vinroy1: folds 
v14che: folds 
RazvanBabanu: checks 
gn4444: folds 
Dr Big Bluffs: folds 
Derevtsssova: raises $0.02 to $0.04
infiniti888: folds 
Dorex2007: raises $0.10 to $0.14
RazvanBabanu: folds 
Derevtsssova: calls $0.10
*** FLOP *** [Qs 6d 7s]
Dorex2007: bets $0.15
Derevtsssova: calls $0.15
*** TURN *** [Qs 6d 7s] [4d]
Dorex2007: checks 
Derevtsssova: checks 
*** RIVER *** [Qs 6d 7s 4d] [2h]
Dorex2007: bets $0.30
Derevtsssova: folds 
Uncalled bet ($0.30) returned to Dorex2007
Dorex2007 collected $0.59 from pot
Dorex2007: doesn't show hand 
*** SUMMARY ***
Total pot $0.61 | Rake $0.02 
Board [Qs 6d 7s 4d 2h]
Seat 1: infiniti888 (small blind) folded before Flop
Seat 2: Dorex2007 (big blind) collected ($0.59)
Seat 3: vinroy1 folded before Flop (didn't bet)
Seat 5: v14che folded before Flop (didn't bet)
Seat 6: RazvanBabanu folded before Flop (didn't bet)
Seat 7: gn4444 folded before Flop (didn't bet)
Seat 8: Dr Big Bluffs folded before Flop (didn't bet)
Seat 9: Derevtsssova (button) folded on the River



PokerStars Hand #224682051226:  Hold'em No Limit ($0.01/$0.02 USD) - 2021/03/10 22:51:07 PT [2021/03/11 1:51:07 ET]
Table 'Kevo' 9-max Seat #1 is the button
Seat 1: infiniti888 ($0.77 in chips) 
Seat 2: Dorex2007 ($2.48 in chips) 
Seat 3: vinroy1 ($2.70 in chips) 
Seat 4: MurguMGU ($2 in chips) 
Seat 5: v14che ($2.56 in chips) 
Seat 6: RazvanBabanu ($1.98 in chips) 
Seat 7: gn4444 ($2.06 in chips) 
Seat 8: Dr Big Bluffs ($1.57 in chips) 
Seat 9: Derevtsssova ($1.75 in chips) 
Dorex2007: posts small blind $0.01
vinroy1: posts big blind $0.02
*** HOLE CARDS ***
Dealt to Dorex2007 [2c Qd]
MurguMGU: calls $0.02
v14che: folds 
RazvanBabanu: folds 
gn4444: folds 
Dr Big Bluffs: calls $0.02
Derevtsssova: folds 
infiniti888: folds 
Dorex2007: calls $0.01
vinroy1: checks 
*** FLOP *** [2d Qc 9s]
Dorex2007: bets $0.08
vinroy1: calls $0.08
MurguMGU: calls $0.08
Dr Big Bluffs: folds 
*** TURN *** [2d Qc 9s] [5d]
Dorex2007: bets $0.31
vinroy1: folds 
MurguMGU: folds 
Uncalled bet ($0.31) returned to Dorex2007
Dorex2007 collected $0.31 from pot
Dorex2007: doesn't show hand 
*** SUMMARY ***
Total pot $0.32 | Rake $0.01 
Board [2d Qc 9s 5d]
Seat 1: infiniti888 (button) folded before Flop (didn't bet)
Seat 2: Dorex2007 (small blind) collected ($0.31)
Seat 3: vinroy1 (big blind) folded on the Turn
Seat 4: MurguMGU folded on the Turn
Seat 5: v14che folded before Flop (didn't bet)
Seat 6: RazvanBabanu folded before Flop (didn't bet)
Seat 7: gn4444 folded before Flop (didn't bet)
Seat 8: Dr Big Bluffs folded on the Flop
Seat 9: Derevtsssova folded before Flop (didn't bet)



PokerStars Hand #224682058282:  Hold'em No Limit ($0.01/$0.02 USD) - 2021/03/10 22:51:47 PT [2021/03/11 1:51:47 ET]
Table 'Kevo' 9-max Seat #2 is the button
Seat 1: infiniti888 ($0.77 in chips) 
Seat 2: Dorex2007 ($2.69 in chips) 
Seat 3: vinroy1 ($2.60 in chips) 
Seat 4: MurguMGU ($1.90 in chips) 
Seat 5: v14che ($2.56 in chips) 
Seat 6: RazvanBabanu ($1.98 in chips) 
Seat 7: gn4444 ($2.06 in chips) 
Seat 8: Dr Big Bluffs ($1.55 in chips) 
Seat 9: Derevtsssova ($1.75 in chips) 
vinroy1: posts small blind $0.01
MurguMGU: posts big blind $0.02
*** HOLE CARDS ***
Dealt to Dorex2007 [Ks 8s]
v14che: folds 
RazvanBabanu: calls $0.02
gn4444: folds 
Dr Big Bluffs: calls $0.02
Derevtsssova: folds 
infiniti888: folds 
Dorex2007: calls $0.02
vinroy1: calls $0.01
MurguMGU: checks 
*** FLOP *** [Ad 8h 9h]
vinroy1: checks 
MurguMGU: checks 
RazvanBabanu: bets $0.05
Dr Big Bluffs: folds 
Dorex2007: folds 
vinroy1: calls $0.05
MurguMGU: folds 
*** TURN *** [Ad 8h 9h] [Ts]
vinroy1: checks 
RazvanBabanu: checks 
*** RIVER *** [Ad 8h 9h Ts] [Th]
vinroy1: checks 
RazvanBabanu: bets $0.10
vinroy1: folds 
Uncalled bet ($0.10) returned to RazvanBabanu
RazvanBabanu collected $0.19 from pot
RazvanBabanu: doesn't show hand 
*** SUMMARY ***
Total pot $0.20 | Rake $0.01 
Board [Ad 8h 9h Ts Th]
Seat 1: infiniti888 folded before Flop (didn't bet)
Seat 2: Dorex2007 (button) folded on the Flop
Seat 3: vinroy1 (small blind) folded on the River
Seat 4: MurguMGU (big blind) folded on the Flop
Seat 5: v14che folded before Flop (didn't bet)
Seat 6: RazvanBabanu collected ($0.19)
Seat 7: gn4444 folded before Flop (didn't bet)
Seat 8: Dr Big Bluffs folded on the Flop
Seat 9: Derevtsssova folded before Flop (didn't bet)



PokerStars Hand #224682067164:  Hold'em No Limit ($0.01/$0.02 USD) - 2021/03/10 22:52:37 PT [2021/03/11 1:52:37 ET]
Table 'Kevo' 9-max Seat #3 is the button
Seat 1: infiniti888 ($0.77 in chips) 
Seat 2: Dorex2007 ($2.67 in chips) 
Seat 3: vinroy1 ($2.53 in chips) 
Seat 4: MurguMGU ($1.88 in chips) 
Seat 5: v14che ($2.56 in chips) 
Seat 6: RazvanBabanu ($2.10 in chips) 
Seat 7: gn4444 ($2.06 in chips) 
Seat 8: Dr Big Bluffs ($1.53 in chips) 
Seat 9: Derevtsssova ($1.75 in chips) 
MurguMGU: posts small blind $0.01
v14che: posts big blind $0.02
*** HOLE CARDS ***
Dealt to Dorex2007 [Qs 8s]
RazvanBabanu: folds 
gn4444: folds 
Dr Big Bluffs: raises $0.02 to $0.04
Derevtsssova: calls $0.04
infiniti888: folds 
Dorex2007: folds 
vinroy1: folds 
MurguMGU: calls $0.03
v14che: calls $0.02
*** FLOP *** [5c 9s 2c]
MurguMGU: checks 
v14che: checks 
Dr Big Bluffs: bets $0.12
Derevtsssova: calls $0.12
MurguMGU: folds 
v14che: folds 
*** TURN *** [5c 9s 2c] [4s]
Dr Big Bluffs: bets $0.08
Derevtsssova: calls $0.08
*** RIVER *** [5c 9s 2c 4s] [Jc]
Dr Big Bluffs: bets $0.10
Derevtsssova: raises $0.10 to $0.20
Dr Big Bluffs: calls $0.10
*** SHOW DOWN ***
Derevtsssova: shows [Kc 8c] (a flush, King high)
Dr Big Bluffs: mucks hand 
Derevtsssova collected $0.93 from pot
*** SUMMARY ***
Total pot $0.96 | Rake $0.03 
Board [5c 9s 2c 4s Jc]
Seat 1: infiniti888 folded before Flop (didn't bet)
Seat 2: Dorex2007 folded before Flop (didn't bet)
Seat 3: vinroy1 (button) folded before Flop (didn't bet)
Seat 4: MurguMGU (small blind) folded on the Flop
Seat 5: v14che (big blind) folded on the Flop
Seat 6: RazvanBabanu folded before Flop (didn't bet)
Seat 7: gn4444 folded before Flop (didn't bet)
Seat 8: Dr Big Bluffs mucked [Ts Ac]
Seat 9: Derevtsssova showed [Kc 8c] and won ($0.93) with a flush, King high



PokerStars Hand #224682076558:  Hold'em No Limit ($0.01/$0.02 USD) - 2021/03/10 22:53:30 PT [2021/03/11 1:53:30 ET]
Table 'Kevo' 9-max Seat #4 is the button
Seat 1: infiniti888 ($0.77 in chips) 
Seat 2: Dorex2007 ($2.67 in chips) 
Seat 3: vinroy1 ($2.53 in chips) 
Seat 4: MurguMGU ($1.84 in chips) 
Seat 5: v14che ($2.52 in chips) 
Seat 6: RazvanBabanu ($2.10 in chips) 
Seat 7: gn4444 ($2.06 in chips) 
Seat 8: Dr Big Bluffs ($1.09 in chips) 
Seat 9: Derevtsssova ($2.24 in chips) 
v14che: posts small blind $0.01
RazvanBabanu: posts big blind $0.02
*** HOLE CARDS ***
Dealt to Dorex2007 [Ad Qh]
gn4444: calls $0.02
Dr Big Bluffs: raises $1.07 to $1.09 and is all-in
Derevtsssova: folds 
infiniti888: folds 
Dorex2007: calls $1.09
vinroy1: folds 
MurguMGU: folds 
v14che: folds 
RazvanBabanu: folds 
gn4444: folds 
*** FLOP *** [9s Js Kc]
*** TURN *** [9s Js Kc] [4h]
*** RIVER *** [9s Js Kc 4h] [Qs]
*** SHOW DOWN ***
Dr Big Bluffs: shows [5c 5d] (a pair of Fives)
Dorex2007: shows [Ad Qh] (a pair of Queens)
Dorex2007 collected $2.15 from pot
*** SUMMARY ***
Total pot $2.23 | Rake $0.08 
Board [9s Js Kc 4h Qs]
Seat 1: infiniti888 folded before Flop (didn't bet)
Seat 2: Dorex2007 showed [Ad Qh] and won ($2.15) with a pair of Queens
Seat 3: vinroy1 folded before Flop (didn't bet)
Seat 4: MurguMGU (button) folded before Flop (didn't bet)
Seat 5: v14che (small blind) folded before Flop
Seat 6: RazvanBabanu (big blind) folded before Flop
Seat 7: gn4444 folded before Flop
Seat 8: Dr Big Bluffs showed [5c 5d] and lost with a pair of Fives
Seat 9: Derevtsssova folded before Flop (didn't bet)



PokerStars Hand #224682084041:  Hold'em No Limit ($0.01/$0.02 USD) - 2021/03/10 22:54:12 PT [2021/03/11 1:54:12 ET]
Table 'Kevo' 9-max Seat #5 is the button
Seat 1: infiniti888 ($0.77 in chips) 
Seat 2: Dorex2007 ($3.73 in chips) 
Seat 3: vinroy1 ($2.53 in chips) 
Seat 4: MurguMGU ($1.84 in chips) 
Seat 5: v14che ($2.51 in chips) 
Seat 6: RazvanBabanu ($2.08 in chips) 
Seat 7: gn4444 ($2.04 in chips) 
Seat 9: Derevtsssova ($2.24 in chips) 
RazvanBabanu: posts small blind $0.01
gn4444: posts big blind $0.02
*** HOLE CARDS ***
Dealt to Dorex2007 [7s As]
Derevtsssova: folds 
infiniti888: folds 
Dorex2007 said, "phew, close"
Dorex2007: folds 
vinroy1: folds 
MurguMGU: calls $0.02
v14che: folds 
RazvanBabanu: calls $0.01
gn4444: checks 
*** FLOP *** [8s 7d Ah]
Dr Big Bluffs leaves the table
RazvanBabanu: checks 
gn4444: checks 
MurguMGU: checks 
*** TURN *** [8s 7d Ah] [2c]
RazvanBabanu: checks 
TOM.T1021 joins the table at seat #8 
gn4444: checks 
MurguMGU: checks 
*** RIVER *** [8s 7d Ah 2c] [4d]
RazvanBabanu: checks 
gn4444: checks 
MurguMGU: bets $0.06
RazvanBabanu: folds 
gn4444: folds 
Uncalled bet ($0.06) returned to MurguMGU
MurguMGU collected $0.06 from pot
MurguMGU: doesn't show hand 
*** SUMMARY ***
Total pot $0.06 | Rake $0 
Board [8s 7d Ah 2c 4d]
Seat 1: infiniti888 folded before Flop (didn't bet)
Seat 2: Dorex2007 folded before Flop (didn't bet)
Seat 3: vinroy1 folded before Flop (didn't bet)
Seat 4: MurguMGU collected ($0.06)
Seat 5: v14che (button) folded before Flop (didn't bet)
Seat 6: RazvanBabanu (small blind) folded on the River
Seat 7: gn4444 (big blind) folded on the River
Seat 9: Derevtsssova folded before Flop (didn't bet)



PokerStars Hand #224682093885:  Hold'em No Limit ($0.01/$0.02 USD) - 2021/03/10 22:55:08 PT [2021/03/11 1:55:08 ET]
Table 'Kevo' 9-max Seat #6 is the button
Seat 1: infiniti888 ($0.77 in chips) 
Seat 2: Dorex2007 ($3.73 in chips) 
Seat 3: vinroy1 ($2.53 in chips) 
Seat 4: MurguMGU ($1.88 in chips) 
Seat 5: v14che ($2.51 in chips) 
Seat 6: RazvanBabanu ($2.06 in chips) 
Seat 7: gn4444 ($2.02 in chips) 
Seat 8: TOM.T1021 ($1.60 in chips) 
Seat 9: Derevtsssova ($2.24 in chips) 
gn4444: posts small blind $0.01
TOM.T1021: posts big blind $0.02
*** HOLE CARDS ***
Dealt to Dorex2007 [Kd Ks]
Derevtsssova: folds 
infiniti888: folds 
Dorex2007: raises $0.04 to $0.06
vinroy1: folds 
MurguMGU: folds 
v14che: folds 
RazvanBabanu: folds 
gn4444: folds 
TOM.T1021: calls $0.04
*** FLOP *** [5h 7d 5d]
TOM.T1021: checks 
Dorex2007: bets $0.13
TOM.T1021: raises $0.13 to $0.26
Dorex2007: calls $0.13
*** TURN *** [5h 7d 5d] [3h]
TOM.T1021: checks 
Dorex2007: checks 
*** RIVER *** [5h 7d 5d 3h] [Jh]
TOM.T1021: bets $0.63
Dorex2007: folds 
Uncalled bet ($0.63) returned to TOM.T1021
TOM.T1021 collected $0.63 from pot
*** SUMMARY ***
Total pot $0.65 | Rake $0.02 
Board [5h 7d 5d 3h Jh]
Seat 1: infiniti888 folded before Flop (didn't bet)
Seat 2: Dorex2007 folded on the River
Seat 3: vinroy1 folded before Flop (didn't bet)
Seat 4: MurguMGU folded before Flop (didn't bet)
Seat 5: v14che folded before Flop (didn't bet)
Seat 6: RazvanBabanu (button) folded before Flop (didn't bet)
Seat 7: gn4444 (small blind) folded before Flop
Seat 8: TOM.T1021 (big blind) collected ($0.63)
Seat 9: Derevtsssova folded before Flop (didn't bet)



PokerStars Hand #224682104796:  Hold'em No Limit ($0.01/$0.02 USD) - 2021/03/10 22:56:19 PT [2021/03/11 1:56:19 ET]
Table 'Kevo' 9-max Seat #7 is the button
Seat 1: infiniti888 ($0.77 in chips) 
Seat 2: Dorex2007 ($3.41 in chips) 
Seat 3: vinroy1 ($2.53 in chips) 
Seat 4: MurguMGU ($1.88 in chips) 
Seat 5: v14che ($2.51 in chips) 
Seat 6: RazvanBabanu ($2.06 in chips) 
Seat 7: gn4444 ($2.01 in chips) 
Seat 8: TOM.T1021 ($1.91 in chips) 
Seat 9: Derevtsssova ($2.24 in chips) 
TOM.T1021: posts small blind $0.01
Derevtsssova: posts big blind $0.02
*** HOLE CARDS ***
Dealt to Dorex2007 [Ad Ks]
infiniti888: folds 
Dorex2007: raises $0.04 to $0.06
vinroy1: folds 
MurguMGU: calls $0.06
v14che: folds 
RazvanBabanu: folds 
gn4444: folds 
TOM.T1021: folds 
Derevtsssova: calls $0.04
*** FLOP *** [Kc Kd Qd]
Derevtsssova: checks 
Dorex2007: checks 
MurguMGU: checks 
*** TURN *** [Kc Kd Qd] [5s]
Derevtsssova: checks 
Dorex2007: bets $0.04
MurguMGU: folds 
Derevtsssova: folds 
Uncalled bet ($0.04) returned to Dorex2007
Dorex2007 collected $0.18 from pot
Dorex2007: doesn't show hand 
*** SUMMARY ***
Total pot $0.19 | Rake $0.01 
Board [Kc Kd Qd 5s]
Seat 1: infiniti888 folded before Flop (didn't bet)
Seat 2: Dorex2007 collected ($0.18)
Seat 3: vinroy1 folded before Flop (didn't bet)
Seat 4: MurguMGU folded on the Turn
Seat 5: v14che folded before Flop (didn't bet)
Seat 6: RazvanBabanu folded before Flop (didn't bet)
Seat 7: gn4444 (button) folded before Flop (didn't bet)
Seat 8: TOM.T1021 (small blind) folded before Flop
Seat 9: Derevtsssova (big blind) folded on the Turn



PokerStars Hand #224682110314:  Hold'em No Limit ($0.01/$0.02 USD) - 2021/03/10 22:56:55 PT [2021/03/11 1:56:55 ET]
Table 'Kevo' 9-max Seat #8 is the button
Seat 1: infiniti888 ($0.77 in chips) 
Seat 2: Dorex2007 ($3.53 in chips) 
Seat 3: vinroy1 ($2.53 in chips) 
Seat 4: MurguMGU ($1.82 in chips) 
Seat 5: v14che ($2.51 in chips) 
Seat 6: RazvanBabanu ($2.06 in chips) 
Seat 7: gn4444 ($2.01 in chips) 
Seat 8: TOM.T1021 ($1.90 in chips) 
Seat 9: Derevtsssova ($2.18 in chips) 
Derevtsssova: posts small blind $0.01
infiniti888: posts big blind $0.02
*** HOLE CARDS ***
Dealt to Dorex2007 [8h Th]
Dorex2007: folds 
vinroy1: folds 
MurguMGU: calls $0.02
v14che: folds 
RazvanBabanu: folds 
gn4444: folds 
TOM.T1021: calls $0.02
Derevtsssova: raises $2.16 to $2.18 and is all-in
infiniti888: folds 
MurguMGU: folds 
TOM.T1021: folds 
Uncalled bet ($2.16) returned to Derevtsssova
Derevtsssova collected $0.08 from pot
Derevtsssova: doesn't show hand 
*** SUMMARY ***
Total pot $0.08 | Rake $0 
Seat 1: infiniti888 (big blind) folded before Flop
Seat 2: Dorex2007 folded before Flop (didn't bet)
Seat 3: vinroy1 folded before Flop (didn't bet)
Seat 4: MurguMGU folded before Flop
Seat 5: v14che folded before Flop (didn't bet)
Seat 6: RazvanBabanu folded before Flop (didn't bet)
Seat 7: gn4444 folded before Flop (didn't bet)
Seat 8: TOM.T1021 (button) folded before Flop
Seat 9: Derevtsssova (small blind) collected ($0.08)



PokerStars Hand #224682113677:  Hold'em No Limit ($0.01/$0.02 USD) - 2021/03/10 22:57:16 PT [2021/03/11 1:57:16 ET]
Table 'Kevo' 9-max Seat #9 is the button
Seat 1: infiniti888 ($0.75 in chips) 
Seat 2: Dorex2007 ($3.53 in chips) 
Seat 3: vinroy1 ($2.53 in chips) 
Seat 4: MurguMGU ($1.80 in chips) 
Seat 5: v14che ($2.51 in chips) 
Seat 6: RazvanBabanu ($2.06 in chips) 
Seat 7: gn4444 ($2.01 in chips) 
Seat 8: TOM.T1021 ($1.88 in chips) 
Seat 9: Derevtsssova ($2.24 in chips) 
infiniti888: posts small blind $0.01
Dorex2007: posts big blind $0.02
*** HOLE CARDS ***
Dealt to Dorex2007 [7h 2c]
vinroy1: folds 
MurguMGU: folds 
v14che: folds 
RazvanBabanu: folds 
gn4444: folds 
TOM.T1021: folds 
Derevtsssova: folds 
infiniti888: raises $0.06 to $0.08
Dorex2007: folds 
Uncalled bet ($0.06) returned to infiniti888
infiniti888 collected $0.04 from pot
infiniti888: doesn't show hand 
*** SUMMARY ***
Total pot $0.04 | Rake $0 
Seat 1: infiniti888 (small blind) collected ($0.04)
Seat 2: Dorex2007 (big blind) folded before Flop
Seat 3: vinroy1 folded before Flop (didn't bet)
Seat 4: MurguMGU folded before Flop (didn't bet)
Seat 5: v14che folded before Flop (didn't bet)
Seat 6: RazvanBabanu folded before Flop (didn't bet)
Seat 7: gn4444 folded before Flop (didn't bet)
Seat 8: TOM.T1021 folded before Flop (didn't bet)
Seat 9: Derevtsssova (button) folded before Flop (didn't bet)



PokerStars Hand #224682116273:  Hold'em No Limit ($0.01/$0.02 USD) - 2021/03/10 22:57:33 PT [2021/03/11 1:57:33 ET]
Table 'Kevo' 9-max Seat #1 is the button
Seat 1: infiniti888 ($0.77 in chips) 
Seat 2: Dorex2007 ($3.51 in chips) 
Seat 3: vinroy1 ($2.53 in chips) 
Seat 4: MurguMGU ($1.80 in chips) 
Seat 5: v14che ($2.51 in chips) 
Seat 6: RazvanBabanu ($2.06 in chips) 
Seat 7: gn4444 ($2.01 in chips) 
Seat 8: TOM.T1021 ($1.88 in chips) 
Seat 9: Derevtsssova ($2.24 in chips) 
Dorex2007: posts small blind $0.01
vinroy1: posts big blind $0.02
*** HOLE CARDS ***
Dealt to Dorex2007 [7s 4c]
MurguMGU: calls $0.02
v14che: folds 
RazvanBabanu: calls $0.02
gn4444: folds 
TOM.T1021: folds 
Derevtsssova: raises $0.02 to $0.04
infiniti888: folds 
Dorex2007: folds 
vinroy1: calls $0.02
MurguMGU: calls $0.02
RazvanBabanu: calls $0.02
*** FLOP *** [2c 3s Ad]
vinroy1: checks 
MurguMGU: checks 
RazvanBabanu: bets $0.16
Derevtsssova: folds 
vinroy1: folds 
MurguMGU: folds 
Uncalled bet ($0.16) returned to RazvanBabanu
RazvanBabanu collected $0.16 from pot
RazvanBabanu: doesn't show hand 
*** SUMMARY ***
Total pot $0.17 | Rake $0.01 
Board [2c 3s Ad]
Seat 1: infiniti888 (button) folded before Flop (didn't bet)
Seat 2: Dorex2007 (small blind) folded before Flop
Seat 3: vinroy1 (big blind) folded on the Flop
Seat 4: MurguMGU folded on the Flop
Seat 5: v14che folded before Flop (didn't bet)
Seat 6: RazvanBabanu collected ($0.16)
Seat 7: gn4444 folded before Flop (didn't bet)
Seat 8: TOM.T1021 folded before Flop (didn't bet)
Seat 9: Derevtsssova folded on the Flop



PokerStars Hand #224682123514:  Hold'em No Limit ($0.01/$0.02 USD) - 2021/03/10 22:58:21 PT [2021/03/11 1:58:21 ET]
Table 'Kevo' 9-max Seat #2 is the button
Seat 1: infiniti888 ($0.77 in chips) 
Seat 2: Dorex2007 ($3.50 in chips) 
Seat 3: vinroy1 ($2.49 in chips) 
Seat 4: MurguMGU ($1.76 in chips) 
Seat 5: v14che ($2.51 in chips) 
Seat 6: RazvanBabanu ($2.18 in chips) 
Seat 7: gn4444 ($2.01 in chips) 
Seat 8: TOM.T1021 ($1.88 in chips) 
Seat 9: Derevtsssova ($2.20 in chips) 
vinroy1: posts small blind $0.01
MurguMGU: posts big blind $0.02
*** HOLE CARDS ***
Dealt to Dorex2007 [Td 2d]
v14che: folds 
RazvanBabanu: folds 
gn4444: folds 
TOM.T1021: calls $0.02
Derevtsssova: folds 
infiniti888: folds 
Dorex2007: folds 
vinroy1: calls $0.01
MurguMGU: raises $0.06 to $0.08
TOM.T1021: folds 
vinroy1: calls $0.06
*** FLOP *** [Kc 7d 5c]
vinroy1: checks 
MurguMGU: bets $0.16
vinroy1: folds 
Uncalled bet ($0.16) returned to MurguMGU
MurguMGU collected $0.17 from pot
MurguMGU: doesn't show hand 
*** SUMMARY ***
Total pot $0.18 | Rake $0.01 
Board [Kc 7d 5c]
Seat 1: infiniti888 folded before Flop (didn't bet)
Seat 2: Dorex2007 (button) folded before Flop (didn't bet)
Seat 3: vinroy1 (small blind) folded on the Flop
Seat 4: MurguMGU (big blind) collected ($0.17)
Seat 5: v14che folded before Flop (didn't bet)
Seat 6: RazvanBabanu folded before Flop (didn't bet)
Seat 7: gn4444 folded before Flop (didn't bet)
Seat 8: TOM.T1021 folded before Flop
Seat 9: Derevtsssova folded before Flop (didn't bet)



PokerStars Hand #224682129367:  Hold'em No Limit ($0.01/$0.02 USD) - 2021/03/10 22:58:59 PT [2021/03/11 1:58:59 ET]
Table 'Kevo' 9-max Seat #3 is the button
Seat 1: infiniti888 ($0.77 in chips) 
Seat 2: Dorex2007 ($3.50 in chips) 
Seat 3: vinroy1 ($2.41 in chips) 
Seat 4: MurguMGU ($1.85 in chips) 
Seat 5: v14che ($2.51 in chips) 
Seat 6: RazvanBabanu ($2.18 in chips) 
Seat 7: gn4444 ($2.01 in chips) 
Seat 8: TOM.T1021 ($1.86 in chips) 
Seat 9: Derevtsssova ($2.20 in chips) 
MurguMGU: posts small blind $0.01
v14che: posts big blind $0.02
*** HOLE CARDS ***
Dealt to Dorex2007 [Jd 6h]
RazvanBabanu: folds 
gn4444: folds 
TOM.T1021: calls $0.02
Derevtsssova: folds 
infiniti888: calls $0.02
Dorex2007: folds 
vinroy1: folds 
MurguMGU: raises $0.06 to $0.08
v14che: folds 
TOM.T1021: calls $0.06
infiniti888: raises $0.69 to $0.77 and is all-in
MurguMGU: folds 
TOM.T1021: folds 
Uncalled bet ($0.69) returned to infiniti888
infiniti888 collected $0.26 from pot
infiniti888: doesn't show hand 
*** SUMMARY ***
Total pot $0.26 | Rake $0 
Seat 1: infiniti888 collected ($0.26)
Seat 2: Dorex2007 folded before Flop (didn't bet)
Seat 3: vinroy1 (button) folded before Flop (didn't bet)
Seat 4: MurguMGU (small blind) folded before Flop
Seat 5: v14che (big blind) folded before Flop
Seat 6: RazvanBabanu folded before Flop (didn't bet)
Seat 7: gn4444 folded before Flop (didn't bet)
Seat 8: TOM.T1021 folded before Flop
Seat 9: Derevtsssova folded before Flop (didn't bet)



PokerStars Hand #224682136087:  Hold'em No Limit ($0.01/$0.02 USD) - 2021/03/10 22:59:43 PT [2021/03/11 1:59:43 ET]
Table 'Kevo' 9-max Seat #4 is the button
Seat 1: infiniti888 ($0.95 in chips) 
Seat 2: Dorex2007 ($3.50 in chips) 
Seat 3: vinroy1 ($2.41 in chips) 
Seat 4: MurguMGU ($1.77 in chips) 
Seat 5: v14che ($2.49 in chips) 
Seat 6: RazvanBabanu ($2.18 in chips) 
Seat 7: gn4444 ($2.01 in chips) 
Seat 8: TOM.T1021 ($1.78 in chips) 
Seat 9: Derevtsssova ($2.20 in chips) 
v14che: posts small blind $0.01
RazvanBabanu: posts big blind $0.02
*** HOLE CARDS ***
Dealt to Dorex2007 [Qc 9h]
gn4444: folds 
TOM.T1021: calls $0.02
Derevtsssova: folds 
infiniti888: calls $0.02
Dorex2007: folds 
vinroy1: folds 
MurguMGU: folds 
v14che: calls $0.01
RazvanBabanu: checks 
*** FLOP *** [As Qh Th]
v14che: checks 
RazvanBabanu: checks 
TOM.T1021: checks 
infiniti888: checks 
*** TURN *** [As Qh Th] [Ts]
v14che: checks 
RazvanBabanu: checks 
TOM.T1021: bets $0.06
infiniti888: folds 
v14che: folds 
RazvanBabanu: folds 
Uncalled bet ($0.06) returned to TOM.T1021
TOM.T1021 collected $0.08 from pot
*** SUMMARY ***
Total pot $0.08 | Rake $0 
Board [As Qh Th Ts]
Seat 1: infiniti888 folded on the Turn
Seat 2: Dorex2007 folded before Flop (didn't bet)
Seat 3: vinroy1 folded before Flop (didn't bet)
Seat 4: MurguMGU (button) folded before Flop (didn't bet)
Seat 5: v14che (small blind) folded on the Turn
Seat 6: RazvanBabanu (big blind) folded on the Turn
Seat 7: gn4444 folded before Flop (didn't bet)
Seat 8: TOM.T1021 collected ($0.08)
Seat 9: Derevtsssova folded before Flop (didn't bet)



PokerStars Hand #224682144918:  Hold'em No Limit ($0.01/$0.02 USD) - 2021/03/10 23:00:38 PT [2021/03/11 2:00:38 ET]
Table 'Kevo' 9-max Seat #5 is the button
Seat 1: infiniti888 ($0.93 in chips) 
Seat 2: Dorex2007 ($3.50 in chips) 
Seat 3: vinroy1 ($2.41 in chips) 
Seat 4: MurguMGU ($1.77 in chips) 
Seat 5: v14che ($2.47 in chips) 
Seat 6: RazvanBabanu ($2.16 in chips) 
Seat 7: gn4444 ($2.01 in chips) 
Seat 8: TOM.T1021 ($1.84 in chips) 
Seat 9: Derevtsssova ($2.20 in chips) 
RazvanBabanu: posts small blind $0.01
gn4444: posts big blind $0.02
*** HOLE CARDS ***
Dealt to Dorex2007 [Th Qd]
TOM.T1021: folds 
Derevtsssova: folds 
infiniti888: folds 
Dorex2007: folds 
vinroy1: folds 
MurguMGU: folds 
v14che: raises $0.04 to $0.06
RazvanBabanu: folds 
gn4444: folds 
Uncalled bet ($0.04) returned to v14che
v14che collected $0.05 from pot
v14che: doesn't show hand 
*** SUMMARY ***
Total pot $0.05 | Rake $0 
Seat 1: infiniti888 folded before Flop (didn't bet)
Seat 2: Dorex2007 folded before Flop (didn't bet)
Seat 3: vinroy1 folded before Flop (didn't bet)
Seat 4: MurguMGU folded before Flop (didn't bet)
Seat 5: v14che (button) collected ($0.05)
Seat 6: RazvanBabanu (small blind) folded before Flop
Seat 7: gn4444 (big blind) folded before Flop
Seat 8: TOM.T1021 folded before Flop (didn't bet)
Seat 9: Derevtsssova folded before Flop (didn't bet)



PokerStars Hand #224682149627:  Hold'em No Limit ($0.01/$0.02 USD) - 2021/03/10 23:01:05 PT [2021/03/11 2:01:05 ET]
Table 'Kevo' 9-max Seat #6 is the button
Seat 1: infiniti888 ($0.93 in chips) 
Seat 2: Dorex2007 ($3.50 in chips) 
Seat 3: vinroy1 ($2.41 in chips) 
Seat 4: MurguMGU ($1.77 in chips) 
Seat 5: v14che ($2.50 in chips) 
Seat 6: RazvanBabanu ($2.15 in chips) 
Seat 7: gn4444 ($1.99 in chips) 
Seat 8: TOM.T1021 ($1.84 in chips) 
Seat 9: Derevtsssova ($2.20 in chips) 
gn4444: posts small blind $0.01
TOM.T1021: posts big blind $0.02
*** HOLE CARDS ***
Dealt to Dorex2007 [9c Qs]
Derevtsssova: folds 
infiniti888: folds 
Dorex2007: folds 
vinroy1: folds 
MurguMGU: calls $0.02
v14che: folds 
RazvanBabanu: folds 
gn4444: folds 
TOM.T1021: checks 
*** FLOP *** [3h Ad Ts]
TOM.T1021: checks 
MurguMGU: checks 
*** TURN *** [3h Ad Ts] [8d]
TOM.T1021: checks 
MurguMGU: checks 
*** RIVER *** [3h Ad Ts 8d] [9h]
TOM.T1021: checks 
MurguMGU: checks 
*** SHOW DOWN ***
TOM.T1021: shows [Jd Tc] (a pair of Tens)
MurguMGU: mucks hand 
TOM.T1021 collected $0.05 from pot
*** SUMMARY ***
Total pot $0.05 | Rake $0 
Board [3h Ad Ts 8d 9h]
Seat 1: infiniti888 folded before Flop (didn't bet)
Seat 2: Dorex2007 folded before Flop (didn't bet)
Seat 3: vinroy1 folded before Flop (didn't bet)
Seat 4: MurguMGU mucked [Kc 2c]
Seat 5: v14che folded before Flop (didn't bet)
Seat 6: RazvanBabanu (button) folded before Flop (didn't bet)
Seat 7: gn4444 (small blind) folded before Flop
Seat 8: TOM.T1021 (big blind) showed [Jd Tc] and won ($0.05) with a pair of Tens
Seat 9: Derevtsssova folded before Flop (didn't bet)



PokerStars Hand #224682156234:  Hold'em No Limit ($0.01/$0.02 USD) - 2021/03/10 23:01:42 PT [2021/03/11 2:01:42 ET]
Table 'Kevo' 9-max Seat #7 is the button
Seat 1: infiniti888 ($0.93 in chips) 
Seat 2: Dorex2007 ($3.50 in chips) 
Seat 3: vinroy1 ($2.41 in chips) 
Seat 4: MurguMGU ($1.75 in chips) 
Seat 5: v14che ($2.50 in chips) 
Seat 6: RazvanBabanu ($2.15 in chips) 
Seat 7: gn4444 ($1.98 in chips) 
Seat 8: TOM.T1021 ($1.87 in chips) 
Seat 9: Derevtsssova ($2.20 in chips) 
TOM.T1021: posts small blind $0.01
Derevtsssova: posts big blind $0.02
*** HOLE CARDS ***
Dealt to Dorex2007 [Qh 4d]
infiniti888: folds 
Dorex2007: folds 
vinroy1: folds 
MurguMGU: calls $0.02
v14che: folds 
RazvanBabanu: folds 
gn4444: folds 
TOM.T1021: folds 
Derevtsssova: checks 
*** FLOP *** [As 5s Ad]
Derevtsssova: bets $0.04
MurguMGU: calls $0.04
*** TURN *** [As 5s Ad] [3h]
Derevtsssova: bets $0.06
MurguMGU: calls $0.06
*** RIVER *** [As 5s Ad 3h] [4h]
Derevtsssova: bets $0.12
MurguMGU: raises $1.51 to $1.63 and is all-in
Derevtsssova: calls $1.51
*** SHOW DOWN ***
MurguMGU: shows [3d Ac] (a full house, Aces full of Threes)
Derevtsssova: shows [2s 5h] (a straight, Ace to Five)
MurguMGU collected $3.39 from pot
*** SUMMARY ***
Total pot $3.51 | Rake $0.12 
Board [As 5s Ad 3h 4h]
Seat 1: infiniti888 folded before Flop (didn't bet)
Seat 2: Dorex2007 folded before Flop (didn't bet)
Seat 3: vinroy1 folded before Flop (didn't bet)
Seat 4: MurguMGU showed [3d Ac] and won ($3.39) with a full house, Aces full of Threes
Seat 5: v14che folded before Flop (didn't bet)
Seat 6: RazvanBabanu folded before Flop (didn't bet)
Seat 7: gn4444 (button) folded before Flop (didn't bet)
Seat 8: TOM.T1021 (small blind) folded before Flop
Seat 9: Derevtsssova (big blind) showed [2s 5h] and lost with a straight, Ace to Five



PokerStars Hand #224682163459:  Hold'em No Limit ($0.01/$0.02 USD) - 2021/03/10 23:02:23 PT [2021/03/11 2:02:23 ET]
Table 'Kevo' 9-max Seat #8 is the button
Seat 1: infiniti888 ($0.93 in chips) 
Seat 2: Dorex2007 ($3.50 in chips) 
Seat 3: vinroy1 ($2.41 in chips) 
Seat 4: MurguMGU ($3.39 in chips) 
Seat 5: v14che ($2.50 in chips) 
Seat 6: RazvanBabanu ($2.15 in chips) 
Seat 7: gn4444 ($1.98 in chips) 
Seat 8: TOM.T1021 ($1.86 in chips) 
Seat 9: Derevtsssova ($0.80 in chips) 
Derevtsssova: posts small blind $0.01
infiniti888: posts big blind $0.02
*** HOLE CARDS ***
Dealt to Dorex2007 [5s 7h]
Dorex2007: folds 
vinroy1: folds 
MurguMGU: calls $0.02
v14che: folds 
RazvanBabanu: folds 
gn4444: folds 
TOM.T1021: calls $0.02
Derevtsssova: folds 
infiniti888: checks 
*** FLOP *** [Kh 4d Jd]
infiniti888: checks 
MurguMGU: bets $0.06
TOM.T1021: folds 
infiniti888: folds 
Uncalled bet ($0.06) returned to MurguMGU
MurguMGU collected $0.07 from pot
MurguMGU: doesn't show hand 
*** SUMMARY ***
Total pot $0.07 | Rake $0 
Board [Kh 4d Jd]
Seat 1: infiniti888 (big blind) folded on the Flop
Seat 2: Dorex2007 folded before Flop (didn't bet)
Seat 3: vinroy1 folded before Flop (didn't bet)
Seat 4: MurguMGU collected ($0.07)
Seat 5: v14che folded before Flop (didn't bet)
Seat 6: RazvanBabanu folded before Flop (didn't bet)
Seat 7: gn4444 folded before Flop (didn't bet)
Seat 8: TOM.T1021 (button) folded on the Flop
Seat 9: Derevtsssova (small blind) folded before Flop



PokerStars Hand #224682173304:  Hold'em No Limit ($0.01/$0.02 USD) - 2021/03/10 23:03:18 PT [2021/03/11 2:03:18 ET]
Table 'Kevo' 9-max Seat #9 is the button
Seat 1: infiniti888 ($0.91 in chips) 
Seat 2: Dorex2007 ($3.50 in chips) 
Seat 3: vinroy1 ($2.41 in chips) 
Seat 4: MurguMGU ($3.44 in chips) 
Seat 5: v14che ($2.50 in chips) 
Seat 6: RazvanBabanu ($2.15 in chips) 
Seat 7: gn4444 ($1.98 in chips) 
Seat 8: TOM.T1021 ($1.84 in chips) 
Seat 9: Derevtsssova ($0.80 in chips) 
infiniti888: posts small blind $0.01
Dorex2007: posts big blind $0.02
*** HOLE CARDS ***
Dealt to Dorex2007 [As 6s]
vinroy1: calls $0.02
MurguMGU: calls $0.02
v14che: folds 
RazvanBabanu: folds 
gn4444: folds 
TOM.T1021: folds 
Derevtsssova: raises $0.04 to $0.06
infiniti888: folds 
Dorex2007: calls $0.04
vinroy1: calls $0.04
MurguMGU: calls $0.04
*** FLOP *** [Tc 3d Kc]
Dorex2007: checks 
vinroy1: checks 
MurguMGU: checks 
Derevtsssova: bets $0.10
Dorex2007: folds 
vinroy1: folds 
vinroy1 leaves the table
MurguMGU: folds 
Uncalled bet ($0.10) returned to Derevtsssova
Derevtsssova collected $0.24 from pot
Derevtsssova: doesn't show hand 
*** SUMMARY ***
Total pot $0.25 | Rake $0.01 
Board [Tc 3d Kc]
Seat 1: infiniti888 (small blind) folded before Flop
Seat 2: Dorex2007 (big blind) folded on the Flop
Seat 3: vinroy1 folded on the Flop
Seat 4: MurguMGU folded on the Flop
Seat 5: v14che folded before Flop (didn't bet)
Seat 6: RazvanBabanu folded before Flop (didn't bet)
Seat 7: gn4444 folded before Flop (didn't bet)
Seat 8: TOM.T1021 folded before Flop (didn't bet)
Seat 9: Derevtsssova (button) collected ($0.24)



PokerStars Hand #224682180254:  Hold'em No Limit ($0.01/$0.02 USD) - 2021/03/10 23:03:57 PT [2021/03/11 2:03:57 ET]
Table 'Kevo' 9-max Seat #1 is the button
Seat 1: infiniti888 ($0.90 in chips) 
Seat 2: Dorex2007 ($3.44 in chips) 
Seat 4: MurguMGU ($3.38 in chips) 
Seat 5: v14che ($2.50 in chips) 
Seat 6: RazvanBabanu ($2.15 in chips) 
Seat 7: gn4444 ($1.98 in chips) 
Seat 8: TOM.T1021 ($1.84 in chips) 
Seat 9: Derevtsssova ($0.98 in chips) 
Dorex2007: posts small blind $0.01
MurguMGU: posts big blind $0.02
*** HOLE CARDS ***
Dealt to Dorex2007 [Qs 7s]
sergei123158 joins the table at seat #3 
v14che: folds 
RazvanBabanu: folds 
gn4444: folds 
TOM.T1021 has timed out
TOM.T1021: folds 
Derevtsssova: calls $0.02
infiniti888: folds 
Dorex2007: calls $0.01
MurguMGU: checks 
*** FLOP *** [Qc 8h 7c]
Dorex2007: checks 
MurguMGU: checks 
Derevtsssova: checks 
*** TURN *** [Qc 8h 7c] [Ts]
Dorex2007: bets $0.03
MurguMGU: calls $0.03
Derevtsssova: folds 
*** RIVER *** [Qc 8h 7c Ts] [5s]
Dorex2007: bets $0.12
MurguMGU: calls $0.12
*** SHOW DOWN ***
Dorex2007: shows [Qs 7s] (two pair, Queens and Sevens)
MurguMGU: mucks hand 
Dorex2007 collected $0.35 from pot
*** SUMMARY ***
Total pot $0.36 | Rake $0.01 
Board [Qc 8h 7c Ts 5s]
Seat 1: infiniti888 (button) folded before Flop (didn't bet)
Seat 2: Dorex2007 (small blind) showed [Qs 7s] and won ($0.35) with two pair, Queens and Sevens
Seat 4: MurguMGU (big blind) mucked [3d Tc]
Seat 5: v14che folded before Flop (didn't bet)
Seat 6: RazvanBabanu folded before Flop (didn't bet)
Seat 7: gn4444 folded before Flop (didn't bet)
Seat 8: TOM.T1021 folded before Flop (didn't bet)
Seat 9: Derevtsssova folded on the Turn



PokerStars Hand #224682190337:  Hold'em No Limit ($0.01/$0.02 USD) - 2021/03/10 23:04:54 PT [2021/03/11 2:04:54 ET]
Table 'Kevo' 9-max Seat #2 is the button
Seat 1: infiniti888 ($0.90 in chips) 
Seat 2: Dorex2007 ($3.62 in chips) 
Seat 4: MurguMGU ($3.21 in chips) 
Seat 6: RazvanBabanu ($2.15 in chips) 
Seat 7: gn4444 ($1.98 in chips) 
Seat 8: TOM.T1021 ($1.84 in chips) 
Seat 9: Derevtsssova ($0.96 in chips) 
MurguMGU: posts small blind $0.01
v14che: is sitting out 
RazvanBabanu: posts big blind $0.02
*** HOLE CARDS ***
Dealt to Dorex2007 [2c 4h]
v14che leaves the table
gn4444: folds 
TOM.T1021 has timed out
TOM.T1021: folds 
Derevtsssova: raises $0.94 to $0.96 and is all-in
infiniti888: folds 
Dorex2007: folds 
MurguMGU: folds 
RazvanBabanu: folds 
Uncalled bet ($0.94) returned to Derevtsssova
Derevtsssova collected $0.05 from pot
Derevtsssova: doesn't show hand 
*** SUMMARY ***
Total pot $0.05 | Rake $0 
Seat 1: infiniti888 folded before Flop (didn't bet)
Seat 2: Dorex2007 (button) folded before Flop (didn't bet)
Seat 4: MurguMGU (small blind) folded before Flop
Seat 6: RazvanBabanu (big blind) folded before Flop
Seat 7: gn4444 folded before Flop (didn't bet)
Seat 8: TOM.T1021 folded before Flop (didn't bet)
Seat 9: Derevtsssova collected ($0.05)



PokerStars Hand #224682195357:  Hold'em No Limit ($0.01/$0.02 USD) - 2021/03/10 23:05:22 PT [2021/03/11 2:05:22 ET]
Table 'Kevo' 9-max Seat #4 is the button
Seat 1: infiniti888 ($0.90 in chips) 
Seat 2: Dorex2007 ($3.62 in chips) 
Seat 4: MurguMGU ($3.20 in chips) 
Seat 6: RazvanBabanu ($2.13 in chips) 
Seat 9: Derevtsssova ($0.99 in chips) 
RazvanBabanu: posts small blind $0.01
gn4444: is sitting out 
Derevtsssova: posts big blind $0.02
sergei123158: sits out 
*** HOLE CARDS ***
Dealt to Dorex2007 [5d 5h]
infiniti888: calls $0.02
Dorex2007: calls $0.02
MurguMGU: calls $0.02
RazvanBabanu: calls $0.01
Derevtsssova: checks 
*** FLOP *** [6c 4d 4s]
RazvanBabanu: checks 
Derevtsssova: checks 
infiniti888: checks 
Dorex2007: checks 
MurguMGU: checks 
*** TURN *** [6c 4d 4s] [Kc]
RazvanBabanu: checks 
Derevtsssova: checks 
infiniti888: checks 
Dorex2007: checks 
MurguMGU: bets $0.06
RazvanBabanu: folds 
Dimarik8686 joins the table at seat #5 
Derevtsssova: folds 
infiniti888: folds 
Dorex2007: folds 
Uncalled bet ($0.06) returned to MurguMGU
MurguMGU collected $0.10 from pot
MurguMGU: doesn't show hand 
*** SUMMARY ***
Total pot $0.10 | Rake $0 
Board [6c 4d 4s Kc]
Seat 1: infiniti888 folded on the Turn
Seat 2: Dorex2007 folded on the Turn
Seat 4: MurguMGU (button) collected ($0.10)
Seat 6: RazvanBabanu (small blind) folded on the Turn
Seat 9: Derevtsssova (big blind) folded on the Turn



PokerStars Hand #224682210521:  Hold'em No Limit ($0.01/$0.02 USD) - 2021/03/10 23:06:46 PT [2021/03/11 2:06:46 ET]
Table 'Kevo' 9-max Seat #6 is the button
Seat 1: infiniti888 ($0.88 in chips) 
Seat 2: Dorex2007 ($3.60 in chips) 
Seat 4: MurguMGU ($3.28 in chips) 
Seat 6: RazvanBabanu ($2.11 in chips) 
Seat 9: Derevtsssova ($0.97 in chips) 
Derevtsssova: posts small blind $0.01
infiniti888: posts big blind $0.02
sergei123158: sits out 
Dimarik8686: sits out 
*** HOLE CARDS ***
Dealt to Dorex2007 [9d 3s]
Dorex2007: folds 
MurguMGU: calls $0.02
RazvanBabanu: folds 
Derevtsssova: raises $0.04 to $0.06
infiniti888: folds 
MurguMGU: calls $0.04
*** FLOP *** [3h Ah 5c]
Dimarik8686 leaves the table
Derevtsssova: bets $0.07
MurguMGU: folds 
Uncalled bet ($0.07) returned to Derevtsssova
Derevtsssova collected $0.14 from pot
Derevtsssova: doesn't show hand 
*** SUMMARY ***
Total pot $0.14 | Rake $0 
Board [3h Ah 5c]
Seat 1: infiniti888 (big blind) folded before Flop
Seat 2: Dorex2007 folded before Flop (didn't bet)
Seat 4: MurguMGU folded on the Flop
Seat 6: RazvanBabanu (button) folded before Flop (didn't bet)
Seat 9: Derevtsssova (small blind) collected ($0.14)



PokerStars Hand #224682216068:  Hold'em No Limit ($0.01/$0.02 USD) - 2021/03/10 23:07:17 PT [2021/03/11 2:07:17 ET]
Table 'Kevo' 9-max Seat #9 is the button
Seat 1: infiniti888 ($0.86 in chips) 
Seat 2: Dorex2007 ($3.60 in chips) 
Seat 4: MurguMGU ($3.22 in chips) 
Seat 6: RazvanBabanu ($2.11 in chips) 
Seat 9: Derevtsssova ($1.05 in chips) 
infiniti888: posts small blind $0.01
Dorex2007: posts big blind $0.02
sergei123158: sits out 
gn4444: sits out 
*** HOLE CARDS ***
Dealt to Dorex2007 [5c As]
MurguMGU: calls $0.02
RazvanBabanu: folds 
ioaann67 joins the table at seat #5 
Derevtsssova: raises $0.02 to $0.04
infiniti888: folds 
Dorex2007: folds 
MurguMGU: calls $0.02
*** FLOP *** [6h 2s 6c]
MurguMGU: checks 
Derevtsssova: bets $0.05
MurguMGU: folds 
Uncalled bet ($0.05) returned to Derevtsssova
Derevtsssova collected $0.11 from pot
Derevtsssova: doesn't show hand 
*** SUMMARY ***
Total pot $0.11 | Rake $0 
Board [6h 2s 6c]
Seat 1: infiniti888 (small blind) folded before Flop
Seat 2: Dorex2007 (big blind) folded before Flop
Seat 4: MurguMGU folded on the Flop
Seat 6: RazvanBabanu folded before Flop (didn't bet)
Seat 9: Derevtsssova (button) collected ($0.11)



PokerStars Hand #224682231227:  Hold'em No Limit ($0.01/$0.02 USD) - 2021/03/10 23:07:56 PT [2021/03/11 2:07:56 ET]
Table 'Kevo' 9-max Seat #1 is the button
Seat 1: infiniti888 ($0.85 in chips) 
Seat 2: Dorex2007 ($3.58 in chips) 
Seat 3: sergei123158 ($2 in chips) 
Seat 4: MurguMGU ($3.18 in chips) 
Seat 5: ioaann67 ($1.09 in chips) 
Seat 6: RazvanBabanu ($2.11 in chips) 
Seat 9: Derevtsssova ($1.12 in chips) 
Dorex2007: posts small blind $0.01
sergei123158: posts big blind $0.02
ioaann67: posts big blind $0.02
gn4444: sits out 
*** HOLE CARDS ***
Dealt to Dorex2007 [Th 6h]
MurguMGU: calls $0.02
ioaann67: checks 
RazvanBabanu: folds 
Derevtsssova: folds 
infiniti888: folds 
Dorex2007: calls $0.01
sergei123158: checks 
*** FLOP *** [3s Ks 5s]
Dorex2007: checks 
sergei123158: checks 
MurguMGU: bets $0.02
ioaann67: folds 
Dorex2007: folds 
sergei123158: folds 
Uncalled bet ($0.02) returned to MurguMGU
MurguMGU collected $0.08 from pot
MurguMGU: doesn't show hand 
*** SUMMARY ***
Total pot $0.08 | Rake $0 
Board [3s Ks 5s]
Seat 1: infiniti888 (button) folded before Flop (didn't bet)
Seat 2: Dorex2007 (small blind) folded on the Flop
Seat 3: sergei123158 (big blind) folded on the Flop
Seat 4: MurguMGU collected ($0.08)
Seat 5: ioaann67 folded on the Flop (didn't bet)
Seat 6: RazvanBabanu folded before Flop (didn't bet)
Seat 9: Derevtsssova folded before Flop (didn't bet)



PokerStars Hand #224682237564:  Hold'em No Limit ($0.01/$0.02 USD) - 2021/03/10 23:08:32 PT [2021/03/11 2:08:32 ET]
Table 'Kevo' 9-max Seat #2 is the button
Seat 1: infiniti888 ($0.85 in chips) 
Seat 2: Dorex2007 ($3.56 in chips) 
Seat 3: sergei123158 ($2 in chips) 
Seat 4: MurguMGU ($3.24 in chips) 
Seat 5: ioaann67 ($1.07 in chips) 
Seat 6: RazvanBabanu ($2.11 in chips) 
Seat 9: Derevtsssova ($1.12 in chips) 
sergei123158: posts small blind $0.01
MurguMGU: posts big blind $0.02
gn4444: sits out 
*** HOLE CARDS ***
Dealt to Dorex2007 [As 8h]
ioaann67: folds 
RazvanBabanu: calls $0.02
Derevtsssova: folds 
infiniti888: folds 
Dorex2007: folds 
sergei123158: folds 
MurguMGU: checks 
*** FLOP *** [7d 9c 3d]
MurguMGU: bets $0.02
RazvanBabanu: calls $0.02
*** TURN *** [7d 9c 3d] [Qh]
MurguMGU: bets $0.08
RazvanBabanu: folds 
Uncalled bet ($0.08) returned to MurguMGU
MurguMGU collected $0.09 from pot
MurguMGU: doesn't show hand 
*** SUMMARY ***
Total pot $0.09 | Rake $0 
Board [7d 9c 3d Qh]
Seat 1: infiniti888 folded before Flop (didn't bet)
Seat 2: Dorex2007 (button) folded before Flop (didn't bet)
Seat 3: sergei123158 (small blind) folded before Flop
Seat 4: MurguMGU (big blind) collected ($0.09)
Seat 5: ioaann67 folded before Flop (didn't bet)
Seat 6: RazvanBabanu folded on the Turn
Seat 9: Derevtsssova folded before Flop (didn't bet)



PokerStars Hand #224682244019:  Hold'em No Limit ($0.01/$0.02 USD) - 2021/03/10 23:09:08 PT [2021/03/11 2:09:08 ET]
Table 'Kevo' 9-max Seat #3 is the button
Seat 1: infiniti888 ($0.85 in chips) 
Seat 2: Dorex2007 ($3.56 in chips) 
Seat 3: sergei123158 ($2 in chips) 
Seat 4: MurguMGU ($3.29 in chips) 
Seat 5: ioaann67 ($1.07 in chips) 
Seat 6: RazvanBabanu ($2.07 in chips) 
Seat 9: Derevtsssova ($1.12 in chips) 
MurguMGU: posts small blind $0.01
ioaann67: posts big blind $0.02
gn4444: sits out 
*** HOLE CARDS ***
Dealt to Dorex2007 [3c 9d]
RazvanBabanu: folds 
Derevtsssova: folds 
infiniti888: calls $0.02
Dorex2007: folds 
sergei123158: folds 
MurguMGU: calls $0.01
ioaann67: checks 
*** FLOP *** [As 7c 7h]
MurguMGU: bets $0.02
ioaann67: calls $0.02
infiniti888: calls $0.02
*** TURN *** [As 7c 7h] [Th]
MurguMGU: bets $0.08
ioaann67: raises $0.95 to $1.03 and is all-in
infiniti888: folds 
MurguMGU: calls $0.95
*** RIVER *** [As 7c 7h Th] [4h]
*** SHOW DOWN ***
MurguMGU: shows [7s Jh] (three of a kind, Sevens)
ioaann67: shows [Ah Ac] (a full house, Aces full of Sevens)
ioaann67 collected $2.10 from pot
MurguMGU cashed out the hand for $0.05
*** SUMMARY ***
Total pot $2.18 | Rake $0.08 
Board [As 7c 7h Th 4h]
Seat 1: infiniti888 folded on the Turn
Seat 2: Dorex2007 folded before Flop (didn't bet)
Seat 3: sergei123158 (button) folded before Flop (didn't bet)
Seat 4: MurguMGU (small blind) showed [7s Jh] and lost with three of a kind, Sevens (cashed out).
Seat 5: ioaann67 (big blind) showed [Ah Ac] and won ($2.10) with a full house, Aces full of Sevens
Seat 6: RazvanBabanu folded before Flop (didn't bet)
Seat 9: Derevtsssova folded before Flop (didn't bet)



PokerStars Hand #224682253238:  Hold'em No Limit ($0.01/$0.02 USD) - 2021/03/10 23:10:00 PT [2021/03/11 2:10:00 ET]
Table 'Kevo' 9-max Seat #4 is the button
Seat 1: infiniti888 ($0.81 in chips) 
Seat 2: Dorex2007 ($3.56 in chips) 
Seat 3: sergei123158 ($2 in chips) 
Seat 4: MurguMGU ($2.27 in chips) 
Seat 5: ioaann67 ($2.10 in chips) 
Seat 6: RazvanBabanu ($2.07 in chips) 
Seat 9: Derevtsssova ($1.12 in chips) 
ioaann67: posts small blind $0.01
RazvanBabanu: posts big blind $0.02
gn4444: sits out 
*** HOLE CARDS ***
Dealt to Dorex2007 [9s Ah]
Derevtsssova: folds 
infiniti888: raises $0.08 to $0.10
Dorex2007: folds 
sergei123158: folds 
MurguMGU: calls $0.10
ioaann67: folds 
RazvanBabanu: folds 
*** FLOP *** [6h 7h 9d]
infiniti888: bets $0.12
MurguMGU: calls $0.12
*** TURN *** [6h 7h 9d] [Kh]
infiniti888: bets $0.23
MurguMGU: calls $0.23
*** RIVER *** [6h 7h 9d Kh] [Th]
infiniti888: bets $0.36 and is all-in
MurguMGU: calls $0.36
*** SHOW DOWN ***
infiniti888: shows [Kd Kc] (three of a kind, Kings)
MurguMGU: shows [Qh As] (a flush, King high)
MurguMGU collected $1.59 from pot
*** SUMMARY ***
Total pot $1.65 | Rake $0.06 
Board [6h 7h 9d Kh Th]
Seat 1: infiniti888 showed [Kd Kc] and lost with three of a kind, Kings
Seat 2: Dorex2007 folded before Flop (didn't bet)
Seat 3: sergei123158 folded before Flop (didn't bet)
Seat 4: MurguMGU (button) showed [Qh As] and won ($1.59) with a flush, King high
Seat 5: ioaann67 (small blind) folded before Flop
Seat 6: RazvanBabanu (big blind) folded before Flop
Seat 9: Derevtsssova folded before Flop (didn't bet)



PokerStars Hand #224682260591:  Hold'em No Limit ($0.01/$0.02 USD) - 2021/03/10 23:10:41 PT [2021/03/11 2:10:41 ET]
Table 'Kevo' 9-max Seat #5 is the button
Seat 2: Dorex2007 ($3.56 in chips) 
Seat 3: sergei123158 ($2 in chips) 
Seat 4: MurguMGU ($3.05 in chips) 
Seat 5: ioaann67 ($2.09 in chips) 
Seat 6: RazvanBabanu ($2.05 in chips) 
Seat 7: gn4444 ($1.98 in chips) 
Seat 9: Derevtsssova ($1.12 in chips) 
RazvanBabanu: posts small blind $0.01
gn4444: posts big blind $0.02
*** HOLE CARDS ***
Dealt to Dorex2007 [8d 8s]
Derevtsssova: calls $0.02
infiniti888 leaves the table
Dorex2007: calls $0.02
sergei123158: folds 
MurguMGU: calls $0.02
ioaann67: folds 
RazvanBabanu: folds 
gn4444: checks 
*** FLOP *** [3d 6h 9d]
gn4444: checks 
Derevtsssova: bets $0.04
Dorex2007: calls $0.04
MurguMGU: raises $0.04 to $0.08
gn4444: folds 
Derevtsssova: calls $0.04
Dorex2007: folds 
*** TURN *** [3d 6h 9d] [Qd]
Derevtsssova: checks 
MurguMGU: bets $0.08
Derevtsssova: calls $0.08
*** RIVER *** [3d 6h 9d Qd] [9c]
Derevtsssova: checks 
MurguMGU: bets $2.87 and is all-in
Derevtsssova: folds 
Uncalled bet ($2.87) returned to MurguMGU
MurguMGU collected $0.43 from pot
MurguMGU: doesn't show hand 
*** SUMMARY ***
Total pot $0.45 | Rake $0.02 
Board [3d 6h 9d Qd 9c]
Seat 2: Dorex2007 folded on the Flop
Seat 3: sergei123158 folded before Flop (didn't bet)
Seat 4: MurguMGU collected ($0.43)
Seat 5: ioaann67 (button) folded before Flop (didn't bet)
Seat 6: RazvanBabanu (small blind) folded before Flop
Seat 7: gn4444 (big blind) folded on the Flop
Seat 9: Derevtsssova folded on the River



PokerStars Hand #224682268680:  Hold'em No Limit ($0.01/$0.02 USD) - 2021/03/10 23:11:26 PT [2021/03/11 2:11:26 ET]
Table 'Kevo' 9-max Seat #6 is the button
Seat 2: Dorex2007 ($3.50 in chips) 
Seat 3: sergei123158 ($2 in chips) 
Seat 4: MurguMGU ($3.30 in chips) 
Seat 5: ioaann67 ($2.09 in chips) 
Seat 6: RazvanBabanu ($2.04 in chips) 
Seat 7: gn4444 ($1.96 in chips) 
Seat 9: Derevtsssova ($0.94 in chips) 
gn4444: posts small blind $0.01
Derevtsssova: posts big blind $0.02
*** HOLE CARDS ***
Dealt to Dorex2007 [Ts 4c]
Dorex2007: folds 
sergei123158: folds 
MurguMGU: raises $0.06 to $0.08
ioaann67: folds 
RazvanBabanu: folds 
gn4444: folds 
Derevtsssova: calls $0.06
*** FLOP *** [Ac 6s 3h]
Derevtsssova: bets $0.86 and is all-in
MurguMGU: folds 
Uncalled bet ($0.86) returned to Derevtsssova
Derevtsssova collected $0.16 from pot
Derevtsssova: doesn't show hand 
*** SUMMARY ***
Total pot $0.17 | Rake $0.01 
Board [Ac 6s 3h]
Seat 2: Dorex2007 folded before Flop (didn't bet)
Seat 3: sergei123158 folded before Flop (didn't bet)
Seat 4: MurguMGU folded on the Flop
Seat 5: ioaann67 folded before Flop (didn't bet)
Seat 6: RazvanBabanu (button) folded before Flop (didn't bet)
Seat 7: gn4444 (small blind) folded before Flop
Seat 9: Derevtsssova (big blind) collected ($0.16)



PokerStars Hand #224682273737:  Hold'em No Limit ($0.01/$0.02 USD) - 2021/03/10 23:11:54 PT [2021/03/11 2:11:54 ET]
Table 'Kevo' 9-max Seat #7 is the button
Seat 2: Dorex2007 ($3.50 in chips) 
Seat 3: sergei123158 ($2 in chips) 
Seat 4: MurguMGU ($3.22 in chips) 
Seat 5: ioaann67 ($2.09 in chips) 
Seat 6: RazvanBabanu ($2.04 in chips) 
Seat 7: gn4444 ($2 in chips) 
Seat 9: Derevtsssova ($1.02 in chips) 
Derevtsssova: posts small blind $0.01
Dorex2007: posts big blind $0.02
*** HOLE CARDS ***
Dealt to Dorex2007 [8s 4s]
sergei123158: folds 
MurguMGU: raises $0.08 to $0.10
ioaann67: calls $0.10
RazvanBabanu: folds 
gn4444: folds 
Derevtsssova: folds 
Dorex2007: folds 
*** FLOP *** [4d 4c Jd]
MurguMGU: checks 
ioaann67: checks 
*** TURN *** [4d 4c Jd] [Qd]
MurguMGU: bets $0.10
ioaann67: folds 
Uncalled bet ($0.10) returned to MurguMGU
MurguMGU collected $0.22 from pot
MurguMGU: doesn't show hand 
*** SUMMARY ***
Total pot $0.23 | Rake $0.01 
Board [4d 4c Jd Qd]
Seat 2: Dorex2007 (big blind) folded before Flop
Seat 3: sergei123158 folded before Flop (didn't bet)
Seat 4: MurguMGU collected ($0.22)
Seat 5: ioaann67 folded on the Turn
Seat 6: RazvanBabanu folded before Flop (didn't bet)
Seat 7: gn4444 (button) folded before Flop (didn't bet)
Seat 9: Derevtsssova (small blind) folded before Flop



PokerStars Hand #224682283517:  Hold'em No Limit ($0.01/$0.02 USD) - 2021/03/10 23:12:19 PT [2021/03/11 2:12:19 ET]
Table 'Kevo' 9-max Seat #9 is the button
Seat 2: Dorex2007 ($3.48 in chips) 
Seat 3: sergei123158 ($2 in chips) 
Seat 4: MurguMGU ($3.34 in chips) 
Seat 5: ioaann67 ($1.99 in chips) 
Seat 6: RazvanBabanu ($2.04 in chips) 
Seat 7: gn4444 ($2 in chips) 
Seat 9: Derevtsssova ($1.01 in chips) 
Dorex2007: posts small blind $0.01
sergei123158: posts big blind $0.02
*** HOLE CARDS ***
Dealt to Dorex2007 [6h 3d]
MurguMGU: folds 
ioaann67: folds 
RazvanBabanu: calls $0.02
gn4444: folds 
Derevtsssova: folds 
Dorex2007: folds 
sergei123158: checks 
*** FLOP *** [5d Tc Ah]
sergei123158: checks 
RazvanBabanu: checks 
*** TURN *** [5d Tc Ah] [7h]
sergei123158: checks 
RazvanBabanu: bets $0.02
sergei123158: folds 
Uncalled bet ($0.02) returned to RazvanBabanu
Igroc24 joins the table at seat #1 
RazvanBabanu collected $0.05 from pot
RazvanBabanu: doesn't show hand 
*** SUMMARY ***
Total pot $0.05 | Rake $0 
Board [5d Tc Ah 7h]
Seat 2: Dorex2007 (small blind) folded before Flop
Seat 3: sergei123158 (big blind) folded on the Turn
Seat 4: MurguMGU folded before Flop (didn't bet)
Seat 5: ioaann67 folded before Flop (didn't bet)
Seat 6: RazvanBabanu collected ($0.05)
Seat 7: gn4444 folded before Flop (didn't bet)
Seat 9: Derevtsssova (button) folded before Flop (didn't bet)



PokerStars Hand #224682289449:  Hold'em No Limit ($0.01/$0.02 USD) - 2021/03/10 23:12:52 PT [2021/03/11 2:12:52 ET]
Table 'Kevo' 9-max Seat #2 is the button
Seat 2: Dorex2007 ($3.47 in chips) 
Seat 3: sergei123158 ($2 in chips) 
Seat 4: MurguMGU ($3.34 in chips) 
Seat 5: ioaann67 ($1.99 in chips) 
Seat 6: RazvanBabanu ($2.07 in chips) 
Seat 7: gn4444 ($2 in chips) 
Seat 9: Derevtsssova ($1.01 in chips) 
sergei123158: posts small blind $0.01
MurguMGU: posts big blind $0.02
Igroc24: sits out 
*** HOLE CARDS ***
Dealt to Dorex2007 [Ah Td]
ioaann67: folds 
RazvanBabanu: folds 
gn4444: folds 
Derevtsssova has timed out
Derevtsssova: folds 
Dorex2007: raises $0.04 to $0.06
sergei123158: folds 
MurguMGU: raises $0.04 to $0.10
Dorex2007: calls $0.04
*** FLOP *** [Ts 2h Th]
MurguMGU: checks 
Dorex2007: bets $0.04
MurguMGU: folds 
Uncalled bet ($0.04) returned to Dorex2007
Dorex2007 collected $0.20 from pot
Dorex2007: doesn't show hand 
*** SUMMARY ***
Total pot $0.21 | Rake $0.01 
Board [Ts 2h Th]
Seat 2: Dorex2007 (button) collected ($0.20)
Seat 3: sergei123158 (small blind) folded before Flop
Seat 4: MurguMGU (big blind) folded on the Flop
Seat 5: ioaann67 folded before Flop (didn't bet)
Seat 6: RazvanBabanu folded before Flop (didn't bet)
Seat 7: gn4444 folded before Flop (didn't bet)
Seat 9: Derevtsssova folded before Flop (didn't bet)



PokerStars Hand #224682296599:  Hold'em No Limit ($0.01/$0.02 USD) - 2021/03/10 23:13:32 PT [2021/03/11 2:13:32 ET]
Table 'Kevo' 9-max Seat #3 is the button
Seat 1: Igroc24 ($2 in chips) 
Seat 2: Dorex2007 ($3.57 in chips) 
Seat 3: sergei123158 ($2 in chips) 
Seat 4: MurguMGU ($3.24 in chips) 
Seat 5: ioaann67 ($1.99 in chips) 
Seat 6: RazvanBabanu ($2.07 in chips) 
Seat 7: gn4444 ($2 in chips) 
Seat 9: Derevtsssova ($1.01 in chips) 
MurguMGU: posts small blind $0.01
ioaann67: posts big blind $0.02
Igroc24: posts big blind $0.02
*** HOLE CARDS ***
Dealt to Dorex2007 [5h 8d]
RazvanBabanu: folds 
gn4444: folds 
Derevtsssova: folds 
Derevtsssova leaves the table
Igroc24: checks 
Dorex2007: folds 
sergei123158: folds 
MurguMGU: calls $0.01
ioaann67: checks 
*** FLOP *** [As 9c 6d]
MurguMGU: checks 
ioaann67: checks 
Igroc24: checks 
*** TURN *** [As 9c 6d] [2h]
MurguMGU: checks 
ioaann67: bets $0.06
Igroc24: folds 
MurguMGU: folds 
Uncalled bet ($0.06) returned to ioaann67
ioaann67 collected $0.06 from pot
ioaann67: doesn't show hand 
*** SUMMARY ***
Total pot $0.06 | Rake $0 
Board [As 9c 6d 2h]
Seat 1: Igroc24 folded on the Turn (didn't bet)
Seat 2: Dorex2007 folded before Flop (didn't bet)
Seat 3: sergei123158 (button) folded before Flop (didn't bet)
Seat 4: MurguMGU (small blind) folded on the Turn
Seat 5: ioaann67 (big blind) collected ($0.06)
Seat 6: RazvanBabanu folded before Flop (didn't bet)
Seat 7: gn4444 folded before Flop (didn't bet)
Seat 9: Derevtsssova folded before Flop (didn't bet)



PokerStars Hand #224682301503:  Hold'em No Limit ($0.01/$0.02 USD) - 2021/03/10 23:13:59 PT [2021/03/11 2:13:59 ET]
Table 'Kevo' 9-max Seat #4 is the button
Seat 1: Igroc24 ($1.98 in chips) 
Seat 2: Dorex2007 ($3.57 in chips) 
Seat 3: sergei123158 ($2 in chips) 
Seat 4: MurguMGU ($3.22 in chips) 
Seat 5: ioaann67 ($2.03 in chips) 
Seat 6: RazvanBabanu ($2.07 in chips) 
Seat 7: gn4444 ($2 in chips) 
ioaann67: posts small blind $0.01
RazvanBabanu: posts big blind $0.02
*** HOLE CARDS ***
Dealt to Dorex2007 [7h 8d]
gn4444: folds 
Igroc24: calls $0.02
Dorex2007: folds 
sergei123158: folds 
MurguMGU: folds 
ioaann67: calls $0.01
RazvanBabanu: checks 
*** FLOP *** [5h Th 3h]
ioaann67: checks 
kiling1 joins the table at seat #9 
RazvanBabanu: checks 
Igroc24: bets $0.06
ioaann67: folds 
RazvanBabanu: folds 
Uncalled bet ($0.06) returned to Igroc24
Igroc24 collected $0.06 from pot
*** SUMMARY ***
Total pot $0.06 | Rake $0 
Board [5h Th 3h]
Seat 1: Igroc24 collected ($0.06)
Seat 2: Dorex2007 folded before Flop (didn't bet)
Seat 3: sergei123158 folded before Flop (didn't bet)
Seat 4: MurguMGU (button) folded before Flop (didn't bet)
Seat 5: ioaann67 (small blind) folded on the Flop
Seat 6: RazvanBabanu (big blind) folded on the Flop
Seat 7: gn4444 folded before Flop (didn't bet)



PokerStars Hand #224682308226:  Hold'em No Limit ($0.01/$0.02 USD) - 2021/03/10 23:14:37 PT [2021/03/11 2:14:37 ET]
Table 'Kevo' 9-max Seat #5 is the button
Seat 1: Igroc24 ($2.02 in chips) 
Seat 2: Dorex2007 ($3.57 in chips) 
Seat 3: sergei123158 ($2 in chips) 
Seat 4: MurguMGU ($3.22 in chips) 
Seat 5: ioaann67 ($2.01 in chips) 
Seat 6: RazvanBabanu ($2.05 in chips) 
Seat 9: kiling1 ($2.11 in chips) 
RazvanBabanu: posts small blind $0.01
gn4444: is sitting out 
kiling1: posts big blind $0.02
*** HOLE CARDS ***
Dealt to Dorex2007 [As 7c]
Igroc24: calls $0.02
Dorex2007: folds 
sergei123158: calls $0.02
MurguMGU: calls $0.02
ioaann67: calls $0.02
RazvanBabanu: folds 
kiling1: checks 
*** FLOP *** [3d 4d Qd]
kiling1: checks 
Igroc24: checks 
sergei123158: bets $0.11
MurguMGU: folds 
ioaann67: folds 
kiling1: folds 
Igroc24: folds 
Uncalled bet ($0.11) returned to sergei123158
sergei123158 collected $0.11 from pot
sergei123158: doesn't show hand 
*** SUMMARY ***
Total pot $0.11 | Rake $0 
Board [3d 4d Qd]
Seat 1: Igroc24 folded on the Flop
Seat 2: Dorex2007 folded before Flop (didn't bet)
Seat 3: sergei123158 collected ($0.11)
Seat 4: MurguMGU folded on the Flop
Seat 5: ioaann67 (button) folded on the Flop
Seat 6: RazvanBabanu (small blind) folded before Flop
Seat 9: kiling1 (big blind) folded on the Flop



PokerStars Hand #224682316557:  Hold'em No Limit ($0.01/$0.02 USD) - 2021/03/10 23:15:23 PT [2021/03/11 2:15:23 ET]
Table 'Kevo' 9-max Seat #6 is the button
Seat 1: Igroc24 ($2 in chips) 
Seat 2: Dorex2007 ($3.57 in chips) 
Seat 3: sergei123158 ($2.09 in chips) 
Seat 4: MurguMGU ($3.20 in chips) 
Seat 5: ioaann67 ($1.99 in chips) 
Seat 6: RazvanBabanu ($2.04 in chips) 
Seat 9: kiling1 ($2.09 in chips) 
kiling1: posts small blind $0.01
Igroc24: posts big blind $0.02
*** HOLE CARDS ***
Dealt to Dorex2007 [9s Ah]
Dorex2007: folds 
sergei123158: folds 
MurguMGU: folds 
ioaann67: folds 
RazvanBabanu: folds 
kiling1: folds 
Uncalled bet ($0.01) returned to Igroc24
Igroc24 collected $0.02 from pot
*** SUMMARY ***
Total pot $0.02 | Rake $0 
Seat 1: Igroc24 (big blind) collected ($0.02)
Seat 2: Dorex2007 folded before Flop (didn't bet)
Seat 3: sergei123158 folded before Flop (didn't bet)
Seat 4: MurguMGU folded before Flop (didn't bet)
Seat 5: ioaann67 folded before Flop (didn't bet)
Seat 6: RazvanBabanu (button) folded before Flop (didn't bet)
Seat 9: kiling1 (small blind) folded before Flop



PokerStars Hand #224682320002:  Hold'em No Limit ($0.01/$0.02 USD) - 2021/03/10 23:15:43 PT [2021/03/11 2:15:43 ET]
Table 'Kevo' 9-max Seat #9 is the button
Seat 1: Igroc24 ($2.01 in chips) 
Seat 2: Dorex2007 ($3.57 in chips) 
Seat 3: sergei123158 ($2.09 in chips) 
Seat 4: MurguMGU ($3.20 in chips) 
Seat 5: ioaann67 ($1.99 in chips) 
Seat 6: RazvanBabanu ($2.04 in chips) 
Seat 9: kiling1 ($2.08 in chips) 
Igroc24: posts small blind $0.01
Dorex2007: posts big blind $0.02
*** HOLE CARDS ***
Dealt to Dorex2007 [9h Jh]
sergei123158: folds 
MurguMGU: calls $0.02
ioaann67: calls $0.02
RazvanBabanu: folds 
kiling1: folds 
Igroc24: calls $0.01
Dorex2007: checks 
*** FLOP *** [6h Ks Td]
Igroc24: checks 
Dorex2007: checks 
MurguMGU: bets $0.06
ioaann67: folds 
Igroc24: calls $0.06
Dorex2007: calls $0.06
*** TURN *** [6h Ks Td] [Qc]
Igroc24: checks 
Dorex2007: bets $0.25
MurguMGU: folds 
Igroc24: calls $0.25
*** RIVER *** [6h Ks Td Qc] [7s]
Igroc24: checks 
Dorex2007: bets $0.37
Igroc24: calls $0.37
*** SHOW DOWN ***
Dorex2007: shows [9h Jh] (a straight, Nine to King)
Igroc24: mucks hand 
Dorex2007 collected $1.45 from pot
*** SUMMARY ***
Total pot $1.50 | Rake $0.05 
Board [6h Ks Td Qc 7s]
Seat 1: Igroc24 (small blind) mucked [Tc 6c]
Seat 2: Dorex2007 (big blind) showed [9h Jh] and won ($1.45) with a straight, Nine to King
Seat 3: sergei123158 folded before Flop (didn't bet)
Seat 4: MurguMGU folded on the Turn
Seat 5: ioaann67 folded on the Flop
Seat 6: RazvanBabanu folded before Flop (didn't bet)
Seat 9: kiling1 (button) folded before Flop (didn't bet)



PokerStars Hand #224682329983:  Hold'em No Limit ($0.01/$0.02 USD) - 2021/03/10 23:16:38 PT [2021/03/11 2:16:38 ET]
Table 'Kevo' 9-max Seat #1 is the button
Seat 1: Igroc24 ($1.31 in chips) 
Seat 2: Dorex2007 ($4.32 in chips) 
Seat 3: sergei123158 ($2.09 in chips) 
Seat 4: MurguMGU ($3.12 in chips) 
Seat 5: ioaann67 ($1.97 in chips) 
Seat 6: RazvanBabanu ($2.04 in chips) 
Seat 9: kiling1 ($2.08 in chips) 
Dorex2007: posts small blind $0.01
sergei123158: posts big blind $0.02
*** HOLE CARDS ***
Dealt to Dorex2007 [Qh Tc]
MurguMGU: calls $0.02
ioaann67: calls $0.02
RazvanBabanu: folds 
kiling1 has timed out
kiling1: folds 
Igroc24: raises $0.09 to $0.11
Dorex2007: folds 
sergei123158: folds 
MurguMGU: calls $0.09
ioaann67: calls $0.09
*** FLOP *** [5h 5c Ks]
MurguMGU: checks 
ioaann67: checks 
Igroc24: bets $0.18
MurguMGU: folds 
ioaann67: raises $1.68 to $1.86 and is all-in
Igroc24: folds 
Uncalled bet ($1.68) returned to ioaann67
ioaann67 collected $0.69 from pot
ioaann67: doesn't show hand 
*** SUMMARY ***
Total pot $0.72 | Rake $0.03 
Board [5h 5c Ks]
Seat 1: Igroc24 (button) folded on the Flop
Seat 2: Dorex2007 (small blind) folded before Flop
Seat 3: sergei123158 (big blind) folded before Flop
Seat 4: MurguMGU folded on the Flop
Seat 5: ioaann67 collected ($0.69)
Seat 6: RazvanBabanu folded before Flop (didn't bet)
Seat 9: kiling1 folded before Flop (didn't bet)



PokerStars Hand #224682340228:  Hold'em No Limit ($0.01/$0.02 USD) - 2021/03/10 23:17:36 PT [2021/03/11 2:17:36 ET]
Table 'Kevo' 9-max Seat #2 is the button
Seat 1: Igroc24 ($1.02 in chips) 
Seat 2: Dorex2007 ($4.31 in chips) 
Seat 3: sergei123158 ($2.07 in chips) 
Seat 4: MurguMGU ($3.01 in chips) 
Seat 5: ioaann67 ($2.37 in chips) 
Seat 6: RazvanBabanu ($2.04 in chips) 
Seat 9: kiling1 ($2.08 in chips) 
sergei123158: posts small blind $0.01
MurguMGU: posts big blind $0.02
*** HOLE CARDS ***
Dealt to Dorex2007 [Th 7c]
ioaann67: calls $0.02
RazvanBabanu: folds 
kiling1: raises $0.07 to $0.09
Igroc24: folds 
Igroc24 leaves the table
Dorex2007: folds 
sergei123158: calls $0.08
MurguMGU: calls $0.07
ioaann67: calls $0.07
*** FLOP *** [4d Ad Qd]
sergei123158: checks 
MurguMGU: checks 
ioaann67: checks 
kiling1: checks 
*** TURN *** [4d Ad Qd] [4c]
sergei123158: checks 
MurguMGU: bets $0.10
ioaann67: folds 
kiling1: folds 
sergei123158: folds 
Uncalled bet ($0.10) returned to MurguMGU
MurguMGU collected $0.35 from pot
MurguMGU: doesn't show hand 
*** SUMMARY ***
Total pot $0.36 | Rake $0.01 
Board [4d Ad Qd 4c]
Seat 1: Igroc24 folded before Flop (didn't bet)
Seat 2: Dorex2007 (button) folded before Flop (didn't bet)
Seat 3: sergei123158 (small blind) folded on the Turn
Seat 4: MurguMGU (big blind) collected ($0.35)
Seat 5: ioaann67 folded on the Turn
Seat 6: RazvanBabanu folded before Flop (didn't bet)
Seat 9: kiling1 folded on the Turn



PokerStars Hand #224682348214:  Hold'em No Limit ($0.01/$0.02 USD) - 2021/03/10 23:18:21 PT [2021/03/11 2:18:21 ET]
Table 'Kevo' 9-max Seat #3 is the button
Seat 2: Dorex2007 ($4.31 in chips) 
Seat 3: sergei123158 ($2 in chips) 
Seat 4: MurguMGU ($3.27 in chips) 
Seat 5: ioaann67 ($2.28 in chips) 
Seat 6: RazvanBabanu ($2.04 in chips) 
Seat 9: kiling1 ($1.99 in chips) 
MurguMGU: posts small blind $0.01
ioaann67: posts big blind $0.02
*** HOLE CARDS ***
Dealt to Dorex2007 [3h 9h]
RazvanBabanu: folds 
RazvanBabanu leaves the table
Tavrus32 joins the table at seat #1 
kiling1: folds 
Dorex2007: folds 
sergei123158: raises $0.03 to $0.05
MurguMGU: folds 
ioaann67: calls $0.03
*** FLOP *** [7d Qc 5s]
Tavrus32 leaves the table
ioaann67: checks 
D@vidchenko joins the table at seat #6 
sergei123158: bets $0.06
ioaann67: folds 
Uncalled bet ($0.06) returned to sergei123158
sergei123158 collected $0.11 from pot
sergei123158: doesn't show hand 
*** SUMMARY ***
Total pot $0.11 | Rake $0 
Board [7d Qc 5s]
Seat 2: Dorex2007 folded before Flop (didn't bet)
Seat 3: sergei123158 (button) collected ($0.11)
Seat 4: MurguMGU (small blind) folded before Flop
Seat 5: ioaann67 (big blind) folded on the Flop
Seat 6: RazvanBabanu folded before Flop (didn't bet)
Seat 9: kiling1 folded before Flop (didn't bet)



PokerStars Hand #224682352218:  Hold'em No Limit ($0.01/$0.02 USD) - 2021/03/10 23:18:44 PT [2021/03/11 2:18:44 ET]
Table 'Kevo' 9-max Seat #4 is the button
Seat 2: Dorex2007 ($4.31 in chips) 
Seat 3: sergei123158 ($2.06 in chips) 
Seat 4: MurguMGU ($3.26 in chips) 
Seat 5: ioaann67 ($2.23 in chips) 
Seat 6: D@vidchenko ($2 in chips) 
Seat 9: kiling1 ($1.99 in chips) 
ioaann67: posts small blind $0.01
D@vidchenko: posts big blind $0.02
*** HOLE CARDS ***
Dealt to Dorex2007 [Js 9c]
kiling1: folds 
Dorex2007: folds 
sergei123158: folds 
MurguMGU: raises $0.04 to $0.06
ioaann67: calls $0.05
D@vidchenko: folds 
*** FLOP *** [3c 4c Jd]
ioaann67: checks 
MurguMGU: bets $0.04
ioaann67: raises $0.04 to $0.08
MurguMGU: calls $0.04
*** TURN *** [3c 4c Jd] [2d]
ioaann67: checks 
MurguMGU: checks 
*** RIVER *** [3c 4c Jd 2d] [As]
ioaann67: checks 
MurguMGU: bets $0.08
ioaann67: folds 
Uncalled bet ($0.08) returned to MurguMGU
MurguMGU collected $0.29 from pot
MurguMGU: doesn't show hand 
*** SUMMARY ***
Total pot $0.30 | Rake $0.01 
Board [3c 4c Jd 2d As]
Seat 2: Dorex2007 folded before Flop (didn't bet)
Seat 3: sergei123158 folded before Flop (didn't bet)
Seat 4: MurguMGU (button) collected ($0.29)
Seat 5: ioaann67 (small blind) folded on the River
Seat 6: D@vidchenko (big blind) folded before Flop
Seat 9: kiling1 folded before Flop (didn't bet)



PokerStars Hand #224682359683:  Hold'em No Limit ($0.01/$0.02 USD) - 2021/03/10 23:19:25 PT [2021/03/11 2:19:25 ET]
Table 'Kevo' 9-max Seat #5 is the button
Seat 2: Dorex2007 ($4.31 in chips) 
Seat 3: sergei123158 ($2.06 in chips) 
Seat 4: MurguMGU ($3.41 in chips) 
Seat 5: ioaann67 ($2.09 in chips) 
Seat 6: D@vidchenko ($1.98 in chips) 
Seat 8: TOM.T1021 ($1.84 in chips) 
Seat 9: kiling1 ($1.99 in chips) 
D@vidchenko: posts small blind $0.01
TOM.T1021: posts big blind $0.02
*** HOLE CARDS ***
Dealt to Dorex2007 [Qc Ah]
kiling1: calls $0.02
Dorex2007: raises $0.04 to $0.06
sergei123158: folds 
MurguMGU: calls $0.06
ioaann67: calls $0.06
D@vidchenko: folds 
TOM.T1021 has timed out
TOM.T1021: folds 
kiling1: calls $0.04
*** FLOP *** [7s 5c 3c]
Tavrus32 joins the table at seat #1 
kiling1: checks 
Dorex2007: checks 
MurguMGU: bets $0.08
ioaann67: calls $0.08
kiling1: calls $0.08
Dorex2007: folds 
*** TURN *** [7s 5c 3c] [6d]
kiling1: checks 
MurguMGU: bets $0.18
ioaann67: raises $1.77 to $1.95 and is all-in
kiling1: folds 
MurguMGU: folds 
Uncalled bet ($1.77) returned to ioaann67
ioaann67 collected $0.84 from pot
ioaann67: doesn't show hand 
*** SUMMARY ***
Total pot $0.87 | Rake $0.03 
Board [7s 5c 3c 6d]
Seat 2: Dorex2007 folded on the Flop
Seat 3: sergei123158 folded before Flop (didn't bet)
Seat 4: MurguMGU folded on the Turn
Seat 5: ioaann67 (button) collected ($0.84)
Seat 6: D@vidchenko (small blind) folded before Flop
Seat 8: TOM.T1021 (big blind) folded before Flop
Seat 9: kiling1 folded on the Turn



PokerStars Hand #224682378186:  Hold'em No Limit ($0.01/$0.02 USD) - 2021/03/10 23:21:10 PT [2021/03/11 2:21:10 ET]
Table 'Kevo' 9-max Seat #6 is the button
Seat 1: Tavrus32 ($2 in chips) 
Seat 2: Dorex2007 ($4.25 in chips) 
Seat 3: sergei123158 ($2.06 in chips) 
Seat 4: MurguMGU ($3.09 in chips) 
Seat 5: ioaann67 ($2.61 in chips) 
Seat 6: D@vidchenko ($1.97 in chips) 
Seat 9: kiling1 ($1.85 in chips) 
kiling1: posts small blind $0.01
Tavrus32: posts big blind $0.02
*** HOLE CARDS ***
Dealt to Dorex2007 [Ah Jd]
Dorex2007: raises $0.04 to $0.06
sergei123158: folds 
MurguMGU: calls $0.06
ioaann67: folds 
D@vidchenko: folds 
kiling1: folds 
Tavrus32: folds 
*** FLOP *** [Ts 7h As]
Dorex2007: bets $0.14
MurguMGU: folds 
Uncalled bet ($0.14) returned to Dorex2007
Dorex2007 collected $0.14 from pot
Dorex2007: doesn't show hand 
*** SUMMARY ***
Total pot $0.15 | Rake $0.01 
Board [Ts 7h As]
Seat 1: Tavrus32 (big blind) folded before Flop
Seat 2: Dorex2007 collected ($0.14)
Seat 3: sergei123158 folded before Flop (didn't bet)
Seat 4: MurguMGU folded on the Flop
Seat 5: ioaann67 folded before Flop (didn't bet)
Seat 6: D@vidchenko (button) folded before Flop (didn't bet)
Seat 9: kiling1 (small blind) folded before Flop



PokerStars Hand #224682383867:  Hold'em No Limit ($0.01/$0.02 USD) - 2021/03/10 23:21:42 PT [2021/03/11 2:21:42 ET]
Table 'Kevo' 9-max Seat #9 is the button
Seat 1: Tavrus32 ($2 in chips) 
Seat 2: Dorex2007 ($4.33 in chips) 
Seat 3: sergei123158 ($2.06 in chips) 
Seat 4: MurguMGU ($3.03 in chips) 
Seat 5: ioaann67 ($2.61 in chips) 
Seat 6: D@vidchenko ($1.97 in chips) 
Seat 9: kiling1 ($1.84 in chips) 
Tavrus32: posts small blind $0.01
Dorex2007: posts big blind $0.02
gn4444: sits out 
*** HOLE CARDS ***
Dealt to Dorex2007 [4c Jd]
sergei123158: folds 
MurguMGU: calls $0.02
ioaann67: calls $0.02
D@vidchenko: calls $0.02
kiling1: raises $0.17 to $0.19
Tavrus32: folds 
Dorex2007: folds 
MurguMGU: folds 
ioaann67: calls $0.17
D@vidchenko: folds 
*** FLOP *** [Th Kd Qh]
ioaann67: checks 
kiling1: bets $0.21
ioaann67: folds 
Uncalled bet ($0.21) returned to kiling1
kiling1 collected $0.43 from pot
kiling1: doesn't show hand 
MurguMGU leaves the table
*** SUMMARY ***
Total pot $0.45 | Rake $0.02 
Board [Th Kd Qh]
Seat 1: Tavrus32 (small blind) folded before Flop
Seat 2: Dorex2007 (big blind) folded before Flop
Seat 3: sergei123158 folded before Flop (didn't bet)
Seat 4: MurguMGU folded before Flop
Seat 5: ioaann67 folded on the Flop
Seat 6: D@vidchenko folded before Flop
Seat 9: kiling1 (button) collected ($0.43)



PokerStars Hand #224682391063:  Hold'em No Limit ($0.01/$0.02 USD) - 2021/03/10 23:22:22 PT [2021/03/11 2:22:22 ET]
Table 'Kevo' 9-max Seat #1 is the button
Seat 1: Tavrus32 ($2 in chips) 
Seat 2: Dorex2007 ($4.31 in chips) 
Seat 3: sergei123158 ($2.06 in chips) 
Seat 5: ioaann67 ($2.42 in chips) 
Seat 6: D@vidchenko ($1.95 in chips) 
Seat 9: kiling1 ($2.08 in chips) 
Dorex2007: posts small blind $0.01
sergei123158: posts big blind $0.02
gn4444: sits out 
*** HOLE CARDS ***
Dealt to Dorex2007 [5s 9c]
ioaann67: calls $0.02
D@vidchenko has timed out
D@vidchenko: folds 
kiling1: raises $0.07 to $0.09
Tavrus32: folds 
Dorex2007: folds 
sergei123158: raises $0.26 to $0.35
ioaann67: folds 
D@vidchenko is disconnected 
kiling1: folds 
Uncalled bet ($0.26) returned to sergei123158
sergei123158 collected $0.21 from pot
sergei123158: doesn't show hand 
*** SUMMARY ***
Total pot $0.21 | Rake $0 
Seat 1: Tavrus32 (button) folded before Flop (didn't bet)
Seat 2: Dorex2007 (small blind) folded before Flop
Seat 3: sergei123158 (big blind) collected ($0.21)
Seat 5: ioaann67 folded before Flop
Seat 6: D@vidchenko folded before Flop (didn't bet)
Seat 9: kiling1 folded before Flop



PokerStars Hand #224682398386:  Hold'em No Limit ($0.01/$0.02 USD) - 2021/03/10 23:23:03 PT [2021/03/11 2:23:03 ET]
Table 'Kevo' 9-max Seat #2 is the button
Seat 1: Tavrus32 ($2 in chips) 
Seat 2: Dorex2007 ($4.30 in chips) 
Seat 3: sergei123158 ($2.18 in chips) 
Seat 5: ioaann67 ($2.40 in chips) 
Seat 9: kiling1 ($1.99 in chips) 
sergei123158: posts small blind $0.01
ioaann67: posts big blind $0.02
gn4444: sits out 
*** HOLE CARDS ***
Dealt to Dorex2007 [Jd 2c]
kiling1: folds 
Tavrus32: raises $0.04 to $0.06
Dorex2007: folds 
sergei123158: folds 
ioaann67: calls $0.04
*** FLOP *** [7s 6s 8d]
ioaann67: checks 
Tavrus32: checks 
*** TURN *** [7s 6s 8d] [Ks]
ioaann67: checks 
Tavrus32: checks 
*** RIVER *** [7s 6s 8d Ks] [3s]
ioaann67: checks 
Tavrus32: checks 
*** SHOW DOWN ***
ioaann67: shows [5s 7d] (a flush, King high)
Tavrus32: mucks hand 
ioaann67 collected $0.13 from pot
mancub22 joins the table at seat #4 
*** SUMMARY ***
Total pot $0.13 | Rake $0 
Board [7s 6s 8d Ks 3s]
Seat 1: Tavrus32 mucked [Qc Ah]
Seat 2: Dorex2007 (button) folded before Flop (didn't bet)
Seat 3: sergei123158 (small blind) folded before Flop
Seat 5: ioaann67 (big blind) showed [5s 7d] and won ($0.13) with a flush, King high
Seat 9: kiling1 folded before Flop (didn't bet)



PokerStars Hand #224682404389:  Hold'em No Limit ($0.01/$0.02 USD) - 2021/03/10 23:23:37 PT [2021/03/11 2:23:37 ET]
Table 'Kevo' 9-max Seat #3 is the button
Seat 1: Tavrus32 ($2 in chips) 
Seat 2: Dorex2007 ($4.30 in chips) 
Seat 3: sergei123158 ($2.17 in chips) 
Seat 5: ioaann67 ($2.47 in chips) 
Seat 9: kiling1 ($1.99 in chips) 
ioaann67: posts small blind $0.01
kiling1: posts big blind $0.02
*** HOLE CARDS ***
Dealt to Dorex2007 [3c 8c]
Tavrus32: folds 
Dorex2007: folds 
sergei123158: folds 
ioaann67: calls $0.01
kiling1: checks 
*** FLOP *** [Td Js 6d]
ioaann67: checks 
kiling1: checks 
*** TURN *** [Td Js 6d] [Jc]
ioaann67: checks 
kiling1: checks 
*** RIVER *** [Td Js 6d Jc] [6h]
ioaann67: checks 
kiling1 is disconnected 
kiling1 has timed out while disconnected
kiling1: checks 
*** SHOW DOWN ***
ioaann67: shows [Kc Kd] (two pair, Kings and Jacks)
kiling1: mucks hand 
ioaann67 collected $0.04 from pot
*** SUMMARY ***
Total pot $0.04 | Rake $0 
Board [Td Js 6d Jc 6h]
Seat 1: Tavrus32 folded before Flop (didn't bet)
Seat 2: Dorex2007 folded before Flop (didn't bet)
Seat 3: sergei123158 (button) folded before Flop (didn't bet)
Seat 5: ioaann67 (small blind) showed [Kc Kd] and won ($0.04) with two pair, Kings and Jacks
Seat 9: kiling1 (big blind) mucked [Qh 4d]



PokerStars Hand #224682412383:  Hold'em No Limit ($0.01/$0.02 USD) - 2021/03/10 23:24:22 PT [2021/03/11 2:24:22 ET]
Table 'Kevo' 9-max Seat #5 is the button
Seat 1: Tavrus32 ($2 in chips) 
Seat 2: Dorex2007 ($4.30 in chips) 
Seat 3: sergei123158 ($2.17 in chips) 
Seat 5: ioaann67 ($2.49 in chips) 
kiling1 has timed out while disconnected
kiling1: is sitting out 
Tavrus32: posts small blind $0.01
Dorex2007: posts big blind $0.02
mancub22: sits out 
*** HOLE CARDS ***
Dealt to Dorex2007 [3c 4d]
sergei123158: folds 
ioaann67: calls $0.02
Tavrus32: folds 
Dorex2007: checks 
*** FLOP *** [Kc 2d 3d]
Dorex2007: checks 
ioaann67: checks 
*** TURN *** [Kc 2d 3d] [Ad]
Dorex2007: checks 
ioaann67: checks 
*** RIVER *** [Kc 2d 3d Ad] [6d]
Dorex2007: bets $0.05
ioaann67: folds 
Uncalled bet ($0.05) returned to Dorex2007
Dorex2007 collected $0.05 from pot
Dorex2007: doesn't show hand 
*** SUMMARY ***
Total pot $0.05 | Rake $0 
Board [Kc 2d 3d Ad 6d]
Seat 1: Tavrus32 (small blind) folded before Flop
Seat 2: Dorex2007 (big blind) collected ($0.05)
Seat 3: sergei123158 folded before Flop (didn't bet)
Seat 5: ioaann67 (button) folded on the River



PokerStars Hand #224682418447:  Hold'em No Limit ($0.01/$0.02 USD) - 2021/03/10 23:24:56 PT [2021/03/11 2:24:56 ET]
Table 'Kevo' 9-max Seat #1 is the button
Seat 1: Tavrus32 ($2 in chips) 
Seat 2: Dorex2007 ($4.33 in chips) 
Seat 3: sergei123158 ($2.17 in chips) 
Seat 4: mancub22 ($1.60 in chips) 
Seat 5: ioaann67 ($2.47 in chips) 
Dorex2007: posts small blind $0.01
sergei123158: posts big blind $0.02
mancub22: posts big blind $0.02
*** HOLE CARDS ***
Dealt to Dorex2007 [6d 4h]
gn4444 leaves the table
mancub22: raises $0.08 to $0.10
ioaann67: calls $0.10
Tavrus32: folds 
Dorex2007: folds 
sergei123158: calls $0.08
*** FLOP *** [Ad Ks 3s]
sergei123158: checks 
d1sm joins the table at seat #7 
mancub22: bets $1.50 and is all-in
ioaann67: folds 
sergei123158: folds 
Uncalled bet ($1.50) returned to mancub22
mancub22 collected $0.30 from pot
*** SUMMARY ***
Total pot $0.31 | Rake $0.01 
Board [Ad Ks 3s]
Seat 1: Tavrus32 (button) folded before Flop (didn't bet)
Seat 2: Dorex2007 (small blind) folded before Flop
Seat 3: sergei123158 (big blind) folded on the Flop
Seat 4: mancub22 collected ($0.30)
Seat 5: ioaann67 folded on the Flop



PokerStars Hand #224682426085:  Hold'em No Limit ($0.01/$0.02 USD) - 2021/03/10 23:25:38 PT [2021/03/11 2:25:38 ET]
Table 'Kevo' 9-max Seat #2 is the button
Seat 1: Tavrus32 ($2 in chips) 
Seat 2: Dorex2007 ($4.32 in chips) 
Seat 3: sergei123158 ($2.07 in chips) 
Seat 4: mancub22 ($1.80 in chips) 
Seat 5: ioaann67 ($2.37 in chips) 
sergei123158: posts small blind $0.01
mancub22: posts big blind $0.02
D@vidchenko: sits out 
d1sm: sits out 
*** HOLE CARDS ***
Dealt to Dorex2007 [Ad Ts]
ioaann67: folds 
Tavrus32: raises $0.04 to $0.06
D@vidchenko leaves the table
Dorex2007: folds 
sergei123158: folds 
mancub22: calls $0.04
*** FLOP *** [8s 2d 6s]
mancub22: bets $1.74 and is all-in
Tavrus32: calls $1.74
pokoslav2010 joins the table at seat #6 
*** TURN *** [8s 2d 6s] [Jc]
*** RIVER *** [8s 2d 6s Jc] [Jh]
*** SHOW DOWN ***
mancub22: shows [7c Qd] (a pair of Jacks)
Tavrus32: shows [8d 8h] (a full house, Eights full of Jacks)
Tavrus32 cashed out the hand for $3.28 | Cash Out Fee $0.03
mancub22 cashed out the hand for $0.17
*** SUMMARY ***
Total pot $3.61 | Rake $0.13 
Board [8s 2d 6s Jc Jh]
Seat 1: Tavrus32 showed [8d 8h] and won ($3.48) with a full house, Eights full of Jacks (pot not awarded as player cashed out)
Seat 2: Dorex2007 (button) folded before Flop (didn't bet)
Seat 3: sergei123158 (small blind) folded before Flop
Seat 4: mancub22 (big blind) showed [7c Qd] and lost with a pair of Jacks (cashed out).
Seat 5: ioaann67 folded before Flop (didn't bet)



PokerStars Hand #224682434113:  Hold'em No Limit ($0.01/$0.02 USD) - 2021/03/10 23:26:23 PT [2021/03/11 2:26:23 ET]
Table 'Kevo' 9-max Seat #3 is the button
Seat 1: Tavrus32 ($3.48 in chips) 
Seat 2: Dorex2007 ($4.32 in chips) 
Seat 3: sergei123158 ($2.06 in chips) 
Seat 4: mancub22 ($0.17 in chips) 
Seat 5: ioaann67 ($2.37 in chips) 
mancub22: posts small blind $0.01
ioaann67: posts big blind $0.02
pokoslav2010: sits out 
d1sm: sits out 
*** HOLE CARDS ***
Dealt to Dorex2007 [Td Js]
Tavrus32: folds 
Dorex2007 said, "wow, just wow"
Dorex2007: folds 
sergei123158: folds 
mancub22: folds 
Uncalled bet ($0.01) returned to ioaann67
ioaann67 collected $0.02 from pot
ioaann67: doesn't show hand 
*** SUMMARY ***
Total pot $0.02 | Rake $0 
Seat 1: Tavrus32 folded before Flop (didn't bet)
Seat 2: Dorex2007 folded before Flop (didn't bet)
Seat 3: sergei123158 (button) folded before Flop (didn't bet)
Seat 4: mancub22 (small blind) folded before Flop
Seat 5: ioaann67 (big blind) collected ($0.02)



PokerStars Hand #224682437271:  Hold'em No Limit ($0.01/$0.02 USD) - 2021/03/10 23:26:41 PT [2021/03/11 2:26:41 ET]
Table 'Kevo' 9-max Seat #4 is the button
Seat 1: Tavrus32 ($3.48 in chips) 
Seat 2: Dorex2007 ($4.32 in chips) 
Seat 3: sergei123158 ($2.06 in chips) 
Seat 4: mancub22 ($0.16 in chips) 
Seat 5: ioaann67 ($2.38 in chips) 
Seat 6: pokoslav2010 ($2 in chips) 
ioaann67: posts small blind $0.01
pokoslav2010: posts big blind $0.02
d1sm: sits out 
*** HOLE CARDS ***
Dealt to Dorex2007 [4c 5s]
Tavrus32: folds 
Dorex2007: folds 
sergei123158: raises $0.03 to $0.05
mancub22: calls $0.05
ioaann67: calls $0.04
pokoslav2010: folds 
*** FLOP *** [Kc Jh Qh]
ioaann67: checks 
sergei123158: bets $0.08
mancub22: calls $0.08
ioaann67: folds 
*** TURN *** [Kc Jh Qh] [7d]
sergei123158: checks 
mancub22: bets $0.03 and is all-in
sergei123158: calls $0.03
*** RIVER *** [Kc Jh Qh 7d] [9d]
*** SHOW DOWN ***
sergei123158: shows [Qc Ah] (a pair of Queens)
mancub22: shows [9s 8h] (a pair of Nines)
sergei123158 collected $0.38 from pot
*** SUMMARY ***
Total pot $0.39 | Rake $0.01 
Board [Kc Jh Qh 7d 9d]
Seat 1: Tavrus32 folded before Flop (didn't bet)
Seat 2: Dorex2007 folded before Flop (didn't bet)
Seat 3: sergei123158 showed [Qc Ah] and won ($0.38) with a pair of Queens
Seat 4: mancub22 (button) showed [9s 8h] and lost with a pair of Nines
Seat 5: ioaann67 (small blind) folded on the Flop
Seat 6: pokoslav2010 (big blind) folded before Flop



PokerStars Hand #224682444152:  Hold'em No Limit ($0.01/$0.02 USD) - 2021/03/10 23:27:19 PT [2021/03/11 2:27:19 ET]
Table 'Kevo' 9-max Seat #5 is the button
Seat 1: Tavrus32 ($3.48 in chips) 
Seat 2: Dorex2007 ($4.32 in chips) 
Seat 3: sergei123158 ($2.28 in chips) 
Seat 5: ioaann67 ($2.33 in chips) 
Seat 6: pokoslav2010 ($1.98 in chips) 
Seat 7: d1sm ($2 in chips) 
pokoslav2010: posts small blind $0.01
d1sm: posts big blind $0.02
kiling1 is disconnected 
kiling1 has timed out while disconnected
kiling1: is sitting out 
*** HOLE CARDS ***
Dealt to Dorex2007 [2c Qd]
Tavrus32: folds 
Dorex2007: folds 
sergei123158: folds 
ioaann67: folds 
pokoslav2010: raises $0.04 to $0.06
d1sm: calls $0.04
*** FLOP *** [9s 9d 3s]
pokoslav2010: bets $0.08
d1sm: calls $0.08
*** TURN *** [9s 9d 3s] [Jc]
pokoslav2010: checks 
d1sm: bets $0.16
pokoslav2010: folds 
Uncalled bet ($0.16) returned to d1sm
d1sm collected $0.27 from pot
d1sm: doesn't show hand 
*** SUMMARY ***
Total pot $0.28 | Rake $0.01 
Board [9s 9d 3s Jc]
Seat 1: Tavrus32 folded before Flop (didn't bet)
Seat 2: Dorex2007 folded before Flop (didn't bet)
Seat 3: sergei123158 folded before Flop (didn't bet)
Seat 5: ioaann67 (button) folded before Flop (didn't bet)
Seat 6: pokoslav2010 (small blind) folded on the Turn
Seat 7: d1sm (big blind) collected ($0.27)



PokerStars Hand #224682452730:  Hold'em No Limit ($0.01/$0.02 USD) - 2021/03/10 23:28:07 PT [2021/03/11 2:28:07 ET]
Table 'Kevo' 9-max Seat #6 is the button
Seat 1: Tavrus32 ($3.48 in chips) 
Seat 2: Dorex2007 ($4.32 in chips) 
Seat 3: sergei123158 ($2.28 in chips) 
Seat 4: mancub22 ($2 in chips) 
Seat 5: ioaann67 ($2.33 in chips) 
Seat 6: pokoslav2010 ($1.84 in chips) 
Seat 7: d1sm ($2.13 in chips) 
d1sm: posts small blind $0.01
Tavrus32: posts big blind $0.02
*** HOLE CARDS ***
Dealt to Dorex2007 [Jc Ad]
Dorex2007: raises $0.04 to $0.06
sergei123158: folds 
mancub22: folds 
ioaann67: folds 
pokoslav2010: folds 
d1sm: folds 
Tavrus32: folds 
Uncalled bet ($0.04) returned to Dorex2007
Dorex2007 collected $0.05 from pot
Dorex2007: doesn't show hand 
*** SUMMARY ***
Total pot $0.05 | Rake $0 
Seat 1: Tavrus32 (big blind) folded before Flop
Seat 2: Dorex2007 collected ($0.05)
Seat 3: sergei123158 folded before Flop (didn't bet)
Seat 4: mancub22 folded before Flop (didn't bet)
Seat 5: ioaann67 folded before Flop (didn't bet)
Seat 6: pokoslav2010 (button) folded before Flop (didn't bet)
Seat 7: d1sm (small blind) folded before Flop



PokerStars Hand #224682456810:  Hold'em No Limit ($0.01/$0.02 USD) - 2021/03/10 23:28:30 PT [2021/03/11 2:28:30 ET]
Table 'Kevo' 9-max Seat #7 is the button
Seat 1: Tavrus32 ($3.46 in chips) 
Seat 2: Dorex2007 ($4.35 in chips) 
Seat 3: sergei123158 ($2.28 in chips) 
Seat 4: mancub22 ($2 in chips) 
Seat 5: ioaann67 ($2.33 in chips) 
Seat 6: pokoslav2010 ($1.84 in chips) 
Seat 7: d1sm ($2.12 in chips) 
Tavrus32: posts small blind $0.01
Dorex2007: posts big blind $0.02
*** HOLE CARDS ***
Dealt to Dorex2007 [Ad 5h]
sergei123158: folds 
mancub22 has timed out
mancub22: folds 
ioaann67: folds 
pokoslav2010: raises $0.04 to $0.06
d1sm: folds 
Tavrus32: folds 
Dorex2007: folds 
Uncalled bet ($0.04) returned to pokoslav2010
pokoslav2010 collected $0.05 from pot
pokoslav2010: doesn't show hand 
*** SUMMARY ***
Total pot $0.05 | Rake $0 
Seat 1: Tavrus32 (small blind) folded before Flop
Seat 2: Dorex2007 (big blind) folded before Flop
Seat 3: sergei123158 folded before Flop (didn't bet)
Seat 4: mancub22 folded before Flop (didn't bet)
Seat 5: ioaann67 folded before Flop (didn't bet)
Seat 6: pokoslav2010 collected ($0.05)
Seat 7: d1sm (button) folded before Flop (didn't bet)



PokerStars Hand #224682462512:  Hold'em No Limit ($0.01/$0.02 USD) - 2021/03/10 23:29:01 PT [2021/03/11 2:29:01 ET]
Table 'Kevo' 9-max Seat #1 is the button
Seat 1: Tavrus32 ($3.45 in chips) 
Seat 2: Dorex2007 ($4.33 in chips) 
Seat 3: sergei123158 ($2.28 in chips) 
Seat 4: mancub22 ($2 in chips) 
Seat 5: ioaann67 ($2.33 in chips) 
Seat 6: pokoslav2010 ($1.87 in chips) 
Seat 7: d1sm ($2.12 in chips) 
Dorex2007: posts small blind $0.01
sergei123158: posts big blind $0.02
*** HOLE CARDS ***
Dealt to Dorex2007 [Kc Tc]
mancub22: raises $0.02 to $0.04
ioaann67: calls $0.04
pokoslav2010: folds 
d1sm: folds 
Tavrus32: folds 
Dorex2007: folds 
sergei123158: folds 
*** FLOP *** [7c Qc Jc]
mancub22: bets $1.96 and is all-in
ioaann67: folds 
Uncalled bet ($1.96) returned to mancub22
mancub22 collected $0.11 from pot
*** SUMMARY ***
Total pot $0.11 | Rake $0 
Board [7c Qc Jc]
Seat 1: Tavrus32 (button) folded before Flop (didn't bet)
Seat 2: Dorex2007 (small blind) folded before Flop
Seat 3: sergei123158 (big blind) folded before Flop
Seat 4: mancub22 collected ($0.11)
Seat 5: ioaann67 folded on the Flop
Seat 6: pokoslav2010 folded before Flop (didn't bet)
Seat 7: d1sm folded before Flop (didn't bet)



PokerStars Hand #224682467393:  Hold'em No Limit ($0.01/$0.02 USD) - 2021/03/10 23:29:28 PT [2021/03/11 2:29:28 ET]
Table 'Kevo' 9-max Seat #2 is the button
Seat 1: Tavrus32 ($3.45 in chips) 
Seat 2: Dorex2007 ($4.32 in chips) 
Seat 3: sergei123158 ($2.26 in chips) 
Seat 4: mancub22 ($2.07 in chips) 
Seat 5: ioaann67 ($2.29 in chips) 
Seat 6: pokoslav2010 ($1.87 in chips) 
Seat 7: d1sm ($2.12 in chips) 
sergei123158: posts small blind $0.01
mancub22: posts big blind $0.02
*** HOLE CARDS ***
Dealt to Dorex2007 [8s 5c]
ioaann67: calls $0.02
pokoslav2010: folds 
d1sm: folds 
Tavrus32: folds 
Dorex2007: folds 
sergei123158: raises $0.05 to $0.07
mancub22: raises $2 to $2.07 and is all-in
ioaann67: folds 
sergei123158: folds 
Uncalled bet ($2) returned to mancub22
mancub22 collected $0.16 from pot
*** SUMMARY ***
Total pot $0.16 | Rake $0 
Seat 1: Tavrus32 folded before Flop (didn't bet)
Seat 2: Dorex2007 (button) folded before Flop (didn't bet)
Seat 3: sergei123158 (small blind) folded before Flop
Seat 4: mancub22 (big blind) collected ($0.16)
Seat 5: ioaann67 folded before Flop
Seat 6: pokoslav2010 folded before Flop (didn't bet)
Seat 7: d1sm folded before Flop (didn't bet)



PokerStars Hand #224682472355:  Hold'em No Limit ($0.01/$0.02 USD) - 2021/03/10 23:29:55 PT [2021/03/11 2:29:55 ET]
Table 'Kevo' 9-max Seat #3 is the button
Seat 1: Tavrus32 ($3.45 in chips) 
Seat 2: Dorex2007 ($4.32 in chips) 
Seat 3: sergei123158 ($2.19 in chips) 
Seat 4: mancub22 ($2.16 in chips) 
Seat 5: ioaann67 ($2.27 in chips) 
Seat 6: pokoslav2010 ($1.87 in chips) 
Seat 7: d1sm ($2.12 in chips) 
mancub22: posts small blind $0.01
ioaann67: posts big blind $0.02
*** HOLE CARDS ***
Dealt to Dorex2007 [7s Jc]
pokoslav2010: folds 
d1sm: folds 
Tavrus32: folds 
Dorex2007: folds 
sergei123158: folds 
mancub22: raises $0.02 to $0.04
ioaann67: calls $0.02
*** FLOP *** [Qh Js Ts]
mancub22: bets $2.12 and is all-in
ioaann67: folds 
Uncalled bet ($2.12) returned to mancub22
mancub22 collected $0.08 from pot
*** SUMMARY ***
Total pot $0.08 | Rake $0 
Board [Qh Js Ts]
Seat 1: Tavrus32 folded before Flop (didn't bet)
Seat 2: Dorex2007 folded before Flop (didn't bet)
Seat 3: sergei123158 (button) folded before Flop (didn't bet)
Seat 4: mancub22 (small blind) collected ($0.08)
Seat 5: ioaann67 (big blind) folded on the Flop
Seat 6: pokoslav2010 folded before Flop (didn't bet)
Seat 7: d1sm folded before Flop (didn't bet)



PokerStars Hand #224682477315:  Hold'em No Limit ($0.01/$0.02 USD) - 2021/03/10 23:30:22 PT [2021/03/11 2:30:22 ET]
Table 'Kevo' 9-max Seat #4 is the button
Seat 1: Tavrus32 ($3.45 in chips) 
Seat 2: Dorex2007 ($4.32 in chips) 
Seat 3: sergei123158 ($2.19 in chips) 
Seat 4: mancub22 ($2.20 in chips) 
Seat 5: ioaann67 ($2.23 in chips) 
Seat 6: pokoslav2010 ($1.87 in chips) 
Seat 7: d1sm ($2.12 in chips) 
ioaann67: posts small blind $0.01
pokoslav2010: posts big blind $0.02
*** HOLE CARDS ***
Dealt to Dorex2007 [Ah 8s]
d1sm: folds 
Tavrus32: folds 
Dorex2007: folds 
sergei123158: folds 
mancub22: raises $2.18 to $2.20 and is all-in
ioaann67: folds 
pokoslav2010: folds 
Uncalled bet ($2.18) returned to mancub22
mancub22 collected $0.05 from pot
*** SUMMARY ***
Total pot $0.05 | Rake $0 
Seat 1: Tavrus32 folded before Flop (didn't bet)
Seat 2: Dorex2007 folded before Flop (didn't bet)
Seat 3: sergei123158 folded before Flop (didn't bet)
Seat 4: mancub22 (button) collected ($0.05)
Seat 5: ioaann67 (small blind) folded before Flop
Seat 6: pokoslav2010 (big blind) folded before Flop
Seat 7: d1sm folded before Flop (didn't bet)



PokerStars Hand #224682481225:  Hold'em No Limit ($0.01/$0.02 USD) - 2021/03/10 23:30:44 PT [2021/03/11 2:30:44 ET]
Table 'Kevo' 9-max Seat #5 is the button
Seat 1: Tavrus32 ($3.45 in chips) 
Seat 2: Dorex2007 ($4.32 in chips) 
Seat 3: sergei123158 ($2.19 in chips) 
Seat 4: mancub22 ($2.23 in chips) 
Seat 5: ioaann67 ($2.22 in chips) 
Seat 6: pokoslav2010 ($1.85 in chips) 
Seat 7: d1sm ($2.12 in chips) 
pokoslav2010: posts small blind $0.01
d1sm: posts big blind $0.02
*** HOLE CARDS ***
Dealt to Dorex2007 [5h 3s]
Tavrus32: folds 
Dorex2007: folds 
sergei123158: folds 
mancub22: raises $2.21 to $2.23 and is all-in
ioaann67: folds 
pokoslav2010: folds 
d1sm: folds 
Uncalled bet ($2.21) returned to mancub22
mancub22 collected $0.05 from pot
*** SUMMARY ***
Total pot $0.05 | Rake $0 
Seat 1: Tavrus32 folded before Flop (didn't bet)
Seat 2: Dorex2007 folded before Flop (didn't bet)
Seat 3: sergei123158 folded before Flop (didn't bet)
Seat 4: mancub22 collected ($0.05)
Seat 5: ioaann67 (button) folded before Flop (didn't bet)
Seat 6: pokoslav2010 (small blind) folded before Flop
Seat 7: d1sm (big blind) folded before Flop



PokerStars Hand #224682485503:  Hold'em No Limit ($0.01/$0.02 USD) - 2021/03/10 23:31:07 PT [2021/03/11 2:31:07 ET]
Table 'Kevo' 9-max Seat #6 is the button
Seat 1: Tavrus32 ($3.45 in chips) 
Seat 2: Dorex2007 ($4.32 in chips) 
Seat 3: sergei123158 ($2.19 in chips) 
Seat 4: mancub22 ($2.26 in chips) 
Seat 5: ioaann67 ($2.22 in chips) 
Seat 6: pokoslav2010 ($1.84 in chips) 
Seat 7: d1sm ($2.10 in chips) 
d1sm: posts small blind $0.01
Tavrus32: posts big blind $0.02
*** HOLE CARDS ***
Dealt to Dorex2007 [Ad 9h]
Dorex2007: folds 
sergei123158: folds 
mancub22: folds 
ioaann67: folds 
pokoslav2010: folds 
d1sm: raises $0.04 to $0.06
Tavrus32: folds 
Uncalled bet ($0.04) returned to d1sm
d1sm collected $0.04 from pot
TOM.T1021 leaves the table
kiling1 leaves the table
d1sm: doesn't show hand 
*** SUMMARY ***
Total pot $0.04 | Rake $0 
Seat 1: Tavrus32 (big blind) folded before Flop
Seat 2: Dorex2007 folded before Flop (didn't bet)
Seat 3: sergei123158 folded before Flop (didn't bet)
Seat 4: mancub22 folded before Flop (didn't bet)
Seat 5: ioaann67 folded before Flop (didn't bet)
Seat 6: pokoslav2010 (button) folded before Flop (didn't bet)
Seat 7: d1sm (small blind) collected ($0.04)



PokerStars Hand #224682489059:  Hold'em No Limit ($0.01/$0.02 USD) - 2021/03/10 23:31:26 PT [2021/03/11 2:31:26 ET]
Table 'Kevo' 9-max Seat #7 is the button
Seat 1: Tavrus32 ($3.43 in chips) 
Seat 2: Dorex2007 ($4.32 in chips) 
Seat 3: sergei123158 ($2.19 in chips) 
Seat 4: mancub22 ($2.26 in chips) 
Seat 5: ioaann67 ($2.22 in chips) 
Seat 6: pokoslav2010 ($1.84 in chips) 
Seat 7: d1sm ($2.12 in chips) 
Tavrus32: posts small blind $0.01
Dorex2007: posts big blind $0.02
*** HOLE CARDS ***
Dealt to Dorex2007 [6d 7h]
sergei123158: folds 
infiniti888 joins the table at seat #9 
mancub22: raises $0.02 to $0.04
ioaann67: calls $0.04
pokoslav2010: folds 
d1sm: calls $0.04
Tavrus32: folds 
Dorex2007: folds 
*** FLOP *** [Ts 9s Js]
mancub22: bets $0.10
ioaann67: calls $0.10
d1sm: folds 
*** TURN *** [Ts 9s Js] [Tc]
mancub22: bets $0.02
ioaann67: raises $2.06 to $2.08 and is all-in
mancub22: calls $2.06
*** RIVER *** [Ts 9s Js Tc] [Qc]
*** SHOW DOWN ***
mancub22: shows [4h 9d] (two pair, Tens and Nines)
ioaann67: shows [Ks 4s] (a flush, King high)
ioaann67 collected $4.35 from pot
*** SUMMARY ***
Total pot $4.51 | Rake $0.16 
Board [Ts 9s Js Tc Qc]
Seat 1: Tavrus32 (small blind) folded before Flop
Seat 2: Dorex2007 (big blind) folded before Flop
Seat 3: sergei123158 folded before Flop (didn't bet)
Seat 4: mancub22 showed [4h 9d] and lost with two pair, Tens and Nines
Seat 5: ioaann67 showed [Ks 4s] and won ($4.35) with a flush, King high
Seat 6: pokoslav2010 folded before Flop (didn't bet)
Seat 7: d1sm (button) folded on the Flop



PokerStars Hand #224682500786:  Hold'em No Limit ($0.01/$0.02 USD) - 2021/03/10 23:32:30 PT [2021/03/11 2:32:30 ET]
Table 'Kevo' 9-max Seat #1 is the button
Seat 1: Tavrus32 ($3.42 in chips) 
Seat 2: Dorex2007 ($4.30 in chips) 
Seat 3: sergei123158 ($2.19 in chips) 
Seat 4: mancub22 ($0.04 in chips) 
Seat 5: ioaann67 ($4.35 in chips) 
Seat 6: pokoslav2010 ($1.84 in chips) 
Seat 7: d1sm ($2.08 in chips) 
Dorex2007: posts small blind $0.01
sergei123158: posts big blind $0.02
infiniti888: sits out 
*** HOLE CARDS ***
Dealt to Dorex2007 [8s 2h]
mancub22: raises $0.02 to $0.04 and is all-in
ioaann67: folds 
pokoslav2010: folds 
d1sm: folds 
Tavrus32: folds 
Dorex2007: folds 
sergei123158: folds 
Uncalled bet ($0.02) returned to mancub22
mancub22 collected $0.05 from pot
*** SUMMARY ***
Total pot $0.05 | Rake $0 
Seat 1: Tavrus32 (button) folded before Flop (didn't bet)
Seat 2: Dorex2007 (small blind) folded before Flop
Seat 3: sergei123158 (big blind) folded before Flop
Seat 4: mancub22 collected ($0.05)
Seat 5: ioaann67 folded before Flop (didn't bet)
Seat 6: pokoslav2010 folded before Flop (didn't bet)
Seat 7: d1sm folded before Flop (didn't bet)



PokerStars Hand #224682503530:  Hold'em No Limit ($0.01/$0.02 USD) - 2021/03/10 23:32:44 PT [2021/03/11 2:32:44 ET]
Table 'Kevo' 9-max Seat #2 is the button
Seat 1: Tavrus32 ($3.42 in chips) 
Seat 2: Dorex2007 ($4.29 in chips) 
Seat 3: sergei123158 ($2.17 in chips) 
Seat 4: mancub22 ($0.07 in chips) 
Seat 5: ioaann67 ($4.35 in chips) 
Seat 6: pokoslav2010 ($1.84 in chips) 
Seat 7: d1sm ($2.08 in chips) 
sergei123158: posts small blind $0.01
mancub22: posts big blind $0.02
infiniti888: sits out 
*** HOLE CARDS ***
Dealt to Dorex2007 [2s 4s]
ioaann67: folds 
pokoslav2010: calls $0.02
d1sm: folds 
Tavrus32: raises $0.06 to $0.08
Dorex2007: folds 
sergei123158: folds 
mancub22: folds 
pokoslav2010: calls $0.06
*** FLOP *** [Qc Kc Td]
pokoslav2010: bets $0.09
Yams68 joins the table at seat #8 
Tavrus32: calls $0.09
*** TURN *** [Qc Kc Td] [Ts]
pokoslav2010: bets $0.36
Tavrus32: folds 
Uncalled bet ($0.36) returned to pokoslav2010
pokoslav2010 collected $0.36 from pot
pokoslav2010: doesn't show hand 
*** SUMMARY ***
Total pot $0.37 | Rake $0.01 
Board [Qc Kc Td Ts]
Seat 1: Tavrus32 folded on the Turn
Seat 2: Dorex2007 (button) folded before Flop (didn't bet)
Seat 3: sergei123158 (small blind) folded before Flop
Seat 4: mancub22 (big blind) folded before Flop
Seat 5: ioaann67 folded before Flop (didn't bet)
Seat 6: pokoslav2010 collected ($0.36)
Seat 7: d1sm folded before Flop (didn't bet)



PokerStars Hand #224682512762:  Hold'em No Limit ($0.01/$0.02 USD) - 2021/03/10 23:33:34 PT [2021/03/11 2:33:34 ET]
Table 'Kevo' 9-max Seat #3 is the button
Seat 1: Tavrus32 ($3.25 in chips) 
Seat 2: Dorex2007 ($4.29 in chips) 
Seat 3: sergei123158 ($2.16 in chips) 
Seat 4: mancub22 ($1.98 in chips) 
Seat 5: ioaann67 ($4.35 in chips) 
Seat 6: pokoslav2010 ($2.03 in chips) 
Seat 7: d1sm ($2.08 in chips) 
Seat 8: Yams68 ($0.80 in chips) 
mancub22: posts small blind $0.01
ioaann67: posts big blind $0.02
Yams68: posts big blind $0.02
infiniti888: sits out 
*** HOLE CARDS ***
Dealt to Dorex2007 [Qd 2c]
pokoslav2010: folds 
d1sm: folds 
Yams68: checks 
Tavrus32: raises $0.06 to $0.08
Dorex2007: folds 
sergei123158: folds 
mancub22: raises $1.90 to $1.98 and is all-in
ioaann67: folds 
Yams68: folds 
Tavrus32: folds 
Uncalled bet ($1.90) returned to mancub22
mancub22 collected $0.20 from pot
*** SUMMARY ***
Total pot $0.20 | Rake $0 
Seat 1: Tavrus32 folded before Flop
Seat 2: Dorex2007 folded before Flop (didn't bet)
Seat 3: sergei123158 (button) folded before Flop (didn't bet)
Seat 4: mancub22 (small blind) collected ($0.20)
Seat 5: ioaann67 (big blind) folded before Flop
Seat 6: pokoslav2010 folded before Flop (didn't bet)
Seat 7: d1sm folded before Flop (didn't bet)
Seat 8: Yams68 folded before Flop (didn't bet)



