PokerStars Hand #228009884047:  Hold'em No Limit ($0.01/$0.02 USD) - 2021/07/02 15:27:09 PT [2021/07/02 18:27:09 ET]
Table 'Wratislavia IV' 9-max Seat #7 is the button
Seat 1: Kevindm21 ($2.23 in chips) 
Seat 3: chacalay1 ($1.78 in chips) 
Seat 4: pomozim ($1.57 in chips) 
Seat 5: alitam11 ($1.97 in chips) 
Seat 6: Dorex2007 ($2 in chips) 
Seat 7: Almanza63 ($2.82 in chips) 
Seat 8: bueninnN ($2.47 in chips) 
Seat 9: 4opl1a ($3.47 in chips) 
bueninnN: posts small blind $0.01
4opl1a: posts big blind $0.02
Dorex2007: posts big blind $0.02
*** HOLE CARDS ***
Dealt to Dorex2007 [Ah 2s]
Kevindm21: raises $0.04 to $0.06
chacalay1: calls $0.06
pomozim: folds 
alitam11: folds 
Dorex2007: folds 
Almanza63: raises $0.12 to $0.18
bueninnN: folds 
4opl1a: folds 
Kevindm21: folds 
chacalay1: calls $0.12
*** FLOP *** [Qs 4d 9c]
chacalay1: checks 
Almanza63: bets $0.19
chacalay1: folds 
Uncalled bet ($0.19) returned to Almanza63
Almanza63 collected $0.45 from pot
Almanza63: doesn't show hand 
*** SUMMARY ***
Total pot $0.47 | Rake $0.02 
Board [Qs 4d 9c]
Seat 1: Kevindm21 folded before Flop
Seat 3: chacalay1 folded on the Flop
Seat 4: pomozim folded before Flop (didn't bet)
Seat 5: alitam11 folded before Flop (didn't bet)
Seat 6: Dorex2007 folded before Flop (didn't bet)
Seat 7: Almanza63 (button) collected ($0.45)
Seat 8: bueninnN (small blind) folded before Flop
Seat 9: 4opl1a (big blind) folded before Flop



PokerStars Hand #228009898559:  Hold'em No Limit ($0.01/$0.02 USD) - 2021/07/02 15:27:49 PT [2021/07/02 18:27:49 ET]
Table 'Wratislavia IV' 9-max Seat #8 is the button
Seat 1: Kevindm21 ($2.17 in chips) 
Seat 3: chacalay1 ($1.60 in chips) 
Seat 4: pomozim ($1.57 in chips) 
Seat 5: alitam11 ($1.97 in chips) 
Seat 6: Dorex2007 ($1.98 in chips) 
Seat 7: Almanza63 ($3.09 in chips) 
Seat 8: bueninnN ($2.46 in chips) 
Seat 9: 4opl1a ($3.45 in chips) 
4opl1a: posts small blind $0.01
Kevindm21: posts big blind $0.02
*** HOLE CARDS ***
Dealt to Dorex2007 [2c Qs]
chacalay1: folds 
pomozim: folds 
alitam11: folds 
Dorex2007: folds 
Almanza63: raises $0.03 to $0.05
bueninnN: calls $0.05
4opl1a: folds 
Kevindm21: calls $0.03
*** FLOP *** [Qc Jd Ks]
leopachecol joins the table at seat #2 
Kevindm21: checks 
Almanza63: checks 
bueninnN: checks 
*** TURN *** [Qc Jd Ks] [Ad]
Kevindm21: checks 
Almanza63: bets $0.08
bueninnN: folds 
Kevindm21: folds 
Uncalled bet ($0.08) returned to Almanza63
Almanza63 collected $0.15 from pot
Almanza63: doesn't show hand 
*** SUMMARY ***
Total pot $0.16 | Rake $0.01 
Board [Qc Jd Ks Ad]
Seat 1: Kevindm21 (big blind) folded on the Turn
Seat 3: chacalay1 folded before Flop (didn't bet)
Seat 4: pomozim folded before Flop (didn't bet)
Seat 5: alitam11 folded before Flop (didn't bet)
Seat 6: Dorex2007 folded before Flop (didn't bet)
Seat 7: Almanza63 collected ($0.15)
Seat 8: bueninnN (button) folded on the Turn
Seat 9: 4opl1a (small blind) folded before Flop



PokerStars Hand #228009911916:  Hold'em No Limit ($0.01/$0.02 USD) - 2021/07/02 15:28:25 PT [2021/07/02 18:28:25 ET]
Table 'Wratislavia IV' 9-max Seat #9 is the button
Seat 1: Kevindm21 ($2.12 in chips) 
Seat 2: leopachecol ($1.60 in chips) 
Seat 3: chacalay1 ($1.60 in chips) 
Seat 4: pomozim ($1.57 in chips) 
Seat 5: alitam11 ($1.97 in chips) 
Seat 6: Dorex2007 ($1.98 in chips) 
Seat 7: Almanza63 ($3.19 in chips) 
Seat 8: bueninnN ($2.41 in chips) 
Seat 9: 4opl1a ($3.44 in chips) 
Kevindm21: posts small blind $0.01
leopachecol: posts big blind $0.02
*** HOLE CARDS ***
Dealt to Dorex2007 [Th Qh]
chacalay1: folds 
pomozim: calls $0.02
alitam11: folds 
Dorex2007: folds 
Almanza63: folds 
bueninnN: folds 
4opl1a: folds 
Kevindm21: folds 
leopachecol: checks 
*** FLOP *** [2c 5c 6h]
leopachecol: checks 
pomozim: bets $0.02
leopachecol: calls $0.02
*** TURN *** [2c 5c 6h] [6c]
leopachecol: bets $0.04
pomozim: folds 
Uncalled bet ($0.04) returned to leopachecol
leopachecol collected $0.09 from pot
leopachecol: doesn't show hand 
*** SUMMARY ***
Total pot $0.09 | Rake $0 
Board [2c 5c 6h 6c]
Seat 1: Kevindm21 (small blind) folded before Flop
Seat 2: leopachecol (big blind) collected ($0.09)
Seat 3: chacalay1 folded before Flop (didn't bet)
Seat 4: pomozim folded on the Turn
Seat 5: alitam11 folded before Flop (didn't bet)
Seat 6: Dorex2007 folded before Flop (didn't bet)
Seat 7: Almanza63 folded before Flop (didn't bet)
Seat 8: bueninnN folded before Flop (didn't bet)
Seat 9: 4opl1a (button) folded before Flop (didn't bet)



PokerStars Hand #228009925040:  Hold'em No Limit ($0.01/$0.02 USD) - 2021/07/02 15:29:01 PT [2021/07/02 18:29:01 ET]
Table 'Wratislavia IV' 9-max Seat #1 is the button
Seat 1: Kevindm21 ($2.11 in chips) 
Seat 2: leopachecol ($1.65 in chips) 
Seat 3: chacalay1 ($1.60 in chips) 
Seat 4: pomozim ($1.53 in chips) 
Seat 5: alitam11 ($1.97 in chips) 
Seat 6: Dorex2007 ($1.98 in chips) 
Seat 7: Almanza63 ($3.19 in chips) 
Seat 8: bueninnN ($2.41 in chips) 
Seat 9: 4opl1a ($3.44 in chips) 
leopachecol: posts small blind $0.01
chacalay1: posts big blind $0.02
*** HOLE CARDS ***
Dealt to Dorex2007 [Qd Qc]
pomozim: calls $0.02
alitam11: folds 
Dorex2007: raises $0.04 to $0.06
Almanza63: calls $0.06
bueninnN: folds 
4opl1a: folds 
Kevindm21: folds 
leopachecol: calls $0.05
chacalay1: calls $0.04
pomozim: calls $0.04
*** FLOP *** [6h 2s Qs]
leopachecol: checks 
chacalay1: checks 
pomozim: checks 
Dorex2007: bets $0.15
Almanza63: folds 
leopachecol: calls $0.15
chacalay1: folds 
pomozim: folds 
*** TURN *** [6h 2s Qs] [9d]
leopachecol: checks 
Dorex2007: checks 
*** RIVER *** [6h 2s Qs 9d] [6s]
leopachecol: bets $0.44
Dorex2007: raises $0.56 to $1
leopachecol: raises $0.44 to $1.44 and is all-in
Dorex2007: calls $0.44
*** SHOW DOWN ***
leopachecol: shows [Ad 2h] (two pair, Sixes and Deuces)
Dorex2007: shows [Qd Qc] (a full house, Queens full of Sixes)
Dorex2007 collected $3.36 from pot
*** SUMMARY ***
Total pot $3.48 | Rake $0.12 
Board [6h 2s Qs 9d 6s]
Seat 1: Kevindm21 (button) folded before Flop (didn't bet)
Seat 2: leopachecol (small blind) showed [Ad 2h] and lost with two pair, Sixes and Deuces
Seat 3: chacalay1 (big blind) folded on the Flop
Seat 4: pomozim folded on the Flop
Seat 5: alitam11 folded before Flop (didn't bet)
Seat 6: Dorex2007 showed [Qd Qc] and won ($3.36) with a full house, Queens full of Sixes
Seat 7: Almanza63 folded on the Flop
Seat 8: bueninnN folded before Flop (didn't bet)
Seat 9: 4opl1a folded before Flop (didn't bet)



PokerStars Hand #228009966305:  Hold'em No Limit ($0.01/$0.02 USD) - 2021/07/02 15:30:53 PT [2021/07/02 18:30:53 ET]
Table 'Wratislavia IV' 9-max Seat #3 is the button
Seat 1: Kevindm21 ($2.11 in chips) 
Seat 3: chacalay1 ($1.74 in chips) 
Seat 4: pomozim ($1.47 in chips) 
Seat 5: alitam11 ($1.97 in chips) 
Seat 6: Dorex2007 ($3.69 in chips) 
Seat 7: Almanza63 ($3.13 in chips) 
Seat 8: bueninnN ($2.41 in chips) 
Seat 9: 4opl1a ($3.44 in chips) 
pomozim: posts small blind $0.01
alitam11: posts big blind $0.02
*** HOLE CARDS ***
Dealt to Dorex2007 [Jh Ts]
Dorex2007: folds 
Almanza63: folds 
bueninnN: raises $0.03 to $0.05
4opl1a: folds 
Kevindm21: calls $0.05
chacalay1: folds 
pomozim: calls $0.04
alitam11: folds 
*** FLOP *** [4c Ks Ac]
pomozim: checks 
bueninnN: checks 
Kevindm21: checks 
*** TURN *** [4c Ks Ac] [5d]
pomozim: checks 
bueninnN: checks 
Kevindm21: checks 
*** RIVER *** [4c Ks Ac 5d] [9h]
pomozim: checks 
bueninnN: checks 
Kevindm21: checks 
*** SHOW DOWN ***
pomozim: shows [Qc 8h] (high card Ace)
bueninnN: shows [Jd Qd] (high card Ace - King+Queen+Jack kicker)
Kevindm21: shows [9s Js] (a pair of Nines)
Kevindm21 collected $0.16 from pot
*** SUMMARY ***
Total pot $0.17 | Rake $0.01 
Board [4c Ks Ac 5d 9h]
Seat 1: Kevindm21 showed [9s Js] and won ($0.16) with a pair of Nines
Seat 3: chacalay1 (button) folded before Flop (didn't bet)
Seat 4: pomozim (small blind) showed [Qc 8h] and lost with high card Ace
Seat 5: alitam11 (big blind) folded before Flop
Seat 6: Dorex2007 folded before Flop (didn't bet)
Seat 7: Almanza63 folded before Flop (didn't bet)
Seat 8: bueninnN showed [Jd Qd] and lost with high card Ace
Seat 9: 4opl1a folded before Flop (didn't bet)



PokerStars Hand #228009985454:  Hold'em No Limit ($0.01/$0.02 USD) - 2021/07/02 15:31:44 PT [2021/07/02 18:31:44 ET]
Table 'Wratislavia IV' 9-max Seat #4 is the button
Seat 1: Kevindm21 ($2.22 in chips) 
Seat 2: leopachecol ($1.47 in chips) 
Seat 3: chacalay1 ($1.74 in chips) 
Seat 4: pomozim ($1.42 in chips) 
Seat 5: alitam11 ($1.95 in chips) 
Seat 6: Dorex2007 ($3.69 in chips) 
Seat 7: Almanza63 ($3.13 in chips) 
Seat 8: bueninnN ($2.36 in chips) 
Seat 9: 4opl1a ($3.44 in chips) 
alitam11: posts small blind $0.01
Dorex2007: posts big blind $0.02
*** HOLE CARDS ***
Dealt to Dorex2007 [3c Kd]
Almanza63: folds 
bueninnN: folds 
4opl1a: raises $0.04 to $0.06
Kevindm21: calls $0.06
leopachecol: folds 
chacalay1: folds 
pomozim: calls $0.06
alitam11: folds 
Dorex2007: folds 
*** FLOP *** [Jh 8s Ks]
4opl1a: bets $0.14
Kevindm21: folds 
pomozim: calls $0.14
*** TURN *** [Jh 8s Ks] [5h]
4opl1a: bets $1.24
pomozim: calls $1.22 and is all-in
Uncalled bet ($0.02) returned to 4opl1a
*** RIVER *** [Jh 8s Ks 5h] [7h]
*** SHOW DOWN ***
4opl1a: shows [Jc Kc] (two pair, Kings and Jacks)
pomozim: shows [Qs Td] (high card King)
4opl1a cashed out the hand for $2.30 | Cash Out Fee $0.02
*** SUMMARY ***
Total pot $2.93 | Rake $0.10 
Board [Jh 8s Ks 5h 7h]
Seat 1: Kevindm21 folded on the Flop
Seat 2: leopachecol folded before Flop (didn't bet)
Seat 3: chacalay1 folded before Flop (didn't bet)
Seat 4: pomozim (button) showed [Qs Td] and lost with high card King
Seat 5: alitam11 (small blind) folded before Flop
Seat 6: Dorex2007 (big blind) folded before Flop
Seat 7: Almanza63 folded before Flop (didn't bet)
Seat 8: bueninnN folded before Flop (didn't bet)
Seat 9: 4opl1a showed [Jc Kc] and won ($2.83) with two pair, Kings and Jacks (pot not awarded as player cashed out)



PokerStars Hand #228010002532:  Hold'em No Limit ($0.01/$0.02 USD) - 2021/07/02 15:32:29 PT [2021/07/02 18:32:29 ET]
Table 'Wratislavia IV' 9-max Seat #5 is the button
Seat 1: Kevindm21 ($2.16 in chips) 
Seat 2: leopachecol ($1.47 in chips) 
Seat 3: chacalay1 ($1.74 in chips) 
Seat 5: alitam11 ($1.94 in chips) 
Seat 6: Dorex2007 ($3.67 in chips) 
Seat 7: Almanza63 ($3.13 in chips) 
Seat 8: bueninnN ($2.36 in chips) 
Seat 9: 4opl1a ($4.32 in chips) 
Dorex2007: posts small blind $0.01
Almanza63: posts big blind $0.02
*** HOLE CARDS ***
Dealt to Dorex2007 [Ks Ts]
bueninnN: folds 
4opl1a: folds 
Kevindm21: raises $0.04 to $0.06
leopachecol: folds 
leopachecol leaves the table
chacalay1: folds 
alitam11: folds 
Dorex2007: calls $0.05
Almanza63: calls $0.04
*** FLOP *** [Ad 8s 2h]
Dorex2007: checks 
Almanza63: checks 
Kevindm21: bets $0.07
Dorex2007: folds 
Almanza63: folds 
Uncalled bet ($0.07) returned to Kevindm21
Kevindm21 collected $0.17 from pot
*** SUMMARY ***
Total pot $0.18 | Rake $0.01 
Board [Ad 8s 2h]
Seat 1: Kevindm21 collected ($0.17)
Seat 2: leopachecol folded before Flop (didn't bet)
Seat 3: chacalay1 folded before Flop (didn't bet)
Seat 5: alitam11 (button) folded before Flop (didn't bet)
Seat 6: Dorex2007 (small blind) folded on the Flop
Seat 7: Almanza63 (big blind) folded on the Flop
Seat 8: bueninnN folded before Flop (didn't bet)
Seat 9: 4opl1a folded before Flop (didn't bet)



PokerStars Hand #228010013748:  Hold'em No Limit ($0.01/$0.02 USD) - 2021/07/02 15:32:59 PT [2021/07/02 18:32:59 ET]
Table 'Wratislavia IV' 9-max Seat #6 is the button
Seat 1: Kevindm21 ($2.27 in chips) 
Seat 3: chacalay1 ($1.74 in chips) 
Seat 4: pomozim ($2 in chips) 
Seat 5: alitam11 ($1.94 in chips) 
Seat 6: Dorex2007 ($3.61 in chips) 
Seat 7: Almanza63 ($3.07 in chips) 
Seat 8: bueninnN ($2.36 in chips) 
Seat 9: 4opl1a ($4.32 in chips) 
Almanza63: posts small blind $0.01
bueninnN: posts big blind $0.02
*** HOLE CARDS ***
Dealt to Dorex2007 [4h Qd]
007en joins the table at seat #2 
4opl1a: folds 
Kevindm21: calls $0.02
chacalay1: folds 
pomozim: calls $0.02
alitam11: folds 
Dorex2007: folds 
Almanza63: folds 
bueninnN: checks 
*** FLOP *** [2d 5h 3d]
bueninnN: checks 
Kevindm21: bets $0.05
pomozim: calls $0.05
bueninnN: folds 
*** TURN *** [2d 5h 3d] [4c]
Kevindm21: bets $0.10
pomozim: folds 
Uncalled bet ($0.10) returned to Kevindm21
Kevindm21 collected $0.16 from pot
*** SUMMARY ***
Total pot $0.17 | Rake $0.01 
Board [2d 5h 3d 4c]
Seat 1: Kevindm21 collected ($0.16)
Seat 3: chacalay1 folded before Flop (didn't bet)
Seat 4: pomozim folded on the Turn
Seat 5: alitam11 folded before Flop (didn't bet)
Seat 6: Dorex2007 (button) folded before Flop (didn't bet)
Seat 7: Almanza63 (small blind) folded before Flop
Seat 8: bueninnN (big blind) folded on the Flop
Seat 9: 4opl1a folded before Flop (didn't bet)



PokerStars Hand #228010028543:  Hold'em No Limit ($0.01/$0.02 USD) - 2021/07/02 15:33:38 PT [2021/07/02 18:33:38 ET]
Table 'Wratislavia IV' 9-max Seat #7 is the button
Seat 1: Kevindm21 ($2.36 in chips) 
Seat 3: chacalay1 ($1.74 in chips) 
Seat 4: pomozim ($1.93 in chips) 
Seat 5: alitam11 ($1.94 in chips) 
Seat 6: Dorex2007 ($3.61 in chips) 
Seat 7: Almanza63 ($3.06 in chips) 
Seat 8: bueninnN ($2.34 in chips) 
Seat 9: 4opl1a ($4.32 in chips) 
bueninnN: posts small blind $0.01
4opl1a: posts big blind $0.02
007en: sits out 
*** HOLE CARDS ***
Dealt to Dorex2007 [3d 7s]
Kevindm21: raises $0.04 to $0.06
chacalay1: folds 
pomozim: calls $0.06
alitam11: folds 
Dorex2007: folds 
Almanza63: folds 
bueninnN: folds 
4opl1a: folds 
*** FLOP *** [6s 2h 4d]
Kevindm21: bets $0.07
pomozim: calls $0.07
*** TURN *** [6s 2h 4d] [6d]
Kevindm21: bets $0.15
pomozim: folds 
Uncalled bet ($0.15) returned to Kevindm21
Kevindm21 collected $0.28 from pot
*** SUMMARY ***
Total pot $0.29 | Rake $0.01 
Board [6s 2h 4d 6d]
Seat 1: Kevindm21 collected ($0.28)
Seat 3: chacalay1 folded before Flop (didn't bet)
Seat 4: pomozim folded on the Turn
Seat 5: alitam11 folded before Flop (didn't bet)
Seat 6: Dorex2007 folded before Flop (didn't bet)
Seat 7: Almanza63 (button) folded before Flop (didn't bet)
Seat 8: bueninnN (small blind) folded before Flop
Seat 9: 4opl1a (big blind) folded before Flop



PokerStars Hand #228010042494:  Hold'em No Limit ($0.01/$0.02 USD) - 2021/07/02 15:34:15 PT [2021/07/02 18:34:15 ET]
Table 'Wratislavia IV' 9-max Seat #8 is the button
Seat 1: Kevindm21 ($2.51 in chips) 
Seat 3: chacalay1 ($1.74 in chips) 
Seat 4: pomozim ($1.80 in chips) 
Seat 5: alitam11 ($1.94 in chips) 
Seat 6: Dorex2007 ($3.61 in chips) 
Seat 7: Almanza63 ($3.06 in chips) 
Seat 8: bueninnN ($2.33 in chips) 
Seat 9: 4opl1a ($4.30 in chips) 
4opl1a: posts small blind $0.01
Kevindm21: posts big blind $0.02
007en: sits out 
*** HOLE CARDS ***
Dealt to Dorex2007 [7h 9c]
chacalay1: folds 
pomozim: calls $0.02
alitam11: folds 
Dorex2007: folds 
Almanza63: raises $0.02 to $0.04
bueninnN: calls $0.04
4opl1a: folds 
Kevindm21: calls $0.02
pomozim: raises $0.06 to $0.10
Almanza63: calls $0.06
bueninnN: folds 
Kevindm21: calls $0.06
*** FLOP *** [6h Kd Qh]
Kevindm21: checks 
pomozim: checks 
Almanza63: checks 
*** TURN *** [6h Kd Qh] [Th]
Kevindm21: checks 
pomozim: checks 
Almanza63: checks 
*** RIVER *** [6h Kd Qh Th] [2s]
Kevindm21: checks 
pomozim: checks 
Almanza63: checks 
*** SHOW DOWN ***
Kevindm21: shows [Ac 2h] (a pair of Deuces)
pomozim: shows [9h 9d] (a pair of Nines)
Almanza63: mucks hand 
pomozim collected $0.34 from pot
*** SUMMARY ***
Total pot $0.35 | Rake $0.01 
Board [6h Kd Qh Th 2s]
Seat 1: Kevindm21 (big blind) showed [Ac 2h] and lost with a pair of Deuces
Seat 3: chacalay1 folded before Flop (didn't bet)
Seat 4: pomozim showed [9h 9d] and won ($0.34) with a pair of Nines
Seat 5: alitam11 folded before Flop (didn't bet)
Seat 6: Dorex2007 folded before Flop (didn't bet)
Seat 7: Almanza63 mucked [3s 4s]
Seat 8: bueninnN (button) folded before Flop
Seat 9: 4opl1a (small blind) folded before Flop



PokerStars Hand #228010067116:  Hold'em No Limit ($0.01/$0.02 USD) - 2021/07/02 15:35:21 PT [2021/07/02 18:35:21 ET]
Table 'Wratislavia IV' 9-max Seat #9 is the button
Seat 1: Kevindm21 ($2.41 in chips) 
Seat 2: 007en ($2 in chips) 
Seat 3: chacalay1 ($1.74 in chips) 
Seat 4: pomozim ($2.04 in chips) 
Seat 5: alitam11 ($1.94 in chips) 
Seat 6: Dorex2007 ($3.61 in chips) 
Seat 7: Almanza63 ($2.96 in chips) 
Seat 8: bueninnN ($2.29 in chips) 
Seat 9: 4opl1a ($4.29 in chips) 
Kevindm21: posts small blind $0.01
007en: posts big blind $0.02
*** HOLE CARDS ***
Dealt to Dorex2007 [9s 8c]
chacalay1: folds 
pomozim: calls $0.02
alitam11: folds 
Dorex2007: folds 
Almanza63: raises $0.03 to $0.05
bueninnN: calls $0.05
4opl1a: folds 
Kevindm21: folds 
007en: folds 
pomozim: calls $0.03
*** FLOP *** [6h Ah 3c]
pomozim: checks 
Almanza63: bets $0.10
bueninnN: folds 
pomozim: folds 
Uncalled bet ($0.10) returned to Almanza63
Almanza63 collected $0.17 from pot
Almanza63: doesn't show hand 
*** SUMMARY ***
Total pot $0.18 | Rake $0.01 
Board [6h Ah 3c]
Seat 1: Kevindm21 (small blind) folded before Flop
Seat 2: 007en (big blind) folded before Flop
Seat 3: chacalay1 folded before Flop (didn't bet)
Seat 4: pomozim folded on the Flop
Seat 5: alitam11 folded before Flop (didn't bet)
Seat 6: Dorex2007 folded before Flop (didn't bet)
Seat 7: Almanza63 collected ($0.17)
Seat 8: bueninnN folded on the Flop
Seat 9: 4opl1a (button) folded before Flop (didn't bet)



PokerStars Hand #228010083844:  Hold'em No Limit ($0.01/$0.02 USD) - 2021/07/02 15:36:04 PT [2021/07/02 18:36:04 ET]
Table 'Wratislavia IV' 9-max Seat #1 is the button
Seat 1: Kevindm21 ($2.40 in chips) 
Seat 2: 007en ($1.98 in chips) 
Seat 3: chacalay1 ($1.74 in chips) 
Seat 4: pomozim ($1.99 in chips) 
Seat 5: alitam11 ($1.94 in chips) 
Seat 6: Dorex2007 ($3.61 in chips) 
Seat 7: Almanza63 ($3.08 in chips) 
Seat 8: bueninnN ($2.24 in chips) 
Seat 9: 4opl1a ($4.29 in chips) 
007en: posts small blind $0.01
chacalay1: posts big blind $0.02
*** HOLE CARDS ***
Dealt to Dorex2007 [Jc 8h]
pomozim: raises $0.04 to $0.06
alitam11: folds 
Dorex2007: folds 
Almanza63: folds 
bueninnN: folds 
4opl1a: folds 
Kevindm21: folds 
007en: folds 
chacalay1: calls $0.04
*** FLOP *** [Tc 2h 2c]
chacalay1: checks 
pomozim: checks 
*** TURN *** [Tc 2h 2c] [5h]
chacalay1: bets $0.13
pomozim: folds 
Uncalled bet ($0.13) returned to chacalay1
chacalay1 collected $0.13 from pot
chacalay1: doesn't show hand 
*** SUMMARY ***
Total pot $0.13 | Rake $0 
Board [Tc 2h 2c 5h]
Seat 1: Kevindm21 (button) folded before Flop (didn't bet)
Seat 2: 007en (small blind) folded before Flop
Seat 3: chacalay1 (big blind) collected ($0.13)
Seat 4: pomozim folded on the Turn
Seat 5: alitam11 folded before Flop (didn't bet)
Seat 6: Dorex2007 folded before Flop (didn't bet)
Seat 7: Almanza63 folded before Flop (didn't bet)
Seat 8: bueninnN folded before Flop (didn't bet)
Seat 9: 4opl1a folded before Flop (didn't bet)



PokerStars Hand #228010095342:  Hold'em No Limit ($0.01/$0.02 USD) - 2021/07/02 15:36:34 PT [2021/07/02 18:36:34 ET]
Table 'Wratislavia IV' 9-max Seat #2 is the button
Seat 1: Kevindm21 ($2.40 in chips) 
Seat 2: 007en ($1.97 in chips) 
Seat 3: chacalay1 ($1.81 in chips) 
Seat 4: pomozim ($1.93 in chips) 
Seat 5: alitam11 ($1.94 in chips) 
Seat 6: Dorex2007 ($3.61 in chips) 
Seat 7: Almanza63 ($3.08 in chips) 
Seat 8: bueninnN ($2.24 in chips) 
Seat 9: 4opl1a ($4.29 in chips) 
chacalay1: posts small blind $0.01
pomozim: posts big blind $0.02
*** HOLE CARDS ***
Dealt to Dorex2007 [7c 6c]
alitam11: folds 
Dorex2007: folds 
Almanza63 has timed out
Almanza63: folds 
bueninnN: folds 
4opl1a: folds 
Kevindm21: raises $0.04 to $0.06
007en: folds 
chacalay1: folds 
pomozim: calls $0.04
*** FLOP *** [Ad As 8h]
pomozim: checks 
Kevindm21: bets $0.06
pomozim: folds 
Uncalled bet ($0.06) returned to Kevindm21
Kevindm21 collected $0.13 from pot
*** SUMMARY ***
Total pot $0.13 | Rake $0 
Board [Ad As 8h]
Seat 1: Kevindm21 collected ($0.13)
Seat 2: 007en (button) folded before Flop (didn't bet)
Seat 3: chacalay1 (small blind) folded before Flop
Seat 4: pomozim (big blind) folded on the Flop
Seat 5: alitam11 folded before Flop (didn't bet)
Seat 6: Dorex2007 folded before Flop (didn't bet)
Seat 7: Almanza63 folded before Flop (didn't bet)
Seat 8: bueninnN folded before Flop (didn't bet)
Seat 9: 4opl1a folded before Flop (didn't bet)



PokerStars Hand #228010109139:  Hold'em No Limit ($0.01/$0.02 USD) - 2021/07/02 15:37:11 PT [2021/07/02 18:37:11 ET]
Table 'Wratislavia IV' 9-max Seat #3 is the button
Seat 1: Kevindm21 ($2.47 in chips) 
Seat 2: 007en ($1.97 in chips) 
Seat 3: chacalay1 ($1.80 in chips) 
Seat 4: pomozim ($1.87 in chips) 
Seat 5: alitam11 ($1.94 in chips) 
Seat 6: Dorex2007 ($3.61 in chips) 
Seat 7: Almanza63 ($3.08 in chips) 
Seat 8: bueninnN ($2.24 in chips) 
Seat 9: 4opl1a ($4.29 in chips) 
pomozim: posts small blind $0.01
alitam11: posts big blind $0.02
*** HOLE CARDS ***
Dealt to Dorex2007 [Tc Kd]
Dorex2007: folds 
Almanza63: folds 
bueninnN: folds 
4opl1a: folds 
Kevindm21: folds 
007en: raises $0.04 to $0.06
chacalay1: folds 
pomozim: folds 
alitam11: folds 
Uncalled bet ($0.04) returned to 007en
007en collected $0.05 from pot
007en: doesn't show hand 
*** SUMMARY ***
Total pot $0.05 | Rake $0 
Seat 1: Kevindm21 folded before Flop (didn't bet)
Seat 2: 007en collected ($0.05)
Seat 3: chacalay1 (button) folded before Flop (didn't bet)
Seat 4: pomozim (small blind) folded before Flop
Seat 5: alitam11 (big blind) folded before Flop
Seat 6: Dorex2007 folded before Flop (didn't bet)
Seat 7: Almanza63 folded before Flop (didn't bet)
Seat 8: bueninnN folded before Flop (didn't bet)
Seat 9: 4opl1a folded before Flop (didn't bet)



PokerStars Hand #228010116970:  Hold'em No Limit ($0.01/$0.02 USD) - 2021/07/02 15:37:32 PT [2021/07/02 18:37:32 ET]
Table 'Wratislavia IV' 9-max Seat #4 is the button
Seat 1: Kevindm21 ($2.47 in chips) 
Seat 2: 007en ($2 in chips) 
Seat 3: chacalay1 ($1.80 in chips) 
Seat 4: pomozim ($1.86 in chips) 
Seat 5: alitam11 ($1.92 in chips) 
Seat 6: Dorex2007 ($3.61 in chips) 
Seat 7: Almanza63 ($3.08 in chips) 
Seat 8: bueninnN ($2.24 in chips) 
Seat 9: 4opl1a ($4.29 in chips) 
alitam11: posts small blind $0.01
Dorex2007: posts big blind $0.02
*** HOLE CARDS ***
Dealt to Dorex2007 [8s 9s]
Almanza63: raises $0.03 to $0.05
bueninnN: calls $0.05
4opl1a: folds 
Kevindm21: calls $0.05
007en: folds 
chacalay1: folds 
pomozim: calls $0.05
alitam11: folds 
Dorex2007: folds 
*** FLOP *** [5d Qd Qh]
Almanza63: checks 
bueninnN: checks 
Kevindm21: checks 
pomozim: checks 
*** TURN *** [5d Qd Qh] [Kd]
Almanza63: bets $0.10
bueninnN: folds 
Kevindm21: calls $0.10
pomozim: folds 
*** RIVER *** [5d Qd Qh Kd] [7h]
Almanza63: bets $0.31
Kevindm21: folds 
Uncalled bet ($0.31) returned to Almanza63
Almanza63 collected $0.41 from pot
Almanza63: doesn't show hand 
*** SUMMARY ***
Total pot $0.43 | Rake $0.02 
Board [5d Qd Qh Kd 7h]
Seat 1: Kevindm21 folded on the River
Seat 2: 007en folded before Flop (didn't bet)
Seat 3: chacalay1 folded before Flop (didn't bet)
Seat 4: pomozim (button) folded on the Turn
Seat 5: alitam11 (small blind) folded before Flop
Seat 6: Dorex2007 (big blind) folded before Flop
Seat 7: Almanza63 collected ($0.41)
Seat 8: bueninnN folded on the Turn
Seat 9: 4opl1a folded before Flop (didn't bet)



PokerStars Hand #228010138048:  Hold'em No Limit ($0.01/$0.02 USD) - 2021/07/02 15:38:28 PT [2021/07/02 18:38:28 ET]
Table 'Wratislavia IV' 9-max Seat #5 is the button
Seat 1: Kevindm21 ($2.32 in chips) 
Seat 2: 007en ($2 in chips) 
Seat 3: chacalay1 ($1.80 in chips) 
Seat 4: pomozim ($1.81 in chips) 
Seat 5: alitam11 ($1.91 in chips) 
Seat 6: Dorex2007 ($3.59 in chips) 
Seat 7: Almanza63 ($3.34 in chips) 
Seat 8: bueninnN ($2.19 in chips) 
Seat 9: 4opl1a ($4.29 in chips) 
Dorex2007: posts small blind $0.01
Almanza63: posts big blind $0.02
*** HOLE CARDS ***
Dealt to Dorex2007 [9c Kh]
bueninnN: folds 
4opl1a: folds 
Kevindm21: folds 
007en: folds 
chacalay1: raises $0.05 to $0.07
pomozim: calls $0.07
alitam11: folds 
Dorex2007: folds 
Almanza63: folds 
*** FLOP *** [2h 7s 5s]
chacalay1: bets $0.16
pomozim: folds 
Uncalled bet ($0.16) returned to chacalay1
chacalay1 collected $0.16 from pot
chacalay1: doesn't show hand 
*** SUMMARY ***
Total pot $0.17 | Rake $0.01 
Board [2h 7s 5s]
Seat 1: Kevindm21 folded before Flop (didn't bet)
Seat 2: 007en folded before Flop (didn't bet)
Seat 3: chacalay1 collected ($0.16)
Seat 4: pomozim folded on the Flop
Seat 5: alitam11 (button) folded before Flop (didn't bet)
Seat 6: Dorex2007 (small blind) folded before Flop
Seat 7: Almanza63 (big blind) folded before Flop
Seat 8: bueninnN folded before Flop (didn't bet)
Seat 9: 4opl1a folded before Flop (didn't bet)



PokerStars Hand #228010153363:  Hold'em No Limit ($0.01/$0.02 USD) - 2021/07/02 15:39:04 PT [2021/07/02 18:39:04 ET]
Table 'Wratislavia IV' 9-max Seat #6 is the button
Seat 1: Kevindm21 ($2.32 in chips) 
Seat 2: 007en ($2 in chips) 
Seat 3: chacalay1 ($1.89 in chips) 
Seat 4: pomozim ($1.74 in chips) 
Seat 5: alitam11 ($1.91 in chips) 
Seat 6: Dorex2007 ($3.58 in chips) 
Seat 7: Almanza63 ($3.32 in chips) 
Seat 8: bueninnN ($2.19 in chips) 
Seat 9: 4opl1a ($4.29 in chips) 
Almanza63: posts small blind $0.01
bueninnN: posts big blind $0.02
*** HOLE CARDS ***
Dealt to Dorex2007 [Kh Js]
4opl1a: folds 
Kevindm21: folds 
007en: raises $0.04 to $0.06
chacalay1: folds 
pomozim: folds 
alitam11: folds 
Dorex2007: calls $0.06
Almanza63: folds 
bueninnN: folds 
*** FLOP *** [3h 7d Ad]
007en: bets $0.08
Dorex2007: folds 
Uncalled bet ($0.08) returned to 007en
007en collected $0.14 from pot
007en: doesn't show hand 
*** SUMMARY ***
Total pot $0.15 | Rake $0.01 
Board [3h 7d Ad]
Seat 1: Kevindm21 folded before Flop (didn't bet)
Seat 2: 007en collected ($0.14)
Seat 3: chacalay1 folded before Flop (didn't bet)
Seat 4: pomozim folded before Flop (didn't bet)
Seat 5: alitam11 folded before Flop (didn't bet)
Seat 6: Dorex2007 (button) folded on the Flop
Seat 7: Almanza63 (small blind) folded before Flop
Seat 8: bueninnN (big blind) folded before Flop
Seat 9: 4opl1a folded before Flop (didn't bet)



PokerStars Hand #228010163155:  Hold'em No Limit ($0.01/$0.02 USD) - 2021/07/02 15:39:31 PT [2021/07/02 18:39:31 ET]
Table 'Wratislavia IV' 9-max Seat #7 is the button
Seat 1: Kevindm21 ($2.32 in chips) 
Seat 2: 007en ($2.08 in chips) 
Seat 3: chacalay1 ($1.89 in chips) 
Seat 4: pomozim ($1.74 in chips) 
Seat 5: alitam11 ($1.91 in chips) 
Seat 6: Dorex2007 ($3.52 in chips) 
Seat 7: Almanza63 ($3.31 in chips) 
Seat 8: bueninnN ($2.17 in chips) 
Seat 9: 4opl1a ($4.29 in chips) 
bueninnN: posts small blind $0.01
4opl1a: posts big blind $0.02
*** HOLE CARDS ***
Dealt to Dorex2007 [3c 2s]
Kevindm21: folds 
007en: folds 
chacalay1: folds 
pomozim: calls $0.02
alitam11: folds 
Dorex2007: folds 
Almanza63: folds 
bueninnN: calls $0.01
4opl1a: checks 
*** FLOP *** [Js Tc 5h]
bueninnN: checks 
4opl1a: checks 
pomozim: bets $0.02
bueninnN: folds 
4opl1a: calls $0.02
*** TURN *** [Js Tc 5h] [Ah]
4opl1a: checks 
pomozim: checks 
*** RIVER *** [Js Tc 5h Ah] [7s]
4opl1a: checks 
pomozim: bets $0.02
4opl1a: folds 
Uncalled bet ($0.02) returned to pomozim
pomozim collected $0.10 from pot
pomozim: doesn't show hand 
*** SUMMARY ***
Total pot $0.10 | Rake $0 
Board [Js Tc 5h Ah 7s]
Seat 1: Kevindm21 folded before Flop (didn't bet)
Seat 2: 007en folded before Flop (didn't bet)
Seat 3: chacalay1 folded before Flop (didn't bet)
Seat 4: pomozim collected ($0.10)
Seat 5: alitam11 folded before Flop (didn't bet)
Seat 6: Dorex2007 folded before Flop (didn't bet)
Seat 7: Almanza63 (button) folded before Flop (didn't bet)
Seat 8: bueninnN (small blind) folded on the Flop
Seat 9: 4opl1a (big blind) folded on the River



PokerStars Hand #228010177912:  Hold'em No Limit ($0.01/$0.02 USD) - 2021/07/02 15:40:11 PT [2021/07/02 18:40:11 ET]
Table 'Wratislavia IV' 9-max Seat #8 is the button
Seat 1: Kevindm21 ($2.32 in chips) 
Seat 2: 007en ($2.08 in chips) 
Seat 3: chacalay1 ($1.89 in chips) 
Seat 4: pomozim ($1.80 in chips) 
Seat 5: alitam11 ($1.91 in chips) 
Seat 6: Dorex2007 ($3.52 in chips) 
Seat 7: Almanza63 ($3.31 in chips) 
Seat 8: bueninnN ($2.15 in chips) 
Seat 9: 4opl1a ($4.25 in chips) 
4opl1a: posts small blind $0.01
Kevindm21: posts big blind $0.02
*** HOLE CARDS ***
Dealt to Dorex2007 [4h 9c]
007en: raises $0.04 to $0.06
chacalay1: folds 
pomozim: folds 
alitam11: folds 
Dorex2007: folds 
Almanza63: folds 
bueninnN: folds 
4opl1a: folds 
Kevindm21: folds 
Uncalled bet ($0.04) returned to 007en
007en collected $0.05 from pot
007en: doesn't show hand 
*** SUMMARY ***
Total pot $0.05 | Rake $0 
Seat 1: Kevindm21 (big blind) folded before Flop
Seat 2: 007en collected ($0.05)
Seat 3: chacalay1 folded before Flop (didn't bet)
Seat 4: pomozim folded before Flop (didn't bet)
Seat 5: alitam11 folded before Flop (didn't bet)
Seat 6: Dorex2007 folded before Flop (didn't bet)
Seat 7: Almanza63 folded before Flop (didn't bet)
Seat 8: bueninnN (button) folded before Flop (didn't bet)
Seat 9: 4opl1a (small blind) folded before Flop



PokerStars Hand #228010183600:  Hold'em No Limit ($0.01/$0.02 USD) - 2021/07/02 15:40:26 PT [2021/07/02 18:40:26 ET]
Table 'Wratislavia IV' 9-max Seat #9 is the button
Seat 1: Kevindm21 ($2.30 in chips) 
Seat 2: 007en ($2.11 in chips) 
Seat 3: chacalay1 ($1.89 in chips) 
Seat 4: pomozim ($1.80 in chips) 
Seat 5: alitam11 ($1.91 in chips) 
Seat 6: Dorex2007 ($3.52 in chips) 
Seat 7: Almanza63 ($3.31 in chips) 
Seat 8: bueninnN ($2.15 in chips) 
Seat 9: 4opl1a ($4.24 in chips) 
Kevindm21: posts small blind $0.01
007en: posts big blind $0.02
*** HOLE CARDS ***
Dealt to Dorex2007 [Td Ks]
chacalay1: folds 
pomozim: folds 
alitam11: folds 
Dorex2007: folds 
Almanza63: folds 
bueninnN: folds 
4opl1a: folds 
Kevindm21: calls $0.01
007en: checks 
*** FLOP *** [Th 9s Ts]
Kevindm21: checks 
007en: checks 
*** TURN *** [Th 9s Ts] [9d]
Kevindm21: checks 
007en: checks 
*** RIVER *** [Th 9s Ts 9d] [As]
Kevindm21: checks 
007en: checks 
*** SHOW DOWN ***
Kevindm21: shows [2h 3h] (two pair, Tens and Nines)
007en: shows [8c 5d] (two pair, Tens and Nines)
Kevindm21 collected $0.02 from pot
007en collected $0.02 from pot
*** SUMMARY ***
Total pot $0.04 | Rake $0 
Board [Th 9s Ts 9d As]
Seat 1: Kevindm21 (small blind) showed [2h 3h] and won ($0.02) with two pair, Tens and Nines
Seat 2: 007en (big blind) showed [8c 5d] and won ($0.02) with two pair, Tens and Nines
Seat 3: chacalay1 folded before Flop (didn't bet)
Seat 4: pomozim folded before Flop (didn't bet)
Seat 5: alitam11 folded before Flop (didn't bet)
Seat 6: Dorex2007 folded before Flop (didn't bet)
Seat 7: Almanza63 folded before Flop (didn't bet)
Seat 8: bueninnN folded before Flop (didn't bet)
Seat 9: 4opl1a (button) folded before Flop (didn't bet)



PokerStars Hand #228010194113:  Hold'em No Limit ($0.01/$0.02 USD) - 2021/07/02 15:40:55 PT [2021/07/02 18:40:55 ET]
Table 'Wratislavia IV' 9-max Seat #1 is the button
Seat 1: Kevindm21 ($2.30 in chips) 
Seat 2: 007en ($2.11 in chips) 
Seat 3: chacalay1 ($1.89 in chips) 
Seat 4: pomozim ($1.80 in chips) 
Seat 5: alitam11 ($1.91 in chips) 
Seat 6: Dorex2007 ($3.52 in chips) 
Seat 7: Almanza63 ($3.31 in chips) 
Seat 8: bueninnN ($2.15 in chips) 
Seat 9: 4opl1a ($4.24 in chips) 
007en: posts small blind $0.01
chacalay1: posts big blind $0.02
*** HOLE CARDS ***
Dealt to Dorex2007 [Kc Qs]
pomozim: folds 
alitam11: folds 
Dorex2007: raises $0.04 to $0.06
Almanza63: folds 
bueninnN: folds 
4opl1a: folds 
Kevindm21: calls $0.06
007en: folds 
chacalay1: folds 
*** FLOP *** [8d Td 2d]
Dorex2007: bets $0.14
Kevindm21: raises $0.14 to $0.28
Dorex2007: folds 
Uncalled bet ($0.14) returned to Kevindm21
Kevindm21 collected $0.41 from pot
*** SUMMARY ***
Total pot $0.43 | Rake $0.02 
Board [8d Td 2d]
Seat 1: Kevindm21 (button) collected ($0.41)
Seat 2: 007en (small blind) folded before Flop
Seat 3: chacalay1 (big blind) folded before Flop
Seat 4: pomozim folded before Flop (didn't bet)
Seat 5: alitam11 folded before Flop (didn't bet)
Seat 6: Dorex2007 folded on the Flop
Seat 7: Almanza63 folded before Flop (didn't bet)
Seat 8: bueninnN folded before Flop (didn't bet)
Seat 9: 4opl1a folded before Flop (didn't bet)



PokerStars Hand #228010210318:  Hold'em No Limit ($0.01/$0.02 USD) - 2021/07/02 15:41:39 PT [2021/07/02 18:41:39 ET]
Table 'Wratislavia IV' 9-max Seat #2 is the button
Seat 1: Kevindm21 ($2.51 in chips) 
Seat 2: 007en ($2.10 in chips) 
Seat 3: chacalay1 ($1.87 in chips) 
Seat 4: pomozim ($1.80 in chips) 
Seat 5: alitam11 ($1.91 in chips) 
Seat 6: Dorex2007 ($3.32 in chips) 
Seat 7: Almanza63 ($3.31 in chips) 
Seat 8: bueninnN ($2.15 in chips) 
Seat 9: 4opl1a ($4.24 in chips) 
chacalay1: posts small blind $0.01
pomozim: posts big blind $0.02
*** HOLE CARDS ***
Dealt to Dorex2007 [6c Ks]
alitam11: folds 
Dorex2007: folds 
Almanza63: folds 
bueninnN: calls $0.02
4opl1a: folds 
Kevindm21: folds 
007en: raises $0.04 to $0.06
chacalay1: folds 
pomozim: calls $0.04
bueninnN: calls $0.04
*** FLOP *** [Td 7d 3h]
pomozim: checks 
bueninnN: checks 
007en: bets $0.06
pomozim: raises $0.06 to $0.12
bueninnN: calls $0.12
007en: folds 
*** TURN *** [Td 7d 3h] [Jc]
pomozim: bets $0.24
bueninnN: folds 
Uncalled bet ($0.24) returned to pomozim
pomozim collected $0.47 from pot
pomozim: doesn't show hand 
*** SUMMARY ***
Total pot $0.49 | Rake $0.02 
Board [Td 7d 3h Jc]
Seat 1: Kevindm21 folded before Flop (didn't bet)
Seat 2: 007en (button) folded on the Flop
Seat 3: chacalay1 (small blind) folded before Flop
Seat 4: pomozim (big blind) collected ($0.47)
Seat 5: alitam11 folded before Flop (didn't bet)
Seat 6: Dorex2007 folded before Flop (didn't bet)
Seat 7: Almanza63 folded before Flop (didn't bet)
Seat 8: bueninnN folded on the Turn
Seat 9: 4opl1a folded before Flop (didn't bet)



PokerStars Hand #228010238321:  Hold'em No Limit ($0.01/$0.02 USD) - 2021/07/02 15:42:54 PT [2021/07/02 18:42:54 ET]
Table 'Wratislavia IV' 9-max Seat #3 is the button
Seat 1: Kevindm21 ($2.51 in chips) 
Seat 2: 007en ($1.98 in chips) 
Seat 3: chacalay1 ($1.86 in chips) 
Seat 4: pomozim ($2.09 in chips) 
Seat 6: Dorex2007 ($3.32 in chips) 
Seat 7: Almanza63 ($3.31 in chips) 
Seat 8: bueninnN ($1.97 in chips) 
Seat 9: 4opl1a ($4.24 in chips) 
pomozim: posts small blind $0.01
alitam11: is sitting out 
Dorex2007: posts big blind $0.02
*** HOLE CARDS ***
Dealt to Dorex2007 [Jd Qs]
Almanza63: raises $0.05 to $0.07
bueninnN: folds 
4opl1a: folds 
Kevindm21: folds 
007en: folds 
chacalay1: folds 
pomozim: calls $0.06
Dorex2007: folds 
*** FLOP *** [7d Jh 9h]
pomozim: checks 
alitam11 leaves the table
Almanza63: bets $0.08
pomozim: calls $0.08
*** TURN *** [7d Jh 9h] [Js]
pomozim: checks 
Almanza63: checks 
*** RIVER *** [7d Jh 9h Js] [7c]
Xyk43 joins the table at seat #5 
pomozim: checks 
Almanza63: bets $0.14
pomozim: folds 
Uncalled bet ($0.14) returned to Almanza63
Almanza63 collected $0.31 from pot
Almanza63: doesn't show hand 
*** SUMMARY ***
Total pot $0.32 | Rake $0.01 
Board [7d Jh 9h Js 7c]
Seat 1: Kevindm21 folded before Flop (didn't bet)
Seat 2: 007en folded before Flop (didn't bet)
Seat 3: chacalay1 (button) folded before Flop (didn't bet)
Seat 4: pomozim (small blind) folded on the River
Seat 6: Dorex2007 (big blind) folded before Flop
Seat 7: Almanza63 collected ($0.31)
Seat 8: bueninnN folded before Flop (didn't bet)
Seat 9: 4opl1a folded before Flop (didn't bet)



PokerStars Hand #228010258704:  Hold'em No Limit ($0.01/$0.02 USD) - 2021/07/02 15:43:37 PT [2021/07/02 18:43:37 ET]
Table 'Wratislavia IV' 9-max Seat #4 is the button
Seat 1: Kevindm21 ($2.51 in chips) 
Seat 2: 007en ($1.98 in chips) 
Seat 3: chacalay1 ($1.86 in chips) 
Seat 4: pomozim ($1.94 in chips) 
Seat 6: Dorex2007 ($3.30 in chips) 
Seat 7: Almanza63 ($3.47 in chips) 
Seat 8: bueninnN ($1.97 in chips) 
Seat 9: 4opl1a ($4.24 in chips) 
Dorex2007: posts small blind $0.01
Almanza63: posts big blind $0.02
*** HOLE CARDS ***
Dealt to Dorex2007 [Kh Ah]
bueninnN: folds 
4opl1a: folds 
Kevindm21: folds 
007en: raises $0.04 to $0.06
chacalay1: folds 
pomozim: folds 
Dorex2007: calls $0.05
Almanza63: folds 
*** FLOP *** [Qd Ts Ad]
Dorex2007: bets $0.14
007en: folds 
Uncalled bet ($0.14) returned to Dorex2007
Dorex2007 collected $0.14 from pot
Dorex2007: doesn't show hand 
*** SUMMARY ***
Total pot $0.14 | Rake $0 
Board [Qd Ts Ad]
Seat 1: Kevindm21 folded before Flop (didn't bet)
Seat 2: 007en folded on the Flop
Seat 3: chacalay1 folded before Flop (didn't bet)
Seat 4: pomozim (button) folded before Flop (didn't bet)
Seat 6: Dorex2007 (small blind) collected ($0.14)
Seat 7: Almanza63 (big blind) folded before Flop
Seat 8: bueninnN folded before Flop (didn't bet)
Seat 9: 4opl1a folded before Flop (didn't bet)



PokerStars Hand #228010267213:  Hold'em No Limit ($0.01/$0.02 USD) - 2021/07/02 15:44:00 PT [2021/07/02 18:44:00 ET]
Table 'Wratislavia IV' 9-max Seat #6 is the button
Seat 1: Kevindm21 ($2.51 in chips) 
Seat 2: 007en ($1.92 in chips) 
Seat 3: chacalay1 ($1.86 in chips) 
Seat 4: pomozim ($1.94 in chips) 
Seat 6: Dorex2007 ($3.38 in chips) 
Seat 7: Almanza63 ($3.45 in chips) 
Seat 8: bueninnN ($1.97 in chips) 
Seat 9: 4opl1a ($4.24 in chips) 
Almanza63: posts small blind $0.01
bueninnN: posts big blind $0.02
Xyk43: sits out 
*** HOLE CARDS ***
Dealt to Dorex2007 [3h 9d]
4opl1a: folds 
Kevindm21: folds 
007en: folds 
chacalay1: folds 
pomozim: raises $0.04 to $0.06
Dorex2007: folds 
Almanza63: folds 
bueninnN: calls $0.04
*** FLOP *** [Th 2c Qh]
bueninnN: checks 
pomozim: bets $0.02
bueninnN: raises $0.11 to $0.13
pomozim: calls $0.11
*** TURN *** [Th 2c Qh] [5h]
bueninnN: bets $0.76
pomozim: folds 
Uncalled bet ($0.76) returned to bueninnN
bueninnN collected $0.38 from pot
bueninnN: doesn't show hand 
*** SUMMARY ***
Total pot $0.39 | Rake $0.01 
Board [Th 2c Qh 5h]
Seat 1: Kevindm21 folded before Flop (didn't bet)
Seat 2: 007en folded before Flop (didn't bet)
Seat 3: chacalay1 folded before Flop (didn't bet)
Seat 4: pomozim folded on the Turn
Seat 6: Dorex2007 (button) folded before Flop (didn't bet)
Seat 7: Almanza63 (small blind) folded before Flop
Seat 8: bueninnN (big blind) collected ($0.38)
Seat 9: 4opl1a folded before Flop (didn't bet)



PokerStars Hand #228010281824:  Hold'em No Limit ($0.01/$0.02 USD) - 2021/07/02 15:44:40 PT [2021/07/02 18:44:40 ET]
Table 'Wratislavia IV' 9-max Seat #7 is the button
Seat 1: Kevindm21 ($2.51 in chips) 
Seat 2: 007en ($1.92 in chips) 
Seat 3: chacalay1 ($1.86 in chips) 
Seat 4: pomozim ($1.75 in chips) 
Seat 6: Dorex2007 ($3.38 in chips) 
Seat 7: Almanza63 ($3.44 in chips) 
Seat 8: bueninnN ($2.16 in chips) 
bueninnN: posts small blind $0.01
Kevindm21: posts big blind $0.02
Xyk43: sits out 
*** HOLE CARDS ***
Dealt to Dorex2007 [Ad 2s]
007en: folds 
chacalay1: folds 
pomozim: folds 
Dorex2007: folds 
Almanza63: folds 
bueninnN: folds 
Uncalled bet ($0.01) returned to Kevindm21
Kevindm21 collected $0.02 from pot
*** SUMMARY ***
Total pot $0.02 | Rake $0 
Seat 1: Kevindm21 (big blind) collected ($0.02)
Seat 2: 007en folded before Flop (didn't bet)
Seat 3: chacalay1 folded before Flop (didn't bet)
Seat 4: pomozim folded before Flop (didn't bet)
Seat 6: Dorex2007 folded before Flop (didn't bet)
Seat 7: Almanza63 (button) folded before Flop (didn't bet)
Seat 8: bueninnN (small blind) folded before Flop



PokerStars Hand #228010286288:  Hold'em No Limit ($0.01/$0.02 USD) - 2021/07/02 15:44:52 PT [2021/07/02 18:44:52 ET]
Table 'Wratislavia IV' 9-max Seat #8 is the button
Seat 1: Kevindm21 ($2.52 in chips) 
Seat 3: chacalay1 ($1.86 in chips) 
Seat 4: pomozim ($1.75 in chips) 
Seat 6: Dorex2007 ($3.38 in chips) 
Seat 7: Almanza63 ($3.44 in chips) 
Seat 8: bueninnN ($2.15 in chips) 
Kevindm21: posts small blind $0.01
007en: is sitting out 
chacalay1: posts big blind $0.02
Xyk43: sits out 
*** HOLE CARDS ***
Dealt to Dorex2007 [2c Qh]
pomozim: folds 
Dorex2007: calls $0.02
Almanza63: calls $0.02
bueninnN: folds 
Kevindm21: calls $0.01
chacalay1: raises $0.16 to $0.18
Dorex2007: folds 
Almanza63: folds 
Kevindm21: folds 
Uncalled bet ($0.16) returned to chacalay1
chacalay1 collected $0.08 from pot
chacalay1: doesn't show hand 
*** SUMMARY ***
Total pot $0.08 | Rake $0 
Seat 1: Kevindm21 (small blind) folded before Flop
Seat 3: chacalay1 (big blind) collected ($0.08)
Seat 4: pomozim folded before Flop (didn't bet)
Seat 6: Dorex2007 folded before Flop
Seat 7: Almanza63 folded before Flop
Seat 8: bueninnN (button) folded before Flop (didn't bet)



PokerStars Hand #228010293653:  Hold'em No Limit ($0.01/$0.02 USD) - 2021/07/02 15:45:12 PT [2021/07/02 18:45:12 ET]
Table 'Wratislavia IV' 9-max Seat #1 is the button
Seat 1: Kevindm21 ($2.50 in chips) 
Seat 3: chacalay1 ($1.92 in chips) 
Seat 4: pomozim ($1.75 in chips) 
Seat 6: Dorex2007 ($3.36 in chips) 
Seat 7: Almanza63 ($3.42 in chips) 
Seat 8: bueninnN ($2.15 in chips) 
chacalay1: posts small blind $0.01
pomozim: posts big blind $0.02
Xyk43: sits out 
*** HOLE CARDS ***
Dealt to Dorex2007 [8d As]
Dorex2007: folds 
Almanza63: folds 
bueninnN: folds 
Kevindm21: raises $0.06 to $0.08
chacalay1: folds 
pomozim: calls $0.06
*** FLOP *** [6d 8c Qs]
pomozim: checks 
Kevindm21: bets $0.10
pomozim: calls $0.10
*** TURN *** [6d 8c Qs] [7d]
pomozim: checks 
Kevindm21: bets $0.20
pomozim: calls $0.20
*** RIVER *** [6d 8c Qs 7d] [7c]
pomozim: checks 
Kevindm21: checks 
*** SHOW DOWN ***
pomozim: shows [6c Jc] (two pair, Sevens and Sixes)
Kevindm21: shows [Js Qc] (two pair, Queens and Sevens)
Kevindm21 collected $0.74 from pot
*** SUMMARY ***
Total pot $0.77 | Rake $0.03 
Board [6d 8c Qs 7d 7c]
Seat 1: Kevindm21 (button) showed [Js Qc] and won ($0.74) with two pair, Queens and Sevens
Seat 3: chacalay1 (small blind) folded before Flop
Seat 4: pomozim (big blind) showed [6c Jc] and lost with two pair, Sevens and Sixes
Seat 6: Dorex2007 folded before Flop (didn't bet)
Seat 7: Almanza63 folded before Flop (didn't bet)
Seat 8: bueninnN folded before Flop (didn't bet)



PokerStars Hand #228010307106:  Hold'em No Limit ($0.01/$0.02 USD) - 2021/07/02 15:45:49 PT [2021/07/02 18:45:49 ET]
Table 'Wratislavia IV' 9-max Seat #3 is the button
Seat 1: Kevindm21 ($2.86 in chips) 
Seat 2: 007en ($1.92 in chips) 
Seat 3: chacalay1 ($1.91 in chips) 
Seat 4: pomozim ($1.37 in chips) 
Seat 5: Xyk43 ($1.66 in chips) 
Seat 6: Dorex2007 ($3.36 in chips) 
Seat 7: Almanza63 ($3.42 in chips) 
pomozim: posts small blind $0.01
Xyk43: posts big blind $0.02
007en: posts small & big blinds $0.03
*** HOLE CARDS ***
Dealt to Dorex2007 [4d 9c]
Dorex2007: folds 
Almanza63: folds 
Kevindm21: folds 
007en: checks 
chacalay1: folds 
pomozim: calls $0.01
Xyk43: checks 
*** FLOP *** [6d Tc 5c]
pomozim: bets $0.02
Xyk43: folds 
007en: folds 
Uncalled bet ($0.02) returned to pomozim
pomozim collected $0.07 from pot
pomozim: doesn't show hand 
*** SUMMARY ***
Total pot $0.07 | Rake $0 
Board [6d Tc 5c]
Seat 1: Kevindm21 folded before Flop (didn't bet)
Seat 2: 007en folded on the Flop (didn't bet)
Seat 3: chacalay1 (button) folded before Flop (didn't bet)
Seat 4: pomozim (small blind) collected ($0.07)
Seat 5: Xyk43 (big blind) folded on the Flop
Seat 6: Dorex2007 folded before Flop (didn't bet)
Seat 7: Almanza63 folded before Flop (didn't bet)



PokerStars Hand #228010322819:  Hold'em No Limit ($0.01/$0.02 USD) - 2021/07/02 15:46:32 PT [2021/07/02 18:46:32 ET]
Table 'Wratislavia IV' 9-max Seat #4 is the button
Seat 1: Kevindm21 ($2.86 in chips) 
Seat 2: 007en ($1.89 in chips) 
Seat 3: chacalay1 ($1.91 in chips) 
Seat 4: pomozim ($1.42 in chips) 
Seat 5: Xyk43 ($1.64 in chips) 
Seat 6: Dorex2007 ($3.36 in chips) 
Seat 7: Almanza63 ($3.42 in chips) 
Xyk43: posts small blind $0.01
Dorex2007: posts big blind $0.02
*** HOLE CARDS ***
Dealt to Dorex2007 [9h 6s]
Almanza63: folds 
Kevindm21: folds 
007en: raises $0.04 to $0.06
chacalay1: folds 
pomozim: folds 
Xyk43: folds 
Dorex2007: folds 
Uncalled bet ($0.04) returned to 007en
007en collected $0.05 from pot
007en: doesn't show hand 
*** SUMMARY ***
Total pot $0.05 | Rake $0 
Seat 1: Kevindm21 folded before Flop (didn't bet)
Seat 2: 007en collected ($0.05)
Seat 3: chacalay1 folded before Flop (didn't bet)
Seat 4: pomozim (button) folded before Flop (didn't bet)
Seat 5: Xyk43 (small blind) folded before Flop
Seat 6: Dorex2007 (big blind) folded before Flop
Seat 7: Almanza63 folded before Flop (didn't bet)



PokerStars Hand #228010331469:  Hold'em No Limit ($0.01/$0.02 USD) - 2021/07/02 15:46:55 PT [2021/07/02 18:46:55 ET]
Table 'Wratislavia IV' 9-max Seat #5 is the button
Seat 1: Kevindm21 ($2.86 in chips) 
Seat 2: 007en ($1.92 in chips) 
Seat 3: chacalay1 ($1.91 in chips) 
Seat 4: pomozim ($1.42 in chips) 
Seat 5: Xyk43 ($1.63 in chips) 
Seat 6: Dorex2007 ($3.34 in chips) 
Seat 7: Almanza63 ($3.42 in chips) 
Dorex2007: posts small blind $0.01
Almanza63: posts big blind $0.02
*** HOLE CARDS ***
Dealt to Dorex2007 [4s 9h]
Kevindm21: folds 
007en: folds 
chacalay1: folds 
pomozim: raises $0.04 to $0.06
Xyk43: folds 
Dorex2007: folds 
Almanza63: folds 
Uncalled bet ($0.04) returned to pomozim
pomozim collected $0.05 from pot
pomozim: doesn't show hand 
*** SUMMARY ***
Total pot $0.05 | Rake $0 
Seat 1: Kevindm21 folded before Flop (didn't bet)
Seat 2: 007en folded before Flop (didn't bet)
Seat 3: chacalay1 folded before Flop (didn't bet)
Seat 4: pomozim collected ($0.05)
Seat 5: Xyk43 (button) folded before Flop (didn't bet)
Seat 6: Dorex2007 (small blind) folded before Flop
Seat 7: Almanza63 (big blind) folded before Flop



PokerStars Hand #228010337573:  Hold'em No Limit ($0.01/$0.02 USD) - 2021/07/02 15:47:12 PT [2021/07/02 18:47:12 ET]
Table 'Wratislavia IV' 9-max Seat #6 is the button
Seat 1: Kevindm21 ($2.86 in chips) 
Seat 2: 007en ($1.92 in chips) 
Seat 3: chacalay1 ($1.91 in chips) 
Seat 4: pomozim ($1.45 in chips) 
Seat 5: Xyk43 ($1.63 in chips) 
Seat 6: Dorex2007 ($3.33 in chips) 
Seat 7: Almanza63 ($3.40 in chips) 
Almanza63: posts small blind $0.01
Kevindm21: posts big blind $0.02
*** HOLE CARDS ***
Dealt to Dorex2007 [3c 2c]
007en: raises $0.04 to $0.06
chacalay1: folds 
pomozim: calls $0.06
Xyk43: folds 
Dorex2007: folds 
Almanza63: folds 
Kevindm21: folds 
*** FLOP *** [Td Kh Kc]
007en: checks 
pomozim: checks 
*** TURN *** [Td Kh Kc] [Ad]
007en: checks 
pomozim: checks 
*** RIVER *** [Td Kh Kc Ad] [6d]
007en: bets $0.21
pomozim: folds 
Uncalled bet ($0.21) returned to 007en
007en collected $0.14 from pot
007en: doesn't show hand 
*** SUMMARY ***
Total pot $0.15 | Rake $0.01 
Board [Td Kh Kc Ad 6d]
Seat 1: Kevindm21 (big blind) folded before Flop
Seat 2: 007en collected ($0.14)
Seat 3: chacalay1 folded before Flop (didn't bet)
Seat 4: pomozim folded on the River
Seat 5: Xyk43 folded before Flop (didn't bet)
Seat 6: Dorex2007 (button) folded before Flop (didn't bet)
Seat 7: Almanza63 (small blind) folded before Flop



PokerStars Hand #228010352872:  Hold'em No Limit ($0.01/$0.02 USD) - 2021/07/02 15:47:54 PT [2021/07/02 18:47:54 ET]
Table 'Wratislavia IV' 9-max Seat #7 is the button
Seat 1: Kevindm21 ($2.84 in chips) 
Seat 2: 007en ($2 in chips) 
Seat 3: chacalay1 ($1.91 in chips) 
Seat 4: pomozim ($1.39 in chips) 
Seat 5: Xyk43 ($1.63 in chips) 
Seat 6: Dorex2007 ($3.33 in chips) 
Seat 7: Almanza63 ($3.39 in chips) 
Kevindm21: posts small blind $0.01
007en: posts big blind $0.02
*** HOLE CARDS ***
Dealt to Dorex2007 [Th Ts]
chacalay1: folds 
pomozim: raises $0.04 to $0.06
Xyk43: folds 
Dorex2007: calls $0.06
Almanza63: folds 
Kevindm21: raises $0.04 to $0.10
007en: folds 
pomozim: calls $0.04
Dorex2007: calls $0.04
*** FLOP *** [4h 7c 6d]
Kevindm21: checks 
pomozim: bets $0.02
Dorex2007: raises $0.18 to $0.20
Kevindm21: folds 
pomozim: calls $0.18
*** TURN *** [4h 7c 6d] [7d]
pomozim: checks 
Dorex2007: bets $0.69
pomozim: folds 
Uncalled bet ($0.69) returned to Dorex2007
Dorex2007 collected $0.69 from pot
Dorex2007: doesn't show hand 
*** SUMMARY ***
Total pot $0.72 | Rake $0.03 
Board [4h 7c 6d 7d]
Seat 1: Kevindm21 (small blind) folded on the Flop
Seat 2: 007en (big blind) folded before Flop
Seat 3: chacalay1 folded before Flop (didn't bet)
Seat 4: pomozim folded on the Turn
Seat 5: Xyk43 folded before Flop (didn't bet)
Seat 6: Dorex2007 collected ($0.69)
Seat 7: Almanza63 (button) folded before Flop (didn't bet)



PokerStars Hand #228010373711:  Hold'em No Limit ($0.01/$0.02 USD) - 2021/07/02 15:48:52 PT [2021/07/02 18:48:52 ET]
Table 'Wratislavia IV' 9-max Seat #1 is the button
Seat 1: Kevindm21 ($2.74 in chips) 
Seat 2: 007en ($1.98 in chips) 
Seat 4: pomozim ($1.09 in chips) 
Seat 5: Xyk43 ($1.63 in chips) 
Seat 6: Dorex2007 ($3.72 in chips) 
Seat 7: Almanza63 ($3.39 in chips) 
007en: posts small blind $0.01
chacalay1 has timed out
chacalay1: is sitting out 
pomozim: posts big blind $0.02
*** HOLE CARDS ***
Dealt to Dorex2007 [9h Ts]
Xyk43: folds 
Dorex2007: folds 
Almanza63: folds 
Kevindm21: folds 
007en: raises $0.04 to $0.06
pomozim: calls $0.04
*** FLOP *** [Tc Ah Ac]
007en: checks 
pomozim: checks 
*** TURN *** [Tc Ah Ac] [7h]
007en: checks 
pomozim: checks 
*** RIVER *** [Tc Ah Ac 7h] [Qd]
007en: bets $0.18
pomozim: folds 
Uncalled bet ($0.18) returned to 007en
007en collected $0.12 from pot
007en: doesn't show hand 
*** SUMMARY ***
Total pot $0.12 | Rake $0 
Board [Tc Ah Ac 7h Qd]
Seat 1: Kevindm21 (button) folded before Flop (didn't bet)
Seat 2: 007en (small blind) collected ($0.12)
Seat 4: pomozim (big blind) folded on the River
Seat 5: Xyk43 folded before Flop (didn't bet)
Seat 6: Dorex2007 folded before Flop (didn't bet)
Seat 7: Almanza63 folded before Flop (didn't bet)



PokerStars Hand #228010389258:  Hold'em No Limit ($0.01/$0.02 USD) - 2021/07/02 15:49:35 PT [2021/07/02 18:49:35 ET]
Table 'Wratislavia IV' 9-max Seat #2 is the button
Seat 1: Kevindm21 ($2.74 in chips) 
Seat 2: 007en ($2.04 in chips) 
Seat 4: pomozim ($1.03 in chips) 
Seat 5: Xyk43 ($1.63 in chips) 
Seat 6: Dorex2007 ($3.72 in chips) 
Seat 7: Almanza63 ($3.39 in chips) 
pomozim: posts small blind $0.01
Xyk43: posts big blind $0.02
4opl1a: sits out 
*** HOLE CARDS ***
Dealt to Dorex2007 [7h Jd]
Dorex2007: folds 
Almanza63: folds 
Kevindm21: folds 
007en: folds 
pomozim: calls $0.01
Xyk43: checks 
*** FLOP *** [2h Ks 6c]
pomozim: bets $0.02
Xyk43: calls $0.02
*** TURN *** [2h Ks 6c] [Jc]
pomozim: bets $0.02
Xyk43: calls $0.02
*** RIVER *** [2h Ks 6c Jc] [4d]
pomozim: bets $0.02
Xyk43: calls $0.02
*** SHOW DOWN ***
pomozim: shows [Kh Ad] (a pair of Kings)
Xyk43: mucks hand 
pomozim collected $0.15 from pot
*** SUMMARY ***
Total pot $0.16 | Rake $0.01 
Board [2h Ks 6c Jc 4d]
Seat 1: Kevindm21 folded before Flop (didn't bet)
Seat 2: 007en (button) folded before Flop (didn't bet)
Seat 4: pomozim (small blind) showed [Kh Ad] and won ($0.15) with a pair of Kings
Seat 5: Xyk43 (big blind) mucked [5h 6h]
Seat 6: Dorex2007 folded before Flop (didn't bet)
Seat 7: Almanza63 folded before Flop (didn't bet)



PokerStars Hand #228010400471:  Hold'em No Limit ($0.01/$0.02 USD) - 2021/07/02 15:50:06 PT [2021/07/02 18:50:06 ET]
Table 'Wratislavia IV' 9-max Seat #4 is the button
Seat 1: Kevindm21 ($2.74 in chips) 
Seat 2: 007en ($2.04 in chips) 
Seat 3: chacalay1 ($1.91 in chips) 
Seat 4: pomozim ($1.10 in chips) 
Seat 5: Xyk43 ($1.55 in chips) 
Seat 6: Dorex2007 ($3.72 in chips) 
Seat 7: Almanza63 ($3.39 in chips) 
Xyk43: posts small blind $0.01
Dorex2007: posts big blind $0.02
4opl1a: sits out 
chacalay1: posts small & big blinds $0.03
*** HOLE CARDS ***
Dealt to Dorex2007 [Qd Jd]
Almanza63: folds 
Kevindm21: folds 
007en: folds 
chacalay1: raises $0.06 to $0.08
pomozim: folds 
Xyk43: folds 
Dorex2007: calls $0.06
*** FLOP *** [Tc 2s Qs]
Dorex2007: checks 
chacalay1: bets $0.17
Dorex2007: raises $0.27 to $0.44
chacalay1: raises $1.38 to $1.82 and is all-in
Dorex2007: calls $1.38
*** TURN *** [Tc 2s Qs] [Jc]
*** RIVER *** [Tc 2s Qs Jc] [8c]
*** SHOW DOWN ***
Dorex2007: shows [Qd Jd] (two pair, Queens and Jacks)
chacalay1: shows [Ad Ac] (a pair of Aces)
Dorex2007 collected $3.69 from pot
chacalay1 cashed out the hand for $2.87 | Cash Out Fee $0.03
*** SUMMARY ***
Total pot $3.82 | Rake $0.13 
Board [Tc 2s Qs Jc 8c]
Seat 1: Kevindm21 folded before Flop (didn't bet)
Seat 2: 007en folded before Flop (didn't bet)
Seat 3: chacalay1 showed [Ad Ac] and lost with a pair of Aces (cashed out).
Seat 4: pomozim (button) folded before Flop (didn't bet)
Seat 5: Xyk43 (small blind) folded before Flop
Seat 6: Dorex2007 (big blind) showed [Qd Jd] and won ($3.69) with two pair, Queens and Jacks
Seat 7: Almanza63 folded before Flop (didn't bet)



PokerStars Hand #228010423057:  Hold'em No Limit ($0.01/$0.02 USD) - 2021/07/02 15:51:10 PT [2021/07/02 18:51:10 ET]
Table 'Wratislavia IV' 9-max Seat #5 is the button
Seat 1: Kevindm21 ($2.74 in chips) 
Seat 2: 007en ($2.04 in chips) 
Seat 3: chacalay1 ($2.87 in chips) 
Seat 4: pomozim ($1.10 in chips) 
Seat 5: Xyk43 ($1.54 in chips) 
Seat 6: Dorex2007 ($5.51 in chips) 
Seat 7: Almanza63 ($3.39 in chips) 
Dorex2007: posts small blind $0.01
Almanza63: posts big blind $0.02
4opl1a: sits out 
*** HOLE CARDS ***
Dealt to Dorex2007 [2c Jd]
Kevindm21: raises $0.04 to $0.06
007en: folds 
chacalay1 said, "thiss system have benn modefy"
chacalay1: folds 
pomozim: calls $0.06
Xyk43: folds 
Dorex2007: folds 
Almanza63: calls $0.04
*** FLOP *** [Qs 9d 7s]
Almanza63: checks 
Kevindm21: bets $0.12
pomozim: folds 
Almanza63: folds 
Uncalled bet ($0.12) returned to Kevindm21
Kevindm21 collected $0.18 from pot
*** SUMMARY ***
Total pot $0.19 | Rake $0.01 
Board [Qs 9d 7s]
Seat 1: Kevindm21 collected ($0.18)
Seat 2: 007en folded before Flop (didn't bet)
Seat 3: chacalay1 folded before Flop (didn't bet)
Seat 4: pomozim folded on the Flop
Seat 5: Xyk43 (button) folded before Flop (didn't bet)
Seat 6: Dorex2007 (small blind) folded before Flop
Seat 7: Almanza63 (big blind) folded on the Flop



PokerStars Hand #228010438664:  Hold'em No Limit ($0.01/$0.02 USD) - 2021/07/02 15:51:54 PT [2021/07/02 18:51:54 ET]
Table 'Wratislavia IV' 9-max Seat #6 is the button
Seat 1: Kevindm21 ($2.86 in chips) 
Seat 2: 007en ($2.04 in chips) 
Seat 3: chacalay1 ($2.87 in chips) 
Seat 4: pomozim ($1.04 in chips) 
Seat 5: Xyk43 ($1.54 in chips) 
Seat 6: Dorex2007 ($5.50 in chips) 
Seat 7: Almanza63 ($3.33 in chips) 
Seat 9: 4opl1a ($4.24 in chips) 
Almanza63: posts small blind $0.01
4opl1a: posts big blind $0.02
*** HOLE CARDS ***
Dealt to Dorex2007 [9h Kc]
chacalay1 said, "no premiun ever win"
Kevindm21: folds 
Dorex2007 said, "yeah, that was a pretty bad win for me"
007en: raises $0.04 to $0.06
chacalay1: folds 
pomozim: folds 
Xyk43: folds 
Dorex2007: folds 
Almanza63: raises $0.12 to $0.18
4opl1a: folds 
007en: folds 
Uncalled bet ($0.12) returned to Almanza63
Almanza63 collected $0.14 from pot
Almanza63: doesn't show hand 
*** SUMMARY ***
Total pot $0.14 | Rake $0 
Seat 1: Kevindm21 folded before Flop (didn't bet)
Seat 2: 007en folded before Flop
Seat 3: chacalay1 folded before Flop (didn't bet)
Seat 4: pomozim folded before Flop (didn't bet)
Seat 5: Xyk43 folded before Flop (didn't bet)
Seat 6: Dorex2007 (button) folded before Flop (didn't bet)
Seat 7: Almanza63 (small blind) collected ($0.14)
Seat 9: 4opl1a (big blind) folded before Flop



PokerStars Hand #228010450682:  Hold'em No Limit ($0.01/$0.02 USD) - 2021/07/02 15:52:27 PT [2021/07/02 18:52:27 ET]
Table 'Wratislavia IV' 9-max Seat #7 is the button
Seat 1: Kevindm21 ($2.86 in chips) 
Seat 2: 007en ($1.98 in chips) 
Seat 3: chacalay1 ($2.87 in chips) 
Seat 4: pomozim ($1.04 in chips) 
Seat 5: Xyk43 ($1.54 in chips) 
Seat 6: Dorex2007 ($5.50 in chips) 
Seat 7: Almanza63 ($3.41 in chips) 
Seat 9: 4opl1a ($4.22 in chips) 
4opl1a: posts small blind $0.01
Kevindm21: posts big blind $0.02
*** HOLE CARDS ***
Dealt to Dorex2007 [7s 4d]
007en: folds 
chacalay1 said, "and don tell me about the fng variace"
chacalay1: calls $0.02
pomozim: calls $0.02
Xyk43: folds 
Dorex2007: folds 
Almanza63: folds 
4opl1a: folds 
Kevindm21: checks 
*** FLOP *** [9h 9c Kh]
Dorex2007 said, "you're doing well, up about $5.00 since april"
Kevindm21: checks 
chacalay1: bets $0.07
pomozim: calls $0.07
Dorex2007 said, "at least at table we've both been at"
Kevindm21: folds 
*** TURN *** [9h 9c Kh] [2s]
chacalay1: checks 
pomozim: checks 
*** RIVER *** [9h 9c Kh 2s] [Ts]
chacalay1: checks 
pomozim: checks 
*** SHOW DOWN ***
chacalay1: shows [Th Ah] (two pair, Tens and Nines)
pomozim: shows [8c Kd] (two pair, Kings and Nines)
pomozim collected $0.20 from pot
*** SUMMARY ***
Total pot $0.21 | Rake $0.01 
Board [9h 9c Kh 2s Ts]
Seat 1: Kevindm21 (big blind) folded on the Flop
Seat 2: 007en folded before Flop (didn't bet)
Seat 3: chacalay1 showed [Th Ah] and lost with two pair, Tens and Nines
Seat 4: pomozim showed [8c Kd] and won ($0.20) with two pair, Kings and Nines
Seat 5: Xyk43 folded before Flop (didn't bet)
Seat 6: Dorex2007 folded before Flop (didn't bet)
Seat 7: Almanza63 (button) folded before Flop (didn't bet)
Seat 9: 4opl1a (small blind) folded before Flop



PokerStars Hand #228010474586:  Hold'em No Limit ($0.01/$0.02 USD) - 2021/07/02 15:53:35 PT [2021/07/02 18:53:35 ET]
Table 'Wratislavia IV' 9-max Seat #9 is the button
Seat 1: Kevindm21 ($2.84 in chips) 
Seat 2: 007en ($1.98 in chips) 
Seat 3: chacalay1 ($2.78 in chips) 
Seat 4: pomozim ($2 in chips) 
Seat 5: Xyk43 ($1.54 in chips) 
Seat 6: Dorex2007 ($5.50 in chips) 
Seat 7: Almanza63 ($3.41 in chips) 
Seat 9: 4opl1a ($4.21 in chips) 
Kevindm21: posts small blind $0.01
007en: posts big blind $0.02
*** HOLE CARDS ***
Dealt to Dorex2007 [3d Qh]
chacalay1: folds 
chacalay1 said, "aq me ak"
pomozim: calls $0.02
Xyk43: calls $0.02
Dorex2007: folds 
Almanza63: folds 
4opl1a: folds 
Kevindm21: raises $0.06 to $0.08
007en: folds 
pomozim: calls $0.06
Xyk43: calls $0.06
*** FLOP *** [6h Qc 7s]
chacalay1 said, "the other guy   i cash out"
Kevindm21: checks 
pomozim: bets $0.02
Xyk43: calls $0.02
Kevindm21: calls $0.02
*** TURN *** [6h Qc 7s] [Ad]
Kevindm21: checks 
chacalay1 said, "flope full house qqa"
pomozim: checks 
Xyk43: checks 
*** RIVER *** [6h Qc 7s Ad] [3s]
chacalay1 said, "lol"
Kevindm21: bets $0.15
pomozim: folds 
Xyk43: folds 
Uncalled bet ($0.15) returned to Kevindm21
Kevindm21 collected $0.31 from pot
*** SUMMARY ***
Total pot $0.32 | Rake $0.01 
Board [6h Qc 7s Ad 3s]
Seat 1: Kevindm21 (small blind) collected ($0.31)
Seat 2: 007en (big blind) folded before Flop
Seat 3: chacalay1 folded before Flop (didn't bet)
Seat 4: pomozim folded on the River
Seat 5: Xyk43 folded on the River
Seat 6: Dorex2007 folded before Flop (didn't bet)
Seat 7: Almanza63 folded before Flop (didn't bet)
Seat 9: 4opl1a (button) folded before Flop (didn't bet)



PokerStars Hand #228010492432:  Hold'em No Limit ($0.01/$0.02 USD) - 2021/07/02 15:54:26 PT [2021/07/02 18:54:26 ET]
Table 'Wratislavia IV' 9-max Seat #1 is the button
Seat 1: Kevindm21 ($3.05 in chips) 
Seat 2: 007en ($1.96 in chips) 
Seat 3: chacalay1 ($2.78 in chips) 
Seat 4: pomozim ($1.90 in chips) 
Seat 5: Xyk43 ($1.44 in chips) 
Seat 6: Dorex2007 ($5.50 in chips) 
Seat 7: Almanza63 ($3.41 in chips) 
Seat 9: 4opl1a ($4.21 in chips) 
007en: posts small blind $0.01
chacalay1: posts big blind $0.02
*** HOLE CARDS ***
Dealt to Dorex2007 [2h Qc]
pomozim: calls $0.02
Xyk43: folds 
Dorex2007: folds 
Almanza63: folds 
4opl1a: folds 
Kevindm21: raises $0.05 to $0.07
007en: folds 
chacalay1 said, "i quit sick"
chacalay1: folds 
pomozim: calls $0.05
*** FLOP *** [Qd 2s Ac]
pomozim: checks 
Kevindm21: checks 
*** TURN *** [Qd 2s Ac] [8d]
pomozim: checks 
Kevindm21: checks 
*** RIVER *** [Qd 2s Ac 8d] [2d]
pomozim: bets $0.02
Dorex2007 said, ";)"
Kevindm21: raises $0.20 to $0.22
pomozim: calls $0.20
*** SHOW DOWN ***
Kevindm21: shows [Kd 5d] (a flush, King high)
pomozim: mucks hand 
Kevindm21 collected $0.59 from pot
*** SUMMARY ***
Total pot $0.61 | Rake $0.02 
Board [Qd 2s Ac 8d 2d]
Seat 1: Kevindm21 (button) showed [Kd 5d] and won ($0.59) with a flush, King high
Seat 2: 007en (small blind) folded before Flop
Seat 3: chacalay1 (big blind) folded before Flop
Seat 4: pomozim mucked [Tc Ad]
Seat 5: Xyk43 folded before Flop (didn't bet)
Seat 6: Dorex2007 folded before Flop (didn't bet)
Seat 7: Almanza63 folded before Flop (didn't bet)
Seat 9: 4opl1a folded before Flop (didn't bet)



PokerStars Hand #228010503128:  Hold'em No Limit ($0.01/$0.02 USD) - 2021/07/02 15:54:56 PT [2021/07/02 18:54:56 ET]
Table 'Wratislavia IV' 9-max Seat #2 is the button
Seat 1: Kevindm21 ($3.35 in chips) 
Seat 2: 007en ($1.95 in chips) 
Seat 3: chacalay1 ($2.76 in chips) 
Seat 4: pomozim ($1.61 in chips) 
Seat 5: Xyk43 ($1.44 in chips) 
Seat 6: Dorex2007 ($5.50 in chips) 
Seat 7: Almanza63 ($3.41 in chips) 
Seat 9: 4opl1a ($4.21 in chips) 
chacalay1: posts small blind $0.01
pomozim: posts big blind $0.02
*** HOLE CARDS ***
Dealt to Dorex2007 [3d Jh]
Xyk43: folds 
Dorex2007: folds 
Almanza63: folds 
4opl1a: folds 
Kevindm21: folds 
007en: folds 
chacalay1: calls $0.01
chacalay1 said, "i most of then time just let it run"
pomozim: raises $0.04 to $0.06
chacalay1: calls $0.04
*** FLOP *** [6h 7c 6s]
chacalay1: checks 
pomozim: bets $0.02
chacalay1: calls $0.02
*** TURN *** [6h 7c 6s] [Kd]
chacalay1: checks 
pomozim: bets $0.02
chacalay1: calls $0.02
*** RIVER *** [6h 7c 6s Kd] [4d]
chacalay1: checks 
pomozim: checks 
*** SHOW DOWN ***
chacalay1: shows [Ts Ks] (two pair, Kings and Sixes)
pomozim: shows [Kc Tc] (two pair, Kings and Sixes)
chacalay1 collected $0.10 from pot
pomozim collected $0.09 from pot
*** SUMMARY ***
Total pot $0.20 | Rake $0.01 
Board [6h 7c 6s Kd 4d]
Seat 1: Kevindm21 folded before Flop (didn't bet)
Seat 2: 007en (button) folded before Flop (didn't bet)
Seat 3: chacalay1 (small blind) showed [Ts Ks] and won ($0.10) with two pair, Kings and Sixes
Seat 4: pomozim (big blind) showed [Kc Tc] and won ($0.09) with two pair, Kings and Sixes
Seat 5: Xyk43 folded before Flop (didn't bet)
Seat 6: Dorex2007 folded before Flop (didn't bet)
Seat 7: Almanza63 folded before Flop (didn't bet)
Seat 9: 4opl1a folded before Flop (didn't bet)



PokerStars Hand #228010532687:  Hold'em No Limit ($0.01/$0.02 USD) - 2021/07/02 15:56:09 PT [2021/07/02 18:56:09 ET]
Table 'Wratislavia IV' 9-max Seat #3 is the button
Seat 1: Kevindm21 ($3.35 in chips) 
Seat 2: 007en ($1.95 in chips) 
Seat 3: chacalay1 ($2.76 in chips) 
Seat 4: pomozim ($1.60 in chips) 
Seat 5: Xyk43 ($1.44 in chips) 
Seat 6: Dorex2007 ($5.50 in chips) 
Seat 7: Almanza63 ($3.41 in chips) 
Seat 9: 4opl1a ($4.21 in chips) 
pomozim: posts small blind $0.01
Xyk43: posts big blind $0.02
*** HOLE CARDS ***
Dealt to Dorex2007 [4s 3d]
Dorex2007: folds 
Almanza63: folds 
4opl1a: folds 
Kevindm21: folds 
007en: raises $0.04 to $0.06
chacalay1: folds 
chacalay1 said, "i don know why  i did that time"
pomozim: calls $0.05
Xyk43: calls $0.04
*** FLOP *** [2c Ac 6h]
pomozim: checks 
Xyk43: bets $0.08
chacalay1 leaves the table
007en: raises $0.24 to $0.32
pomozim: folds 
Xyk43: raises $1.06 to $1.38 and is all-in
007en: folds 
Uncalled bet ($1.06) returned to Xyk43
Xyk43 collected $0.79 from pot
Xyk43: doesn't show hand 
*** SUMMARY ***
Total pot $0.82 | Rake $0.03 
Board [2c Ac 6h]
Seat 1: Kevindm21 folded before Flop (didn't bet)
Seat 2: 007en folded on the Flop
Seat 3: chacalay1 (button) folded before Flop (didn't bet)
Seat 4: pomozim (small blind) folded on the Flop
Seat 5: Xyk43 (big blind) collected ($0.79)
Seat 6: Dorex2007 folded before Flop (didn't bet)
Seat 7: Almanza63 folded before Flop (didn't bet)
Seat 9: 4opl1a folded before Flop (didn't bet)



PokerStars Hand #228010547003:  Hold'em No Limit ($0.01/$0.02 USD) - 2021/07/02 15:57:01 PT [2021/07/02 18:57:01 ET]
Table 'Wratislavia IV' 9-max Seat #4 is the button
Seat 1: Kevindm21 ($3.35 in chips) 
Seat 2: 007en ($1.57 in chips) 
Seat 4: pomozim ($1.54 in chips) 
Seat 5: Xyk43 ($1.85 in chips) 
Seat 6: Dorex2007 ($5.50 in chips) 
Seat 7: Almanza63 ($3.41 in chips) 
Seat 9: 4opl1a ($4.21 in chips) 
Xyk43: posts small blind $0.01
Dorex2007: posts big blind $0.02
*** HOLE CARDS ***
Dealt to Dorex2007 [Ad Jd]
Almanza63: folds 
4opl1a: folds 
Kevindm21: folds 
007en: folds 
pomozim: folds 
Xyk43: calls $0.01
Dorex2007: checks 
*** FLOP *** [5d 9s 9d]
Xyk43: checks 
Dorex2007: bets $0.08
Xyk43: folds 
Uncalled bet ($0.08) returned to Dorex2007
Dorex2007 collected $0.04 from pot
Dorex2007: doesn't show hand 
*** SUMMARY ***
Total pot $0.04 | Rake $0 
Board [5d 9s 9d]
Seat 1: Kevindm21 folded before Flop (didn't bet)
Seat 2: 007en folded before Flop (didn't bet)
Seat 4: pomozim (button) folded before Flop (didn't bet)
Seat 5: Xyk43 (small blind) folded on the Flop
Seat 6: Dorex2007 (big blind) collected ($0.04)
Seat 7: Almanza63 folded before Flop (didn't bet)
Seat 9: 4opl1a folded before Flop (didn't bet)



PokerStars Hand #228010554275:  Hold'em No Limit ($0.01/$0.02 USD) - 2021/07/02 15:57:26 PT [2021/07/02 18:57:26 ET]
Table 'Wratislavia IV' 9-max Seat #5 is the button
Seat 1: Kevindm21 ($3.35 in chips) 
Seat 2: 007en ($1.57 in chips) 
Seat 5: Xyk43 ($1.83 in chips) 
Seat 6: Dorex2007 ($5.52 in chips) 
Seat 7: Almanza63 ($3.41 in chips) 
Seat 9: 4opl1a ($4.21 in chips) 
Dorex2007: posts small blind $0.01
Almanza63: posts big blind $0.02
*** HOLE CARDS ***
Dealt to Dorex2007 [4s 8d]
4opl1a: folds 
Kevindm21: raises $0.04 to $0.06
007en: calls $0.06
Xyk43: folds 
Dorex2007: folds 
Almanza63: folds 
*** FLOP *** [6c Kd Th]
AdamPisce111 joins the table at seat #3 
Kevindm21: checks 
007en: checks 
*** TURN *** [6c Kd Th] [8s]
Kevindm21: checks 
007en: checks 
*** RIVER *** [6c Kd Th 8s] [Jd]
Kevindm21: checks 
007en: checks 
*** SHOW DOWN ***
Kevindm21: shows [3s As] (high card Ace)
007en: mucks hand 
Kevindm21 collected $0.14 from pot
*** SUMMARY ***
Total pot $0.15 | Rake $0.01 
Board [6c Kd Th 8s Jd]
Seat 1: Kevindm21 showed [3s As] and won ($0.14) with high card Ace
Seat 2: 007en mucked [3d 4d]
Seat 5: Xyk43 (button) folded before Flop (didn't bet)
Seat 6: Dorex2007 (small blind) folded before Flop
Seat 7: Almanza63 (big blind) folded before Flop
Seat 9: 4opl1a folded before Flop (didn't bet)



PokerStars Hand #228010565389:  Hold'em No Limit ($0.01/$0.02 USD) - 2021/07/02 15:58:06 PT [2021/07/02 18:58:06 ET]
Table 'Wratislavia IV' 9-max Seat #6 is the button
Seat 1: Kevindm21 ($3.43 in chips) 
Seat 2: 007en ($1.51 in chips) 
Seat 3: AdamPisce111 ($2 in chips) 
Seat 5: Xyk43 ($1.83 in chips) 
Seat 6: Dorex2007 ($5.51 in chips) 
Seat 7: Almanza63 ($3.39 in chips) 
Seat 9: 4opl1a ($4.21 in chips) 
Almanza63: posts small blind $0.01
4opl1a: posts big blind $0.02
AdamPisce111: posts big blind $0.02
*** HOLE CARDS ***
Dealt to Dorex2007 [4h 3c]
Kevindm21: folds 
007en has timed out
007en: folds 
AdamPisce111: checks 
Xyk43: folds 
Dorex2007: folds 
Almanza63: folds 
4opl1a: checks 
*** FLOP *** [Th 7h 5c]
4opl1a: checks 
AdamPisce111: checks 
*** TURN *** [Th 7h 5c] [Qd]
4opl1a: checks 
AdamPisce111: checks 
*** RIVER *** [Th 7h 5c Qd] [9c]
4opl1a: checks 
AdamPisce111: bets $0.05
4opl1a: folds 
Uncalled bet ($0.05) returned to AdamPisce111
AdamPisce111 collected $0.05 from pot
AdamPisce111: doesn't show hand 
*** SUMMARY ***
Total pot $0.05 | Rake $0 
Board [Th 7h 5c Qd 9c]
Seat 1: Kevindm21 folded before Flop (didn't bet)
Seat 2: 007en folded before Flop (didn't bet)
Seat 3: AdamPisce111 collected ($0.05)
Seat 5: Xyk43 folded before Flop (didn't bet)
Seat 6: Dorex2007 (button) folded before Flop (didn't bet)
Seat 7: Almanza63 (small blind) folded before Flop
Seat 9: 4opl1a (big blind) folded on the River



PokerStars Hand #228010577977:  Hold'em No Limit ($0.01/$0.02 USD) - 2021/07/02 15:58:50 PT [2021/07/02 18:58:50 ET]
Table 'Wratislavia IV' 9-max Seat #7 is the button
Seat 1: Kevindm21 ($3.43 in chips) 
Seat 2: 007en ($1.51 in chips) 
Seat 3: AdamPisce111 ($2.03 in chips) 
Seat 5: Xyk43 ($1.83 in chips) 
Seat 6: Dorex2007 ($5.51 in chips) 
Seat 7: Almanza63 ($3.38 in chips) 
Seat 9: 4opl1a ($4.19 in chips) 
4opl1a: posts small blind $0.01
Kevindm21: posts big blind $0.02
*** HOLE CARDS ***
Dealt to Dorex2007 [8s 8h]
007en: folds 
AdamPisce111: calls $0.02
Xyk43: folds 
bueninnN leaves the table
Dorex2007: raises $0.04 to $0.06
herkks joins the table at seat #8 
Almanza63: folds 
4opl1a: folds 
Kevindm21: calls $0.04
AdamPisce111: calls $0.04
*** FLOP *** [2d Jc Kh]
Kevindm21: checks 
AdamPisce111: checks 
Dorex2007: checks 
*** TURN *** [2d Jc Kh] [3s]
Kevindm21: checks 
AdamPisce111: checks 
Dorex2007: bets $0.12
Kevindm21: folds 
AdamPisce111: calls $0.12
*** RIVER *** [2d Jc Kh 3s] [9d]
AdamPisce111: checks 
Dorex2007: checks 
*** SHOW DOWN ***
AdamPisce111: shows [Ah 4d] (high card Ace)
Dorex2007: shows [8s 8h] (a pair of Eights)
Dorex2007 collected $0.41 from pot
*** SUMMARY ***
Total pot $0.43 | Rake $0.02 
Board [2d Jc Kh 3s 9d]
Seat 1: Kevindm21 (big blind) folded on the Turn
Seat 2: 007en folded before Flop (didn't bet)
Seat 3: AdamPisce111 showed [Ah 4d] and lost with high card Ace
Seat 5: Xyk43 folded before Flop (didn't bet)
Seat 6: Dorex2007 showed [8s 8h] and won ($0.41) with a pair of Eights
Seat 7: Almanza63 (button) folded before Flop (didn't bet)
Seat 9: 4opl1a (small blind) folded before Flop



PokerStars Hand #228010591016:  Hold'em No Limit ($0.01/$0.02 USD) - 2021/07/02 15:59:36 PT [2021/07/02 18:59:36 ET]
Table 'Wratislavia IV' 9-max Seat #9 is the button
Seat 1: Kevindm21 ($3.37 in chips) 
Seat 2: 007en ($1.51 in chips) 
Seat 3: AdamPisce111 ($1.85 in chips) 
Seat 5: Xyk43 ($1.83 in chips) 
Seat 6: Dorex2007 ($5.74 in chips) 
Seat 7: Almanza63 ($3.38 in chips) 
Seat 9: 4opl1a ($4.18 in chips) 
Kevindm21: posts small blind $0.01
007en: posts big blind $0.02
herkks: sits out 
*** HOLE CARDS ***
Dealt to Dorex2007 [7s 9d]
AdamPisce111: calls $0.02
Xyk43: folds 
Dorex2007: folds 
Almanza63: folds 
4opl1a: folds 
Kevindm21: calls $0.01
007en: checks 
*** FLOP *** [5c 6c 9h]
Kevindm21: checks 
007en: checks 
AdamPisce111: checks 
*** TURN *** [5c 6c 9h] [3s]
Kevindm21: checks 
007en: checks 
AdamPisce111: checks 
*** RIVER *** [5c 6c 9h 3s] [2c]
Kevindm21: checks 
007en: checks 
AdamPisce111: checks 
*** SHOW DOWN ***
Kevindm21: shows [6s Tc] (a pair of Sixes)
007en: shows [Ac 4s] (a straight, Deuce to Six)
AdamPisce111: mucks hand 
007en collected $0.06 from pot
*** SUMMARY ***
Total pot $0.06 | Rake $0 
Board [5c 6c 9h 3s 2c]
Seat 1: Kevindm21 (small blind) showed [6s Tc] and lost with a pair of Sixes
Seat 2: 007en (big blind) showed [Ac 4s] and won ($0.06) with a straight, Deuce to Six
Seat 3: AdamPisce111 mucked [Jh 7c]
Seat 5: Xyk43 folded before Flop (didn't bet)
Seat 6: Dorex2007 folded before Flop (didn't bet)
Seat 7: Almanza63 folded before Flop (didn't bet)
Seat 9: 4opl1a (button) folded before Flop (didn't bet)



PokerStars Hand #228010599862:  Hold'em No Limit ($0.01/$0.02 USD) - 2021/07/02 16:00:07 PT [2021/07/02 19:00:07 ET]
Table 'Wratislavia IV' 9-max Seat #1 is the button
Seat 1: Kevindm21 ($3.35 in chips) 
Seat 2: 007en ($1.55 in chips) 
Seat 3: AdamPisce111 ($1.83 in chips) 
Seat 5: Xyk43 ($1.83 in chips) 
Seat 6: Dorex2007 ($5.74 in chips) 
Seat 7: Almanza63 ($3.38 in chips) 
Seat 9: 4opl1a ($4.18 in chips) 
007en: posts small blind $0.01
AdamPisce111: posts big blind $0.02
herkks: sits out 
*** HOLE CARDS ***
Dealt to Dorex2007 [3h 2c]
Xyk43: folds 
Dorex2007: folds 
Almanza63: folds 
4opl1a: folds 
Kevindm21: folds 
007en: folds 
Uncalled bet ($0.01) returned to AdamPisce111
AdamPisce111 collected $0.02 from pot
AdamPisce111: doesn't show hand 
*** SUMMARY ***
Total pot $0.02 | Rake $0 
Seat 1: Kevindm21 (button) folded before Flop (didn't bet)
Seat 2: 007en (small blind) folded before Flop
Seat 3: AdamPisce111 (big blind) collected ($0.02)
Seat 5: Xyk43 folded before Flop (didn't bet)
Seat 6: Dorex2007 folded before Flop (didn't bet)
Seat 7: Almanza63 folded before Flop (didn't bet)
Seat 9: 4opl1a folded before Flop (didn't bet)



PokerStars Hand #228010602536:  Hold'em No Limit ($0.01/$0.02 USD) - 2021/07/02 16:00:16 PT [2021/07/02 19:00:16 ET]
Table 'Wratislavia IV' 9-max Seat #2 is the button
Seat 1: Kevindm21 ($3.35 in chips) 
Seat 2: 007en ($1.54 in chips) 
Seat 3: AdamPisce111 ($1.84 in chips) 
Seat 5: Xyk43 ($1.83 in chips) 
Seat 6: Dorex2007 ($5.74 in chips) 
Seat 7: Almanza63 ($3.38 in chips) 
Seat 9: 4opl1a ($4.18 in chips) 
AdamPisce111: posts small blind $0.01
Xyk43: posts big blind $0.02
herkks: sits out 
*** HOLE CARDS ***
Dealt to Dorex2007 [Th 2d]
Dorex2007: folds 
Almanza63: folds 
4opl1a: folds 
Kevindm21: folds 
007en: folds 
AdamPisce111: calls $0.01
Xyk43: checks 
*** FLOP *** [Ah Jh 2h]
AdamPisce111: bets $0.02
Xyk43: folds 
Uncalled bet ($0.02) returned to AdamPisce111
AdamPisce111 collected $0.04 from pot
AdamPisce111: doesn't show hand 
*** SUMMARY ***
Total pot $0.04 | Rake $0 
Board [Ah Jh 2h]
Seat 1: Kevindm21 folded before Flop (didn't bet)
Seat 2: 007en (button) folded before Flop (didn't bet)
Seat 3: AdamPisce111 (small blind) collected ($0.04)
Seat 5: Xyk43 (big blind) folded on the Flop
Seat 6: Dorex2007 folded before Flop (didn't bet)
Seat 7: Almanza63 folded before Flop (didn't bet)
Seat 9: 4opl1a folded before Flop (didn't bet)



PokerStars Hand #228010608514:  Hold'em No Limit ($0.01/$0.02 USD) - 2021/07/02 16:00:36 PT [2021/07/02 19:00:36 ET]
Table 'Wratislavia IV' 9-max Seat #3 is the button
Seat 1: Kevindm21 ($3.35 in chips) 
Seat 2: 007en ($1.54 in chips) 
Seat 3: AdamPisce111 ($1.86 in chips) 
Seat 5: Xyk43 ($1.81 in chips) 
Seat 6: Dorex2007 ($5.74 in chips) 
Seat 7: Almanza63 ($3.38 in chips) 
Seat 9: 4opl1a ($4.18 in chips) 
Xyk43: posts small blind $0.01
Dorex2007: posts big blind $0.02
herkks: sits out 
*** HOLE CARDS ***
Dealt to Dorex2007 [2s 6s]
Almanza63: folds 
4opl1a: folds 
Kevindm21: folds 
007en: folds 
AdamPisce111: calls $0.02
Xyk43: calls $0.01
Dorex2007: checks 
*** FLOP *** [3h Qd 4d]
Xyk43: bets $0.03
Dorex2007: folds 
AdamPisce111: calls $0.03
*** TURN *** [3h Qd 4d] [Tc]
Xyk43: bets $0.12
AdamPisce111: folds 
Uncalled bet ($0.12) returned to Xyk43
Xyk43 collected $0.12 from pot
Xyk43: doesn't show hand 
*** SUMMARY ***
Total pot $0.12 | Rake $0 
Board [3h Qd 4d Tc]
Seat 1: Kevindm21 folded before Flop (didn't bet)
Seat 2: 007en folded before Flop (didn't bet)
Seat 3: AdamPisce111 (button) folded on the Turn
Seat 5: Xyk43 (small blind) collected ($0.12)
Seat 6: Dorex2007 (big blind) folded on the Flop
Seat 7: Almanza63 folded before Flop (didn't bet)
Seat 9: 4opl1a folded before Flop (didn't bet)



PokerStars Hand #228010621699:  Hold'em No Limit ($0.01/$0.02 USD) - 2021/07/02 16:01:17 PT [2021/07/02 19:01:17 ET]
Table 'Wratislavia IV' 9-max Seat #5 is the button
Seat 1: Kevindm21 ($3.35 in chips) 
Seat 2: 007en ($1.54 in chips) 
Seat 3: AdamPisce111 ($1.81 in chips) 
Seat 5: Xyk43 ($1.88 in chips) 
Seat 6: Dorex2007 ($5.72 in chips) 
Seat 7: Almanza63 ($3.38 in chips) 
Seat 9: 4opl1a ($4.18 in chips) 
Dorex2007: posts small blind $0.01
Almanza63: posts big blind $0.02
herkks: sits out 
*** HOLE CARDS ***
Dealt to Dorex2007 [2c Jd]
4opl1a: folds 
Kevindm21: folds 
007en: raises $0.04 to $0.06
AdamPisce111: folds 
Xyk43: calls $0.06
Dorex2007: folds 
Almanza63: folds 
*** FLOP *** [8s Jc 9s]
007en: checks 
Xyk43: bets $0.06
007en: calls $0.06
*** TURN *** [8s Jc 9s] [2h]
007en: checks 
Xyk43: checks 
*** RIVER *** [8s Jc 9s 2h] [9d]
007en: bets $0.10
Xyk43: calls $0.10
*** SHOW DOWN ***
007en: shows [8h Tc] (two pair, Nines and Eights)
Xyk43: mucks hand 
007en collected $0.45 from pot
*** SUMMARY ***
Total pot $0.47 | Rake $0.02 
Board [8s Jc 9s 2h 9d]
Seat 1: Kevindm21 folded before Flop (didn't bet)
Seat 2: 007en showed [8h Tc] and won ($0.45) with two pair, Nines and Eights
Seat 3: AdamPisce111 folded before Flop (didn't bet)
Seat 5: Xyk43 (button) mucked [3c 3h]
Seat 6: Dorex2007 (small blind) folded before Flop
Seat 7: Almanza63 (big blind) folded before Flop
Seat 9: 4opl1a folded before Flop (didn't bet)



PokerStars Hand #228010638540:  Hold'em No Limit ($0.01/$0.02 USD) - 2021/07/02 16:02:06 PT [2021/07/02 19:02:06 ET]
Table 'Wratislavia IV' 9-max Seat #6 is the button
Seat 1: Kevindm21 ($3.35 in chips) 
Seat 2: 007en ($1.77 in chips) 
Seat 3: AdamPisce111 ($1.81 in chips) 
Seat 5: Xyk43 ($1.66 in chips) 
Seat 6: Dorex2007 ($5.71 in chips) 
Seat 7: Almanza63 ($3.36 in chips) 
Seat 8: herkks ($2 in chips) 
Seat 9: 4opl1a ($4.18 in chips) 
Almanza63: posts small blind $0.01
herkks: posts big blind $0.02
*** HOLE CARDS ***
Dealt to Dorex2007 [3d 7h]
4opl1a: folds 
Kevindm21 has timed out
Kevindm21: folds 
007en: raises $0.04 to $0.06
AdamPisce111: calls $0.06
Xyk43: folds 
Dorex2007: folds 
Almanza63: folds 
herkks: folds 
*** FLOP *** [9c Kc Th]
007en: checks 
AdamPisce111: checks 
*** TURN *** [9c Kc Th] [Jh]
007en: checks 
AdamPisce111: bets $0.14
007en: folds 
Uncalled bet ($0.14) returned to AdamPisce111
AdamPisce111 collected $0.14 from pot
AdamPisce111: doesn't show hand 
*** SUMMARY ***
Total pot $0.15 | Rake $0.01 
Board [9c Kc Th Jh]
Seat 1: Kevindm21 folded before Flop (didn't bet)
Seat 2: 007en folded on the Turn
Seat 3: AdamPisce111 collected ($0.14)
Seat 5: Xyk43 folded before Flop (didn't bet)
Seat 6: Dorex2007 (button) folded before Flop (didn't bet)
Seat 7: Almanza63 (small blind) folded before Flop
Seat 8: herkks (big blind) folded before Flop
Seat 9: 4opl1a folded before Flop (didn't bet)



PokerStars Hand #228010653949:  Hold'em No Limit ($0.01/$0.02 USD) - 2021/07/02 16:02:52 PT [2021/07/02 19:02:52 ET]
Table 'Wratislavia IV' 9-max Seat #7 is the button
Seat 1: Kevindm21 ($3.35 in chips) 
Seat 2: 007en ($1.71 in chips) 
Seat 3: AdamPisce111 ($1.89 in chips) 
Seat 5: Xyk43 ($1.66 in chips) 
Seat 6: Dorex2007 ($5.71 in chips) 
Seat 7: Almanza63 ($3.35 in chips) 
Seat 8: herkks ($1.98 in chips) 
Seat 9: 4opl1a ($4.18 in chips) 
herkks: posts small blind $0.01
4opl1a: posts big blind $0.02
*** HOLE CARDS ***
Dealt to Dorex2007 [6h Jc]
Kevindm21: folds 
007en: folds 
AdamPisce111: calls $0.02
Xyk43: folds 
Dorex2007: folds 
Almanza63: folds 
herkks: folds 
4opl1a: raises $0.05 to $0.07
AdamPisce111: calls $0.05
*** FLOP *** [9h Jh 5h]
4opl1a: bets $0.04
AdamPisce111: folds 
Uncalled bet ($0.04) returned to 4opl1a
4opl1a collected $0.14 from pot
4opl1a: doesn't show hand 
*** SUMMARY ***
Total pot $0.15 | Rake $0.01 
Board [9h Jh 5h]
Seat 1: Kevindm21 folded before Flop (didn't bet)
Seat 2: 007en folded before Flop (didn't bet)
Seat 3: AdamPisce111 folded on the Flop
Seat 5: Xyk43 folded before Flop (didn't bet)
Seat 6: Dorex2007 folded before Flop (didn't bet)
Seat 7: Almanza63 (button) folded before Flop (didn't bet)
Seat 8: herkks (small blind) folded before Flop
Seat 9: 4opl1a (big blind) collected ($0.14)



PokerStars Hand #228010663586:  Hold'em No Limit ($0.01/$0.02 USD) - 2021/07/02 16:03:19 PT [2021/07/02 19:03:19 ET]
Table 'Wratislavia IV' 9-max Seat #8 is the button
Seat 1: Kevindm21 ($3.35 in chips) 
Seat 2: 007en ($1.71 in chips) 
Seat 3: AdamPisce111 ($1.82 in chips) 
Seat 4: pomozim ($1.54 in chips) 
Seat 5: Xyk43 ($1.66 in chips) 
Seat 6: Dorex2007 ($5.71 in chips) 
Seat 7: Almanza63 ($3.35 in chips) 
Seat 8: herkks ($1.97 in chips) 
Seat 9: 4opl1a ($4.25 in chips) 
4opl1a: posts small blind $0.01
Kevindm21: posts big blind $0.02
pomozim: posts small & big blinds $0.03
*** HOLE CARDS ***
Dealt to Dorex2007 [Qs 2d]
007en: folds 
AdamPisce111: calls $0.02
pomozim: checks 
Xyk43: folds 
Dorex2007: folds 
Almanza63: folds 
herkks: folds 
4opl1a: folds 
Kevindm21: checks 
*** FLOP *** [3d Qh 9h]
Kevindm21: checks 
AdamPisce111: bets $0.08
pomozim: calls $0.08
Kevindm21: folds 
*** TURN *** [3d Qh 9h] [Ad]
AdamPisce111: checks 
pomozim: checks 
*** RIVER *** [3d Qh 9h Ad] [9c]
AdamPisce111: bets $1.72 and is all-in
pomozim: folds 
Uncalled bet ($1.72) returned to AdamPisce111
AdamPisce111 collected $0.23 from pot
AdamPisce111: doesn't show hand 
*** SUMMARY ***
Total pot $0.24 | Rake $0.01 
Board [3d Qh 9h Ad 9c]
Seat 1: Kevindm21 (big blind) folded on the Flop
Seat 2: 007en folded before Flop (didn't bet)
Seat 3: AdamPisce111 collected ($0.23)
Seat 4: pomozim folded on the River
Seat 5: Xyk43 folded before Flop (didn't bet)
Seat 6: Dorex2007 folded before Flop (didn't bet)
Seat 7: Almanza63 folded before Flop (didn't bet)
Seat 8: herkks (button) folded before Flop (didn't bet)
Seat 9: 4opl1a (small blind) folded before Flop



