PokerStars Hand #228325610168:  Hold'em No Limit ($0.01/$0.02 USD) - 2021/07/16 0:18:51 PT [2021/07/16 3:18:51 ET]
Table 'Ausonia' 9-max Seat #7 is the button
Seat 1: brainyJ23 ($1.85 in chips) 
Seat 2: Matmes100 ($2 in chips) 
Seat 3: McBitter31 ($4.94 in chips) 
Seat 4: Kempeer ($2.03 in chips) 
Seat 5: Dorex2007 ($2 in chips) 
Seat 6: deileon ($1.38 in chips) 
Seat 7: McRuss ($1.93 in chips) 
Seat 8: Urasik1979 ($0.82 in chips) 
Seat 9: Johnny10170 ($1.84 in chips) 
Urasik1979: posts small blind $0.01
Johnny10170: posts big blind $0.02
Dorex2007: posts big blind $0.02
*** HOLE CARDS ***
Dealt to Dorex2007 [6s Kd]
brainyJ23: folds 
Matmes100: raises $0.04 to $0.06
McBitter31: folds 
Kempeer: folds 
Dorex2007: folds 
deileon: folds 
McRuss: folds 
Urasik1979: folds 
Johnny10170: folds 
Uncalled bet ($0.04) returned to Matmes100
Matmes100 collected $0.07 from pot
Matmes100: doesn't show hand 
*** SUMMARY ***
Total pot $0.07 | Rake $0 
Seat 1: brainyJ23 folded before Flop (didn't bet)
Seat 2: Matmes100 collected ($0.07)
Seat 3: McBitter31 folded before Flop (didn't bet)
Seat 4: Kempeer folded before Flop (didn't bet)
Seat 5: Dorex2007 folded before Flop (didn't bet)
Seat 6: deileon folded before Flop (didn't bet)
Seat 7: McRuss (button) folded before Flop (didn't bet)
Seat 8: Urasik1979 (small blind) folded before Flop
Seat 9: Johnny10170 (big blind) folded before Flop



PokerStars Hand #228325613352:  Hold'em No Limit ($0.01/$0.02 USD) - 2021/07/16 0:19:14 PT [2021/07/16 3:19:14 ET]
Table 'Ausonia' 9-max Seat #8 is the button
Seat 1: brainyJ23 ($1.85 in chips) 
Seat 2: Matmes100 ($2.05 in chips) 
Seat 3: McBitter31 ($4.94 in chips) 
Seat 4: Kempeer ($2.03 in chips) 
Seat 5: Dorex2007 ($1.98 in chips) 
Seat 6: deileon ($1.38 in chips) 
Seat 7: McRuss ($1.93 in chips) 
Seat 8: Urasik1979 ($0.81 in chips) 
Seat 9: Johnny10170 ($1.82 in chips) 
Johnny10170: posts small blind $0.01
brainyJ23: posts big blind $0.02
*** HOLE CARDS ***
Dealt to Dorex2007 [7s 4s]
Matmes100: raises $0.04 to $0.06
McBitter31: folds 
Kempeer: folds 
Dorex2007: folds 
deileon: folds 
McRuss: folds 
Urasik1979: calls $0.06
Johnny10170: folds 
brainyJ23: calls $0.04
*** FLOP *** [3s 9h 5d]
brainyJ23: checks 
Matmes100: bets $0.10
Urasik1979: folds 
brainyJ23: folds 
Uncalled bet ($0.10) returned to Matmes100
Matmes100 collected $0.18 from pot
Matmes100: doesn't show hand 
*** SUMMARY ***
Total pot $0.19 | Rake $0.01 
Board [3s 9h 5d]
Seat 1: brainyJ23 (big blind) folded on the Flop
Seat 2: Matmes100 collected ($0.18)
Seat 3: McBitter31 folded before Flop (didn't bet)
Seat 4: Kempeer folded before Flop (didn't bet)
Seat 5: Dorex2007 folded before Flop (didn't bet)
Seat 6: deileon folded before Flop (didn't bet)
Seat 7: McRuss folded before Flop (didn't bet)
Seat 8: Urasik1979 (button) folded on the Flop
Seat 9: Johnny10170 (small blind) folded before Flop



PokerStars Hand #228325620121:  Hold'em No Limit ($0.01/$0.02 USD) - 2021/07/16 0:20:02 PT [2021/07/16 3:20:02 ET]
Table 'Ausonia' 9-max Seat #9 is the button
Seat 1: brainyJ23 ($1.79 in chips) 
Seat 2: Matmes100 ($2.17 in chips) 
Seat 3: McBitter31 ($4.94 in chips) 
Seat 4: Kempeer ($2.03 in chips) 
Seat 5: Dorex2007 ($1.98 in chips) 
Seat 6: deileon ($1.38 in chips) 
Seat 7: McRuss ($1.93 in chips) 
Seat 8: Urasik1979 ($0.75 in chips) 
Seat 9: Johnny10170 ($1.81 in chips) 
brainyJ23: posts small blind $0.01
Matmes100: posts big blind $0.02
*** HOLE CARDS ***
Dealt to Dorex2007 [8s 6s]
McBitter31 has timed out
McBitter31: folds 
Kempeer: folds 
Dorex2007: folds 
deileon: calls $0.02
McRuss: folds 
Urasik1979: calls $0.02
Johnny10170: folds 
brainyJ23: folds 
Matmes100: checks 
*** FLOP *** [Ac Kd 8d]
Matmes100: checks 
deileon: bets $0.04
Urasik1979: folds 
Matmes100: folds 
Uncalled bet ($0.04) returned to deileon
deileon collected $0.07 from pot
deileon: doesn't show hand 
*** SUMMARY ***
Total pot $0.07 | Rake $0 
Board [Ac Kd 8d]
Seat 1: brainyJ23 (small blind) folded before Flop
Seat 2: Matmes100 (big blind) folded on the Flop
Seat 3: McBitter31 folded before Flop (didn't bet)
Seat 4: Kempeer folded before Flop (didn't bet)
Seat 5: Dorex2007 folded before Flop (didn't bet)
Seat 6: deileon collected ($0.07)
Seat 7: McRuss folded before Flop (didn't bet)
Seat 8: Urasik1979 folded on the Flop
Seat 9: Johnny10170 (button) folded before Flop (didn't bet)



PokerStars Hand #228325627910:  Hold'em No Limit ($0.01/$0.02 USD) - 2021/07/16 0:20:57 PT [2021/07/16 3:20:57 ET]
Table 'Ausonia' 9-max Seat #1 is the button
Seat 1: brainyJ23 ($1.78 in chips) 
Seat 2: Matmes100 ($2.15 in chips) 
Seat 3: McBitter31 ($4.94 in chips) 
Seat 4: Kempeer ($2.03 in chips) 
Seat 5: Dorex2007 ($1.98 in chips) 
Seat 6: deileon ($1.43 in chips) 
Seat 7: McRuss ($1.93 in chips) 
Seat 8: Urasik1979 ($0.73 in chips) 
Seat 9: Johnny10170 ($1.81 in chips) 
Matmes100: posts small blind $0.01
McBitter31: posts big blind $0.02
*** HOLE CARDS ***
Dealt to Dorex2007 [6s Jh]
Kempeer: folds 
Dorex2007: folds 
deileon: folds 
McRuss: folds 
Urasik1979: calls $0.02
Johnny10170: folds 
brainyJ23: folds 
Matmes100: folds 
McBitter31: raises $0.05 to $0.07
Urasik1979: calls $0.05
*** FLOP *** [3d Tc 7c]
McBitter31: bets $0.09
Urasik1979: calls $0.09
*** TURN *** [3d Tc 7c] [6d]
McBitter31: bets $0.18
Urasik1979: calls $0.18
*** RIVER *** [3d Tc 7c 6d] [Qs]
McBitter31: bets $0.40
Urasik1979: calls $0.39 and is all-in
Uncalled bet ($0.01) returned to McBitter31
*** SHOW DOWN ***
McBitter31: shows [Ks Kc] (a pair of Kings)
Urasik1979: shows [Ts Qh] (two pair, Queens and Tens)
Urasik1979 collected $1.42 from pot
*** SUMMARY ***
Total pot $1.47 | Rake $0.05 
Board [3d Tc 7c 6d Qs]
Seat 1: brainyJ23 (button) folded before Flop (didn't bet)
Seat 2: Matmes100 (small blind) folded before Flop
Seat 3: McBitter31 (big blind) showed [Ks Kc] and lost with a pair of Kings
Seat 4: Kempeer folded before Flop (didn't bet)
Seat 5: Dorex2007 folded before Flop (didn't bet)
Seat 6: deileon folded before Flop (didn't bet)
Seat 7: McRuss folded before Flop (didn't bet)
Seat 8: Urasik1979 showed [Ts Qh] and won ($1.42) with two pair, Queens and Tens
Seat 9: Johnny10170 folded before Flop (didn't bet)



PokerStars Hand #228325634331:  Hold'em No Limit ($0.01/$0.02 USD) - 2021/07/16 0:21:43 PT [2021/07/16 3:21:43 ET]
Table 'Ausonia' 9-max Seat #2 is the button
Seat 1: brainyJ23 ($1.78 in chips) 
Seat 2: Matmes100 ($2.14 in chips) 
Seat 3: McBitter31 ($4.21 in chips) 
Seat 4: Kempeer ($2.03 in chips) 
Seat 5: Dorex2007 ($1.98 in chips) 
Seat 6: deileon ($1.43 in chips) 
Seat 7: McRuss ($1.93 in chips) 
Seat 8: Urasik1979 ($1.42 in chips) 
Seat 9: Johnny10170 ($1.81 in chips) 
McBitter31: posts small blind $0.01
Kempeer: posts big blind $0.02
*** HOLE CARDS ***
Dealt to Dorex2007 [Ks Qh]
Dorex2007: folds 
deileon: folds 
McRuss: folds 
Urasik1979: folds 
Johnny10170: folds 
brainyJ23: folds 
Matmes100: folds 
McBitter31: folds 
Uncalled bet ($0.01) returned to Kempeer
Kempeer collected $0.02 from pot
Kempeer: doesn't show hand 
*** SUMMARY ***
Total pot $0.02 | Rake $0 
Seat 1: brainyJ23 folded before Flop (didn't bet)
Seat 2: Matmes100 (button) folded before Flop (didn't bet)
Seat 3: McBitter31 (small blind) folded before Flop
Seat 4: Kempeer (big blind) collected ($0.02)
Seat 5: Dorex2007 folded before Flop (didn't bet)
Seat 6: deileon folded before Flop (didn't bet)
Seat 7: McRuss folded before Flop (didn't bet)
Seat 8: Urasik1979 folded before Flop (didn't bet)
Seat 9: Johnny10170 folded before Flop (didn't bet)



PokerStars Hand #228325639662:  Hold'em No Limit ($0.01/$0.02 USD) - 2021/07/16 0:22:21 PT [2021/07/16 3:22:21 ET]
Table 'Ausonia' 9-max Seat #3 is the button
Seat 1: brainyJ23 ($1.78 in chips) 
Seat 2: Matmes100 ($2.14 in chips) 
Seat 3: McBitter31 ($4.20 in chips) 
Seat 4: Kempeer ($2.04 in chips) 
Seat 5: Dorex2007 ($1.98 in chips) 
Seat 6: deileon ($1.43 in chips) 
Seat 7: McRuss ($1.93 in chips) 
Seat 8: Urasik1979 ($1.42 in chips) 
Seat 9: Johnny10170 ($1.81 in chips) 
Kempeer: posts small blind $0.01
Dorex2007: posts big blind $0.02
*** HOLE CARDS ***
Dealt to Dorex2007 [2s Ah]
deileon: folds 
McRuss: folds 
Urasik1979: calls $0.02
Johnny10170: folds 
brainyJ23: folds 
Matmes100: folds 
McBitter31: folds 
Kempeer: folds 
Dorex2007: checks 
*** FLOP *** [Js Td 9h]
Dorex2007: checks 
Urasik1979: checks 
*** TURN *** [Js Td 9h] [As]
Dorex2007: checks 
Urasik1979: bets $0.03
Dorex2007: calls $0.03
*** RIVER *** [Js Td 9h As] [Ts]
Dorex2007: bets $0.11
Urasik1979: calls $0.11
*** SHOW DOWN ***
Dorex2007: shows [2s Ah] (two pair, Aces and Tens)
Urasik1979: shows [Ac 7d] (two pair, Aces and Tens)
Dorex2007 collected $0.16 from pot
Urasik1979 collected $0.16 from pot
*** SUMMARY ***
Total pot $0.33 | Rake $0.01 
Board [Js Td 9h As Ts]
Seat 1: brainyJ23 folded before Flop (didn't bet)
Seat 2: Matmes100 folded before Flop (didn't bet)
Seat 3: McBitter31 (button) folded before Flop (didn't bet)
Seat 4: Kempeer (small blind) folded before Flop
Seat 5: Dorex2007 (big blind) showed [2s Ah] and won ($0.16) with two pair, Aces and Tens
Seat 6: deileon folded before Flop (didn't bet)
Seat 7: McRuss folded before Flop (didn't bet)
Seat 8: Urasik1979 showed [Ac 7d] and won ($0.16) with two pair, Aces and Tens
Seat 9: Johnny10170 folded before Flop (didn't bet)



PokerStars Hand #228325671300:  Hold'em No Limit ($0.01/$0.02 USD) - 2021/07/16 0:26:06 PT [2021/07/16 3:26:06 ET]
Table 'Ausonia' 9-max Seat #9 is the button
Seat 1: brainyJ23 ($1.85 in chips) 
Seat 2: Matmes100 ($2.14 in chips) 
Seat 3: McBitter31 ($4.07 in chips) 
Seat 4: Kempeer ($2.03 in chips) 
Seat 5: Dorex2007 ($1.98 in chips) 
Seat 6: deileon ($1.45 in chips) 
Seat 7: McRuss ($1.88 in chips) 
Seat 8: Urasik1979 ($1.39 in chips) 
Seat 9: Johnny10170 ($1.91 in chips) 
brainyJ23: posts small blind $0.01
Matmes100: posts big blind $0.02
Dorex2007: posts small blind $0.01
*** HOLE CARDS ***
Dealt to Dorex2007 [Kh 4c]
McBitter31: folds 
Kempeer: folds 
Dorex2007: folds 
deileon: raises $0.04 to $0.06
McRuss: folds 
Urasik1979: folds 
Johnny10170: folds 
brainyJ23: folds 
Matmes100: folds 
Uncalled bet ($0.04) returned to deileon
deileon collected $0.06 from pot
deileon: doesn't show hand 
*** SUMMARY ***
Total pot $0.06 | Rake $0 
Seat 1: brainyJ23 (small blind) folded before Flop
Seat 2: Matmes100 (big blind) folded before Flop
Seat 3: McBitter31 folded before Flop (didn't bet)
Seat 4: Kempeer folded before Flop (didn't bet)
Seat 5: Dorex2007 folded before Flop (didn't bet)
Seat 6: deileon collected ($0.06)
Seat 7: McRuss folded before Flop (didn't bet)
Seat 8: Urasik1979 folded before Flop (didn't bet)
Seat 9: Johnny10170 (button) folded before Flop (didn't bet)



PokerStars Hand #228325676262:  Hold'em No Limit ($0.01/$0.02 USD) - 2021/07/16 0:26:41 PT [2021/07/16 3:26:41 ET]
Table 'Ausonia' 9-max Seat #1 is the button
Seat 1: brainyJ23 ($1.84 in chips) 
Seat 2: Matmes100 ($2.12 in chips) 
Seat 3: McBitter31 ($4.07 in chips) 
Seat 4: Kempeer ($2.03 in chips) 
Seat 5: Dorex2007 ($1.97 in chips) 
Seat 6: deileon ($1.49 in chips) 
Seat 7: McRuss ($1.88 in chips) 
Seat 8: Urasik1979 ($1.39 in chips) 
Seat 9: Johnny10170 ($1.91 in chips) 
Matmes100: posts small blind $0.01
McBitter31: posts big blind $0.02
*** HOLE CARDS ***
Dealt to Dorex2007 [Jh 6c]
Kempeer: raises $0.04 to $0.06
Dorex2007: folds 
deileon: folds 
McRuss: calls $0.06
Urasik1979: calls $0.06
Johnny10170: folds 
brainyJ23: calls $0.06
Matmes100: folds 
McBitter31: folds 
*** FLOP *** [7c Ac 8h]
Kempeer: bets $0.12
McRuss: raises $0.20 to $0.32
Urasik1979: folds 
brainyJ23: folds 
Kempeer: calls $0.20
*** TURN *** [7c Ac 8h] [Kc]
Kempeer: checks 
McRuss: bets $0.57
Kempeer: calls $0.57
*** RIVER *** [7c Ac 8h Kc] [6s]
Kempeer: checks 
McRuss: checks 
*** SHOW DOWN ***
Kempeer: shows [Ad Ks] (two pair, Aces and Kings)
McRuss: shows [7s 7h] (three of a kind, Sevens)
McRuss collected $1.98 from pot
*** SUMMARY ***
Total pot $2.05 | Rake $0.07 
Board [7c Ac 8h Kc 6s]
Seat 1: brainyJ23 (button) folded on the Flop
Seat 2: Matmes100 (small blind) folded before Flop
Seat 3: McBitter31 (big blind) folded before Flop
Seat 4: Kempeer showed [Ad Ks] and lost with two pair, Aces and Kings
Seat 5: Dorex2007 folded before Flop (didn't bet)
Seat 6: deileon folded before Flop (didn't bet)
Seat 7: McRuss showed [7s 7h] and won ($1.98) with three of a kind, Sevens
Seat 8: Urasik1979 folded on the Flop
Seat 9: Johnny10170 folded before Flop (didn't bet)



PokerStars Hand #228325684697:  Hold'em No Limit ($0.01/$0.02 USD) - 2021/07/16 0:27:41 PT [2021/07/16 3:27:41 ET]
Table 'Ausonia' 9-max Seat #2 is the button
Seat 1: brainyJ23 ($1.78 in chips) 
Seat 2: Matmes100 ($2.11 in chips) 
Seat 3: McBitter31 ($4.05 in chips) 
Seat 5: Dorex2007 ($1.97 in chips) 
Seat 6: deileon ($1.49 in chips) 
Seat 7: McRuss ($2.91 in chips) 
Seat 8: Urasik1979 ($1.33 in chips) 
Seat 9: Johnny10170 ($1.91 in chips) 
McBitter31: posts small blind $0.01
Kempeer: is sitting out 
Dorex2007: posts big blind $0.02
*** HOLE CARDS ***
Dealt to Dorex2007 [4c Js]
Kempeer leaves the table
deileon: folds 
McRuss: folds 
HATALLIKA720 joins the table at seat #4 
Urasik1979: calls $0.02
Johnny10170: folds 
brainyJ23: folds 
Matmes100: folds 
McBitter31: raises $0.06 to $0.08
Dorex2007: folds 
Urasik1979: calls $0.06
*** FLOP *** [4d 6d 8h]
McBitter31: bets $0.10
Urasik1979: folds 
Uncalled bet ($0.10) returned to McBitter31
McBitter31 collected $0.17 from pot
McBitter31: doesn't show hand 
*** SUMMARY ***
Total pot $0.18 | Rake $0.01 
Board [4d 6d 8h]
Seat 1: brainyJ23 folded before Flop (didn't bet)
Seat 2: Matmes100 (button) folded before Flop (didn't bet)
Seat 3: McBitter31 (small blind) collected ($0.17)
Seat 5: Dorex2007 (big blind) folded before Flop
Seat 6: deileon folded before Flop (didn't bet)
Seat 7: McRuss folded before Flop (didn't bet)
Seat 8: Urasik1979 folded on the Flop
Seat 9: Johnny10170 folded before Flop (didn't bet)



PokerStars Hand #228325690678:  Hold'em No Limit ($0.01/$0.02 USD) - 2021/07/16 0:28:23 PT [2021/07/16 3:28:23 ET]
Table 'Ausonia' 9-max Seat #3 is the button
Seat 1: brainyJ23 ($1.78 in chips) 
Seat 2: Matmes100 ($2.11 in chips) 
Seat 3: McBitter31 ($4.14 in chips) 
Seat 5: Dorex2007 ($1.95 in chips) 
Seat 6: deileon ($1.49 in chips) 
Seat 7: McRuss ($2.91 in chips) 
Seat 8: Urasik1979 ($1.25 in chips) 
Seat 9: Johnny10170 ($1.91 in chips) 
Dorex2007: posts small blind $0.01
deileon: posts big blind $0.02
*** HOLE CARDS ***
Dealt to Dorex2007 [Jc 6c]
McRuss: folds 
Urasik1979: folds 
Johnny10170: folds 
brainyJ23: folds 
Matmes100: folds 
McBitter31: folds 
Dorex2007: folds 
Uncalled bet ($0.01) returned to deileon
deileon collected $0.02 from pot
deileon: doesn't show hand 
*** SUMMARY ***
Total pot $0.02 | Rake $0 
Seat 1: brainyJ23 folded before Flop (didn't bet)
Seat 2: Matmes100 folded before Flop (didn't bet)
Seat 3: McBitter31 (button) folded before Flop (didn't bet)
Seat 5: Dorex2007 (small blind) folded before Flop
Seat 6: deileon (big blind) collected ($0.02)
Seat 7: McRuss folded before Flop (didn't bet)
Seat 8: Urasik1979 folded before Flop (didn't bet)
Seat 9: Johnny10170 folded before Flop (didn't bet)



PokerStars Hand #228325703170:  Hold'em No Limit ($0.01/$0.02 USD) - 2021/07/16 0:28:46 PT [2021/07/16 3:28:46 ET]
Table 'Ausonia' 9-max Seat #5 is the button
Seat 1: brainyJ23 ($1.78 in chips) 
Seat 2: Matmes100 ($2.11 in chips) 
Seat 3: McBitter31 ($4.14 in chips) 
Seat 5: Dorex2007 ($1.94 in chips) 
Seat 6: deileon ($1.50 in chips) 
Seat 7: McRuss ($2.91 in chips) 
Seat 8: Urasik1979 ($1.25 in chips) 
Seat 9: Johnny10170 ($1.91 in chips) 
deileon: posts small blind $0.01
McRuss: posts big blind $0.02
HATALLIKA720: sits out 
*** HOLE CARDS ***
Dealt to Dorex2007 [Ac As]
Urasik1979: folds 
Johnny10170: folds 
brainyJ23: folds 
Matmes100: folds 
McBitter31: folds 
Dorex2007: raises $0.04 to $0.06
deileon: folds 
McRuss: folds 
Uncalled bet ($0.04) returned to Dorex2007
Dorex2007 collected $0.05 from pot
Dorex2007: doesn't show hand 
*** SUMMARY ***
Total pot $0.05 | Rake $0 
Seat 1: brainyJ23 folded before Flop (didn't bet)
Seat 2: Matmes100 folded before Flop (didn't bet)
Seat 3: McBitter31 folded before Flop (didn't bet)
Seat 5: Dorex2007 (button) collected ($0.05)
Seat 6: deileon (small blind) folded before Flop
Seat 7: McRuss (big blind) folded before Flop
Seat 8: Urasik1979 folded before Flop (didn't bet)
Seat 9: Johnny10170 folded before Flop (didn't bet)



PokerStars Hand #228325706476:  Hold'em No Limit ($0.01/$0.02 USD) - 2021/07/16 0:29:09 PT [2021/07/16 3:29:09 ET]
Table 'Ausonia' 9-max Seat #6 is the button
Seat 1: brainyJ23 ($1.78 in chips) 
Seat 2: Matmes100 ($2.11 in chips) 
Seat 3: McBitter31 ($4.14 in chips) 
Seat 5: Dorex2007 ($1.97 in chips) 
Seat 6: deileon ($1.49 in chips) 
Seat 7: McRuss ($2.89 in chips) 
Seat 8: Urasik1979 ($1.25 in chips) 
Seat 9: Johnny10170 ($1.91 in chips) 
McRuss: posts small blind $0.01
Urasik1979: posts big blind $0.02
HATALLIKA720: sits out 
*** HOLE CARDS ***
Dealt to Dorex2007 [Tc Ac]
Johnny10170: folds 
brainyJ23: folds 
Matmes100: raises $0.04 to $0.06
McBitter31: folds 
Dorex2007: calls $0.06
deileon: folds 
McRuss: calls $0.05
Urasik1979: folds 
*** FLOP *** [6d Td 2h]
McRuss: checks 
Matmes100: bets $0.10
Dorex2007: calls $0.10
McRuss: folds 
*** TURN *** [6d Td 2h] [8s]
Matmes100: checks 
Dorex2007: bets $0.39
Matmes100: folds 
Uncalled bet ($0.39) returned to Dorex2007
Dorex2007 collected $0.39 from pot
Dorex2007: doesn't show hand 
*** SUMMARY ***
Total pot $0.40 | Rake $0.01 
Board [6d Td 2h 8s]
Seat 1: brainyJ23 folded before Flop (didn't bet)
Seat 2: Matmes100 folded on the Turn
Seat 3: McBitter31 folded before Flop (didn't bet)
Seat 5: Dorex2007 collected ($0.39)
Seat 6: deileon (button) folded before Flop (didn't bet)
Seat 7: McRuss (small blind) folded on the Flop
Seat 8: Urasik1979 (big blind) folded before Flop
Seat 9: Johnny10170 folded before Flop (didn't bet)



PokerStars Hand #228325713273:  Hold'em No Limit ($0.01/$0.02 USD) - 2021/07/16 0:29:56 PT [2021/07/16 3:29:56 ET]
Table 'Ausonia' 9-max Seat #7 is the button
Seat 1: brainyJ23 ($1.78 in chips) 
Seat 2: Matmes100 ($2 in chips) 
Seat 3: McBitter31 ($4.14 in chips) 
Seat 5: Dorex2007 ($2.20 in chips) 
Seat 6: deileon ($1.49 in chips) 
Seat 7: McRuss ($2.83 in chips) 
Seat 8: Urasik1979 ($1.23 in chips) 
Seat 9: Johnny10170 ($1.91 in chips) 
Urasik1979: posts small blind $0.01
Johnny10170: posts big blind $0.02
HATALLIKA720: sits out 
*** HOLE CARDS ***
Dealt to Dorex2007 [7c Kh]
brainyJ23: folds 
Matmes100: folds 
McBitter31: folds 
Dorex2007: folds 
deileon: folds 
McRuss: folds 
Urasik1979: folds 
Uncalled bet ($0.01) returned to Johnny10170
Johnny10170 collected $0.02 from pot
Johnny10170: doesn't show hand 
*** SUMMARY ***
Total pot $0.02 | Rake $0 
Seat 1: brainyJ23 folded before Flop (didn't bet)
Seat 2: Matmes100 folded before Flop (didn't bet)
Seat 3: McBitter31 folded before Flop (didn't bet)
Seat 5: Dorex2007 folded before Flop (didn't bet)
Seat 6: deileon folded before Flop (didn't bet)
Seat 7: McRuss (button) folded before Flop (didn't bet)
Seat 8: Urasik1979 (small blind) folded before Flop
Seat 9: Johnny10170 (big blind) collected ($0.02)



PokerStars Hand #228325716508:  Hold'em No Limit ($0.01/$0.02 USD) - 2021/07/16 0:30:18 PT [2021/07/16 3:30:18 ET]
Table 'Ausonia' 9-max Seat #8 is the button
Seat 1: brainyJ23 ($1.78 in chips) 
Seat 2: Matmes100 ($2 in chips) 
Seat 3: McBitter31 ($4.14 in chips) 
Seat 5: Dorex2007 ($2.20 in chips) 
Seat 6: deileon ($1.49 in chips) 
Seat 7: McRuss ($2.83 in chips) 
Seat 8: Urasik1979 ($1.22 in chips) 
Seat 9: Johnny10170 ($1.92 in chips) 
Johnny10170: posts small blind $0.01
brainyJ23: posts big blind $0.02
HATALLIKA720: sits out 
*** HOLE CARDS ***
Dealt to Dorex2007 [Ah 4d]
Matmes100: folds 
McBitter31: folds 
Dorex2007: folds 
deileon: folds 
McRuss: folds 
Urasik1979: folds 
Johnny10170: calls $0.01
brainyJ23: checks 
*** FLOP *** [6d Th 4h]
Johnny10170: checks 
brainyJ23 is disconnected 
brainyJ23 has timed out while disconnected
brainyJ23: checks 
*** TURN *** [6d Th 4h] [Qs]
Johnny10170: bets $0.02
brainyJ23 has timed out while disconnected
brainyJ23: folds 
Uncalled bet ($0.02) returned to Johnny10170
Johnny10170 collected $0.04 from pot
Johnny10170: doesn't show hand 
*** SUMMARY ***
Total pot $0.04 | Rake $0 
Board [6d Th 4h Qs]
Seat 1: brainyJ23 (big blind) folded on the Turn
Seat 2: Matmes100 folded before Flop (didn't bet)
Seat 3: McBitter31 folded before Flop (didn't bet)
Seat 5: Dorex2007 folded before Flop (didn't bet)
Seat 6: deileon folded before Flop (didn't bet)
Seat 7: McRuss folded before Flop (didn't bet)
Seat 8: Urasik1979 (button) folded before Flop (didn't bet)
Seat 9: Johnny10170 (small blind) collected ($0.04)



PokerStars Hand #228325732755:  Hold'em No Limit ($0.01/$0.02 USD) - 2021/07/16 0:32:13 PT [2021/07/16 3:32:13 ET]
Table 'Ausonia' 9-max Seat #9 is the button
Seat 2: Matmes100 ($2 in chips) 
Seat 3: McBitter31 ($4.14 in chips) 
Seat 5: Dorex2007 ($2.20 in chips) 
Seat 6: deileon ($1.49 in chips) 
Seat 7: McRuss ($2.83 in chips) 
Seat 8: Urasik1979 ($1.22 in chips) 
Seat 9: Johnny10170 ($1.94 in chips) 
Matmes100: posts small blind $0.01
McBitter31: posts big blind $0.02
HATALLIKA720: sits out 
*** HOLE CARDS ***
Dealt to Dorex2007 [Jc As]
Dorex2007: raises $0.04 to $0.06
deileon: folds 
McRuss: folds 
Urasik1979: calls $0.06
Johnny10170: folds 
Matmes100: folds 
McBitter31: folds 
*** FLOP *** [9c Jh Qd]
Dorex2007: checks 
Urasik1979: bets $0.07
Dorex2007: calls $0.07
*** TURN *** [9c Jh Qd] [7h]
Dorex2007: checks 
Urasik1979: bets $0.10
Dorex2007: calls $0.10
*** RIVER *** [9c Jh Qd 7h] [3s]
Dorex2007: checks 
Urasik1979: bets $0.14
Dorex2007: calls $0.14
*** SHOW DOWN ***
Urasik1979: shows [Qh Th] (a pair of Queens)
Dorex2007: mucks hand 
Urasik1979 collected $0.74 from pot
*** SUMMARY ***
Total pot $0.77 | Rake $0.03 
Board [9c Jh Qd 7h 3s]
Seat 2: Matmes100 (small blind) folded before Flop
Seat 3: McBitter31 (big blind) folded before Flop
Seat 5: Dorex2007 mucked [Jc As]
Seat 6: deileon folded before Flop (didn't bet)
Seat 7: McRuss folded before Flop (didn't bet)
Seat 8: Urasik1979 showed [Qh Th] and won ($0.74) with a pair of Queens
Seat 9: Johnny10170 (button) folded before Flop (didn't bet)



PokerStars Hand #228325740321:  Hold'em No Limit ($0.01/$0.02 USD) - 2021/07/16 0:33:07 PT [2021/07/16 3:33:07 ET]
Table 'Ausonia' 9-max Seat #2 is the button
Seat 2: Matmes100 ($2 in chips) 
Seat 3: McBitter31 ($4.12 in chips) 
Seat 4: HATALLIKA720 ($2 in chips) 
Seat 5: Dorex2007 ($1.83 in chips) 
Seat 6: deileon ($1.49 in chips) 
Seat 7: McRuss ($2.83 in chips) 
Seat 8: Urasik1979 ($1.59 in chips) 
Seat 9: Johnny10170 ($1.94 in chips) 
McBitter31: posts small blind $0.01
HATALLIKA720: posts big blind $0.02
*** HOLE CARDS ***
Dealt to Dorex2007 [9c Kd]
Dorex2007: folds 
deileon: folds 
McRuss: folds 
Urasik1979: calls $0.02
Johnny10170: raises $0.04 to $0.06
Matmes100: folds 
McBitter31: folds 
HATALLIKA720: folds 
Urasik1979: calls $0.04
*** FLOP *** [Qd 7c 8c]
Urasik1979: checks 
Johnny10170: bets $0.07
Urasik1979: calls $0.07
*** TURN *** [Qd 7c 8c] [5s]
Urasik1979: checks 
Johnny10170: bets $0.14
Urasik1979: folds 
Uncalled bet ($0.14) returned to Johnny10170
Johnny10170 collected $0.28 from pot
Johnny10170: doesn't show hand 
*** SUMMARY ***
Total pot $0.29 | Rake $0.01 
Board [Qd 7c 8c 5s]
Seat 2: Matmes100 (button) folded before Flop (didn't bet)
Seat 3: McBitter31 (small blind) folded before Flop
Seat 4: HATALLIKA720 (big blind) folded before Flop
Seat 5: Dorex2007 folded before Flop (didn't bet)
Seat 6: deileon folded before Flop (didn't bet)
Seat 7: McRuss folded before Flop (didn't bet)
Seat 8: Urasik1979 folded on the Turn
Seat 9: Johnny10170 collected ($0.28)



PokerStars Hand #228325746710:  Hold'em No Limit ($0.01/$0.02 USD) - 2021/07/16 0:33:52 PT [2021/07/16 3:33:52 ET]
Table 'Ausonia' 9-max Seat #3 is the button
Seat 2: Matmes100 ($2 in chips) 
Seat 3: McBitter31 ($4.11 in chips) 
Seat 4: HATALLIKA720 ($2 in chips) 
Seat 5: Dorex2007 ($1.83 in chips) 
Seat 6: deileon ($1.49 in chips) 
Seat 7: McRuss ($2.83 in chips) 
Seat 8: Urasik1979 ($1.46 in chips) 
Seat 9: Johnny10170 ($2.09 in chips) 
HATALLIKA720: posts small blind $0.01
Dorex2007: posts big blind $0.02
*** HOLE CARDS ***
Dealt to Dorex2007 [Ah 8d]
deileon: folds 
McRuss: calls $0.02
Urasik1979: calls $0.02
Johnny10170: folds 
Matmes100: folds 
McBitter31: folds 
HATALLIKA720: raises $0.08 to $0.10
Dorex2007: folds 
McRuss: folds 
Urasik1979: folds 
Uncalled bet ($0.08) returned to HATALLIKA720
HATALLIKA720 collected $0.08 from pot
HATALLIKA720: doesn't show hand 
*** SUMMARY ***
Total pot $0.08 | Rake $0 
Seat 2: Matmes100 folded before Flop (didn't bet)
Seat 3: McBitter31 (button) folded before Flop (didn't bet)
Seat 4: HATALLIKA720 (small blind) collected ($0.08)
Seat 5: Dorex2007 (big blind) folded before Flop
Seat 6: deileon folded before Flop (didn't bet)
Seat 7: McRuss folded before Flop
Seat 8: Urasik1979 folded before Flop
Seat 9: Johnny10170 folded before Flop (didn't bet)



PokerStars Hand #228325750982:  Hold'em No Limit ($0.01/$0.02 USD) - 2021/07/16 0:34:22 PT [2021/07/16 3:34:22 ET]
Table 'Ausonia' 9-max Seat #4 is the button
Seat 2: Matmes100 ($2 in chips) 
Seat 3: McBitter31 ($4.11 in chips) 
Seat 4: HATALLIKA720 ($2.06 in chips) 
Seat 5: Dorex2007 ($1.81 in chips) 
Seat 6: deileon ($1.49 in chips) 
Seat 7: McRuss ($2.81 in chips) 
Seat 8: Urasik1979 ($1.44 in chips) 
Seat 9: Johnny10170 ($2.09 in chips) 
Dorex2007: posts small blind $0.01
deileon: posts big blind $0.02
*** HOLE CARDS ***
Dealt to Dorex2007 [Ac 9h]
McRuss: folds 
Urasik1979: folds 
Johnny10170: folds 
Matmes100: folds 
McBitter31: folds 
HATALLIKA720: raises $0.04 to $0.06
Dorex2007: folds 
deileon: folds 
Uncalled bet ($0.04) returned to HATALLIKA720
HATALLIKA720 collected $0.05 from pot
HATALLIKA720: doesn't show hand 
*** SUMMARY ***
Total pot $0.05 | Rake $0 
Seat 2: Matmes100 folded before Flop (didn't bet)
Seat 3: McBitter31 folded before Flop (didn't bet)
Seat 4: HATALLIKA720 (button) collected ($0.05)
Seat 5: Dorex2007 (small blind) folded before Flop
Seat 6: deileon (big blind) folded before Flop
Seat 7: McRuss folded before Flop (didn't bet)
Seat 8: Urasik1979 folded before Flop (didn't bet)
Seat 9: Johnny10170 folded before Flop (didn't bet)



PokerStars Hand #228325755282:  Hold'em No Limit ($0.01/$0.02 USD) - 2021/07/16 0:34:52 PT [2021/07/16 3:34:52 ET]
Table 'Ausonia' 9-max Seat #5 is the button
Seat 2: Matmes100 ($2 in chips) 
Seat 3: McBitter31 ($4.11 in chips) 
Seat 4: HATALLIKA720 ($2.09 in chips) 
Seat 5: Dorex2007 ($1.80 in chips) 
Seat 6: deileon ($1.47 in chips) 
Seat 7: McRuss ($2.81 in chips) 
Seat 8: Urasik1979 ($1.44 in chips) 
Seat 9: Johnny10170 ($2.09 in chips) 
deileon: posts small blind $0.01
McRuss: posts big blind $0.02
*** HOLE CARDS ***
Dealt to Dorex2007 [8h 6s]
Urasik1979: raises $0.02 to $0.04
Johnny10170: folds 
Matmes100: calls $0.04
McBitter31: folds 
HATALLIKA720: folds 
Dorex2007: folds 
deileon: folds 
McRuss: folds 
*** FLOP *** [Js 5h 7h]
Urasik1979: checks 
Matmes100: bets $0.06
Urasik1979: calls $0.06
*** TURN *** [Js 5h 7h] [Ts]
Urasik1979: checks 
Matmes100: bets $0.19
Urasik1979: calls $0.19
*** RIVER *** [Js 5h 7h Ts] [2s]
Urasik1979: checks 
Matmes100: bets $0.51
Urasik1979: folds 
Uncalled bet ($0.51) returned to Matmes100
Matmes100 collected $0.59 from pot
Matmes100: doesn't show hand 
*** SUMMARY ***
Total pot $0.61 | Rake $0.02 
Board [Js 5h 7h Ts 2s]
Seat 2: Matmes100 collected ($0.59)
Seat 3: McBitter31 folded before Flop (didn't bet)
Seat 4: HATALLIKA720 folded before Flop (didn't bet)
Seat 5: Dorex2007 (button) folded before Flop (didn't bet)
Seat 6: deileon (small blind) folded before Flop
Seat 7: McRuss (big blind) folded before Flop
Seat 8: Urasik1979 folded on the River
Seat 9: Johnny10170 folded before Flop (didn't bet)



PokerStars Hand #228325761774:  Hold'em No Limit ($0.01/$0.02 USD) - 2021/07/16 0:35:38 PT [2021/07/16 3:35:38 ET]
Table 'Ausonia' 9-max Seat #6 is the button
Seat 2: Matmes100 ($2.30 in chips) 
Seat 3: McBitter31 ($4.11 in chips) 
Seat 4: HATALLIKA720 ($2.09 in chips) 
Seat 5: Dorex2007 ($1.80 in chips) 
Seat 6: deileon ($1.46 in chips) 
Seat 7: McRuss ($2.79 in chips) 
Seat 8: Urasik1979 ($1.15 in chips) 
Seat 9: Johnny10170 ($2.09 in chips) 
McRuss: posts small blind $0.01
Urasik1979: posts big blind $0.02
*** HOLE CARDS ***
Dealt to Dorex2007 [4h 2h]
Johnny10170: calls $0.02
Matmes100: folds 
McBitter31 has timed out
McBitter31: folds 
HATALLIKA720: folds 
Dorex2007: folds 
deileon: folds 
McRuss: folds 
Urasik1979: checks 
*** FLOP *** [8d Tc Ah]
Urasik1979: checks 
Johnny10170: bets $0.02
Urasik1979: folds 
Uncalled bet ($0.02) returned to Johnny10170
Johnny10170 collected $0.05 from pot
Johnny10170: doesn't show hand 
*** SUMMARY ***
Total pot $0.05 | Rake $0 
Board [8d Tc Ah]
Seat 2: Matmes100 folded before Flop (didn't bet)
Seat 3: McBitter31 folded before Flop (didn't bet)
Seat 4: HATALLIKA720 folded before Flop (didn't bet)
Seat 5: Dorex2007 folded before Flop (didn't bet)
Seat 6: deileon (button) folded before Flop (didn't bet)
Seat 7: McRuss (small blind) folded before Flop
Seat 8: Urasik1979 (big blind) folded on the Flop
Seat 9: Johnny10170 collected ($0.05)



PokerStars Hand #228325768356:  Hold'em No Limit ($0.01/$0.02 USD) - 2021/07/16 0:36:24 PT [2021/07/16 3:36:24 ET]
Table 'Ausonia' 9-max Seat #7 is the button
Seat 2: Matmes100 ($2.30 in chips) 
Seat 3: McBitter31 ($4.11 in chips) 
Seat 4: HATALLIKA720 ($2.09 in chips) 
Seat 5: Dorex2007 ($1.80 in chips) 
Seat 6: deileon ($1.46 in chips) 
Seat 7: McRuss ($2.78 in chips) 
Seat 8: Urasik1979 ($1.13 in chips) 
Seat 9: Johnny10170 ($2.12 in chips) 
Urasik1979: posts small blind $0.01
Johnny10170: posts big blind $0.02
*** HOLE CARDS ***
Dealt to Dorex2007 [Td 2s]
Matmes100: folds 
McBitter31: raises $0.04 to $0.06
HATALLIKA720: folds 
Dorex2007: folds 
deileon: folds 
McRuss: folds 
Urasik1979: folds 
Johnny10170: folds 
Uncalled bet ($0.04) returned to McBitter31
McBitter31 collected $0.05 from pot
McBitter31: doesn't show hand 
*** SUMMARY ***
Total pot $0.05 | Rake $0 
Seat 2: Matmes100 folded before Flop (didn't bet)
Seat 3: McBitter31 collected ($0.05)
Seat 4: HATALLIKA720 folded before Flop (didn't bet)
Seat 5: Dorex2007 folded before Flop (didn't bet)
Seat 6: deileon folded before Flop (didn't bet)
Seat 7: McRuss (button) folded before Flop (didn't bet)
Seat 8: Urasik1979 (small blind) folded before Flop
Seat 9: Johnny10170 (big blind) folded before Flop



PokerStars Hand #228325772307:  Hold'em No Limit ($0.01/$0.02 USD) - 2021/07/16 0:36:52 PT [2021/07/16 3:36:52 ET]
Table 'Ausonia' 9-max Seat #8 is the button
Seat 3: McBitter31 ($4.14 in chips) 
Seat 4: HATALLIKA720 ($2.09 in chips) 
Seat 5: Dorex2007 ($1.80 in chips) 
Seat 6: deileon ($1.46 in chips) 
Seat 7: McRuss ($2.78 in chips) 
Seat 8: Urasik1979 ($1.12 in chips) 
Seat 9: Johnny10170 ($2.10 in chips) 
Johnny10170: posts small blind $0.01
Matmes100: is sitting out 
McBitter31: posts big blind $0.02
*** HOLE CARDS ***
Dealt to Dorex2007 [8c 3h]
Matmes100 leaves the table
HATALLIKA720: folds 
Dorex2007: folds 
deileon: calls $0.02
McRuss: folds 
tridmax joins the table at seat #2 
Urasik1979: calls $0.02
Johnny10170: folds 
McBitter31: checks 
*** FLOP *** [2h 8s 6h]
McBitter31: checks 
deileon: checks 
Urasik1979: checks 
*** TURN *** [2h 8s 6h] [8d]
McBitter31: checks 
deileon: checks 
Urasik1979: checks 
*** RIVER *** [2h 8s 6h 8d] [2c]
McBitter31: bets $0.04
deileon: folds 
Urasik1979: calls $0.04
*** SHOW DOWN ***
McBitter31: shows [7h As] (two pair, Eights and Deuces)
Urasik1979: shows [5c Ac] (two pair, Eights and Deuces)
McBitter31 collected $0.07 from pot
Urasik1979 collected $0.07 from pot
*** SUMMARY ***
Total pot $0.15 | Rake $0.01 
Board [2h 8s 6h 8d 2c]
Seat 3: McBitter31 (big blind) showed [7h As] and won ($0.07) with two pair, Eights and Deuces
Seat 4: HATALLIKA720 folded before Flop (didn't bet)
Seat 5: Dorex2007 folded before Flop (didn't bet)
Seat 6: deileon folded on the River
Seat 7: McRuss folded before Flop (didn't bet)
Seat 8: Urasik1979 (button) showed [5c Ac] and won ($0.07) with two pair, Eights and Deuces
Seat 9: Johnny10170 (small blind) folded before Flop



PokerStars Hand #228325781027:  Hold'em No Limit ($0.01/$0.02 USD) - 2021/07/16 0:37:53 PT [2021/07/16 3:37:53 ET]
Table 'Ausonia' 9-max Seat #9 is the button
Seat 3: McBitter31 ($4.15 in chips) 
Seat 4: HATALLIKA720 ($2.09 in chips) 
Seat 5: Dorex2007 ($1.80 in chips) 
Seat 6: deileon ($1.44 in chips) 
Seat 7: McRuss ($2.78 in chips) 
Seat 8: Urasik1979 ($1.13 in chips) 
Seat 9: Johnny10170 ($2.09 in chips) 
McBitter31: posts small blind $0.01
HATALLIKA720: posts big blind $0.02
*** HOLE CARDS ***
Dealt to Dorex2007 [3d 5s]
tridmax leaves the table
Dorex2007: folds 
deileon: folds 
McRuss: folds 
Urasik1979: calls $0.02
Johnny10170: folds 
McBitter31: folds 
HATALLIKA720: checks 
*** FLOP *** [4h 7c As]
HATALLIKA720: checks 
Urasik1979: checks 
*** TURN *** [4h 7c As] [Jd]
HATALLIKA720: checks 
Urasik1979: bets $0.02
HATALLIKA720: calls $0.02
*** RIVER *** [4h 7c As Jd] [Kd]
HATALLIKA720: checks 
Urasik1979: bets $0.10
HATALLIKA720: folds 
Uncalled bet ($0.10) returned to Urasik1979
Urasik1979 collected $0.09 from pot
*** SUMMARY ***
Total pot $0.09 | Rake $0 
Board [4h 7c As Jd Kd]
Seat 3: McBitter31 (small blind) folded before Flop
Seat 4: HATALLIKA720 (big blind) folded on the River
Seat 5: Dorex2007 folded before Flop (didn't bet)
Seat 6: deileon folded before Flop (didn't bet)
Seat 7: McRuss folded before Flop (didn't bet)
Seat 8: Urasik1979 collected ($0.09)
Seat 9: Johnny10170 (button) folded before Flop (didn't bet)



PokerStars Hand #228325785349:  Hold'em No Limit ($0.01/$0.02 USD) - 2021/07/16 0:38:24 PT [2021/07/16 3:38:24 ET]
Table 'Ausonia' 9-max Seat #3 is the button
Seat 3: McBitter31 ($4.14 in chips) 
Seat 4: HATALLIKA720 ($2.05 in chips) 
Seat 5: Dorex2007 ($1.80 in chips) 
Seat 6: deileon ($1.44 in chips) 
Seat 7: McRuss ($2.78 in chips) 
Seat 8: Urasik1979 ($1.18 in chips) 
Seat 9: Johnny10170 ($2.09 in chips) 
HATALLIKA720: posts small blind $0.01
Dorex2007: posts big blind $0.02
*** HOLE CARDS ***
Dealt to Dorex2007 [Tc 2s]
deileon: folds 
McRuss: folds 
Urasik1979: folds 
Johnny10170: folds 
McBitter31: folds 
HATALLIKA720: raises $0.04 to $0.06
Dorex2007: folds 
Uncalled bet ($0.04) returned to HATALLIKA720
HATALLIKA720 collected $0.04 from pot
HATALLIKA720: doesn't show hand 
*** SUMMARY ***
Total pot $0.04 | Rake $0 
Seat 3: McBitter31 (button) folded before Flop (didn't bet)
Seat 4: HATALLIKA720 (small blind) collected ($0.04)
Seat 5: Dorex2007 (big blind) folded before Flop
Seat 6: deileon folded before Flop (didn't bet)
Seat 7: McRuss folded before Flop (didn't bet)
Seat 8: Urasik1979 folded before Flop (didn't bet)
Seat 9: Johnny10170 folded before Flop (didn't bet)



PokerStars Hand #228325788969:  Hold'em No Limit ($0.01/$0.02 USD) - 2021/07/16 0:38:49 PT [2021/07/16 3:38:49 ET]
Table 'Ausonia' 9-max Seat #4 is the button
Seat 3: McBitter31 ($4.14 in chips) 
Seat 4: HATALLIKA720 ($2.07 in chips) 
Seat 5: Dorex2007 ($1.78 in chips) 
Seat 6: deileon ($1.44 in chips) 
Seat 7: McRuss ($2.78 in chips) 
Seat 8: Urasik1979 ($1.18 in chips) 
Seat 9: Johnny10170 ($2.09 in chips) 
Dorex2007: posts small blind $0.01
deileon: posts big blind $0.02
*** HOLE CARDS ***
Dealt to Dorex2007 [Qc Qd]
McRuss: folds 
Urasik1979: calls $0.02
Johnny10170: folds 
McBitter31: folds 
dezname joins the table at seat #2 
HATALLIKA720: calls $0.02
Dorex2007: raises $0.08 to $0.10
deileon: folds 
Urasik1979: folds 
HATALLIKA720: folds 
Uncalled bet ($0.08) returned to Dorex2007
Dorex2007 collected $0.08 from pot
Dorex2007: doesn't show hand 
*** SUMMARY ***
Total pot $0.08 | Rake $0 
Seat 3: McBitter31 folded before Flop (didn't bet)
Seat 4: HATALLIKA720 (button) folded before Flop
Seat 5: Dorex2007 (small blind) collected ($0.08)
Seat 6: deileon (big blind) folded before Flop
Seat 7: McRuss folded before Flop (didn't bet)
Seat 8: Urasik1979 folded before Flop
Seat 9: Johnny10170 folded before Flop (didn't bet)



PokerStars Hand #228325793033:  Hold'em No Limit ($0.01/$0.02 USD) - 2021/07/16 0:39:18 PT [2021/07/16 3:39:18 ET]
Table 'Ausonia' 9-max Seat #5 is the button
Seat 3: McBitter31 ($4.14 in chips) 
Seat 4: HATALLIKA720 ($2.05 in chips) 
Seat 5: Dorex2007 ($2 in chips) 
Seat 6: deileon ($1.42 in chips) 
Seat 7: McRuss ($2.78 in chips) 
Seat 8: Urasik1979 ($1.16 in chips) 
Seat 9: Johnny10170 ($2.09 in chips) 
deileon: posts small blind $0.01
McRuss: posts big blind $0.02
dezname: sits out 
*** HOLE CARDS ***
Dealt to Dorex2007 [4d 7h]
Urasik1979: folds 
Johnny10170: folds 
McBitter31 has timed out
McBitter31: folds 
HATALLIKA720: folds 
Dorex2007: folds 
deileon: folds 
Uncalled bet ($0.01) returned to McRuss
McRuss collected $0.02 from pot
McRuss: doesn't show hand 
*** SUMMARY ***
Total pot $0.02 | Rake $0 
Seat 3: McBitter31 folded before Flop (didn't bet)
Seat 4: HATALLIKA720 folded before Flop (didn't bet)
Seat 5: Dorex2007 (button) folded before Flop (didn't bet)
Seat 6: deileon (small blind) folded before Flop
Seat 7: McRuss (big blind) collected ($0.02)
Seat 8: Urasik1979 folded before Flop (didn't bet)
Seat 9: Johnny10170 folded before Flop (didn't bet)



PokerStars Hand #228325796519:  Hold'em No Limit ($0.01/$0.02 USD) - 2021/07/16 0:39:42 PT [2021/07/16 3:39:42 ET]
Table 'Ausonia' 9-max Seat #6 is the button
Seat 4: HATALLIKA720 ($2.05 in chips) 
Seat 5: Dorex2007 ($2 in chips) 
Seat 6: deileon ($1.41 in chips) 
Seat 7: McRuss ($2.79 in chips) 
Seat 8: Urasik1979 ($1.16 in chips) 
Seat 9: Johnny10170 ($2.09 in chips) 
McRuss: posts small blind $0.01
Urasik1979: posts big blind $0.02
dezname: sits out 
*** HOLE CARDS ***
Dealt to Dorex2007 [2h 7s]
Johnny10170: folds 
HATALLIKA720: folds 
Dorex2007: folds 
deileon: folds 
McRuss: folds 
Uncalled bet ($0.01) returned to Urasik1979
Urasik1979 collected $0.02 from pot
*** SUMMARY ***
Total pot $0.02 | Rake $0 
Seat 4: HATALLIKA720 folded before Flop (didn't bet)
Seat 5: Dorex2007 folded before Flop (didn't bet)
Seat 6: deileon (button) folded before Flop (didn't bet)
Seat 7: McRuss (small blind) folded before Flop
Seat 8: Urasik1979 (big blind) collected ($0.02)
Seat 9: Johnny10170 folded before Flop (didn't bet)



PokerStars Hand #228325800886:  Hold'em No Limit ($0.01/$0.02 USD) - 2021/07/16 0:40:13 PT [2021/07/16 3:40:13 ET]
Table 'Ausonia' 9-max Seat #7 is the button
Seat 3: McBitter31 ($4.14 in chips) 
Seat 4: HATALLIKA720 ($2.05 in chips) 
Seat 5: Dorex2007 ($2 in chips) 
Seat 6: deileon ($1.41 in chips) 
Seat 7: McRuss ($2.78 in chips) 
Seat 8: Urasik1979 ($1.17 in chips) 
Seat 9: Johnny10170 ($2.09 in chips) 
Urasik1979: posts small blind $0.01
Johnny10170: posts big blind $0.02
dezname: sits out 
*** HOLE CARDS ***
Dealt to Dorex2007 [Kh Th]
McBitter31: folds 
HATALLIKA720: folds 
Dorex2007: raises $0.02 to $0.04
deileon: folds 
McRuss: folds 
Urasik1979: raises $0.04 to $0.08
Johnny10170: folds 
Dorex2007: calls $0.04
*** FLOP *** [Ah Ad Kd]
Urasik1979: checks 
Dorex2007: checks 
*** TURN *** [Ah Ad Kd] [Jc]
Urasik1979: bets $0.02
Dorex2007: calls $0.02
*** RIVER *** [Ah Ad Kd Jc] [4c]
Urasik1979: bets $0.12
Dorex2007: calls $0.12
*** SHOW DOWN ***
Urasik1979: shows [Ac Qd] (three of a kind, Aces)
Dorex2007: mucks hand 
Urasik1979 collected $0.44 from pot
*** SUMMARY ***
Total pot $0.46 | Rake $0.02 
Board [Ah Ad Kd Jc 4c]
Seat 3: McBitter31 folded before Flop (didn't bet)
Seat 4: HATALLIKA720 folded before Flop (didn't bet)
Seat 5: Dorex2007 mucked [Kh Th]
Seat 6: deileon folded before Flop (didn't bet)
Seat 7: McRuss (button) folded before Flop (didn't bet)
Seat 8: Urasik1979 (small blind) showed [Ac Qd] and won ($0.44) with three of a kind, Aces
Seat 9: Johnny10170 (big blind) folded before Flop



PokerStars Hand #228325810449:  Hold'em No Limit ($0.01/$0.02 USD) - 2021/07/16 0:41:18 PT [2021/07/16 3:41:18 ET]
Table 'Ausonia' 9-max Seat #8 is the button
Seat 2: dezname ($2 in chips) 
Seat 3: McBitter31 ($4.14 in chips) 
Seat 4: HATALLIKA720 ($2.05 in chips) 
Seat 5: Dorex2007 ($2 in chips) 
Seat 6: deileon ($1.41 in chips) 
Seat 7: McRuss ($2.78 in chips) 
Seat 8: Urasik1979 ($1.39 in chips) 
Seat 9: Johnny10170 ($2.07 in chips) 
Johnny10170: posts small blind $0.01
dezname: posts big blind $0.02
*** HOLE CARDS ***
Dealt to Dorex2007 [8s 8c]
McBitter31 has timed out
McBitter31: folds 
HATALLIKA720: calls $0.02
Dorex2007: calls $0.02
deileon: folds 
McRuss: folds 
Urasik1979: folds 
Johnny10170: calls $0.01
dezname: checks 
*** FLOP *** [Qh 3h Td]
Johnny10170: bets $0.04
dezname: folds 
HATALLIKA720: calls $0.04
Dorex2007: folds 
*** TURN *** [Qh 3h Td] [Jc]
Johnny10170: bets $0.08
HATALLIKA720: calls $0.08
*** RIVER *** [Qh 3h Td Jc] [8h]
Johnny10170: checks 
HATALLIKA720: checks 
*** SHOW DOWN ***
Johnny10170: shows [3d 3s] (three of a kind, Threes)
HATALLIKA720: mucks hand 
Johnny10170 collected $0.31 from pot
brainyJ23 leaves the table
*** SUMMARY ***
Total pot $0.32 | Rake $0.01 
Board [Qh 3h Td Jc 8h]
Seat 2: dezname (big blind) folded on the Flop
Seat 3: McBitter31 folded before Flop (didn't bet)
Seat 4: HATALLIKA720 mucked [Ad Jh]
Seat 5: Dorex2007 folded on the Flop
Seat 6: deileon folded before Flop (didn't bet)
Seat 7: McRuss folded before Flop (didn't bet)
Seat 8: Urasik1979 (button) folded before Flop (didn't bet)
Seat 9: Johnny10170 (small blind) showed [3d 3s] and won ($0.31) with three of a kind, Threes



PokerStars Hand #228325818233:  Hold'em No Limit ($0.01/$0.02 USD) - 2021/07/16 0:42:12 PT [2021/07/16 3:42:12 ET]
Table 'Ausonia' 9-max Seat #9 is the button
Seat 2: dezname ($2 in chips) 
Seat 3: McBitter31 ($4.14 in chips) 
Seat 4: HATALLIKA720 ($2 in chips) 
Seat 5: Dorex2007 ($1.98 in chips) 
Seat 6: deileon ($1.41 in chips) 
Seat 7: McRuss ($2.78 in chips) 
Seat 8: Urasik1979 ($1.39 in chips) 
Seat 9: Johnny10170 ($2.24 in chips) 
dezname: posts small blind $0.01
McBitter31: posts big blind $0.02
*** HOLE CARDS ***
Dealt to Dorex2007 [9c 2s]
HATALLIKA720: folds 
Dorex2007: folds 
deileon: calls $0.02
McRuss: folds 
Angel2480 joins the table at seat #1 
Urasik1979: calls $0.02
Johnny10170: folds 
dezname: raises $0.08 to $0.10
McBitter31: folds 
deileon: calls $0.08
Urasik1979: folds 
*** FLOP *** [8h 5s 9s]
dezname: checks 
deileon: bets $0.23
dezname: folds 
Uncalled bet ($0.23) returned to deileon
deileon collected $0.23 from pot
deileon: doesn't show hand 
*** SUMMARY ***
Total pot $0.24 | Rake $0.01 
Board [8h 5s 9s]
Seat 2: dezname (small blind) folded on the Flop
Seat 3: McBitter31 (big blind) folded before Flop
Seat 4: HATALLIKA720 folded before Flop (didn't bet)
Seat 5: Dorex2007 folded before Flop (didn't bet)
Seat 6: deileon collected ($0.23)
Seat 7: McRuss folded before Flop (didn't bet)
Seat 8: Urasik1979 folded before Flop
Seat 9: Johnny10170 (button) folded before Flop (didn't bet)



PokerStars Hand #228325825699:  Hold'em No Limit ($0.01/$0.02 USD) - 2021/07/16 0:43:04 PT [2021/07/16 3:43:04 ET]
Table 'Ausonia' 9-max Seat #2 is the button
Seat 1: Angel2480 ($2 in chips) 
Seat 2: dezname ($2 in chips) 
Seat 3: McBitter31 ($4.12 in chips) 
Seat 4: HATALLIKA720 ($2 in chips) 
Seat 5: Dorex2007 ($1.98 in chips) 
Seat 6: deileon ($1.54 in chips) 
Seat 7: McRuss ($2.78 in chips) 
Seat 8: Urasik1979 ($1.37 in chips) 
Seat 9: Johnny10170 ($2.24 in chips) 
McBitter31: posts small blind $0.01
HATALLIKA720: posts big blind $0.02
Angel2480: posts big blind $0.02
*** HOLE CARDS ***
Dealt to Dorex2007 [Kh Qd]
Dorex2007: folds 
deileon: calls $0.02
McRuss: raises $0.10 to $0.12
Urasik1979: folds 
Johnny10170: folds 
Angel2480 is connected 
Angel2480: calls $0.10
dezname: folds 
McBitter31: folds 
HATALLIKA720: folds 
deileon: raises $1.42 to $1.54 and is all-in
McRuss: folds 
Angel2480: calls $1.42
HATALLIKA720 leaves the table
*** FLOP *** [7h Td 7d]
*** TURN *** [7h Td 7d] [Kc]
*** RIVER *** [7h Td 7d Kc] [6h]
*** SHOW DOWN ***
deileon: shows [Ah As] (two pair, Aces and Sevens)
Angel2480: shows [Ts 9c] (two pair, Tens and Sevens)
deileon cashed out the hand for $2.52 | Cash Out Fee $0.03
*** SUMMARY ***
Total pot $3.23 | Rake $0.11 
Board [7h Td 7d Kc 6h]
Seat 1: Angel2480 showed [Ts 9c] and lost with two pair, Tens and Sevens
Seat 2: dezname (button) folded before Flop (didn't bet)
Seat 3: McBitter31 (small blind) folded before Flop
Seat 4: HATALLIKA720 (big blind) folded before Flop
Seat 5: Dorex2007 folded before Flop (didn't bet)
Seat 6: deileon showed [Ah As] and won ($3.12) with two pair, Aces and Sevens (pot not awarded as player cashed out)
Seat 7: McRuss folded before Flop
Seat 8: Urasik1979 folded before Flop (didn't bet)
Seat 9: Johnny10170 folded before Flop (didn't bet)



PokerStars Hand #228325844839:  Hold'em No Limit ($0.01/$0.02 USD) - 2021/07/16 0:45:16 PT [2021/07/16 3:45:16 ET]
Table 'Ausonia' 9-max Seat #7 is the button
Seat 2: dezname ($2 in chips) 
Seat 3: McBitter31 ($4.11 in chips) 
Seat 5: Dorex2007 ($1.98 in chips) 
Seat 6: deileon ($2.49 in chips) 
Seat 7: McRuss ($2.66 in chips) 
Seat 8: Urasik1979 ($1.40 in chips) 
Seat 9: Johnny10170 ($2.24 in chips) 
Urasik1979: posts small blind $0.01
Johnny10170: posts big blind $0.02
Apostol108: sits out 
SrO157: sits out 
Dorex2007: posts small blind $0.01
*** HOLE CARDS ***
Dealt to Dorex2007 [Th 5d]
dezname: folds 
McBitter31: folds 
Dorex2007: calls $0.02
deileon: calls $0.02
McRuss: calls $0.02
Urasik1979: folds 
Johnny10170: checks 
*** FLOP *** [Ks 6d 9d]
Johnny10170: checks 
Dorex2007: checks 
Urasik1979 leaves the table
deileon: checks 
McRuss: checks 
*** TURN *** [Ks 6d 9d] [Jh]
Johnny10170: checks 
Dorex2007: checks 
deileon: bets $0.10
McRuss: folds 
Johnny10170: folds 
Dorex2007: folds 
Uncalled bet ($0.10) returned to deileon
deileon collected $0.10 from pot
deileon: doesn't show hand 
*** SUMMARY ***
Total pot $0.10 | Rake $0 
Board [Ks 6d 9d Jh]
Seat 2: dezname folded before Flop (didn't bet)
Seat 3: McBitter31 folded before Flop (didn't bet)
Seat 5: Dorex2007 folded on the Turn
Seat 6: deileon collected ($0.10)
Seat 7: McRuss (button) folded on the Turn
Seat 8: Urasik1979 (small blind) folded before Flop
Seat 9: Johnny10170 (big blind) folded on the Turn



PokerStars Hand #228325854643:  Hold'em No Limit ($0.01/$0.02 USD) - 2021/07/16 0:46:22 PT [2021/07/16 3:46:22 ET]
Table 'Ausonia' 9-max Seat #9 is the button
Seat 2: dezname ($2 in chips) 
Seat 3: McBitter31 ($4.11 in chips) 
Seat 4: SrO157 ($0.82 in chips) 
Seat 5: Dorex2007 ($1.95 in chips) 
Seat 6: deileon ($2.57 in chips) 
Seat 7: McRuss ($2.64 in chips) 
Seat 9: Johnny10170 ($2.22 in chips) 
dezname: posts small blind $0.01
McBitter31: posts big blind $0.02
SrO157: posts big blind $0.02
*** HOLE CARDS ***
Dealt to Dorex2007 [5s 4s]
inta4md joins the table at seat #8 
SrO157: checks 
Dorex2007: folds 
deileon: folds 
McRuss: calls $0.02
Johnny10170: folds 
dezname: folds 
McBitter31: checks 
*** FLOP *** [7h 9c Qc]
McBitter31: bets $0.05
SrO157: calls $0.05
McRuss: folds 
*** TURN *** [7h 9c Qc] [Qd]
McBitter31: bets $0.10
SrO157: calls $0.10
*** RIVER *** [7h 9c Qc Qd] [9h]
McBitter31: bets $0.25
SrO157: calls $0.25
*** SHOW DOWN ***
McBitter31: shows [6h Qh] (a full house, Queens full of Nines)
SrO157: mucks hand 
McBitter31 collected $0.84 from pot
*** SUMMARY ***
Total pot $0.87 | Rake $0.03 
Board [7h 9c Qc Qd 9h]
Seat 2: dezname (small blind) folded before Flop
Seat 3: McBitter31 (big blind) showed [6h Qh] and won ($0.84) with a full house, Queens full of Nines
Seat 4: SrO157 mucked [9s 3h]
Seat 5: Dorex2007 folded before Flop (didn't bet)
Seat 6: deileon folded before Flop (didn't bet)
Seat 7: McRuss folded on the Flop
Seat 9: Johnny10170 (button) folded before Flop (didn't bet)



PokerStars Hand #228325863090:  Hold'em No Limit ($0.01/$0.02 USD) - 2021/07/16 0:47:20 PT [2021/07/16 3:47:20 ET]
Table 'Ausonia' 9-max Seat #2 is the button
Seat 2: dezname ($2 in chips) 
Seat 3: McBitter31 ($4.53 in chips) 
Seat 4: SrO157 ($0.40 in chips) 
Seat 5: Dorex2007 ($1.95 in chips) 
Seat 6: deileon ($2.57 in chips) 
Seat 7: McRuss ($2.62 in chips) 
Seat 8: inta4md ($2 in chips) 
Seat 9: Johnny10170 ($2.22 in chips) 
McBitter31: posts small blind $0.01
SrO157: posts big blind $0.02
inta4md: posts big blind $0.02
Apostol108: sits out 
*** HOLE CARDS ***
Dealt to Dorex2007 [8d Kh]
Dorex2007: folds 
deileon: folds 
McRuss: folds 
inta4md: checks 
Johnny10170: folds 
dezname: folds 
McBitter31: folds 
SrO157: checks 
*** FLOP *** [3s Jh Qd]
SrO157: checks 
inta4md: checks 
*** TURN *** [3s Jh Qd] [8h]
SrO157: checks 
inta4md: checks 
*** RIVER *** [3s Jh Qd 8h] [Ah]
SrO157: checks 
inta4md: checks 
*** SHOW DOWN ***
SrO157: shows [5h 4s] (high card Ace)
inta4md: shows [As 5c] (a pair of Aces)
inta4md collected $0.05 from pot
*** SUMMARY ***
Total pot $0.05 | Rake $0 
Board [3s Jh Qd 8h Ah]
Seat 2: dezname (button) folded before Flop (didn't bet)
Seat 3: McBitter31 (small blind) folded before Flop
Seat 4: SrO157 (big blind) showed [5h 4s] and lost with high card Ace
Seat 5: Dorex2007 folded before Flop (didn't bet)
Seat 6: deileon folded before Flop (didn't bet)
Seat 7: McRuss folded before Flop (didn't bet)
Seat 8: inta4md showed [As 5c] and won ($0.05) with a pair of Aces
Seat 9: Johnny10170 folded before Flop (didn't bet)



PokerStars Hand #228325869397:  Hold'em No Limit ($0.01/$0.02 USD) - 2021/07/16 0:48:03 PT [2021/07/16 3:48:03 ET]
Table 'Ausonia' 9-max Seat #3 is the button
Seat 2: dezname ($2 in chips) 
Seat 3: McBitter31 ($4.52 in chips) 
Seat 4: SrO157 ($0.38 in chips) 
Seat 5: Dorex2007 ($1.95 in chips) 
Seat 6: deileon ($2.57 in chips) 
Seat 7: McRuss ($2.62 in chips) 
Seat 8: inta4md ($2.03 in chips) 
Seat 9: Johnny10170 ($2.22 in chips) 
SrO157: posts small blind $0.01
Dorex2007: posts big blind $0.02
Apostol108: sits out 
*** HOLE CARDS ***
Dealt to Dorex2007 [8d Qs]
deileon: folds 
McRuss: folds 
inta4md: folds 
Johnny10170: folds 
dezname: folds 
McBitter31: folds 
SrO157: calls $0.01
Dorex2007: checks 
*** FLOP *** [Jc 4d Ts]
SrO157: checks 
Dorex2007: checks 
*** TURN *** [Jc 4d Ts] [3c]
SrO157: checks 
Dorex2007: checks 
*** RIVER *** [Jc 4d Ts 3c] [Th]
SrO157: checks 
Dorex2007: checks 
*** SHOW DOWN ***
SrO157: shows [7d 8s] (a pair of Tens)
Dorex2007: shows [8d Qs] (a pair of Tens - Queen kicker)
Dorex2007 collected $0.04 from pot
*** SUMMARY ***
Total pot $0.04 | Rake $0 
Board [Jc 4d Ts 3c Th]
Seat 2: dezname folded before Flop (didn't bet)
Seat 3: McBitter31 (button) folded before Flop (didn't bet)
Seat 4: SrO157 (small blind) showed [7d 8s] and lost with a pair of Tens
Seat 5: Dorex2007 (big blind) showed [8d Qs] and won ($0.04) with a pair of Tens
Seat 6: deileon folded before Flop (didn't bet)
Seat 7: McRuss folded before Flop (didn't bet)
Seat 8: inta4md folded before Flop (didn't bet)
Seat 9: Johnny10170 folded before Flop (didn't bet)



PokerStars Hand #228325873707:  Hold'em No Limit ($0.01/$0.02 USD) - 2021/07/16 0:48:32 PT [2021/07/16 3:48:32 ET]
Table 'Ausonia' 9-max Seat #4 is the button
Seat 2: dezname ($2 in chips) 
Seat 3: McBitter31 ($4.52 in chips) 
Seat 4: SrO157 ($0.36 in chips) 
Seat 5: Dorex2007 ($1.97 in chips) 
Seat 6: deileon ($2.57 in chips) 
Seat 7: McRuss ($2.62 in chips) 
Seat 8: inta4md ($2.03 in chips) 
Seat 9: Johnny10170 ($2.22 in chips) 
Dorex2007: posts small blind $0.01
deileon: posts big blind $0.02
Apostol108: sits out 
*** HOLE CARDS ***
Dealt to Dorex2007 [6s 6d]
McRuss: calls $0.02
inta4md: folds 
Johnny10170: folds 
dezname: folds 
McBitter31: folds 
SrO157: calls $0.02
Dorex2007: calls $0.01
deileon: checks 
*** FLOP *** [Ks 7c 3h]
Dorex2007: checks 
deileon: checks 
McRuss: checks 
SrO157: bets $0.04
Dorex2007: folds 
deileon: folds 
McRuss: calls $0.04
*** TURN *** [Ks 7c 3h] [Kc]
McRuss: checks 
SrO157: checks 
*** RIVER *** [Ks 7c 3h Kc] [Th]
McRuss: bets $0.06
SrO157: calls $0.06
*** SHOW DOWN ***
McRuss: shows [Jd Jc] (two pair, Kings and Jacks)
SrO157: mucks hand 
McRuss collected $0.27 from pot
*** SUMMARY ***
Total pot $0.28 | Rake $0.01 
Board [Ks 7c 3h Kc Th]
Seat 2: dezname folded before Flop (didn't bet)
Seat 3: McBitter31 folded before Flop (didn't bet)
Seat 4: SrO157 (button) mucked [4s 3s]
Seat 5: Dorex2007 (small blind) folded on the Flop
Seat 6: deileon (big blind) folded on the Flop
Seat 7: McRuss showed [Jd Jc] and won ($0.27) with two pair, Kings and Jacks
Seat 8: inta4md folded before Flop (didn't bet)
Seat 9: Johnny10170 folded before Flop (didn't bet)



PokerStars Hand #228325882570:  Hold'em No Limit ($0.01/$0.02 USD) - 2021/07/16 0:49:33 PT [2021/07/16 3:49:33 ET]
Table 'Ausonia' 9-max Seat #5 is the button
Seat 2: dezname ($2 in chips) 
Seat 3: McBitter31 ($4.52 in chips) 
Seat 4: SrO157 ($0.24 in chips) 
Seat 5: Dorex2007 ($1.95 in chips) 
Seat 6: deileon ($2.55 in chips) 
Seat 7: McRuss ($2.77 in chips) 
Seat 8: inta4md ($2.03 in chips) 
Seat 9: Johnny10170 ($2.22 in chips) 
deileon: posts small blind $0.01
McRuss: posts big blind $0.02
Apostol108: sits out 
*** HOLE CARDS ***
Dealt to Dorex2007 [7d 3d]
inta4md: folds 
Johnny10170: folds 
dezname: folds 
McBitter31: folds 
SrO157: raises $0.22 to $0.24 and is all-in
Dorex2007: folds 
deileon: folds 
McRuss: folds 
Uncalled bet ($0.22) returned to SrO157
SrO157 collected $0.05 from pot
SrO157: doesn't show hand 
*** SUMMARY ***
Total pot $0.05 | Rake $0 
Seat 2: dezname folded before Flop (didn't bet)
Seat 3: McBitter31 folded before Flop (didn't bet)
Seat 4: SrO157 collected ($0.05)
Seat 5: Dorex2007 (button) folded before Flop (didn't bet)
Seat 6: deileon (small blind) folded before Flop
Seat 7: McRuss (big blind) folded before Flop
Seat 8: inta4md folded before Flop (didn't bet)
Seat 9: Johnny10170 folded before Flop (didn't bet)



PokerStars Hand #228325885032:  Hold'em No Limit ($0.01/$0.02 USD) - 2021/07/16 0:49:49 PT [2021/07/16 3:49:49 ET]
Table 'Ausonia' 9-max Seat #6 is the button
Seat 2: dezname ($2 in chips) 
Seat 3: McBitter31 ($4.52 in chips) 
Seat 4: SrO157 ($0.27 in chips) 
Seat 5: Dorex2007 ($1.95 in chips) 
Seat 6: deileon ($2.54 in chips) 
Seat 7: McRuss ($2.75 in chips) 
Seat 8: inta4md ($2.03 in chips) 
Seat 9: Johnny10170 ($2.22 in chips) 
McRuss: posts small blind $0.01
inta4md: posts big blind $0.02
Apostol108: sits out 
*** HOLE CARDS ***
Dealt to Dorex2007 [Kh 7s]
Johnny10170: folds 
dezname: raises $0.04 to $0.06
McBitter31: folds 
SrO157: folds 
Dorex2007: folds 
deileon: calls $0.06
McRuss: folds 
inta4md: folds 
*** FLOP *** [8s Qc 5c]
dezname: bets $0.09
deileon: calls $0.09
*** TURN *** [8s Qc 5c] [6h]
dezname: bets $0.24
deileon: folds 
Uncalled bet ($0.24) returned to dezname
dezname collected $0.32 from pot
dezname: doesn't show hand 
*** SUMMARY ***
Total pot $0.33 | Rake $0.01 
Board [8s Qc 5c 6h]
Seat 2: dezname collected ($0.32)
Seat 3: McBitter31 folded before Flop (didn't bet)
Seat 4: SrO157 folded before Flop (didn't bet)
Seat 5: Dorex2007 folded before Flop (didn't bet)
Seat 6: deileon (button) folded on the Turn
Seat 7: McRuss (small blind) folded before Flop
Seat 8: inta4md (big blind) folded before Flop
Seat 9: Johnny10170 folded before Flop (didn't bet)



PokerStars Hand #228325894000:  Hold'em No Limit ($0.01/$0.02 USD) - 2021/07/16 0:50:31 PT [2021/07/16 3:50:31 ET]
Table 'Ausonia' 9-max Seat #7 is the button
Seat 2: dezname ($2.17 in chips) 
Seat 3: McBitter31 ($4.52 in chips) 
Seat 4: SrO157 ($0.27 in chips) 
Seat 5: Dorex2007 ($1.95 in chips) 
Seat 6: deileon ($2.39 in chips) 
Seat 7: McRuss ($2.74 in chips) 
Seat 8: inta4md ($2.01 in chips) 
Seat 9: Johnny10170 ($2.22 in chips) 
inta4md: posts small blind $0.01
Johnny10170: posts big blind $0.02
Apostol108: sits out 
*** HOLE CARDS ***
Dealt to Dorex2007 [Kh 2h]
dezname: folds 
McBitter31: folds 
SrO157: raises $0.25 to $0.27 and is all-in
Dorex2007: folds 
deileon: folds 
McRuss: folds 
inta4md: folds 
Johnny10170: folds 
Uncalled bet ($0.25) returned to SrO157
SrO157 collected $0.05 from pot
SrO157: doesn't show hand 
*** SUMMARY ***
Total pot $0.05 | Rake $0 
Seat 2: dezname folded before Flop (didn't bet)
Seat 3: McBitter31 folded before Flop (didn't bet)
Seat 4: SrO157 collected ($0.05)
Seat 5: Dorex2007 folded before Flop (didn't bet)
Seat 6: deileon folded before Flop (didn't bet)
Seat 7: McRuss (button) folded before Flop (didn't bet)
Seat 8: inta4md (small blind) folded before Flop
Seat 9: Johnny10170 (big blind) folded before Flop



PokerStars Hand #228325896734:  Hold'em No Limit ($0.01/$0.02 USD) - 2021/07/16 0:50:50 PT [2021/07/16 3:50:50 ET]
Table 'Ausonia' 9-max Seat #8 is the button
Seat 1: Apostol108 ($2 in chips) 
Seat 2: dezname ($2.17 in chips) 
Seat 3: McBitter31 ($4.52 in chips) 
Seat 4: SrO157 ($0.30 in chips) 
Seat 5: Dorex2007 ($1.95 in chips) 
Seat 6: deileon ($2.39 in chips) 
Seat 7: McRuss ($2.74 in chips) 
Seat 8: inta4md ($2 in chips) 
Seat 9: Johnny10170 ($2.20 in chips) 
Johnny10170: posts small blind $0.01
Apostol108: posts big blind $0.02
*** HOLE CARDS ***
Dealt to Dorex2007 [6s Ah]
dezname: folds 
McBitter31: folds 
SrO157: folds 
Dorex2007: folds 
deileon: folds 
McRuss: folds 
inta4md: folds 
Johnny10170: folds 
Uncalled bet ($0.01) returned to Apostol108
Apostol108 collected $0.02 from pot
Apostol108: doesn't show hand 
*** SUMMARY ***
Total pot $0.02 | Rake $0 
Seat 1: Apostol108 (big blind) collected ($0.02)
Seat 2: dezname folded before Flop (didn't bet)
Seat 3: McBitter31 folded before Flop (didn't bet)
Seat 4: SrO157 folded before Flop (didn't bet)
Seat 5: Dorex2007 folded before Flop (didn't bet)
Seat 6: deileon folded before Flop (didn't bet)
Seat 7: McRuss folded before Flop (didn't bet)
Seat 8: inta4md (button) folded before Flop (didn't bet)
Seat 9: Johnny10170 (small blind) folded before Flop



PokerStars Hand #228325898321:  Hold'em No Limit ($0.01/$0.02 USD) - 2021/07/16 0:51:00 PT [2021/07/16 3:51:00 ET]
Table 'Ausonia' 9-max Seat #9 is the button
Seat 1: Apostol108 ($2.01 in chips) 
Seat 2: dezname ($2.17 in chips) 
Seat 3: McBitter31 ($4.52 in chips) 
Seat 4: SrO157 ($0.30 in chips) 
Seat 5: Dorex2007 ($1.95 in chips) 
Seat 6: deileon ($2.39 in chips) 
Seat 7: McRuss ($2.74 in chips) 
Seat 8: inta4md ($2 in chips) 
Seat 9: Johnny10170 ($2.19 in chips) 
Apostol108: posts small blind $0.01
dezname: posts big blind $0.02
*** HOLE CARDS ***
Dealt to Dorex2007 [Ts 9h]
McBitter31: raises $0.05 to $0.07
SrO157: folds 
Dorex2007: folds 
deileon: folds 
McRuss: folds 
inta4md: folds 
Johnny10170: folds 
Apostol108: folds 
dezname: folds 
Uncalled bet ($0.05) returned to McBitter31
McBitter31 collected $0.05 from pot
McBitter31: doesn't show hand 
*** SUMMARY ***
Total pot $0.05 | Rake $0 
Seat 1: Apostol108 (small blind) folded before Flop
Seat 2: dezname (big blind) folded before Flop
Seat 3: McBitter31 collected ($0.05)
Seat 4: SrO157 folded before Flop (didn't bet)
Seat 5: Dorex2007 folded before Flop (didn't bet)
Seat 6: deileon folded before Flop (didn't bet)
Seat 7: McRuss folded before Flop (didn't bet)
Seat 8: inta4md folded before Flop (didn't bet)
Seat 9: Johnny10170 (button) folded before Flop (didn't bet)



PokerStars Hand #228325901405:  Hold'em No Limit ($0.01/$0.02 USD) - 2021/07/16 0:51:21 PT [2021/07/16 3:51:21 ET]
Table 'Ausonia' 9-max Seat #1 is the button
Seat 1: Apostol108 ($2 in chips) 
Seat 2: dezname ($2.15 in chips) 
Seat 3: McBitter31 ($4.55 in chips) 
Seat 4: SrO157 ($0.30 in chips) 
Seat 5: Dorex2007 ($1.95 in chips) 
Seat 6: deileon ($2.39 in chips) 
Seat 7: McRuss ($2.74 in chips) 
Seat 8: inta4md ($2 in chips) 
Seat 9: Johnny10170 ($2.19 in chips) 
dezname: posts small blind $0.01
McBitter31: posts big blind $0.02
*** HOLE CARDS ***
Dealt to Dorex2007 [Kd Jd]
SrO157: folds 
Dorex2007: calls $0.02
deileon: folds 
McRuss: calls $0.02
inta4md: calls $0.02
Johnny10170: folds 
Apostol108: folds 
dezname: folds 
McBitter31: checks 
*** FLOP *** [Qs 2d Kc]
McBitter31: checks 
Dorex2007: bets $0.09
McRuss: calls $0.09
inta4md: folds 
McBitter31: folds 
*** TURN *** [Qs 2d Kc] [9s]
Dorex2007: checks 
McRuss: checks 
*** RIVER *** [Qs 2d Kc 9s] [Tc]
Dorex2007: bets $1.84 and is all-in
McRuss: folds 
Uncalled bet ($1.84) returned to Dorex2007
Dorex2007 collected $0.26 from pot
Dorex2007: doesn't show hand 
*** SUMMARY ***
Total pot $0.27 | Rake $0.01 
Board [Qs 2d Kc 9s Tc]
Seat 1: Apostol108 (button) folded before Flop (didn't bet)
Seat 2: dezname (small blind) folded before Flop
Seat 3: McBitter31 (big blind) folded on the Flop
Seat 4: SrO157 folded before Flop (didn't bet)
Seat 5: Dorex2007 collected ($0.26)
Seat 6: deileon folded before Flop (didn't bet)
Seat 7: McRuss folded on the River
Seat 8: inta4md folded on the Flop
Seat 9: Johnny10170 folded before Flop (didn't bet)



PokerStars Hand #228325912887:  Hold'em No Limit ($0.01/$0.02 USD) - 2021/07/16 0:52:38 PT [2021/07/16 3:52:38 ET]
Table 'Ausonia' 9-max Seat #2 is the button
Seat 1: Apostol108 ($2 in chips) 
Seat 2: dezname ($2.14 in chips) 
Seat 3: McBitter31 ($4.53 in chips) 
Seat 4: SrO157 ($0.30 in chips) 
Seat 5: Dorex2007 ($2.10 in chips) 
Seat 6: deileon ($2.39 in chips) 
Seat 7: McRuss ($2.63 in chips) 
Seat 8: inta4md ($1.98 in chips) 
Seat 9: Johnny10170 ($2.19 in chips) 
McBitter31: posts small blind $0.01
SrO157: posts big blind $0.02
*** HOLE CARDS ***
Dealt to Dorex2007 [Ts Ac]
Dorex2007: folds 
deileon: folds 
McRuss: folds 
inta4md: folds 
Johnny10170: raises $0.02 to $0.04
Apostol108: folds 
dezname: folds 
McBitter31: folds 
SrO157: calls $0.02
*** FLOP *** [Jc 9h 5d]
SrO157: checks 
Johnny10170: checks 
*** TURN *** [Jc 9h 5d] [7h]
SrO157: bets $0.04
Johnny10170: calls $0.04
*** RIVER *** [Jc 9h 5d 7h] [Ah]
SrO157: checks 
Johnny10170: checks 
*** SHOW DOWN ***
SrO157: shows [Jh 3s] (a pair of Jacks)
Johnny10170: mucks hand 
SrO157 collected $0.16 from pot
*** SUMMARY ***
Total pot $0.17 | Rake $0.01 
Board [Jc 9h 5d 7h Ah]
Seat 1: Apostol108 folded before Flop (didn't bet)
Seat 2: dezname (button) folded before Flop (didn't bet)
Seat 3: McBitter31 (small blind) folded before Flop
Seat 4: SrO157 (big blind) showed [Jh 3s] and won ($0.16) with a pair of Jacks
Seat 5: Dorex2007 folded before Flop (didn't bet)
Seat 6: deileon folded before Flop (didn't bet)
Seat 7: McRuss folded before Flop (didn't bet)
Seat 8: inta4md folded before Flop (didn't bet)
Seat 9: Johnny10170 mucked [Qd Kd]



PokerStars Hand #228325919171:  Hold'em No Limit ($0.01/$0.02 USD) - 2021/07/16 0:53:19 PT [2021/07/16 3:53:19 ET]
Table 'Ausonia' 9-max Seat #3 is the button
Seat 1: Apostol108 ($2 in chips) 
Seat 2: dezname ($2.14 in chips) 
Seat 3: McBitter31 ($4.52 in chips) 
Seat 4: SrO157 ($0.38 in chips) 
Seat 5: Dorex2007 ($2.10 in chips) 
Seat 6: deileon ($2.39 in chips) 
Seat 7: McRuss ($2.63 in chips) 
Seat 8: inta4md ($1.98 in chips) 
Seat 9: Johnny10170 ($2.11 in chips) 
SrO157: posts small blind $0.01
Dorex2007: posts big blind $0.02
*** HOLE CARDS ***
Dealt to Dorex2007 [4c 2s]
deileon: folds 
McRuss: raises $0.04 to $0.06
inta4md: folds 
Johnny10170: folds 
Apostol108: folds 
dezname: calls $0.06
McBitter31: folds 
SrO157: raises $0.32 to $0.38 and is all-in
Dorex2007: folds 
McRuss: folds 
dezname: folds 
Uncalled bet ($0.32) returned to SrO157
SrO157 collected $0.20 from pot
SrO157: doesn't show hand 
*** SUMMARY ***
Total pot $0.20 | Rake $0 
Seat 1: Apostol108 folded before Flop (didn't bet)
Seat 2: dezname folded before Flop
Seat 3: McBitter31 (button) folded before Flop (didn't bet)
Seat 4: SrO157 (small blind) collected ($0.20)
Seat 5: Dorex2007 (big blind) folded before Flop
Seat 6: deileon folded before Flop (didn't bet)
Seat 7: McRuss folded before Flop
Seat 8: inta4md folded before Flop (didn't bet)
Seat 9: Johnny10170 folded before Flop (didn't bet)



PokerStars Hand #228325924654:  Hold'em No Limit ($0.01/$0.02 USD) - 2021/07/16 0:53:54 PT [2021/07/16 3:53:54 ET]
Table 'Ausonia' 9-max Seat #4 is the button
Seat 1: Apostol108 ($2 in chips) 
Seat 2: dezname ($2.08 in chips) 
Seat 3: McBitter31 ($4.52 in chips) 
Seat 4: SrO157 ($0.52 in chips) 
Seat 5: Dorex2007 ($2.08 in chips) 
Seat 6: deileon ($2.39 in chips) 
Seat 7: McRuss ($2.57 in chips) 
Seat 8: inta4md ($1.98 in chips) 
Seat 9: Johnny10170 ($2.11 in chips) 
Dorex2007: posts small blind $0.01
deileon: posts big blind $0.02
*** HOLE CARDS ***
Dealt to Dorex2007 [4c 5h]
McRuss: folds 
inta4md: folds 
Johnny10170: folds 
Apostol108: folds 
dezname: folds 
McBitter31: folds 
SrO157: folds 
Dorex2007: folds 
Uncalled bet ($0.01) returned to deileon
deileon collected $0.02 from pot
deileon: doesn't show hand 
*** SUMMARY ***
Total pot $0.02 | Rake $0 
Seat 1: Apostol108 folded before Flop (didn't bet)
Seat 2: dezname folded before Flop (didn't bet)
Seat 3: McBitter31 folded before Flop (didn't bet)
Seat 4: SrO157 (button) folded before Flop (didn't bet)
Seat 5: Dorex2007 (small blind) folded before Flop
Seat 6: deileon (big blind) collected ($0.02)
Seat 7: McRuss folded before Flop (didn't bet)
Seat 8: inta4md folded before Flop (didn't bet)
Seat 9: Johnny10170 folded before Flop (didn't bet)



PokerStars Hand #228325926495:  Hold'em No Limit ($0.01/$0.02 USD) - 2021/07/16 0:54:06 PT [2021/07/16 3:54:06 ET]
Table 'Ausonia' 9-max Seat #5 is the button
Seat 1: Apostol108 ($2 in chips) 
Seat 2: dezname ($2.08 in chips) 
Seat 3: McBitter31 ($4.52 in chips) 
Seat 4: SrO157 ($0.52 in chips) 
Seat 5: Dorex2007 ($2.07 in chips) 
Seat 6: deileon ($2.40 in chips) 
Seat 7: McRuss ($2.57 in chips) 
Seat 8: inta4md ($1.98 in chips) 
Seat 9: Johnny10170 ($2.11 in chips) 
deileon: posts small blind $0.01
McRuss: posts big blind $0.02
*** HOLE CARDS ***
Dealt to Dorex2007 [Js Th]
inta4md: folds 
Johnny10170: folds 
Apostol108: folds 
dezname: folds 
McBitter31: raises $0.05 to $0.07
SrO157: calls $0.07
Dorex2007: folds 
deileon: folds 
McRuss: folds 
*** FLOP *** [Ks 7s 3c]
McBitter31: bets $0.10
SrO157: folds 
Uncalled bet ($0.10) returned to McBitter31
McBitter31 collected $0.16 from pot
McBitter31: doesn't show hand 
*** SUMMARY ***
Total pot $0.17 | Rake $0.01 
Board [Ks 7s 3c]
Seat 1: Apostol108 folded before Flop (didn't bet)
Seat 2: dezname folded before Flop (didn't bet)
Seat 3: McBitter31 collected ($0.16)
Seat 4: SrO157 folded on the Flop
Seat 5: Dorex2007 (button) folded before Flop (didn't bet)
Seat 6: deileon (small blind) folded before Flop
Seat 7: McRuss (big blind) folded before Flop
Seat 8: inta4md folded before Flop (didn't bet)
Seat 9: Johnny10170 folded before Flop (didn't bet)



PokerStars Hand #228325931660:  Hold'em No Limit ($0.01/$0.02 USD) - 2021/07/16 0:54:40 PT [2021/07/16 3:54:40 ET]
Table 'Ausonia' 9-max Seat #6 is the button
Seat 1: Apostol108 ($2 in chips) 
Seat 2: dezname ($2.08 in chips) 
Seat 3: McBitter31 ($4.61 in chips) 
Seat 4: SrO157 ($0.45 in chips) 
Seat 5: Dorex2007 ($2.07 in chips) 
Seat 6: deileon ($2.39 in chips) 
Seat 7: McRuss ($2.55 in chips) 
Seat 8: inta4md ($1.98 in chips) 
Seat 9: Johnny10170 ($2.11 in chips) 
McRuss: posts small blind $0.01
inta4md: posts big blind $0.02
*** HOLE CARDS ***
Dealt to Dorex2007 [Ts 9s]
Johnny10170: folds 
Apostol108: folds 
dezname: folds 
McBitter31: folds 
SrO157: raises $0.04 to $0.06
Dorex2007: folds 
deileon: folds 
McRuss: folds 
inta4md: calls $0.04
*** FLOP *** [8s 3s Qd]
inta4md: bets $0.07
SrO157: calls $0.07
*** TURN *** [8s 3s Qd] [4c]
inta4md: bets $0.26
SrO157: raises $0.06 to $0.32 and is all-in
inta4md: calls $0.06
*** RIVER *** [8s 3s Qd 4c] [Tc]
*** SHOW DOWN ***
inta4md: shows [Qh Kd] (a pair of Queens)
SrO157: shows [As 8h] (a pair of Eights)
inta4md collected $0.88 from pot
*** SUMMARY ***
Total pot $0.91 | Rake $0.03 
Board [8s 3s Qd 4c Tc]
Seat 1: Apostol108 folded before Flop (didn't bet)
Seat 2: dezname folded before Flop (didn't bet)
Seat 3: McBitter31 folded before Flop (didn't bet)
Seat 4: SrO157 showed [As 8h] and lost with a pair of Eights
Seat 5: Dorex2007 folded before Flop (didn't bet)
Seat 6: deileon (button) folded before Flop (didn't bet)
Seat 7: McRuss (small blind) folded before Flop
Seat 8: inta4md (big blind) showed [Qh Kd] and won ($0.88) with a pair of Queens
Seat 9: Johnny10170 folded before Flop (didn't bet)



PokerStars Hand #228325938547:  Hold'em No Limit ($0.01/$0.02 USD) - 2021/07/16 0:55:30 PT [2021/07/16 3:55:30 ET]
Table 'Ausonia' 9-max Seat #7 is the button
Seat 1: Apostol108 ($2 in chips) 
Seat 2: dezname ($2.08 in chips) 
Seat 3: McBitter31 ($4.61 in chips) 
Seat 5: Dorex2007 ($2.07 in chips) 
Seat 6: deileon ($2.39 in chips) 
Seat 7: McRuss ($2.54 in chips) 
Seat 8: inta4md ($2.41 in chips) 
Seat 9: Johnny10170 ($2.11 in chips) 
inta4md: posts small blind $0.01
Johnny10170: posts big blind $0.02
*** HOLE CARDS ***
Dealt to Dorex2007 [7d 2s]
McBitter31 is disconnected 
Apostol108: folds 
dezname: folds 
McBitter31 has timed out while disconnected
McBitter31: folds 
Dorex2007: folds 
SrO157 leaves the table
deileon: folds 
TrancaRua2021 joins the table at seat #4 
McRuss: calls $0.02
inta4md: calls $0.01
Johnny10170: checks 
*** FLOP *** [3c 2c 8s]
inta4md: checks 
Johnny10170: checks 
McRuss: checks 
*** TURN *** [3c 2c 8s] [Td]
inta4md: bets $0.04
Johnny10170: folds 
McRuss: folds 
Uncalled bet ($0.04) returned to inta4md
inta4md collected $0.06 from pot
inta4md: doesn't show hand 
*** SUMMARY ***
Total pot $0.06 | Rake $0 
Board [3c 2c 8s Td]
Seat 1: Apostol108 folded before Flop (didn't bet)
Seat 2: dezname folded before Flop (didn't bet)
Seat 3: McBitter31 folded before Flop (didn't bet)
Seat 5: Dorex2007 folded before Flop (didn't bet)
Seat 6: deileon folded before Flop (didn't bet)
Seat 7: McRuss (button) folded on the Turn
Seat 8: inta4md (small blind) collected ($0.06)
Seat 9: Johnny10170 (big blind) folded on the Turn



PokerStars Hand #228325947327:  Hold'em No Limit ($0.01/$0.02 USD) - 2021/07/16 0:56:36 PT [2021/07/16 3:56:36 ET]
Table 'Ausonia' 9-max Seat #8 is the button
Seat 2: dezname ($2.08 in chips) 
Seat 3: McBitter31 ($4.61 in chips) 
Seat 4: TrancaRua2021 ($2 in chips) 
Seat 5: Dorex2007 ($2.07 in chips) 
Seat 6: deileon ($2.39 in chips) 
Seat 7: McRuss ($2.52 in chips) 
Seat 8: inta4md ($2.45 in chips) 
Seat 9: Johnny10170 ($2.09 in chips) 
Johnny10170: posts small blind $0.01
Apostol108: is sitting out 
dezname: posts big blind $0.02
TrancaRua2021: posts big blind $0.02
*** HOLE CARDS ***
Dealt to Dorex2007 [8c 5c]
McBitter31: folds 
TrancaRua2021: checks 
Dorex2007: folds 
deileon: folds 
McRuss: calls $0.02
inta4md: folds 
Johnny10170: calls $0.01
McBitter31 is disconnected 
dezname: raises $0.10 to $0.12
TrancaRua2021: folds 
McRuss: folds 
Johnny10170: folds 
Uncalled bet ($0.10) returned to dezname
dezname collected $0.08 from pot
dezname: doesn't show hand 
*** SUMMARY ***
Total pot $0.08 | Rake $0 
Seat 2: dezname (big blind) collected ($0.08)
Seat 3: McBitter31 folded before Flop (didn't bet)
Seat 4: TrancaRua2021 folded before Flop (didn't bet)
Seat 5: Dorex2007 folded before Flop (didn't bet)
Seat 6: deileon folded before Flop (didn't bet)
Seat 7: McRuss folded before Flop
Seat 8: inta4md (button) folded before Flop (didn't bet)
Seat 9: Johnny10170 (small blind) folded before Flop



PokerStars Hand #228325951161:  Hold'em No Limit ($0.01/$0.02 USD) - 2021/07/16 0:57:05 PT [2021/07/16 3:57:05 ET]
Table 'Ausonia' 9-max Seat #9 is the button
Seat 2: dezname ($2.14 in chips) 
Seat 4: TrancaRua2021 ($2 in chips) 
Seat 5: Dorex2007 ($2.07 in chips) 
Seat 6: deileon ($2.39 in chips) 
Seat 7: McRuss ($2.50 in chips) 
Seat 9: Johnny10170 ($2.07 in chips) 
dezname: posts small blind $0.01
inta4md leaves the table
McBitter31 has timed out while disconnected
McBitter31: is sitting out 
TrancaRua2021: posts big blind $0.02
*** HOLE CARDS ***
Dealt to Dorex2007 [Td 8d]
Dorex2007: calls $0.02
deileon: folds 
keijooh joins the table at seat #8 
McRuss: folds 
Johnny10170: folds 
dezname: folds 
TrancaRua2021: checks 
*** FLOP *** [9h 2h 9d]
TrancaRua2021: checks 
Dorex2007: checks 
*** TURN *** [9h 2h 9d] [Ts]
TrancaRua2021: checks 
Dorex2007: checks 
*** RIVER *** [9h 2h 9d Ts] [Qd]
TrancaRua2021: checks 
Dorex2007: checks 
*** SHOW DOWN ***
TrancaRua2021: shows [6s Js] (a pair of Nines)
Dorex2007: shows [Td 8d] (two pair, Tens and Nines)
Dorex2007 collected $0.05 from pot
*** SUMMARY ***
Total pot $0.05 | Rake $0 
Board [9h 2h 9d Ts Qd]
Seat 2: dezname (small blind) folded before Flop
Seat 4: TrancaRua2021 (big blind) showed [6s Js] and lost with a pair of Nines
Seat 5: Dorex2007 showed [Td 8d] and won ($0.05) with two pair, Tens and Nines
Seat 6: deileon folded before Flop (didn't bet)
Seat 7: McRuss folded before Flop (didn't bet)
Seat 9: Johnny10170 (button) folded before Flop (didn't bet)



PokerStars Hand #228325959500:  Hold'em No Limit ($0.01/$0.02 USD) - 2021/07/16 0:58:10 PT [2021/07/16 3:58:10 ET]
Table 'Ausonia' 9-max Seat #2 is the button
Seat 2: dezname ($2.13 in chips) 
Seat 4: TrancaRua2021 ($2 in chips) 
Seat 5: Dorex2007 ($2.10 in chips) 
Seat 6: deileon ($2.39 in chips) 
Seat 7: McRuss ($2.50 in chips) 
Seat 8: keijooh ($1.32 in chips) 
Seat 9: Johnny10170 ($2.07 in chips) 
TrancaRua2021: posts small blind $0.01
Dorex2007: posts big blind $0.02
keijooh: posts big blind $0.02
*** HOLE CARDS ***
Dealt to Dorex2007 [7d Td]
deileon: folds 
McRuss: folds 
keijooh has timed out
keijooh: checks 
Johnny10170: folds 
dezname: folds 
TrancaRua2021: folds 
Dorex2007: checks 
*** FLOP *** [Ts Ac 7c]
Dorex2007: bets $0.05
keijooh has timed out
keijooh: folds 
Uncalled bet ($0.05) returned to Dorex2007
Dorex2007 collected $0.05 from pot
Dorex2007: doesn't show hand 
*** SUMMARY ***
Total pot $0.05 | Rake $0 
Board [Ts Ac 7c]
Seat 2: dezname (button) folded before Flop (didn't bet)
Seat 4: TrancaRua2021 (small blind) folded before Flop
Seat 5: Dorex2007 (big blind) collected ($0.05)
Seat 6: deileon folded before Flop (didn't bet)
Seat 7: McRuss folded before Flop (didn't bet)
Seat 8: keijooh folded on the Flop (didn't bet)
Seat 9: Johnny10170 folded before Flop (didn't bet)



PokerStars Hand #228325970060:  Hold'em No Limit ($0.01/$0.02 USD) - 2021/07/16 0:59:31 PT [2021/07/16 3:59:31 ET]
Table 'Ausonia' 9-max Seat #4 is the button
Seat 2: dezname ($2.13 in chips) 
Seat 3: McBitter31 ($4.61 in chips) 
Seat 4: TrancaRua2021 ($2 in chips) 
Seat 5: Dorex2007 ($2.13 in chips) 
Seat 6: deileon ($2.39 in chips) 
Seat 7: McRuss ($2.50 in chips) 
Seat 9: Johnny10170 ($2.07 in chips) 
Dorex2007: posts small blind $0.01
deileon: posts big blind $0.02
McBitter31: posts small & big blinds $0.03
*** HOLE CARDS ***
Dealt to Dorex2007 [3h 5c]
McRuss: folds 
Johnny10170: folds 
dezname: folds 
McBitter31: raises $0.06 to $0.08
TrancaRua2021: calls $0.08
Dorex2007: folds 
deileon: calls $0.06
*** FLOP *** [Qs 3c Ac]
deileon: checks 
McBitter31: checks 
TrancaRua2021: bets $0.13
deileon: folds 
McBitter31: folds 
Uncalled bet ($0.13) returned to TrancaRua2021
TrancaRua2021 collected $0.25 from pot
TrancaRua2021: doesn't show hand 
*** SUMMARY ***
Total pot $0.26 | Rake $0.01 
Board [Qs 3c Ac]
Seat 2: dezname folded before Flop (didn't bet)
Seat 3: McBitter31 folded on the Flop
Seat 4: TrancaRua2021 (button) collected ($0.25)
Seat 5: Dorex2007 (small blind) folded before Flop
Seat 6: deileon (big blind) folded on the Flop
Seat 7: McRuss folded before Flop (didn't bet)
Seat 9: Johnny10170 folded before Flop (didn't bet)



PokerStars Hand #228325976810:  Hold'em No Limit ($0.01/$0.02 USD) - 2021/07/16 1:00:23 PT [2021/07/16 4:00:23 ET]
Table 'Ausonia' 9-max Seat #5 is the button
Seat 2: dezname ($2.13 in chips) 
Seat 3: McBitter31 ($4.52 in chips) 
Seat 4: TrancaRua2021 ($2.17 in chips) 
Seat 5: Dorex2007 ($2.12 in chips) 
Seat 6: deileon ($2.31 in chips) 
Seat 7: McRuss ($2.50 in chips) 
Seat 8: keijooh ($1.30 in chips) 
Seat 9: Johnny10170 ($2.07 in chips) 
deileon: posts small blind $0.01
McRuss: posts big blind $0.02
*** HOLE CARDS ***
Dealt to Dorex2007 [3h 7c]
keijooh: calls $0.02
Johnny10170: folds 
dezname: folds 
McBitter31: folds 
TrancaRua2021: folds 
Dorex2007: folds 
deileon: folds 
McRuss: checks 
*** FLOP *** [Ad 5c 2h]
McRuss: checks 
keijooh: checks 
*** TURN *** [Ad 5c 2h] [Qh]
McRuss: checks 
keijooh: bets $0.04
McRuss: folds 
Uncalled bet ($0.04) returned to keijooh
keijooh collected $0.05 from pot
keijooh: doesn't show hand 
*** SUMMARY ***
Total pot $0.05 | Rake $0 
Board [Ad 5c 2h Qh]
Seat 2: dezname folded before Flop (didn't bet)
Seat 3: McBitter31 folded before Flop (didn't bet)
Seat 4: TrancaRua2021 folded before Flop (didn't bet)
Seat 5: Dorex2007 (button) folded before Flop (didn't bet)
Seat 6: deileon (small blind) folded before Flop
Seat 7: McRuss (big blind) folded on the Turn
Seat 8: keijooh collected ($0.05)
Seat 9: Johnny10170 folded before Flop (didn't bet)



PokerStars Hand #228325981217:  Hold'em No Limit ($0.01/$0.02 USD) - 2021/07/16 1:00:54 PT [2021/07/16 4:00:54 ET]
Table 'Ausonia' 9-max Seat #6 is the button
Seat 2: dezname ($2.13 in chips) 
Seat 3: McBitter31 ($4.52 in chips) 
Seat 4: TrancaRua2021 ($2.17 in chips) 
Seat 5: Dorex2007 ($2.12 in chips) 
Seat 6: deileon ($2.30 in chips) 
Seat 7: McRuss ($2.48 in chips) 
Seat 8: keijooh ($1.33 in chips) 
Seat 9: Johnny10170 ($2.07 in chips) 
McRuss: posts small blind $0.01
keijooh: posts big blind $0.02
*** HOLE CARDS ***
Dealt to Dorex2007 [Qd 8c]
Johnny10170: folds 
dezname: folds 
McBitter31: folds 
TrancaRua2021: raises $0.03 to $0.05
Dorex2007: folds 
deileon: folds 
McRuss: folds 
keijooh: calls $0.03
*** FLOP *** [Ah 3h 7s]
keijooh: bets $0.08
TrancaRua2021: calls $0.08
*** TURN *** [Ah 3h 7s] [2s]
keijooh: bets $0.16
TrancaRua2021: calls $0.16
*** RIVER *** [Ah 3h 7s 2s] [9s]
keijooh: checks 
TrancaRua2021: checks 
*** SHOW DOWN ***
keijooh: shows [Qh 8h] (high card Ace)
TrancaRua2021: shows [6d Ac] (a pair of Aces)
TrancaRua2021 collected $0.57 from pot
*** SUMMARY ***
Total pot $0.59 | Rake $0.02 
Board [Ah 3h 7s 2s 9s]
Seat 2: dezname folded before Flop (didn't bet)
Seat 3: McBitter31 folded before Flop (didn't bet)
Seat 4: TrancaRua2021 showed [6d Ac] and won ($0.57) with a pair of Aces
Seat 5: Dorex2007 folded before Flop (didn't bet)
Seat 6: deileon (button) folded before Flop (didn't bet)
Seat 7: McRuss (small blind) folded before Flop
Seat 8: keijooh (big blind) showed [Qh 8h] and lost with high card Ace
Seat 9: Johnny10170 folded before Flop (didn't bet)



PokerStars Hand #228325988771:  Hold'em No Limit ($0.01/$0.02 USD) - 2021/07/16 1:01:46 PT [2021/07/16 4:01:46 ET]
Table 'Ausonia' 9-max Seat #7 is the button
Seat 2: dezname ($2.13 in chips) 
Seat 3: McBitter31 ($4.52 in chips) 
Seat 4: TrancaRua2021 ($2.45 in chips) 
Seat 5: Dorex2007 ($2.12 in chips) 
Seat 6: deileon ($2.30 in chips) 
Seat 7: McRuss ($2.47 in chips) 
Seat 8: keijooh ($1.04 in chips) 
Seat 9: Johnny10170 ($2.07 in chips) 
keijooh: posts small blind $0.01
Johnny10170: posts big blind $0.02
*** HOLE CARDS ***
Dealt to Dorex2007 [3s 6h]
dezname: folds 
McBitter31: folds 
TrancaRua2021: folds 
Dorex2007: folds 
deileon: calls $0.02
McRuss: calls $0.02
keijooh: calls $0.01
Johnny10170: checks 
*** FLOP *** [8d 7d 4h]
keijooh: checks 
Johnny10170: bets $0.02
deileon: calls $0.02
McRuss: calls $0.02
keijooh: calls $0.02
*** TURN *** [8d 7d 4h] [2d]
keijooh: checks 
Johnny10170: bets $0.04
deileon: folds 
McRuss: calls $0.04
keijooh: calls $0.04
*** RIVER *** [8d 7d 4h 2d] [6c]
keijooh: checks 
Johnny10170: bets $0.08
McRuss: folds 
keijooh: folds 
Uncalled bet ($0.08) returned to Johnny10170
Johnny10170 collected $0.27 from pot
Johnny10170: doesn't show hand 
*** SUMMARY ***
Total pot $0.28 | Rake $0.01 
Board [8d 7d 4h 2d 6c]
Seat 2: dezname folded before Flop (didn't bet)
Seat 3: McBitter31 folded before Flop (didn't bet)
Seat 4: TrancaRua2021 folded before Flop (didn't bet)
Seat 5: Dorex2007 folded before Flop (didn't bet)
Seat 6: deileon folded on the Turn
Seat 7: McRuss (button) folded on the River
Seat 8: keijooh (small blind) folded on the River
Seat 9: Johnny10170 (big blind) collected ($0.27)



PokerStars Hand #228326000599:  Hold'em No Limit ($0.01/$0.02 USD) - 2021/07/16 1:03:06 PT [2021/07/16 4:03:06 ET]
Table 'Ausonia' 9-max Seat #8 is the button
Seat 2: dezname ($2.13 in chips) 
Seat 3: McBitter31 ($4.52 in chips) 
Seat 4: TrancaRua2021 ($2.45 in chips) 
Seat 5: Dorex2007 ($2.12 in chips) 
Seat 6: deileon ($2.26 in chips) 
Seat 7: McRuss ($2.39 in chips) 
Seat 8: keijooh ($0.96 in chips) 
Seat 9: Johnny10170 ($2.26 in chips) 
Johnny10170: posts small blind $0.01
dezname: posts big blind $0.02
*** HOLE CARDS ***
Dealt to Dorex2007 [Tc Qh]
McBitter31 has timed out
McBitter31: folds 
TrancaRua2021: folds 
Dorex2007: folds 
deileon: folds 
McRuss: folds 
keijooh: calls $0.02
Johnny10170: calls $0.01
dezname: checks 
*** FLOP *** [8c 3c 2d]
Johnny10170: checks 
dezname: checks 
keijooh: checks 
*** TURN *** [8c 3c 2d] [Jc]
Johnny10170: checks 
dezname: checks 
keijooh: checks 
*** RIVER *** [8c 3c 2d Jc] [3s]
Johnny10170: checks 
dezname: checks 
keijooh: checks 
*** SHOW DOWN ***
Johnny10170: shows [6s 5s] (a pair of Threes)
dezname: shows [4s 9d] (a pair of Threes - Jack+Nine kicker)
keijooh: shows [7c Ad] (a pair of Threes - Ace kicker)
keijooh collected $0.06 from pot
*** SUMMARY ***
Total pot $0.06 | Rake $0 
Board [8c 3c 2d Jc 3s]
Seat 2: dezname (big blind) showed [4s 9d] and lost with a pair of Threes
Seat 3: McBitter31 folded before Flop (didn't bet)
Seat 4: TrancaRua2021 folded before Flop (didn't bet)
Seat 5: Dorex2007 folded before Flop (didn't bet)
Seat 6: deileon folded before Flop (didn't bet)
Seat 7: McRuss folded before Flop (didn't bet)
Seat 8: keijooh (button) showed [7c Ad] and won ($0.06) with a pair of Threes
Seat 9: Johnny10170 (small blind) showed [6s 5s] and lost with a pair of Threes



PokerStars Hand #228326006914:  Hold'em No Limit ($0.01/$0.02 USD) - 2021/07/16 1:03:48 PT [2021/07/16 4:03:48 ET]
Table 'Ausonia' 9-max Seat #9 is the button
Seat 2: dezname ($2.11 in chips) 
Seat 3: McBitter31 ($4.52 in chips) 
Seat 4: TrancaRua2021 ($2.45 in chips) 
Seat 5: Dorex2007 ($2.12 in chips) 
Seat 6: deileon ($2.26 in chips) 
Seat 7: McRuss ($2.39 in chips) 
Seat 8: keijooh ($1 in chips) 
Seat 9: Johnny10170 ($2.24 in chips) 
dezname: posts small blind $0.01
McBitter31: posts big blind $0.02
*** HOLE CARDS ***
Dealt to Dorex2007 [Qd Ad]
TrancaRua2021: folds 
Dorex2007: raises $0.02 to $0.04
deileon: folds 
McRuss: folds 
keijooh: calls $0.04
Johnny10170: folds 
dezname: raises $0.22 to $0.26
McBitter31: folds 
Dorex2007: folds 
keijooh: folds 
Uncalled bet ($0.22) returned to dezname
dezname collected $0.14 from pot
dezname: doesn't show hand 
*** SUMMARY ***
Total pot $0.14 | Rake $0 
Seat 2: dezname (small blind) collected ($0.14)
Seat 3: McBitter31 (big blind) folded before Flop
Seat 4: TrancaRua2021 folded before Flop (didn't bet)
Seat 5: Dorex2007 folded before Flop
Seat 6: deileon folded before Flop (didn't bet)
Seat 7: McRuss folded before Flop (didn't bet)
Seat 8: keijooh folded before Flop
Seat 9: Johnny10170 (button) folded before Flop (didn't bet)



PokerStars Hand #228326012755:  Hold'em No Limit ($0.01/$0.02 USD) - 2021/07/16 1:04:27 PT [2021/07/16 4:04:27 ET]
Table 'Ausonia' 9-max Seat #2 is the button
Seat 2: dezname ($2.21 in chips) 
Seat 3: McBitter31 ($4.50 in chips) 
Seat 4: TrancaRua2021 ($2.45 in chips) 
Seat 5: Dorex2007 ($2.08 in chips) 
Seat 6: deileon ($2.26 in chips) 
Seat 7: McRuss ($2.39 in chips) 
Seat 8: keijooh ($0.96 in chips) 
Seat 9: Johnny10170 ($2.24 in chips) 
McBitter31: posts small blind $0.01
TrancaRua2021: posts big blind $0.02
*** HOLE CARDS ***
Dealt to Dorex2007 [As Jh]
Dorex2007: folds 
deileon: folds 
McRuss: folds 
keijooh: folds 
Johnny10170: folds 
dezname: folds 
McBitter31: folds 
Uncalled bet ($0.01) returned to TrancaRua2021
TrancaRua2021 collected $0.02 from pot
TrancaRua2021: doesn't show hand 
*** SUMMARY ***
Total pot $0.02 | Rake $0 
Seat 2: dezname (button) folded before Flop (didn't bet)
Seat 3: McBitter31 (small blind) folded before Flop
Seat 4: TrancaRua2021 (big blind) collected ($0.02)
Seat 5: Dorex2007 folded before Flop (didn't bet)
Seat 6: deileon folded before Flop (didn't bet)
Seat 7: McRuss folded before Flop (didn't bet)
Seat 8: keijooh folded before Flop (didn't bet)
Seat 9: Johnny10170 folded before Flop (didn't bet)



PokerStars Hand #228326015817:  Hold'em No Limit ($0.01/$0.02 USD) - 2021/07/16 1:04:47 PT [2021/07/16 4:04:47 ET]
Table 'Ausonia' 9-max Seat #3 is the button
Seat 2: dezname ($2.21 in chips) 
Seat 3: McBitter31 ($4.49 in chips) 
Seat 4: TrancaRua2021 ($2.46 in chips) 
Seat 5: Dorex2007 ($2.08 in chips) 
Seat 6: deileon ($2.26 in chips) 
Seat 7: McRuss ($2.39 in chips) 
Seat 8: keijooh ($0.96 in chips) 
Seat 9: Johnny10170 ($2.24 in chips) 
TrancaRua2021: posts small blind $0.01
Dorex2007: posts big blind $0.02
*** HOLE CARDS ***
Dealt to Dorex2007 [2d 5d]
deileon: folds 
McRuss: folds 
keijooh: calls $0.02
Johnny10170: folds 
dezname: folds 
McBitter31: folds 
TrancaRua2021: calls $0.01
Dorex2007: checks 
*** FLOP *** [5h 4s Qs]
TrancaRua2021: checks 
Dorex2007: checks 
keijooh: checks 
*** TURN *** [5h 4s Qs] [Ts]
TrancaRua2021: bets $0.03
Dorex2007: folds 
keijooh: folds 
Uncalled bet ($0.03) returned to TrancaRua2021
TrancaRua2021 collected $0.06 from pot
TrancaRua2021: doesn't show hand 
*** SUMMARY ***
Total pot $0.06 | Rake $0 
Board [5h 4s Qs Ts]
Seat 2: dezname folded before Flop (didn't bet)
Seat 3: McBitter31 (button) folded before Flop (didn't bet)
Seat 4: TrancaRua2021 (small blind) collected ($0.06)
Seat 5: Dorex2007 (big blind) folded on the Turn
Seat 6: deileon folded before Flop (didn't bet)
Seat 7: McRuss folded before Flop (didn't bet)
Seat 8: keijooh folded on the Turn
Seat 9: Johnny10170 folded before Flop (didn't bet)



PokerStars Hand #228326021282:  Hold'em No Limit ($0.01/$0.02 USD) - 2021/07/16 1:05:24 PT [2021/07/16 4:05:24 ET]
Table 'Ausonia' 9-max Seat #4 is the button
Seat 2: dezname ($2.21 in chips) 
Seat 3: McBitter31 ($4.49 in chips) 
Seat 4: TrancaRua2021 ($2.50 in chips) 
Seat 5: Dorex2007 ($2.06 in chips) 
Seat 6: deileon ($2.26 in chips) 
Seat 7: McRuss ($2.39 in chips) 
Seat 8: keijooh ($0.94 in chips) 
Seat 9: Johnny10170 ($2.24 in chips) 
Dorex2007: posts small blind $0.01
deileon: posts big blind $0.02
*** HOLE CARDS ***
Dealt to Dorex2007 [Js Td]
McRuss: folds 
keijooh: folds 
Johnny10170: raises $0.04 to $0.06
dezname: folds 
McBitter31: folds 
TrancaRua2021: calls $0.06
Dorex2007: folds 
deileon: folds 
*** FLOP *** [5s Qc 8h]
Johnny10170: checks 
TrancaRua2021: checks 
*** TURN *** [5s Qc 8h] [9d]
Johnny10170: checks 
TrancaRua2021: checks 
*** RIVER *** [5s Qc 8h 9d] [9h]
Johnny10170: checks 
TrancaRua2021: checks 
*** SHOW DOWN ***
Johnny10170: shows [Ad Kc] (a pair of Nines)
TrancaRua2021: mucks hand 
Johnny10170 collected $0.14 from pot
*** SUMMARY ***
Total pot $0.15 | Rake $0.01 
Board [5s Qc 8h 9d 9h]
Seat 2: dezname folded before Flop (didn't bet)
Seat 3: McBitter31 folded before Flop (didn't bet)
Seat 4: TrancaRua2021 (button) mucked [2c 6c]
Seat 5: Dorex2007 (small blind) folded before Flop
Seat 6: deileon (big blind) folded before Flop
Seat 7: McRuss folded before Flop (didn't bet)
Seat 8: keijooh folded before Flop (didn't bet)
Seat 9: Johnny10170 showed [Ad Kc] and won ($0.14) with a pair of Nines



PokerStars Hand #228326028030:  Hold'em No Limit ($0.01/$0.02 USD) - 2021/07/16 1:06:08 PT [2021/07/16 4:06:08 ET]
Table 'Ausonia' 9-max Seat #5 is the button
Seat 2: dezname ($2.21 in chips) 
Seat 3: McBitter31 ($4.49 in chips) 
Seat 4: TrancaRua2021 ($2.44 in chips) 
Seat 5: Dorex2007 ($2.05 in chips) 
Seat 6: deileon ($2.24 in chips) 
Seat 7: McRuss ($2.39 in chips) 
Seat 8: keijooh ($0.94 in chips) 
Seat 9: Johnny10170 ($2.32 in chips) 
deileon: posts small blind $0.01
McRuss: posts big blind $0.02
*** HOLE CARDS ***
Dealt to Dorex2007 [4s Ad]
keijooh has timed out
keijooh: folds 
Johnny10170: folds 
dezname: raises $0.04 to $0.06
McBitter31: folds 
TrancaRua2021: calls $0.06
Dorex2007: folds 
deileon: folds 
McRuss: calls $0.04
*** FLOP *** [Ah 7h 2h]
McRuss: checks 
dezname: checks 
TrancaRua2021: bets $0.14
McRuss: calls $0.14
dezname: folds 
*** TURN *** [Ah 7h 2h] [Tc]
McRuss: bets $0.24
TrancaRua2021: calls $0.24
*** RIVER *** [Ah 7h 2h Tc] [Ks]
McRuss: checks 
TrancaRua2021: checks 
*** SHOW DOWN ***
McRuss: shows [Kh Qd] (a pair of Kings)
TrancaRua2021: shows [2c Ac] (two pair, Aces and Deuces)
TrancaRua2021 collected $0.92 from pot
*** SUMMARY ***
Total pot $0.95 | Rake $0.03 
Board [Ah 7h 2h Tc Ks]
Seat 2: dezname folded on the Flop
Seat 3: McBitter31 folded before Flop (didn't bet)
Seat 4: TrancaRua2021 showed [2c Ac] and won ($0.92) with two pair, Aces and Deuces
Seat 5: Dorex2007 (button) folded before Flop (didn't bet)
Seat 6: deileon (small blind) folded before Flop
Seat 7: McRuss (big blind) showed [Kh Qd] and lost with a pair of Kings
Seat 8: keijooh folded before Flop (didn't bet)
Seat 9: Johnny10170 folded before Flop (didn't bet)



PokerStars Hand #228326039246:  Hold'em No Limit ($0.01/$0.02 USD) - 2021/07/16 1:07:21 PT [2021/07/16 4:07:21 ET]
Table 'Ausonia' 9-max Seat #6 is the button
Seat 2: dezname ($2.15 in chips) 
Seat 3: McBitter31 ($4.49 in chips) 
Seat 4: TrancaRua2021 ($2.92 in chips) 
Seat 5: Dorex2007 ($2.05 in chips) 
Seat 6: deileon ($2.23 in chips) 
Seat 7: McRuss ($1.95 in chips) 
Seat 8: keijooh ($0.94 in chips) 
Seat 9: Johnny10170 ($2.32 in chips) 
McRuss: posts small blind $0.01
keijooh: posts big blind $0.02
*** HOLE CARDS ***
Dealt to Dorex2007 [Js 6s]
Johnny10170: folds 
dezname: folds 
McBitter31: folds 
TrancaRua2021: folds 
Dorex2007: folds 
deileon: folds 
McRuss: calls $0.01
keijooh: checks 
*** FLOP *** [7h 6c Qh]
McRuss: checks 
keijooh: checks 
*** TURN *** [7h 6c Qh] [7s]
McRuss: checks 
keijooh: checks 
*** RIVER *** [7h 6c Qh 7s] [Ts]
McRuss: checks 
keijooh: bets $0.04
McRuss: calls $0.04
*** SHOW DOWN ***
keijooh: shows [Th 8h] (two pair, Tens and Sevens)
McRuss: shows [Tc Ks] (two pair, Tens and Sevens - King kicker)
McRuss collected $0.12 from pot
*** SUMMARY ***
Total pot $0.12 | Rake $0 
Board [7h 6c Qh 7s Ts]
Seat 2: dezname folded before Flop (didn't bet)
Seat 3: McBitter31 folded before Flop (didn't bet)
Seat 4: TrancaRua2021 folded before Flop (didn't bet)
Seat 5: Dorex2007 folded before Flop (didn't bet)
Seat 6: deileon (button) folded before Flop (didn't bet)
Seat 7: McRuss (small blind) showed [Tc Ks] and won ($0.12) with two pair, Tens and Sevens
Seat 8: keijooh (big blind) showed [Th 8h] and lost with two pair, Tens and Sevens
Seat 9: Johnny10170 folded before Flop (didn't bet)



PokerStars Hand #228326046737:  Hold'em No Limit ($0.01/$0.02 USD) - 2021/07/16 1:08:09 PT [2021/07/16 4:08:09 ET]
Table 'Ausonia' 9-max Seat #7 is the button
Seat 2: dezname ($2.15 in chips) 
Seat 3: McBitter31 ($4.49 in chips) 
Seat 4: TrancaRua2021 ($2.92 in chips) 
Seat 5: Dorex2007 ($2.05 in chips) 
Seat 6: deileon ($2.23 in chips) 
Seat 7: McRuss ($2.01 in chips) 
Seat 8: keijooh ($0.88 in chips) 
Seat 9: Johnny10170 ($2.32 in chips) 
keijooh: posts small blind $0.01
Johnny10170: posts big blind $0.02
*** HOLE CARDS ***
Dealt to Dorex2007 [3c 6h]
dezname: folds 
McBitter31: raises $0.05 to $0.07
TrancaRua2021: folds 
Dorex2007: folds 
deileon: folds 
McRuss: calls $0.07
keijooh: folds 
Johnny10170: folds 
*** FLOP *** [Kh 8s Kd]
McBitter31: bets $0.10
McRuss: calls $0.10
*** TURN *** [Kh 8s Kd] [4d]
McBitter31: bets $0.18
McRuss: folds 
Uncalled bet ($0.18) returned to McBitter31
McBitter31 collected $0.36 from pot
McBitter31: doesn't show hand 
*** SUMMARY ***
Total pot $0.37 | Rake $0.01 
Board [Kh 8s Kd 4d]
Seat 2: dezname folded before Flop (didn't bet)
Seat 3: McBitter31 collected ($0.36)
Seat 4: TrancaRua2021 folded before Flop (didn't bet)
Seat 5: Dorex2007 folded before Flop (didn't bet)
Seat 6: deileon folded before Flop (didn't bet)
Seat 7: McRuss (button) folded on the Turn
Seat 8: keijooh (small blind) folded before Flop
Seat 9: Johnny10170 (big blind) folded before Flop



PokerStars Hand #228326054612:  Hold'em No Limit ($0.01/$0.02 USD) - 2021/07/16 1:09:00 PT [2021/07/16 4:09:00 ET]
Table 'Ausonia' 9-max Seat #8 is the button
Seat 2: dezname ($2.15 in chips) 
Seat 3: McBitter31 ($4.68 in chips) 
Seat 4: TrancaRua2021 ($2.92 in chips) 
Seat 5: Dorex2007 ($2.05 in chips) 
Seat 6: deileon ($2.23 in chips) 
Seat 7: McRuss ($1.84 in chips) 
Seat 8: keijooh ($0.87 in chips) 
Seat 9: Johnny10170 ($2.30 in chips) 
Johnny10170: posts small blind $0.01
dezname: posts big blind $0.02
*** HOLE CARDS ***
Dealt to Dorex2007 [4h Kh]
McBitter31: folds 
TrancaRua2021: folds 
Dorex2007: folds 
deileon: folds 
McRuss: calls $0.02
keijooh: folds 
Johnny10170: folds 
dezname: checks 
*** FLOP *** [7c Ts 2d]
dezname: bets $0.05
McRuss: calls $0.05
*** TURN *** [7c Ts 2d] [5d]
dezname: checks 
McRuss: checks 
*** RIVER *** [7c Ts 2d 5d] [3d]
dezname: checks 
McRuss: checks 
*** SHOW DOWN ***
dezname: shows [Jh 8d] (high card Jack)
McRuss: mucks hand 
dezname collected $0.14 from pot
*** SUMMARY ***
Total pot $0.15 | Rake $0.01 
Board [7c Ts 2d 5d 3d]
Seat 2: dezname (big blind) showed [Jh 8d] and won ($0.14) with high card Jack
Seat 3: McBitter31 folded before Flop (didn't bet)
Seat 4: TrancaRua2021 folded before Flop (didn't bet)
Seat 5: Dorex2007 folded before Flop (didn't bet)
Seat 6: deileon folded before Flop (didn't bet)
Seat 7: McRuss mucked [8h 9c]
Seat 8: keijooh (button) folded before Flop (didn't bet)
Seat 9: Johnny10170 (small blind) folded before Flop



PokerStars Hand #228326063751:  Hold'em No Limit ($0.01/$0.02 USD) - 2021/07/16 1:10:01 PT [2021/07/16 4:10:01 ET]
Table 'Ausonia' 9-max Seat #9 is the button
Seat 2: dezname ($2.22 in chips) 
Seat 3: McBitter31 ($4.68 in chips) 
Seat 4: TrancaRua2021 ($2.92 in chips) 
Seat 5: Dorex2007 ($2.05 in chips) 
Seat 6: deileon ($2.23 in chips) 
Seat 7: McRuss ($1.77 in chips) 
Seat 8: keijooh ($0.87 in chips) 
Seat 9: Johnny10170 ($2.29 in chips) 
dezname: posts small blind $0.01
McBitter31: posts big blind $0.02
*** HOLE CARDS ***
Dealt to Dorex2007 [Ts 8h]
TrancaRua2021: folds 
Dorex2007: folds 
deileon: folds 
McRuss has timed out
McRuss: folds 
keijooh: folds 
Johnny10170: folds 
dezname: folds 
Uncalled bet ($0.01) returned to McBitter31
McBitter31 collected $0.02 from pot
McBitter31: doesn't show hand 
*** SUMMARY ***
Total pot $0.02 | Rake $0 
Seat 2: dezname (small blind) folded before Flop
Seat 3: McBitter31 (big blind) collected ($0.02)
Seat 4: TrancaRua2021 folded before Flop (didn't bet)
Seat 5: Dorex2007 folded before Flop (didn't bet)
Seat 6: deileon folded before Flop (didn't bet)
Seat 7: McRuss folded before Flop (didn't bet)
Seat 8: keijooh folded before Flop (didn't bet)
Seat 9: Johnny10170 (button) folded before Flop (didn't bet)



PokerStars Hand #228326066952:  Hold'em No Limit ($0.01/$0.02 USD) - 2021/07/16 1:10:22 PT [2021/07/16 4:10:22 ET]
Table 'Ausonia' 9-max Seat #2 is the button
Seat 2: dezname ($2.21 in chips) 
Seat 3: McBitter31 ($4.69 in chips) 
Seat 4: TrancaRua2021 ($2.92 in chips) 
Seat 5: Dorex2007 ($2.05 in chips) 
Seat 6: deileon ($2.23 in chips) 
Seat 7: McRuss ($1.77 in chips) 
Seat 8: keijooh ($0.87 in chips) 
Seat 9: Johnny10170 ($2.29 in chips) 
McBitter31: posts small blind $0.01
TrancaRua2021: posts big blind $0.02
*** HOLE CARDS ***
Dealt to Dorex2007 [Ts 8h]
Dorex2007: folds 
deileon: folds 
McRuss: folds 
keijooh: raises $0.02 to $0.04
Johnny10170: folds 
dezname: raises $0.14 to $0.18
McBitter31: folds 
TrancaRua2021: folds 
keijooh: raises $0.69 to $0.87 and is all-in
dezname: folds 
Uncalled bet ($0.69) returned to keijooh
keijooh collected $0.39 from pot
keijooh: doesn't show hand 
*** SUMMARY ***
Total pot $0.39 | Rake $0 
Seat 2: dezname (button) folded before Flop
Seat 3: McBitter31 (small blind) folded before Flop
Seat 4: TrancaRua2021 (big blind) folded before Flop
Seat 5: Dorex2007 folded before Flop (didn't bet)
Seat 6: deileon folded before Flop (didn't bet)
Seat 7: McRuss folded before Flop (didn't bet)
Seat 8: keijooh collected ($0.39)
Seat 9: Johnny10170 folded before Flop (didn't bet)



PokerStars Hand #228326071927:  Hold'em No Limit ($0.01/$0.02 USD) - 2021/07/16 1:10:54 PT [2021/07/16 4:10:54 ET]
Table 'Ausonia' 9-max Seat #3 is the button
Seat 2: dezname ($2.03 in chips) 
Seat 3: McBitter31 ($4.68 in chips) 
Seat 4: TrancaRua2021 ($2.90 in chips) 
Seat 5: Dorex2007 ($2.05 in chips) 
Seat 6: deileon ($2.23 in chips) 
Seat 7: McRuss ($1.77 in chips) 
Seat 8: keijooh ($1.08 in chips) 
Seat 9: Johnny10170 ($2.29 in chips) 
TrancaRua2021: posts small blind $0.01
Dorex2007: posts big blind $0.02
*** HOLE CARDS ***
Dealt to Dorex2007 [4d 4s]
deileon: folds 
McRuss: folds 
keijooh: folds 
Johnny10170: folds 
dezname: raises $0.04 to $0.06
McBitter31: folds 
TrancaRua2021: folds 
Dorex2007: calls $0.04
*** FLOP *** [3d 3h 5d]
Dorex2007: checks 
dezname: bets $0.09
Dorex2007: raises $0.31 to $0.40
dezname: folds 
Uncalled bet ($0.31) returned to Dorex2007
Dorex2007 collected $0.30 from pot
Dorex2007: doesn't show hand 
*** SUMMARY ***
Total pot $0.31 | Rake $0.01 
Board [3d 3h 5d]
Seat 2: dezname folded on the Flop
Seat 3: McBitter31 (button) folded before Flop (didn't bet)
Seat 4: TrancaRua2021 (small blind) folded before Flop
Seat 5: Dorex2007 (big blind) collected ($0.30)
Seat 6: deileon folded before Flop (didn't bet)
Seat 7: McRuss folded before Flop (didn't bet)
Seat 8: keijooh folded before Flop (didn't bet)
Seat 9: Johnny10170 folded before Flop (didn't bet)



PokerStars Hand #228326077406:  Hold'em No Limit ($0.01/$0.02 USD) - 2021/07/16 1:11:29 PT [2021/07/16 4:11:29 ET]
Table 'Ausonia' 9-max Seat #4 is the button
Seat 2: dezname ($2 in chips) 
Seat 3: McBitter31 ($4.68 in chips) 
Seat 4: TrancaRua2021 ($2.89 in chips) 
Seat 5: Dorex2007 ($2.20 in chips) 
Seat 6: deileon ($2.23 in chips) 
Seat 7: McRuss ($1.77 in chips) 
Seat 8: keijooh ($1.08 in chips) 
Seat 9: Johnny10170 ($2.29 in chips) 
Dorex2007: posts small blind $0.01
deileon: posts big blind $0.02
*** HOLE CARDS ***
Dealt to Dorex2007 [Jc Qs]
McRuss: folds 
keijooh: calls $0.02
Johnny10170: raises $0.04 to $0.06
dezname: folds 
McBitter31: folds 
TrancaRua2021: folds 
Dorex2007: calls $0.05
deileon: folds 
keijooh: calls $0.04
*** FLOP *** [Kd 4d 4c]
Dorex2007: checks 
keijooh: bets $0.10
Johnny10170: folds 
Dorex2007: folds 
Uncalled bet ($0.10) returned to keijooh
keijooh collected $0.19 from pot
keijooh: doesn't show hand 
*** SUMMARY ***
Total pot $0.20 | Rake $0.01 
Board [Kd 4d 4c]
Seat 2: dezname folded before Flop (didn't bet)
Seat 3: McBitter31 folded before Flop (didn't bet)
Seat 4: TrancaRua2021 (button) folded before Flop (didn't bet)
Seat 5: Dorex2007 (small blind) folded on the Flop
Seat 6: deileon (big blind) folded before Flop
Seat 7: McRuss folded before Flop (didn't bet)
Seat 8: keijooh collected ($0.19)
Seat 9: Johnny10170 folded on the Flop



PokerStars Hand #228326083813:  Hold'em No Limit ($0.01/$0.02 USD) - 2021/07/16 1:12:12 PT [2021/07/16 4:12:12 ET]
Table 'Ausonia' 9-max Seat #5 is the button
Seat 2: dezname ($2 in chips) 
Seat 3: McBitter31 ($4.68 in chips) 
Seat 4: TrancaRua2021 ($2.89 in chips) 
Seat 5: Dorex2007 ($2.14 in chips) 
Seat 6: deileon ($2.21 in chips) 
Seat 7: McRuss ($1.77 in chips) 
Seat 8: keijooh ($1.21 in chips) 
Seat 9: Johnny10170 ($2.23 in chips) 
deileon: posts small blind $0.01
McRuss: posts big blind $0.02
*** HOLE CARDS ***
Dealt to Dorex2007 [Qh 5s]
keijooh: folds 
Johnny10170: raises $0.04 to $0.06
dezname: folds 
McBitter31: folds 
TrancaRua2021: calls $0.06
Dorex2007: folds 
deileon: folds 
McRuss: folds 
*** FLOP *** [Ac 3d 7c]
Johnny10170: bets $0.07
TrancaRua2021: calls $0.07
*** TURN *** [Ac 3d 7c] [2d]
Johnny10170: checks 
TrancaRua2021: bets $0.21
Johnny10170: folds 
Uncalled bet ($0.21) returned to TrancaRua2021
TrancaRua2021 collected $0.28 from pot
TrancaRua2021: doesn't show hand 
*** SUMMARY ***
Total pot $0.29 | Rake $0.01 
Board [Ac 3d 7c 2d]
Seat 2: dezname folded before Flop (didn't bet)
Seat 3: McBitter31 folded before Flop (didn't bet)
Seat 4: TrancaRua2021 collected ($0.28)
Seat 5: Dorex2007 (button) folded before Flop (didn't bet)
Seat 6: deileon (small blind) folded before Flop
Seat 7: McRuss (big blind) folded before Flop
Seat 8: keijooh folded before Flop (didn't bet)
Seat 9: Johnny10170 folded on the Turn



PokerStars Hand #228326089705:  Hold'em No Limit ($0.01/$0.02 USD) - 2021/07/16 1:12:50 PT [2021/07/16 4:12:50 ET]
Table 'Ausonia' 9-max Seat #6 is the button
Seat 2: dezname ($2 in chips) 
Seat 3: McBitter31 ($4.68 in chips) 
Seat 4: TrancaRua2021 ($3.04 in chips) 
Seat 5: Dorex2007 ($2.14 in chips) 
Seat 6: deileon ($2.20 in chips) 
Seat 7: McRuss ($1.75 in chips) 
Seat 8: keijooh ($1.21 in chips) 
Seat 9: Johnny10170 ($2.10 in chips) 
McRuss: posts small blind $0.01
keijooh: posts big blind $0.02
*** HOLE CARDS ***
Dealt to Dorex2007 [Qs Qh]
Johnny10170: folds 
dezname: folds 
McBitter31: folds 
TrancaRua2021: folds 
Dorex2007: raises $0.08 to $0.10
deileon: calls $0.10
McRuss: folds 
keijooh: folds 
*** FLOP *** [2c Js 7c]
Dorex2007: checks 
deileon: bets $0.11
Dorex2007: raises $0.29 to $0.40
deileon: calls $0.29
*** TURN *** [2c Js 7c] [8c]
Dorex2007: bets $0.99
deileon: raises $0.71 to $1.70 and is all-in
Dorex2007: calls $0.65 and is all-in
Uncalled bet ($0.06) returned to deileon
*** RIVER *** [2c Js 7c 8c] [4c]
*** SHOW DOWN ***
Dorex2007: shows [Qs Qh] (a pair of Queens)
deileon: shows [Qc Ac] (a flush, Ace high)
deileon collected $4.16 from pot
*** SUMMARY ***
Total pot $4.31 | Rake $0.15 
Board [2c Js 7c 8c 4c]
Seat 2: dezname folded before Flop (didn't bet)
Seat 3: McBitter31 folded before Flop (didn't bet)
Seat 4: TrancaRua2021 folded before Flop (didn't bet)
Seat 5: Dorex2007 showed [Qs Qh] and lost with a pair of Queens
Seat 6: deileon (button) showed [Qc Ac] and won ($4.16) with a flush, Ace high
Seat 7: McRuss (small blind) folded before Flop
Seat 8: keijooh (big blind) folded before Flop
Seat 9: Johnny10170 folded before Flop (didn't bet)



PokerStars Hand #228326100871:  Hold'em No Limit ($0.01/$0.02 USD) - 2021/07/16 1:14:02 PT [2021/07/16 4:14:02 ET]
Table 'Ausonia' 9-max Seat #7 is the button
Seat 2: dezname ($2 in chips) 
Seat 3: McBitter31 ($4.68 in chips) 
Seat 4: TrancaRua2021 ($3.04 in chips) 
Seat 5: Dorex2007 ($2 in chips) 
Seat 6: deileon ($4.22 in chips) 
Seat 7: McRuss ($1.74 in chips) 
Seat 8: keijooh ($1.19 in chips) 
Seat 9: Johnny10170 ($2.10 in chips) 
keijooh: posts small blind $0.01
Johnny10170: posts big blind $0.02
*** HOLE CARDS ***
Dealt to Dorex2007 [9s Kd]
dezname: folds 
McBitter31: folds 
TrancaRua2021: folds 
Dorex2007: folds 
deileon: folds 
McRuss: folds 
keijooh has timed out
keijooh: folds 
Uncalled bet ($0.01) returned to Johnny10170
Johnny10170 collected $0.02 from pot
Johnny10170: doesn't show hand 
*** SUMMARY ***
Total pot $0.02 | Rake $0 
Seat 2: dezname folded before Flop (didn't bet)
Seat 3: McBitter31 folded before Flop (didn't bet)
Seat 4: TrancaRua2021 folded before Flop (didn't bet)
Seat 5: Dorex2007 folded before Flop (didn't bet)
Seat 6: deileon folded before Flop (didn't bet)
Seat 7: McRuss (button) folded before Flop (didn't bet)
Seat 8: keijooh (small blind) folded before Flop
Seat 9: Johnny10170 (big blind) collected ($0.02)



PokerStars Hand #228326104923:  Hold'em No Limit ($0.01/$0.02 USD) - 2021/07/16 1:14:29 PT [2021/07/16 4:14:29 ET]
Table 'Ausonia' 9-max Seat #8 is the button
Seat 2: dezname ($2 in chips) 
Seat 3: McBitter31 ($4.68 in chips) 
Seat 4: TrancaRua2021 ($3.04 in chips) 
Seat 5: Dorex2007 ($2 in chips) 
Seat 6: deileon ($4.22 in chips) 
Seat 7: McRuss ($1.74 in chips) 
Seat 8: keijooh ($1.18 in chips) 
Seat 9: Johnny10170 ($2.11 in chips) 
Johnny10170: posts small blind $0.01
dezname: posts big blind $0.02
*** HOLE CARDS ***
Dealt to Dorex2007 [Tc 9d]
McBitter31: folds 
TrancaRua2021: folds 
Dorex2007: folds 
deileon: folds 
McRuss: folds 
keijooh has timed out
keijooh: folds 
Johnny10170: folds 
Uncalled bet ($0.01) returned to dezname
dezname collected $0.02 from pot
Apostol108 leaves the table
dezname: doesn't show hand 
*** SUMMARY ***
Total pot $0.02 | Rake $0 
Seat 2: dezname (big blind) collected ($0.02)
Seat 3: McBitter31 folded before Flop (didn't bet)
Seat 4: TrancaRua2021 folded before Flop (didn't bet)
Seat 5: Dorex2007 folded before Flop (didn't bet)
Seat 6: deileon folded before Flop (didn't bet)
Seat 7: McRuss folded before Flop (didn't bet)
Seat 8: keijooh (button) folded before Flop (didn't bet)
Seat 9: Johnny10170 (small blind) folded before Flop



PokerStars Hand #228326108109:  Hold'em No Limit ($0.01/$0.02 USD) - 2021/07/16 1:14:49 PT [2021/07/16 4:14:49 ET]
Table 'Ausonia' 9-max Seat #9 is the button
Seat 2: dezname ($2.01 in chips) 
Seat 3: McBitter31 ($4.68 in chips) 
Seat 4: TrancaRua2021 ($3.04 in chips) 
Seat 5: Dorex2007 ($2 in chips) 
Seat 6: deileon ($4.22 in chips) 
Seat 7: McRuss ($1.74 in chips) 
Seat 9: Johnny10170 ($2.10 in chips) 
dezname: posts small blind $0.01
McBitter31: posts big blind $0.02
*** HOLE CARDS ***
Dealt to Dorex2007 [Jh 4c]
TrancaRua2021: folds 
Dorex2007: folds 
deileon: folds 
McRuss: folds 
Johnny10170: folds 
dezname: folds 
Uncalled bet ($0.01) returned to McBitter31
McBitter31 collected $0.02 from pot
McBitter31: doesn't show hand 
Sibur64 joins the table at seat #1 
*** SUMMARY ***
Total pot $0.02 | Rake $0 
Seat 2: dezname (small blind) folded before Flop
Seat 3: McBitter31 (big blind) collected ($0.02)
Seat 4: TrancaRua2021 folded before Flop (didn't bet)
Seat 5: Dorex2007 folded before Flop (didn't bet)
Seat 6: deileon folded before Flop (didn't bet)
Seat 7: McRuss folded before Flop (didn't bet)
Seat 9: Johnny10170 (button) folded before Flop (didn't bet)



PokerStars Hand #228326111133:  Hold'em No Limit ($0.01/$0.02 USD) - 2021/07/16 1:15:09 PT [2021/07/16 4:15:09 ET]
Table 'Ausonia' 9-max Seat #2 is the button
Seat 2: dezname ($2 in chips) 
Seat 3: McBitter31 ($4.69 in chips) 
Seat 4: TrancaRua2021 ($3.04 in chips) 
Seat 5: Dorex2007 ($2 in chips) 
Seat 6: deileon ($4.22 in chips) 
Seat 7: McRuss ($1.74 in chips) 
Seat 8: keijooh ($1.18 in chips) 
Seat 9: Johnny10170 ($2.10 in chips) 
McBitter31: posts small blind $0.01
TrancaRua2021: posts big blind $0.02
Sibur64: sits out 
*** HOLE CARDS ***
Dealt to Dorex2007 [6d 7s]
Dorex2007: folds 
deileon: folds 
McRuss: folds 
keijooh: raises $0.03 to $0.05
Johnny10170: folds 
dezname: folds 
McBitter31: folds 
TrancaRua2021: folds 
Uncalled bet ($0.03) returned to keijooh
keijooh collected $0.05 from pot
keijooh: doesn't show hand 
*** SUMMARY ***
Total pot $0.05 | Rake $0 
Seat 2: dezname (button) folded before Flop (didn't bet)
Seat 3: McBitter31 (small blind) folded before Flop
Seat 4: TrancaRua2021 (big blind) folded before Flop
Seat 5: Dorex2007 folded before Flop (didn't bet)
Seat 6: deileon folded before Flop (didn't bet)
Seat 7: McRuss folded before Flop (didn't bet)
Seat 8: keijooh collected ($0.05)
Seat 9: Johnny10170 folded before Flop (didn't bet)



PokerStars Hand #228326114816:  Hold'em No Limit ($0.01/$0.02 USD) - 2021/07/16 1:15:32 PT [2021/07/16 4:15:32 ET]
Table 'Ausonia' 9-max Seat #3 is the button
Seat 2: dezname ($2 in chips) 
Seat 3: McBitter31 ($4.68 in chips) 
Seat 4: TrancaRua2021 ($3.02 in chips) 
Seat 5: Dorex2007 ($2 in chips) 
Seat 6: deileon ($4.22 in chips) 
Seat 7: McRuss ($1.74 in chips) 
Seat 8: keijooh ($1.21 in chips) 
Seat 9: Johnny10170 ($2.10 in chips) 
TrancaRua2021: posts small blind $0.01
Dorex2007: posts big blind $0.02
Sibur64: sits out 
*** HOLE CARDS ***
Dealt to Dorex2007 [2s Ks]
deileon: folds 
McRuss: folds 
keijooh: raises $1.19 to $1.21 and is all-in
Johnny10170: folds 
dezname: folds 
McBitter31: folds 
TrancaRua2021: folds 
Dorex2007: folds 
Uncalled bet ($1.19) returned to keijooh
keijooh collected $0.05 from pot
keijooh: doesn't show hand 
*** SUMMARY ***
Total pot $0.05 | Rake $0 
Seat 2: dezname folded before Flop (didn't bet)
Seat 3: McBitter31 (button) folded before Flop (didn't bet)
Seat 4: TrancaRua2021 (small blind) folded before Flop
Seat 5: Dorex2007 (big blind) folded before Flop
Seat 6: deileon folded before Flop (didn't bet)
Seat 7: McRuss folded before Flop (didn't bet)
Seat 8: keijooh collected ($0.05)
Seat 9: Johnny10170 folded before Flop (didn't bet)



PokerStars Hand #228326118993:  Hold'em No Limit ($0.01/$0.02 USD) - 2021/07/16 1:15:59 PT [2021/07/16 4:15:59 ET]
Table 'Ausonia' 9-max Seat #4 is the button
Seat 2: dezname ($2 in chips) 
Seat 3: McBitter31 ($4.68 in chips) 
Seat 4: TrancaRua2021 ($3.01 in chips) 
Seat 5: Dorex2007 ($1.98 in chips) 
Seat 6: deileon ($4.22 in chips) 
Seat 7: McRuss ($1.74 in chips) 
Seat 8: keijooh ($1.24 in chips) 
Seat 9: Johnny10170 ($2.10 in chips) 
Dorex2007: posts small blind $0.01
deileon: posts big blind $0.02
Sibur64: sits out 
*** HOLE CARDS ***
Dealt to Dorex2007 [7s 4d]
McRuss: folds 
keijooh: raises $1.22 to $1.24 and is all-in
Johnny10170: folds 
dezname: folds 
McBitter31: folds 
TrancaRua2021: folds 
Dorex2007: folds 
deileon: folds 
Uncalled bet ($1.22) returned to keijooh
keijooh collected $0.05 from pot
keijooh: doesn't show hand 
*** SUMMARY ***
Total pot $0.05 | Rake $0 
Seat 2: dezname folded before Flop (didn't bet)
Seat 3: McBitter31 folded before Flop (didn't bet)
Seat 4: TrancaRua2021 (button) folded before Flop (didn't bet)
Seat 5: Dorex2007 (small blind) folded before Flop
Seat 6: deileon (big blind) folded before Flop
Seat 7: McRuss folded before Flop (didn't bet)
Seat 8: keijooh collected ($0.05)
Seat 9: Johnny10170 folded before Flop (didn't bet)



PokerStars Hand #228326121596:  Hold'em No Limit ($0.01/$0.02 USD) - 2021/07/16 1:16:16 PT [2021/07/16 4:16:16 ET]
Table 'Ausonia' 9-max Seat #5 is the button
Seat 2: dezname ($2 in chips) 
Seat 3: McBitter31 ($4.68 in chips) 
Seat 4: TrancaRua2021 ($3.01 in chips) 
Seat 5: Dorex2007 ($1.97 in chips) 
Seat 6: deileon ($4.20 in chips) 
Seat 7: McRuss ($1.74 in chips) 
Seat 8: keijooh ($1.27 in chips) 
Seat 9: Johnny10170 ($2.10 in chips) 
deileon: posts small blind $0.01
McRuss: posts big blind $0.02
Sibur64: sits out 
*** HOLE CARDS ***
Dealt to Dorex2007 [Jc Qc]
keijooh: raises $1.25 to $1.27 and is all-in
Johnny10170: calls $1.27
dezname: folds 
McBitter31: folds 
TrancaRua2021: folds 
Dorex2007: folds 
deileon: folds 
McRuss: folds 
*** FLOP *** [3c Kc Js]
*** TURN *** [3c Kc Js] [Qd]
*** RIVER *** [3c Kc Js Qd] [8c]
*** SHOW DOWN ***
keijooh: shows [Ah 5d] (high card Ace)
Johnny10170: shows [As Ks] (a pair of Kings)
Johnny10170 collected $2.48 from pot
*** SUMMARY ***
Total pot $2.57 | Rake $0.09 
Board [3c Kc Js Qd 8c]
Seat 2: dezname folded before Flop (didn't bet)
Seat 3: McBitter31 folded before Flop (didn't bet)
Seat 4: TrancaRua2021 folded before Flop (didn't bet)
Seat 5: Dorex2007 (button) folded before Flop (didn't bet)
Seat 6: deileon (small blind) folded before Flop
Seat 7: McRuss (big blind) folded before Flop
Seat 8: keijooh showed [Ah 5d] and lost with high card Ace
Seat 9: Johnny10170 showed [As Ks] and won ($2.48) with a pair of Kings



PokerStars Hand #228326126584:  Hold'em No Limit ($0.01/$0.02 USD) - 2021/07/16 1:16:48 PT [2021/07/16 4:16:48 ET]
Table 'Ausonia' 9-max Seat #6 is the button
Seat 2: dezname ($2 in chips) 
Seat 3: McBitter31 ($4.68 in chips) 
Seat 4: TrancaRua2021 ($3.01 in chips) 
Seat 5: Dorex2007 ($1.97 in chips) 
Seat 6: deileon ($4.19 in chips) 
Seat 7: McRuss ($1.72 in chips) 
Seat 9: Johnny10170 ($3.31 in chips) 
McRuss: posts small blind $0.01
Johnny10170: posts big blind $0.02
Sibur64: sits out 
*** HOLE CARDS ***
Dealt to Dorex2007 [3h 9h]
dezname: folds 
McBitter31: folds 
TrancaRua2021: folds 
Dorex2007: folds 
deileon: raises $0.02 to $0.04
attila947 joins the table at seat #8 
McRuss: calls $0.03
Johnny10170: calls $0.02
*** FLOP *** [Qs 4c Td]
McRuss: checks 
Johnny10170: bets $0.02
deileon: calls $0.02
McRuss: folds 
*** TURN *** [Qs 4c Td] [Ac]
Johnny10170: bets $0.04
deileon: calls $0.04
*** RIVER *** [Qs 4c Td Ac] [2h]
Johnny10170: bets $0.06
deileon: calls $0.06
*** SHOW DOWN ***
Johnny10170: shows [Qh Ts] (two pair, Queens and Tens)
deileon: mucks hand 
Johnny10170 collected $0.35 from pot
*** SUMMARY ***
Total pot $0.36 | Rake $0.01 
Board [Qs 4c Td Ac 2h]
Seat 2: dezname folded before Flop (didn't bet)
Seat 3: McBitter31 folded before Flop (didn't bet)
Seat 4: TrancaRua2021 folded before Flop (didn't bet)
Seat 5: Dorex2007 folded before Flop (didn't bet)
Seat 6: deileon (button) mucked [Kd Ah]
Seat 7: McRuss (small blind) folded on the Flop
Seat 9: Johnny10170 (big blind) showed [Qh Ts] and won ($0.35) with two pair, Queens and Tens



PokerStars Hand #228326133397:  Hold'em No Limit ($0.01/$0.02 USD) - 2021/07/16 1:17:32 PT [2021/07/16 4:17:32 ET]
Table 'Ausonia' 9-max Seat #7 is the button
Seat 1: Sibur64 ($1.60 in chips) 
Seat 2: dezname ($2 in chips) 
Seat 3: McBitter31 ($4.68 in chips) 
Seat 4: TrancaRua2021 ($3.01 in chips) 
Seat 5: Dorex2007 ($1.97 in chips) 
Seat 6: deileon ($4.03 in chips) 
Seat 7: McRuss ($1.68 in chips) 
Seat 9: Johnny10170 ($3.50 in chips) 
Johnny10170: posts small blind $0.01
Sibur64: posts big blind $0.02
*** HOLE CARDS ***
Dealt to Dorex2007 [8d 4h]
dezname: folds 
McBitter31: raises $0.05 to $0.07
TrancaRua2021: raises $0.17 to $0.24
Dorex2007: folds 
deileon: folds 
McRuss: folds 
Johnny10170: folds 
Sibur64 has timed out
Sibur64: folds 
McBitter31: calls $0.17
*** FLOP *** [9s Ad Ac]
McBitter31: checks 
TrancaRua2021: bets $0.25
McBitter31: calls $0.25
*** TURN *** [9s Ad Ac] [Js]
McBitter31: checks 
TrancaRua2021: checks 
*** RIVER *** [9s Ad Ac Js] [9c]
McBitter31: bets $0.50
TrancaRua2021: calls $0.50
*** SHOW DOWN ***
McBitter31: shows [Qc As] (a full house, Aces full of Nines)
TrancaRua2021: mucks hand 
McBitter31 collected $1.94 from pot
*** SUMMARY ***
Total pot $2.01 | Rake $0.07 
Board [9s Ad Ac Js 9c]
Seat 1: Sibur64 (big blind) folded before Flop
Seat 2: dezname folded before Flop (didn't bet)
Seat 3: McBitter31 showed [Qc As] and won ($1.94) with a full house, Aces full of Nines
Seat 4: TrancaRua2021 mucked [Ks Kc]
Seat 5: Dorex2007 folded before Flop (didn't bet)
Seat 6: deileon folded before Flop (didn't bet)
Seat 7: McRuss (button) folded before Flop (didn't bet)
Seat 9: Johnny10170 (small blind) folded before Flop



PokerStars Hand #228326143772:  Hold'em No Limit ($0.01/$0.02 USD) - 2021/07/16 1:18:38 PT [2021/07/16 4:18:38 ET]
Table 'Ausonia' 9-max Seat #9 is the button
Seat 1: Sibur64 ($1.58 in chips) 
Seat 2: dezname ($2 in chips) 
Seat 3: McBitter31 ($5.63 in chips) 
Seat 4: TrancaRua2021 ($2.02 in chips) 
Seat 5: Dorex2007 ($1.97 in chips) 
Seat 6: deileon ($4.03 in chips) 
Seat 7: McRuss ($1.68 in chips) 
Seat 8: attila947 ($0.80 in chips) 
Seat 9: Johnny10170 ($3.49 in chips) 
Sibur64: posts small blind $0.01
dezname: posts big blind $0.02
attila947: posts big blind $0.02
*** HOLE CARDS ***
Dealt to Dorex2007 [Ad Kh]
McBitter31: folds 
TrancaRua2021: folds 
Dorex2007: raises $0.04 to $0.06
deileon: calls $0.06
McRuss: calls $0.06
attila947: folds 
Johnny10170: folds 
Sibur64: folds 
dezname: folds 
*** FLOP *** [Jd Ts 7h]
Dorex2007: checks 
deileon: checks 
McRuss: checks 
*** TURN *** [Jd Ts 7h] [Ah]
Dorex2007: checks 
deileon: checks 
McRuss: checks 
*** RIVER *** [Jd Ts 7h Ah] [8d]
Dorex2007: bets $0.22
deileon: folds 
McRuss: calls $0.22
*** SHOW DOWN ***
Dorex2007: shows [Ad Kh] (a pair of Aces)
McRuss: shows [9d Th] (a straight, Seven to Jack)
McRuss collected $0.65 from pot
*** SUMMARY ***
Total pot $0.67 | Rake $0.02 
Board [Jd Ts 7h Ah 8d]
Seat 1: Sibur64 (small blind) folded before Flop
Seat 2: dezname (big blind) folded before Flop
Seat 3: McBitter31 folded before Flop (didn't bet)
Seat 4: TrancaRua2021 folded before Flop (didn't bet)
Seat 5: Dorex2007 showed [Ad Kh] and lost with a pair of Aces
Seat 6: deileon folded on the River
Seat 7: McRuss showed [9d Th] and won ($0.65) with a straight, Seven to Jack
Seat 8: attila947 folded before Flop (didn't bet)
Seat 9: Johnny10170 (button) folded before Flop (didn't bet)



PokerStars Hand #228326157372:  Hold'em No Limit ($0.01/$0.02 USD) - 2021/07/16 1:20:05 PT [2021/07/16 4:20:05 ET]
Table 'Ausonia' 9-max Seat #1 is the button
Seat 1: Sibur64 ($1.57 in chips) 
Seat 2: dezname ($2 in chips) 
Seat 3: McBitter31 ($5.63 in chips) 
Seat 4: TrancaRua2021 ($2.02 in chips) 
Seat 5: Dorex2007 ($2 in chips) 
Seat 6: deileon ($3.97 in chips) 
Seat 7: McRuss ($2.05 in chips) 
Seat 8: attila947 ($0.78 in chips) 
Seat 9: Johnny10170 ($3.49 in chips) 
dezname: posts small blind $0.01
McBitter31: posts big blind $0.02
*** HOLE CARDS ***
Dealt to Dorex2007 [Kh 6s]
TrancaRua2021: folds 
Dorex2007: folds 
deileon: folds 
McRuss: folds 
attila947: folds 
Johnny10170: folds 
Sibur64: raises $0.02 to $0.04
dezname: folds 
McBitter31: calls $0.02
*** FLOP *** [3c Js Qs]
McBitter31: checks 
Sibur64: bets $0.06
McBitter31: calls $0.06
*** TURN *** [3c Js Qs] [5h]
McBitter31: checks 
Sibur64: bets $0.10
McBitter31: calls $0.10
*** RIVER *** [3c Js Qs 5h] [8s]
McBitter31: bets $0.22
Sibur64: folds [Qh]
Uncalled bet ($0.22) returned to McBitter31
McBitter31 collected $0.40 from pot
McBitter31: doesn't show hand 
*** SUMMARY ***
Total pot $0.41 | Rake $0.01 
Board [3c Js Qs 5h 8s]
Seat 1: Sibur64 (button) folded on the River
Seat 2: dezname (small blind) folded before Flop
Seat 3: McBitter31 (big blind) collected ($0.40)
Seat 4: TrancaRua2021 folded before Flop (didn't bet)
Seat 5: Dorex2007 folded before Flop (didn't bet)
Seat 6: deileon folded before Flop (didn't bet)
Seat 7: McRuss folded before Flop (didn't bet)
Seat 8: attila947 folded before Flop (didn't bet)
Seat 9: Johnny10170 folded before Flop (didn't bet)



PokerStars Hand #228326174236:  Hold'em No Limit ($0.01/$0.02 USD) - 2021/07/16 1:21:53 PT [2021/07/16 4:21:53 ET]
Table 'Ausonia' 9-max Seat #2 is the button
Seat 1: Sibur64 ($1.37 in chips) 
Seat 2: dezname ($2 in chips) 
Seat 3: McBitter31 ($5.83 in chips) 
Seat 4: TrancaRua2021 ($2.02 in chips) 
Seat 5: Dorex2007 ($2 in chips) 
Seat 6: deileon ($3.97 in chips) 
Seat 7: McRuss ($2.05 in chips) 
Seat 8: attila947 ($0.78 in chips) 
Seat 9: Johnny10170 ($3.49 in chips) 
McBitter31: posts small blind $0.01
TrancaRua2021: posts big blind $0.02
*** HOLE CARDS ***
Dealt to Dorex2007 [9d 4c]
Dorex2007: folds 
deileon: folds 
McRuss: raises $0.04 to $0.06
attila947: folds 
Johnny10170: folds 
Sibur64: calls $0.06
dezname: folds 
McBitter31: folds 
TrancaRua2021: folds 
*** FLOP *** [4d 5c 3s]
McRuss: bets $0.10
Sibur64 has timed out
Sibur64: folds 
Uncalled bet ($0.10) returned to McRuss
McRuss collected $0.14 from pot
McRuss: doesn't show hand 
*** SUMMARY ***
Total pot $0.15 | Rake $0.01 
Board [4d 5c 3s]
Seat 1: Sibur64 folded on the Flop
Seat 2: dezname (button) folded before Flop (didn't bet)
Seat 3: McBitter31 (small blind) folded before Flop
Seat 4: TrancaRua2021 (big blind) folded before Flop
Seat 5: Dorex2007 folded before Flop (didn't bet)
Seat 6: deileon folded before Flop (didn't bet)
Seat 7: McRuss collected ($0.14)
Seat 8: attila947 folded before Flop (didn't bet)
Seat 9: Johnny10170 folded before Flop (didn't bet)



PokerStars Hand #228326185803:  Hold'em No Limit ($0.01/$0.02 USD) - 2021/07/16 1:23:05 PT [2021/07/16 4:23:05 ET]
Table 'Ausonia' 9-max Seat #3 is the button
Seat 2: dezname ($2 in chips) 
Seat 3: McBitter31 ($5.82 in chips) 
Seat 4: TrancaRua2021 ($2 in chips) 
Seat 5: Dorex2007 ($2 in chips) 
Seat 6: deileon ($3.97 in chips) 
Seat 7: McRuss ($2.13 in chips) 
Seat 8: attila947 ($0.78 in chips) 
Seat 9: Johnny10170 ($3.49 in chips) 
TrancaRua2021: posts small blind $0.01
Dorex2007: posts big blind $0.02
*** HOLE CARDS ***
Dealt to Dorex2007 [3c Kh]
deileon: folds 
McRuss: calls $0.02
attila947 has timed out
attila947: folds 
Johnny10170: folds 
dezname: raises $0.06 to $0.08
McBitter31: calls $0.08
TrancaRua2021: calls $0.07
Dorex2007: folds 
McRuss: calls $0.06
*** FLOP *** [8d Jd Qd]
TrancaRua2021: checks 
McRuss: checks 
dezname: bets $0.22
McBitter31: folds 
TrancaRua2021: folds 
McRuss: folds 
Uncalled bet ($0.22) returned to dezname
dezname collected $0.33 from pot
dezname: doesn't show hand 
*** SUMMARY ***
Total pot $0.34 | Rake $0.01 
Board [8d Jd Qd]
Seat 2: dezname collected ($0.33)
Seat 3: McBitter31 (button) folded on the Flop
Seat 4: TrancaRua2021 (small blind) folded on the Flop
Seat 5: Dorex2007 (big blind) folded before Flop
Seat 6: deileon folded before Flop (didn't bet)
Seat 7: McRuss folded on the Flop
Seat 8: attila947 folded before Flop (didn't bet)
Seat 9: Johnny10170 folded before Flop (didn't bet)



PokerStars Hand #228326194819:  Hold'em No Limit ($0.01/$0.02 USD) - 2021/07/16 1:24:02 PT [2021/07/16 4:24:02 ET]
Table 'Ausonia' 9-max Seat #4 is the button
Seat 1: Sibur64 ($1.31 in chips) 
Seat 2: dezname ($2.25 in chips) 
Seat 3: McBitter31 ($5.74 in chips) 
Seat 4: TrancaRua2021 ($2 in chips) 
Seat 5: Dorex2007 ($1.98 in chips) 
Seat 6: deileon ($3.97 in chips) 
Seat 7: McRuss ($2.05 in chips) 
Seat 8: attila947 ($0.78 in chips) 
Seat 9: Johnny10170 ($3.49 in chips) 
Dorex2007: posts small blind $0.01
deileon: posts big blind $0.02
*** HOLE CARDS ***
Dealt to Dorex2007 [3c Jh]
McRuss: folds 
attila947: folds 
Johnny10170: folds 
Sibur64: folds 
dezname: folds 
McBitter31: folds 
TrancaRua2021: folds 
Dorex2007: folds 
Uncalled bet ($0.01) returned to deileon
deileon collected $0.02 from pot
deileon: doesn't show hand 
*** SUMMARY ***
Total pot $0.02 | Rake $0 
Seat 1: Sibur64 folded before Flop (didn't bet)
Seat 2: dezname folded before Flop (didn't bet)
Seat 3: McBitter31 folded before Flop (didn't bet)
Seat 4: TrancaRua2021 (button) folded before Flop (didn't bet)
Seat 5: Dorex2007 (small blind) folded before Flop
Seat 6: deileon (big blind) collected ($0.02)
Seat 7: McRuss folded before Flop (didn't bet)
Seat 8: attila947 folded before Flop (didn't bet)
Seat 9: Johnny10170 folded before Flop (didn't bet)



PokerStars Hand #228326199079:  Hold'em No Limit ($0.01/$0.02 USD) - 2021/07/16 1:24:28 PT [2021/07/16 4:24:28 ET]
Table 'Ausonia' 9-max Seat #5 is the button
Seat 1: Sibur64 ($1.31 in chips) 
Seat 2: dezname ($2.25 in chips) 
Seat 3: McBitter31 ($5.74 in chips) 
Seat 4: TrancaRua2021 ($2 in chips) 
Seat 5: Dorex2007 ($1.97 in chips) 
Seat 6: deileon ($3.98 in chips) 
Seat 7: McRuss ($2.05 in chips) 
Seat 8: attila947 ($0.78 in chips) 
Seat 9: Johnny10170 ($3.49 in chips) 
deileon: posts small blind $0.01
McRuss: posts big blind $0.02
*** HOLE CARDS ***
Dealt to Dorex2007 [6d 4c]
attila947: calls $0.02
Johnny10170: calls $0.02
Sibur64 has timed out
Sibur64: folds 
dezname: folds 
McBitter31: folds 
TrancaRua2021: folds 
Dorex2007: folds 
deileon: calls $0.01
McRuss: checks 
*** FLOP *** [Ah 6h Ts]
deileon: checks 
McRuss: checks 
attila947: checks 
Johnny10170: checks 
*** TURN *** [Ah 6h Ts] [3c]
deileon: bets $0.08
McRuss: folds 
attila947: calls $0.08
Johnny10170: folds 
*** RIVER *** [Ah 6h Ts 3c] [3d]
deileon: bets $0.12
attila947: raises $0.12 to $0.24
deileon: calls $0.12
*** SHOW DOWN ***
attila947: shows [As 3h] (a full house, Threes full of Aces)
deileon: mucks hand 
attila947 collected $0.69 from pot
*** SUMMARY ***
Total pot $0.72 | Rake $0.03 
Board [Ah 6h Ts 3c 3d]
Seat 1: Sibur64 folded before Flop (didn't bet)
Seat 2: dezname folded before Flop (didn't bet)
Seat 3: McBitter31 folded before Flop (didn't bet)
Seat 4: TrancaRua2021 folded before Flop (didn't bet)
Seat 5: Dorex2007 (button) folded before Flop (didn't bet)
Seat 6: deileon (small blind) mucked [Ad Tc]
Seat 7: McRuss (big blind) folded on the Turn
Seat 8: attila947 showed [As 3h] and won ($0.69) with a full house, Threes full of Aces
Seat 9: Johnny10170 folded on the Turn



PokerStars Hand #228326210411:  Hold'em No Limit ($0.01/$0.02 USD) - 2021/07/16 1:25:40 PT [2021/07/16 4:25:40 ET]
Table 'Ausonia' 9-max Seat #6 is the button
Seat 1: Sibur64 ($1.31 in chips) 
Seat 2: dezname ($2.25 in chips) 
Seat 3: McBitter31 ($5.74 in chips) 
Seat 4: TrancaRua2021 ($2 in chips) 
Seat 5: Dorex2007 ($1.97 in chips) 
Seat 6: deileon ($3.64 in chips) 
Seat 7: McRuss ($2.03 in chips) 
Seat 8: attila947 ($1.13 in chips) 
Seat 9: Johnny10170 ($3.47 in chips) 
McRuss: posts small blind $0.01
attila947: posts big blind $0.02
*** HOLE CARDS ***
Dealt to Dorex2007 [Kh 8c]
Johnny10170: folds 
Sibur64: folds 
dezname: folds 
McBitter31: raises $0.05 to $0.07
TrancaRua2021: folds 
Dorex2007: folds 
deileon: folds 
McRuss: folds 
attila947: folds 
Uncalled bet ($0.05) returned to McBitter31
attila947 leaves the table
McBitter31 collected $0.05 from pot
McBitter31: doesn't show hand 
*** SUMMARY ***
Total pot $0.05 | Rake $0 
Seat 1: Sibur64 folded before Flop (didn't bet)
Seat 2: dezname folded before Flop (didn't bet)
Seat 3: McBitter31 collected ($0.05)
Seat 4: TrancaRua2021 folded before Flop (didn't bet)
Seat 5: Dorex2007 folded before Flop (didn't bet)
Seat 6: deileon (button) folded before Flop (didn't bet)
Seat 7: McRuss (small blind) folded before Flop
Seat 8: attila947 (big blind) folded before Flop
Seat 9: Johnny10170 folded before Flop (didn't bet)



PokerStars Hand #228326213048:  Hold'em No Limit ($0.01/$0.02 USD) - 2021/07/16 1:25:57 PT [2021/07/16 4:25:57 ET]
Table 'Ausonia' 9-max Seat #7 is the button
Seat 1: Sibur64 ($1.31 in chips) 
Seat 2: dezname ($2.25 in chips) 
Seat 3: McBitter31 ($5.77 in chips) 
Seat 4: TrancaRua2021 ($2 in chips) 
Seat 5: Dorex2007 ($1.97 in chips) 
Seat 6: deileon ($3.64 in chips) 
Seat 7: McRuss ($2.02 in chips) 
Seat 9: Johnny10170 ($3.47 in chips) 
Johnny10170: posts small blind $0.01
Sibur64: posts big blind $0.02
*** HOLE CARDS ***
Dealt to Dorex2007 [Ac 5h]
dezname: folds 
McBitter31: folds 
TrancaRua2021: folds 
Dorex2007: folds 
Murere joins the table at seat #8 
deileon: raises $0.04 to $0.06
McRuss: calls $0.06
Johnny10170: calls $0.05
Sibur64: folds 
*** FLOP *** [7d 3c Kc]
Johnny10170: checks 
deileon: bets $0.19
McRuss: folds 
Johnny10170: folds 
Uncalled bet ($0.19) returned to deileon
deileon collected $0.19 from pot
deileon: doesn't show hand 
*** SUMMARY ***
Total pot $0.20 | Rake $0.01 
Board [7d 3c Kc]
Seat 1: Sibur64 (big blind) folded before Flop
Seat 2: dezname folded before Flop (didn't bet)
Seat 3: McBitter31 folded before Flop (didn't bet)
Seat 4: TrancaRua2021 folded before Flop (didn't bet)
Seat 5: Dorex2007 folded before Flop (didn't bet)
Seat 6: deileon collected ($0.19)
Seat 7: McRuss (button) folded on the Flop
Seat 9: Johnny10170 (small blind) folded on the Flop



PokerStars Hand #228326218561:  Hold'em No Limit ($0.01/$0.02 USD) - 2021/07/16 1:26:32 PT [2021/07/16 4:26:32 ET]
Table 'Ausonia' 9-max Seat #9 is the button
Seat 1: Sibur64 ($1.29 in chips) 
Seat 3: McBitter31 ($5.77 in chips) 
Seat 4: TrancaRua2021 ($2 in chips) 
Seat 5: Dorex2007 ($1.97 in chips) 
Seat 6: deileon ($3.77 in chips) 
Seat 7: McRuss ($1.96 in chips) 
Seat 8: Murere ($0.80 in chips) 
Seat 9: Johnny10170 ($3.41 in chips) 
Sibur64: posts small blind $0.01
dezname: is sitting out 
McBitter31: posts big blind $0.02
Murere: posts big blind $0.02
*** HOLE CARDS ***
Dealt to Dorex2007 [9h Td]
TrancaRua2021: folds 
Dorex2007: folds 
deileon: folds 
McRuss: folds 
Murere: checks 
Johnny10170: calls $0.02
Sibur64: raises $0.04 to $0.06
McBitter31: folds 
Murere: folds 
Johnny10170: calls $0.04
*** FLOP *** [8h 5s Qc]
Sibur64: checks 
Johnny10170: checks 
*** TURN *** [8h 5s Qc] [3s]
Sibur64: checks 
Johnny10170: checks 
*** RIVER *** [8h 5s Qc 3s] [2h]
Sibur64: checks 
Johnny10170: checks 
*** SHOW DOWN ***
Sibur64: shows [Ac Kd] (high card Ace)
Johnny10170: mucks hand 
Sibur64 collected $0.15 from pot
*** SUMMARY ***
Total pot $0.16 | Rake $0.01 
Board [8h 5s Qc 3s 2h]
Seat 1: Sibur64 (small blind) showed [Ac Kd] and won ($0.15) with high card Ace
Seat 3: McBitter31 (big blind) folded before Flop
Seat 4: TrancaRua2021 folded before Flop (didn't bet)
Seat 5: Dorex2007 folded before Flop (didn't bet)
Seat 6: deileon folded before Flop (didn't bet)
Seat 7: McRuss folded before Flop (didn't bet)
Seat 8: Murere folded before Flop (didn't bet)
Seat 9: Johnny10170 (button) mucked [Kh Jh]



PokerStars Hand #228326228791:  Hold'em No Limit ($0.01/$0.02 USD) - 2021/07/16 1:27:37 PT [2021/07/16 4:27:37 ET]
Table 'Ausonia' 9-max Seat #1 is the button
Seat 1: Sibur64 ($1.38 in chips) 
Seat 3: McBitter31 ($5.75 in chips) 
Seat 4: TrancaRua2021 ($2 in chips) 
Seat 5: Dorex2007 ($1.97 in chips) 
Seat 6: deileon ($3.77 in chips) 
Seat 7: McRuss ($1.96 in chips) 
Seat 8: Murere ($0.78 in chips) 
Seat 9: Johnny10170 ($3.35 in chips) 
McBitter31: posts small blind $0.01
TrancaRua2021: posts big blind $0.02
*** HOLE CARDS ***
Dealt to Dorex2007 [Kh 5s]
Dorex2007: folds 
deileon: folds 
McRuss: calls $0.02
Murere: folds 
Johnny10170: folds 
Sibur64: folds 
McBitter31: folds 
TrancaRua2021: checks 
*** FLOP *** [4h Ks 5c]
TrancaRua2021: checks 
McRuss: checks 
*** TURN *** [4h Ks 5c] [Qc]
TrancaRua2021: checks 
McRuss: bets $0.02
TrancaRua2021: folds 
Uncalled bet ($0.02) returned to McRuss
McRuss collected $0.05 from pot
McRuss: doesn't show hand 
*** SUMMARY ***
Total pot $0.05 | Rake $0 
Board [4h Ks 5c Qc]
Seat 1: Sibur64 (button) folded before Flop (didn't bet)
Seat 3: McBitter31 (small blind) folded before Flop
Seat 4: TrancaRua2021 (big blind) folded on the Turn
Seat 5: Dorex2007 folded before Flop (didn't bet)
Seat 6: deileon folded before Flop (didn't bet)
Seat 7: McRuss collected ($0.05)
Seat 8: Murere folded before Flop (didn't bet)
Seat 9: Johnny10170 folded before Flop (didn't bet)



PokerStars Hand #228326233114:  Hold'em No Limit ($0.01/$0.02 USD) - 2021/07/16 1:28:05 PT [2021/07/16 4:28:05 ET]
Table 'Ausonia' 9-max Seat #3 is the button
Seat 1: Sibur64 ($1.38 in chips) 
Seat 3: McBitter31 ($5.74 in chips) 
Seat 4: TrancaRua2021 ($2 in chips) 
Seat 5: Dorex2007 ($1.97 in chips) 
Seat 6: deileon ($3.77 in chips) 
Seat 7: McRuss ($1.99 in chips) 
Seat 8: Murere ($0.78 in chips) 
Seat 9: Johnny10170 ($3.35 in chips) 
TrancaRua2021: posts small blind $0.01
Dorex2007: posts big blind $0.02
*** HOLE CARDS ***
Dealt to Dorex2007 [Qs 6h]
deileon: folds 
McRuss: raises $0.04 to $0.06
Murere: folds 
Johnny10170: folds 
Sibur64: folds 
McBitter31: calls $0.06
TrancaRua2021: folds 
Dorex2007: folds 
*** FLOP *** [4s 7d 6s]
McRuss: bets $0.10
McBitter31: raises $0.17 to $0.27
McRuss: calls $0.17
*** TURN *** [4s 7d 6s] [Ad]
McRuss: checks 
McBitter31: bets $0.33
McRuss: raises $1.33 to $1.66 and is all-in
McBitter31: calls $1.33
*** RIVER *** [4s 7d 6s Ad] [2d]
*** SHOW DOWN ***
McRuss: shows [Ah Ac] (three of a kind, Aces)
McBitter31: shows [4c 4d] (three of a kind, Fours)
McRuss collected $3.87 from pot
*** SUMMARY ***
Total pot $4.01 | Rake $0.14 
Board [4s 7d 6s Ad 2d]
Seat 1: Sibur64 folded before Flop (didn't bet)
Seat 3: McBitter31 (button) showed [4c 4d] and lost with three of a kind, Fours
Seat 4: TrancaRua2021 (small blind) folded before Flop
Seat 5: Dorex2007 (big blind) folded before Flop
Seat 6: deileon folded before Flop (didn't bet)
Seat 7: McRuss showed [Ah Ac] and won ($3.87) with three of a kind, Aces
Seat 8: Murere folded before Flop (didn't bet)
Seat 9: Johnny10170 folded before Flop (didn't bet)



PokerStars Hand #228326242581:  Hold'em No Limit ($0.01/$0.02 USD) - 2021/07/16 1:29:05 PT [2021/07/16 4:29:05 ET]
Table 'Ausonia' 9-max Seat #4 is the button
Seat 1: Sibur64 ($1.38 in chips) 
Seat 3: McBitter31 ($3.75 in chips) 
Seat 4: TrancaRua2021 ($2 in chips) 
Seat 5: Dorex2007 ($1.95 in chips) 
Seat 6: deileon ($3.77 in chips) 
Seat 7: McRuss ($3.87 in chips) 
Seat 8: Murere ($0.78 in chips) 
Seat 9: Johnny10170 ($3.35 in chips) 
Dorex2007: posts small blind $0.01
deileon: posts big blind $0.02
*** HOLE CARDS ***
Dealt to Dorex2007 [6c 5c]
McRuss: folds 
Murere has timed out
Murere: folds 
Johnny10170: folds 
Sibur64: calls $0.02
McBitter31: folds 
TrancaRua2021: folds 
Dorex2007: calls $0.01
deileon: checks 
*** FLOP *** [2c 7s Ah]
Dorex2007: checks 
deileon: checks 
Sibur64: bets $0.04
Dorex2007: folds 
deileon: folds 
Uncalled bet ($0.04) returned to Sibur64
Sibur64 collected $0.06 from pot
*** SUMMARY ***
Total pot $0.06 | Rake $0 
Board [2c 7s Ah]
Seat 1: Sibur64 collected ($0.06)
Seat 3: McBitter31 folded before Flop (didn't bet)
Seat 4: TrancaRua2021 (button) folded before Flop (didn't bet)
Seat 5: Dorex2007 (small blind) folded on the Flop
Seat 6: deileon (big blind) folded on the Flop
Seat 7: McRuss folded before Flop (didn't bet)
Seat 8: Murere folded before Flop (didn't bet)
Seat 9: Johnny10170 folded before Flop (didn't bet)



PokerStars Hand #228326249563:  Hold'em No Limit ($0.01/$0.02 USD) - 2021/07/16 1:29:49 PT [2021/07/16 4:29:49 ET]
Table 'Ausonia' 9-max Seat #5 is the button
Seat 1: Sibur64 ($1.42 in chips) 
Seat 3: McBitter31 ($3.75 in chips) 
Seat 4: TrancaRua2021 ($2 in chips) 
Seat 5: Dorex2007 ($1.93 in chips) 
Seat 6: deileon ($3.75 in chips) 
Seat 7: McRuss ($3.87 in chips) 
Seat 8: Murere ($0.78 in chips) 
Seat 9: Johnny10170 ($3.35 in chips) 
deileon: posts small blind $0.01
McRuss: posts big blind $0.02
*** HOLE CARDS ***
Dealt to Dorex2007 [Kh Qc]
Murere: folds 
Johnny10170: folds 
Sibur64: raises $0.02 to $0.04
McBitter31: folds 
TrancaRua2021: calls $0.04
Dorex2007: calls $0.04
deileon: folds 
McRuss: calls $0.02
*** FLOP *** [6c Ks 3h]
McRuss: checks 
Sibur64: checks 
TrancaRua2021: bets $0.08
Dorex2007: raises $0.10 to $0.18
McRuss: folds 
Sibur64: folds 
TrancaRua2021: calls $0.10
*** TURN *** [6c Ks 3h] [8s]
TrancaRua2021: checks 
Dorex2007: bets $0.51
TrancaRua2021: calls $0.51
*** RIVER *** [6c Ks 3h 8s] [Qh]
TrancaRua2021: checks 
Dorex2007: bets $1.20 and is all-in
TrancaRua2021: folds 
Uncalled bet ($1.20) returned to Dorex2007
Dorex2007 collected $1.50 from pot
Dorex2007: doesn't show hand 
*** SUMMARY ***
Total pot $1.55 | Rake $0.05 
Board [6c Ks 3h 8s Qh]
Seat 1: Sibur64 folded on the Flop
Seat 3: McBitter31 folded before Flop (didn't bet)
Seat 4: TrancaRua2021 folded on the River
Seat 5: Dorex2007 (button) collected ($1.50)
Seat 6: deileon (small blind) folded before Flop
Seat 7: McRuss (big blind) folded on the Flop
Seat 8: Murere folded before Flop (didn't bet)
Seat 9: Johnny10170 folded before Flop (didn't bet)



PokerStars Hand #228326259973:  Hold'em No Limit ($0.01/$0.02 USD) - 2021/07/16 1:30:56 PT [2021/07/16 4:30:56 ET]
Table 'Ausonia' 9-max Seat #6 is the button
Seat 1: Sibur64 ($1.38 in chips) 
Seat 3: McBitter31 ($3.75 in chips) 
Seat 4: TrancaRua2021 ($2 in chips) 
Seat 5: Dorex2007 ($2.70 in chips) 
Seat 6: deileon ($3.74 in chips) 
Seat 7: McRuss ($3.83 in chips) 
Seat 8: Murere ($0.78 in chips) 
Seat 9: Johnny10170 ($3.35 in chips) 
McRuss: posts small blind $0.01
Murere: posts big blind $0.02
*** HOLE CARDS ***
Dealt to Dorex2007 [Qd 5h]
Johnny10170: folds 
Sibur64 has timed out
Sibur64: folds 
McBitter31: folds 
TrancaRua2021: folds 
Dorex2007: folds 
deileon: folds 
McRuss: folds 
Uncalled bet ($0.01) returned to Murere
Murere collected $0.02 from pot
Murere: doesn't show hand 
*** SUMMARY ***
Total pot $0.02 | Rake $0 
Seat 1: Sibur64 folded before Flop (didn't bet)
Seat 3: McBitter31 folded before Flop (didn't bet)
Seat 4: TrancaRua2021 folded before Flop (didn't bet)
Seat 5: Dorex2007 folded before Flop (didn't bet)
Seat 6: deileon (button) folded before Flop (didn't bet)
Seat 7: McRuss (small blind) folded before Flop
Seat 8: Murere (big blind) collected ($0.02)
Seat 9: Johnny10170 folded before Flop (didn't bet)



PokerStars Hand #228326263266:  Hold'em No Limit ($0.01/$0.02 USD) - 2021/07/16 1:31:17 PT [2021/07/16 4:31:17 ET]
Table 'Ausonia' 9-max Seat #7 is the button
Seat 1: Sibur64 ($1.38 in chips) 
Seat 3: McBitter31 ($3.75 in chips) 
Seat 4: TrancaRua2021 ($2 in chips) 
Seat 5: Dorex2007 ($2.70 in chips) 
Seat 6: deileon ($3.74 in chips) 
Seat 7: McRuss ($3.82 in chips) 
Seat 8: Murere ($0.79 in chips) 
Seat 9: Johnny10170 ($3.35 in chips) 
Murere: posts small blind $0.01
Johnny10170: posts big blind $0.02
*** HOLE CARDS ***
Dealt to Dorex2007 [Ad 4h]
Sibur64 has timed out
Sibur64: folds 
McBitter31: folds 
TrancaRua2021: folds 
Dorex2007: folds 
deileon: folds 
McRuss: folds 
Murere: calls $0.01
Johnny10170: checks 
*** FLOP *** [6d Jh 5c]
Murere: checks 
Johnny10170: checks 
*** TURN *** [6d Jh 5c] [6h]
Murere: checks 
Johnny10170: checks 
*** RIVER *** [6d Jh 5c 6h] [3s]
Murere: checks 
Johnny10170: checks 
*** SHOW DOWN ***
Murere: shows [Td 9d] (a pair of Sixes)
Johnny10170: shows [8d 3c] (two pair, Sixes and Threes)
Johnny10170 collected $0.04 from pot
*** SUMMARY ***
Total pot $0.04 | Rake $0 
Board [6d Jh 5c 6h 3s]
Seat 1: Sibur64 folded before Flop (didn't bet)
Seat 3: McBitter31 folded before Flop (didn't bet)
Seat 4: TrancaRua2021 folded before Flop (didn't bet)
Seat 5: Dorex2007 folded before Flop (didn't bet)
Seat 6: deileon folded before Flop (didn't bet)
Seat 7: McRuss (button) folded before Flop (didn't bet)
Seat 8: Murere (small blind) showed [Td 9d] and lost with a pair of Sixes
Seat 9: Johnny10170 (big blind) showed [8d 3c] and won ($0.04) with two pair, Sixes and Threes



PokerStars Hand #228326271271:  Hold'em No Limit ($0.01/$0.02 USD) - 2021/07/16 1:32:08 PT [2021/07/16 4:32:08 ET]
Table 'Ausonia' 9-max Seat #8 is the button
Seat 1: Sibur64 ($1.38 in chips) 
Seat 3: McBitter31 ($3.75 in chips) 
Seat 4: TrancaRua2021 ($2 in chips) 
Seat 5: Dorex2007 ($2.70 in chips) 
Seat 6: deileon ($3.74 in chips) 
Seat 7: McRuss ($3.82 in chips) 
Seat 8: Murere ($0.77 in chips) 
Seat 9: Johnny10170 ($3.37 in chips) 
Johnny10170: posts small blind $0.01
Sibur64: posts big blind $0.02
*** HOLE CARDS ***
Dealt to Dorex2007 [3s 8d]
McBitter31: raises $0.05 to $0.07
TrancaRua2021: folds 
Dorex2007: folds 
deileon: folds 
McRuss: folds 
Murere: folds 
Johnny10170: folds 
Sibur64: folds 
Uncalled bet ($0.05) returned to McBitter31
McBitter31 collected $0.05 from pot
McBitter31: doesn't show hand 
*** SUMMARY ***
Total pot $0.05 | Rake $0 
Seat 1: Sibur64 (big blind) folded before Flop
Seat 3: McBitter31 collected ($0.05)
Seat 4: TrancaRua2021 folded before Flop (didn't bet)
Seat 5: Dorex2007 folded before Flop (didn't bet)
Seat 6: deileon folded before Flop (didn't bet)
Seat 7: McRuss folded before Flop (didn't bet)
Seat 8: Murere (button) folded before Flop (didn't bet)
Seat 9: Johnny10170 (small blind) folded before Flop



PokerStars Hand #228326275528:  Hold'em No Limit ($0.01/$0.02 USD) - 2021/07/16 1:32:35 PT [2021/07/16 4:32:35 ET]
Table 'Ausonia' 9-max Seat #9 is the button
Seat 1: Sibur64 ($1.36 in chips) 
Seat 3: McBitter31 ($3.78 in chips) 
Seat 4: TrancaRua2021 ($2 in chips) 
Seat 5: Dorex2007 ($2.70 in chips) 
Seat 6: deileon ($3.74 in chips) 
Seat 7: McRuss ($3.82 in chips) 
Seat 8: Murere ($0.77 in chips) 
Seat 9: Johnny10170 ($3.36 in chips) 
Sibur64: posts small blind $0.01
McBitter31: posts big blind $0.02
*** HOLE CARDS ***
Dealt to Dorex2007 [4h Jd]
TrancaRua2021: folds 
Dorex2007: folds 
deileon: raises $0.02 to $0.04
McRuss: calls $0.04
Murere: folds 
Johnny10170: folds 
Sibur64: calls $0.03
McBitter31: calls $0.02
*** FLOP *** [8h 8d Ts]
Sibur64: checks 
McBitter31: bets $0.07
deileon: folds 
McRuss: folds 
Sibur64: folds 
Uncalled bet ($0.07) returned to McBitter31
McBitter31 collected $0.15 from pot
McBitter31: doesn't show hand 
*** SUMMARY ***
Total pot $0.16 | Rake $0.01 
Board [8h 8d Ts]
Seat 1: Sibur64 (small blind) folded on the Flop
Seat 3: McBitter31 (big blind) collected ($0.15)
Seat 4: TrancaRua2021 folded before Flop (didn't bet)
Seat 5: Dorex2007 folded before Flop (didn't bet)
Seat 6: deileon folded on the Flop
Seat 7: McRuss folded on the Flop
Seat 8: Murere folded before Flop (didn't bet)
Seat 9: Johnny10170 (button) folded before Flop (didn't bet)



PokerStars Hand #228326281268:  Hold'em No Limit ($0.01/$0.02 USD) - 2021/07/16 1:33:11 PT [2021/07/16 4:33:11 ET]
Table 'Ausonia' 9-max Seat #1 is the button
Seat 1: Sibur64 ($1.32 in chips) 
Seat 3: McBitter31 ($3.89 in chips) 
Seat 4: TrancaRua2021 ($2 in chips) 
Seat 5: Dorex2007 ($2.70 in chips) 
Seat 6: deileon ($3.70 in chips) 
Seat 7: McRuss ($3.78 in chips) 
Seat 8: Murere ($0.77 in chips) 
Seat 9: Johnny10170 ($3.36 in chips) 
McBitter31: posts small blind $0.01
TrancaRua2021: posts big blind $0.02
*** HOLE CARDS ***
Dealt to Dorex2007 [9c 8d]
Dorex2007: folds 
deileon: folds 
McRuss: folds 
Murere: folds 
Johnny10170: folds 
Sibur64: folds 
McBitter31: folds 
Uncalled bet ($0.01) returned to TrancaRua2021
TrancaRua2021 collected $0.02 from pot
TrancaRua2021: doesn't show hand 
*** SUMMARY ***
Total pot $0.02 | Rake $0 
Seat 1: Sibur64 (button) folded before Flop (didn't bet)
Seat 3: McBitter31 (small blind) folded before Flop
Seat 4: TrancaRua2021 (big blind) collected ($0.02)
Seat 5: Dorex2007 folded before Flop (didn't bet)
Seat 6: deileon folded before Flop (didn't bet)
Seat 7: McRuss folded before Flop (didn't bet)
Seat 8: Murere folded before Flop (didn't bet)
Seat 9: Johnny10170 folded before Flop (didn't bet)



PokerStars Hand #228326284056:  Hold'em No Limit ($0.01/$0.02 USD) - 2021/07/16 1:33:29 PT [2021/07/16 4:33:29 ET]
Table 'Ausonia' 9-max Seat #3 is the button
Seat 1: Sibur64 ($1.32 in chips) 
Seat 3: McBitter31 ($3.88 in chips) 
Seat 4: TrancaRua2021 ($2.01 in chips) 
Seat 5: Dorex2007 ($2.70 in chips) 
Seat 6: deileon ($3.70 in chips) 
Seat 7: McRuss ($3.78 in chips) 
Seat 8: Murere ($0.77 in chips) 
Seat 9: Johnny10170 ($3.36 in chips) 
TrancaRua2021: posts small blind $0.01
Dorex2007: posts big blind $0.02
*** HOLE CARDS ***
Dealt to Dorex2007 [Kd Kh]
deileon: folds 
McRuss: folds 
Murere: calls $0.02
Johnny10170: calls $0.02
Sibur64: calls $0.02
McBitter31: folds 
TrancaRua2021: calls $0.01
Dorex2007: raises $0.06 to $0.08
Murere: calls $0.06
Johnny10170: calls $0.06
Sibur64: calls $0.06
TrancaRua2021: calls $0.06
*** FLOP *** [Kc 4c 7s]
TrancaRua2021: checks 
Dorex2007: bets $0.10
Murere: calls $0.10
Johnny10170: folds 
Sibur64: calls $0.10
TrancaRua2021: folds 
*** TURN *** [Kc 4c 7s] [8c]
Dorex2007: checks 
Murere: checks 
Sibur64: checks 
*** RIVER *** [Kc 4c 7s 8c] [Qh]
Dorex2007: bets $0.34
Murere: folds 
Sibur64: calls $0.34
*** SHOW DOWN ***
Dorex2007: shows [Kd Kh] (three of a kind, Kings)
Sibur64: mucks hand 
Dorex2007 collected $1.33 from pot
*** SUMMARY ***
Total pot $1.38 | Rake $0.05 
Board [Kc 4c 7s 8c Qh]
Seat 1: Sibur64 mucked [4s Qs]
Seat 3: McBitter31 (button) folded before Flop (didn't bet)
Seat 4: TrancaRua2021 (small blind) folded on the Flop
Seat 5: Dorex2007 (big blind) showed [Kd Kh] and won ($1.33) with three of a kind, Kings
Seat 6: deileon folded before Flop (didn't bet)
Seat 7: McRuss folded before Flop (didn't bet)
Seat 8: Murere folded on the River
Seat 9: Johnny10170 folded on the Flop



PokerStars Hand #228326300134:  Hold'em No Limit ($0.01/$0.02 USD) - 2021/07/16 1:35:10 PT [2021/07/16 4:35:10 ET]
Table 'Ausonia' 9-max Seat #4 is the button
Seat 1: Sibur64 ($0.80 in chips) 
Seat 3: McBitter31 ($3.88 in chips) 
Seat 4: TrancaRua2021 ($2 in chips) 
Seat 5: Dorex2007 ($3.51 in chips) 
Seat 6: deileon ($3.70 in chips) 
Seat 7: McRuss ($3.78 in chips) 
Seat 8: Murere ($0.59 in chips) 
Seat 9: Johnny10170 ($3.28 in chips) 
Dorex2007: posts small blind $0.01
deileon: posts big blind $0.02
dezname: sits out 
*** HOLE CARDS ***
Dealt to Dorex2007 [5c Qd]
McRuss: folds 
Murere: folds 
Johnny10170: folds 
Sibur64 has timed out
Sibur64: folds 
McBitter31: raises $0.05 to $0.07
TrancaRua2021: calls $0.07
Dorex2007: folds 
deileon: folds 
*** FLOP *** [9c Ad 9d]
McBitter31: bets $0.08
TrancaRua2021: calls $0.08
*** TURN *** [9c Ad 9d] [6d]
McBitter31: bets $0.18
TrancaRua2021: calls $0.18
*** RIVER *** [9c Ad 9d 6d] [Kh]
McBitter31: bets $0.40
TrancaRua2021: calls $0.40
*** SHOW DOWN ***
McBitter31: shows [6s 6c] (a full house, Sixes full of Nines)
TrancaRua2021: mucks hand 
McBitter31 collected $1.44 from pot
*** SUMMARY ***
Total pot $1.49 | Rake $0.05 
Board [9c Ad 9d 6d Kh]
Seat 1: Sibur64 folded before Flop (didn't bet)
Seat 3: McBitter31 showed [6s 6c] and won ($1.44) with a full house, Sixes full of Nines
Seat 4: TrancaRua2021 (button) mucked [As Jc]
Seat 5: Dorex2007 (small blind) folded before Flop
Seat 6: deileon (big blind) folded before Flop
Seat 7: McRuss folded before Flop (didn't bet)
Seat 8: Murere folded before Flop (didn't bet)
Seat 9: Johnny10170 folded before Flop (didn't bet)



PokerStars Hand #228326308754:  Hold'em No Limit ($0.01/$0.02 USD) - 2021/07/16 1:36:03 PT [2021/07/16 4:36:03 ET]
Table 'Ausonia' 9-max Seat #5 is the button
Seat 1: Sibur64 ($0.80 in chips) 
Seat 3: McBitter31 ($4.59 in chips) 
Seat 4: TrancaRua2021 ($2 in chips) 
Seat 5: Dorex2007 ($3.50 in chips) 
Seat 6: deileon ($3.68 in chips) 
Seat 7: McRuss ($3.78 in chips) 
Seat 8: Murere ($0.59 in chips) 
Seat 9: Johnny10170 ($3.28 in chips) 
deileon: posts small blind $0.01
McRuss: posts big blind $0.02
dezname: sits out 
*** HOLE CARDS ***
Dealt to Dorex2007 [2s 6c]
Murere: folds 
Johnny10170: folds 
Sibur64: folds 
McBitter31: raises $0.05 to $0.07
TrancaRua2021: folds 
Dorex2007: folds 
deileon: folds 
McRuss: folds 
Uncalled bet ($0.05) returned to McBitter31
McBitter31 collected $0.05 from pot
McBitter31: doesn't show hand 
*** SUMMARY ***
Total pot $0.05 | Rake $0 
Seat 1: Sibur64 folded before Flop (didn't bet)
Seat 3: McBitter31 collected ($0.05)
Seat 4: TrancaRua2021 folded before Flop (didn't bet)
Seat 5: Dorex2007 (button) folded before Flop (didn't bet)
Seat 6: deileon (small blind) folded before Flop
Seat 7: McRuss (big blind) folded before Flop
Seat 8: Murere folded before Flop (didn't bet)
Seat 9: Johnny10170 folded before Flop (didn't bet)



PokerStars Hand #228326312932:  Hold'em No Limit ($0.01/$0.02 USD) - 2021/07/16 1:36:29 PT [2021/07/16 4:36:29 ET]
Table 'Ausonia' 9-max Seat #6 is the button
Seat 1: Sibur64 ($0.80 in chips) 
Seat 3: McBitter31 ($4.62 in chips) 
Seat 4: TrancaRua2021 ($2 in chips) 
Seat 5: Dorex2007 ($3.50 in chips) 
Seat 6: deileon ($3.67 in chips) 
Seat 7: McRuss ($3.76 in chips) 
Seat 8: Murere ($0.59 in chips) 
Seat 9: Johnny10170 ($3.28 in chips) 
McRuss: posts small blind $0.01
Murere: posts big blind $0.02
dezname: sits out 
*** HOLE CARDS ***
Dealt to Dorex2007 [Qd 5h]
Johnny10170: folds 
Sibur64: folds 
McBitter31: folds 
TrancaRua2021: folds 
Dorex2007: folds 
deileon: folds 
McRuss: folds 
Uncalled bet ($0.01) returned to Murere
Murere collected $0.02 from pot
Murere: doesn't show hand 
*** SUMMARY ***
Total pot $0.02 | Rake $0 
Seat 1: Sibur64 folded before Flop (didn't bet)
Seat 3: McBitter31 folded before Flop (didn't bet)
Seat 4: TrancaRua2021 folded before Flop (didn't bet)
Seat 5: Dorex2007 folded before Flop (didn't bet)
Seat 6: deileon (button) folded before Flop (didn't bet)
Seat 7: McRuss (small blind) folded before Flop
Seat 8: Murere (big blind) collected ($0.02)
Seat 9: Johnny10170 folded before Flop (didn't bet)



PokerStars Hand #228326316932:  Hold'em No Limit ($0.01/$0.02 USD) - 2021/07/16 1:36:54 PT [2021/07/16 4:36:54 ET]
Table 'Ausonia' 9-max Seat #7 is the button
Seat 1: Sibur64 ($0.80 in chips) 
Seat 3: McBitter31 ($4.62 in chips) 
Seat 4: TrancaRua2021 ($2 in chips) 
Seat 5: Dorex2007 ($3.50 in chips) 
Seat 6: deileon ($3.67 in chips) 
Seat 7: McRuss ($3.75 in chips) 
Seat 8: Murere ($0.60 in chips) 
Seat 9: Johnny10170 ($3.28 in chips) 
Murere: posts small blind $0.01
Johnny10170: posts big blind $0.02
dezname: sits out 
*** HOLE CARDS ***
Dealt to Dorex2007 [2c Jc]
Sibur64: raises $0.02 to $0.04
McBitter31: calls $0.04
TrancaRua2021: calls $0.04
Dorex2007: folds 
deileon: folds 
McRuss: calls $0.04
Murere: calls $0.03
Johnny10170: folds 
*** FLOP *** [2d Ah Js]
Murere: checks 
Sibur64: checks 
McBitter31: bets $0.10
TrancaRua2021: folds 
McRuss: calls $0.10
Murere: folds 
Sibur64: folds 
*** TURN *** [2d Ah Js] [Qs]
McBitter31: bets $0.20
McRuss: raises $0.26 to $0.46
McBitter31: calls $0.26
*** RIVER *** [2d Ah Js Qs] [4h]
McBitter31: checks 
McRuss: checks 
*** SHOW DOWN ***
McBitter31: shows [As 8s] (a pair of Aces)
McRuss: shows [Ad Qd] (two pair, Aces and Queens)
McRuss collected $1.29 from pot
*** SUMMARY ***
Total pot $1.34 | Rake $0.05 
Board [2d Ah Js Qs 4h]
Seat 1: Sibur64 folded on the Flop
Seat 3: McBitter31 showed [As 8s] and lost with a pair of Aces
Seat 4: TrancaRua2021 folded on the Flop
Seat 5: Dorex2007 folded before Flop (didn't bet)
Seat 6: deileon folded before Flop (didn't bet)
Seat 7: McRuss (button) showed [Ad Qd] and won ($1.29) with two pair, Aces and Queens
Seat 8: Murere (small blind) folded on the Flop
Seat 9: Johnny10170 (big blind) folded before Flop



PokerStars Hand #228326331740:  Hold'em No Limit ($0.01/$0.02 USD) - 2021/07/16 1:38:25 PT [2021/07/16 4:38:25 ET]
Table 'Ausonia' 9-max Seat #8 is the button
Seat 1: Sibur64 ($0.76 in chips) 
Seat 3: McBitter31 ($4.02 in chips) 
Seat 4: TrancaRua2021 ($2 in chips) 
Seat 5: Dorex2007 ($3.50 in chips) 
Seat 6: deileon ($3.67 in chips) 
Seat 7: McRuss ($4.44 in chips) 
Seat 8: Murere ($0.56 in chips) 
Seat 9: Johnny10170 ($3.26 in chips) 
Johnny10170: posts small blind $0.01
Sibur64: posts big blind $0.02
dezname: sits out 
*** HOLE CARDS ***
Dealt to Dorex2007 [Kc Kh]
McBitter31: folds 
TrancaRua2021: folds 
Dorex2007: raises $0.04 to $0.06
deileon: calls $0.06
McRuss: folds 
McBitter31 leaves the table
Murere: folds 
Johnny10170: folds 
Sibur64: calls $0.04
*** FLOP *** [2s 8s Qh]
Sibur64: bets $0.09
Erwinator1000 joins the table at seat #3 
Dorex2007: calls $0.09
deileon: calls $0.09
*** TURN *** [2s 8s Qh] [6s]
Sibur64: bets $0.22
Dorex2007: raises $0.88 to $1.10
deileon: raises $2.42 to $3.52 and is all-in
Sibur64: calls $0.39 and is all-in
Dorex2007: calls $2.25 and is all-in
Uncalled bet ($0.17) returned to deileon
*** RIVER *** [2s 8s Qh 6s] [Qs]
*** SHOW DOWN ***
Dorex2007: shows [Kc Kh] (two pair, Kings and Queens)
deileon: shows [As Ts] (a flush, Ace high)
deileon collected $5.29 from side pot
Sibur64: shows [7s Ks] (a flush, King high)
deileon collected $2.21 from main pot
*** SUMMARY ***
Total pot $7.77 Main pot $2.21. Side pot $5.29. | Rake $0.27 
Board [2s 8s Qh 6s Qs]
Seat 1: Sibur64 (big blind) showed [7s Ks] and lost with a flush, King high
Seat 3: McBitter31 folded before Flop (didn't bet)
Seat 4: TrancaRua2021 folded before Flop (didn't bet)
Seat 5: Dorex2007 showed [Kc Kh] and lost with two pair, Kings and Queens
Seat 6: deileon showed [As Ts] and won ($7.50) with a flush, Ace high
Seat 7: McRuss folded before Flop (didn't bet)
Seat 8: Murere (button) folded before Flop (didn't bet)
Seat 9: Johnny10170 (small blind) folded before Flop



PokerStars Hand #228326345541:  Hold'em No Limit ($0.01/$0.02 USD) - 2021/07/16 1:39:49 PT [2021/07/16 4:39:49 ET]
Table 'Ausonia' 9-max Seat #9 is the button
Seat 4: TrancaRua2021 ($2 in chips) 
Seat 5: Dorex2007 ($2 in chips) 
Seat 6: deileon ($7.67 in chips) 
Seat 7: McRuss ($4.44 in chips) 
Seat 8: Murere ($0.56 in chips) 
Seat 9: Johnny10170 ($3.25 in chips) 
TrancaRua2021: posts small blind $0.01
Dorex2007: posts big blind $0.02
*** HOLE CARDS ***
Dealt to Dorex2007 [Kh 5h]
deileon: calls $0.02
McRuss: folds 
Sibur64 leaves the table
Murere: folds 
Johnny10170: folds 
TrancaRua2021: folds 
Dorex2007: checks 
*** FLOP *** [Kc 2d Tc]
Dorex2007: checks 
deileon: checks 
*** TURN *** [Kc 2d Tc] [Jc]
JohnMcCarty94 joins the table at seat #1 
Dorex2007: checks 
deileon: checks 
*** RIVER *** [Kc 2d Tc Jc] [Ts]
Dorex2007: bets $0.05
deileon: folds 
Uncalled bet ($0.05) returned to Dorex2007
Dorex2007 collected $0.05 from pot
Dorex2007: doesn't show hand 
*** SUMMARY ***
Total pot $0.05 | Rake $0 
Board [Kc 2d Tc Jc Ts]
Seat 4: TrancaRua2021 (small blind) folded before Flop
Seat 5: Dorex2007 (big blind) collected ($0.05)
Seat 6: deileon folded on the River
Seat 7: McRuss folded before Flop (didn't bet)
Seat 8: Murere folded before Flop (didn't bet)
Seat 9: Johnny10170 (button) folded before Flop (didn't bet)



PokerStars Hand #228326352963:  Hold'em No Limit ($0.01/$0.02 USD) - 2021/07/16 1:40:33 PT [2021/07/16 4:40:33 ET]
Table 'Ausonia' 9-max Seat #4 is the button
Seat 1: JohnMcCarty94 ($1.30 in chips) 
Seat 4: TrancaRua2021 ($2 in chips) 
Seat 5: Dorex2007 ($2.03 in chips) 
Seat 6: deileon ($7.65 in chips) 
Seat 7: McRuss ($4.44 in chips) 
Seat 8: Murere ($0.56 in chips) 
Seat 9: Johnny10170 ($3.25 in chips) 
Dorex2007: posts small blind $0.01
deileon: posts big blind $0.02
JohnMcCarty94: posts big blind $0.02
dezname: sits out 
Erwinator1000: sits out 
*** HOLE CARDS ***
Dealt to Dorex2007 [Js 2h]
McRuss: calls $0.02
Murere: folds 
Johnny10170: folds 
JohnMcCarty94: checks 
TrancaRua2021: folds 
Dorex2007: folds 
deileon: checks 
*** FLOP *** [9c Ks 2d]
deileon: checks 
McRuss: checks 
JohnMcCarty94: checks 
*** TURN *** [9c Ks 2d] [2c]
deileon: checks 
McRuss: checks 
JohnMcCarty94: checks 
*** RIVER *** [9c Ks 2d 2c] [Tc]
deileon: checks 
McRuss: checks 
JohnMcCarty94: checks 
*** SHOW DOWN ***
deileon: shows [4d 3d] (a pair of Deuces)
McRuss: shows [Ad 6h] (a pair of Deuces - Ace kicker)
JohnMcCarty94: mucks hand 
McRuss collected $0.07 from pot
*** SUMMARY ***
Total pot $0.07 | Rake $0 
Board [9c Ks 2d 2c Tc]
Seat 1: JohnMcCarty94 mucked [5c 7s]
Seat 4: TrancaRua2021 (button) folded before Flop (didn't bet)
Seat 5: Dorex2007 (small blind) folded before Flop
Seat 6: deileon (big blind) showed [4d 3d] and lost with a pair of Deuces
Seat 7: McRuss showed [Ad 6h] and won ($0.07) with a pair of Deuces
Seat 8: Murere folded before Flop (didn't bet)
Seat 9: Johnny10170 folded before Flop (didn't bet)



PokerStars Hand #228326358619:  Hold'em No Limit ($0.01/$0.02 USD) - 2021/07/16 1:41:07 PT [2021/07/16 4:41:07 ET]
Table 'Ausonia' 9-max Seat #5 is the button
Seat 1: JohnMcCarty94 ($1.28 in chips) 
Seat 4: TrancaRua2021 ($2 in chips) 
Seat 5: Dorex2007 ($2.02 in chips) 
Seat 6: deileon ($7.63 in chips) 
Seat 7: McRuss ($4.49 in chips) 
Seat 8: Murere ($0.56 in chips) 
Seat 9: Johnny10170 ($3.25 in chips) 
deileon: posts small blind $0.01
McRuss: posts big blind $0.02
dezname: sits out 
Erwinator1000: sits out 
*** HOLE CARDS ***
Dealt to Dorex2007 [4c 2h]
Murere: folds 
Johnny10170: folds 
JohnMcCarty94: calls $0.02
TrancaRua2021: raises $0.04 to $0.06
Dorex2007: folds 
Dorex2007 said, "man, you are killing me tonight :)"
deileon: folds 
McRuss: folds 
JohnMcCarty94: folds 
Uncalled bet ($0.04) returned to TrancaRua2021
TrancaRua2021 collected $0.07 from pot
TrancaRua2021: doesn't show hand 
*** SUMMARY ***
Total pot $0.07 | Rake $0 
Seat 1: JohnMcCarty94 folded before Flop
Seat 4: TrancaRua2021 collected ($0.07)
Seat 5: Dorex2007 (button) folded before Flop (didn't bet)
Seat 6: deileon (small blind) folded before Flop
Seat 7: McRuss (big blind) folded before Flop
Seat 8: Murere folded before Flop (didn't bet)
Seat 9: Johnny10170 folded before Flop (didn't bet)



PokerStars Hand #228326364105:  Hold'em No Limit ($0.01/$0.02 USD) - 2021/07/16 1:41:40 PT [2021/07/16 4:41:40 ET]
Table 'Ausonia' 9-max Seat #6 is the button
Seat 1: JohnMcCarty94 ($1.26 in chips) 
Seat 4: TrancaRua2021 ($2.05 in chips) 
Seat 5: Dorex2007 ($2.02 in chips) 
Seat 6: deileon ($7.62 in chips) 
Seat 7: McRuss ($4.47 in chips) 
Seat 8: Murere ($0.56 in chips) 
Seat 9: Johnny10170 ($3.25 in chips) 
McRuss: posts small blind $0.01
Murere: posts big blind $0.02
dezname: sits out 
Erwinator1000: sits out 
*** HOLE CARDS ***
Dealt to Dorex2007 [Jd 3d]
Johnny10170: folds 
JohnMcCarty94: folds 
TrancaRua2021: raises $0.03 to $0.05
Dorex2007: folds 
deileon: folds 
McRuss: folds 
Murere: calls $0.03
*** FLOP *** [2h 8s 2d]
Murere: checks 
TrancaRua2021: bets $0.06
Murere: folds 
Uncalled bet ($0.06) returned to TrancaRua2021
TrancaRua2021 collected $0.11 from pot
TrancaRua2021: doesn't show hand 
*** SUMMARY ***
Total pot $0.11 | Rake $0 
Board [2h 8s 2d]
Seat 1: JohnMcCarty94 folded before Flop (didn't bet)
Seat 4: TrancaRua2021 collected ($0.11)
Seat 5: Dorex2007 folded before Flop (didn't bet)
Seat 6: deileon (button) folded before Flop (didn't bet)
Seat 7: McRuss (small blind) folded before Flop
Seat 8: Murere (big blind) folded on the Flop
Seat 9: Johnny10170 folded before Flop (didn't bet)



PokerStars Hand #228326371157:  Hold'em No Limit ($0.01/$0.02 USD) - 2021/07/16 1:42:22 PT [2021/07/16 4:42:22 ET]
Table 'Ausonia' 9-max Seat #7 is the button
Seat 1: JohnMcCarty94 ($1.26 in chips) 
Seat 4: TrancaRua2021 ($2.11 in chips) 
Seat 5: Dorex2007 ($2.02 in chips) 
Seat 6: deileon ($7.62 in chips) 
Seat 7: McRuss ($4.46 in chips) 
Seat 8: Murere ($0.51 in chips) 
Seat 9: Johnny10170 ($3.25 in chips) 
Murere: posts small blind $0.01
Johnny10170: posts big blind $0.02
dezname: sits out 
Erwinator1000: sits out 
*** HOLE CARDS ***
Dealt to Dorex2007 [4h Qs]
JohnMcCarty94: calls $0.02
TrancaRua2021: folds 
Dorex2007: folds 
deileon: folds 
McRuss: calls $0.02
Murere: calls $0.01
Johnny10170: checks 
*** FLOP *** [6d Ah 5d]
Murere: checks 
Johnny10170: checks 
JohnMcCarty94: checks 
McRuss: checks 
*** TURN *** [6d Ah 5d] [9s]
Murere: checks 
Johnny10170: checks 
JohnMcCarty94: bets $0.02
McRuss: folds 
Murere: calls $0.02
Johnny10170: calls $0.02
*** RIVER *** [6d Ah 5d 9s] [Qh]
Murere: checks 
Johnny10170: checks 
JohnMcCarty94: bets $0.02
Murere: folds 
Johnny10170: folds 
Uncalled bet ($0.02) returned to JohnMcCarty94
JohnMcCarty94 collected $0.14 from pot
JohnMcCarty94: doesn't show hand 
*** SUMMARY ***
Total pot $0.14 | Rake $0 
Board [6d Ah 5d 9s Qh]
Seat 1: JohnMcCarty94 collected ($0.14)
Seat 4: TrancaRua2021 folded before Flop (didn't bet)
Seat 5: Dorex2007 folded before Flop (didn't bet)
Seat 6: deileon folded before Flop (didn't bet)
Seat 7: McRuss (button) folded on the Turn
Seat 8: Murere (small blind) folded on the River
Seat 9: Johnny10170 (big blind) folded on the River



PokerStars Hand #228326396073:  Hold'em No Limit ($0.01/$0.02 USD) - 2021/07/16 1:44:50 PT [2021/07/16 4:44:50 ET]
Table 'Ausonia' 9-max Seat #8 is the button
Seat 1: JohnMcCarty94 ($1.36 in chips) 
Seat 4: TrancaRua2021 ($2.11 in chips) 
Seat 5: Dorex2007 ($2.02 in chips) 
Seat 6: deileon ($7.62 in chips) 
Seat 7: McRuss ($4.44 in chips) 
Seat 8: Murere ($0.47 in chips) 
Seat 9: Johnny10170 ($3.21 in chips) 
Johnny10170: posts small blind $0.01
JohnMcCarty94: posts big blind $0.02
dezname: sits out 
Erwinator1000: sits out 
*** HOLE CARDS ***
Dealt to Dorex2007 [Jd Jc]
TrancaRua2021: raises $0.03 to $0.05
Dorex2007: raises $0.03 to $0.08
deileon: calls $0.08
McRuss: folds 
Murere: folds 
Johnny10170: folds 
JohnMcCarty94: calls $0.06
TrancaRua2021: calls $0.03
*** FLOP *** [Qc 5c 2c]
JohnMcCarty94: checks 
TrancaRua2021: bets $0.24
Dorex2007: folds 
deileon: calls $0.24
JohnMcCarty94: folds 
*** TURN *** [Qc 5c 2c] [5d]
TrancaRua2021: bets $0.59
deileon: folds 
Uncalled bet ($0.59) returned to TrancaRua2021
TrancaRua2021 collected $0.78 from pot
TrancaRua2021: doesn't show hand 
*** SUMMARY ***
Total pot $0.81 | Rake $0.03 
Board [Qc 5c 2c 5d]
Seat 1: JohnMcCarty94 (big blind) folded on the Flop
Seat 4: TrancaRua2021 collected ($0.78)
Seat 5: Dorex2007 folded on the Flop
Seat 6: deileon folded on the Turn
Seat 7: McRuss folded before Flop (didn't bet)
Seat 8: Murere (button) folded before Flop (didn't bet)
Seat 9: Johnny10170 (small blind) folded before Flop



PokerStars Hand #228326404504:  Hold'em No Limit ($0.01/$0.02 USD) - 2021/07/16 1:45:41 PT [2021/07/16 4:45:41 ET]
Table 'Ausonia' 9-max Seat #9 is the button
Seat 1: JohnMcCarty94 ($1.28 in chips) 
Seat 2: dezname ($2.25 in chips) 
Seat 4: TrancaRua2021 ($2.57 in chips) 
Seat 5: Dorex2007 ($1.94 in chips) 
Seat 6: deileon ($7.30 in chips) 
Seat 7: McRuss ($4.44 in chips) 
Seat 8: Murere ($0.47 in chips) 
Seat 9: Johnny10170 ($3.20 in chips) 
JohnMcCarty94: posts small blind $0.01
dezname: posts big blind $0.02
Erwinator1000: sits out 
*** HOLE CARDS ***
Dealt to Dorex2007 [5d 5c]
TrancaRua2021: folds 
Dorex2007: raises $0.02 to $0.04
deileon: folds 
McRuss: raises $0.08 to $0.12
Murere: folds 
Johnny10170: folds 
JohnMcCarty94: calls $0.11
dezname: folds 
Dorex2007: calls $0.08
*** FLOP *** [2s 8s 6d]
JohnMcCarty94: checks 
Dorex2007: checks 
McRuss: bets $0.35
JohnMcCarty94: folds 
Dorex2007: folds 
Uncalled bet ($0.35) returned to McRuss
McRuss collected $0.37 from pot
McRuss: doesn't show hand 
*** SUMMARY ***
Total pot $0.38 | Rake $0.01 
Board [2s 8s 6d]
Seat 1: JohnMcCarty94 (small blind) folded on the Flop
Seat 2: dezname (big blind) folded before Flop
Seat 4: TrancaRua2021 folded before Flop (didn't bet)
Seat 5: Dorex2007 folded on the Flop
Seat 6: deileon folded before Flop (didn't bet)
Seat 7: McRuss collected ($0.37)
Seat 8: Murere folded before Flop (didn't bet)
Seat 9: Johnny10170 (button) folded before Flop (didn't bet)



PokerStars Hand #228326411217:  Hold'em No Limit ($0.01/$0.02 USD) - 2021/07/16 1:46:20 PT [2021/07/16 4:46:20 ET]
Table 'Ausonia' 9-max Seat #1 is the button
Seat 1: JohnMcCarty94 ($1.16 in chips) 
Seat 2: dezname ($2.23 in chips) 
Seat 3: Erwinator1000 ($1.60 in chips) 
Seat 4: TrancaRua2021 ($2.57 in chips) 
Seat 5: Dorex2007 ($1.82 in chips) 
Seat 6: deileon ($7.30 in chips) 
Seat 7: McRuss ($4.69 in chips) 
Seat 8: Murere ($0.47 in chips) 
Seat 9: Johnny10170 ($3.20 in chips) 
dezname: posts small blind $0.01
Erwinator1000: posts big blind $0.02
*** HOLE CARDS ***
Dealt to Dorex2007 [6c Tc]
TrancaRua2021: folds 
Dorex2007: folds 
deileon: calls $0.02
McRuss: folds 
Murere: folds 
Johnny10170: folds 
JohnMcCarty94: calls $0.02
dezname: folds 
Erwinator1000: checks 
*** FLOP *** [2h Js 5c]
Erwinator1000: checks 
deileon: checks 
JohnMcCarty94: checks 
*** TURN *** [2h Js 5c] [9s]
Erwinator1000: checks 
deileon: bets $0.07
JohnMcCarty94: calls $0.07
Erwinator1000: calls $0.07
*** RIVER *** [2h Js 5c 9s] [Qc]
Erwinator1000: checks 
deileon: checks 
JohnMcCarty94: bets $0.11
Erwinator1000: calls $0.11
deileon: folds 
*** SHOW DOWN ***
JohnMcCarty94: shows [Qs Kc] (a pair of Queens)
Erwinator1000: mucks hand 
JohnMcCarty94 collected $0.48 from pot
*** SUMMARY ***
Total pot $0.50 | Rake $0.02 
Board [2h Js 5c 9s Qc]
Seat 1: JohnMcCarty94 (button) showed [Qs Kc] and won ($0.48) with a pair of Queens
Seat 2: dezname (small blind) folded before Flop
Seat 3: Erwinator1000 (big blind) mucked [4c Jh]
Seat 4: TrancaRua2021 folded before Flop (didn't bet)
Seat 5: Dorex2007 folded before Flop (didn't bet)
Seat 6: deileon folded on the River
Seat 7: McRuss folded before Flop (didn't bet)
Seat 8: Murere folded before Flop (didn't bet)
Seat 9: Johnny10170 folded before Flop (didn't bet)



PokerStars Hand #228326421034:  Hold'em No Limit ($0.01/$0.02 USD) - 2021/07/16 1:47:18 PT [2021/07/16 4:47:18 ET]
Table 'Ausonia' 9-max Seat #2 is the button
Seat 1: JohnMcCarty94 ($1.44 in chips) 
Seat 2: dezname ($2.22 in chips) 
Seat 3: Erwinator1000 ($1.40 in chips) 
Seat 4: TrancaRua2021 ($2.57 in chips) 
Seat 5: Dorex2007 ($1.82 in chips) 
Seat 6: deileon ($7.21 in chips) 
Seat 8: Murere ($0.47 in chips) 
Seat 9: Johnny10170 ($3.20 in chips) 
Erwinator1000: posts small blind $0.01
TrancaRua2021: posts big blind $0.02
*** HOLE CARDS ***
Dealt to Dorex2007 [6c Th]
Dorex2007: folds 
deileon: folds 
Murere: folds 
Johnny10170: folds 
JohnMcCarty94: calls $0.02
dezname: folds 
Erwinator1000: calls $0.01
McRuss is disconnected 
TrancaRua2021: checks 
*** FLOP *** [5h 2h Ad]
Erwinator1000: checks 
TrancaRua2021: checks 
JohnMcCarty94: checks 
*** TURN *** [5h 2h Ad] [Td]
Erwinator1000: checks 
TrancaRua2021: checks 
JohnMcCarty94: bets $0.02
Erwinator1000: calls $0.02
TrancaRua2021: folds 
*** RIVER *** [5h 2h Ad Td] [7s]
Erwinator1000: checks 
JohnMcCarty94: bets $0.25
Erwinator1000: calls $0.25
*** SHOW DOWN ***
JohnMcCarty94: shows [Tc 5s] (two pair, Tens and Fives)
Erwinator1000: mucks hand 
JohnMcCarty94 collected $0.58 from pot
*** SUMMARY ***
Total pot $0.60 | Rake $0.02 
Board [5h 2h Ad Td 7s]
Seat 1: JohnMcCarty94 showed [Tc 5s] and won ($0.58) with two pair, Tens and Fives
Seat 2: dezname (button) folded before Flop (didn't bet)
Seat 3: Erwinator1000 (small blind) mucked [Kc Ah]
Seat 4: TrancaRua2021 (big blind) folded on the Turn
Seat 5: Dorex2007 folded before Flop (didn't bet)
Seat 6: deileon folded before Flop (didn't bet)
Seat 8: Murere folded before Flop (didn't bet)
Seat 9: Johnny10170 folded before Flop (didn't bet)



PokerStars Hand #228326431248:  Hold'em No Limit ($0.01/$0.02 USD) - 2021/07/16 1:48:18 PT [2021/07/16 4:48:18 ET]
Table 'Ausonia' 9-max Seat #3 is the button
Seat 1: JohnMcCarty94 ($1.73 in chips) 
Seat 2: dezname ($2.22 in chips) 
Seat 3: Erwinator1000 ($1.11 in chips) 
Seat 4: TrancaRua2021 ($2.55 in chips) 
Seat 5: Dorex2007 ($1.82 in chips) 
Seat 6: deileon ($7.21 in chips) 
Seat 8: Murere ($0.47 in chips) 
Seat 9: Johnny10170 ($3.20 in chips) 
TrancaRua2021: posts small blind $0.01
Dorex2007: posts big blind $0.02
*** HOLE CARDS ***
Dealt to Dorex2007 [5d 6h]
deileon: folds 
Murere: folds 
Johnny10170: folds 
JohnMcCarty94: calls $0.02
dezname: folds 
Erwinator1000: calls $0.02
TrancaRua2021: calls $0.01
Dorex2007: checks 
*** FLOP *** [9d Js 2c]
TrancaRua2021: checks 
Dorex2007: checks 
JohnMcCarty94: checks 
Erwinator1000: checks 
*** TURN *** [9d Js 2c] [7c]
TrancaRua2021: checks 
Dorex2007: checks 
JohnMcCarty94: checks 
Erwinator1000: checks 
*** RIVER *** [9d Js 2c 7c] [Kc]
TrancaRua2021: checks 
Dorex2007: checks 
JohnMcCarty94: checks 
Erwinator1000: checks 
*** SHOW DOWN ***
TrancaRua2021: shows [Ad Tc] (high card Ace)
Dorex2007: mucks hand 
JohnMcCarty94: mucks hand 
Erwinator1000: shows [Qh 9h] (a pair of Nines)
Erwinator1000 collected $0.08 from pot
*** SUMMARY ***
Total pot $0.08 | Rake $0 
Board [9d Js 2c 7c Kc]
Seat 1: JohnMcCarty94 mucked [4h 3c]
Seat 2: dezname folded before Flop (didn't bet)
Seat 3: Erwinator1000 (button) showed [Qh 9h] and won ($0.08) with a pair of Nines
Seat 4: TrancaRua2021 (small blind) showed [Ad Tc] and lost with high card Ace
Seat 5: Dorex2007 (big blind) mucked [5d 6h]
Seat 6: deileon folded before Flop (didn't bet)
Seat 8: Murere folded before Flop (didn't bet)
Seat 9: Johnny10170 folded before Flop (didn't bet)



PokerStars Hand #228326445460:  Hold'em No Limit ($0.01/$0.02 USD) - 2021/07/16 1:49:38 PT [2021/07/16 4:49:38 ET]
Table 'Ausonia' 9-max Seat #4 is the button
Seat 1: JohnMcCarty94 ($1.71 in chips) 
Seat 2: dezname ($2.22 in chips) 
Seat 3: Erwinator1000 ($1.17 in chips) 
Seat 4: TrancaRua2021 ($2.53 in chips) 
Seat 5: Dorex2007 ($1.80 in chips) 
Seat 6: deileon ($7.21 in chips) 
Seat 8: Murere ($0.47 in chips) 
Seat 9: Johnny10170 ($3.20 in chips) 
Dorex2007: posts small blind $0.01
deileon: posts big blind $0.02
*** HOLE CARDS ***
Dealt to Dorex2007 [Qd 5c]
Murere: calls $0.02
Johnny10170: folds 
JohnMcCarty94: calls $0.02
dezname: folds 
Erwinator1000: folds 
TrancaRua2021: raises $0.09 to $0.11
Dorex2007: folds 
deileon: folds 
Murere: calls $0.09
JohnMcCarty94: calls $0.09
*** FLOP *** [9h 2s Ah]
Murere: bets $0.02
JohnMcCarty94: calls $0.02
TrancaRua2021: raises $0.21 to $0.23
Murere: folds 
JohnMcCarty94: folds 
Uncalled bet ($0.21) returned to TrancaRua2021
TrancaRua2021 collected $0.41 from pot
TrancaRua2021: doesn't show hand 
*** SUMMARY ***
Total pot $0.42 | Rake $0.01 
Board [9h 2s Ah]
Seat 1: JohnMcCarty94 folded on the Flop
Seat 2: dezname folded before Flop (didn't bet)
Seat 3: Erwinator1000 folded before Flop (didn't bet)
Seat 4: TrancaRua2021 (button) collected ($0.41)
Seat 5: Dorex2007 (small blind) folded before Flop
Seat 6: deileon (big blind) folded before Flop
Seat 8: Murere folded on the Flop
Seat 9: Johnny10170 folded before Flop (didn't bet)



PokerStars Hand #228326459096:  Hold'em No Limit ($0.01/$0.02 USD) - 2021/07/16 1:50:56 PT [2021/07/16 4:50:56 ET]
Table 'Ausonia' 9-max Seat #5 is the button
Seat 1: JohnMcCarty94 ($1.58 in chips) 
Seat 2: dezname ($2.22 in chips) 
Seat 3: Erwinator1000 ($1.17 in chips) 
Seat 4: TrancaRua2021 ($2.81 in chips) 
Seat 5: Dorex2007 ($2 in chips) 
Seat 6: deileon ($7.19 in chips) 
Seat 8: Murere ($0.34 in chips) 
Seat 9: Johnny10170 ($3.20 in chips) 
deileon: posts small blind $0.01
Murere: posts big blind $0.02
*** HOLE CARDS ***
Dealt to Dorex2007 [8s 9s]
Johnny10170: folds 
JohnMcCarty94: calls $0.02
dezname: folds 
Erwinator1000: folds 
TrancaRua2021: folds 
Dorex2007: folds 
deileon: calls $0.01
Murere: checks 
*** FLOP *** [7d 6d 7s]
deileon: checks 
Murere: checks 
JohnMcCarty94: checks 
*** TURN *** [7d 6d 7s] [8d]
deileon: checks 
Murere: checks 
JohnMcCarty94: checks 
*** RIVER *** [7d 6d 7s 8d] [2c]
deileon: checks 
Murere: checks 
JohnMcCarty94: checks 
*** SHOW DOWN ***
deileon: shows [Qh 9h] (a pair of Sevens)
Murere: shows [5c Kd] (a pair of Sevens - King kicker)
JohnMcCarty94: shows [Qs Ah] (a pair of Sevens - Ace kicker)
JohnMcCarty94 collected $0.06 from pot
*** SUMMARY ***
Total pot $0.06 | Rake $0 
Board [7d 6d 7s 8d 2c]
Seat 1: JohnMcCarty94 showed [Qs Ah] and won ($0.06) with a pair of Sevens
Seat 2: dezname folded before Flop (didn't bet)
Seat 3: Erwinator1000 folded before Flop (didn't bet)
Seat 4: TrancaRua2021 folded before Flop (didn't bet)
Seat 5: Dorex2007 (button) folded before Flop (didn't bet)
Seat 6: deileon (small blind) showed [Qh 9h] and lost with a pair of Sevens
Seat 8: Murere (big blind) showed [5c Kd] and lost with a pair of Sevens
Seat 9: Johnny10170 folded before Flop (didn't bet)



PokerStars Hand #228326466980:  Hold'em No Limit ($0.01/$0.02 USD) - 2021/07/16 1:51:41 PT [2021/07/16 4:51:41 ET]
Table 'Ausonia' 9-max Seat #6 is the button
Seat 1: JohnMcCarty94 ($1.62 in chips) 
Seat 2: dezname ($2.22 in chips) 
Seat 3: Erwinator1000 ($1.17 in chips) 
Seat 4: TrancaRua2021 ($2.81 in chips) 
Seat 5: Dorex2007 ($2 in chips) 
Seat 6: deileon ($7.17 in chips) 
Seat 8: Murere ($0.32 in chips) 
Seat 9: Johnny10170 ($3.20 in chips) 
Murere: posts small blind $0.01
Johnny10170: posts big blind $0.02
*** HOLE CARDS ***
Dealt to Dorex2007 [Ac 6d]
JohnMcCarty94: calls $0.02
dezname: folds 
Erwinator1000: folds 
TrancaRua2021: folds 
Dorex2007: folds 
deileon: calls $0.02
Murere: calls $0.01
Johnny10170: checks 
*** FLOP *** [Kc 8h Ah]
Murere: bets $0.02
Johnny10170: calls $0.02
JohnMcCarty94: calls $0.02
deileon: calls $0.02
*** TURN *** [Kc 8h Ah] [Qc]
Murere: checks 
Johnny10170: checks 
JohnMcCarty94: checks 
deileon: checks 
*** RIVER *** [Kc 8h Ah Qc] [Jd]
Murere: checks 
Johnny10170: checks 
JohnMcCarty94: checks 
deileon: checks 
*** SHOW DOWN ***
Murere: shows [3s Kh] (a pair of Kings)
Johnny10170: shows [As 3c] (a pair of Aces)
JohnMcCarty94: mucks hand 
deileon: mucks hand 
Johnny10170 collected $0.15 from pot
*** SUMMARY ***
Total pot $0.16 | Rake $0.01 
Board [Kc 8h Ah Qc Jd]
Seat 1: JohnMcCarty94 mucked [2h Ks]
Seat 2: dezname folded before Flop (didn't bet)
Seat 3: Erwinator1000 folded before Flop (didn't bet)
Seat 4: TrancaRua2021 folded before Flop (didn't bet)
Seat 5: Dorex2007 folded before Flop (didn't bet)
Seat 6: deileon (button) mucked [9d 9c]
Seat 8: Murere (small blind) showed [3s Kh] and lost with a pair of Kings
Seat 9: Johnny10170 (big blind) showed [As 3c] and won ($0.15) with a pair of Aces



PokerStars Hand #228326478826:  Hold'em No Limit ($0.01/$0.02 USD) - 2021/07/16 1:52:49 PT [2021/07/16 4:52:49 ET]
Table 'Ausonia' 9-max Seat #8 is the button
Seat 1: JohnMcCarty94 ($1.58 in chips) 
Seat 2: dezname ($2.22 in chips) 
Seat 3: Erwinator1000 ($1.17 in chips) 
Seat 4: TrancaRua2021 ($2.81 in chips) 
Seat 5: Dorex2007 ($2 in chips) 
Seat 6: deileon ($7.13 in chips) 
Seat 8: Murere ($0.28 in chips) 
Seat 9: Johnny10170 ($3.31 in chips) 
Johnny10170: posts small blind $0.01
JohnMcCarty94: posts big blind $0.02
*** HOLE CARDS ***
Dealt to Dorex2007 [3h Jh]
dezname: folds 
Erwinator1000: calls $0.02
TrancaRua2021: folds 
Dorex2007: folds 
deileon: calls $0.02
Murere: folds 
Johnny10170: folds 
JohnMcCarty94: checks 
*** FLOP *** [4d 9c 2h]
JohnMcCarty94: checks 
Erwinator1000: checks 
deileon: checks 
*** TURN *** [4d 9c 2h] [9d]
JohnMcCarty94: checks 
Erwinator1000: checks 
deileon: checks 
*** RIVER *** [4d 9c 2h 9d] [Jd]
JohnMcCarty94: checks 
Erwinator1000: checks 
deileon: checks 
*** SHOW DOWN ***
JohnMcCarty94: shows [7d 5s] (a pair of Nines)
Erwinator1000: shows [Jc Kd] (two pair, Jacks and Nines)
deileon: mucks hand 
Erwinator1000 collected $0.07 from pot
*** SUMMARY ***
Total pot $0.07 | Rake $0 
Board [4d 9c 2h 9d Jd]
Seat 1: JohnMcCarty94 (big blind) showed [7d 5s] and lost with a pair of Nines
Seat 2: dezname folded before Flop (didn't bet)
Seat 3: Erwinator1000 showed [Jc Kd] and won ($0.07) with two pair, Jacks and Nines
Seat 4: TrancaRua2021 folded before Flop (didn't bet)
Seat 5: Dorex2007 folded before Flop (didn't bet)
Seat 6: deileon mucked [Ks Qd]
Seat 8: Murere (button) folded before Flop (didn't bet)
Seat 9: Johnny10170 (small blind) folded before Flop



PokerStars Hand #228326486282:  Hold'em No Limit ($0.01/$0.02 USD) - 2021/07/16 1:53:31 PT [2021/07/16 4:53:31 ET]
Table 'Ausonia' 9-max Seat #9 is the button
Seat 1: JohnMcCarty94 ($1.56 in chips) 
Seat 2: dezname ($2.22 in chips) 
Seat 3: Erwinator1000 ($1.22 in chips) 
Seat 4: TrancaRua2021 ($2.81 in chips) 
Seat 5: Dorex2007 ($2 in chips) 
Seat 6: deileon ($7.11 in chips) 
Seat 8: Murere ($0.28 in chips) 
Seat 9: Johnny10170 ($3.30 in chips) 
JohnMcCarty94: posts small blind $0.01
dezname: posts big blind $0.02
*** HOLE CARDS ***
Dealt to Dorex2007 [Th 8h]
Erwinator1000: calls $0.02
TrancaRua2021: folds 
Dorex2007: folds 
deileon: folds 
Murere: folds 
Johnny10170: folds 
JohnMcCarty94: calls $0.01
dezname: checks 
*** FLOP *** [7s 2c 3s]
JohnMcCarty94: checks 
dezname: bets $0.06
Erwinator1000: folds 
JohnMcCarty94: calls $0.06
*** TURN *** [7s 2c 3s] [5d]
JohnMcCarty94: checks 
dezname: bets $0.11
JohnMcCarty94: calls $0.11
*** RIVER *** [7s 2c 3s 5d] [9c]
JohnMcCarty94: checks 
dezname: bets $0.10
JohnMcCarty94: calls $0.10
*** SHOW DOWN ***
dezname: shows [9d 7h] (two pair, Nines and Sevens)
JohnMcCarty94: mucks hand 
dezname collected $0.58 from pot
*** SUMMARY ***
Total pot $0.60 | Rake $0.02 
Board [7s 2c 3s 5d 9c]
Seat 1: JohnMcCarty94 (small blind) mucked [7c Ah]
Seat 2: dezname (big blind) showed [9d 7h] and won ($0.58) with two pair, Nines and Sevens
Seat 3: Erwinator1000 folded on the Flop
Seat 4: TrancaRua2021 folded before Flop (didn't bet)
Seat 5: Dorex2007 folded before Flop (didn't bet)
Seat 6: deileon folded before Flop (didn't bet)
Seat 8: Murere folded before Flop (didn't bet)
Seat 9: Johnny10170 (button) folded before Flop (didn't bet)



PokerStars Hand #228326494875:  Hold'em No Limit ($0.01/$0.02 USD) - 2021/07/16 1:54:20 PT [2021/07/16 4:54:20 ET]
Table 'Ausonia' 9-max Seat #1 is the button
Seat 1: JohnMcCarty94 ($1.27 in chips) 
Seat 2: dezname ($2.51 in chips) 
Seat 3: Erwinator1000 ($1.20 in chips) 
Seat 4: TrancaRua2021 ($2.81 in chips) 
Seat 5: Dorex2007 ($2 in chips) 
Seat 6: deileon ($7.11 in chips) 
Seat 8: Murere ($0.28 in chips) 
Seat 9: Johnny10170 ($3.30 in chips) 
dezname: posts small blind $0.01
Erwinator1000: posts big blind $0.02
*** HOLE CARDS ***
Dealt to Dorex2007 [Th 8h]
TrancaRua2021: folds 
Dorex2007: folds 
deileon: folds 
Murere: folds 
Johnny10170: folds 
JohnMcCarty94: calls $0.02
dezname: folds 
Erwinator1000: checks 
*** FLOP *** [6h 4d 2h]
Erwinator1000: checks 
JohnMcCarty94: checks 
*** TURN *** [6h 4d 2h] [7d]
Erwinator1000: checks 
JohnMcCarty94: checks 
*** RIVER *** [6h 4d 2h 7d] [Td]
Erwinator1000: checks 
JohnMcCarty94: checks 
*** SHOW DOWN ***
Erwinator1000: shows [6d 8s] (a pair of Sixes)
JohnMcCarty94: mucks hand 
Erwinator1000 collected $0.05 from pot
*** SUMMARY ***
Total pot $0.05 | Rake $0 
Board [6h 4d 2h 7d Td]
Seat 1: JohnMcCarty94 (button) mucked [5h Js]
Seat 2: dezname (small blind) folded before Flop
Seat 3: Erwinator1000 (big blind) showed [6d 8s] and won ($0.05) with a pair of Sixes
Seat 4: TrancaRua2021 folded before Flop (didn't bet)
Seat 5: Dorex2007 folded before Flop (didn't bet)
Seat 6: deileon folded before Flop (didn't bet)
Seat 8: Murere folded before Flop (didn't bet)
Seat 9: Johnny10170 folded before Flop (didn't bet)



PokerStars Hand #228326513813:  Hold'em No Limit ($0.01/$0.02 USD) - 2021/07/16 1:55:17 PT [2021/07/16 4:55:17 ET]
Table 'Ausonia' 9-max Seat #2 is the button
Seat 1: JohnMcCarty94 ($1.25 in chips) 
Seat 2: dezname ($2.50 in chips) 
Seat 3: Erwinator1000 ($1.23 in chips) 
Seat 4: TrancaRua2021 ($2.81 in chips) 
Seat 5: Dorex2007 ($2 in chips) 
Seat 6: deileon ($7.11 in chips) 
Seat 8: Murere ($0.28 in chips) 
Seat 9: Johnny10170 ($3.30 in chips) 
Erwinator1000: posts small blind $0.01
TrancaRua2021: posts big blind $0.02
*** HOLE CARDS ***
Dealt to Dorex2007 [6c Js]
Dorex2007: folds 
deileon: calls $0.02
Murere: folds 
Johnny10170: folds 
JohnMcCarty94: calls $0.02
dezname: folds 
Erwinator1000: folds 
TrancaRua2021: checks 
*** FLOP *** [Ah 4h 9s]
TrancaRua2021: checks 
deileon: checks 
JohnMcCarty94: bets $0.02
TrancaRua2021: folds 
deileon: folds 
Uncalled bet ($0.02) returned to JohnMcCarty94
JohnMcCarty94 collected $0.07 from pot
JohnMcCarty94: doesn't show hand 
*** SUMMARY ***
Total pot $0.07 | Rake $0 
Board [Ah 4h 9s]
Seat 1: JohnMcCarty94 collected ($0.07)
Seat 2: dezname (button) folded before Flop (didn't bet)
Seat 3: Erwinator1000 (small blind) folded before Flop
Seat 4: TrancaRua2021 (big blind) folded on the Flop
Seat 5: Dorex2007 folded before Flop (didn't bet)
Seat 6: deileon folded on the Flop
Seat 8: Murere folded before Flop (didn't bet)
Seat 9: Johnny10170 folded before Flop (didn't bet)



PokerStars Hand #228326518584:  Hold'em No Limit ($0.01/$0.02 USD) - 2021/07/16 1:55:49 PT [2021/07/16 4:55:49 ET]
Table 'Ausonia' 9-max Seat #3 is the button
Seat 1: JohnMcCarty94 ($1.30 in chips) 
Seat 2: dezname ($2.50 in chips) 
Seat 3: Erwinator1000 ($1.22 in chips) 
Seat 4: TrancaRua2021 ($2.79 in chips) 
Seat 5: Dorex2007 ($2 in chips) 
Seat 6: deileon ($7.09 in chips) 
Seat 8: Murere ($0.28 in chips) 
Seat 9: Johnny10170 ($3.30 in chips) 
TrancaRua2021: posts small blind $0.01
Dorex2007: posts big blind $0.02
*** HOLE CARDS ***
Dealt to Dorex2007 [9h 3s]
deileon: folds 
Murere: folds 
Johnny10170: folds 
JohnMcCarty94: calls $0.02
dezname: folds 
Erwinator1000: calls $0.02
TrancaRua2021: calls $0.01
Dorex2007: checks 
*** FLOP *** [5s Ts 6h]
TrancaRua2021: checks 
Dorex2007: checks 
JohnMcCarty94: checks 
Erwinator1000: checks 
*** TURN *** [5s Ts 6h] [Ks]
TrancaRua2021: checks 
Dorex2007: checks 
JohnMcCarty94: checks 
Erwinator1000: checks 
*** RIVER *** [5s Ts 6h Ks] [6d]
TrancaRua2021: checks 
Dorex2007: checks 
JohnMcCarty94: checks 
Erwinator1000: checks 
*** SHOW DOWN ***
TrancaRua2021: shows [Ah 5h] (two pair, Sixes and Fives)
Dorex2007: mucks hand 
JohnMcCarty94: mucks hand 
Erwinator1000: shows [8c 6c] (three of a kind, Sixes)
Erwinator1000 collected $0.08 from pot
*** SUMMARY ***
Total pot $0.08 | Rake $0 
Board [5s Ts 6h Ks 6d]
Seat 1: JohnMcCarty94 mucked [4c Jh]
Seat 2: dezname folded before Flop (didn't bet)
Seat 3: Erwinator1000 (button) showed [8c 6c] and won ($0.08) with three of a kind, Sixes
Seat 4: TrancaRua2021 (small blind) showed [Ah 5h] and lost with two pair, Sixes and Fives
Seat 5: Dorex2007 (big blind) mucked [9h 3s]
Seat 6: deileon folded before Flop (didn't bet)
Seat 8: Murere folded before Flop (didn't bet)
Seat 9: Johnny10170 folded before Flop (didn't bet)



PokerStars Hand #228326525362:  Hold'em No Limit ($0.01/$0.02 USD) - 2021/07/16 1:56:35 PT [2021/07/16 4:56:35 ET]
Table 'Ausonia' 9-max Seat #4 is the button
Seat 1: JohnMcCarty94 ($1.28 in chips) 
Seat 2: dezname ($2.50 in chips) 
Seat 3: Erwinator1000 ($1.28 in chips) 
Seat 4: TrancaRua2021 ($2.77 in chips) 
Seat 5: Dorex2007 ($1.98 in chips) 
Seat 6: deileon ($7.09 in chips) 
Seat 8: Murere ($0.28 in chips) 
Seat 9: Johnny10170 ($3.30 in chips) 
Dorex2007: posts small blind $0.01
deileon: posts big blind $0.02
*** HOLE CARDS ***
Dealt to Dorex2007 [Jc Js]
Murere: folds 
Johnny10170: folds 
JohnMcCarty94: calls $0.02
dezname: folds 
Erwinator1000: folds 
TrancaRua2021: folds 
Dorex2007: calls $0.01
deileon: checks 
*** FLOP *** [3h 6h Qd]
Dorex2007: checks 
deileon: checks 
JohnMcCarty94: bets $0.02
Dorex2007: calls $0.02
deileon: folds 
*** TURN *** [3h 6h Qd] [4s]
Dorex2007: checks 
JohnMcCarty94: bets $0.02
Dorex2007: calls $0.02
*** RIVER *** [3h 6h Qd 4s] [5c]
Dorex2007: checks 
JohnMcCarty94: checks 
*** SHOW DOWN ***
Dorex2007: shows [Jc Js] (a pair of Jacks)
JohnMcCarty94: mucks hand 
Dorex2007 collected $0.14 from pot
*** SUMMARY ***
Total pot $0.14 | Rake $0 
Board [3h 6h Qd 4s 5c]
Seat 1: JohnMcCarty94 mucked [3c Kc]
Seat 2: dezname folded before Flop (didn't bet)
Seat 3: Erwinator1000 folded before Flop (didn't bet)
Seat 4: TrancaRua2021 (button) folded before Flop (didn't bet)
Seat 5: Dorex2007 (small blind) showed [Jc Js] and won ($0.14) with a pair of Jacks
Seat 6: deileon (big blind) folded on the Flop
Seat 8: Murere folded before Flop (didn't bet)
Seat 9: Johnny10170 folded before Flop (didn't bet)



PokerStars Hand #228326531978:  Hold'em No Limit ($0.01/$0.02 USD) - 2021/07/16 1:57:19 PT [2021/07/16 4:57:19 ET]
Table 'Ausonia' 9-max Seat #5 is the button
Seat 1: JohnMcCarty94 ($1.22 in chips) 
Seat 2: dezname ($2.50 in chips) 
Seat 3: Erwinator1000 ($1.28 in chips) 
Seat 4: TrancaRua2021 ($2.77 in chips) 
Seat 5: Dorex2007 ($2.06 in chips) 
Seat 6: deileon ($7.07 in chips) 
Seat 8: Murere ($0.28 in chips) 
Seat 9: Johnny10170 ($3.30 in chips) 
deileon: posts small blind $0.01
Murere: posts big blind $0.02
*** HOLE CARDS ***
Dealt to Dorex2007 [Ah 3d]
Johnny10170: folds 
JohnMcCarty94: calls $0.02
dezname: folds 
Erwinator1000: folds 
TrancaRua2021: folds 
Johnny10170 leaves the table
Dorex2007: folds 
deileon: calls $0.01
DimaShalo joins the table at seat #9 
Murere: checks 
*** FLOP *** [6s 5h As]
McRuss leaves the table
deileon: checks 
Apostol108 joins the table at seat #7 
Murere: checks 
JohnMcCarty94: checks 
*** TURN *** [6s 5h As] [Jh]
deileon: checks 
Murere: checks 
JohnMcCarty94: checks 
*** RIVER *** [6s 5h As Jh] [6h]
deileon: checks 
Murere: checks 
JohnMcCarty94: checks 
*** SHOW DOWN ***
deileon: shows [7d Td] (a pair of Sixes)
Murere: mucks hand 
JohnMcCarty94: shows [Qc 2s] (a pair of Sixes - Ace+Queen kicker)
JohnMcCarty94 collected $0.06 from pot
*** SUMMARY ***
Total pot $0.06 | Rake $0 
Board [6s 5h As Jh 6h]
Seat 1: JohnMcCarty94 showed [Qc 2s] and won ($0.06) with a pair of Sixes
Seat 2: dezname folded before Flop (didn't bet)
Seat 3: Erwinator1000 folded before Flop (didn't bet)
Seat 4: TrancaRua2021 folded before Flop (didn't bet)
Seat 5: Dorex2007 (button) folded before Flop (didn't bet)
Seat 6: deileon (small blind) showed [7d Td] and lost with a pair of Sixes
Seat 8: Murere (big blind) mucked [8s 9s]
Seat 9: Johnny10170 folded before Flop (didn't bet)



PokerStars Hand #228326539194:  Hold'em No Limit ($0.01/$0.02 USD) - 2021/07/16 1:58:07 PT [2021/07/16 4:58:07 ET]
Table 'Ausonia' 9-max Seat #6 is the button
Seat 1: JohnMcCarty94 ($1.26 in chips) 
Seat 2: dezname ($2.50 in chips) 
Seat 3: Erwinator1000 ($1.28 in chips) 
Seat 5: Dorex2007 ($2.06 in chips) 
Seat 6: deileon ($7.05 in chips) 
Seat 8: Murere ($0.26 in chips) 
Seat 9: DimaShalo ($2 in chips) 
Murere: posts small blind $0.01
DimaShalo: posts big blind $0.02
*** HOLE CARDS ***
Dealt to Dorex2007 [Kd 7d]
JohnMcCarty94: calls $0.02
dezname: folds 
Erwinator1000: calls $0.02
Dorex2007: folds 
deileon: calls $0.02
Murere: calls $0.01
DimaShalo: checks 
*** FLOP *** [Tc 9d Qs]
Murere: checks 
DimaShalo: checks 
JohnMcCarty94: checks 
Erwinator1000: checks 
deileon: bets $0.02
Murere: folds 
DimaShalo: calls $0.02
JohnMcCarty94: calls $0.02
Erwinator1000: calls $0.02
*** TURN *** [Tc 9d Qs] [5d]
DimaShalo: checks 
JohnMcCarty94: checks 
Erwinator1000: checks 
deileon: checks 
*** RIVER *** [Tc 9d Qs 5d] [3s]
DimaShalo: checks 
JohnMcCarty94: checks 
Erwinator1000: checks 
deileon: checks 
*** SHOW DOWN ***
DimaShalo: shows [Ts 2c] (a pair of Tens)
JohnMcCarty94: mucks hand 
Erwinator1000: shows [Qh Qd] (three of a kind, Queens)
deileon: mucks hand 
Erwinator1000 collected $0.17 from pot
*** SUMMARY ***
Total pot $0.18 | Rake $0.01 
Board [Tc 9d Qs 5d 3s]
Seat 1: JohnMcCarty94 mucked [2d Kh]
Seat 2: dezname folded before Flop (didn't bet)
Seat 3: Erwinator1000 showed [Qh Qd] and won ($0.17) with three of a kind, Queens
Seat 5: Dorex2007 folded before Flop (didn't bet)
Seat 6: deileon (button) mucked [Js 9s]
Seat 8: Murere (small blind) folded on the Flop
Seat 9: DimaShalo (big blind) showed [Ts 2c] and lost with a pair of Tens



PokerStars Hand #228326550911:  Hold'em No Limit ($0.01/$0.02 USD) - 2021/07/16 1:59:25 PT [2021/07/16 4:59:25 ET]
Table 'Ausonia' 9-max Seat #8 is the button
Seat 1: JohnMcCarty94 ($1.22 in chips) 
Seat 2: dezname ($2.50 in chips) 
Seat 3: Erwinator1000 ($1.41 in chips) 
Seat 4: TrancaRua2021 ($2.77 in chips) 
Seat 5: Dorex2007 ($2.06 in chips) 
Seat 6: deileon ($7.01 in chips) 
Seat 8: Murere ($0.24 in chips) 
Seat 9: DimaShalo ($2 in chips) 
DimaShalo: posts small blind $0.01
JohnMcCarty94: posts big blind $0.02
Apostol108: sits out 
*** HOLE CARDS ***
Dealt to Dorex2007 [5h 6d]
dezname: folds 
Erwinator1000: calls $0.02
TrancaRua2021: folds 
Dorex2007: folds 
deileon: folds 
Murere: folds 
DimaShalo: calls $0.01
JohnMcCarty94: checks 
*** FLOP *** [2c 8d 8c]
DimaShalo: checks 
JohnMcCarty94: checks 
Erwinator1000: checks 
*** TURN *** [2c 8d 8c] [4h]
DimaShalo: bets $0.04
JohnMcCarty94: folds 
Erwinator1000: calls $0.04
*** RIVER *** [2c 8d 8c 4h] [Ts]
DimaShalo: bets $1.94 and is all-in
Erwinator1000: folds 
Uncalled bet ($1.94) returned to DimaShalo
DimaShalo collected $0.14 from pot
DimaShalo: doesn't show hand 
*** SUMMARY ***
Total pot $0.14 | Rake $0 
Board [2c 8d 8c 4h Ts]
Seat 1: JohnMcCarty94 (big blind) folded on the Turn
Seat 2: dezname folded before Flop (didn't bet)
Seat 3: Erwinator1000 folded on the River
Seat 4: TrancaRua2021 folded before Flop (didn't bet)
Seat 5: Dorex2007 folded before Flop (didn't bet)
Seat 6: deileon folded before Flop (didn't bet)
Seat 8: Murere (button) folded before Flop (didn't bet)
Seat 9: DimaShalo (small blind) collected ($0.14)



PokerStars Hand #228326560951:  Hold'em No Limit ($0.01/$0.02 USD) - 2021/07/16 2:00:32 PT [2021/07/16 5:00:32 ET]
Table 'Ausonia' 9-max Seat #9 is the button
Seat 1: JohnMcCarty94 ($1.20 in chips) 
Seat 2: dezname ($2.50 in chips) 
Seat 3: Erwinator1000 ($1.35 in chips) 
Seat 4: TrancaRua2021 ($2.77 in chips) 
Seat 5: Dorex2007 ($2.06 in chips) 
Seat 6: deileon ($7.01 in chips) 
Seat 8: Murere ($0.24 in chips) 
Seat 9: DimaShalo ($2.08 in chips) 
JohnMcCarty94: posts small blind $0.01
dezname: posts big blind $0.02
Apostol108: sits out 
*** HOLE CARDS ***
Dealt to Dorex2007 [5d 6s]
Erwinator1000: folds 
TrancaRua2021 has timed out
TrancaRua2021: folds 
Dorex2007: folds 
deileon: folds 
Murere: folds 
DimaShalo: folds 
JohnMcCarty94: calls $0.01
dezname: raises $0.06 to $0.08
JohnMcCarty94: calls $0.06
*** FLOP *** [5s 4d Ac]
JohnMcCarty94: checks 
dezname: bets $0.10
JohnMcCarty94: calls $0.10
*** TURN *** [5s 4d Ac] [6c]
JohnMcCarty94: checks 
dezname: checks 
*** RIVER *** [5s 4d Ac 6c] [Ts]
JohnMcCarty94: checks 
dezname: checks 
*** SHOW DOWN ***
JohnMcCarty94: shows [9c Ah] (a pair of Aces)
dezname: mucks hand 
JohnMcCarty94 collected $0.35 from pot
*** SUMMARY ***
Total pot $0.36 | Rake $0.01 
Board [5s 4d Ac 6c Ts]
Seat 1: JohnMcCarty94 (small blind) showed [9c Ah] and won ($0.35) with a pair of Aces
Seat 2: dezname (big blind) mucked [7d 7c]
Seat 3: Erwinator1000 folded before Flop (didn't bet)
Seat 4: TrancaRua2021 folded before Flop (didn't bet)
Seat 5: Dorex2007 folded before Flop (didn't bet)
Seat 6: deileon folded before Flop (didn't bet)
Seat 8: Murere folded before Flop (didn't bet)
Seat 9: DimaShalo (button) folded before Flop (didn't bet)



PokerStars Hand #228326568737:  Hold'em No Limit ($0.01/$0.02 USD) - 2021/07/16 2:01:18 PT [2021/07/16 5:01:18 ET]
Table 'Ausonia' 9-max Seat #1 is the button
Seat 1: JohnMcCarty94 ($1.37 in chips) 
Seat 2: dezname ($2.32 in chips) 
Seat 3: Erwinator1000 ($1.35 in chips) 
Seat 4: TrancaRua2021 ($2.77 in chips) 
Seat 5: Dorex2007 ($2.06 in chips) 
Seat 6: deileon ($7.01 in chips) 
Seat 8: Murere ($0.24 in chips) 
Seat 9: DimaShalo ($2.08 in chips) 
dezname: posts small blind $0.01
Erwinator1000: posts big blind $0.02
Apostol108: sits out 
*** HOLE CARDS ***
Dealt to Dorex2007 [7h Qd]
TrancaRua2021: folds 
Dorex2007: folds 
deileon: folds 
Murere: folds 
DimaShalo: folds 
JohnMcCarty94: calls $0.02
dezname: raises $0.06 to $0.08
Erwinator1000: folds 
JohnMcCarty94: calls $0.06
*** FLOP *** [2s 5h Js]
dezname: checks 
JohnMcCarty94: checks 
*** TURN *** [2s 5h Js] [3c]
dezname: bets $0.11
JohnMcCarty94: calls $0.11
*** RIVER *** [2s 5h Js 3c] [Ah]
dezname: bets $0.39
JohnMcCarty94: raises $0.52 to $0.91
dezname: raises $0.52 to $1.43
JohnMcCarty94: calls $0.27 and is all-in
Uncalled bet ($0.25) returned to dezname
*** SHOW DOWN ***
dezname: shows [Jc Jh] (three of a kind, Jacks)
JohnMcCarty94: shows [4d Kd] (a straight, Ace to Five)
JohnMcCarty94 collected $2.66 from pot
*** SUMMARY ***
Total pot $2.76 | Rake $0.10 
Board [2s 5h Js 3c Ah]
Seat 1: JohnMcCarty94 (button) showed [4d Kd] and won ($2.66) with a straight, Ace to Five
Seat 2: dezname (small blind) showed [Jc Jh] and lost with three of a kind, Jacks
Seat 3: Erwinator1000 (big blind) folded before Flop
Seat 4: TrancaRua2021 folded before Flop (didn't bet)
Seat 5: Dorex2007 folded before Flop (didn't bet)
Seat 6: deileon folded before Flop (didn't bet)
Seat 8: Murere folded before Flop (didn't bet)
Seat 9: DimaShalo folded before Flop (didn't bet)



PokerStars Hand #228326579359:  Hold'em No Limit ($0.01/$0.02 USD) - 2021/07/16 2:02:18 PT [2021/07/16 5:02:18 ET]
Table 'Ausonia' 9-max Seat #2 is the button
Seat 1: JohnMcCarty94 ($2.66 in chips) 
Seat 2: dezname ($2 in chips) 
Seat 3: Erwinator1000 ($1.33 in chips) 
Seat 4: TrancaRua2021 ($2.77 in chips) 
Seat 5: Dorex2007 ($2.06 in chips) 
Seat 6: deileon ($7.01 in chips) 
Seat 8: Murere ($0.24 in chips) 
Seat 9: DimaShalo ($2.08 in chips) 
Erwinator1000: posts small blind $0.01
TrancaRua2021: posts big blind $0.02
Apostol108: sits out 
*** HOLE CARDS ***
Dealt to Dorex2007 [Js 6s]
Dorex2007: folds 
deileon: folds 
Murere: folds 
DimaShalo: folds 
JohnMcCarty94: calls $0.02
dezname: folds 
Erwinator1000: calls $0.01
TrancaRua2021: checks 
*** FLOP *** [5c 2c 7s]
Erwinator1000: checks 
TrancaRua2021: checks 
JohnMcCarty94: checks 
*** TURN *** [5c 2c 7s] [6c]
Erwinator1000: checks 
TrancaRua2021: checks 
JohnMcCarty94: checks 
*** RIVER *** [5c 2c 7s 6c] [2h]
Erwinator1000: checks 
TrancaRua2021: checks 
JohnMcCarty94: checks 
*** SHOW DOWN ***
Erwinator1000: shows [7d 7h] (a full house, Sevens full of Deuces)
TrancaRua2021: mucks hand 
JohnMcCarty94: mucks hand 
Erwinator1000 collected $0.06 from pot
*** SUMMARY ***
Total pot $0.06 | Rake $0 
Board [5c 2c 7s 6c 2h]
Seat 1: JohnMcCarty94 mucked [Ah 4c]
Seat 2: dezname (button) folded before Flop (didn't bet)
Seat 3: Erwinator1000 (small blind) showed [7d 7h] and won ($0.06) with a full house, Sevens full of Deuces
Seat 4: TrancaRua2021 (big blind) mucked [3h 5d]
Seat 5: Dorex2007 folded before Flop (didn't bet)
Seat 6: deileon folded before Flop (didn't bet)
Seat 8: Murere folded before Flop (didn't bet)
Seat 9: DimaShalo folded before Flop (didn't bet)



