PokerStars Hand #227972786677:  Hold'em No Limit ($0.01/$0.02 USD) - 2021/07/01 3:51:10 PT [2021/07/01 6:51:10 ET]
Table 'Hecuba II' 9-max Seat #8 is the button
Seat 1: Poydet ($3.28 in chips) 
Seat 2: CrazyJoHo ($0.78 in chips) 
Seat 3: Sunpower333 ($1.44 in chips) 
Seat 4: lcch1948 ($1.52 in chips) 
Seat 5: uwehebi ($1.58 in chips) 
Seat 6: lnxea ($2.17 in chips) 
Seat 7: Dorex2007 ($2 in chips) 
Seat 8: murrie666 ($2.46 in chips) 
Poydet: posts small blind $0.01
CrazyJoHo: posts big blind $0.02
Dorex2007: posts big blind $0.02
*** HOLE CARDS ***
Dealt to Dorex2007 [2d Th]
Sunpower333: folds 
lcch1948: folds 
uwehebi has timed out
uwehebi: folds 
lnxea: folds 
Dorex2007: checks 
murrie666: folds 
Poydet: raises $0.05 to $0.07
CrazyJoHo: calls $0.05
Dorex2007: folds 
*** FLOP *** [Jc 4d Jd]
Poydet: checks 
CrazyJoHo: bets $0.07
Poydet: folds 
Uncalled bet ($0.07) returned to CrazyJoHo
CrazyJoHo collected $0.15 from pot
CrazyJoHo: doesn't show hand 
*** SUMMARY ***
Total pot $0.16 | Rake $0.01 
Board [Jc 4d Jd]
Seat 1: Poydet (small blind) folded on the Flop
Seat 2: CrazyJoHo (big blind) collected ($0.15)
Seat 3: Sunpower333 folded before Flop (didn't bet)
Seat 4: lcch1948 folded before Flop (didn't bet)
Seat 5: uwehebi folded before Flop (didn't bet)
Seat 6: lnxea folded before Flop (didn't bet)
Seat 7: Dorex2007 folded before Flop (didn't bet)
Seat 8: murrie666 (button) folded before Flop (didn't bet)



PokerStars Hand #227972794761:  Hold'em No Limit ($0.01/$0.02 USD) - 2021/07/01 3:51:50 PT [2021/07/01 6:51:50 ET]
Table 'Hecuba II' 9-max Seat #1 is the button
Seat 1: Poydet ($3.21 in chips) 
Seat 2: CrazyJoHo ($0.86 in chips) 
Seat 3: Sunpower333 ($1.44 in chips) 
Seat 4: lcch1948 ($1.52 in chips) 
Seat 5: uwehebi ($1.58 in chips) 
Seat 6: lnxea ($2.17 in chips) 
Seat 7: Dorex2007 ($1.98 in chips) 
Seat 8: murrie666 ($2.46 in chips) 
Seat 9: Kela1373 ($2.19 in chips) 
CrazyJoHo: posts small blind $0.01
Sunpower333: posts big blind $0.02
Kela1373: posts small & big blinds $0.03
*** HOLE CARDS ***
Dealt to Dorex2007 [4d 8c]
lcch1948: folds 
uwehebi: folds 
lnxea: folds 
Dorex2007: folds 
murrie666: calls $0.02
Kela1373: checks 
Poydet: raises $0.08 to $0.10
CrazyJoHo: folds 
Sunpower333: folds 
murrie666: folds 
Kela1373: folds 
Uncalled bet ($0.08) returned to Poydet
Poydet collected $0.10 from pot
Poydet: doesn't show hand 
*** SUMMARY ***
Total pot $0.10 | Rake $0 
Seat 1: Poydet (button) collected ($0.10)
Seat 2: CrazyJoHo (small blind) folded before Flop
Seat 3: Sunpower333 (big blind) folded before Flop
Seat 4: lcch1948 folded before Flop (didn't bet)
Seat 5: uwehebi folded before Flop (didn't bet)
Seat 6: lnxea folded before Flop (didn't bet)
Seat 7: Dorex2007 folded before Flop (didn't bet)
Seat 8: murrie666 folded before Flop
Seat 9: Kela1373 folded before Flop (didn't bet)



PokerStars Hand #227972802232:  Hold'em No Limit ($0.01/$0.02 USD) - 2021/07/01 3:52:28 PT [2021/07/01 6:52:28 ET]
Table 'Hecuba II' 9-max Seat #2 is the button
Seat 1: Poydet ($3.29 in chips) 
Seat 2: CrazyJoHo ($0.85 in chips) 
Seat 3: Sunpower333 ($1.42 in chips) 
Seat 4: lcch1948 ($1.52 in chips) 
Seat 5: uwehebi ($1.58 in chips) 
Seat 6: lnxea ($2.17 in chips) 
Seat 7: Dorex2007 ($1.98 in chips) 
Seat 8: murrie666 ($2.44 in chips) 
Seat 9: Kela1373 ($2.16 in chips) 
Sunpower333: posts small blind $0.01
lcch1948: posts big blind $0.02
*** HOLE CARDS ***
Dealt to Dorex2007 [Ks 5h]
uwehebi: folds 
lnxea: folds 
Dorex2007: folds 
murrie666: folds 
Kela1373: calls $0.02
Poydet: folds 
CrazyJoHo: folds 
Sunpower333: folds 
lcch1948: checks 
*** FLOP *** [4c 4h 7h]
lcch1948: checks 
Kela1373: checks 
*** TURN *** [4c 4h 7h] [Qs]
lcch1948: checks 
Kela1373: checks 
*** RIVER *** [4c 4h 7h Qs] [7c]
lcch1948: checks 
Kela1373: checks 
*** SHOW DOWN ***
lcch1948: shows [9d 6s] (two pair, Sevens and Fours)
Kela1373: shows [Ad 2d] (two pair, Sevens and Fours - Ace kicker)
Kela1373 collected $0.05 from pot
*** SUMMARY ***
Total pot $0.05 | Rake $0 
Board [4c 4h 7h Qs 7c]
Seat 1: Poydet folded before Flop (didn't bet)
Seat 2: CrazyJoHo (button) folded before Flop (didn't bet)
Seat 3: Sunpower333 (small blind) folded before Flop
Seat 4: lcch1948 (big blind) showed [9d 6s] and lost with two pair, Sevens and Fours
Seat 5: uwehebi folded before Flop (didn't bet)
Seat 6: lnxea folded before Flop (didn't bet)
Seat 7: Dorex2007 folded before Flop (didn't bet)
Seat 8: murrie666 folded before Flop (didn't bet)
Seat 9: Kela1373 showed [Ad 2d] and won ($0.05) with two pair, Sevens and Fours



PokerStars Hand #227972808793:  Hold'em No Limit ($0.01/$0.02 USD) - 2021/07/01 3:53:00 PT [2021/07/01 6:53:00 ET]
Table 'Hecuba II' 9-max Seat #3 is the button
Seat 1: Poydet ($3.29 in chips) 
Seat 2: CrazyJoHo ($0.85 in chips) 
Seat 3: Sunpower333 ($1.41 in chips) 
Seat 4: lcch1948 ($1.50 in chips) 
Seat 5: uwehebi ($1.58 in chips) 
Seat 6: lnxea ($2.17 in chips) 
Seat 7: Dorex2007 ($1.98 in chips) 
Seat 8: murrie666 ($2.44 in chips) 
Seat 9: Kela1373 ($2.19 in chips) 
lcch1948: posts small blind $0.01
uwehebi: posts big blind $0.02
*** HOLE CARDS ***
Dealt to Dorex2007 [4c 2c]
lnxea: folds 
Dorex2007: folds 
murrie666: folds 
Kela1373: folds 
Poydet: folds 
CrazyJoHo: folds 
Sunpower333: folds 
lcch1948: calls $0.01
uwehebi: checks 
*** FLOP *** [2s 7c 6h]
lcch1948: bets $0.02
uwehebi: calls $0.02
*** TURN *** [2s 7c 6h] [3h]
lcch1948: checks 
uwehebi: bets $0.02
lcch1948: calls $0.02
*** RIVER *** [2s 7c 6h 3h] [Kh]
lcch1948: checks 
uwehebi: bets $0.02
lcch1948: calls $0.02
*** SHOW DOWN ***
uwehebi: shows [Ah Kc] (a pair of Kings)
lcch1948: mucks hand 
uwehebi collected $0.15 from pot
*** SUMMARY ***
Total pot $0.16 | Rake $0.01 
Board [2s 7c 6h 3h Kh]
Seat 1: Poydet folded before Flop (didn't bet)
Seat 2: CrazyJoHo folded before Flop (didn't bet)
Seat 3: Sunpower333 (button) folded before Flop (didn't bet)
Seat 4: lcch1948 (small blind) mucked [8h 7d]
Seat 5: uwehebi (big blind) showed [Ah Kc] and won ($0.15) with a pair of Kings
Seat 6: lnxea folded before Flop (didn't bet)
Seat 7: Dorex2007 folded before Flop (didn't bet)
Seat 8: murrie666 folded before Flop (didn't bet)
Seat 9: Kela1373 folded before Flop (didn't bet)



PokerStars Hand #227972815808:  Hold'em No Limit ($0.01/$0.02 USD) - 2021/07/01 3:53:35 PT [2021/07/01 6:53:35 ET]
Table 'Hecuba II' 9-max Seat #4 is the button
Seat 1: Poydet ($3.29 in chips) 
Seat 2: CrazyJoHo ($0.85 in chips) 
Seat 3: Sunpower333 ($1.41 in chips) 
Seat 4: lcch1948 ($1.42 in chips) 
Seat 5: uwehebi ($1.65 in chips) 
Seat 6: lnxea ($2.17 in chips) 
Seat 7: Dorex2007 ($1.98 in chips) 
Seat 8: murrie666 ($2.44 in chips) 
Seat 9: Kela1373 ($2.19 in chips) 
uwehebi: posts small blind $0.01
lnxea: posts big blind $0.02
*** HOLE CARDS ***
Dealt to Dorex2007 [9h 7h]
Dorex2007: folds 
murrie666: folds 
Kela1373: calls $0.02
Poydet: folds 
CrazyJoHo: calls $0.02
Sunpower333: folds 
lcch1948: folds 
uwehebi: folds 
lnxea: checks 
*** FLOP *** [8d As Qs]
lnxea: checks 
Kela1373: checks 
CrazyJoHo: checks 
*** TURN *** [8d As Qs] [4h]
lnxea: bets $0.04
Kela1373: calls $0.04
CrazyJoHo: folds 
*** RIVER *** [8d As Qs 4h] [Qc]
lnxea: bets $0.05
Kela1373: folds 
Uncalled bet ($0.05) returned to lnxea
lnxea collected $0.14 from pot
lnxea: doesn't show hand 
*** SUMMARY ***
Total pot $0.15 | Rake $0.01 
Board [8d As Qs 4h Qc]
Seat 1: Poydet folded before Flop (didn't bet)
Seat 2: CrazyJoHo folded on the Turn
Seat 3: Sunpower333 folded before Flop (didn't bet)
Seat 4: lcch1948 (button) folded before Flop (didn't bet)
Seat 5: uwehebi (small blind) folded before Flop
Seat 6: lnxea (big blind) collected ($0.14)
Seat 7: Dorex2007 folded before Flop (didn't bet)
Seat 8: murrie666 folded before Flop (didn't bet)
Seat 9: Kela1373 folded on the River



PokerStars Hand #227972826653:  Hold'em No Limit ($0.01/$0.02 USD) - 2021/07/01 3:54:29 PT [2021/07/01 6:54:29 ET]
Table 'Hecuba II' 9-max Seat #5 is the button
Seat 1: Poydet ($3.29 in chips) 
Seat 2: CrazyJoHo ($0.83 in chips) 
Seat 3: Sunpower333 ($1.41 in chips) 
Seat 4: lcch1948 ($1.42 in chips) 
Seat 5: uwehebi ($1.64 in chips) 
Seat 6: lnxea ($2.25 in chips) 
Seat 7: Dorex2007 ($1.98 in chips) 
Seat 8: murrie666 ($2.44 in chips) 
Seat 9: Kela1373 ($2.13 in chips) 
lnxea: posts small blind $0.01
Dorex2007: posts big blind $0.02
*** HOLE CARDS ***
Dealt to Dorex2007 [2c 2d]
murrie666: raises $0.05 to $0.07
Kela1373: folds 
Poydet: folds 
CrazyJoHo: folds 
Sunpower333: folds 
lcch1948: folds 
uwehebi has timed out
uwehebi: folds 
lnxea: folds 
Dorex2007: folds 
Uncalled bet ($0.05) returned to murrie666
murrie666 collected $0.05 from pot
murrie666: doesn't show hand 
*** SUMMARY ***
Total pot $0.05 | Rake $0 
Seat 1: Poydet folded before Flop (didn't bet)
Seat 2: CrazyJoHo folded before Flop (didn't bet)
Seat 3: Sunpower333 folded before Flop (didn't bet)
Seat 4: lcch1948 folded before Flop (didn't bet)
Seat 5: uwehebi (button) folded before Flop (didn't bet)
Seat 6: lnxea (small blind) folded before Flop
Seat 7: Dorex2007 (big blind) folded before Flop
Seat 8: murrie666 collected ($0.05)
Seat 9: Kela1373 folded before Flop (didn't bet)



PokerStars Hand #227972833263:  Hold'em No Limit ($0.01/$0.02 USD) - 2021/07/01 3:55:02 PT [2021/07/01 6:55:02 ET]
Table 'Hecuba II' 9-max Seat #6 is the button
Seat 1: Poydet ($3.29 in chips) 
Seat 2: CrazyJoHo ($0.83 in chips) 
Seat 3: Sunpower333 ($1.41 in chips) 
Seat 4: lcch1948 ($1.42 in chips) 
Seat 6: lnxea ($2.24 in chips) 
Seat 7: Dorex2007 ($1.96 in chips) 
Seat 8: murrie666 ($2.47 in chips) 
Seat 9: Kela1373 ($2.13 in chips) 
Dorex2007: posts small blind $0.01
murrie666: posts big blind $0.02
*** HOLE CARDS ***
Dealt to Dorex2007 [8c 2d]
Kela1373: folds 
Poydet: folds 
CrazyJoHo: folds 
Sunpower333: folds 
lcch1948: calls $0.02
lnxea: folds 
Dorex2007: folds 
murrie666: checks 
*** FLOP *** [2c 7h 6h]
murrie666: bets $0.02
lcch1948: calls $0.02
*** TURN *** [2c 7h 6h] [Kd]
murrie666: bets $0.09
lcch1948: folds 
Uncalled bet ($0.09) returned to murrie666
murrie666 collected $0.09 from pot
murrie666: doesn't show hand 
*** SUMMARY ***
Total pot $0.09 | Rake $0 
Board [2c 7h 6h Kd]
Seat 1: Poydet folded before Flop (didn't bet)
Seat 2: CrazyJoHo folded before Flop (didn't bet)
Seat 3: Sunpower333 folded before Flop (didn't bet)
Seat 4: lcch1948 folded on the Turn
Seat 6: lnxea (button) folded before Flop (didn't bet)
Seat 7: Dorex2007 (small blind) folded before Flop
Seat 8: murrie666 (big blind) collected ($0.09)
Seat 9: Kela1373 folded before Flop (didn't bet)



PokerStars Hand #227972838078:  Hold'em No Limit ($0.01/$0.02 USD) - 2021/07/01 3:55:29 PT [2021/07/01 6:55:29 ET]
Table 'Hecuba II' 9-max Seat #7 is the button
Seat 1: Poydet ($3.29 in chips) 
Seat 2: CrazyJoHo ($0.83 in chips) 
Seat 3: Sunpower333 ($1.41 in chips) 
Seat 4: lcch1948 ($1.38 in chips) 
Seat 6: lnxea ($2.24 in chips) 
Seat 7: Dorex2007 ($1.95 in chips) 
Seat 8: murrie666 ($2.52 in chips) 
Seat 9: Kela1373 ($2.13 in chips) 
murrie666: posts small blind $0.01
Kela1373: posts big blind $0.02
*** HOLE CARDS ***
Dealt to Dorex2007 [Jc 8s]
Poydet: folds 
CrazyJoHo: folds 
Sunpower333: folds 
lcch1948: folds 
lnxea: folds 
Dorex2007: raises $0.04 to $0.06
murrie666: calls $0.05
Kela1373: folds 
*** FLOP *** [Kd Kh 2s]
murrie666: bets $0.16
Dorex2007: folds 
Uncalled bet ($0.16) returned to murrie666
murrie666 collected $0.14 from pot
murrie666: doesn't show hand 
*** SUMMARY ***
Total pot $0.14 | Rake $0 
Board [Kd Kh 2s]
Seat 1: Poydet folded before Flop (didn't bet)
Seat 2: CrazyJoHo folded before Flop (didn't bet)
Seat 3: Sunpower333 folded before Flop (didn't bet)
Seat 4: lcch1948 folded before Flop (didn't bet)
Seat 6: lnxea folded before Flop (didn't bet)
Seat 7: Dorex2007 (button) folded on the Flop
Seat 8: murrie666 (small blind) collected ($0.14)
Seat 9: Kela1373 (big blind) folded before Flop



PokerStars Hand #227972841713:  Hold'em No Limit ($0.01/$0.02 USD) - 2021/07/01 3:55:50 PT [2021/07/01 6:55:50 ET]
Table 'Hecuba II' 9-max Seat #8 is the button
Seat 1: Poydet ($3.29 in chips) 
Seat 2: CrazyJoHo ($0.83 in chips) 
Seat 3: Sunpower333 ($1.41 in chips) 
Seat 4: lcch1948 ($1.38 in chips) 
Seat 6: lnxea ($2.24 in chips) 
Seat 7: Dorex2007 ($1.89 in chips) 
Seat 8: murrie666 ($2.60 in chips) 
Seat 9: Kela1373 ($2.11 in chips) 
Kela1373: posts small blind $0.01
Poydet: posts big blind $0.02
*** HOLE CARDS ***
Dealt to Dorex2007 [6c Kd]
CrazyJoHo: calls $0.02
Sunpower333: folds 
lcch1948: folds 
lnxea: folds 
Dorex2007: folds 
murrie666: folds 
Kela1373: raises $0.02 to $0.04
Poydet: folds 
CrazyJoHo: raises $0.02 to $0.06
Kela1373: calls $0.02
*** FLOP *** [5s 4c Td]
Kela1373: checks 
CrazyJoHo: bets $0.07
Kela1373: calls $0.07
*** TURN *** [5s 4c Td] [5h]
Kela1373: checks 
CrazyJoHo: bets $0.13
Kela1373: calls $0.13
*** RIVER *** [5s 4c Td 5h] [4h]
Kela1373: bets $0.08
CrazyJoHo: calls $0.08
*** SHOW DOWN ***
Kela1373: shows [6d 6h] (two pair, Sixes and Fives)
CrazyJoHo: mucks hand 
Kela1373 collected $0.68 from pot
*** SUMMARY ***
Total pot $0.70 | Rake $0.02 
Board [5s 4c Td 5h 4h]
Seat 1: Poydet (big blind) folded before Flop
Seat 2: CrazyJoHo mucked [Qc Ks]
Seat 3: Sunpower333 folded before Flop (didn't bet)
Seat 4: lcch1948 folded before Flop (didn't bet)
Seat 6: lnxea folded before Flop (didn't bet)
Seat 7: Dorex2007 folded before Flop (didn't bet)
Seat 8: murrie666 (button) folded before Flop (didn't bet)
Seat 9: Kela1373 (small blind) showed [6d 6h] and won ($0.68) with two pair, Sixes and Fives



PokerStars Hand #227972852413:  Hold'em No Limit ($0.01/$0.02 USD) - 2021/07/01 3:56:51 PT [2021/07/01 6:56:51 ET]
Table 'Hecuba II' 9-max Seat #9 is the button
Seat 1: Poydet ($3.27 in chips) 
Seat 2: CrazyJoHo ($0.49 in chips) 
Seat 3: Sunpower333 ($1.41 in chips) 
Seat 4: lcch1948 ($1.72 in chips) 
Seat 5: uwehebi ($1.64 in chips) 
Seat 6: lnxea ($2.24 in chips) 
Seat 7: Dorex2007 ($1.89 in chips) 
Seat 8: murrie666 ($2.60 in chips) 
Seat 9: Kela1373 ($2.45 in chips) 
Poydet: posts small blind $0.01
CrazyJoHo: posts big blind $0.02
*** HOLE CARDS ***
Dealt to Dorex2007 [4h Kh]
Sunpower333: folds 
lcch1948: calls $0.02
uwehebi: folds 
lnxea: folds 
Dorex2007: folds 
murrie666: folds 
Kela1373: folds 
Poydet: folds 
CrazyJoHo: checks 
*** FLOP *** [Jc Ac 8s]
CrazyJoHo: checks 
lcch1948: bets $0.02
CrazyJoHo: folds 
Uncalled bet ($0.02) returned to lcch1948
lcch1948 collected $0.05 from pot
lcch1948: doesn't show hand 
*** SUMMARY ***
Total pot $0.05 | Rake $0 
Board [Jc Ac 8s]
Seat 1: Poydet (small blind) folded before Flop
Seat 2: CrazyJoHo (big blind) folded on the Flop
Seat 3: Sunpower333 folded before Flop (didn't bet)
Seat 4: lcch1948 collected ($0.05)
Seat 5: uwehebi folded before Flop (didn't bet)
Seat 6: lnxea folded before Flop (didn't bet)
Seat 7: Dorex2007 folded before Flop (didn't bet)
Seat 8: murrie666 folded before Flop (didn't bet)
Seat 9: Kela1373 (button) folded before Flop (didn't bet)



PokerStars Hand #227972856672:  Hold'em No Limit ($0.01/$0.02 USD) - 2021/07/01 3:57:15 PT [2021/07/01 6:57:15 ET]
Table 'Hecuba II' 9-max Seat #1 is the button
Seat 1: Poydet ($3.26 in chips) 
Seat 2: CrazyJoHo ($0.47 in chips) 
Seat 3: Sunpower333 ($1.41 in chips) 
Seat 4: lcch1948 ($1.75 in chips) 
Seat 5: uwehebi ($1.64 in chips) 
Seat 6: lnxea ($2.24 in chips) 
Seat 7: Dorex2007 ($1.89 in chips) 
Seat 8: murrie666 ($2.60 in chips) 
Seat 9: Kela1373 ($2.45 in chips) 
CrazyJoHo: posts small blind $0.01
Sunpower333: posts big blind $0.02
*** HOLE CARDS ***
Dealt to Dorex2007 [3s Qc]
lcch1948: calls $0.02
uwehebi: calls $0.02
lnxea: folds 
Dorex2007: folds 
murrie666: folds 
Kela1373: folds 
Poydet: raises $0.08 to $0.10
CrazyJoHo: folds 
Sunpower333: folds 
lcch1948: folds 
uwehebi: folds 
Uncalled bet ($0.08) returned to Poydet
Poydet collected $0.09 from pot
Poydet: doesn't show hand 
*** SUMMARY ***
Total pot $0.09 | Rake $0 
Seat 1: Poydet (button) collected ($0.09)
Seat 2: CrazyJoHo (small blind) folded before Flop
Seat 3: Sunpower333 (big blind) folded before Flop
Seat 4: lcch1948 folded before Flop
Seat 5: uwehebi folded before Flop
Seat 6: lnxea folded before Flop (didn't bet)
Seat 7: Dorex2007 folded before Flop (didn't bet)
Seat 8: murrie666 folded before Flop (didn't bet)
Seat 9: Kela1373 folded before Flop (didn't bet)



PokerStars Hand #227972862176:  Hold'em No Limit ($0.01/$0.02 USD) - 2021/07/01 3:57:45 PT [2021/07/01 6:57:45 ET]
Table 'Hecuba II' 9-max Seat #2 is the button
Seat 1: Poydet ($3.33 in chips) 
Seat 2: CrazyJoHo ($0.46 in chips) 
Seat 3: Sunpower333 ($1.39 in chips) 
Seat 4: lcch1948 ($1.73 in chips) 
Seat 5: uwehebi ($1.62 in chips) 
Seat 6: lnxea ($2.24 in chips) 
Seat 7: Dorex2007 ($1.89 in chips) 
Seat 8: murrie666 ($2.60 in chips) 
Seat 9: Kela1373 ($2.45 in chips) 
Sunpower333: posts small blind $0.01
lcch1948: posts big blind $0.02
*** HOLE CARDS ***
Dealt to Dorex2007 [Kc 8s]
uwehebi: folds 
lnxea: folds 
Dorex2007: folds 
murrie666: folds 
Kela1373: folds 
Poydet: folds 
CrazyJoHo: folds 
Sunpower333: folds 
Uncalled bet ($0.01) returned to lcch1948
lcch1948 collected $0.02 from pot
lcch1948: doesn't show hand 
*** SUMMARY ***
Total pot $0.02 | Rake $0 
Seat 1: Poydet folded before Flop (didn't bet)
Seat 2: CrazyJoHo (button) folded before Flop (didn't bet)
Seat 3: Sunpower333 (small blind) folded before Flop
Seat 4: lcch1948 (big blind) collected ($0.02)
Seat 5: uwehebi folded before Flop (didn't bet)
Seat 6: lnxea folded before Flop (didn't bet)
Seat 7: Dorex2007 folded before Flop (didn't bet)
Seat 8: murrie666 folded before Flop (didn't bet)
Seat 9: Kela1373 folded before Flop (didn't bet)



PokerStars Hand #227972864922:  Hold'em No Limit ($0.01/$0.02 USD) - 2021/07/01 3:58:00 PT [2021/07/01 6:58:00 ET]
Table 'Hecuba II' 9-max Seat #3 is the button
Seat 1: Poydet ($3.33 in chips) 
Seat 2: CrazyJoHo ($0.46 in chips) 
Seat 3: Sunpower333 ($1.38 in chips) 
Seat 4: lcch1948 ($1.74 in chips) 
Seat 5: uwehebi ($1.62 in chips) 
Seat 6: lnxea ($2.24 in chips) 
Seat 7: Dorex2007 ($1.89 in chips) 
Seat 8: murrie666 ($2.60 in chips) 
Seat 9: Kela1373 ($2.45 in chips) 
lcch1948: posts small blind $0.01
uwehebi: posts big blind $0.02
*** HOLE CARDS ***
Dealt to Dorex2007 [Ac Kc]
lnxea: folds 
Dorex2007: raises $0.04 to $0.06
murrie666: folds 
Kela1373: folds 
Poydet: folds 
CrazyJoHo: calls $0.06
Sunpower333: calls $0.06
lcch1948: folds 
uwehebi: folds 
*** FLOP *** [9c 2s Jd]
Dorex2007: checks 
CrazyJoHo: checks 
Sunpower333: bets $0.20
Dorex2007: folds 
CrazyJoHo: folds 
Uncalled bet ($0.20) returned to Sunpower333
Sunpower333 collected $0.20 from pot
*** SUMMARY ***
Total pot $0.21 | Rake $0.01 
Board [9c 2s Jd]
Seat 1: Poydet folded before Flop (didn't bet)
Seat 2: CrazyJoHo folded on the Flop
Seat 3: Sunpower333 (button) collected ($0.20)
Seat 4: lcch1948 (small blind) folded before Flop
Seat 5: uwehebi (big blind) folded before Flop
Seat 6: lnxea folded before Flop (didn't bet)
Seat 7: Dorex2007 folded on the Flop
Seat 8: murrie666 folded before Flop (didn't bet)
Seat 9: Kela1373 folded before Flop (didn't bet)



PokerStars Hand #227972871644:  Hold'em No Limit ($0.01/$0.02 USD) - 2021/07/01 3:58:38 PT [2021/07/01 6:58:38 ET]
Table 'Hecuba II' 9-max Seat #4 is the button
Seat 1: Poydet ($3.33 in chips) 
Seat 2: CrazyJoHo ($0.40 in chips) 
Seat 3: Sunpower333 ($1.52 in chips) 
Seat 4: lcch1948 ($1.73 in chips) 
Seat 5: uwehebi ($1.60 in chips) 
Seat 6: lnxea ($2.24 in chips) 
Seat 7: Dorex2007 ($1.83 in chips) 
Seat 8: murrie666 ($2.60 in chips) 
Seat 9: Kela1373 ($2.45 in chips) 
uwehebi: posts small blind $0.01
lnxea: posts big blind $0.02
*** HOLE CARDS ***
Dealt to Dorex2007 [8h 5d]
Dorex2007: folds 
murrie666: folds 
Kela1373: folds 
Poydet: folds 
CrazyJoHo: calls $0.02
Sunpower333: folds 
lcch1948: calls $0.02
uwehebi: calls $0.01
lnxea: checks 
*** FLOP *** [8c 4s Ad]
uwehebi: checks 
lnxea: checks 
CrazyJoHo: bets $0.02
lcch1948: folds 
uwehebi: calls $0.02
lnxea: folds 
*** TURN *** [8c 4s Ad] [Qd]
uwehebi: checks 
CrazyJoHo: bets $0.02
uwehebi: calls $0.02
*** RIVER *** [8c 4s Ad Qd] [5s]
uwehebi: checks 
CrazyJoHo: bets $0.07
uwehebi: calls $0.07
*** SHOW DOWN ***
CrazyJoHo: shows [9s Td] (high card Ace)
uwehebi: shows [As Jh] (a pair of Aces)
uwehebi collected $0.29 from pot
*** SUMMARY ***
Total pot $0.30 | Rake $0.01 
Board [8c 4s Ad Qd 5s]
Seat 1: Poydet folded before Flop (didn't bet)
Seat 2: CrazyJoHo showed [9s Td] and lost with high card Ace
Seat 3: Sunpower333 folded before Flop (didn't bet)
Seat 4: lcch1948 (button) folded on the Flop
Seat 5: uwehebi (small blind) showed [As Jh] and won ($0.29) with a pair of Aces
Seat 6: lnxea (big blind) folded on the Flop
Seat 7: Dorex2007 folded before Flop (didn't bet)
Seat 8: murrie666 folded before Flop (didn't bet)
Seat 9: Kela1373 folded before Flop (didn't bet)



PokerStars Hand #227972882906:  Hold'em No Limit ($0.01/$0.02 USD) - 2021/07/01 3:59:42 PT [2021/07/01 6:59:42 ET]
Table 'Hecuba II' 9-max Seat #5 is the button
Seat 1: Poydet ($3.33 in chips) 
Seat 2: CrazyJoHo ($0.27 in chips) 
Seat 3: Sunpower333 ($1.52 in chips) 
Seat 4: lcch1948 ($1.71 in chips) 
Seat 5: uwehebi ($1.76 in chips) 
Seat 6: lnxea ($2.22 in chips) 
Seat 7: Dorex2007 ($1.83 in chips) 
Seat 8: murrie666 ($2.60 in chips) 
Seat 9: Kela1373 ($2.45 in chips) 
lnxea: posts small blind $0.01
Dorex2007: posts big blind $0.02
*** HOLE CARDS ***
Dealt to Dorex2007 [5c Kc]
murrie666: folds 
Kela1373: folds 
Poydet: folds 
CrazyJoHo: calls $0.02
Sunpower333: folds 
lcch1948: calls $0.02
uwehebi: folds 
lnxea: folds 
Dorex2007: checks 
*** FLOP *** [5s Jd Td]
Dorex2007: checks 
CrazyJoHo: bets $0.02
lcch1948: calls $0.02
Dorex2007: folds 
*** TURN *** [5s Jd Td] [Qh]
CrazyJoHo: bets $0.02
lcch1948: calls $0.02
*** RIVER *** [5s Jd Td Qh] [4d]
CrazyJoHo: bets $0.21 and is all-in
lcch1948: folds 
Uncalled bet ($0.21) returned to CrazyJoHo
CrazyJoHo collected $0.14 from pot
CrazyJoHo: doesn't show hand 
*** SUMMARY ***
Total pot $0.15 | Rake $0.01 
Board [5s Jd Td Qh 4d]
Seat 1: Poydet folded before Flop (didn't bet)
Seat 2: CrazyJoHo collected ($0.14)
Seat 3: Sunpower333 folded before Flop (didn't bet)
Seat 4: lcch1948 folded on the River
Seat 5: uwehebi (button) folded before Flop (didn't bet)
Seat 6: lnxea (small blind) folded before Flop
Seat 7: Dorex2007 (big blind) folded on the Flop
Seat 8: murrie666 folded before Flop (didn't bet)
Seat 9: Kela1373 folded before Flop (didn't bet)



PokerStars Hand #227972892786:  Hold'em No Limit ($0.01/$0.02 USD) - 2021/07/01 4:00:38 PT [2021/07/01 7:00:38 ET]
Table 'Hecuba II' 9-max Seat #6 is the button
Seat 1: Poydet ($3.33 in chips) 
Seat 2: CrazyJoHo ($0.35 in chips) 
Seat 3: Sunpower333 ($1.52 in chips) 
Seat 4: lcch1948 ($1.65 in chips) 
Seat 5: uwehebi ($1.76 in chips) 
Seat 6: lnxea ($2.21 in chips) 
Seat 7: Dorex2007 ($1.81 in chips) 
Seat 8: murrie666 ($2.60 in chips) 
Seat 9: Kela1373 ($2.45 in chips) 
Dorex2007: posts small blind $0.01
murrie666: posts big blind $0.02
*** HOLE CARDS ***
Dealt to Dorex2007 [Ah 2s]
Kela1373: calls $0.02
Poydet: folds 
CrazyJoHo: folds 
Sunpower333: folds 
lcch1948: folds 
uwehebi: folds 
lnxea: folds 
Dorex2007: folds 
murrie666: checks 
*** FLOP *** [2d 6d Jc]
murrie666: checks 
Kela1373: checks 
*** TURN *** [2d 6d Jc] [As]
murrie666: checks 
Kela1373: checks 
*** RIVER *** [2d 6d Jc As] [3s]
murrie666: checks 
Kela1373: bets $0.10
murrie666: folds 
Uncalled bet ($0.10) returned to Kela1373
Kela1373 collected $0.05 from pot
Kela1373: doesn't show hand 
*** SUMMARY ***
Total pot $0.05 | Rake $0 
Board [2d 6d Jc As 3s]
Seat 1: Poydet folded before Flop (didn't bet)
Seat 2: CrazyJoHo folded before Flop (didn't bet)
Seat 3: Sunpower333 folded before Flop (didn't bet)
Seat 4: lcch1948 folded before Flop (didn't bet)
Seat 5: uwehebi folded before Flop (didn't bet)
Seat 6: lnxea (button) folded before Flop (didn't bet)
Seat 7: Dorex2007 (small blind) folded before Flop
Seat 8: murrie666 (big blind) folded on the River
Seat 9: Kela1373 collected ($0.05)



PokerStars Hand #227972902673:  Hold'em No Limit ($0.01/$0.02 USD) - 2021/07/01 4:01:29 PT [2021/07/01 7:01:29 ET]
Table 'Hecuba II' 9-max Seat #7 is the button
Seat 1: Poydet ($3.33 in chips) 
Seat 2: CrazyJoHo ($0.35 in chips) 
Seat 3: Sunpower333 ($1.52 in chips) 
Seat 4: lcch1948 ($1.65 in chips) 
Seat 5: uwehebi ($1.76 in chips) 
Seat 6: lnxea ($2.21 in chips) 
Seat 7: Dorex2007 ($1.80 in chips) 
Seat 8: murrie666 ($2.58 in chips) 
Seat 9: Kela1373 ($2.48 in chips) 
murrie666: posts small blind $0.01
Kela1373: posts big blind $0.02
*** HOLE CARDS ***
Dealt to Dorex2007 [3s 2c]
Poydet: folds 
CrazyJoHo: folds 
Sunpower333: folds 
lcch1948: folds 
uwehebi: folds 
lnxea: folds 
Dorex2007: folds 
murrie666: folds 
Uncalled bet ($0.01) returned to Kela1373
Kela1373 collected $0.02 from pot
Kela1373: doesn't show hand 
*** SUMMARY ***
Total pot $0.02 | Rake $0 
Seat 1: Poydet folded before Flop (didn't bet)
Seat 2: CrazyJoHo folded before Flop (didn't bet)
Seat 3: Sunpower333 folded before Flop (didn't bet)
Seat 4: lcch1948 folded before Flop (didn't bet)
Seat 5: uwehebi folded before Flop (didn't bet)
Seat 6: lnxea folded before Flop (didn't bet)
Seat 7: Dorex2007 (button) folded before Flop (didn't bet)
Seat 8: murrie666 (small blind) folded before Flop
Seat 9: Kela1373 (big blind) collected ($0.02)



PokerStars Hand #227972906293:  Hold'em No Limit ($0.01/$0.02 USD) - 2021/07/01 4:01:48 PT [2021/07/01 7:01:48 ET]
Table 'Hecuba II' 9-max Seat #8 is the button
Seat 1: Poydet ($3.33 in chips) 
Seat 2: CrazyJoHo ($0.35 in chips) 
Seat 3: Sunpower333 ($1.52 in chips) 
Seat 4: lcch1948 ($1.65 in chips) 
Seat 5: uwehebi ($1.76 in chips) 
Seat 6: lnxea ($2.21 in chips) 
Seat 7: Dorex2007 ($1.80 in chips) 
Seat 8: murrie666 ($2.57 in chips) 
Seat 9: Kela1373 ($2.49 in chips) 
Kela1373: posts small blind $0.01
Poydet: posts big blind $0.02
*** HOLE CARDS ***
Dealt to Dorex2007 [Ks Th]
CrazyJoHo: calls $0.02
Sunpower333: folds 
lcch1948: folds 
uwehebi: folds 
lnxea: folds 
Dorex2007: folds 
murrie666: raises $0.06 to $0.08
Kela1373: folds 
Poydet: folds 
CrazyJoHo: calls $0.06
*** FLOP *** [3h Qs 5d]
CrazyJoHo: checks 
murrie666: bets $0.08
CrazyJoHo: folds 
Uncalled bet ($0.08) returned to murrie666
murrie666 collected $0.18 from pot
murrie666: doesn't show hand 
*** SUMMARY ***
Total pot $0.19 | Rake $0.01 
Board [3h Qs 5d]
Seat 1: Poydet (big blind) folded before Flop
Seat 2: CrazyJoHo folded on the Flop
Seat 3: Sunpower333 folded before Flop (didn't bet)
Seat 4: lcch1948 folded before Flop (didn't bet)
Seat 5: uwehebi folded before Flop (didn't bet)
Seat 6: lnxea folded before Flop (didn't bet)
Seat 7: Dorex2007 folded before Flop (didn't bet)
Seat 8: murrie666 (button) collected ($0.18)
Seat 9: Kela1373 (small blind) folded before Flop



PokerStars Hand #227972913488:  Hold'em No Limit ($0.01/$0.02 USD) - 2021/07/01 4:02:25 PT [2021/07/01 7:02:25 ET]
Table 'Hecuba II' 9-max Seat #9 is the button
Seat 1: Poydet ($3.31 in chips) 
Seat 2: CrazyJoHo ($0.27 in chips) 
Seat 3: Sunpower333 ($1.52 in chips) 
Seat 4: lcch1948 ($1.65 in chips) 
Seat 5: uwehebi ($1.76 in chips) 
Seat 6: lnxea ($2.21 in chips) 
Seat 7: Dorex2007 ($1.80 in chips) 
Seat 8: murrie666 ($2.67 in chips) 
Seat 9: Kela1373 ($2.48 in chips) 
Poydet: posts small blind $0.01
CrazyJoHo: posts big blind $0.02
*** HOLE CARDS ***
Dealt to Dorex2007 [6d 8s]
Sunpower333: folds 
lcch1948: folds 
uwehebi: folds 
lnxea: raises $0.02 to $0.04
Dorex2007: folds 
murrie666: folds 
Kela1373: folds 
Poydet: folds 
CrazyJoHo: folds 
Uncalled bet ($0.02) returned to lnxea
lnxea collected $0.05 from pot
lnxea: doesn't show hand 
*** SUMMARY ***
Total pot $0.05 | Rake $0 
Seat 1: Poydet (small blind) folded before Flop
Seat 2: CrazyJoHo (big blind) folded before Flop
Seat 3: Sunpower333 folded before Flop (didn't bet)
Seat 4: lcch1948 folded before Flop (didn't bet)
Seat 5: uwehebi folded before Flop (didn't bet)
Seat 6: lnxea collected ($0.05)
Seat 7: Dorex2007 folded before Flop (didn't bet)
Seat 8: murrie666 folded before Flop (didn't bet)
Seat 9: Kela1373 (button) folded before Flop (didn't bet)



PokerStars Hand #227972917793:  Hold'em No Limit ($0.01/$0.02 USD) - 2021/07/01 4:02:47 PT [2021/07/01 7:02:47 ET]
Table 'Hecuba II' 9-max Seat #1 is the button
Seat 1: Poydet ($3.30 in chips) 
Seat 2: CrazyJoHo ($0.25 in chips) 
Seat 3: Sunpower333 ($1.52 in chips) 
Seat 4: lcch1948 ($1.65 in chips) 
Seat 5: uwehebi ($1.76 in chips) 
Seat 6: lnxea ($2.24 in chips) 
Seat 7: Dorex2007 ($1.80 in chips) 
Seat 8: murrie666 ($2.67 in chips) 
Seat 9: Kela1373 ($2.48 in chips) 
CrazyJoHo: posts small blind $0.01
Sunpower333: posts big blind $0.02
*** HOLE CARDS ***
Dealt to Dorex2007 [4d 7s]
lcch1948: folds 
uwehebi: calls $0.02
lnxea: folds 
Dorex2007: folds 
murrie666: folds 
Kela1373: raises $0.10 to $0.12
Poydet: calls $0.12
CrazyJoHo: raises $0.13 to $0.25 and is all-in
Sunpower333: folds 
uwehebi: folds 
Kela1373: raises $2.23 to $2.48 and is all-in
Poydet: folds 
Uncalled bet ($2.23) returned to Kela1373
*** FLOP *** [3d 6h 4s]
*** TURN *** [3d 6h 4s] [8d]
*** RIVER *** [3d 6h 4s 8d] [As]
*** SHOW DOWN ***
CrazyJoHo: shows [Kc Qc] (high card Ace)
Kela1373: shows [Ac Kh] (a pair of Aces)
Kela1373 collected $0.64 from pot
*** SUMMARY ***
Total pot $0.66 | Rake $0.02 
Board [3d 6h 4s 8d As]
Seat 1: Poydet (button) folded before Flop
Seat 2: CrazyJoHo (small blind) showed [Kc Qc] and lost with high card Ace
Seat 3: Sunpower333 (big blind) folded before Flop
Seat 4: lcch1948 folded before Flop (didn't bet)
Seat 5: uwehebi folded before Flop
Seat 6: lnxea folded before Flop (didn't bet)
Seat 7: Dorex2007 folded before Flop (didn't bet)
Seat 8: murrie666 folded before Flop (didn't bet)
Seat 9: Kela1373 showed [Ac Kh] and won ($0.64) with a pair of Aces



PokerStars Hand #227972924971:  Hold'em No Limit ($0.01/$0.02 USD) - 2021/07/01 4:03:24 PT [2021/07/01 7:03:24 ET]
Table 'Hecuba II' 9-max Seat #3 is the button
Seat 1: Poydet ($3.18 in chips) 
Seat 3: Sunpower333 ($1.50 in chips) 
Seat 4: lcch1948 ($1.65 in chips) 
Seat 5: uwehebi ($1.74 in chips) 
Seat 6: lnxea ($2.24 in chips) 
Seat 7: Dorex2007 ($1.80 in chips) 
Seat 8: murrie666 ($2.67 in chips) 
Seat 9: Kela1373 ($2.87 in chips) 
lcch1948: posts small blind $0.01
uwehebi: posts big blind $0.02
*** HOLE CARDS ***
Dealt to Dorex2007 [Jc Ac]
lnxea: raises $0.04 to $0.06
Dorex2007: calls $0.06
murrie666: folds 
Kela1373: folds 
Poydet: folds 
Sunpower333: folds 
lcch1948: folds 
uwehebi: folds 
*** FLOP *** [8c 3c Ah]
lnxea: checks 
Dorex2007: bets $0.07
lnxea: calls $0.07
*** TURN *** [8c 3c Ah] [7h]
lnxea: checks 
Dorex2007: checks 
*** RIVER *** [8c 3c Ah 7h] [4d]
lnxea: bets $0.06
Dorex2007: calls $0.06
*** SHOW DOWN ***
lnxea: shows [Ks Kc] (a pair of Kings)
Dorex2007: shows [Jc Ac] (a pair of Aces)
Dorex2007 collected $0.40 from pot
*** SUMMARY ***
Total pot $0.41 | Rake $0.01 
Board [8c 3c Ah 7h 4d]
Seat 1: Poydet folded before Flop (didn't bet)
Seat 3: Sunpower333 (button) folded before Flop (didn't bet)
Seat 4: lcch1948 (small blind) folded before Flop
Seat 5: uwehebi (big blind) folded before Flop
Seat 6: lnxea showed [Ks Kc] and lost with a pair of Kings
Seat 7: Dorex2007 showed [Jc Ac] and won ($0.40) with a pair of Aces
Seat 8: murrie666 folded before Flop (didn't bet)
Seat 9: Kela1373 folded before Flop (didn't bet)



PokerStars Hand #227972932182:  Hold'em No Limit ($0.01/$0.02 USD) - 2021/07/01 4:04:00 PT [2021/07/01 7:04:00 ET]
Table 'Hecuba II' 9-max Seat #4 is the button
Seat 1: Poydet ($3.18 in chips) 
Seat 2: CrazyJoHo ($0.80 in chips) 
Seat 3: Sunpower333 ($1.50 in chips) 
Seat 4: lcch1948 ($1.64 in chips) 
Seat 5: uwehebi ($1.72 in chips) 
Seat 6: lnxea ($2.05 in chips) 
Seat 7: Dorex2007 ($2.01 in chips) 
Seat 8: murrie666 ($2.67 in chips) 
Seat 9: Kela1373 ($2.87 in chips) 
uwehebi: posts small blind $0.01
lnxea: posts big blind $0.02
*** HOLE CARDS ***
Dealt to Dorex2007 [Th 7h]
Dorex2007: folds 
murrie666: folds 
Kela1373: folds 
Poydet: folds 
CrazyJoHo: calls $0.02
Sunpower333: folds 
Kela1373 leaves the table
Chrispapdnb joins the table at seat #9 
lcch1948: calls $0.02
uwehebi: folds 
lnxea: checks 
*** FLOP *** [5c 7d 4d]
lnxea: checks 
CrazyJoHo: bets $0.02
lcch1948: calls $0.02
lnxea: folds 
*** TURN *** [5c 7d 4d] [3d]
CrazyJoHo: bets $0.05
lcch1948: folds 
Uncalled bet ($0.05) returned to CrazyJoHo
CrazyJoHo collected $0.11 from pot
CrazyJoHo: doesn't show hand 
*** SUMMARY ***
Total pot $0.11 | Rake $0 
Board [5c 7d 4d 3d]
Seat 1: Poydet folded before Flop (didn't bet)
Seat 2: CrazyJoHo collected ($0.11)
Seat 3: Sunpower333 folded before Flop (didn't bet)
Seat 4: lcch1948 (button) folded on the Turn
Seat 5: uwehebi (small blind) folded before Flop
Seat 6: lnxea (big blind) folded on the Flop
Seat 7: Dorex2007 folded before Flop (didn't bet)
Seat 8: murrie666 folded before Flop (didn't bet)
Seat 9: Kela1373 folded before Flop (didn't bet)



PokerStars Hand #227972939297:  Hold'em No Limit ($0.01/$0.02 USD) - 2021/07/01 4:04:36 PT [2021/07/01 7:04:36 ET]
Table 'Hecuba II' 9-max Seat #5 is the button
Seat 1: Poydet ($3.18 in chips) 
Seat 2: CrazyJoHo ($0.87 in chips) 
Seat 3: Sunpower333 ($1.50 in chips) 
Seat 4: lcch1948 ($1.60 in chips) 
Seat 5: uwehebi ($1.71 in chips) 
Seat 6: lnxea ($2.03 in chips) 
Seat 7: Dorex2007 ($2.01 in chips) 
Seat 8: murrie666 ($2.67 in chips) 
lnxea: posts small blind $0.01
Dorex2007: posts big blind $0.02
Chrispapdnb: sits out 
*** HOLE CARDS ***
Dealt to Dorex2007 [Qs 2s]
murrie666: folds 
Poydet: folds 
CrazyJoHo: folds 
Sunpower333: folds 
lcch1948: folds 
uwehebi: calls $0.02
lnxea: folds 
Dorex2007: checks 
*** FLOP *** [Ad 7h As]
CrazyJoHo leaves the table
Dorex2007: checks 
uwehebi: checks 
*** TURN *** [Ad 7h As] [Qc]
Dorex2007: checks 
uwehebi: checks 
*** RIVER *** [Ad 7h As Qc] [8c]
Dorex2007: checks 
uwehebi: checks 
*** SHOW DOWN ***
Dorex2007: shows [Qs 2s] (two pair, Aces and Queens)
uwehebi: mucks hand 
Dorex2007 collected $0.05 from pot
*** SUMMARY ***
Total pot $0.05 | Rake $0 
Board [Ad 7h As Qc 8c]
Seat 1: Poydet folded before Flop (didn't bet)
Seat 2: CrazyJoHo folded before Flop (didn't bet)
Seat 3: Sunpower333 folded before Flop (didn't bet)
Seat 4: lcch1948 folded before Flop (didn't bet)
Seat 5: uwehebi (button) mucked [Ks Tc]
Seat 6: lnxea (small blind) folded before Flop
Seat 7: Dorex2007 (big blind) showed [Qs 2s] and won ($0.05) with two pair, Aces and Queens
Seat 8: murrie666 folded before Flop (didn't bet)



PokerStars Hand #227972947563:  Hold'em No Limit ($0.01/$0.02 USD) - 2021/07/01 4:05:17 PT [2021/07/01 7:05:17 ET]
Table 'Hecuba II' 9-max Seat #6 is the button
Seat 1: Poydet ($3.18 in chips) 
Seat 3: Sunpower333 ($1.50 in chips) 
Seat 4: lcch1948 ($1.60 in chips) 
Seat 5: uwehebi ($1.69 in chips) 
Seat 6: lnxea ($2.02 in chips) 
Seat 7: Dorex2007 ($2.04 in chips) 
Seat 8: murrie666 ($2.67 in chips) 
Dorex2007: posts small blind $0.01
murrie666: posts big blind $0.02
Chrispapdnb: sits out 
*** HOLE CARDS ***
Dealt to Dorex2007 [Qh 3d]
Poydet: folds 
1procare joins the table at seat #2 
Sunpower333: folds 
lcch1948: folds 
uwehebi: folds 
lnxea: folds 
Dorex2007: folds 
Uncalled bet ($0.01) returned to murrie666
murrie666 collected $0.02 from pot
murrie666: doesn't show hand 
*** SUMMARY ***
Total pot $0.02 | Rake $0 
Seat 1: Poydet folded before Flop (didn't bet)
Seat 3: Sunpower333 folded before Flop (didn't bet)
Seat 4: lcch1948 folded before Flop (didn't bet)
Seat 5: uwehebi folded before Flop (didn't bet)
Seat 6: lnxea (button) folded before Flop (didn't bet)
Seat 7: Dorex2007 (small blind) folded before Flop
Seat 8: murrie666 (big blind) collected ($0.02)



PokerStars Hand #227972949779:  Hold'em No Limit ($0.01/$0.02 USD) - 2021/07/01 4:05:28 PT [2021/07/01 7:05:28 ET]
Table 'Hecuba II' 9-max Seat #7 is the button
Seat 1: Poydet ($3.18 in chips) 
Seat 3: Sunpower333 ($1.50 in chips) 
Seat 4: lcch1948 ($1.60 in chips) 
Seat 5: uwehebi ($1.69 in chips) 
Seat 6: lnxea ($2.02 in chips) 
Seat 7: Dorex2007 ($2.03 in chips) 
Seat 8: murrie666 ($2.68 in chips) 
Seat 9: Chrispapdnb ($1.60 in chips) 
murrie666: posts small blind $0.01
Chrispapdnb: posts big blind $0.02
1procare: sits out 
*** HOLE CARDS ***
Dealt to Dorex2007 [8d Kd]
Poydet: folds 
Sunpower333: folds 
lcch1948: calls $0.02
uwehebi: calls $0.02
lnxea: folds 
Dorex2007: folds 
murrie666: calls $0.01
Chrispapdnb: checks 
*** FLOP *** [6s 9h 8c]
murrie666: checks 
Chrispapdnb: bets $0.02
lcch1948: folds 
uwehebi: calls $0.02
murrie666: calls $0.02
*** TURN *** [6s 9h 8c] [2h]
murrie666: checks 
Chrispapdnb: bets $0.02
uwehebi: calls $0.02
murrie666: calls $0.02
*** RIVER *** [6s 9h 8c 2h] [6d]
murrie666: checks 
Chrispapdnb: bets $0.02
uwehebi: calls $0.02
murrie666: folds 
*** SHOW DOWN ***
Chrispapdnb: shows [8s 9d] (two pair, Nines and Eights)
uwehebi: mucks hand 
Chrispapdnb collected $0.23 from pot
*** SUMMARY ***
Total pot $0.24 | Rake $0.01 
Board [6s 9h 8c 2h 6d]
Seat 1: Poydet folded before Flop (didn't bet)
Seat 3: Sunpower333 folded before Flop (didn't bet)
Seat 4: lcch1948 folded on the Flop
Seat 5: uwehebi mucked [9c Kh]
Seat 6: lnxea folded before Flop (didn't bet)
Seat 7: Dorex2007 (button) folded before Flop (didn't bet)
Seat 8: murrie666 (small blind) folded on the River
Seat 9: Chrispapdnb (big blind) showed [8s 9d] and won ($0.23) with two pair, Nines and Eights



PokerStars Hand #227972958948:  Hold'em No Limit ($0.01/$0.02 USD) - 2021/07/01 4:06:14 PT [2021/07/01 7:06:14 ET]
Table 'Hecuba II' 9-max Seat #8 is the button
Seat 2: 1procare ($1.60 in chips) 
Seat 3: Sunpower333 ($1.50 in chips) 
Seat 4: lcch1948 ($1.58 in chips) 
Seat 5: uwehebi ($1.61 in chips) 
Seat 6: lnxea ($2.02 in chips) 
Seat 7: Dorex2007 ($2.03 in chips) 
Seat 8: murrie666 ($2.62 in chips) 
Seat 9: Chrispapdnb ($1.75 in chips) 
Chrispapdnb: posts small blind $0.01
Poydet: is sitting out 
1procare: posts big blind $0.02
*** HOLE CARDS ***
Dealt to Dorex2007 [2h Td]
Poydet leaves the table
Sunpower333: folds 
lcch1948: calls $0.02
uwehebi: folds 
lnxea: folds 
Dorex2007: folds 
murrie666: folds 
Chrispapdnb: folds 
sansisbai joins the table at seat #1 
1procare: checks 
*** FLOP *** [7c Ts Kc]
1procare: checks 
lcch1948: checks 
*** TURN *** [7c Ts Kc] [8s]
1procare: checks 
lcch1948: bets $0.02
1procare: folds 
Uncalled bet ($0.02) returned to lcch1948
lcch1948 collected $0.05 from pot
lcch1948: doesn't show hand 
*** SUMMARY ***
Total pot $0.05 | Rake $0 
Board [7c Ts Kc 8s]
Seat 2: 1procare (big blind) folded on the Turn
Seat 3: Sunpower333 folded before Flop (didn't bet)
Seat 4: lcch1948 collected ($0.05)
Seat 5: uwehebi folded before Flop (didn't bet)
Seat 6: lnxea folded before Flop (didn't bet)
Seat 7: Dorex2007 folded before Flop (didn't bet)
Seat 8: murrie666 (button) folded before Flop (didn't bet)
Seat 9: Chrispapdnb (small blind) folded before Flop



PokerStars Hand #227972964879:  Hold'em No Limit ($0.01/$0.02 USD) - 2021/07/01 4:06:44 PT [2021/07/01 7:06:44 ET]
Table 'Hecuba II' 9-max Seat #9 is the button
Seat 2: 1procare ($1.58 in chips) 
Seat 3: Sunpower333 ($1.50 in chips) 
Seat 4: lcch1948 ($1.61 in chips) 
Seat 5: uwehebi ($1.61 in chips) 
Seat 6: lnxea ($2.02 in chips) 
Seat 7: Dorex2007 ($2.03 in chips) 
Seat 8: murrie666 ($2.62 in chips) 
Seat 9: Chrispapdnb ($1.74 in chips) 
1procare: posts small blind $0.01
Sunpower333: posts big blind $0.02
*** HOLE CARDS ***
Dealt to Dorex2007 [7d 8d]
lcch1948: folds 
uwehebi: calls $0.02
lnxea: folds 
Dorex2007: folds 
murrie666: folds 
Chrispapdnb: folds 
1procare: calls $0.01
Sunpower333: checks 
*** FLOP *** [4d Td Qd]
1procare: bets $0.02
Sunpower333: folds 
uwehebi: folds 
Uncalled bet ($0.02) returned to 1procare
1procare collected $0.06 from pot
1procare: doesn't show hand 
*** SUMMARY ***
Total pot $0.06 | Rake $0 
Board [4d Td Qd]
Seat 2: 1procare (small blind) collected ($0.06)
Seat 3: Sunpower333 (big blind) folded on the Flop
Seat 4: lcch1948 folded before Flop (didn't bet)
Seat 5: uwehebi folded on the Flop
Seat 6: lnxea folded before Flop (didn't bet)
Seat 7: Dorex2007 folded before Flop (didn't bet)
Seat 8: murrie666 folded before Flop (didn't bet)
Seat 9: Chrispapdnb (button) folded before Flop (didn't bet)



PokerStars Hand #227972971330:  Hold'em No Limit ($0.01/$0.02 USD) - 2021/07/01 4:07:16 PT [2021/07/01 7:07:16 ET]
Table 'Hecuba II' 9-max Seat #2 is the button
Seat 1: sansisbai ($2 in chips) 
Seat 2: 1procare ($1.62 in chips) 
Seat 3: Sunpower333 ($1.48 in chips) 
Seat 4: lcch1948 ($1.61 in chips) 
Seat 5: uwehebi ($1.59 in chips) 
Seat 6: lnxea ($2.02 in chips) 
Seat 7: Dorex2007 ($2.03 in chips) 
Seat 8: murrie666 ($2.62 in chips) 
Seat 9: Chrispapdnb ($1.74 in chips) 
Sunpower333: posts small blind $0.01
lcch1948: posts big blind $0.02
sansisbai: posts big blind $0.02
*** HOLE CARDS ***
Dealt to Dorex2007 [Ad As]
uwehebi: folds 
lnxea: folds 
Dorex2007: raises $0.08 to $0.10
murrie666: folds 
Chrispapdnb: folds 
sansisbai: calls $0.08
1procare: folds 
Sunpower333: raises $1.38 to $1.48 and is all-in
lcch1948: folds 
Dorex2007: raises $0.55 to $2.03 and is all-in
sansisbai: folds 
Uncalled bet ($0.55) returned to Dorex2007
*** FLOP *** [4h 7d 9h]
*** TURN *** [4h 7d 9h] [9s]
*** RIVER *** [4h 7d 9h 9s] [5h]
*** SHOW DOWN ***
Sunpower333: shows [Kd Kc] (two pair, Kings and Nines)
Dorex2007: shows [Ad As] (two pair, Aces and Nines)
Sunpower333 cashed out the hand for $0.53 | Cash Out Fee $0.01
Dorex2007 cashed out the hand for $2.41 | Cash Out Fee $0.02
*** SUMMARY ***
Total pot $3.08 | Rake $0.11 
Board [4h 7d 9h 9s 5h]
Seat 1: sansisbai folded before Flop
Seat 2: 1procare (button) folded before Flop (didn't bet)
Seat 3: Sunpower333 (small blind) showed [Kd Kc] and lost with two pair, Kings and Nines (cashed out).
Seat 4: lcch1948 (big blind) folded before Flop
Seat 5: uwehebi folded before Flop (didn't bet)
Seat 6: lnxea folded before Flop (didn't bet)
Seat 7: Dorex2007 showed [Ad As] and won ($2.97) with two pair, Aces and Nines (pot not awarded as player cashed out)
Seat 8: murrie666 folded before Flop (didn't bet)
Seat 9: Chrispapdnb folded before Flop (didn't bet)



PokerStars Hand #227972983224:  Hold'em No Limit ($0.01/$0.02 USD) - 2021/07/01 4:08:16 PT [2021/07/01 7:08:16 ET]
Table 'Hecuba II' 9-max Seat #3 is the button
Seat 1: sansisbai ($1.90 in chips) 
Seat 2: 1procare ($1.62 in chips) 
Seat 3: Sunpower333 ($0.53 in chips) 
Seat 4: lcch1948 ($1.59 in chips) 
Seat 5: uwehebi ($1.59 in chips) 
Seat 6: lnxea ($2.02 in chips) 
Seat 7: Dorex2007 ($2.96 in chips) 
Seat 8: murrie666 ($2.62 in chips) 
Seat 9: Chrispapdnb ($1.74 in chips) 
lcch1948: posts small blind $0.01
uwehebi: posts big blind $0.02
*** HOLE CARDS ***
Dealt to Dorex2007 [4h Td]
lnxea: folds 
Dorex2007: folds 
murrie666: folds 
Chrispapdnb: folds 
sansisbai: calls $0.02
1procare has timed out
1procare: folds 
Sunpower333: folds 
lcch1948: calls $0.01
uwehebi: checks 
*** FLOP *** [Qs 9d 6d]
lcch1948: checks 
uwehebi: checks 
sansisbai: checks 
*** TURN *** [Qs 9d 6d] [3d]
lcch1948: bets $0.04
uwehebi: calls $0.04
sansisbai: calls $0.04
*** RIVER *** [Qs 9d 6d 3d] [Ac]
lcch1948: bets $0.08
uwehebi: calls $0.08
sansisbai: folds 
*** SHOW DOWN ***
lcch1948: shows [8d Jd] (a flush, Jack high)
uwehebi: mucks hand 
lcch1948 collected $0.33 from pot
*** SUMMARY ***
Total pot $0.34 | Rake $0.01 
Board [Qs 9d 6d 3d Ac]
Seat 1: sansisbai folded on the River
Seat 2: 1procare folded before Flop (didn't bet)
Seat 3: Sunpower333 (button) folded before Flop (didn't bet)
Seat 4: lcch1948 (small blind) showed [8d Jd] and won ($0.33) with a flush, Jack high
Seat 5: uwehebi (big blind) mucked [6s 6c]
Seat 6: lnxea folded before Flop (didn't bet)
Seat 7: Dorex2007 folded before Flop (didn't bet)
Seat 8: murrie666 folded before Flop (didn't bet)
Seat 9: Chrispapdnb folded before Flop (didn't bet)



PokerStars Hand #227972992676:  Hold'em No Limit ($0.01/$0.02 USD) - 2021/07/01 4:09:03 PT [2021/07/01 7:09:03 ET]
Table 'Hecuba II' 9-max Seat #4 is the button
Seat 1: sansisbai ($1.84 in chips) 
Seat 2: 1procare ($1.62 in chips) 
Seat 3: Sunpower333 ($0.53 in chips) 
Seat 4: lcch1948 ($1.78 in chips) 
Seat 5: uwehebi ($1.45 in chips) 
Seat 6: lnxea ($2.02 in chips) 
Seat 7: Dorex2007 ($2.96 in chips) 
Seat 8: murrie666 ($2.62 in chips) 
Seat 9: Chrispapdnb ($1.74 in chips) 
uwehebi: posts small blind $0.01
lnxea: posts big blind $0.02
*** HOLE CARDS ***
Dealt to Dorex2007 [9d 7d]
Dorex2007: folds 
murrie666: raises $0.04 to $0.06
Chrispapdnb: folds 
sansisbai: calls $0.06
1procare has timed out
1procare: folds 
Sunpower333: folds 
lcch1948: folds 
uwehebi: folds 
lnxea: calls $0.04
*** FLOP *** [8h 9s Jd]
lnxea: checks 
murrie666: bets $0.18
sansisbai: folds 
lnxea: folds 
Uncalled bet ($0.18) returned to murrie666
Sunpower333 leaves the table
murrie666 collected $0.18 from pot
murrie666: doesn't show hand 
*** SUMMARY ***
Total pot $0.19 | Rake $0.01 
Board [8h 9s Jd]
Seat 1: sansisbai folded on the Flop
Seat 2: 1procare folded before Flop (didn't bet)
Seat 3: Sunpower333 folded before Flop (didn't bet)
Seat 4: lcch1948 (button) folded before Flop (didn't bet)
Seat 5: uwehebi (small blind) folded before Flop
Seat 6: lnxea (big blind) folded on the Flop
Seat 7: Dorex2007 folded before Flop (didn't bet)
Seat 8: murrie666 collected ($0.18)
Seat 9: Chrispapdnb folded before Flop (didn't bet)



PokerStars Hand #227973002537:  Hold'em No Limit ($0.01/$0.02 USD) - 2021/07/01 4:09:52 PT [2021/07/01 7:09:52 ET]
Table 'Hecuba II' 9-max Seat #5 is the button
Seat 1: sansisbai ($1.94 in chips) 
Seat 2: 1procare ($1.62 in chips) 
Seat 4: lcch1948 ($1.78 in chips) 
Seat 5: uwehebi ($1.44 in chips) 
Seat 6: lnxea ($1.96 in chips) 
Seat 7: Dorex2007 ($2.96 in chips) 
Seat 8: murrie666 ($2.74 in chips) 
Seat 9: Chrispapdnb ($1.74 in chips) 
lnxea: posts small blind $0.01
Dorex2007: posts big blind $0.02
*** HOLE CARDS ***
Dealt to Dorex2007 [As 3c]
murrie666: folds 
vasmit joins the table at seat #3 
Chrispapdnb: calls $0.02
sansisbai: calls $0.02
1procare: folds 
lcch1948: folds 
uwehebi: folds 
lnxea: folds 
Dorex2007: checks 
*** FLOP *** [Ks Th Ad]
Dorex2007: checks 
Chrispapdnb: checks 
sansisbai: checks 
*** TURN *** [Ks Th Ad] [7h]
Dorex2007: bets $0.04
Chrispapdnb: folds 
sansisbai: raises $0.04 to $0.08
Dorex2007: calls $0.04
*** RIVER *** [Ks Th Ad 7h] [Jd]
Dorex2007: checks 
sansisbai: checks 
*** SHOW DOWN ***
Dorex2007: shows [As 3c] (a pair of Aces)
sansisbai: shows [Ah 4h] (a pair of Aces)
Dorex2007 collected $0.11 from pot
sansisbai collected $0.11 from pot
*** SUMMARY ***
Total pot $0.23 | Rake $0.01 
Board [Ks Th Ad 7h Jd]
Seat 1: sansisbai showed [Ah 4h] and won ($0.11) with a pair of Aces
Seat 2: 1procare folded before Flop (didn't bet)
Seat 4: lcch1948 folded before Flop (didn't bet)
Seat 5: uwehebi (button) folded before Flop (didn't bet)
Seat 6: lnxea (small blind) folded before Flop
Seat 7: Dorex2007 (big blind) showed [As 3c] and won ($0.11) with a pair of Aces
Seat 8: murrie666 folded before Flop (didn't bet)
Seat 9: Chrispapdnb folded on the Turn



PokerStars Hand #227973011912:  Hold'em No Limit ($0.01/$0.02 USD) - 2021/07/01 4:10:38 PT [2021/07/01 7:10:38 ET]
Table 'Hecuba II' 9-max Seat #6 is the button
Seat 1: sansisbai ($1.95 in chips) 
Seat 2: 1procare ($1.62 in chips) 
Seat 4: lcch1948 ($1.78 in chips) 
Seat 5: uwehebi ($1.44 in chips) 
Seat 6: lnxea ($1.95 in chips) 
Seat 7: Dorex2007 ($2.97 in chips) 
Seat 8: murrie666 ($2.74 in chips) 
Seat 9: Chrispapdnb ($1.72 in chips) 
Dorex2007: posts small blind $0.01
murrie666: posts big blind $0.02
vasmit: sits out 
*** HOLE CARDS ***
Dealt to Dorex2007 [8d 2d]
Chrispapdnb: raises $0.02 to $0.04
sansisbai: folds 
1procare: folds 
lcch1948: folds 
uwehebi: folds 
lnxea: folds 
Dorex2007: folds 
murrie666: folds 
Uncalled bet ($0.02) returned to Chrispapdnb
Chrispapdnb collected $0.05 from pot
Chrispapdnb: doesn't show hand 
*** SUMMARY ***
Total pot $0.05 | Rake $0 
Seat 1: sansisbai folded before Flop (didn't bet)
Seat 2: 1procare folded before Flop (didn't bet)
Seat 4: lcch1948 folded before Flop (didn't bet)
Seat 5: uwehebi folded before Flop (didn't bet)
Seat 6: lnxea (button) folded before Flop (didn't bet)
Seat 7: Dorex2007 (small blind) folded before Flop
Seat 8: murrie666 (big blind) folded before Flop
Seat 9: Chrispapdnb collected ($0.05)



PokerStars Hand #227973016809:  Hold'em No Limit ($0.01/$0.02 USD) - 2021/07/01 4:11:02 PT [2021/07/01 7:11:02 ET]
Table 'Hecuba II' 9-max Seat #7 is the button
Seat 1: sansisbai ($1.95 in chips) 
Seat 2: 1procare ($1.62 in chips) 
Seat 4: lcch1948 ($1.78 in chips) 
Seat 5: uwehebi ($1.44 in chips) 
Seat 6: lnxea ($1.95 in chips) 
Seat 7: Dorex2007 ($2.96 in chips) 
Seat 8: murrie666 ($2.72 in chips) 
Seat 9: Chrispapdnb ($1.75 in chips) 
murrie666: posts small blind $0.01
Chrispapdnb: posts big blind $0.02
vasmit: sits out 
*** HOLE CARDS ***
Dealt to Dorex2007 [Ah 8h]
sansisbai: folds 
1procare: folds 
lcch1948: folds 
uwehebi: folds 
lnxea: raises $0.02 to $0.04
Dorex2007: calls $0.04
murrie666: folds 
Chrispapdnb: folds 
*** FLOP *** [3s Jc 6s]
lnxea: checks 
Dorex2007: checks 
*** TURN *** [3s Jc 6s] [4d]
lnxea: checks 
Dorex2007: bets $0.06
lnxea: folds 
Uncalled bet ($0.06) returned to Dorex2007
Dorex2007 collected $0.11 from pot
Dorex2007: doesn't show hand 
*** SUMMARY ***
Total pot $0.11 | Rake $0 
Board [3s Jc 6s 4d]
Seat 1: sansisbai folded before Flop (didn't bet)
Seat 2: 1procare folded before Flop (didn't bet)
Seat 4: lcch1948 folded before Flop (didn't bet)
Seat 5: uwehebi folded before Flop (didn't bet)
Seat 6: lnxea folded on the Turn
Seat 7: Dorex2007 (button) collected ($0.11)
Seat 8: murrie666 (small blind) folded before Flop
Seat 9: Chrispapdnb (big blind) folded before Flop



PokerStars Hand #227973025370:  Hold'em No Limit ($0.01/$0.02 USD) - 2021/07/01 4:11:44 PT [2021/07/01 7:11:44 ET]
Table 'Hecuba II' 9-max Seat #8 is the button
Seat 1: sansisbai ($1.95 in chips) 
Seat 2: 1procare ($1.62 in chips) 
Seat 4: lcch1948 ($1.78 in chips) 
Seat 5: uwehebi ($1.44 in chips) 
Seat 6: lnxea ($1.91 in chips) 
Seat 7: Dorex2007 ($3.03 in chips) 
Seat 8: murrie666 ($2.71 in chips) 
Seat 9: Chrispapdnb ($1.73 in chips) 
Chrispapdnb: posts small blind $0.01
sansisbai: posts big blind $0.02
vasmit: sits out 
*** HOLE CARDS ***
Dealt to Dorex2007 [Td 3d]
1procare: folds 
lcch1948: folds 
uwehebi: calls $0.02
lnxea: folds 
Dorex2007: folds 
murrie666: folds 
1procare leaves the table
Chrispapdnb: calls $0.01
sansisbai: checks 
*** FLOP *** [8s 2h 6s]
Chrispapdnb: checks 
sansisbai: checks 
uwehebi: checks 
*** TURN *** [8s 2h 6s] [Jd]
Chrispapdnb: checks 
sansisbai: checks 
uwehebi: checks 
*** RIVER *** [8s 2h 6s Jd] [Jc]
Chrispapdnb: checks 
VIST0988 joins the table at seat #2 
sansisbai: checks 
uwehebi: bets $0.02
Chrispapdnb: folds 
sansisbai: calls $0.02
*** SHOW DOWN ***
uwehebi: shows [Tc Jh] (three of a kind, Jacks)
sansisbai: mucks hand 
uwehebi collected $0.10 from pot
*** SUMMARY ***
Total pot $0.10 | Rake $0 
Board [8s 2h 6s Jd Jc]
Seat 1: sansisbai (big blind) mucked [2c 7d]
Seat 2: 1procare folded before Flop (didn't bet)
Seat 4: lcch1948 folded before Flop (didn't bet)
Seat 5: uwehebi showed [Tc Jh] and won ($0.10) with three of a kind, Jacks
Seat 6: lnxea folded before Flop (didn't bet)
Seat 7: Dorex2007 folded before Flop (didn't bet)
Seat 8: murrie666 (button) folded before Flop (didn't bet)
Seat 9: Chrispapdnb (small blind) folded on the River



PokerStars Hand #227973032901:  Hold'em No Limit ($0.01/$0.02 USD) - 2021/07/01 4:12:21 PT [2021/07/01 7:12:21 ET]
Table 'Hecuba II' 9-max Seat #9 is the button
Seat 1: sansisbai ($1.91 in chips) 
Seat 2: VIST0988 ($0.80 in chips) 
Seat 4: lcch1948 ($1.78 in chips) 
Seat 5: uwehebi ($1.50 in chips) 
Seat 6: lnxea ($1.91 in chips) 
Seat 7: Dorex2007 ($3.03 in chips) 
Seat 8: murrie666 ($2.71 in chips) 
Seat 9: Chrispapdnb ($1.71 in chips) 
sansisbai: posts small blind $0.01
VIST0988: posts big blind $0.02
vasmit: sits out 
*** HOLE CARDS ***
Dealt to Dorex2007 [2h 6c]
lcch1948: calls $0.02
uwehebi: folds 
lnxea: folds 
Dorex2007: folds 
murrie666: raises $0.06 to $0.08
Chrispapdnb: folds 
sansisbai: folds 
VIST0988: folds 
lcch1948: folds 
Uncalled bet ($0.06) returned to murrie666
murrie666 collected $0.07 from pot
murrie666: doesn't show hand 
*** SUMMARY ***
Total pot $0.07 | Rake $0 
Seat 1: sansisbai (small blind) folded before Flop
Seat 2: VIST0988 (big blind) folded before Flop
Seat 4: lcch1948 folded before Flop
Seat 5: uwehebi folded before Flop (didn't bet)
Seat 6: lnxea folded before Flop (didn't bet)
Seat 7: Dorex2007 folded before Flop (didn't bet)
Seat 8: murrie666 collected ($0.07)
Seat 9: Chrispapdnb (button) folded before Flop (didn't bet)



PokerStars Hand #227973037352:  Hold'em No Limit ($0.01/$0.02 USD) - 2021/07/01 4:12:43 PT [2021/07/01 7:12:43 ET]
Table 'Hecuba II' 9-max Seat #1 is the button
Seat 1: sansisbai ($1.99 in chips) 
Seat 2: VIST0988 ($0.78 in chips) 
Seat 3: vasmit ($2 in chips) 
Seat 4: lcch1948 ($1.76 in chips) 
Seat 5: uwehebi ($1.50 in chips) 
Seat 6: lnxea ($1.91 in chips) 
Seat 7: Dorex2007 ($3.03 in chips) 
Seat 8: murrie666 ($2.76 in chips) 
Seat 9: Chrispapdnb ($1.71 in chips) 
VIST0988: posts small blind $0.01
vasmit: posts big blind $0.02
*** HOLE CARDS ***
Dealt to Dorex2007 [Qh 3h]
lcch1948: calls $0.02
uwehebi: folds 
lnxea: folds 
Dorex2007: folds 
murrie666: folds 
Chrispapdnb: calls $0.02
sansisbai: calls $0.02
VIST0988: folds 
vasmit: checks 
*** FLOP *** [Qs 4h 5s]
vasmit: checks 
lcch1948: bets $0.04
Chrispapdnb: folds 
sansisbai: folds 
vasmit: folds 
Uncalled bet ($0.04) returned to lcch1948
lcch1948 collected $0.09 from pot
lcch1948: doesn't show hand 
*** SUMMARY ***
Total pot $0.09 | Rake $0 
Board [Qs 4h 5s]
Seat 1: sansisbai (button) folded on the Flop
Seat 2: VIST0988 (small blind) folded before Flop
Seat 3: vasmit (big blind) folded on the Flop
Seat 4: lcch1948 collected ($0.09)
Seat 5: uwehebi folded before Flop (didn't bet)
Seat 6: lnxea folded before Flop (didn't bet)
Seat 7: Dorex2007 folded before Flop (didn't bet)
Seat 8: murrie666 folded before Flop (didn't bet)
Seat 9: Chrispapdnb folded on the Flop



PokerStars Hand #227973046506:  Hold'em No Limit ($0.01/$0.02 USD) - 2021/07/01 4:13:29 PT [2021/07/01 7:13:29 ET]
Table 'Hecuba II' 9-max Seat #2 is the button
Seat 1: sansisbai ($1.97 in chips) 
Seat 2: VIST0988 ($0.77 in chips) 
Seat 3: vasmit ($2 in chips) 
Seat 4: lcch1948 ($1.83 in chips) 
Seat 5: uwehebi ($1.50 in chips) 
Seat 6: lnxea ($1.91 in chips) 
Seat 7: Dorex2007 ($3.03 in chips) 
Seat 8: murrie666 ($2.76 in chips) 
Seat 9: Chrispapdnb ($1.69 in chips) 
vasmit: posts small blind $0.01
lcch1948: posts big blind $0.02
*** HOLE CARDS ***
Dealt to Dorex2007 [Ad 5d]
uwehebi: folds 
lnxea: folds 
Dorex2007: raises $0.02 to $0.04
murrie666: folds 
Chrispapdnb: calls $0.04
sansisbai: folds 
VIST0988: raises $0.06 to $0.10
vasmit: raises $1.90 to $2 and is all-in
lcch1948: folds 
Dorex2007: folds 
Chrispapdnb: folds 
VIST0988: calls $0.67 and is all-in
Uncalled bet ($1.23) returned to vasmit
*** FLOP *** [7h 9d Ks]
*** TURN *** [7h 9d Ks] [5s]
*** RIVER *** [7h 9d Ks 5s] [4c]
*** SHOW DOWN ***
vasmit: shows [Ah Ac] (a pair of Aces)
VIST0988: shows [Js Jd] (a pair of Jacks)
vasmit collected $1.58 from pot
*** SUMMARY ***
Total pot $1.64 | Rake $0.06 
Board [7h 9d Ks 5s 4c]
Seat 1: sansisbai folded before Flop (didn't bet)
Seat 2: VIST0988 (button) showed [Js Jd] and lost with a pair of Jacks
Seat 3: vasmit (small blind) showed [Ah Ac] and won ($1.58) with a pair of Aces
Seat 4: lcch1948 (big blind) folded before Flop
Seat 5: uwehebi folded before Flop (didn't bet)
Seat 6: lnxea folded before Flop (didn't bet)
Seat 7: Dorex2007 folded before Flop
Seat 8: murrie666 folded before Flop (didn't bet)
Seat 9: Chrispapdnb folded before Flop



PokerStars Hand #227973055321:  Hold'em No Limit ($0.01/$0.02 USD) - 2021/07/01 4:14:12 PT [2021/07/01 7:14:12 ET]
Table 'Hecuba II' 9-max Seat #3 is the button
Seat 1: sansisbai ($1.97 in chips) 
Seat 3: vasmit ($2.81 in chips) 
Seat 4: lcch1948 ($1.81 in chips) 
Seat 5: uwehebi ($1.50 in chips) 
Seat 6: lnxea ($1.91 in chips) 
Seat 7: Dorex2007 ($2.99 in chips) 
Seat 8: murrie666 ($2.76 in chips) 
Seat 9: Chrispapdnb ($1.65 in chips) 
lcch1948: posts small blind $0.01
uwehebi: posts big blind $0.02
*** HOLE CARDS ***
Dealt to Dorex2007 [Ad Qh]
lnxea: raises $0.04 to $0.06
Dorex2007: calls $0.06
murrie666: folds 
Chrispapdnb: folds 
sansisbai: folds 
vasmit: folds 
lcch1948: folds 
uwehebi: calls $0.04
*** FLOP *** [7c 4h 9h]
uwehebi: checks 
lnxea: bets $0.14
Dorex2007: folds 
uwehebi: folds 
Uncalled bet ($0.14) returned to lnxea
lnxea collected $0.18 from pot
lnxea: doesn't show hand 
*** SUMMARY ***
Total pot $0.19 | Rake $0.01 
Board [7c 4h 9h]
Seat 1: sansisbai folded before Flop (didn't bet)
Seat 3: vasmit (button) folded before Flop (didn't bet)
Seat 4: lcch1948 (small blind) folded before Flop
Seat 5: uwehebi (big blind) folded on the Flop
Seat 6: lnxea collected ($0.18)
Seat 7: Dorex2007 folded on the Flop
Seat 8: murrie666 folded before Flop (didn't bet)
Seat 9: Chrispapdnb folded before Flop (didn't bet)



PokerStars Hand #227973061868:  Hold'em No Limit ($0.01/$0.02 USD) - 2021/07/01 4:14:45 PT [2021/07/01 7:14:45 ET]
Table 'Hecuba II' 9-max Seat #4 is the button
Seat 1: sansisbai ($1.97 in chips) 
Seat 2: VIST0988 ($0.80 in chips) 
Seat 3: vasmit ($2.81 in chips) 
Seat 4: lcch1948 ($1.80 in chips) 
Seat 5: uwehebi ($1.44 in chips) 
Seat 6: lnxea ($2.03 in chips) 
Seat 7: Dorex2007 ($2.93 in chips) 
Seat 8: murrie666 ($2.76 in chips) 
Seat 9: Chrispapdnb ($1.65 in chips) 
uwehebi: posts small blind $0.01
lnxea: posts big blind $0.02
*** HOLE CARDS ***
Dealt to Dorex2007 [Ks Qh]
Dorex2007: raises $0.04 to $0.06
murrie666: folds 
Chrispapdnb: folds 
sansisbai: folds 
VIST0988: folds 
vasmit: folds 
lcch1948: folds 
uwehebi: folds 
lnxea: folds 
Uncalled bet ($0.04) returned to Dorex2007
Dorex2007 collected $0.05 from pot
Dorex2007: doesn't show hand 
*** SUMMARY ***
Total pot $0.05 | Rake $0 
Seat 1: sansisbai folded before Flop (didn't bet)
Seat 2: VIST0988 folded before Flop (didn't bet)
Seat 3: vasmit folded before Flop (didn't bet)
Seat 4: lcch1948 (button) folded before Flop (didn't bet)
Seat 5: uwehebi (small blind) folded before Flop
Seat 6: lnxea (big blind) folded before Flop
Seat 7: Dorex2007 collected ($0.05)
Seat 8: murrie666 folded before Flop (didn't bet)
Seat 9: Chrispapdnb folded before Flop (didn't bet)



PokerStars Hand #227973064881:  Hold'em No Limit ($0.01/$0.02 USD) - 2021/07/01 4:15:00 PT [2021/07/01 7:15:00 ET]
Table 'Hecuba II' 9-max Seat #5 is the button
Seat 1: sansisbai ($1.97 in chips) 
Seat 2: VIST0988 ($0.80 in chips) 
Seat 3: vasmit ($2.81 in chips) 
Seat 4: lcch1948 ($1.80 in chips) 
Seat 5: uwehebi ($1.43 in chips) 
Seat 6: lnxea ($2.01 in chips) 
Seat 7: Dorex2007 ($2.96 in chips) 
Seat 8: murrie666 ($2.76 in chips) 
Seat 9: Chrispapdnb ($1.65 in chips) 
lnxea: posts small blind $0.01
Dorex2007: posts big blind $0.02
*** HOLE CARDS ***
Dealt to Dorex2007 [2s Td]
murrie666: folds 
Chrispapdnb: folds 
sansisbai: calls $0.02
VIST0988: folds 
vasmit has timed out
vasmit: folds 
lcch1948: calls $0.02
uwehebi has timed out
uwehebi: folds 
lnxea: folds 
Dorex2007: checks 
*** FLOP *** [Th Jc Ks]
Dorex2007: checks 
sansisbai: checks 
lcch1948: checks 
*** TURN *** [Th Jc Ks] [9c]
Dorex2007: checks 
sansisbai: checks 
lcch1948: checks 
*** RIVER *** [Th Jc Ks 9c] [8h]
Dorex2007: checks 
sansisbai: checks 
lcch1948: checks 
*** SHOW DOWN ***
Dorex2007: shows [2s Td] (a pair of Tens)
sansisbai: mucks hand 
lcch1948: mucks hand 
Dorex2007 collected $0.07 from pot
*** SUMMARY ***
Total pot $0.07 | Rake $0 
Board [Th Jc Ks 9c 8h]
Seat 1: sansisbai mucked [9d Ad]
Seat 2: VIST0988 folded before Flop (didn't bet)
Seat 3: vasmit folded before Flop (didn't bet)
Seat 4: lcch1948 mucked [6s As]
Seat 5: uwehebi (button) folded before Flop (didn't bet)
Seat 6: lnxea (small blind) folded before Flop
Seat 7: Dorex2007 (big blind) showed [2s Td] and won ($0.07) with a pair of Tens
Seat 8: murrie666 folded before Flop (didn't bet)
Seat 9: Chrispapdnb folded before Flop (didn't bet)



PokerStars Hand #227973077170:  Hold'em No Limit ($0.01/$0.02 USD) - 2021/07/01 4:15:59 PT [2021/07/01 7:15:59 ET]
Table 'Hecuba II' 9-max Seat #6 is the button
Seat 1: sansisbai ($1.95 in chips) 
Seat 2: VIST0988 ($0.80 in chips) 
Seat 3: vasmit ($2.81 in chips) 
Seat 4: lcch1948 ($1.78 in chips) 
Seat 5: uwehebi ($1.43 in chips) 
Seat 6: lnxea ($2 in chips) 
Seat 7: Dorex2007 ($3.01 in chips) 
Seat 8: murrie666 ($2.76 in chips) 
Seat 9: Chrispapdnb ($1.65 in chips) 
Dorex2007: posts small blind $0.01
murrie666: posts big blind $0.02
*** HOLE CARDS ***
Dealt to Dorex2007 [Jh 2d]
Chrispapdnb: folds 
sansisbai: folds 
VIST0988: raises $0.02 to $0.04
vasmit: folds 
lcch1948: folds 
uwehebi: folds 
lnxea: folds 
Dorex2007: folds 
murrie666: folds 
Uncalled bet ($0.02) returned to VIST0988
VIST0988 collected $0.05 from pot
*** SUMMARY ***
Total pot $0.05 | Rake $0 
Seat 1: sansisbai folded before Flop (didn't bet)
Seat 2: VIST0988 collected ($0.05)
Seat 3: vasmit folded before Flop (didn't bet)
Seat 4: lcch1948 folded before Flop (didn't bet)
Seat 5: uwehebi folded before Flop (didn't bet)
Seat 6: lnxea (button) folded before Flop (didn't bet)
Seat 7: Dorex2007 (small blind) folded before Flop
Seat 8: murrie666 (big blind) folded before Flop
Seat 9: Chrispapdnb folded before Flop (didn't bet)



PokerStars Hand #227973080709:  Hold'em No Limit ($0.01/$0.02 USD) - 2021/07/01 4:16:16 PT [2021/07/01 7:16:16 ET]
Table 'Hecuba II' 9-max Seat #7 is the button
Seat 1: sansisbai ($1.95 in chips) 
Seat 2: VIST0988 ($0.83 in chips) 
Seat 3: vasmit ($2.81 in chips) 
Seat 4: lcch1948 ($1.78 in chips) 
Seat 5: uwehebi ($1.43 in chips) 
Seat 6: lnxea ($2 in chips) 
Seat 7: Dorex2007 ($3 in chips) 
Seat 8: murrie666 ($2.74 in chips) 
Seat 9: Chrispapdnb ($1.65 in chips) 
murrie666: posts small blind $0.01
Chrispapdnb: posts big blind $0.02
*** HOLE CARDS ***
Dealt to Dorex2007 [7s Kd]
sansisbai: folds 
VIST0988: folds 
vasmit: folds 
lcch1948: folds 
uwehebi: folds 
lnxea: folds 
Dorex2007: folds 
murrie666: folds 
Uncalled bet ($0.01) returned to Chrispapdnb
Chrispapdnb collected $0.02 from pot
Chrispapdnb: doesn't show hand 
*** SUMMARY ***
Total pot $0.02 | Rake $0 
Seat 1: sansisbai folded before Flop (didn't bet)
Seat 2: VIST0988 folded before Flop (didn't bet)
Seat 3: vasmit folded before Flop (didn't bet)
Seat 4: lcch1948 folded before Flop (didn't bet)
Seat 5: uwehebi folded before Flop (didn't bet)
Seat 6: lnxea folded before Flop (didn't bet)
Seat 7: Dorex2007 (button) folded before Flop (didn't bet)
Seat 8: murrie666 (small blind) folded before Flop
Seat 9: Chrispapdnb (big blind) collected ($0.02)



PokerStars Hand #227973083505:  Hold'em No Limit ($0.01/$0.02 USD) - 2021/07/01 4:16:30 PT [2021/07/01 7:16:30 ET]
Table 'Hecuba II' 9-max Seat #8 is the button
Seat 1: sansisbai ($1.95 in chips) 
Seat 2: VIST0988 ($0.83 in chips) 
Seat 3: vasmit ($2.81 in chips) 
Seat 4: lcch1948 ($1.78 in chips) 
Seat 5: uwehebi ($1.43 in chips) 
Seat 6: lnxea ($2 in chips) 
Seat 7: Dorex2007 ($3 in chips) 
Seat 8: murrie666 ($2.73 in chips) 
Seat 9: Chrispapdnb ($1.66 in chips) 
Chrispapdnb: posts small blind $0.01
sansisbai: posts big blind $0.02
*** HOLE CARDS ***
Dealt to Dorex2007 [Td Kc]
VIST0988: folds 
vasmit: folds 
lcch1948: folds 
uwehebi: calls $0.02
lnxea: folds 
Dorex2007: calls $0.02
murrie666: folds 
Chrispapdnb: folds 
sansisbai: checks 
*** FLOP *** [9d Ts 2d]
sansisbai: checks 
uwehebi: checks 
Dorex2007: bets $0.07
sansisbai: folds 
uwehebi: calls $0.07
*** TURN *** [9d Ts 2d] [6h]
uwehebi: checks 
Dorex2007: bets $0.20
uwehebi: calls $0.20
*** RIVER *** [9d Ts 2d 6h] [Jc]
uwehebi: checks 
Dorex2007: checks 
*** SHOW DOWN ***
uwehebi: shows [Kd Ad] (high card Ace)
Dorex2007: shows [Td Kc] (a pair of Tens)
Dorex2007 collected $0.59 from pot
*** SUMMARY ***
Total pot $0.61 | Rake $0.02 
Board [9d Ts 2d 6h Jc]
Seat 1: sansisbai (big blind) folded on the Flop
Seat 2: VIST0988 folded before Flop (didn't bet)
Seat 3: vasmit folded before Flop (didn't bet)
Seat 4: lcch1948 folded before Flop (didn't bet)
Seat 5: uwehebi showed [Kd Ad] and lost with high card Ace
Seat 6: lnxea folded before Flop (didn't bet)
Seat 7: Dorex2007 showed [Td Kc] and won ($0.59) with a pair of Tens
Seat 8: murrie666 (button) folded before Flop (didn't bet)
Seat 9: Chrispapdnb (small blind) folded before Flop



PokerStars Hand #227973095165:  Hold'em No Limit ($0.01/$0.02 USD) - 2021/07/01 4:17:26 PT [2021/07/01 7:17:26 ET]
Table 'Hecuba II' 9-max Seat #9 is the button
Seat 1: sansisbai ($1.93 in chips) 
Seat 2: VIST0988 ($0.83 in chips) 
Seat 3: vasmit ($2.81 in chips) 
Seat 4: lcch1948 ($1.78 in chips) 
Seat 5: uwehebi ($1.14 in chips) 
Seat 6: lnxea ($2 in chips) 
Seat 7: Dorex2007 ($3.30 in chips) 
Seat 8: murrie666 ($2.73 in chips) 
Seat 9: Chrispapdnb ($1.65 in chips) 
sansisbai: posts small blind $0.01
VIST0988: posts big blind $0.02
*** HOLE CARDS ***
Dealt to Dorex2007 [Qc Tc]
vasmit: folds 
lcch1948: folds 
uwehebi: calls $0.02
lnxea: raises $0.02 to $0.04
Dorex2007: folds 
murrie666: folds 
Chrispapdnb is disconnected 
Chrispapdnb has timed out while disconnected
Chrispapdnb: folds 
sansisbai: folds 
VIST0988: folds 
uwehebi: calls $0.02
*** FLOP *** [4c 8s 5s]
uwehebi: checks 
lnxea: checks 
*** TURN *** [4c 8s 5s] [Qs]
uwehebi: checks 
lnxea: bets $0.02
uwehebi: calls $0.02
*** RIVER *** [4c 8s 5s Qs] [Jd]
uwehebi: checks 
lnxea: checks 
*** SHOW DOWN ***
uwehebi: shows [4d 4s] (three of a kind, Fours)
lnxea: mucks hand 
uwehebi collected $0.14 from pot
*** SUMMARY ***
Total pot $0.15 | Rake $0.01 
Board [4c 8s 5s Qs Jd]
Seat 1: sansisbai (small blind) folded before Flop
Seat 2: VIST0988 (big blind) folded before Flop
Seat 3: vasmit folded before Flop (didn't bet)
Seat 4: lcch1948 folded before Flop (didn't bet)
Seat 5: uwehebi showed [4d 4s] and won ($0.14) with three of a kind, Fours
Seat 6: lnxea mucked [6h 6s]
Seat 7: Dorex2007 folded before Flop (didn't bet)
Seat 8: murrie666 folded before Flop (didn't bet)
Seat 9: Chrispapdnb (button) folded before Flop (didn't bet)



PokerStars Hand #227973106826:  Hold'em No Limit ($0.01/$0.02 USD) - 2021/07/01 4:18:23 PT [2021/07/01 7:18:23 ET]
Table 'Hecuba II' 9-max Seat #1 is the button
Seat 1: sansisbai ($1.92 in chips) 
Seat 2: VIST0988 ($0.81 in chips) 
Seat 3: vasmit ($2.81 in chips) 
Seat 4: lcch1948 ($1.78 in chips) 
Seat 5: uwehebi ($1.22 in chips) 
Seat 6: lnxea ($1.94 in chips) 
Seat 7: Dorex2007 ($3.30 in chips) 
Seat 8: murrie666 ($2.73 in chips) 
Seat 9: Chrispapdnb ($1.65 in chips) 
VIST0988: posts small blind $0.01
vasmit: posts big blind $0.02
*** HOLE CARDS ***
Dealt to Dorex2007 [Jh Tc]
lcch1948: folds 
uwehebi: calls $0.02
lnxea: folds 
Dorex2007: folds 
murrie666: raises $0.06 to $0.08
Chrispapdnb: folds 
sansisbai: folds 
VIST0988: folds 
vasmit: folds 
uwehebi: calls $0.06
*** FLOP *** [4c 4h 8c]
uwehebi: checks 
murrie666: bets $0.18
uwehebi: raises $0.96 to $1.14 and is all-in
murrie666: calls $0.96
uwehebi has timed out
*** TURN *** [4c 4h 8c] [9c]
*** RIVER *** [4c 4h 8c 9c] [Js]
*** SHOW DOWN ***
uwehebi: shows [9s Ac] (two pair, Nines and Fours)
murrie666: shows [Ah As] (two pair, Aces and Fours)
murrie666 collected $2.36 from pot
*** SUMMARY ***
Total pot $2.47 | Rake $0.11 
Board [4c 4h 8c 9c Js]
Seat 1: sansisbai (button) folded before Flop (didn't bet)
Seat 2: VIST0988 (small blind) folded before Flop
Seat 3: vasmit (big blind) folded before Flop
Seat 4: lcch1948 folded before Flop (didn't bet)
Seat 5: uwehebi showed [9s Ac] and lost with two pair, Nines and Fours
Seat 6: lnxea folded before Flop (didn't bet)
Seat 7: Dorex2007 folded before Flop (didn't bet)
Seat 8: murrie666 showed [Ah As] and won ($2.36) with two pair, Aces and Fours
Seat 9: Chrispapdnb folded before Flop (didn't bet)



PokerStars Hand #227973118259:  Hold'em No Limit ($0.01/$0.02 USD) - 2021/07/01 4:19:18 PT [2021/07/01 7:19:18 ET]
Table 'Hecuba II' 9-max Seat #2 is the button
Seat 1: sansisbai ($1.92 in chips) 
Seat 2: VIST0988 ($0.80 in chips) 
Seat 3: vasmit ($2.79 in chips) 
Seat 4: lcch1948 ($1.78 in chips) 
Seat 6: lnxea ($1.94 in chips) 
Seat 7: Dorex2007 ($3.30 in chips) 
Seat 8: murrie666 ($3.87 in chips) 
Seat 9: Chrispapdnb ($1.65 in chips) 
vasmit: posts small blind $0.01
lcch1948: posts big blind $0.02
*** HOLE CARDS ***
Dealt to Dorex2007 [Ks 2d]
lnxea: folds 
Dorex2007: folds 
murrie666: raises $0.04 to $0.06
Chrispapdnb has timed out
Chrispapdnb: folds 
sansisbai: calls $0.06
VIST0988: folds 
vasmit: calls $0.05
lcch1948: folds 
*** FLOP *** [4s 8s As]
vasmit: checks 
murrie666: checks 
sansisbai: checks 
*** TURN *** [4s 8s As] [Jd]
vasmit: checks 
murrie666: checks 
Chrispapdnb is disconnected 
sansisbai: checks 
*** RIVER *** [4s 8s As Jd] [9s]
vasmit: checks 
murrie666: checks 
sansisbai: checks 
*** SHOW DOWN ***
vasmit: shows [Jh Js] (a flush, Ace high)
murrie666: mucks hand 
sansisbai: mucks hand 
vasmit collected $0.19 from pot
*** SUMMARY ***
Total pot $0.20 | Rake $0.01 
Board [4s 8s As Jd 9s]
Seat 1: sansisbai mucked [7s 7c]
Seat 2: VIST0988 (button) folded before Flop (didn't bet)
Seat 3: vasmit (small blind) showed [Jh Js] and won ($0.19) with a flush, Ace high
Seat 4: lcch1948 (big blind) folded before Flop
Seat 6: lnxea folded before Flop (didn't bet)
Seat 7: Dorex2007 folded before Flop (didn't bet)
Seat 8: murrie666 mucked [Td Th]
Seat 9: Chrispapdnb folded before Flop (didn't bet)



PokerStars Hand #227973130469:  Hold'em No Limit ($0.01/$0.02 USD) - 2021/07/01 4:20:17 PT [2021/07/01 7:20:17 ET]
Table 'Hecuba II' 9-max Seat #3 is the button
Seat 1: sansisbai ($1.86 in chips) 
Seat 2: VIST0988 ($0.80 in chips) 
Seat 3: vasmit ($2.92 in chips) 
Seat 4: lcch1948 ($1.76 in chips) 
Seat 5: uwehebi ($0.80 in chips) 
Seat 6: lnxea ($1.94 in chips) 
Seat 7: Dorex2007 ($3.30 in chips) 
Seat 8: murrie666 ($3.81 in chips) 
lcch1948: posts small blind $0.01
uwehebi: posts big blind $0.02
*** HOLE CARDS ***
Dealt to Dorex2007 [Kh Ts]
lnxea: folds 
Dorex2007: raises $0.02 to $0.04
murrie666: folds 
sansisbai: folds 
VIST0988: folds 
vasmit: folds 
lcch1948: folds 
uwehebi: calls $0.02
*** FLOP *** [6c Qs 5s]
uwehebi: checks 
Dorex2007: bets $0.06
uwehebi: calls $0.06
*** TURN *** [6c Qs 5s] [4s]
uwehebi: checks 
Dorex2007: bets $0.20
uwehebi: raises $0.50 to $0.70 and is all-in
Dorex2007: folds 
Uncalled bet ($0.50) returned to uwehebi
uwehebi collected $0.59 from pot
uwehebi: doesn't show hand 
*** SUMMARY ***
Total pot $0.61 | Rake $0.02 
Board [6c Qs 5s 4s]
Seat 1: sansisbai folded before Flop (didn't bet)
Seat 2: VIST0988 folded before Flop (didn't bet)
Seat 3: vasmit (button) folded before Flop (didn't bet)
Seat 4: lcch1948 (small blind) folded before Flop
Seat 5: uwehebi (big blind) collected ($0.59)
Seat 6: lnxea folded before Flop (didn't bet)
Seat 7: Dorex2007 folded on the Turn
Seat 8: murrie666 folded before Flop (didn't bet)



PokerStars Hand #227973138963:  Hold'em No Limit ($0.01/$0.02 USD) - 2021/07/01 4:20:58 PT [2021/07/01 7:20:58 ET]
Table 'Hecuba II' 9-max Seat #4 is the button
Seat 1: sansisbai ($1.86 in chips) 
Seat 2: VIST0988 ($0.80 in chips) 
Seat 3: vasmit ($2.92 in chips) 
Seat 4: lcch1948 ($1.75 in chips) 
Seat 5: uwehebi ($1.09 in chips) 
Seat 6: lnxea ($1.94 in chips) 
Seat 7: Dorex2007 ($3 in chips) 
Seat 8: murrie666 ($3.81 in chips) 
uwehebi: posts small blind $0.01
lnxea: posts big blind $0.02
*** HOLE CARDS ***
Dealt to Dorex2007 [8d Qs]
Dorex2007: folds 
murrie666: folds 
sansisbai: calls $0.02
VIST0988: calls $0.02
vasmit: folds 
lcch1948: folds 
uwehebi: folds 
lnxea: checks 
*** FLOP *** [5c Ah 3h]
lnxea: checks 
sansisbai: checks 
VIST0988: bets $0.04
lnxea: calls $0.04
sansisbai: folds 
*** TURN *** [5c Ah 3h] [Jc]
lnxea: checks 
Chrispapdnb is disconnected 
VIST0988: bets $0.08
lnxea: folds 
Uncalled bet ($0.08) returned to VIST0988
VIST0988 collected $0.14 from pot
VIST0988: doesn't show hand 
*** SUMMARY ***
Total pot $0.15 | Rake $0.01 
Board [5c Ah 3h Jc]
Seat 1: sansisbai folded on the Flop
Seat 2: VIST0988 collected ($0.14)
Seat 3: vasmit folded before Flop (didn't bet)
Seat 4: lcch1948 (button) folded before Flop (didn't bet)
Seat 5: uwehebi (small blind) folded before Flop
Seat 6: lnxea (big blind) folded on the Turn
Seat 7: Dorex2007 folded before Flop (didn't bet)
Seat 8: murrie666 folded before Flop (didn't bet)



PokerStars Hand #227973148970:  Hold'em No Limit ($0.01/$0.02 USD) - 2021/07/01 4:21:46 PT [2021/07/01 7:21:46 ET]
Table 'Hecuba II' 9-max Seat #5 is the button
Seat 1: sansisbai ($1.84 in chips) 
Seat 2: VIST0988 ($0.88 in chips) 
Seat 3: vasmit ($2.92 in chips) 
Seat 4: lcch1948 ($1.75 in chips) 
Seat 5: uwehebi ($1.08 in chips) 
Seat 6: lnxea ($1.88 in chips) 
Seat 7: Dorex2007 ($3 in chips) 
Seat 8: murrie666 ($3.81 in chips) 
lnxea: posts small blind $0.01
Dorex2007: posts big blind $0.02
*** HOLE CARDS ***
Dealt to Dorex2007 [4d 5s]
murrie666: folds 
sansisbai: folds 
VIST0988: folds 
vasmit: calls $0.02
lcch1948: folds 
uwehebi: folds 
lnxea: folds 
Dorex2007: checks 
*** FLOP *** [Jh 3c Td]
Dorex2007: checks 
vasmit: bets $0.14
Dorex2007: folds 
Uncalled bet ($0.14) returned to vasmit
vasmit collected $0.05 from pot
vasmit: doesn't show hand 
*** SUMMARY ***
Total pot $0.05 | Rake $0 
Board [Jh 3c Td]
Seat 1: sansisbai folded before Flop (didn't bet)
Seat 2: VIST0988 folded before Flop (didn't bet)
Seat 3: vasmit collected ($0.05)
Seat 4: lcch1948 folded before Flop (didn't bet)
Seat 5: uwehebi (button) folded before Flop (didn't bet)
Seat 6: lnxea (small blind) folded before Flop
Seat 7: Dorex2007 (big blind) folded on the Flop
Seat 8: murrie666 folded before Flop (didn't bet)



PokerStars Hand #227973161863:  Hold'em No Limit ($0.01/$0.02 USD) - 2021/07/01 4:22:48 PT [2021/07/01 7:22:48 ET]
Table 'Hecuba II' 9-max Seat #6 is the button
Seat 1: sansisbai ($1.84 in chips) 
Seat 2: VIST0988 ($0.88 in chips) 
Seat 3: vasmit ($2.95 in chips) 
Seat 4: lcch1948 ($1.75 in chips) 
Seat 5: uwehebi ($1.08 in chips) 
Seat 6: lnxea ($1.87 in chips) 
Seat 7: Dorex2007 ($2.98 in chips) 
Seat 8: murrie666 ($3.81 in chips) 
Seat 9: Chrispapdnb ($1.65 in chips) 
Dorex2007: posts small blind $0.01
murrie666: posts big blind $0.02
*** HOLE CARDS ***
Dealt to Dorex2007 [5c Ac]
Chrispapdnb: folds 
sansisbai: folds 
VIST0988: folds 
vasmit: folds 
lcch1948: calls $0.02
uwehebi: calls $0.02
lnxea: folds 
Dorex2007: calls $0.01
murrie666: checks 
*** FLOP *** [Td 2s 8s]
Dorex2007: checks 
murrie666: checks 
lcch1948: checks 
uwehebi: bets $0.08
Dorex2007: folds 
murrie666: folds 
lcch1948: folds 
Uncalled bet ($0.08) returned to uwehebi
uwehebi collected $0.08 from pot
uwehebi: doesn't show hand 
*** SUMMARY ***
Total pot $0.08 | Rake $0 
Board [Td 2s 8s]
Seat 1: sansisbai folded before Flop (didn't bet)
Seat 2: VIST0988 folded before Flop (didn't bet)
Seat 3: vasmit folded before Flop (didn't bet)
Seat 4: lcch1948 folded on the Flop
Seat 5: uwehebi collected ($0.08)
Seat 6: lnxea (button) folded before Flop (didn't bet)
Seat 7: Dorex2007 (small blind) folded on the Flop
Seat 8: murrie666 (big blind) folded on the Flop
Seat 9: Chrispapdnb folded before Flop (didn't bet)



PokerStars Hand #227973168438:  Hold'em No Limit ($0.01/$0.02 USD) - 2021/07/01 4:23:19 PT [2021/07/01 7:23:19 ET]
Table 'Hecuba II' 9-max Seat #7 is the button
Seat 1: sansisbai ($1.84 in chips) 
Seat 2: VIST0988 ($0.88 in chips) 
Seat 3: vasmit ($2.95 in chips) 
Seat 4: lcch1948 ($1.73 in chips) 
Seat 5: uwehebi ($1.14 in chips) 
Seat 6: lnxea ($1.87 in chips) 
Seat 7: Dorex2007 ($2.96 in chips) 
Seat 8: murrie666 ($3.79 in chips) 
Seat 9: Chrispapdnb ($1.65 in chips) 
murrie666: posts small blind $0.01
Chrispapdnb is connected 
Chrispapdnb: posts big blind $0.02
*** HOLE CARDS ***
Dealt to Dorex2007 [2c 9d]
sansisbai: folds 
VIST0988: folds 
vasmit: folds 
lcch1948: calls $0.02
uwehebi: folds 
lnxea: folds 
Dorex2007: folds 
murrie666: folds 
Chrispapdnb: checks 
*** FLOP *** [Jd Qd Tc]
Chrispapdnb: checks 
lcch1948: bets $0.02
Chrispapdnb: calls $0.02
*** TURN *** [Jd Qd Tc] [Ts]
Chrispapdnb: bets $0.02
lcch1948: calls $0.02
*** RIVER *** [Jd Qd Tc Ts] [5s]
Chrispapdnb: bets $0.02
lcch1948: calls $0.02
*** SHOW DOWN ***
Chrispapdnb: shows [Ad Th] (three of a kind, Tens)
lcch1948: mucks hand 
Chrispapdnb collected $0.16 from pot
*** SUMMARY ***
Total pot $0.17 | Rake $0.01 
Board [Jd Qd Tc Ts 5s]
Seat 1: sansisbai folded before Flop (didn't bet)
Seat 2: VIST0988 folded before Flop (didn't bet)
Seat 3: vasmit folded before Flop (didn't bet)
Seat 4: lcch1948 mucked [Js Kc]
Seat 5: uwehebi folded before Flop (didn't bet)
Seat 6: lnxea folded before Flop (didn't bet)
Seat 7: Dorex2007 (button) folded before Flop (didn't bet)
Seat 8: murrie666 (small blind) folded before Flop
Seat 9: Chrispapdnb (big blind) showed [Ad Th] and won ($0.16) with three of a kind, Tens



PokerStars Hand #227973175358:  Hold'em No Limit ($0.01/$0.02 USD) - 2021/07/01 4:23:52 PT [2021/07/01 7:23:52 ET]
Table 'Hecuba II' 9-max Seat #8 is the button
Seat 1: sansisbai ($1.84 in chips) 
Seat 2: VIST0988 ($0.88 in chips) 
Seat 3: vasmit ($2.95 in chips) 
Seat 4: lcch1948 ($1.65 in chips) 
Seat 5: uwehebi ($1.14 in chips) 
Seat 6: lnxea ($1.87 in chips) 
Seat 7: Dorex2007 ($2.96 in chips) 
Seat 8: murrie666 ($3.78 in chips) 
Seat 9: Chrispapdnb ($1.73 in chips) 
Chrispapdnb: posts small blind $0.01
sansisbai: posts big blind $0.02
*** HOLE CARDS ***
Dealt to Dorex2007 [2s Qh]
VIST0988 has timed out
VIST0988: folds 
vasmit: folds 
lcch1948: folds 
uwehebi: folds 
lnxea: folds 
Dorex2007: folds 
murrie666: folds 
Chrispapdnb: folds 
Uncalled bet ($0.01) returned to sansisbai
sansisbai collected $0.02 from pot
sansisbai: doesn't show hand 
*** SUMMARY ***
Total pot $0.02 | Rake $0 
Seat 1: sansisbai (big blind) collected ($0.02)
Seat 2: VIST0988 folded before Flop (didn't bet)
Seat 3: vasmit folded before Flop (didn't bet)
Seat 4: lcch1948 folded before Flop (didn't bet)
Seat 5: uwehebi folded before Flop (didn't bet)
Seat 6: lnxea folded before Flop (didn't bet)
Seat 7: Dorex2007 folded before Flop (didn't bet)
Seat 8: murrie666 (button) folded before Flop (didn't bet)
Seat 9: Chrispapdnb (small blind) folded before Flop



PokerStars Hand #227973179921:  Hold'em No Limit ($0.01/$0.02 USD) - 2021/07/01 4:24:14 PT [2021/07/01 7:24:14 ET]
Table 'Hecuba II' 9-max Seat #9 is the button
Seat 1: sansisbai ($1.85 in chips) 
Seat 2: VIST0988 ($0.88 in chips) 
Seat 3: vasmit ($2.95 in chips) 
Seat 4: lcch1948 ($1.65 in chips) 
Seat 5: uwehebi ($1.14 in chips) 
Seat 6: lnxea ($1.87 in chips) 
Seat 7: Dorex2007 ($2.96 in chips) 
Seat 8: murrie666 ($3.78 in chips) 
Seat 9: Chrispapdnb ($1.72 in chips) 
sansisbai: posts small blind $0.01
VIST0988: posts big blind $0.02
*** HOLE CARDS ***
Dealt to Dorex2007 [5c 5d]
vasmit: folds 
lcch1948: folds 
uwehebi: folds 
lnxea: folds 
Dorex2007: calls $0.02
murrie666: calls $0.02
Chrispapdnb: calls $0.02
sansisbai: folds 
VIST0988: checks 
*** FLOP *** [7s 4h Tc]
VIST0988: checks 
Dorex2007: checks 
murrie666: checks 
Chrispapdnb: bets $0.02
VIST0988: folds 
Dorex2007: calls $0.02
murrie666: folds 
*** TURN *** [7s 4h Tc] [Th]
Dorex2007: checks 
Chrispapdnb: bets $0.06
Dorex2007: calls $0.06
*** RIVER *** [7s 4h Tc Th] [3c]
Dorex2007: bets $0.12
Chrispapdnb: raises $0.12 to $0.24
Dorex2007: folds 
Uncalled bet ($0.12) returned to Chrispapdnb
Chrispapdnb collected $0.47 from pot
Chrispapdnb: doesn't show hand 
*** SUMMARY ***
Total pot $0.49 | Rake $0.02 
Board [7s 4h Tc Th 3c]
Seat 1: sansisbai (small blind) folded before Flop
Seat 2: VIST0988 (big blind) folded on the Flop
Seat 3: vasmit folded before Flop (didn't bet)
Seat 4: lcch1948 folded before Flop (didn't bet)
Seat 5: uwehebi folded before Flop (didn't bet)
Seat 6: lnxea folded before Flop (didn't bet)
Seat 7: Dorex2007 folded on the River
Seat 8: murrie666 folded on the Flop
Seat 9: Chrispapdnb (button) collected ($0.47)



PokerStars Hand #227973193533:  Hold'em No Limit ($0.01/$0.02 USD) - 2021/07/01 4:25:19 PT [2021/07/01 7:25:19 ET]
Table 'Hecuba II' 9-max Seat #1 is the button
Seat 1: sansisbai ($1.84 in chips) 
Seat 2: VIST0988 ($0.86 in chips) 
Seat 4: lcch1948 ($1.65 in chips) 
Seat 5: uwehebi ($1.14 in chips) 
Seat 7: Dorex2007 ($2.74 in chips) 
Seat 8: murrie666 ($3.76 in chips) 
Seat 9: Chrispapdnb ($1.97 in chips) 
VIST0988: posts small blind $0.01
lcch1948: posts big blind $0.02
*** HOLE CARDS ***
Dealt to Dorex2007 [7s 8c]
uwehebi: calls $0.02
Dorex2007: folds 
murrie666: folds 
Chrispapdnb: folds 
sansisbai: folds 
VIST0988: calls $0.01
lcch1948: checks 
*** FLOP *** [As Td 6c]
VIST0988: checks 
lcch1948: checks 
uwehebi: checks 
*** TURN *** [As Td 6c] [3c]
VIST0988: bets $0.02
lcch1948: folds 
uwehebi: calls $0.02
*** RIVER *** [As Td 6c 3c] [Ac]
VIST0988: bets $0.06
uwehebi: folds 
Uncalled bet ($0.06) returned to VIST0988
VIST0988 collected $0.10 from pot
*** SUMMARY ***
Total pot $0.10 | Rake $0 
Board [As Td 6c 3c Ac]
Seat 1: sansisbai (button) folded before Flop (didn't bet)
Seat 2: VIST0988 (small blind) collected ($0.10)
Seat 4: lcch1948 (big blind) folded on the Turn
Seat 5: uwehebi folded on the River
Seat 7: Dorex2007 folded before Flop (didn't bet)
Seat 8: murrie666 folded before Flop (didn't bet)
Seat 9: Chrispapdnb folded before Flop (didn't bet)



PokerStars Hand #227973201672:  Hold'em No Limit ($0.01/$0.02 USD) - 2021/07/01 4:25:58 PT [2021/07/01 7:25:58 ET]
Table 'Hecuba II' 9-max Seat #2 is the button
Seat 1: sansisbai ($1.84 in chips) 
Seat 2: VIST0988 ($0.92 in chips) 
Seat 4: lcch1948 ($1.63 in chips) 
Seat 5: uwehebi ($1.10 in chips) 
Seat 7: Dorex2007 ($2.74 in chips) 
Seat 8: murrie666 ($3.76 in chips) 
Seat 9: Chrispapdnb ($1.97 in chips) 
lcch1948: posts small blind $0.01
uwehebi: posts big blind $0.02
*** HOLE CARDS ***
Dealt to Dorex2007 [Tc Jd]
Dorex2007: folds 
murrie666: folds 
Chrispapdnb: folds 
sansisbai: folds 
VIST0988: folds 
lcch1948: calls $0.01
uwehebi: checks 
*** FLOP *** [Ac Kc Ah]
lcch1948: bets $0.02
uwehebi: folds 
Uncalled bet ($0.02) returned to lcch1948
lcch1948 collected $0.04 from pot
lcch1948: doesn't show hand 
*** SUMMARY ***
Total pot $0.04 | Rake $0 
Board [Ac Kc Ah]
Seat 1: sansisbai folded before Flop (didn't bet)
Seat 2: VIST0988 (button) folded before Flop (didn't bet)
Seat 4: lcch1948 (small blind) collected ($0.04)
Seat 5: uwehebi (big blind) folded on the Flop
Seat 7: Dorex2007 folded before Flop (didn't bet)
Seat 8: murrie666 folded before Flop (didn't bet)
Seat 9: Chrispapdnb folded before Flop (didn't bet)



PokerStars Hand #227973205782:  Hold'em No Limit ($0.01/$0.02 USD) - 2021/07/01 4:26:17 PT [2021/07/01 7:26:17 ET]
Table 'Hecuba II' 9-max Seat #4 is the button
Seat 1: sansisbai ($1.84 in chips) 
Seat 2: VIST0988 ($0.92 in chips) 
Seat 4: lcch1948 ($1.65 in chips) 
Seat 5: uwehebi ($1.08 in chips) 
Seat 7: Dorex2007 ($2.74 in chips) 
Seat 8: murrie666 ($3.76 in chips) 
Seat 9: Chrispapdnb ($1.97 in chips) 
uwehebi: posts small blind $0.01
Dorex2007: posts big blind $0.02
*** HOLE CARDS ***
Dealt to Dorex2007 [Ks Jc]
murrie666: folds 
Chrispapdnb: folds 
sansisbai: raises $0.04 to $0.06
VIST0988: calls $0.06
lcch1948: folds 
uwehebi: folds 
Dorex2007: calls $0.04
*** FLOP *** [2d 3c Kc]
Dorex2007: bets $0.18
sansisbai: folds 
VIST0988: calls $0.18
*** TURN *** [2d 3c Kc] [Qs]
Dorex2007: checks 
VIST0988: bets $0.06
Dorex2007: calls $0.06
*** RIVER *** [2d 3c Kc Qs] [9s]
Dorex2007: bets $0.33
VIST0988: calls $0.33
*** SHOW DOWN ***
Dorex2007: shows [Ks Jc] (a pair of Kings)
VIST0988: mucks hand 
Dorex2007 collected $1.28 from pot
*** SUMMARY ***
Total pot $1.33 | Rake $0.05 
Board [2d 3c Kc Qs 9s]
Seat 1: sansisbai folded on the Flop
Seat 2: VIST0988 mucked [Kh 7h]
Seat 4: lcch1948 (button) folded before Flop (didn't bet)
Seat 5: uwehebi (small blind) folded before Flop
Seat 7: Dorex2007 (big blind) showed [Ks Jc] and won ($1.28) with a pair of Kings
Seat 8: murrie666 folded before Flop (didn't bet)
Seat 9: Chrispapdnb folded before Flop (didn't bet)



PokerStars Hand #227973217584:  Hold'em No Limit ($0.01/$0.02 USD) - 2021/07/01 4:27:14 PT [2021/07/01 7:27:14 ET]
Table 'Hecuba II' 9-max Seat #5 is the button
Seat 1: sansisbai ($1.78 in chips) 
Seat 2: VIST0988 ($0.29 in chips) 
Seat 4: lcch1948 ($1.65 in chips) 
Seat 5: uwehebi ($1.07 in chips) 
Seat 7: Dorex2007 ($3.39 in chips) 
Seat 8: murrie666 ($3.76 in chips) 
Seat 9: Chrispapdnb ($1.97 in chips) 
Dorex2007: posts small blind $0.01
murrie666: posts big blind $0.02
*** HOLE CARDS ***
Dealt to Dorex2007 [Jd 6h]
Chrispapdnb: folds 
sansisbai: calls $0.02
VIST0988: calls $0.02
lcch1948: calls $0.02
uwehebi: calls $0.02
Dorex2007: folds 
murrie666: checks 
*** FLOP *** [3c Kd 4h]
murrie666: checks 
sansisbai: checks 
VIST0988: checks 
lcch1948: checks 
uwehebi: checks 
*** TURN *** [3c Kd 4h] [7c]
murrie666: checks 
sansisbai: checks 
VIST0988: checks 
lcch1948: checks 
uwehebi: checks 
*** RIVER *** [3c Kd 4h 7c] [6c]
murrie666: checks 
sansisbai: checks 
VIST0988: checks 
lcch1948: bets $0.06
uwehebi: calls $0.06
murrie666: calls $0.06
sansisbai: folds 
VIST0988: folds 
*** SHOW DOWN ***
lcch1948: shows [Tc 8c] (a flush, Ten high)
uwehebi: mucks hand 
murrie666: mucks hand 
lcch1948 collected $0.28 from pot
*** SUMMARY ***
Total pot $0.29 | Rake $0.01 
Board [3c Kd 4h 7c 6c]
Seat 1: sansisbai folded on the River
Seat 2: VIST0988 folded on the River
Seat 4: lcch1948 showed [Tc 8c] and won ($0.28) with a flush, Ten high
Seat 5: uwehebi (button) mucked [7s Js]
Seat 7: Dorex2007 (small blind) folded before Flop
Seat 8: murrie666 (big blind) mucked [3d 5s]
Seat 9: Chrispapdnb folded before Flop (didn't bet)



PokerStars Hand #227973232262:  Hold'em No Limit ($0.01/$0.02 USD) - 2021/07/01 4:28:24 PT [2021/07/01 7:28:24 ET]
Table 'Hecuba II' 9-max Seat #7 is the button
Seat 1: sansisbai ($2 in chips) 
Seat 2: VIST0988 ($0.27 in chips) 
Seat 4: lcch1948 ($1.85 in chips) 
Seat 5: uwehebi ($0.99 in chips) 
Seat 7: Dorex2007 ($3.38 in chips) 
Seat 8: murrie666 ($3.68 in chips) 
Seat 9: Chrispapdnb ($1.97 in chips) 
murrie666: posts small blind $0.01
Chrispapdnb: posts big blind $0.02
*** HOLE CARDS ***
Dealt to Dorex2007 [Ts 9s]
sansisbai: folds 
VIST0988: folds 
lcch1948: folds 
uwehebi: folds 
Dorex2007: folds 
murrie666: folds 
Uncalled bet ($0.01) returned to Chrispapdnb
Chrispapdnb collected $0.02 from pot
Chrispapdnb: doesn't show hand 
*** SUMMARY ***
Total pot $0.02 | Rake $0 
Seat 1: sansisbai folded before Flop (didn't bet)
Seat 2: VIST0988 folded before Flop (didn't bet)
Seat 4: lcch1948 folded before Flop (didn't bet)
Seat 5: uwehebi folded before Flop (didn't bet)
Seat 7: Dorex2007 (button) folded before Flop (didn't bet)
Seat 8: murrie666 (small blind) folded before Flop
Seat 9: Chrispapdnb (big blind) collected ($0.02)



PokerStars Hand #227973235506:  Hold'em No Limit ($0.01/$0.02 USD) - 2021/07/01 4:28:40 PT [2021/07/01 7:28:40 ET]
Table 'Hecuba II' 9-max Seat #8 is the button
Seat 1: sansisbai ($2 in chips) 
Seat 2: VIST0988 ($0.27 in chips) 
Seat 4: lcch1948 ($1.85 in chips) 
Seat 5: uwehebi ($0.99 in chips) 
Seat 7: Dorex2007 ($3.38 in chips) 
Seat 8: murrie666 ($3.67 in chips) 
Seat 9: Chrispapdnb ($1.98 in chips) 
Chrispapdnb: posts small blind $0.01
sansisbai: posts big blind $0.02
*** HOLE CARDS ***
Dealt to Dorex2007 [3h Ts]
VIST0988: folds 
lcch1948: folds 
uwehebi: folds 
Dorex2007: folds 
murrie666: folds 
Chrispapdnb: folds 
Uncalled bet ($0.01) returned to sansisbai
sansisbai collected $0.02 from pot
sansisbai: doesn't show hand 
*** SUMMARY ***
Total pot $0.02 | Rake $0 
Seat 1: sansisbai (big blind) collected ($0.02)
Seat 2: VIST0988 folded before Flop (didn't bet)
Seat 4: lcch1948 folded before Flop (didn't bet)
Seat 5: uwehebi folded before Flop (didn't bet)
Seat 7: Dorex2007 folded before Flop (didn't bet)
Seat 8: murrie666 (button) folded before Flop (didn't bet)
Seat 9: Chrispapdnb (small blind) folded before Flop



PokerStars Hand #227973238242:  Hold'em No Limit ($0.01/$0.02 USD) - 2021/07/01 4:28:53 PT [2021/07/01 7:28:53 ET]
Table 'Hecuba II' 9-max Seat #9 is the button
Seat 1: sansisbai ($2.01 in chips) 
Seat 2: VIST0988 ($0.27 in chips) 
Seat 4: lcch1948 ($1.85 in chips) 
Seat 5: uwehebi ($0.99 in chips) 
Seat 7: Dorex2007 ($3.38 in chips) 
Seat 8: murrie666 ($3.67 in chips) 
Seat 9: Chrispapdnb ($1.97 in chips) 
sansisbai: posts small blind $0.01
VIST0988: posts big blind $0.02
*** HOLE CARDS ***
Dealt to Dorex2007 [Jd 8s]
lcch1948: folds 
uwehebi: folds 
Dorex2007: folds 
murrie666 has timed out
murrie666: folds 
Chrispapdnb: calls $0.02
sansisbai: folds 
VIST0988: raises $0.06 to $0.08
Chrispapdnb: folds 
Uncalled bet ($0.06) returned to VIST0988
VIST0988 collected $0.05 from pot
VIST0988: doesn't show hand 
*** SUMMARY ***
Total pot $0.05 | Rake $0 
Seat 1: sansisbai (small blind) folded before Flop
Seat 2: VIST0988 (big blind) collected ($0.05)
Seat 4: lcch1948 folded before Flop (didn't bet)
Seat 5: uwehebi folded before Flop (didn't bet)
Seat 7: Dorex2007 folded before Flop (didn't bet)
Seat 8: murrie666 folded before Flop (didn't bet)
Seat 9: Chrispapdnb (button) folded before Flop



PokerStars Hand #227973244166:  Hold'em No Limit ($0.01/$0.02 USD) - 2021/07/01 4:29:21 PT [2021/07/01 7:29:21 ET]
Table 'Hecuba II' 9-max Seat #1 is the button
Seat 1: sansisbai ($2 in chips) 
Seat 2: VIST0988 ($0.30 in chips) 
Seat 4: lcch1948 ($1.85 in chips) 
Seat 5: uwehebi ($0.99 in chips) 
Seat 7: Dorex2007 ($3.38 in chips) 
Seat 9: Chrispapdnb ($1.95 in chips) 
VIST0988: posts small blind $0.01
lcch1948: posts big blind $0.02
*** HOLE CARDS ***
Dealt to Dorex2007 [Ac As]
uwehebi: calls $0.02
Dorex2007: raises $0.08 to $0.10
Chrispapdnb: folds 
sansisbai: folds 
VIST0988: folds 
lcch1948: folds 
uwehebi: folds 
Uncalled bet ($0.08) returned to Dorex2007
Dorex2007 collected $0.07 from pot
Dorex2007: doesn't show hand 
*** SUMMARY ***
Total pot $0.07 | Rake $0 
Seat 1: sansisbai (button) folded before Flop (didn't bet)
Seat 2: VIST0988 (small blind) folded before Flop
Seat 4: lcch1948 (big blind) folded before Flop
Seat 5: uwehebi folded before Flop
Seat 7: Dorex2007 collected ($0.07)
Seat 9: Chrispapdnb folded before Flop (didn't bet)



PokerStars Hand #227973249531:  Hold'em No Limit ($0.01/$0.02 USD) - 2021/07/01 4:29:46 PT [2021/07/01 7:29:46 ET]
Table 'Hecuba II' 9-max Seat #2 is the button
Seat 1: sansisbai ($2 in chips) 
Seat 2: VIST0988 ($0.29 in chips) 
Seat 4: lcch1948 ($1.83 in chips) 
Seat 5: uwehebi ($0.97 in chips) 
Seat 7: Dorex2007 ($3.43 in chips) 
Seat 9: Chrispapdnb ($1.95 in chips) 
lcch1948: posts small blind $0.01
uwehebi: posts big blind $0.02
*** HOLE CARDS ***
Dealt to Dorex2007 [8h Ac]
Dorex2007: folds 
Chrispapdnb: folds 
sansisbai: folds 
VIST0988: folds 
lcch1948: calls $0.01
uwehebi: checks 
*** FLOP *** [Qh Jc Ks]
lcch1948: checks 
uwehebi: checks 
*** TURN *** [Qh Jc Ks] [Qs]
lcch1948: checks 
uwehebi: checks 
*** RIVER *** [Qh Jc Ks Qs] [Qc]
lcch1948: checks 
uwehebi: checks 
*** SHOW DOWN ***
lcch1948: shows [Ah 6h] (three of a kind, Queens)
uwehebi: mucks hand 
lcch1948 collected $0.04 from pot
*** SUMMARY ***
Total pot $0.04 | Rake $0 
Board [Qh Jc Ks Qs Qc]
Seat 1: sansisbai folded before Flop (didn't bet)
Seat 2: VIST0988 (button) folded before Flop (didn't bet)
Seat 4: lcch1948 (small blind) showed [Ah 6h] and won ($0.04) with three of a kind, Queens
Seat 5: uwehebi (big blind) mucked [Td 4s]
Seat 7: Dorex2007 folded before Flop (didn't bet)
Seat 9: Chrispapdnb folded before Flop (didn't bet)



PokerStars Hand #227973253988:  Hold'em No Limit ($0.01/$0.02 USD) - 2021/07/01 4:30:07 PT [2021/07/01 7:30:07 ET]
Table 'Hecuba II' 9-max Seat #4 is the button
Seat 1: sansisbai ($2 in chips) 
Seat 2: VIST0988 ($0.29 in chips) 
Seat 4: lcch1948 ($1.85 in chips) 
Seat 5: uwehebi ($0.95 in chips) 
Seat 7: Dorex2007 ($3.43 in chips) 
Seat 9: Chrispapdnb ($1.95 in chips) 
uwehebi: posts small blind $0.01
Dorex2007: posts big blind $0.02
*** HOLE CARDS ***
Dealt to Dorex2007 [3c 6c]
Chrispapdnb: folds 
sansisbai: folds 
VIST0988: folds 
lcch1948: folds 
uwehebi: folds 
Uncalled bet ($0.01) returned to Dorex2007
Dorex2007 collected $0.02 from pot
Dorex2007: doesn't show hand 
*** SUMMARY ***
Total pot $0.02 | Rake $0 
Seat 1: sansisbai folded before Flop (didn't bet)
Seat 2: VIST0988 folded before Flop (didn't bet)
Seat 4: lcch1948 (button) folded before Flop (didn't bet)
Seat 5: uwehebi (small blind) folded before Flop
Seat 7: Dorex2007 (big blind) collected ($0.02)
Seat 9: Chrispapdnb folded before Flop (didn't bet)



PokerStars Hand #227973256189:  Hold'em No Limit ($0.01/$0.02 USD) - 2021/07/01 4:30:18 PT [2021/07/01 7:30:18 ET]
Table 'Hecuba II' 9-max Seat #5 is the button
Seat 1: sansisbai ($2 in chips) 
Seat 2: VIST0988 ($0.29 in chips) 
Seat 4: lcch1948 ($1.85 in chips) 
Seat 5: uwehebi ($0.94 in chips) 
Seat 7: Dorex2007 ($3.44 in chips) 
Seat 9: Chrispapdnb ($1.95 in chips) 
Dorex2007: posts small blind $0.01
Chrispapdnb: posts big blind $0.02
*** HOLE CARDS ***
Dealt to Dorex2007 [Jc 2c]
sansisbai: folds 
VIST0988: folds 
lcch1948: folds 
uwehebi: folds 
Dorex2007: folds 
Uncalled bet ($0.01) returned to Chrispapdnb
Chrispapdnb collected $0.02 from pot
Chrispapdnb: doesn't show hand 
*** SUMMARY ***
Total pot $0.02 | Rake $0 
Seat 1: sansisbai folded before Flop (didn't bet)
Seat 2: VIST0988 folded before Flop (didn't bet)
Seat 4: lcch1948 folded before Flop (didn't bet)
Seat 5: uwehebi (button) folded before Flop (didn't bet)
Seat 7: Dorex2007 (small blind) folded before Flop
Seat 9: Chrispapdnb (big blind) collected ($0.02)



PokerStars Hand #227973259412:  Hold'em No Limit ($0.01/$0.02 USD) - 2021/07/01 4:30:33 PT [2021/07/01 7:30:33 ET]
Table 'Hecuba II' 9-max Seat #7 is the button
Seat 1: sansisbai ($2 in chips) 
Seat 2: VIST0988 ($0.29 in chips) 
Seat 4: lcch1948 ($1.85 in chips) 
Seat 5: uwehebi ($0.94 in chips) 
Seat 7: Dorex2007 ($3.43 in chips) 
Seat 9: Chrispapdnb ($1.96 in chips) 
Chrispapdnb: posts small blind $0.01
sansisbai: posts big blind $0.02
*** HOLE CARDS ***
Dealt to Dorex2007 [6h 8s]
VIST0988: folds 
lcch1948: folds 
uwehebi: calls $0.02
Dorex2007: folds 
Chrispapdnb: folds 
sansisbai: checks 
*** FLOP *** [9s 9c 6d]
sansisbai: checks 
uwehebi: checks 
*** TURN *** [9s 9c 6d] [Jh]
sansisbai: checks 
uwehebi: checks 
*** RIVER *** [9s 9c 6d Jh] [Kd]
lnxea is disconnected 
sansisbai: checks 
uwehebi: checks 
*** SHOW DOWN ***
sansisbai: shows [4h 6s] (two pair, Nines and Sixes)
uwehebi: shows [8c 8d] (two pair, Nines and Eights)
uwehebi collected $0.05 from pot
*** SUMMARY ***
Total pot $0.05 | Rake $0 
Board [9s 9c 6d Jh Kd]
Seat 1: sansisbai (big blind) showed [4h 6s] and lost with two pair, Nines and Sixes
Seat 2: VIST0988 folded before Flop (didn't bet)
Seat 4: lcch1948 folded before Flop (didn't bet)
Seat 5: uwehebi showed [8c 8d] and won ($0.05) with two pair, Nines and Eights
Seat 7: Dorex2007 (button) folded before Flop (didn't bet)
Seat 9: Chrispapdnb (small blind) folded before Flop



PokerStars Hand #227973265161:  Hold'em No Limit ($0.01/$0.02 USD) - 2021/07/01 4:31:00 PT [2021/07/01 7:31:00 ET]
Table 'Hecuba II' 9-max Seat #9 is the button
Seat 1: sansisbai ($1.98 in chips) 
Seat 2: VIST0988 ($0.29 in chips) 
Seat 4: lcch1948 ($1.85 in chips) 
Seat 5: uwehebi ($0.97 in chips) 
Seat 7: Dorex2007 ($3.43 in chips) 
Seat 9: Chrispapdnb ($1.95 in chips) 
sansisbai: posts small blind $0.01
VIST0988: posts big blind $0.02
murrie666: sits out 
*** HOLE CARDS ***
Dealt to Dorex2007 [5s 4h]
lcch1948: folds 
uwehebi: calls $0.02
Dorex2007: folds 
Chrispapdnb: folds 
sansisbai: folds 
VIST0988: checks 
*** FLOP *** [2c Kh 9d]
VIST0988: checks 
uwehebi: checks 
*** TURN *** [2c Kh 9d] [Jh]
VIST0988: checks 
uwehebi: checks 
*** RIVER *** [2c Kh 9d Jh] [2s]
VIST0988: bets $0.05
uwehebi: folds 
Uncalled bet ($0.05) returned to VIST0988
VIST0988 collected $0.05 from pot
VIST0988: doesn't show hand 
*** SUMMARY ***
Total pot $0.05 | Rake $0 
Board [2c Kh 9d Jh 2s]
Seat 1: sansisbai (small blind) folded before Flop
Seat 2: VIST0988 (big blind) collected ($0.05)
Seat 4: lcch1948 folded before Flop (didn't bet)
Seat 5: uwehebi folded on the River
Seat 7: Dorex2007 folded before Flop (didn't bet)
Seat 9: Chrispapdnb (button) folded before Flop (didn't bet)



PokerStars Hand #227973271452:  Hold'em No Limit ($0.01/$0.02 USD) - 2021/07/01 4:31:31 PT [2021/07/01 7:31:31 ET]
Table 'Hecuba II' 9-max Seat #1 is the button
Seat 1: sansisbai ($1.97 in chips) 
Seat 2: VIST0988 ($0.32 in chips) 
Seat 4: lcch1948 ($1.85 in chips) 
Seat 5: uwehebi ($0.95 in chips) 
Seat 7: Dorex2007 ($3.43 in chips) 
Seat 9: Chrispapdnb ($1.95 in chips) 
VIST0988: posts small blind $0.01
lcch1948: posts big blind $0.02
murrie666: sits out 
*** HOLE CARDS ***
Dealt to Dorex2007 [4d Kh]
uwehebi: calls $0.02
Dorex2007 has timed out
Dorex2007: folds 
Chrispapdnb: folds 
sansisbai: folds 
VIST0988: raises $0.06 to $0.08
lcch1948: folds 
uwehebi: calls $0.06
*** FLOP *** [Jd 8s 9h]
VIST0988: bets $0.24 and is all-in
uwehebi: calls $0.24
*** TURN *** [Jd 8s 9h] [2d]
*** RIVER *** [Jd 8s 9h 2d] [4h]
*** SHOW DOWN ***
VIST0988: shows [Ad Qc] (high card Ace)
uwehebi: shows [Jh Td] (a pair of Jacks)
uwehebi collected $0.64 from pot
*** SUMMARY ***
Total pot $0.66 | Rake $0.02 
Board [Jd 8s 9h 2d 4h]
Seat 1: sansisbai (button) folded before Flop (didn't bet)
Seat 2: VIST0988 (small blind) showed [Ad Qc] and lost with high card Ace
Seat 4: lcch1948 (big blind) folded before Flop
Seat 5: uwehebi showed [Jh Td] and won ($0.64) with a pair of Jacks
Seat 7: Dorex2007 folded before Flop (didn't bet)
Seat 9: Chrispapdnb folded before Flop (didn't bet)



PokerStars Hand #227973288879:  Hold'em No Limit ($0.01/$0.02 USD) - 2021/07/01 4:32:53 PT [2021/07/01 7:32:53 ET]
Table 'Hecuba II' 9-max Seat #8 is the button
Seat 1: sansisbai ($1.97 in chips) 
Seat 2: TheWoman591 ($2 in chips) 
Seat 4: lcch1948 ($1.83 in chips) 
Seat 5: uwehebi ($1.32 in chips) 
Seat 7: Dorex2007 ($3.43 in chips) 
Seat 8: murrie666 ($3.64 in chips) 
Seat 9: Chrispapdnb ($1.93 in chips) 
Chrispapdnb: posts small blind $0.01
sansisbai: posts big blind $0.02
TheWoman591: posts big blind $0.02
Dorex2007: posts small & big blinds $0.03
*** HOLE CARDS ***
Dealt to Dorex2007 [Tc 4s]
TheWoman591: checks 
lcch1948: calls $0.02
uwehebi: folds 
Dorex2007: checks 
murrie666: folds 
Chrispapdnb: calls $0.01
sansisbai: checks 
*** FLOP *** [3d Jh 4d]
Chrispapdnb: checks 
sansisbai: checks 
TheWoman591: checks 
lcch1948: checks 
Dorex2007: checks 
*** TURN *** [3d Jh 4d] [2d]
Chrispapdnb: checks 
sansisbai: checks 
TheWoman591: checks 
lcch1948: checks 
Dorex2007: checks 
*** RIVER *** [3d Jh 4d 2d] [8c]
Chrispapdnb: checks 
sansisbai: checks 
TheWoman591: checks 
lcch1948: checks 
Dorex2007: checks 
*** SHOW DOWN ***
Chrispapdnb: shows [9s Td] (high card Jack)
sansisbai: shows [5h Qc] (high card Queen)
TheWoman591: mucks hand 
lcch1948: shows [Ah Kc] (high card Ace)
Dorex2007: shows [Tc 4s] (a pair of Fours)
Dorex2007 collected $0.11 from pot
*** SUMMARY ***
Total pot $0.11 | Rake $0 
Board [3d Jh 4d 2d 8c]
Seat 1: sansisbai (big blind) showed [5h Qc] and lost with high card Queen
Seat 2: TheWoman591 mucked [7c 5d]
Seat 4: lcch1948 showed [Ah Kc] and lost with high card Ace
Seat 5: uwehebi folded before Flop (didn't bet)
Seat 7: Dorex2007 showed [Tc 4s] and won ($0.11) with a pair of Fours
Seat 8: murrie666 (button) folded before Flop (didn't bet)
Seat 9: Chrispapdnb (small blind) showed [9s Td] and lost with high card Jack



PokerStars Hand #227973298943:  Hold'em No Limit ($0.01/$0.02 USD) - 2021/07/01 4:33:41 PT [2021/07/01 7:33:41 ET]
Table 'Hecuba II' 9-max Seat #9 is the button
Seat 1: sansisbai ($1.95 in chips) 
Seat 2: TheWoman591 ($1.98 in chips) 
Seat 4: lcch1948 ($1.81 in chips) 
Seat 5: uwehebi ($1.32 in chips) 
Seat 7: Dorex2007 ($3.51 in chips) 
Seat 8: murrie666 ($3.64 in chips) 
Seat 9: Chrispapdnb ($1.91 in chips) 
sansisbai: posts small blind $0.01
TheWoman591: posts big blind $0.02
*** HOLE CARDS ***
Dealt to Dorex2007 [5d 5s]
lcch1948: folds 
uwehebi: calls $0.02
Dorex2007: calls $0.02
murrie666: folds 
Chrispapdnb: folds 
sansisbai: folds 
TheWoman591: checks 
*** FLOP *** [8c Ac Ad]
TheWoman591: checks 
uwehebi: checks 
Dorex2007: checks 
*** TURN *** [8c Ac Ad] [3d]
TheWoman591: checks 
uwehebi: checks 
Dorex2007: bets $0.02
TheWoman591: folds 
uwehebi: folds 
Uncalled bet ($0.02) returned to Dorex2007
Dorex2007 collected $0.07 from pot
Dorex2007: doesn't show hand 
*** SUMMARY ***
Total pot $0.07 | Rake $0 
Board [8c Ac Ad 3d]
Seat 1: sansisbai (small blind) folded before Flop
Seat 2: TheWoman591 (big blind) folded on the Turn
Seat 4: lcch1948 folded before Flop (didn't bet)
Seat 5: uwehebi folded on the Turn
Seat 7: Dorex2007 collected ($0.07)
Seat 8: murrie666 folded before Flop (didn't bet)
Seat 9: Chrispapdnb (button) folded before Flop (didn't bet)



PokerStars Hand #227973306706:  Hold'em No Limit ($0.01/$0.02 USD) - 2021/07/01 4:34:17 PT [2021/07/01 7:34:17 ET]
Table 'Hecuba II' 9-max Seat #1 is the button
Seat 1: sansisbai ($1.94 in chips) 
Seat 2: TheWoman591 ($1.96 in chips) 
Seat 4: lcch1948 ($1.81 in chips) 
Seat 5: uwehebi ($1.30 in chips) 
Seat 7: Dorex2007 ($3.56 in chips) 
Seat 8: murrie666 ($3.64 in chips) 
Seat 9: Chrispapdnb ($1.91 in chips) 
TheWoman591: posts small blind $0.01
lcch1948: posts big blind $0.02
*** HOLE CARDS ***
Dealt to Dorex2007 [3d 2c]
uwehebi: folds 
Dorex2007: folds 
murrie666: folds 
Chrispapdnb: folds 
sansisbai: folds 
TheWoman591: calls $0.01
lcch1948: checks 
*** FLOP *** [5d Js 7h]
TheWoman591: checks 
lcch1948: checks 
*** TURN *** [5d Js 7h] [Qh]
TheWoman591: checks 
lcch1948: checks 
*** RIVER *** [5d Js 7h Qh] [4h]
TheWoman591: checks 
lcch1948: checks 
*** SHOW DOWN ***
TheWoman591: shows [9h 8h] (a flush, Queen high)
lcch1948: mucks hand 
TheWoman591 collected $0.04 from pot
*** SUMMARY ***
Total pot $0.04 | Rake $0 
Board [5d Js 7h Qh 4h]
Seat 1: sansisbai (button) folded before Flop (didn't bet)
Seat 2: TheWoman591 (small blind) showed [9h 8h] and won ($0.04) with a flush, Queen high
Seat 4: lcch1948 (big blind) mucked [As Ks]
Seat 5: uwehebi folded before Flop (didn't bet)
Seat 7: Dorex2007 folded before Flop (didn't bet)
Seat 8: murrie666 folded before Flop (didn't bet)
Seat 9: Chrispapdnb folded before Flop (didn't bet)



PokerStars Hand #227973312864:  Hold'em No Limit ($0.01/$0.02 USD) - 2021/07/01 4:34:46 PT [2021/07/01 7:34:46 ET]
Table 'Hecuba II' 9-max Seat #2 is the button
Seat 1: sansisbai ($1.94 in chips) 
Seat 2: TheWoman591 ($1.98 in chips) 
Seat 4: lcch1948 ($1.79 in chips) 
Seat 5: uwehebi ($1.30 in chips) 
Seat 7: Dorex2007 ($3.56 in chips) 
Seat 8: murrie666 ($3.64 in chips) 
Seat 9: Chrispapdnb ($1.91 in chips) 
lcch1948: posts small blind $0.01
uwehebi: posts big blind $0.02
*** HOLE CARDS ***
Dealt to Dorex2007 [3c Kh]
Dorex2007: folds 
murrie666: folds 
Chrispapdnb: folds 
sansisbai: folds 
TheWoman591: calls $0.02
lcch1948: folds 
uwehebi: checks 
*** FLOP *** [6c 9c 7d]
uwehebi: checks 
TheWoman591: checks 
*** TURN *** [6c 9c 7d] [2h]
uwehebi: checks 
TheWoman591: checks 
*** RIVER *** [6c 9c 7d 2h] [7h]
uwehebi: checks 
TheWoman591: checks 
*** SHOW DOWN ***
uwehebi: shows [Ks As] (a pair of Sevens)
TheWoman591: mucks hand 
uwehebi collected $0.05 from pot
*** SUMMARY ***
Total pot $0.05 | Rake $0 
Board [6c 9c 7d 2h 7h]
Seat 1: sansisbai folded before Flop (didn't bet)
Seat 2: TheWoman591 (button) mucked [Jd Ac]
Seat 4: lcch1948 (small blind) folded before Flop
Seat 5: uwehebi (big blind) showed [Ks As] and won ($0.05) with a pair of Sevens
Seat 7: Dorex2007 folded before Flop (didn't bet)
Seat 8: murrie666 folded before Flop (didn't bet)
Seat 9: Chrispapdnb folded before Flop (didn't bet)



PokerStars Hand #227973320523:  Hold'em No Limit ($0.01/$0.02 USD) - 2021/07/01 4:35:22 PT [2021/07/01 7:35:22 ET]
Table 'Hecuba II' 9-max Seat #4 is the button
Seat 1: sansisbai ($1.94 in chips) 
Seat 2: TheWoman591 ($1.96 in chips) 
Seat 4: lcch1948 ($1.78 in chips) 
Seat 5: uwehebi ($1.33 in chips) 
Seat 7: Dorex2007 ($3.56 in chips) 
Seat 8: murrie666 ($3.64 in chips) 
Seat 9: Chrispapdnb ($1.91 in chips) 
uwehebi: posts small blind $0.01
Dorex2007: posts big blind $0.02
vasmit: sits out 
*** HOLE CARDS ***
Dealt to Dorex2007 [Ad Kc]
murrie666: folds 
Chrispapdnb: folds 
sansisbai: raises $0.04 to $0.06
TheWoman591: calls $0.06
lcch1948: folds 
uwehebi: calls $0.05
Dorex2007: calls $0.04
*** FLOP *** [Th 2d 3d]
uwehebi: checks 
Dorex2007: checks 
sansisbai: checks 
TheWoman591: checks 
*** TURN *** [Th 2d 3d] [3c]
uwehebi: checks 
Dorex2007: checks 
sansisbai: checks 
TheWoman591: checks 
*** RIVER *** [Th 2d 3d 3c] [8d]
uwehebi: checks 
Dorex2007: bets $0.04
sansisbai: folds 
TheWoman591: folds 
uwehebi: calls $0.04
*** SHOW DOWN ***
Dorex2007: shows [Ad Kc] (a pair of Threes)
uwehebi: shows [Kd Jd] (a flush, King high)
uwehebi collected $0.31 from pot
lnxea leaves the table
*** SUMMARY ***
Total pot $0.32 | Rake $0.01 
Board [Th 2d 3d 3c 8d]
Seat 1: sansisbai folded on the River
Seat 2: TheWoman591 folded on the River
Seat 4: lcch1948 (button) folded before Flop (didn't bet)
Seat 5: uwehebi (small blind) showed [Kd Jd] and won ($0.31) with a flush, King high
Seat 7: Dorex2007 (big blind) showed [Ad Kc] and lost with a pair of Threes
Seat 8: murrie666 folded before Flop (didn't bet)
Seat 9: Chrispapdnb folded before Flop (didn't bet)



PokerStars Hand #227973331163:  Hold'em No Limit ($0.01/$0.02 USD) - 2021/07/01 4:36:12 PT [2021/07/01 7:36:12 ET]
Table 'Hecuba II' 9-max Seat #5 is the button
Seat 1: sansisbai ($1.88 in chips) 
Seat 2: TheWoman591 ($1.90 in chips) 
Seat 4: lcch1948 ($1.78 in chips) 
Seat 5: uwehebi ($1.54 in chips) 
Seat 7: Dorex2007 ($3.46 in chips) 
Seat 8: murrie666 ($3.64 in chips) 
Seat 9: Chrispapdnb ($1.91 in chips) 
Dorex2007: posts small blind $0.01
murrie666: posts big blind $0.02
vasmit: sits out 
*** HOLE CARDS ***
Dealt to Dorex2007 [5c 6c]
Chrispapdnb: folds 
sansisbai: folds 
TheWoman591: folds 
lcch1948: folds 
uwehebi: folds 
Dorex2007: calls $0.01
DEPUTAT_793 joins the table at seat #6 
murrie666: checks 
*** FLOP *** [4h 8d Ks]
Dorex2007: checks 
murrie666: checks 
*** TURN *** [4h 8d Ks] [3d]
Dorex2007: checks 
murrie666: checks 
*** RIVER *** [4h 8d Ks 3d] [9s]
Dorex2007: checks 
murrie666: checks 
*** SHOW DOWN ***
Dorex2007: shows [5c 6c] (high card King)
murrie666: shows [4s 6d] (a pair of Fours)
murrie666 collected $0.04 from pot
*** SUMMARY ***
Total pot $0.04 | Rake $0 
Board [4h 8d Ks 3d 9s]
Seat 1: sansisbai folded before Flop (didn't bet)
Seat 2: TheWoman591 folded before Flop (didn't bet)
Seat 4: lcch1948 folded before Flop (didn't bet)
Seat 5: uwehebi (button) folded before Flop (didn't bet)
Seat 7: Dorex2007 (small blind) showed [5c 6c] and lost with high card King
Seat 8: murrie666 (big blind) showed [4s 6d] and won ($0.04) with a pair of Fours
Seat 9: Chrispapdnb folded before Flop (didn't bet)



PokerStars Hand #227973337986:  Hold'em No Limit ($0.01/$0.02 USD) - 2021/07/01 4:36:43 PT [2021/07/01 7:36:43 ET]
Table 'Hecuba II' 9-max Seat #7 is the button
Seat 1: sansisbai ($1.88 in chips) 
Seat 2: TheWoman591 ($1.90 in chips) 
Seat 4: lcch1948 ($1.78 in chips) 
Seat 5: uwehebi ($1.54 in chips) 
Seat 7: Dorex2007 ($3.44 in chips) 
Seat 8: murrie666 ($3.66 in chips) 
Seat 9: Chrispapdnb ($1.91 in chips) 
murrie666: posts small blind $0.01
Chrispapdnb: posts big blind $0.02
vasmit: sits out 
DEPUTAT_793: sits out 
*** HOLE CARDS ***
Dealt to Dorex2007 [6s 9s]
sansisbai: folds 
TheWoman591: calls $0.02
lcch1948: folds 
uwehebi: folds 
Dorex2007: folds 
murrie666: folds 
Chrispapdnb: checks 
*** FLOP *** [5s Ac 2s]
Chrispapdnb: checks 
TheWoman591: checks 
*** TURN *** [5s Ac 2s] [8s]
Chrispapdnb: checks 
TheWoman591: checks 
*** RIVER *** [5s Ac 2s 8s] [2c]
Chrispapdnb: bets $0.02
TheWoman591: calls $0.02
*** SHOW DOWN ***
Chrispapdnb: shows [Ad 2d] (a full house, Deuces full of Aces)
TheWoman591: mucks hand 
Chrispapdnb collected $0.09 from pot
*** SUMMARY ***
Total pot $0.09 | Rake $0 
Board [5s Ac 2s 8s 2c]
Seat 1: sansisbai folded before Flop (didn't bet)
Seat 2: TheWoman591 mucked [Ts Td]
Seat 4: lcch1948 folded before Flop (didn't bet)
Seat 5: uwehebi folded before Flop (didn't bet)
Seat 7: Dorex2007 (button) folded before Flop (didn't bet)
Seat 8: murrie666 (small blind) folded before Flop
Seat 9: Chrispapdnb (big blind) showed [Ad 2d] and won ($0.09) with a full house, Deuces full of Aces



PokerStars Hand #227973345052:  Hold'em No Limit ($0.01/$0.02 USD) - 2021/07/01 4:37:15 PT [2021/07/01 7:37:15 ET]
Table 'Hecuba II' 9-max Seat #8 is the button
Seat 1: sansisbai ($1.88 in chips) 
Seat 2: TheWoman591 ($1.86 in chips) 
Seat 4: lcch1948 ($1.78 in chips) 
Seat 5: uwehebi ($1.54 in chips) 
Seat 7: Dorex2007 ($3.44 in chips) 
Seat 8: murrie666 ($3.65 in chips) 
Seat 9: Chrispapdnb ($1.96 in chips) 
Chrispapdnb: posts small blind $0.01
sansisbai: posts big blind $0.02
vasmit: sits out 
DEPUTAT_793: sits out 
*** HOLE CARDS ***
Dealt to Dorex2007 [3h As]
TheWoman591: calls $0.02
lcch1948: folds 
uwehebi: calls $0.02
Dorex2007: folds 
murrie666: folds 
Chrispapdnb: folds 
sansisbai: checks 
*** FLOP *** [7c 8d 2h]
sansisbai: checks 
TheWoman591: checks 
uwehebi: checks 
*** TURN *** [7c 8d 2h] [6c]
sansisbai: checks 
TheWoman591: checks 
uwehebi: checks 
*** RIVER *** [7c 8d 2h 6c] [Ad]
sansisbai: checks 
TheWoman591: checks 
uwehebi: checks 
*** SHOW DOWN ***
sansisbai: shows [Th 3c] (high card Ace)
TheWoman591: shows [Qh 7h] (a pair of Sevens)
uwehebi: mucks hand 
TheWoman591 collected $0.07 from pot
*** SUMMARY ***
Total pot $0.07 | Rake $0 
Board [7c 8d 2h 6c Ad]
Seat 1: sansisbai (big blind) showed [Th 3c] and lost with high card Ace
Seat 2: TheWoman591 showed [Qh 7h] and won ($0.07) with a pair of Sevens
Seat 4: lcch1948 folded before Flop (didn't bet)
Seat 5: uwehebi mucked [Ts Jc]
Seat 7: Dorex2007 folded before Flop (didn't bet)
Seat 8: murrie666 (button) folded before Flop (didn't bet)
Seat 9: Chrispapdnb (small blind) folded before Flop



PokerStars Hand #227973352839:  Hold'em No Limit ($0.01/$0.02 USD) - 2021/07/01 4:37:51 PT [2021/07/01 7:37:51 ET]
Table 'Hecuba II' 9-max Seat #9 is the button
Seat 1: sansisbai ($1.86 in chips) 
Seat 2: TheWoman591 ($1.91 in chips) 
Seat 4: lcch1948 ($1.78 in chips) 
Seat 5: uwehebi ($1.52 in chips) 
Seat 7: Dorex2007 ($3.44 in chips) 
Seat 8: murrie666 ($3.65 in chips) 
Seat 9: Chrispapdnb ($1.95 in chips) 
sansisbai: posts small blind $0.01
TheWoman591: posts big blind $0.02
vasmit: sits out 
DEPUTAT_793: sits out 
*** HOLE CARDS ***
Dealt to Dorex2007 [Tc 8h]
lcch1948: folds 
uwehebi: folds 
Dorex2007: folds 
murrie666: folds 
Chrispapdnb: folds 
sansisbai: folds 
Uncalled bet ($0.01) returned to TheWoman591
TheWoman591 collected $0.02 from pot
TheWoman591: doesn't show hand 
*** SUMMARY ***
Total pot $0.02 | Rake $0 
Seat 1: sansisbai (small blind) folded before Flop
Seat 2: TheWoman591 (big blind) collected ($0.02)
Seat 4: lcch1948 folded before Flop (didn't bet)
Seat 5: uwehebi folded before Flop (didn't bet)
Seat 7: Dorex2007 folded before Flop (didn't bet)
Seat 8: murrie666 folded before Flop (didn't bet)
Seat 9: Chrispapdnb (button) folded before Flop (didn't bet)



PokerStars Hand #227973355698:  Hold'em No Limit ($0.01/$0.02 USD) - 2021/07/01 4:38:05 PT [2021/07/01 7:38:05 ET]
Table 'Hecuba II' 9-max Seat #1 is the button
Seat 1: sansisbai ($1.85 in chips) 
Seat 2: TheWoman591 ($1.92 in chips) 
Seat 3: vasmit ($2.95 in chips) 
Seat 4: lcch1948 ($1.78 in chips) 
Seat 5: uwehebi ($1.52 in chips) 
Seat 7: Dorex2007 ($3.44 in chips) 
Seat 8: murrie666 ($3.65 in chips) 
Seat 9: Chrispapdnb ($1.95 in chips) 
TheWoman591: posts small blind $0.01
vasmit: posts big blind $0.02
DEPUTAT_793: sits out 
*** HOLE CARDS ***
Dealt to Dorex2007 [9s 3c]
lcch1948: folds 
uwehebi: calls $0.02
Dorex2007: folds 
murrie666: folds 
Chrispapdnb: folds 
sansisbai: folds 
TheWoman591: folds 
vasmit: checks 
*** FLOP *** [Jc Kc Qd]
vasmit: checks 
uwehebi: checks 
*** TURN *** [Jc Kc Qd] [5h]
vasmit: checks 
uwehebi: checks 
*** RIVER *** [Jc Kc Qd 5h] [7s]
vasmit: checks 
uwehebi: checks 
*** SHOW DOWN ***
vasmit: shows [3s Th] (high card King)
uwehebi: shows [Ac 6c] (high card Ace)
uwehebi collected $0.05 from pot
*** SUMMARY ***
Total pot $0.05 | Rake $0 
Board [Jc Kc Qd 5h 7s]
Seat 1: sansisbai (button) folded before Flop (didn't bet)
Seat 2: TheWoman591 (small blind) folded before Flop
Seat 3: vasmit (big blind) showed [3s Th] and lost with high card King
Seat 4: lcch1948 folded before Flop (didn't bet)
Seat 5: uwehebi showed [Ac 6c] and won ($0.05) with high card Ace
Seat 7: Dorex2007 folded before Flop (didn't bet)
Seat 8: murrie666 folded before Flop (didn't bet)
Seat 9: Chrispapdnb folded before Flop (didn't bet)



PokerStars Hand #227973365116:  Hold'em No Limit ($0.01/$0.02 USD) - 2021/07/01 4:38:49 PT [2021/07/01 7:38:49 ET]
Table 'Hecuba II' 9-max Seat #2 is the button
Seat 1: sansisbai ($1.85 in chips) 
Seat 2: TheWoman591 ($1.91 in chips) 
Seat 3: vasmit ($2.93 in chips) 
Seat 4: lcch1948 ($1.78 in chips) 
Seat 5: uwehebi ($1.55 in chips) 
Seat 7: Dorex2007 ($3.44 in chips) 
Seat 8: murrie666 ($3.65 in chips) 
Seat 9: Chrispapdnb ($1.95 in chips) 
vasmit: posts small blind $0.01
lcch1948: posts big blind $0.02
DEPUTAT_793: sits out 
*** HOLE CARDS ***
Dealt to Dorex2007 [Qh 3c]
uwehebi: folds 
Dorex2007: folds 
murrie666: raises $0.04 to $0.06
Chrispapdnb: folds 
sansisbai: folds 
TheWoman591: folds 
vasmit: folds 
lcch1948: folds 
Uncalled bet ($0.04) returned to murrie666
murrie666 collected $0.05 from pot
murrie666: doesn't show hand 
*** SUMMARY ***
Total pot $0.05 | Rake $0 
Seat 1: sansisbai folded before Flop (didn't bet)
Seat 2: TheWoman591 (button) folded before Flop (didn't bet)
Seat 3: vasmit (small blind) folded before Flop
Seat 4: lcch1948 (big blind) folded before Flop
Seat 5: uwehebi folded before Flop (didn't bet)
Seat 7: Dorex2007 folded before Flop (didn't bet)
Seat 8: murrie666 collected ($0.05)
Seat 9: Chrispapdnb folded before Flop (didn't bet)



