PokerStars Hand #225095064536:  Hold'em No Limit ($0.01/$0.02 USD) - 2021/03/22 19:12:33 PT [2021/03/22 22:12:33 ET]
Table 'Itzigsohn IV' 9-max Seat #7 is the button
Seat 1: Jimshamar ($2 in chips) 
Seat 2: Dark Xander ($0.44 in chips) 
Seat 4: FilMiami ($1.12 in chips) 
Seat 5: IVANIVONZ ($3.40 in chips) 
Seat 6: Pepono101 ($2.94 in chips) 
Seat 7: Makiman77 ($2.05 in chips) 
Seat 8: okotokian1 ($2 in chips) 
Seat 9: Dorex2007 ($1.50 in chips) 
okotokian1: posts small blind $0.01
Dorex2007: posts big blind $0.02
KharlosD: sits out 
*** HOLE CARDS ***
Dealt to Dorex2007 [Qc Ah]
Jimshamar: folds 
Dark Xander: folds 
FilMiami: folds 
IVANIVONZ: raises $0.04 to $0.06
Pepono101: folds 
Makiman77: calls $0.06
okotokian1: folds 
Dorex2007: calls $0.04
*** FLOP *** [Ts 9h 7c]
Dorex2007: checks 
IVANIVONZ: bets $0.12
Makiman77: folds 
Dorex2007: folds 
Uncalled bet ($0.12) returned to IVANIVONZ
IVANIVONZ collected $0.18 from pot
IVANIVONZ: doesn't show hand 
*** SUMMARY ***
Total pot $0.19 | Rake $0.01 
Board [Ts 9h 7c]
Seat 1: Jimshamar folded before Flop (didn't bet)
Seat 2: Dark Xander folded before Flop (didn't bet)
Seat 4: FilMiami folded before Flop (didn't bet)
Seat 5: IVANIVONZ collected ($0.18)
Seat 6: Pepono101 folded before Flop (didn't bet)
Seat 7: Makiman77 (button) folded on the Flop
Seat 8: okotokian1 (small blind) folded before Flop
Seat 9: Dorex2007 (big blind) folded on the Flop



PokerStars Hand #225095081268:  Hold'em No Limit ($0.01/$0.02 USD) - 2021/03/22 19:13:31 PT [2021/03/22 22:13:31 ET]
Table 'Itzigsohn IV' 9-max Seat #8 is the button
Seat 1: Jimshamar ($2 in chips) 
Seat 2: Dark Xander ($0.44 in chips) 
Seat 4: FilMiami ($1.12 in chips) 
Seat 5: IVANIVONZ ($3.52 in chips) 
Seat 6: Pepono101 ($2.94 in chips) 
Seat 7: Makiman77 ($1.99 in chips) 
Seat 8: okotokian1 ($2 in chips) 
Seat 9: Dorex2007 ($1.44 in chips) 
Dorex2007: posts small blind $0.01
Jimshamar: posts big blind $0.02
KharlosD: sits out 
*** HOLE CARDS ***
Dealt to Dorex2007 [4d 2d]
Dark Xander: calls $0.02
FilMiami: folds 
IVANIVONZ: folds 
Pepono101: folds 
Makiman77: folds 
okotokian1: raises $0.06 to $0.08
Dorex2007: folds 
Jimshamar: folds 
Dark Xander: folds 
Uncalled bet ($0.06) returned to okotokian1
okotokian1 collected $0.07 from pot
*** SUMMARY ***
Total pot $0.07 | Rake $0 
Seat 1: Jimshamar (big blind) folded before Flop
Seat 2: Dark Xander folded before Flop
Seat 4: FilMiami folded before Flop (didn't bet)
Seat 5: IVANIVONZ folded before Flop (didn't bet)
Seat 6: Pepono101 folded before Flop (didn't bet)
Seat 7: Makiman77 folded before Flop (didn't bet)
Seat 8: okotokian1 (button) collected ($0.07)
Seat 9: Dorex2007 (small blind) folded before Flop



PokerStars Hand #225095095931:  Hold'em No Limit ($0.01/$0.02 USD) - 2021/03/22 19:14:23 PT [2021/03/22 22:14:23 ET]
Table 'Itzigsohn IV' 9-max Seat #9 is the button
Seat 1: Jimshamar ($1.98 in chips) 
Seat 2: Dark Xander ($0.42 in chips) 
Seat 4: FilMiami ($1.12 in chips) 
Seat 5: IVANIVONZ ($3.52 in chips) 
Seat 6: Pepono101 ($2.94 in chips) 
Seat 7: Makiman77 ($1.99 in chips) 
Seat 8: okotokian1 ($2.05 in chips) 
Seat 9: Dorex2007 ($1.43 in chips) 
Jimshamar: posts small blind $0.01
Dark Xander: posts big blind $0.02
Dark Xander said, "Dorex2007"
KharlosD: sits out 
*** HOLE CARDS ***
Dealt to Dorex2007 [Td Ts]
FilMiami: folds 
IVANIVONZ: folds 
Pepono101: raises $0.02 to $0.04
Makiman77: folds 
okotokian1: calls $0.04
Dorex2007: calls $0.04
Jimshamar: calls $0.03
Dark Xander: calls $0.02
*** FLOP *** [2h 7s Th]
Jimshamar: checks 
Dark Xander: checks 
Pepono101: checks 
okotokian1: checks 
Dorex2007: bets $0.10
Jimshamar: calls $0.10
Dark Xander: folds 
Pepono101: folds 
okotokian1: folds 
*** TURN *** [2h 7s Th] [8h]
Jimshamar: checks 
Dorex2007: checks 
*** RIVER *** [2h 7s Th 8h] [8s]
Jimshamar: bets $0.39
Dorex2007: raises $0.61 to $1
Jimshamar: raises $0.84 to $1.84 and is all-in
Dorex2007: calls $0.29 and is all-in
Uncalled bet ($0.55) returned to Jimshamar
*** SHOW DOWN ***
Jimshamar: shows [7h 7c] (a full house, Sevens full of Eights)
Dorex2007: shows [Td Ts] (a full house, Tens full of Eights)
Dorex2007 collected $2.88 from pot
*** SUMMARY ***
Total pot $2.98 | Rake $0.10 
Board [2h 7s Th 8h 8s]
Seat 1: Jimshamar (small blind) showed [7h 7c] and lost with a full house, Sevens full of Eights
Seat 2: Dark Xander (big blind) folded on the Flop
Seat 4: FilMiami folded before Flop (didn't bet)
Seat 5: IVANIVONZ folded before Flop (didn't bet)
Seat 6: Pepono101 folded on the Flop
Seat 7: Makiman77 folded before Flop (didn't bet)
Seat 8: okotokian1 folded on the Flop
Seat 9: Dorex2007 (button) showed [Td Ts] and won ($2.88) with a full house, Tens full of Eights



PokerStars Hand #225095124281:  Hold'em No Limit ($0.01/$0.02 USD) - 2021/03/22 19:16:03 PT [2021/03/22 22:16:03 ET]
Table 'Itzigsohn IV' 9-max Seat #1 is the button
Seat 1: Jimshamar ($2 in chips) 
Seat 2: Dark Xander ($0.38 in chips) 
Seat 3: KharlosD ($2 in chips) 
Seat 4: FilMiami ($1.12 in chips) 
Seat 5: IVANIVONZ ($3.52 in chips) 
Seat 6: Pepono101 ($2.90 in chips) 
Seat 7: Makiman77 ($1.99 in chips) 
Seat 8: okotokian1 ($2.01 in chips) 
Seat 9: Dorex2007 ($2.88 in chips) 
Dark Xander: posts small blind $0.01
KharlosD: posts big blind $0.02
*** HOLE CARDS ***
Dealt to Dorex2007 [Td 7c]
FilMiami: raises $0.02 to $0.04
IVANIVONZ: folds 
Pepono101: folds 
Makiman77: calls $0.04
okotokian1: folds 
Dorex2007: folds 
Jimshamar: folds 
Dark Xander: calls $0.03
KharlosD: folds 
*** FLOP *** [6d Ad 3h]
Dark Xander: checks 
FilMiami: bets $0.06
Makiman77: raises $0.14 to $0.20
Dark Xander: calls $0.20
FilMiami: folds 
*** TURN *** [6d Ad 3h] [2d]
Dark Xander: checks 
Makiman77: bets $0.30
Dark Xander: folds 
Uncalled bet ($0.30) returned to Makiman77
Makiman77 collected $0.58 from pot
Makiman77: doesn't show hand 
*** SUMMARY ***
Total pot $0.60 | Rake $0.02 
Board [6d Ad 3h 2d]
Seat 1: Jimshamar (button) folded before Flop (didn't bet)
Seat 2: Dark Xander (small blind) folded on the Turn
Seat 3: KharlosD (big blind) folded before Flop
Seat 4: FilMiami folded on the Flop
Seat 5: IVANIVONZ folded before Flop (didn't bet)
Seat 6: Pepono101 folded before Flop (didn't bet)
Seat 7: Makiman77 collected ($0.58)
Seat 8: okotokian1 folded before Flop (didn't bet)
Seat 9: Dorex2007 folded before Flop (didn't bet)



PokerStars Hand #225095139767:  Hold'em No Limit ($0.01/$0.02 USD) - 2021/03/22 19:16:58 PT [2021/03/22 22:16:58 ET]
Table 'Itzigsohn IV' 9-max Seat #2 is the button
Seat 1: Jimshamar ($2 in chips) 
Seat 2: Dark Xander ($0.14 in chips) 
Seat 4: FilMiami ($1.02 in chips) 
Seat 5: IVANIVONZ ($3.52 in chips) 
Seat 6: Pepono101 ($2.90 in chips) 
Seat 7: Makiman77 ($2.33 in chips) 
Seat 8: okotokian1 ($2.01 in chips) 
Seat 9: Dorex2007 ($2.88 in chips) 
KharlosD has timed out
KharlosD: is sitting out 
FilMiami: posts small blind $0.01
IVANIVONZ: posts big blind $0.02
*** HOLE CARDS ***
Dealt to Dorex2007 [9h Jd]
Pepono101: folds 
Makiman77: folds 
okotokian1: folds 
Dorex2007: folds 
Jimshamar: raises $0.03 to $0.05
Dark Xander: folds 
FilMiami: folds 
IVANIVONZ: folds 
Uncalled bet ($0.03) returned to Jimshamar
Jimshamar collected $0.05 from pot
Jimshamar: doesn't show hand 
*** SUMMARY ***
Total pot $0.05 | Rake $0 
Seat 1: Jimshamar collected ($0.05)
Seat 2: Dark Xander (button) folded before Flop (didn't bet)
Seat 4: FilMiami (small blind) folded before Flop
Seat 5: IVANIVONZ (big blind) folded before Flop
Seat 6: Pepono101 folded before Flop (didn't bet)
Seat 7: Makiman77 folded before Flop (didn't bet)
Seat 8: okotokian1 folded before Flop (didn't bet)
Seat 9: Dorex2007 folded before Flop (didn't bet)



PokerStars Hand #225095156443:  Hold'em No Limit ($0.01/$0.02 USD) - 2021/03/22 19:17:57 PT [2021/03/22 22:17:57 ET]
Table 'Itzigsohn IV' 9-max Seat #4 is the button
Seat 1: Jimshamar ($2.03 in chips) 
Seat 2: Dark Xander ($0.14 in chips) 
Seat 3: KharlosD ($1.98 in chips) 
Seat 4: FilMiami ($1.01 in chips) 
Seat 5: IVANIVONZ ($3.50 in chips) 
Seat 6: Pepono101 ($2.90 in chips) 
Seat 7: Makiman77 ($2.33 in chips) 
Seat 8: okotokian1 ($2.01 in chips) 
Seat 9: Dorex2007 ($2.88 in chips) 
IVANIVONZ: posts small blind $0.01
Pepono101: posts big blind $0.02
KharlosD: posts small blind $0.01
*** HOLE CARDS ***
Dealt to Dorex2007 [Jd 4d]
Makiman77: folds 
okotokian1: folds 
Dorex2007: folds 
Jimshamar: folds 
Dark Xander: folds 
KharlosD: folds 
FilMiami: folds 
IVANIVONZ: raises $0.04 to $0.06
Pepono101: folds 
Uncalled bet ($0.04) returned to IVANIVONZ
IVANIVONZ collected $0.05 from pot
IVANIVONZ: doesn't show hand 
*** SUMMARY ***
Total pot $0.05 | Rake $0 
Seat 1: Jimshamar folded before Flop (didn't bet)
Seat 2: Dark Xander folded before Flop (didn't bet)
Seat 3: KharlosD folded before Flop (didn't bet)
Seat 4: FilMiami (button) folded before Flop (didn't bet)
Seat 5: IVANIVONZ (small blind) collected ($0.05)
Seat 6: Pepono101 (big blind) folded before Flop
Seat 7: Makiman77 folded before Flop (didn't bet)
Seat 8: okotokian1 folded before Flop (didn't bet)
Seat 9: Dorex2007 folded before Flop (didn't bet)



PokerStars Hand #225095174143:  Hold'em No Limit ($0.01/$0.02 USD) - 2021/03/22 19:18:30 PT [2021/03/22 22:18:30 ET]
Table 'Itzigsohn IV' 9-max Seat #5 is the button
Seat 1: Jimshamar ($2.03 in chips) 
Seat 2: Dark Xander ($0.14 in chips) 
Seat 3: KharlosD ($1.97 in chips) 
Seat 4: FilMiami ($1.01 in chips) 
Seat 5: IVANIVONZ ($3.53 in chips) 
Seat 6: Pepono101 ($2.88 in chips) 
Seat 7: Makiman77 ($2.33 in chips) 
Seat 8: okotokian1 ($2.01 in chips) 
Seat 9: Dorex2007 ($2.88 in chips) 
Pepono101: posts small blind $0.01
Makiman77: posts big blind $0.02
*** HOLE CARDS ***
Dealt to Dorex2007 [5h 9s]
okotokian1: folds 
Dorex2007: folds 
Jimshamar: folds 
Dark Xander: folds 
KharlosD: folds 
FilMiami: folds 
IVANIVONZ: raises $0.04 to $0.06
Pepono101: folds 
Makiman77: calls $0.04
*** FLOP *** [Th Qh 8c]
Makiman77: checks 
IVANIVONZ: bets $0.07
Makiman77: folds 
Uncalled bet ($0.07) returned to IVANIVONZ
IVANIVONZ collected $0.13 from pot
IVANIVONZ: doesn't show hand 
*** SUMMARY ***
Total pot $0.13 | Rake $0 
Board [Th Qh 8c]
Seat 1: Jimshamar folded before Flop (didn't bet)
Seat 2: Dark Xander folded before Flop (didn't bet)
Seat 3: KharlosD folded before Flop (didn't bet)
Seat 4: FilMiami folded before Flop (didn't bet)
Seat 5: IVANIVONZ (button) collected ($0.13)
Seat 6: Pepono101 (small blind) folded before Flop
Seat 7: Makiman77 (big blind) folded on the Flop
Seat 8: okotokian1 folded before Flop (didn't bet)
Seat 9: Dorex2007 folded before Flop (didn't bet)



PokerStars Hand #225095183507:  Hold'em No Limit ($0.01/$0.02 USD) - 2021/03/22 19:19:03 PT [2021/03/22 22:19:03 ET]
Table 'Itzigsohn IV' 9-max Seat #6 is the button
Seat 1: Jimshamar ($2.03 in chips) 
Seat 2: Dark Xander ($0.14 in chips) 
Seat 3: KharlosD ($1.97 in chips) 
Seat 4: FilMiami ($1.01 in chips) 
Seat 5: IVANIVONZ ($3.60 in chips) 
Seat 6: Pepono101 ($2.87 in chips) 
Seat 7: Makiman77 ($2.27 in chips) 
Seat 8: okotokian1 ($2.01 in chips) 
Seat 9: Dorex2007 ($2.88 in chips) 
Makiman77: posts small blind $0.01
okotokian1: posts big blind $0.02
*** HOLE CARDS ***
Dealt to Dorex2007 [As 5c]
Dorex2007: folds 
Jimshamar: folds 
Dark Xander: folds 
KharlosD: raises $0.04 to $0.06
FilMiami: raises $0.07 to $0.13
IVANIVONZ: folds 
Pepono101: folds 
Makiman77: folds 
okotokian1: folds 
KharlosD: calls $0.07
*** FLOP *** [Kc 4h Jc]
KharlosD: checks 
FilMiami: bets $0.08
KharlosD: calls $0.08
*** TURN *** [Kc 4h Jc] [2c]
KharlosD: checks 
FilMiami: bets $0.12
KharlosD: calls $0.12
*** RIVER *** [Kc 4h Jc 2c] [Qh]
KharlosD: bets $1.64 and is all-in
FilMiami: calls $0.68 and is all-in
Uncalled bet ($0.96) returned to KharlosD
*** SHOW DOWN ***
KharlosD: shows [Qs Ts] (a pair of Queens)
FilMiami: shows [Kh Ks] (three of a kind, Kings)
FilMiami collected $1.98 from pot
*** SUMMARY ***
Total pot $2.05 | Rake $0.07 
Board [Kc 4h Jc 2c Qh]
Seat 1: Jimshamar folded before Flop (didn't bet)
Seat 2: Dark Xander folded before Flop (didn't bet)
Seat 3: KharlosD showed [Qs Ts] and lost with a pair of Queens
Seat 4: FilMiami showed [Kh Ks] and won ($1.98) with three of a kind, Kings
Seat 5: IVANIVONZ folded before Flop (didn't bet)
Seat 6: Pepono101 (button) folded before Flop (didn't bet)
Seat 7: Makiman77 (small blind) folded before Flop
Seat 8: okotokian1 (big blind) folded before Flop
Seat 9: Dorex2007 folded before Flop (didn't bet)



PokerStars Hand #225095206356:  Hold'em No Limit ($0.01/$0.02 USD) - 2021/03/22 19:20:24 PT [2021/03/22 22:20:24 ET]
Table 'Itzigsohn IV' 9-max Seat #7 is the button
Seat 1: Jimshamar ($2.03 in chips) 
Seat 2: Dark Xander ($0.14 in chips) 
Seat 3: KharlosD ($0.96 in chips) 
Seat 4: FilMiami ($1.98 in chips) 
Seat 5: IVANIVONZ ($3.60 in chips) 
Seat 6: Pepono101 ($2.87 in chips) 
Seat 7: Makiman77 ($2.26 in chips) 
Seat 8: okotokian1 ($2 in chips) 
Seat 9: Dorex2007 ($2.88 in chips) 
okotokian1: posts small blind $0.01
Dorex2007: posts big blind $0.02
*** HOLE CARDS ***
Dealt to Dorex2007 [Qs 7h]
Jimshamar: folds 
Dark Xander: folds 
KharlosD: raises $0.04 to $0.06
FilMiami: calls $0.06
IVANIVONZ: calls $0.06
Pepono101: folds 
Makiman77: folds 
okotokian1: folds 
Dorex2007: folds 
*** FLOP *** [8h Kc As]
KharlosD: bets $0.06
FilMiami: calls $0.06
IVANIVONZ: calls $0.06
*** TURN *** [8h Kc As] [Tc]
KharlosD: bets $0.84 and is all-in
FilMiami: folds 
IVANIVONZ: calls $0.84
*** RIVER *** [8h Kc As Tc] [5c]
*** SHOW DOWN ***
KharlosD: shows [Qd Jc] (a straight, Ten to Ace)
IVANIVONZ: shows [Ts Ah] (two pair, Aces and Tens)
KharlosD collected $2 from pot
*** SUMMARY ***
Total pot $2.07 | Rake $0.07 
Board [8h Kc As Tc 5c]
Seat 1: Jimshamar folded before Flop (didn't bet)
Seat 2: Dark Xander folded before Flop (didn't bet)
Seat 3: KharlosD showed [Qd Jc] and won ($2) with a straight, Ten to Ace
Seat 4: FilMiami folded on the Turn
Seat 5: IVANIVONZ showed [Ts Ah] and lost with two pair, Aces and Tens
Seat 6: Pepono101 folded before Flop (didn't bet)
Seat 7: Makiman77 (button) folded before Flop (didn't bet)
Seat 8: okotokian1 (small blind) folded before Flop
Seat 9: Dorex2007 (big blind) folded before Flop



PokerStars Hand #225095232436:  Hold'em No Limit ($0.01/$0.02 USD) - 2021/03/22 19:21:45 PT [2021/03/22 22:21:45 ET]
Table 'Itzigsohn IV' 9-max Seat #8 is the button
Seat 1: Jimshamar ($2.03 in chips) 
Seat 2: Dark Xander ($0.14 in chips) 
Seat 3: KharlosD ($2 in chips) 
Seat 4: FilMiami ($1.86 in chips) 
Seat 5: IVANIVONZ ($2.64 in chips) 
Seat 6: Pepono101 ($2.87 in chips) 
Seat 7: Makiman77 ($2.26 in chips) 
Seat 8: okotokian1 ($2 in chips) 
Seat 9: Dorex2007 ($2.86 in chips) 
Dorex2007: posts small blind $0.01
Jimshamar: posts big blind $0.02
*** HOLE CARDS ***
Dealt to Dorex2007 [8d 8h]
Dark Xander: folds 
KharlosD: folds 
FilMiami: folds 
IVANIVONZ: folds 
Pepono101: folds 
Makiman77: folds 
okotokian1: raises $0.04 to $0.06
Dorex2007: folds 
Jimshamar: folds 
Uncalled bet ($0.04) returned to okotokian1
okotokian1 collected $0.05 from pot
*** SUMMARY ***
Total pot $0.05 | Rake $0 
Seat 1: Jimshamar (big blind) folded before Flop
Seat 2: Dark Xander folded before Flop (didn't bet)
Seat 3: KharlosD folded before Flop (didn't bet)
Seat 4: FilMiami folded before Flop (didn't bet)
Seat 5: IVANIVONZ folded before Flop (didn't bet)
Seat 6: Pepono101 folded before Flop (didn't bet)
Seat 7: Makiman77 folded before Flop (didn't bet)
Seat 8: okotokian1 (button) collected ($0.05)
Seat 9: Dorex2007 (small blind) folded before Flop



PokerStars Hand #225095243513:  Hold'em No Limit ($0.01/$0.02 USD) - 2021/03/22 19:22:25 PT [2021/03/22 22:22:25 ET]
Table 'Itzigsohn IV' 9-max Seat #9 is the button
Seat 1: Jimshamar ($2.01 in chips) 
Seat 2: Dark Xander ($0.14 in chips) 
Seat 3: KharlosD ($2 in chips) 
Seat 4: FilMiami ($1.86 in chips) 
Seat 5: IVANIVONZ ($2.64 in chips) 
Seat 6: Pepono101 ($2.87 in chips) 
Seat 7: Makiman77 ($2.26 in chips) 
Seat 8: okotokian1 ($2.03 in chips) 
Seat 9: Dorex2007 ($2.85 in chips) 
Jimshamar: posts small blind $0.01
Dark Xander: posts big blind $0.02
*** HOLE CARDS ***
Dealt to Dorex2007 [Ah 4c]
KharlosD: folds 
FilMiami: folds 
IVANIVONZ: raises $0.06 to $0.08
Pepono101: folds 
Makiman77: folds 
okotokian1: folds 
Dorex2007: folds 
Jimshamar: folds 
okotokian1 leaves the table
Dark Xander: folds 
Uncalled bet ($0.06) returned to IVANIVONZ
IVANIVONZ collected $0.05 from pot
IVANIVONZ: doesn't show hand 
*** SUMMARY ***
Total pot $0.05 | Rake $0 
Seat 1: Jimshamar (small blind) folded before Flop
Seat 2: Dark Xander (big blind) folded before Flop
Seat 3: KharlosD folded before Flop (didn't bet)
Seat 4: FilMiami folded before Flop (didn't bet)
Seat 5: IVANIVONZ collected ($0.05)
Seat 6: Pepono101 folded before Flop (didn't bet)
Seat 7: Makiman77 folded before Flop (didn't bet)
Seat 8: okotokian1 folded before Flop (didn't bet)
Seat 9: Dorex2007 (button) folded before Flop (didn't bet)



PokerStars Hand #225095253532:  Hold'em No Limit ($0.01/$0.02 USD) - 2021/03/22 19:23:02 PT [2021/03/22 22:23:02 ET]
Table 'Itzigsohn IV' 9-max Seat #1 is the button
Seat 1: Jimshamar ($2 in chips) 
Seat 2: Dark Xander ($0.12 in chips) 
Seat 3: KharlosD ($2 in chips) 
Seat 4: FilMiami ($1.86 in chips) 
Seat 5: IVANIVONZ ($2.67 in chips) 
Seat 6: Pepono101 ($2.87 in chips) 
Seat 7: Makiman77 ($2.26 in chips) 
Seat 9: Dorex2007 ($2.85 in chips) 
Dark Xander: posts small blind $0.01
KharlosD: posts big blind $0.02
*** HOLE CARDS ***
Dealt to Dorex2007 [Kd Tc]
FilMiami: folds 
IVANIVONZ: folds 
FilMiami leaves the table
Pepono101: folds 
Makiman77: folds 
Dorex2007: raises $0.04 to $0.06
Jimshamar: folds 
Dark Xander: folds 
KharlosD: folds 
Uncalled bet ($0.04) returned to Dorex2007
Dorex2007 collected $0.05 from pot
Dorex2007: doesn't show hand 
*** SUMMARY ***
Total pot $0.05 | Rake $0 
Seat 1: Jimshamar (button) folded before Flop (didn't bet)
Seat 2: Dark Xander (small blind) folded before Flop
Seat 3: KharlosD (big blind) folded before Flop
Seat 4: FilMiami folded before Flop (didn't bet)
Seat 5: IVANIVONZ folded before Flop (didn't bet)
Seat 6: Pepono101 folded before Flop (didn't bet)
Seat 7: Makiman77 folded before Flop (didn't bet)
Seat 9: Dorex2007 collected ($0.05)



PokerStars Hand #225095260618:  Hold'em No Limit ($0.01/$0.02 USD) - 2021/03/22 19:23:27 PT [2021/03/22 22:23:27 ET]
Table 'Itzigsohn IV' 9-max Seat #2 is the button
Seat 1: Jimshamar ($2 in chips) 
Seat 2: Dark Xander ($0.11 in chips) 
Seat 3: KharlosD ($1.98 in chips) 
Seat 5: IVANIVONZ ($2.67 in chips) 
Seat 6: Pepono101 ($2.87 in chips) 
Seat 7: Makiman77 ($2.26 in chips) 
Seat 9: Dorex2007 ($2.88 in chips) 
KharlosD: posts small blind $0.01
IVANIVONZ: posts big blind $0.02
*** HOLE CARDS ***
Dealt to Dorex2007 [3d Ad]
Pepono101: raises $0.02 to $0.04
Makiman77: calls $0.04
Dorex2007: folds 
Jimshamar: folds 
Dark Xander: folds 
KharlosD: folds 
IVANIVONZ: folds 
*** FLOP *** [Th 7c 8d]
Pepono101: checks 
Makiman77: checks 
*** TURN *** [Th 7c 8d] [2d]
Pepono101: bets $0.08
Makiman77: folds 
Uncalled bet ($0.08) returned to Pepono101
Pepono101 collected $0.11 from pot
*** SUMMARY ***
Total pot $0.11 | Rake $0 
Board [Th 7c 8d 2d]
Seat 1: Jimshamar folded before Flop (didn't bet)
Seat 2: Dark Xander (button) folded before Flop (didn't bet)
Seat 3: KharlosD (small blind) folded before Flop
Seat 5: IVANIVONZ (big blind) folded before Flop
Seat 6: Pepono101 collected ($0.11)
Seat 7: Makiman77 folded on the Turn
Seat 9: Dorex2007 folded before Flop (didn't bet)



PokerStars Hand #225095272514:  Hold'em No Limit ($0.01/$0.02 USD) - 2021/03/22 19:24:10 PT [2021/03/22 22:24:10 ET]
Table 'Itzigsohn IV' 9-max Seat #3 is the button
Seat 1: Jimshamar ($2 in chips) 
Seat 2: Dark Xander ($0.11 in chips) 
Seat 3: KharlosD ($1.97 in chips) 
Seat 5: IVANIVONZ ($2.65 in chips) 
Seat 6: Pepono101 ($2.94 in chips) 
Seat 7: Makiman77 ($2.22 in chips) 
Seat 9: Dorex2007 ($2.88 in chips) 
IVANIVONZ: posts small blind $0.01
Pepono101: posts big blind $0.02
*** HOLE CARDS ***
Dealt to Dorex2007 [4c 7h]
Makiman77: folds 
Dorex2007: folds 
Jimshamar: folds 
Dark Xander: folds 
Makiman77 leaves the table
KharlosD: folds 
IVANIVONZ: raises $0.04 to $0.06
Pepono101: folds 
Uncalled bet ($0.04) returned to IVANIVONZ
IVANIVONZ collected $0.04 from pot
IVANIVONZ: doesn't show hand 
*** SUMMARY ***
Total pot $0.04 | Rake $0 
Seat 1: Jimshamar folded before Flop (didn't bet)
Seat 2: Dark Xander folded before Flop (didn't bet)
Seat 3: KharlosD (button) folded before Flop (didn't bet)
Seat 5: IVANIVONZ (small blind) collected ($0.04)
Seat 6: Pepono101 (big blind) folded before Flop
Seat 7: Makiman77 folded before Flop (didn't bet)
Seat 9: Dorex2007 folded before Flop (didn't bet)



PokerStars Hand #225095277842:  Hold'em No Limit ($0.01/$0.02 USD) - 2021/03/22 19:24:30 PT [2021/03/22 22:24:30 ET]
Table 'Itzigsohn IV' 9-max Seat #5 is the button
Seat 1: Jimshamar ($2 in chips) 
Seat 2: Dark Xander ($0.11 in chips) 
Seat 3: KharlosD ($1.97 in chips) 
Seat 5: IVANIVONZ ($2.67 in chips) 
Seat 6: Pepono101 ($2.92 in chips) 
Seat 9: Dorex2007 ($2.88 in chips) 
Pepono101: posts small blind $0.01
Dorex2007: posts big blind $0.02
*** HOLE CARDS ***
Dealt to Dorex2007 [Qh Qs]
Jimshamar: folds 
Dark Xander: folds 
KharlosD: folds 
IVANIVONZ: raises $0.04 to $0.06
DukeAcc32310 joins the table at seat #4 
KharlosD leaves the table
Pepono101: folds 
Dorex2007: raises $0.12 to $0.18
SeregKAKK joins the table at seat #3 
IVANIVONZ: folds 
Uncalled bet ($0.12) returned to Dorex2007
Dorex2007 collected $0.13 from pot
Dorex2007: doesn't show hand 
*** SUMMARY ***
Total pot $0.13 | Rake $0 
Seat 1: Jimshamar folded before Flop (didn't bet)
Seat 2: Dark Xander folded before Flop (didn't bet)
Seat 3: KharlosD folded before Flop (didn't bet)
Seat 5: IVANIVONZ (button) folded before Flop
Seat 6: Pepono101 (small blind) folded before Flop
Seat 9: Dorex2007 (big blind) collected ($0.13)



PokerStars Hand #225095284234:  Hold'em No Limit ($0.01/$0.02 USD) - 2021/03/22 19:24:53 PT [2021/03/22 22:24:53 ET]
Table 'Itzigsohn IV' 9-max Seat #6 is the button
Seat 1: Jimshamar ($2 in chips) 
Seat 2: Dark Xander ($0.11 in chips) 
Seat 5: IVANIVONZ ($2.61 in chips) 
Seat 6: Pepono101 ($2.91 in chips) 
Seat 9: Dorex2007 ($2.95 in chips) 
Dorex2007: posts small blind $0.01
Jimshamar: posts big blind $0.02
SeregKAKK: sits out 
DukeAcc32310: sits out 
*** HOLE CARDS ***
Dealt to Dorex2007 [9s Ks]
Dark Xander: calls $0.02
IVANIVONZ: raises $0.06 to $0.08
Pepono101: folds 
Dorex2007: folds 
Jimshamar: folds 
Dark Xander: folds 
Uncalled bet ($0.06) returned to IVANIVONZ
IVANIVONZ collected $0.07 from pot
IVANIVONZ: doesn't show hand 
*** SUMMARY ***
Total pot $0.07 | Rake $0 
Seat 1: Jimshamar (big blind) folded before Flop
Seat 2: Dark Xander folded before Flop
Seat 5: IVANIVONZ collected ($0.07)
Seat 6: Pepono101 (button) folded before Flop (didn't bet)
Seat 9: Dorex2007 (small blind) folded before Flop



PokerStars Hand #225095290943:  Hold'em No Limit ($0.01/$0.02 USD) - 2021/03/22 19:25:19 PT [2021/03/22 22:25:19 ET]
Table 'Itzigsohn IV' 9-max Seat #9 is the button
Seat 1: Jimshamar ($1.98 in chips) 
Seat 2: Dark Xander ($0.09 in chips) 
Seat 3: SeregKAKK ($1.60 in chips) 
Seat 5: IVANIVONZ ($2.66 in chips) 
Seat 6: Pepono101 ($2.91 in chips) 
Seat 9: Dorex2007 ($2.94 in chips) 
Jimshamar: posts small blind $0.01
Dark Xander: posts big blind $0.02
SeregKAKK: posts big blind $0.02
DukeAcc32310: sits out 
*** HOLE CARDS ***
Dealt to Dorex2007 [4c Ts]
SeregKAKK: checks 
IVANIVONZ: raises $0.06 to $0.08
Pepono101: folds 
hellov500 joins the table at seat #7 
Dorex2007: folds 
Jimshamar: folds 
Dark Xander: folds 
SeregKAKK: folds 
Uncalled bet ($0.06) returned to IVANIVONZ
IVANIVONZ collected $0.07 from pot
IVANIVONZ: doesn't show hand 
*** SUMMARY ***
Total pot $0.07 | Rake $0 
Seat 1: Jimshamar (small blind) folded before Flop
Seat 2: Dark Xander (big blind) folded before Flop
Seat 3: SeregKAKK folded before Flop (didn't bet)
Seat 5: IVANIVONZ collected ($0.07)
Seat 6: Pepono101 folded before Flop (didn't bet)
Seat 9: Dorex2007 (button) folded before Flop (didn't bet)



PokerStars Hand #225095298295:  Hold'em No Limit ($0.01/$0.02 USD) - 2021/03/22 19:25:46 PT [2021/03/22 22:25:46 ET]
Table 'Itzigsohn IV' 9-max Seat #1 is the button
Seat 1: Jimshamar ($1.97 in chips) 
Seat 2: Dark Xander ($0.07 in chips) 
Seat 3: SeregKAKK ($1.58 in chips) 
Seat 5: IVANIVONZ ($2.71 in chips) 
Seat 6: Pepono101 ($2.91 in chips) 
Seat 7: hellov500 ($1.60 in chips) 
Seat 9: Dorex2007 ($2.94 in chips) 
Dark Xander: posts small blind $0.01
SeregKAKK: posts big blind $0.02
DukeAcc32310: sits out 
hellov500: posts big blind $0.02
*** HOLE CARDS ***
Dealt to Dorex2007 [Ks Ah]
IVANIVONZ: folds 
Pepono101: folds 
hellov500: checks 
Dorex2007: raises $0.04 to $0.06
Jimshamar: calls $0.06
Dark Xander: folds 
SeregKAKK: calls $0.04
hellov500: calls $0.04
*** FLOP *** [9d 3d 9s]
SeregKAKK: checks 
hellov500: checks 
Dorex2007: bets $0.12
Jimshamar: calls $0.12
SeregKAKK: folds 
hellov500: folds 
*** TURN *** [9d 3d 9s] [4c]
Dorex2007: bets $0.12
Jimshamar: calls $0.12
*** RIVER *** [9d 3d 9s 4c] [8c]
Dorex2007: bets $0.47
Jimshamar: folds 
Uncalled bet ($0.47) returned to Dorex2007
Dorex2007 collected $0.70 from pot
Dorex2007: doesn't show hand 
*** SUMMARY ***
Total pot $0.73 | Rake $0.03 
Board [9d 3d 9s 4c 8c]
Seat 1: Jimshamar (button) folded on the River
Seat 2: Dark Xander (small blind) folded before Flop
Seat 3: SeregKAKK (big blind) folded on the Flop
Seat 5: IVANIVONZ folded before Flop (didn't bet)
Seat 6: Pepono101 folded before Flop (didn't bet)
Seat 7: hellov500 folded on the Flop
Seat 9: Dorex2007 collected ($0.70)



PokerStars Hand #225095315386:  Hold'em No Limit ($0.01/$0.02 USD) - 2021/03/22 19:26:50 PT [2021/03/22 22:26:50 ET]
Table 'Itzigsohn IV' 9-max Seat #2 is the button
Seat 1: Jimshamar ($2 in chips) 
Seat 2: Dark Xander ($0.06 in chips) 
Seat 3: SeregKAKK ($1.52 in chips) 
Seat 4: DukeAcc32310 ($2 in chips) 
Seat 5: IVANIVONZ ($2.71 in chips) 
Seat 6: Pepono101 ($2.91 in chips) 
Seat 7: hellov500 ($1.54 in chips) 
Seat 9: Dorex2007 ($3.34 in chips) 
SeregKAKK: posts small blind $0.01
DukeAcc32310: posts big blind $0.02
*** HOLE CARDS ***
Dealt to Dorex2007 [7h 8s]
IVANIVONZ: folds 
Pepono101: folds 
hellov500: calls $0.02
Dorex2007: folds 
Jimshamar: folds 
Dark Xander: raises $0.04 to $0.06 and is all-in
SeregKAKK: calls $0.05
DukeAcc32310: folds 
hellov500: calls $0.04
*** FLOP *** [9c Kd Ah]
SeregKAKK: checks 
hellov500: checks 
*** TURN *** [9c Kd Ah] [5d]
SeregKAKK: bets $0.04
hellov500: calls $0.04
*** RIVER *** [9c Kd Ah 5d] [Ts]
SeregKAKK: bets $0.13
hellov500: folds 
Uncalled bet ($0.13) returned to SeregKAKK
*** SHOW DOWN ***
SeregKAKK: shows [2c Kc] (a pair of Kings)
SeregKAKK collected $0.08 from side pot
Dark Xander: shows [Tc Qd] (a pair of Tens)
SeregKAKK collected $0.19 from main pot
*** SUMMARY ***
Total pot $0.28 Main pot $0.19. Side pot $0.08. | Rake $0.01 
Board [9c Kd Ah 5d Ts]
Seat 1: Jimshamar folded before Flop (didn't bet)
Seat 2: Dark Xander (button) showed [Tc Qd] and lost with a pair of Tens
Seat 3: SeregKAKK (small blind) showed [2c Kc] and won ($0.27) with a pair of Kings
Seat 4: DukeAcc32310 (big blind) folded before Flop
Seat 5: IVANIVONZ folded before Flop (didn't bet)
Seat 6: Pepono101 folded before Flop (didn't bet)
Seat 7: hellov500 folded on the River
Seat 9: Dorex2007 folded before Flop (didn't bet)



PokerStars Hand #225095330475:  Hold'em No Limit ($0.01/$0.02 USD) - 2021/03/22 19:27:38 PT [2021/03/22 22:27:38 ET]
Table 'Itzigsohn IV' 9-max Seat #3 is the button
Seat 1: Jimshamar ($2 in chips) 
Seat 3: SeregKAKK ($1.69 in chips) 
Seat 4: DukeAcc32310 ($1.98 in chips) 
Seat 5: IVANIVONZ ($2.71 in chips) 
Seat 6: Pepono101 ($2.91 in chips) 
Seat 7: hellov500 ($1.44 in chips) 
Seat 9: Dorex2007 ($3.34 in chips) 
DukeAcc32310: posts small blind $0.01
IVANIVONZ: posts big blind $0.02
*** HOLE CARDS ***
Dealt to Dorex2007 [Qh 5d]
Pepono101: folds 
hellov500: calls $0.02
Dorex2007: folds 
Jimshamar: calls $0.02
SeregKAKK: raises $0.06 to $0.08
DukeAcc32310: folds 
IVANIVONZ: folds 
xFinnleyFx joins the table at seat #8 
hellov500: folds 
Jimshamar: calls $0.06
*** FLOP *** [5c Ah 2d]
Jimshamar: checks 
Dark Xander leaves the table
SeregKAKK: checks 
*** TURN *** [5c Ah 2d] [9c]
Jimshamar: checks 
SeregKAKK: bets $0.10
Jimshamar: folds 
Uncalled bet ($0.10) returned to SeregKAKK
SeregKAKK collected $0.20 from pot
SeregKAKK: doesn't show hand 
*** SUMMARY ***
Total pot $0.21 | Rake $0.01 
Board [5c Ah 2d 9c]
Seat 1: Jimshamar folded on the Turn
Seat 3: SeregKAKK (button) collected ($0.20)
Seat 4: DukeAcc32310 (small blind) folded before Flop
Seat 5: IVANIVONZ (big blind) folded before Flop
Seat 6: Pepono101 folded before Flop (didn't bet)
Seat 7: hellov500 folded before Flop
Seat 9: Dorex2007 folded before Flop (didn't bet)



PokerStars Hand #225095340316:  Hold'em No Limit ($0.01/$0.02 USD) - 2021/03/22 19:28:15 PT [2021/03/22 22:28:15 ET]
Table 'Itzigsohn IV' 9-max Seat #4 is the button
Seat 1: Jimshamar ($1.92 in chips) 
Seat 3: SeregKAKK ($1.81 in chips) 
Seat 4: DukeAcc32310 ($1.97 in chips) 
Seat 5: IVANIVONZ ($2.69 in chips) 
Seat 6: Pepono101 ($2.91 in chips) 
Seat 7: hellov500 ($1.42 in chips) 
Seat 9: Dorex2007 ($3.34 in chips) 
IVANIVONZ: posts small blind $0.01
Pepono101: posts big blind $0.02
xFinnleyFx: sits out 
*** HOLE CARDS ***
Dealt to Dorex2007 [Qd Qh]
hellov500: folds 
Dorex2007: raises $0.04 to $0.06
Jimshamar: folds 
SeregKAKK: folds 
DukeAcc32310: folds 
IVANIVONZ: folds 
Pepono101: calls $0.04
*** FLOP *** [9s 5h 9c]
Pepono101: checks 
Dorex2007: bets $0.13
Pepono101: folds 
Uncalled bet ($0.13) returned to Dorex2007
Dorex2007 collected $0.13 from pot
Dorex2007: doesn't show hand 
*** SUMMARY ***
Total pot $0.13 | Rake $0 
Board [9s 5h 9c]
Seat 1: Jimshamar folded before Flop (didn't bet)
Seat 3: SeregKAKK folded before Flop (didn't bet)
Seat 4: DukeAcc32310 (button) folded before Flop (didn't bet)
Seat 5: IVANIVONZ (small blind) folded before Flop
Seat 6: Pepono101 (big blind) folded on the Flop
Seat 7: hellov500 folded before Flop (didn't bet)
Seat 9: Dorex2007 collected ($0.13)



PokerStars Hand #225095350183:  Hold'em No Limit ($0.01/$0.02 USD) - 2021/03/22 19:28:52 PT [2021/03/22 22:28:52 ET]
Table 'Itzigsohn IV' 9-max Seat #5 is the button
Seat 1: Jimshamar ($1.92 in chips) 
Seat 3: SeregKAKK ($1.81 in chips) 
Seat 4: DukeAcc32310 ($1.97 in chips) 
Seat 5: IVANIVONZ ($2.68 in chips) 
Seat 6: Pepono101 ($2.85 in chips) 
Seat 7: hellov500 ($1.42 in chips) 
Seat 9: Dorex2007 ($3.41 in chips) 
Pepono101: posts small blind $0.01
hellov500: posts big blind $0.02
xFinnleyFx: sits out 
*** HOLE CARDS ***
Dealt to Dorex2007 [8h 8c]
Dorex2007: raises $0.04 to $0.06
Jimshamar: folds 
SeregKAKK: folds 
DukeAcc32310: folds 
IVANIVONZ: folds 
Pepono101: folds 
hellov500: folds 
Uncalled bet ($0.04) returned to Dorex2007
Dorex2007 collected $0.05 from pot
Dorex2007: doesn't show hand 
*** SUMMARY ***
Total pot $0.05 | Rake $0 
Seat 1: Jimshamar folded before Flop (didn't bet)
Seat 3: SeregKAKK folded before Flop (didn't bet)
Seat 4: DukeAcc32310 folded before Flop (didn't bet)
Seat 5: IVANIVONZ (button) folded before Flop (didn't bet)
Seat 6: Pepono101 (small blind) folded before Flop
Seat 7: hellov500 (big blind) folded before Flop
Seat 9: Dorex2007 collected ($0.05)



PokerStars Hand #225095355377:  Hold'em No Limit ($0.01/$0.02 USD) - 2021/03/22 19:29:11 PT [2021/03/22 22:29:11 ET]
Table 'Itzigsohn IV' 9-max Seat #6 is the button
Seat 1: Jimshamar ($1.92 in chips) 
Seat 3: SeregKAKK ($1.81 in chips) 
Seat 4: DukeAcc32310 ($1.97 in chips) 
Seat 5: IVANIVONZ ($2.68 in chips) 
Seat 6: Pepono101 ($2.84 in chips) 
Seat 7: hellov500 ($1.40 in chips) 
Seat 8: xFinnleyFx ($2 in chips) 
Seat 9: Dorex2007 ($3.44 in chips) 
hellov500: posts small blind $0.01
xFinnleyFx: posts big blind $0.02
*** HOLE CARDS ***
Dealt to Dorex2007 [7c Td]
Dorex2007: folds 
Jimshamar: folds 
SeregKAKK: folds 
DukeAcc32310: folds 
IVANIVONZ: folds 
Pepono101: raises $0.04 to $0.06
hellov500: calls $0.05
xFinnleyFx: calls $0.04
*** FLOP *** [Th Ac Qc]
hellov500: checks 
xFinnleyFx: checks 
trinche12 joins the table at seat #2 
Pepono101: checks 
*** TURN *** [Th Ac Qc] [3s]
hellov500: bets $0.10
xFinnleyFx: calls $0.10
Pepono101: folds 
*** RIVER *** [Th Ac Qc 3s] [2h]
hellov500: checks 
xFinnleyFx: bets $0.10
hellov500: folds 
Uncalled bet ($0.10) returned to xFinnleyFx
xFinnleyFx collected $0.37 from pot
*** SUMMARY ***
Total pot $0.38 | Rake $0.01 
Board [Th Ac Qc 3s 2h]
Seat 1: Jimshamar folded before Flop (didn't bet)
Seat 3: SeregKAKK folded before Flop (didn't bet)
Seat 4: DukeAcc32310 folded before Flop (didn't bet)
Seat 5: IVANIVONZ folded before Flop (didn't bet)
Seat 6: Pepono101 (button) folded on the Turn
Seat 7: hellov500 (small blind) folded on the River
Seat 8: xFinnleyFx (big blind) collected ($0.37)
Seat 9: Dorex2007 folded before Flop (didn't bet)



PokerStars Hand #225095367226:  Hold'em No Limit ($0.01/$0.02 USD) - 2021/03/22 19:29:56 PT [2021/03/22 22:29:56 ET]
Table 'Itzigsohn IV' 9-max Seat #7 is the button
Seat 1: Jimshamar ($1.92 in chips) 
Seat 3: SeregKAKK ($1.81 in chips) 
Seat 4: DukeAcc32310 ($1.97 in chips) 
Seat 5: IVANIVONZ ($2.68 in chips) 
Seat 6: Pepono101 ($2.78 in chips) 
Seat 7: hellov500 ($1.24 in chips) 
Seat 8: xFinnleyFx ($2.21 in chips) 
Seat 9: Dorex2007 ($3.44 in chips) 
xFinnleyFx: posts small blind $0.01
Dorex2007: posts big blind $0.02
trinche12: sits out 
*** HOLE CARDS ***
Dealt to Dorex2007 [8c Jh]
Jimshamar: raises $0.04 to $0.06
SeregKAKK: folds 
DukeAcc32310: folds 
IVANIVONZ: folds 
Pepono101: folds 
hellov500: folds 
xFinnleyFx: folds 
Dorex2007: folds 
Uncalled bet ($0.04) returned to Jimshamar
Jimshamar collected $0.05 from pot
Jimshamar: doesn't show hand 
*** SUMMARY ***
Total pot $0.05 | Rake $0 
Seat 1: Jimshamar collected ($0.05)
Seat 3: SeregKAKK folded before Flop (didn't bet)
Seat 4: DukeAcc32310 folded before Flop (didn't bet)
Seat 5: IVANIVONZ folded before Flop (didn't bet)
Seat 6: Pepono101 folded before Flop (didn't bet)
Seat 7: hellov500 (button) folded before Flop (didn't bet)
Seat 8: xFinnleyFx (small blind) folded before Flop
Seat 9: Dorex2007 (big blind) folded before Flop



PokerStars Hand #225095373205:  Hold'em No Limit ($0.01/$0.02 USD) - 2021/03/22 19:30:18 PT [2021/03/22 22:30:18 ET]
Table 'Itzigsohn IV' 9-max Seat #8 is the button
Seat 1: Jimshamar ($1.95 in chips) 
Seat 3: SeregKAKK ($1.81 in chips) 
Seat 4: DukeAcc32310 ($1.97 in chips) 
Seat 5: IVANIVONZ ($2.68 in chips) 
Seat 6: Pepono101 ($2.78 in chips) 
Seat 7: hellov500 ($1.24 in chips) 
Seat 8: xFinnleyFx ($2.20 in chips) 
Seat 9: Dorex2007 ($3.42 in chips) 
Dorex2007: posts small blind $0.01
Jimshamar: posts big blind $0.02
trinche12: sits out 
*** HOLE CARDS ***
Dealt to Dorex2007 [Jc Ad]
SeregKAKK: folds 
DukeAcc32310 has timed out
DukeAcc32310: folds 
IVANIVONZ: raises $0.04 to $0.06
Pepono101: folds 
hellov500: calls $0.06
xFinnleyFx: folds 
Dorex2007: folds 
Jimshamar: folds 
*** FLOP *** [Ts 3c Ah]
IVANIVONZ: bets $0.10
hellov500: calls $0.10
*** TURN *** [Ts 3c Ah] [9c]
IVANIVONZ: checks 
hellov500: bets $0.10
IVANIVONZ: calls $0.10
*** RIVER *** [Ts 3c Ah 9c] [8d]
IVANIVONZ: checks 
hellov500: checks 
*** SHOW DOWN ***
IVANIVONZ: shows [8s 7s] (a pair of Eights)
hellov500: shows [Ac Qs] (a pair of Aces)
hellov500 collected $0.53 from pot
*** SUMMARY ***
Total pot $0.55 | Rake $0.02 
Board [Ts 3c Ah 9c 8d]
Seat 1: Jimshamar (big blind) folded before Flop
Seat 3: SeregKAKK folded before Flop (didn't bet)
Seat 4: DukeAcc32310 folded before Flop (didn't bet)
Seat 5: IVANIVONZ showed [8s 7s] and lost with a pair of Eights
Seat 6: Pepono101 folded before Flop (didn't bet)
Seat 7: hellov500 showed [Ac Qs] and won ($0.53) with a pair of Aces
Seat 8: xFinnleyFx (button) folded before Flop (didn't bet)
Seat 9: Dorex2007 (small blind) folded before Flop



PokerStars Hand #225095399441:  Hold'em No Limit ($0.01/$0.02 USD) - 2021/03/22 19:31:44 PT [2021/03/22 22:31:44 ET]
Table 'Itzigsohn IV' 9-max Seat #9 is the button
Seat 1: Jimshamar ($1.93 in chips) 
Seat 2: trinche12 ($2 in chips) 
Seat 3: SeregKAKK ($1.81 in chips) 
Seat 4: DukeAcc32310 ($1.97 in chips) 
Seat 5: IVANIVONZ ($2.42 in chips) 
Seat 6: Pepono101 ($2.78 in chips) 
Seat 7: hellov500 ($1.51 in chips) 
Seat 8: xFinnleyFx ($2.20 in chips) 
Seat 9: Dorex2007 ($3.41 in chips) 
Jimshamar: posts small blind $0.01
trinche12: posts big blind $0.02
*** HOLE CARDS ***
Dealt to Dorex2007 [Jh 7d]
SeregKAKK: folds 
DukeAcc32310: raises $0.02 to $0.04
IVANIVONZ: folds 
Pepono101: folds 
hellov500: folds 
xFinnleyFx: folds 
Dorex2007: folds 
Jimshamar: folds 
trinche12: folds 
Uncalled bet ($0.02) returned to DukeAcc32310
DukeAcc32310 collected $0.05 from pot
DukeAcc32310: doesn't show hand 
*** SUMMARY ***
Total pot $0.05 | Rake $0 
Seat 1: Jimshamar (small blind) folded before Flop
Seat 2: trinche12 (big blind) folded before Flop
Seat 3: SeregKAKK folded before Flop (didn't bet)
Seat 4: DukeAcc32310 collected ($0.05)
Seat 5: IVANIVONZ folded before Flop (didn't bet)
Seat 6: Pepono101 folded before Flop (didn't bet)
Seat 7: hellov500 folded before Flop (didn't bet)
Seat 8: xFinnleyFx folded before Flop (didn't bet)
Seat 9: Dorex2007 (button) folded before Flop (didn't bet)



PokerStars Hand #225095404736:  Hold'em No Limit ($0.01/$0.02 USD) - 2021/03/22 19:32:04 PT [2021/03/22 22:32:04 ET]
Table 'Itzigsohn IV' 9-max Seat #1 is the button
Seat 1: Jimshamar ($1.92 in chips) 
Seat 2: trinche12 ($2 in chips) 
Seat 3: SeregKAKK ($1.81 in chips) 
Seat 4: DukeAcc32310 ($2 in chips) 
Seat 5: IVANIVONZ ($2.42 in chips) 
Seat 6: Pepono101 ($2.78 in chips) 
Seat 7: hellov500 ($1.51 in chips) 
Seat 8: xFinnleyFx ($2.20 in chips) 
Seat 9: Dorex2007 ($3.41 in chips) 
trinche12: posts small blind $0.01
SeregKAKK: posts big blind $0.02
*** HOLE CARDS ***
Dealt to Dorex2007 [6h As]
DukeAcc32310: folds 
IVANIVONZ: folds 
Pepono101: raises $0.04 to $0.06
hellov500: folds 
xFinnleyFx: folds 
Dorex2007: folds 
Jimshamar: folds 
trinche12: folds 
SeregKAKK: folds 
Uncalled bet ($0.04) returned to Pepono101
Pepono101 collected $0.05 from pot
Pepono101: doesn't show hand 
*** SUMMARY ***
Total pot $0.05 | Rake $0 
Seat 1: Jimshamar (button) folded before Flop (didn't bet)
Seat 2: trinche12 (small blind) folded before Flop
Seat 3: SeregKAKK (big blind) folded before Flop
Seat 4: DukeAcc32310 folded before Flop (didn't bet)
Seat 5: IVANIVONZ folded before Flop (didn't bet)
Seat 6: Pepono101 collected ($0.05)
Seat 7: hellov500 folded before Flop (didn't bet)
Seat 8: xFinnleyFx folded before Flop (didn't bet)
Seat 9: Dorex2007 folded before Flop (didn't bet)



PokerStars Hand #225095409592:  Hold'em No Limit ($0.01/$0.02 USD) - 2021/03/22 19:32:22 PT [2021/03/22 22:32:22 ET]
Table 'Itzigsohn IV' 9-max Seat #2 is the button
Seat 1: Jimshamar ($1.92 in chips) 
Seat 2: trinche12 ($2 in chips) 
Seat 3: SeregKAKK ($1.79 in chips) 
Seat 4: DukeAcc32310 ($2 in chips) 
Seat 5: IVANIVONZ ($2.42 in chips) 
Seat 6: Pepono101 ($2.81 in chips) 
Seat 7: hellov500 ($1.51 in chips) 
Seat 8: xFinnleyFx ($2.20 in chips) 
Seat 9: Dorex2007 ($3.41 in chips) 
SeregKAKK: posts small blind $0.01
DukeAcc32310: posts big blind $0.02
*** HOLE CARDS ***
Dealt to Dorex2007 [Td 4c]
IVANIVONZ: folds 
Pepono101: raises $0.02 to $0.04
hellov500: calls $0.04
xFinnleyFx: calls $0.04
Dorex2007: folds 
Jimshamar: folds 
trinche12: folds 
SeregKAKK: calls $0.03
DukeAcc32310: calls $0.02
*** FLOP *** [Qs Kd Jc]
SeregKAKK: checks 
DukeAcc32310: checks 
Pepono101: checks 
hellov500: checks 
xFinnleyFx: checks 
*** TURN *** [Qs Kd Jc] [5s]
SeregKAKK: checks 
DukeAcc32310: bets $0.06
Pepono101: calls $0.06
hellov500: calls $0.06
xFinnleyFx: folds 
SeregKAKK: folds 
*** RIVER *** [Qs Kd Jc 5s] [4s]
DukeAcc32310: bets $0.12
Pepono101: calls $0.12
hellov500: folds 
*** SHOW DOWN ***
DukeAcc32310: shows [As Kc] (a pair of Kings)
Pepono101: shows [7s Js] (a flush, Queen high)
Pepono101 collected $0.60 from pot
*** SUMMARY ***
Total pot $0.62 | Rake $0.02 
Board [Qs Kd Jc 5s 4s]
Seat 1: Jimshamar folded before Flop (didn't bet)
Seat 2: trinche12 (button) folded before Flop (didn't bet)
Seat 3: SeregKAKK (small blind) folded on the Turn
Seat 4: DukeAcc32310 (big blind) showed [As Kc] and lost with a pair of Kings
Seat 5: IVANIVONZ folded before Flop (didn't bet)
Seat 6: Pepono101 showed [7s Js] and won ($0.60) with a flush, Queen high
Seat 7: hellov500 folded on the River
Seat 8: xFinnleyFx folded on the Turn
Seat 9: Dorex2007 folded before Flop (didn't bet)



PokerStars Hand #225095426842:  Hold'em No Limit ($0.01/$0.02 USD) - 2021/03/22 19:33:27 PT [2021/03/22 22:33:27 ET]
Table 'Itzigsohn IV' 9-max Seat #3 is the button
Seat 1: Jimshamar ($1.92 in chips) 
Seat 2: trinche12 ($2 in chips) 
Seat 3: SeregKAKK ($1.75 in chips) 
Seat 4: DukeAcc32310 ($1.78 in chips) 
Seat 5: IVANIVONZ ($2.42 in chips) 
Seat 6: Pepono101 ($3.19 in chips) 
Seat 7: hellov500 ($1.41 in chips) 
Seat 8: xFinnleyFx ($2.16 in chips) 
Seat 9: Dorex2007 ($3.41 in chips) 
DukeAcc32310: posts small blind $0.01
IVANIVONZ: posts big blind $0.02
*** HOLE CARDS ***
Dealt to Dorex2007 [6c 6d]
Pepono101: folds 
hellov500: calls $0.02
xFinnleyFx: folds 
Dorex2007: folds 
Jimshamar: folds 
trinche12: folds 
SeregKAKK: calls $0.02
DukeAcc32310: calls $0.01
IVANIVONZ: checks 
*** FLOP *** [Tc Jd Jh]
DukeAcc32310: checks 
IVANIVONZ: bets $0.04
hellov500: folds 
SeregKAKK: folds 
DukeAcc32310: calls $0.04
*** TURN *** [Tc Jd Jh] [5d]
DukeAcc32310: checks 
IVANIVONZ: bets $0.12
DukeAcc32310: raises $0.20 to $0.32
IVANIVONZ: folds 
Uncalled bet ($0.20) returned to DukeAcc32310
DukeAcc32310 collected $0.39 from pot
DukeAcc32310: doesn't show hand 
*** SUMMARY ***
Total pot $0.40 | Rake $0.01 
Board [Tc Jd Jh 5d]
Seat 1: Jimshamar folded before Flop (didn't bet)
Seat 2: trinche12 folded before Flop (didn't bet)
Seat 3: SeregKAKK (button) folded on the Flop
Seat 4: DukeAcc32310 (small blind) collected ($0.39)
Seat 5: IVANIVONZ (big blind) folded on the Turn
Seat 6: Pepono101 folded before Flop (didn't bet)
Seat 7: hellov500 folded on the Flop
Seat 8: xFinnleyFx folded before Flop (didn't bet)
Seat 9: Dorex2007 folded before Flop (didn't bet)



PokerStars Hand #225095449732:  Hold'em No Limit ($0.01/$0.02 USD) - 2021/03/22 19:34:47 PT [2021/03/22 22:34:47 ET]
Table 'Itzigsohn IV' 9-max Seat #4 is the button
Seat 1: Jimshamar ($1.92 in chips) 
Seat 2: trinche12 ($2 in chips) 
Seat 3: SeregKAKK ($1.73 in chips) 
Seat 4: DukeAcc32310 ($1.99 in chips) 
Seat 5: IVANIVONZ ($2.24 in chips) 
Seat 6: Pepono101 ($3.19 in chips) 
Seat 7: hellov500 ($1.39 in chips) 
Seat 8: xFinnleyFx ($2.16 in chips) 
Seat 9: Dorex2007 ($3.41 in chips) 
IVANIVONZ: posts small blind $0.01
Pepono101: posts big blind $0.02
*** HOLE CARDS ***
Dealt to Dorex2007 [As 9h]
hellov500: calls $0.02
xFinnleyFx: calls $0.02
Dorex2007 has timed out
Dorex2007: folds 
Jimshamar: folds 
trinche12: folds 
SeregKAKK: calls $0.02
DukeAcc32310: calls $0.02
IVANIVONZ: calls $0.01
Pepono101: checks 
*** FLOP *** [Qh Tc Js]
IVANIVONZ: checks 
Pepono101: checks 
hellov500: checks 
xFinnleyFx: bets $0.04
SeregKAKK: folds 
DukeAcc32310: calls $0.04
IVANIVONZ: folds 
Pepono101: folds 
hellov500: folds 
*** TURN *** [Qh Tc Js] [7h]
xFinnleyFx: checks 
DukeAcc32310: checks 
*** RIVER *** [Qh Tc Js 7h] [Jc]
xFinnleyFx: bets $0.08
DukeAcc32310: folds 
Uncalled bet ($0.08) returned to xFinnleyFx
xFinnleyFx collected $0.19 from pot
*** SUMMARY ***
Total pot $0.20 | Rake $0.01 
Board [Qh Tc Js 7h Jc]
Seat 1: Jimshamar folded before Flop (didn't bet)
Seat 2: trinche12 folded before Flop (didn't bet)
Seat 3: SeregKAKK folded on the Flop
Seat 4: DukeAcc32310 (button) folded on the River
Seat 5: IVANIVONZ (small blind) folded on the Flop
Seat 6: Pepono101 (big blind) folded on the Flop
Seat 7: hellov500 folded on the Flop
Seat 8: xFinnleyFx collected ($0.19)
Seat 9: Dorex2007 folded before Flop (didn't bet)



PokerStars Hand #225095476410:  Hold'em No Limit ($0.01/$0.02 USD) - 2021/03/22 19:36:29 PT [2021/03/22 22:36:29 ET]
Table 'Itzigsohn IV' 9-max Seat #5 is the button
Seat 1: Jimshamar ($1.92 in chips) 
Seat 2: trinche12 ($2 in chips) 
Seat 3: SeregKAKK ($1.71 in chips) 
Seat 4: DukeAcc32310 ($1.93 in chips) 
Seat 5: IVANIVONZ ($2.22 in chips) 
Seat 6: Pepono101 ($3.17 in chips) 
Seat 7: hellov500 ($1.37 in chips) 
Seat 8: xFinnleyFx ($2.29 in chips) 
Seat 9: Dorex2007 ($3.41 in chips) 
Pepono101: posts small blind $0.01
hellov500: posts big blind $0.02
*** HOLE CARDS ***
Dealt to Dorex2007 [6d Kd]
xFinnleyFx: folds 
Dorex2007: folds 
Jimshamar: folds 
trinche12: folds 
SeregKAKK: raises $0.04 to $0.06
DukeAcc32310: folds 
IVANIVONZ: raises $0.12 to $0.18
Pepono101: folds 
hellov500: folds 
SeregKAKK: calls $0.12
*** FLOP *** [2h Ah 2s]
SeregKAKK: checks 
IVANIVONZ: bets $0.24
SeregKAKK: raises $0.24 to $0.48
IVANIVONZ: folds 
Uncalled bet ($0.24) returned to SeregKAKK
SeregKAKK collected $0.84 from pot
SeregKAKK: doesn't show hand 
*** SUMMARY ***
Total pot $0.87 | Rake $0.03 
Board [2h Ah 2s]
Seat 1: Jimshamar folded before Flop (didn't bet)
Seat 2: trinche12 folded before Flop (didn't bet)
Seat 3: SeregKAKK collected ($0.84)
Seat 4: DukeAcc32310 folded before Flop (didn't bet)
Seat 5: IVANIVONZ (button) folded on the Flop
Seat 6: Pepono101 (small blind) folded before Flop
Seat 7: hellov500 (big blind) folded before Flop
Seat 8: xFinnleyFx folded before Flop (didn't bet)
Seat 9: Dorex2007 folded before Flop (didn't bet)



PokerStars Hand #225095515868:  Hold'em No Limit ($0.01/$0.02 USD) - 2021/03/22 19:37:58 PT [2021/03/22 22:37:58 ET]
Table 'Itzigsohn IV' 9-max Seat #6 is the button
Seat 1: Jimshamar ($1.92 in chips) 
Seat 2: trinche12 ($2 in chips) 
Seat 3: SeregKAKK ($2.13 in chips) 
Seat 4: DukeAcc32310 ($1.93 in chips) 
Seat 5: IVANIVONZ ($1.80 in chips) 
Seat 6: Pepono101 ($3.16 in chips) 
Seat 7: hellov500 ($1.35 in chips) 
Seat 8: xFinnleyFx ($2.29 in chips) 
Seat 9: Dorex2007 ($3.41 in chips) 
hellov500: posts small blind $0.01
xFinnleyFx: posts big blind $0.02
*** HOLE CARDS ***
Dealt to Dorex2007 [3c Kc]
Dorex2007: folds 
Jimshamar: folds 
trinche12: folds 
SeregKAKK: folds 
DukeAcc32310: folds 
IVANIVONZ: folds 
Pepono101: folds 
hellov500: calls $0.01
xFinnleyFx: checks 
*** FLOP *** [9c Ad Ah]
hellov500: checks 
xFinnleyFx: checks 
*** TURN *** [9c Ad Ah] [Ac]
hellov500: checks 
xFinnleyFx: checks 
*** RIVER *** [9c Ad Ah Ac] [6s]
hellov500: checks 
xFinnleyFx: checks 
*** SHOW DOWN ***
hellov500: shows [5d 7c] (three of a kind, Aces)
xFinnleyFx: shows [Jh 8c] (three of a kind, Aces - Jack kicker)
xFinnleyFx collected $0.04 from pot
*** SUMMARY ***
Total pot $0.04 | Rake $0 
Board [9c Ad Ah Ac 6s]
Seat 1: Jimshamar folded before Flop (didn't bet)
Seat 2: trinche12 folded before Flop (didn't bet)
Seat 3: SeregKAKK folded before Flop (didn't bet)
Seat 4: DukeAcc32310 folded before Flop (didn't bet)
Seat 5: IVANIVONZ folded before Flop (didn't bet)
Seat 6: Pepono101 (button) folded before Flop (didn't bet)
Seat 7: hellov500 (small blind) showed [5d 7c] and lost with three of a kind, Aces
Seat 8: xFinnleyFx (big blind) showed [Jh 8c] and won ($0.04) with three of a kind, Aces
Seat 9: Dorex2007 folded before Flop (didn't bet)



PokerStars Hand #225095528599:  Hold'em No Limit ($0.01/$0.02 USD) - 2021/03/22 19:38:47 PT [2021/03/22 22:38:47 ET]
Table 'Itzigsohn IV' 9-max Seat #7 is the button
Seat 1: Jimshamar ($1.92 in chips) 
Seat 2: trinche12 ($2 in chips) 
Seat 3: SeregKAKK ($2.13 in chips) 
Seat 4: DukeAcc32310 ($1.93 in chips) 
Seat 5: IVANIVONZ ($1.80 in chips) 
Seat 6: Pepono101 ($3.16 in chips) 
Seat 7: hellov500 ($1.33 in chips) 
Seat 8: xFinnleyFx ($2.31 in chips) 
Seat 9: Dorex2007 ($3.41 in chips) 
xFinnleyFx: posts small blind $0.01
Dorex2007: posts big blind $0.02
*** HOLE CARDS ***
Dealt to Dorex2007 [2s Kh]
Jimshamar: folds 
trinche12: folds 
SeregKAKK: folds 
DukeAcc32310: folds 
IVANIVONZ: folds 
Pepono101: folds 
hellov500: folds 
xFinnleyFx: raises $0.04 to $0.06
Dorex2007: folds 
Uncalled bet ($0.04) returned to xFinnleyFx
xFinnleyFx collected $0.04 from pot
*** SUMMARY ***
Total pot $0.04 | Rake $0 
Seat 1: Jimshamar folded before Flop (didn't bet)
Seat 2: trinche12 folded before Flop (didn't bet)
Seat 3: SeregKAKK folded before Flop (didn't bet)
Seat 4: DukeAcc32310 folded before Flop (didn't bet)
Seat 5: IVANIVONZ folded before Flop (didn't bet)
Seat 6: Pepono101 folded before Flop (didn't bet)
Seat 7: hellov500 (button) folded before Flop (didn't bet)
Seat 8: xFinnleyFx (small blind) collected ($0.04)
Seat 9: Dorex2007 (big blind) folded before Flop



PokerStars Hand #225095535094:  Hold'em No Limit ($0.01/$0.02 USD) - 2021/03/22 19:39:12 PT [2021/03/22 22:39:12 ET]
Table 'Itzigsohn IV' 9-max Seat #8 is the button
Seat 1: Jimshamar ($1.92 in chips) 
Seat 2: trinche12 ($2 in chips) 
Seat 3: SeregKAKK ($2.13 in chips) 
Seat 4: DukeAcc32310 ($1.93 in chips) 
Seat 5: IVANIVONZ ($1.80 in chips) 
Seat 6: Pepono101 ($3.16 in chips) 
Seat 7: hellov500 ($1.33 in chips) 
Seat 8: xFinnleyFx ($2.33 in chips) 
Seat 9: Dorex2007 ($3.39 in chips) 
Dorex2007: posts small blind $0.01
Jimshamar: posts big blind $0.02
*** HOLE CARDS ***
Dealt to Dorex2007 [Ks 4h]
trinche12: folds 
SeregKAKK: folds 
DukeAcc32310: folds 
IVANIVONZ: raises $0.03 to $0.05
Pepono101: calls $0.05
hellov500: folds 
xFinnleyFx: folds 
Dorex2007: folds 
Jimshamar: calls $0.03
*** FLOP *** [4c 9s 3d]
Jimshamar: bets $0.06
IVANIVONZ: calls $0.06
Pepono101: folds 
*** TURN *** [4c 9s 3d] [Jh]
Jimshamar: bets $0.08
IVANIVONZ: calls $0.08
*** RIVER *** [4c 9s 3d Jh] [8s]
Jimshamar: checks 
IVANIVONZ: bets $0.34
Jimshamar: folds 
Uncalled bet ($0.34) returned to IVANIVONZ
IVANIVONZ collected $0.42 from pot
IVANIVONZ: doesn't show hand 
*** SUMMARY ***
Total pot $0.44 | Rake $0.02 
Board [4c 9s 3d Jh 8s]
Seat 1: Jimshamar (big blind) folded on the River
Seat 2: trinche12 folded before Flop (didn't bet)
Seat 3: SeregKAKK folded before Flop (didn't bet)
Seat 4: DukeAcc32310 folded before Flop (didn't bet)
Seat 5: IVANIVONZ collected ($0.42)
Seat 6: Pepono101 folded on the Flop
Seat 7: hellov500 folded before Flop (didn't bet)
Seat 8: xFinnleyFx (button) folded before Flop (didn't bet)
Seat 9: Dorex2007 (small blind) folded before Flop



PokerStars Hand #225095559075:  Hold'em No Limit ($0.01/$0.02 USD) - 2021/03/22 19:40:47 PT [2021/03/22 22:40:47 ET]
Table 'Itzigsohn IV' 9-max Seat #9 is the button
Seat 1: Jimshamar ($2 in chips) 
Seat 2: trinche12 ($2 in chips) 
Seat 3: SeregKAKK ($2.13 in chips) 
Seat 4: DukeAcc32310 ($1.93 in chips) 
Seat 5: IVANIVONZ ($2.03 in chips) 
Seat 6: Pepono101 ($3.11 in chips) 
Seat 7: hellov500 ($1.33 in chips) 
Seat 8: xFinnleyFx ($2.33 in chips) 
Seat 9: Dorex2007 ($3.38 in chips) 
Jimshamar: posts small blind $0.01
trinche12: posts big blind $0.02
*** HOLE CARDS ***
Dealt to Dorex2007 [Qh Jh]
SeregKAKK: folds 
DukeAcc32310: folds 
IVANIVONZ: folds 
Pepono101: folds 
hellov500: raises $1.31 to $1.33 and is all-in
xFinnleyFx: folds 
Dorex2007: folds 
Jimshamar: folds 
trinche12: folds 
Uncalled bet ($1.31) returned to hellov500
hellov500 collected $0.05 from pot
hellov500: doesn't show hand 
*** SUMMARY ***
Total pot $0.05 | Rake $0 
Seat 1: Jimshamar (small blind) folded before Flop
Seat 2: trinche12 (big blind) folded before Flop
Seat 3: SeregKAKK folded before Flop (didn't bet)
Seat 4: DukeAcc32310 folded before Flop (didn't bet)
Seat 5: IVANIVONZ folded before Flop (didn't bet)
Seat 6: Pepono101 folded before Flop (didn't bet)
Seat 7: hellov500 collected ($0.05)
Seat 8: xFinnleyFx folded before Flop (didn't bet)
Seat 9: Dorex2007 (button) folded before Flop (didn't bet)



PokerStars Hand #225095568157:  Hold'em No Limit ($0.01/$0.02 USD) - 2021/03/22 19:41:23 PT [2021/03/22 22:41:23 ET]
Table 'Itzigsohn IV' 9-max Seat #1 is the button
Seat 1: Jimshamar ($1.99 in chips) 
Seat 2: trinche12 ($2 in chips) 
Seat 3: SeregKAKK ($2.13 in chips) 
Seat 4: DukeAcc32310 ($1.93 in chips) 
Seat 5: IVANIVONZ ($2.03 in chips) 
Seat 6: Pepono101 ($3.11 in chips) 
Seat 7: hellov500 ($1.36 in chips) 
Seat 8: xFinnleyFx ($2.33 in chips) 
Seat 9: Dorex2007 ($3.38 in chips) 
trinche12: posts small blind $0.01
SeregKAKK: posts big blind $0.02
*** HOLE CARDS ***
Dealt to Dorex2007 [7s 8d]
DukeAcc32310: folds 
IVANIVONZ: folds 
Pepono101: folds 
hellov500: calls $0.02
xFinnleyFx: folds 
Dorex2007 has timed out
Dorex2007: folds 
Jimshamar: folds 
trinche12: raises $0.08 to $0.10
SeregKAKK: folds 
hellov500: calls $0.08
*** FLOP *** [Jc Qs Ac]
trinche12: bets $0.11
hellov500: folds 
Uncalled bet ($0.11) returned to trinche12
trinche12 collected $0.21 from pot
trinche12: doesn't show hand 
*** SUMMARY ***
Total pot $0.22 | Rake $0.01 
Board [Jc Qs Ac]
Seat 1: Jimshamar (button) folded before Flop (didn't bet)
Seat 2: trinche12 (small blind) collected ($0.21)
Seat 3: SeregKAKK (big blind) folded before Flop
Seat 4: DukeAcc32310 folded before Flop (didn't bet)
Seat 5: IVANIVONZ folded before Flop (didn't bet)
Seat 6: Pepono101 folded before Flop (didn't bet)
Seat 7: hellov500 folded on the Flop
Seat 8: xFinnleyFx folded before Flop (didn't bet)
Seat 9: Dorex2007 folded before Flop (didn't bet)



PokerStars Hand #225095579871:  Hold'em No Limit ($0.01/$0.02 USD) - 2021/03/22 19:42:09 PT [2021/03/22 22:42:09 ET]
Table 'Itzigsohn IV' 9-max Seat #2 is the button
Seat 1: Jimshamar ($1.99 in chips) 
Seat 2: trinche12 ($2.11 in chips) 
Seat 3: SeregKAKK ($2.11 in chips) 
Seat 4: DukeAcc32310 ($1.93 in chips) 
Seat 5: IVANIVONZ ($2.03 in chips) 
Seat 6: Pepono101 ($3.11 in chips) 
Seat 7: hellov500 ($1.26 in chips) 
Seat 8: xFinnleyFx ($2.33 in chips) 
Seat 9: Dorex2007 ($3.38 in chips) 
SeregKAKK: posts small blind $0.01
DukeAcc32310: posts big blind $0.02
*** HOLE CARDS ***
Dealt to Dorex2007 [3s 7c]
IVANIVONZ: folds 
Pepono101: folds 
hellov500: calls $0.02
xFinnleyFx: calls $0.02
Dorex2007: folds 
Jimshamar: folds 
trinche12: folds 
SeregKAKK: folds 
DukeAcc32310: checks 
*** FLOP *** [Kh 6s 2d]
DukeAcc32310: checks 
hellov500: checks 
xFinnleyFx: checks 
*** TURN *** [Kh 6s 2d] [Jc]
DukeAcc32310: bets $0.04
hellov500: folds 
xFinnleyFx: calls $0.04
*** RIVER *** [Kh 6s 2d Jc] [Js]
DukeAcc32310: bets $0.06
xFinnleyFx: calls $0.06
*** SHOW DOWN ***
DukeAcc32310: shows [8s 9s] (a pair of Jacks)
xFinnleyFx: shows [Ad Ts] (a pair of Jacks - Ace kicker)
xFinnleyFx collected $0.26 from pot
*** SUMMARY ***
Total pot $0.27 | Rake $0.01 
Board [Kh 6s 2d Jc Js]
Seat 1: Jimshamar folded before Flop (didn't bet)
Seat 2: trinche12 (button) folded before Flop (didn't bet)
Seat 3: SeregKAKK (small blind) folded before Flop
Seat 4: DukeAcc32310 (big blind) showed [8s 9s] and lost with a pair of Jacks
Seat 5: IVANIVONZ folded before Flop (didn't bet)
Seat 6: Pepono101 folded before Flop (didn't bet)
Seat 7: hellov500 folded on the Turn
Seat 8: xFinnleyFx showed [Ad Ts] and won ($0.26) with a pair of Jacks
Seat 9: Dorex2007 folded before Flop (didn't bet)



PokerStars Hand #225095594176:  Hold'em No Limit ($0.01/$0.02 USD) - 2021/03/22 19:43:06 PT [2021/03/22 22:43:06 ET]
Table 'Itzigsohn IV' 9-max Seat #3 is the button
Seat 1: Jimshamar ($1.99 in chips) 
Seat 2: trinche12 ($2.11 in chips) 
Seat 3: SeregKAKK ($2.10 in chips) 
Seat 4: DukeAcc32310 ($1.81 in chips) 
Seat 5: IVANIVONZ ($2.03 in chips) 
Seat 6: Pepono101 ($3.11 in chips) 
Seat 7: hellov500 ($1.24 in chips) 
Seat 8: xFinnleyFx ($2.47 in chips) 
Seat 9: Dorex2007 ($3.38 in chips) 
DukeAcc32310: posts small blind $0.01
IVANIVONZ: posts big blind $0.02
*** HOLE CARDS ***
Dealt to Dorex2007 [3s 7s]
Pepono101: folds 
hellov500: raises $0.10 to $0.12
xFinnleyFx: folds 
Dorex2007: folds 
Jimshamar: folds 
trinche12: folds 
SeregKAKK: folds 
DukeAcc32310: folds 
IVANIVONZ: folds 
Uncalled bet ($0.10) returned to hellov500
hellov500 collected $0.05 from pot
hellov500: doesn't show hand 
*** SUMMARY ***
Total pot $0.05 | Rake $0 
Seat 1: Jimshamar folded before Flop (didn't bet)
Seat 2: trinche12 folded before Flop (didn't bet)
Seat 3: SeregKAKK (button) folded before Flop (didn't bet)
Seat 4: DukeAcc32310 (small blind) folded before Flop
Seat 5: IVANIVONZ (big blind) folded before Flop
Seat 6: Pepono101 folded before Flop (didn't bet)
Seat 7: hellov500 collected ($0.05)
Seat 8: xFinnleyFx folded before Flop (didn't bet)
Seat 9: Dorex2007 folded before Flop (didn't bet)



PokerStars Hand #225095601328:  Hold'em No Limit ($0.01/$0.02 USD) - 2021/03/22 19:43:35 PT [2021/03/22 22:43:35 ET]
Table 'Itzigsohn IV' 9-max Seat #4 is the button
Seat 1: Jimshamar ($1.99 in chips) 
Seat 2: trinche12 ($2.11 in chips) 
Seat 3: SeregKAKK ($2.10 in chips) 
Seat 4: DukeAcc32310 ($1.80 in chips) 
Seat 5: IVANIVONZ ($2.01 in chips) 
Seat 6: Pepono101 ($3.11 in chips) 
Seat 7: hellov500 ($1.27 in chips) 
Seat 8: xFinnleyFx ($2.47 in chips) 
Seat 9: Dorex2007 ($3.38 in chips) 
IVANIVONZ: posts small blind $0.01
Pepono101: posts big blind $0.02
*** HOLE CARDS ***
Dealt to Dorex2007 [Jc Ah]
hellov500: folds 
xFinnleyFx: folds 
Dorex2007: raises $0.04 to $0.06
Jimshamar: folds 
trinche12: folds 
SeregKAKK: calls $0.06
DukeAcc32310: folds 
IVANIVONZ: folds 
Pepono101: folds 
*** FLOP *** [Qh 2d Qs]
Dorex2007: checks 
SeregKAKK: bets $0.07
Dorex2007: calls $0.07
*** TURN *** [Qh 2d Qs] [8d]
Dorex2007: checks 
SeregKAKK: bets $0.14
Dorex2007: calls $0.14
*** RIVER *** [Qh 2d Qs 8d] [6c]
Dorex2007: bets $0.10
SeregKAKK: calls $0.10
*** SHOW DOWN ***
Dorex2007: shows [Jc Ah] (a pair of Queens)
SeregKAKK: shows [Th Ts] (two pair, Queens and Tens)
SeregKAKK collected $0.74 from pot
*** SUMMARY ***
Total pot $0.77 | Rake $0.03 
Board [Qh 2d Qs 8d 6c]
Seat 1: Jimshamar folded before Flop (didn't bet)
Seat 2: trinche12 folded before Flop (didn't bet)
Seat 3: SeregKAKK showed [Th Ts] and won ($0.74) with two pair, Queens and Tens
Seat 4: DukeAcc32310 (button) folded before Flop (didn't bet)
Seat 5: IVANIVONZ (small blind) folded before Flop
Seat 6: Pepono101 (big blind) folded before Flop
Seat 7: hellov500 folded before Flop (didn't bet)
Seat 8: xFinnleyFx folded before Flop (didn't bet)
Seat 9: Dorex2007 showed [Jc Ah] and lost with a pair of Queens



PokerStars Hand #225095615425:  Hold'em No Limit ($0.01/$0.02 USD) - 2021/03/22 19:44:31 PT [2021/03/22 22:44:31 ET]
Table 'Itzigsohn IV' 9-max Seat #5 is the button
Seat 1: Jimshamar ($1.99 in chips) 
Seat 2: trinche12 ($2.11 in chips) 
Seat 3: SeregKAKK ($2.47 in chips) 
Seat 4: DukeAcc32310 ($1.80 in chips) 
Seat 5: IVANIVONZ ($2 in chips) 
Seat 6: Pepono101 ($3.09 in chips) 
Seat 7: hellov500 ($1.27 in chips) 
Seat 8: xFinnleyFx ($2.47 in chips) 
Seat 9: Dorex2007 ($3.01 in chips) 
Pepono101: posts small blind $0.01
hellov500: posts big blind $0.02
*** HOLE CARDS ***
Dealt to Dorex2007 [7h Js]
xFinnleyFx: folds 
Dorex2007: folds 
Jimshamar: folds 
trinche12: folds 
SeregKAKK: folds 
SeregKAKK leaves the table
DukeAcc32310: folds 
IVANIVONZ: raises $0.04 to $0.06
Pepono101: folds 
hellov500: folds 
Uncalled bet ($0.04) returned to IVANIVONZ
IVANIVONZ collected $0.05 from pot
IVANIVONZ: doesn't show hand 
*** SUMMARY ***
Total pot $0.05 | Rake $0 
Seat 1: Jimshamar folded before Flop (didn't bet)
Seat 2: trinche12 folded before Flop (didn't bet)
Seat 3: SeregKAKK folded before Flop (didn't bet)
Seat 4: DukeAcc32310 folded before Flop (didn't bet)
Seat 5: IVANIVONZ (button) collected ($0.05)
Seat 6: Pepono101 (small blind) folded before Flop
Seat 7: hellov500 (big blind) folded before Flop
Seat 8: xFinnleyFx folded before Flop (didn't bet)
Seat 9: Dorex2007 folded before Flop (didn't bet)



PokerStars Hand #225095621478:  Hold'em No Limit ($0.01/$0.02 USD) - 2021/03/22 19:44:55 PT [2021/03/22 22:44:55 ET]
Table 'Itzigsohn IV' 9-max Seat #6 is the button
Seat 1: Jimshamar ($1.99 in chips) 
Seat 2: trinche12 ($2.11 in chips) 
Seat 4: DukeAcc32310 ($1.80 in chips) 
Seat 5: IVANIVONZ ($2.03 in chips) 
Seat 6: Pepono101 ($3.08 in chips) 
Seat 7: hellov500 ($1.25 in chips) 
Seat 8: xFinnleyFx ($2.47 in chips) 
Seat 9: Dorex2007 ($3.01 in chips) 
hellov500: posts small blind $0.01
xFinnleyFx: posts big blind $0.02
*** HOLE CARDS ***
Dealt to Dorex2007 [Jh 6d]
Flipsyde101 joins the table at seat #3 
Dorex2007: folds 
Jimshamar: folds 
trinche12: folds 
DukeAcc32310: raises $0.05 to $0.07
IVANIVONZ: folds 
Pepono101: folds 
hellov500: calls $0.06
xFinnleyFx: folds 
*** FLOP *** [2d 6s 9h]
hellov500: checks 
DukeAcc32310: bets $0.06
hellov500: calls $0.06
*** TURN *** [2d 6s 9h] [3s]
hellov500: checks 
DukeAcc32310: bets $0.16
hellov500: folds 
Uncalled bet ($0.16) returned to DukeAcc32310
DukeAcc32310 collected $0.27 from pot
DukeAcc32310: doesn't show hand 
*** SUMMARY ***
Total pot $0.28 | Rake $0.01 
Board [2d 6s 9h 3s]
Seat 1: Jimshamar folded before Flop (didn't bet)
Seat 2: trinche12 folded before Flop (didn't bet)
Seat 4: DukeAcc32310 collected ($0.27)
Seat 5: IVANIVONZ folded before Flop (didn't bet)
Seat 6: Pepono101 (button) folded before Flop (didn't bet)
Seat 7: hellov500 (small blind) folded on the Turn
Seat 8: xFinnleyFx (big blind) folded before Flop
Seat 9: Dorex2007 folded before Flop (didn't bet)



PokerStars Hand #225095635778:  Hold'em No Limit ($0.01/$0.02 USD) - 2021/03/22 19:45:52 PT [2021/03/22 22:45:52 ET]
Table 'Itzigsohn IV' 9-max Seat #7 is the button
Seat 1: Jimshamar ($1.99 in chips) 
Seat 2: trinche12 ($2.11 in chips) 
Seat 4: DukeAcc32310 ($1.94 in chips) 
Seat 5: IVANIVONZ ($2.03 in chips) 
Seat 6: Pepono101 ($3.08 in chips) 
Seat 7: hellov500 ($1.12 in chips) 
Seat 8: xFinnleyFx ($2.45 in chips) 
Seat 9: Dorex2007 ($3.01 in chips) 
xFinnleyFx: posts small blind $0.01
Dorex2007: posts big blind $0.02
Flipsyde101: sits out 
*** HOLE CARDS ***
Dealt to Dorex2007 [4s Qc]
Jimshamar: folds 
trinche12: folds 
DukeAcc32310: raises $0.03 to $0.05
IVANIVONZ: folds 
Pepono101: folds 
hellov500: folds 
xFinnleyFx: folds 
Dorex2007: folds 
Uncalled bet ($0.03) returned to DukeAcc32310
DukeAcc32310 collected $0.05 from pot
DukeAcc32310: doesn't show hand 
*** SUMMARY ***
Total pot $0.05 | Rake $0 
Seat 1: Jimshamar folded before Flop (didn't bet)
Seat 2: trinche12 folded before Flop (didn't bet)
Seat 4: DukeAcc32310 collected ($0.05)
Seat 5: IVANIVONZ folded before Flop (didn't bet)
Seat 6: Pepono101 folded before Flop (didn't bet)
Seat 7: hellov500 (button) folded before Flop (didn't bet)
Seat 8: xFinnleyFx (small blind) folded before Flop
Seat 9: Dorex2007 (big blind) folded before Flop



PokerStars Hand #225095643032:  Hold'em No Limit ($0.01/$0.02 USD) - 2021/03/22 19:46:22 PT [2021/03/22 22:46:22 ET]
Table 'Itzigsohn IV' 9-max Seat #8 is the button
Seat 1: Jimshamar ($1.99 in chips) 
Seat 2: trinche12 ($2.11 in chips) 
Seat 4: DukeAcc32310 ($1.97 in chips) 
Seat 5: IVANIVONZ ($2.03 in chips) 
Seat 6: Pepono101 ($3.08 in chips) 
Seat 7: hellov500 ($1.12 in chips) 
Seat 8: xFinnleyFx ($2.44 in chips) 
Seat 9: Dorex2007 ($2.99 in chips) 
Dorex2007: posts small blind $0.01
Jimshamar: posts big blind $0.02
Flipsyde101: sits out 
*** HOLE CARDS ***
Dealt to Dorex2007 [3s 5d]
trinche12: folds 
DukeAcc32310: folds 
IVANIVONZ: raises $0.03 to $0.05
Pepono101: folds 
hellov500: raises $0.13 to $0.18
xFinnleyFx: folds 
Dorex2007: folds 
Jimshamar: folds 
IVANIVONZ: folds 
Uncalled bet ($0.13) returned to hellov500
hellov500 collected $0.13 from pot
hellov500: doesn't show hand 
*** SUMMARY ***
Total pot $0.13 | Rake $0 
Seat 1: Jimshamar (big blind) folded before Flop
Seat 2: trinche12 folded before Flop (didn't bet)
Seat 4: DukeAcc32310 folded before Flop (didn't bet)
Seat 5: IVANIVONZ folded before Flop
Seat 6: Pepono101 folded before Flop (didn't bet)
Seat 7: hellov500 collected ($0.13)
Seat 8: xFinnleyFx (button) folded before Flop (didn't bet)
Seat 9: Dorex2007 (small blind) folded before Flop



PokerStars Hand #225095650528:  Hold'em No Limit ($0.01/$0.02 USD) - 2021/03/22 19:46:52 PT [2021/03/22 22:46:52 ET]
Table 'Itzigsohn IV' 9-max Seat #9 is the button
Seat 1: Jimshamar ($1.97 in chips) 
Seat 2: trinche12 ($2.11 in chips) 
Seat 4: DukeAcc32310 ($1.97 in chips) 
Seat 5: IVANIVONZ ($1.98 in chips) 
Seat 6: Pepono101 ($3.08 in chips) 
Seat 7: hellov500 ($1.20 in chips) 
Seat 8: xFinnleyFx ($2.44 in chips) 
Seat 9: Dorex2007 ($2.98 in chips) 
Jimshamar: posts small blind $0.01
trinche12: posts big blind $0.02
Flipsyde101: sits out 
*** HOLE CARDS ***
Dealt to Dorex2007 [2c 3d]
DukeAcc32310: folds 
IVANIVONZ: raises $0.04 to $0.06
Pepono101: folds 
hellov500: calls $0.06
xFinnleyFx: folds 
Dorex2007: folds 
Jimshamar: folds 
trinche12: folds 
*** FLOP *** [Jc 4c Ac]
IVANIVONZ: bets $0.07
hellov500: folds 
Uncalled bet ($0.07) returned to IVANIVONZ
IVANIVONZ collected $0.14 from pot
IVANIVONZ: doesn't show hand 
*** SUMMARY ***
Total pot $0.15 | Rake $0.01 
Board [Jc 4c Ac]
Seat 1: Jimshamar (small blind) folded before Flop
Seat 2: trinche12 (big blind) folded before Flop
Seat 4: DukeAcc32310 folded before Flop (didn't bet)
Seat 5: IVANIVONZ collected ($0.14)
Seat 6: Pepono101 folded before Flop (didn't bet)
Seat 7: hellov500 folded on the Flop
Seat 8: xFinnleyFx folded before Flop (didn't bet)
Seat 9: Dorex2007 (button) folded before Flop (didn't bet)



PokerStars Hand #225095658924:  Hold'em No Limit ($0.01/$0.02 USD) - 2021/03/22 19:47:26 PT [2021/03/22 22:47:26 ET]
Table 'Itzigsohn IV' 9-max Seat #1 is the button
Seat 1: Jimshamar ($1.96 in chips) 
Seat 2: trinche12 ($2.09 in chips) 
Seat 3: Flipsyde101 ($2 in chips) 
Seat 4: DukeAcc32310 ($1.97 in chips) 
Seat 5: IVANIVONZ ($2.06 in chips) 
Seat 6: Pepono101 ($3.08 in chips) 
Seat 7: hellov500 ($1.14 in chips) 
Seat 8: xFinnleyFx ($2.44 in chips) 
Seat 9: Dorex2007 ($2.98 in chips) 
trinche12: posts small blind $0.01
Flipsyde101: posts big blind $0.02
*** HOLE CARDS ***
Dealt to Dorex2007 [Th Ah]
DukeAcc32310: folds 
IVANIVONZ: raises $0.04 to $0.06
Pepono101: folds 
hellov500: folds 
xFinnleyFx: folds 
Dorex2007: calls $0.06
Jimshamar: folds 
trinche12: folds 
Flipsyde101: folds 
*** FLOP *** [5c 8s 3d]
IVANIVONZ: bets $0.07
Dorex2007: calls $0.07
*** TURN *** [5c 8s 3d] [Qc]
IVANIVONZ: bets $0.14
Dorex2007: folds 
Uncalled bet ($0.14) returned to IVANIVONZ
IVANIVONZ collected $0.28 from pot
IVANIVONZ: doesn't show hand 
*** SUMMARY ***
Total pot $0.29 | Rake $0.01 
Board [5c 8s 3d Qc]
Seat 1: Jimshamar (button) folded before Flop (didn't bet)
Seat 2: trinche12 (small blind) folded before Flop
Seat 3: Flipsyde101 (big blind) folded before Flop
Seat 4: DukeAcc32310 folded before Flop (didn't bet)
Seat 5: IVANIVONZ collected ($0.28)
Seat 6: Pepono101 folded before Flop (didn't bet)
Seat 7: hellov500 folded before Flop (didn't bet)
Seat 8: xFinnleyFx folded before Flop (didn't bet)
Seat 9: Dorex2007 folded on the Turn



PokerStars Hand #225095674002:  Hold'em No Limit ($0.01/$0.02 USD) - 2021/03/22 19:48:28 PT [2021/03/22 22:48:28 ET]
Table 'Itzigsohn IV' 9-max Seat #2 is the button
Seat 1: Jimshamar ($1.96 in chips) 
Seat 2: trinche12 ($2.08 in chips) 
Seat 3: Flipsyde101 ($1.98 in chips) 
Seat 4: DukeAcc32310 ($1.97 in chips) 
Seat 5: IVANIVONZ ($2.21 in chips) 
Seat 6: Pepono101 ($3.08 in chips) 
Seat 7: hellov500 ($1.14 in chips) 
Seat 8: xFinnleyFx ($2.44 in chips) 
Seat 9: Dorex2007 ($2.85 in chips) 
Flipsyde101: posts small blind $0.01
DukeAcc32310: posts big blind $0.02
*** HOLE CARDS ***
Dealt to Dorex2007 [Ts Ks]
IVANIVONZ: folds 
Pepono101 has timed out
Pepono101: folds 
hellov500: folds 
xFinnleyFx: raises $0.02 to $0.04
Dorex2007: calls $0.04
Jimshamar: folds 
trinche12: folds 
Flipsyde101: folds 
DukeAcc32310: calls $0.02
*** FLOP *** [7h Th Tc]
DukeAcc32310: checks 
xFinnleyFx: checks 
Dorex2007: checks 
*** TURN *** [7h Th Tc] [4h]
DukeAcc32310: checks 
xFinnleyFx: checks 
Dorex2007: checks 
*** RIVER *** [7h Th Tc 4h] [Jh]
DukeAcc32310: bets $0.14
xFinnleyFx: folds 
Dorex2007: folds 
Uncalled bet ($0.14) returned to DukeAcc32310
DukeAcc32310 collected $0.13 from pot
DukeAcc32310: doesn't show hand 
*** SUMMARY ***
Total pot $0.13 | Rake $0 
Board [7h Th Tc 4h Jh]
Seat 1: Jimshamar folded before Flop (didn't bet)
Seat 2: trinche12 (button) folded before Flop (didn't bet)
Seat 3: Flipsyde101 (small blind) folded before Flop
Seat 4: DukeAcc32310 (big blind) collected ($0.13)
Seat 5: IVANIVONZ folded before Flop (didn't bet)
Seat 6: Pepono101 folded before Flop (didn't bet)
Seat 7: hellov500 folded before Flop (didn't bet)
Seat 8: xFinnleyFx folded on the River
Seat 9: Dorex2007 folded on the River



PokerStars Hand #225095689225:  Hold'em No Limit ($0.01/$0.02 USD) - 2021/03/22 19:49:31 PT [2021/03/22 22:49:31 ET]
Table 'Itzigsohn IV' 9-max Seat #3 is the button
Seat 1: Jimshamar ($1.96 in chips) 
Seat 2: trinche12 ($2.08 in chips) 
Seat 3: Flipsyde101 ($1.97 in chips) 
Seat 4: DukeAcc32310 ($2.06 in chips) 
Seat 5: IVANIVONZ ($2.21 in chips) 
Seat 6: Pepono101 ($3.08 in chips) 
Seat 7: hellov500 ($1.14 in chips) 
Seat 8: xFinnleyFx ($2.40 in chips) 
Seat 9: Dorex2007 ($2.81 in chips) 
DukeAcc32310: posts small blind $0.01
IVANIVONZ: posts big blind $0.02
*** HOLE CARDS ***
Dealt to Dorex2007 [2c 2h]
Pepono101: folds 
hellov500: folds 
xFinnleyFx: raises $0.02 to $0.04
Dorex2007: folds 
Jimshamar: folds 
trinche12: folds 
Flipsyde101: calls $0.04
DukeAcc32310: folds 
IVANIVONZ: calls $0.02
*** FLOP *** [Kc 5d Th]
IVANIVONZ: checks 
xFinnleyFx: checks 
Flipsyde101: bets $0.06
IVANIVONZ: calls $0.06
xFinnleyFx: folds 
*** TURN *** [Kc 5d Th] [6d]
IVANIVONZ: checks 
Flipsyde101: bets $0.18
IVANIVONZ: folds 
Uncalled bet ($0.18) returned to Flipsyde101
Flipsyde101 collected $0.24 from pot
Flipsyde101: doesn't show hand 
*** SUMMARY ***
Total pot $0.25 | Rake $0.01 
Board [Kc 5d Th 6d]
Seat 1: Jimshamar folded before Flop (didn't bet)
Seat 2: trinche12 folded before Flop (didn't bet)
Seat 3: Flipsyde101 (button) collected ($0.24)
Seat 4: DukeAcc32310 (small blind) folded before Flop
Seat 5: IVANIVONZ (big blind) folded on the Turn
Seat 6: Pepono101 folded before Flop (didn't bet)
Seat 7: hellov500 folded before Flop (didn't bet)
Seat 8: xFinnleyFx folded on the Flop
Seat 9: Dorex2007 folded before Flop (didn't bet)



PokerStars Hand #225095710857:  Hold'em No Limit ($0.01/$0.02 USD) - 2021/03/22 19:50:37 PT [2021/03/22 22:50:37 ET]
Table 'Itzigsohn IV' 9-max Seat #4 is the button
Seat 1: Jimshamar ($1.96 in chips) 
Seat 2: trinche12 ($2.08 in chips) 
Seat 3: Flipsyde101 ($2.11 in chips) 
Seat 4: DukeAcc32310 ($2.05 in chips) 
Seat 5: IVANIVONZ ($2.11 in chips) 
Seat 6: Pepono101 ($3.08 in chips) 
Seat 7: hellov500 ($1.14 in chips) 
Seat 8: xFinnleyFx ($2.36 in chips) 
Seat 9: Dorex2007 ($2.81 in chips) 
IVANIVONZ: posts small blind $0.01
Pepono101: posts big blind $0.02
*** HOLE CARDS ***
Dealt to Dorex2007 [Ts Kh]
hellov500: folds 
xFinnleyFx: folds 
Dorex2007: folds 
Jimshamar: folds 
trinche12: folds 
Flipsyde101: folds 
xFinnleyFx leaves the table
DukeAcc32310: folds 
IVANIVONZ: raises $0.04 to $0.06
Pepono101: folds 
Uncalled bet ($0.04) returned to IVANIVONZ
IVANIVONZ collected $0.04 from pot
IVANIVONZ: doesn't show hand 
*** SUMMARY ***
Total pot $0.04 | Rake $0 
Seat 1: Jimshamar folded before Flop (didn't bet)
Seat 2: trinche12 folded before Flop (didn't bet)
Seat 3: Flipsyde101 folded before Flop (didn't bet)
Seat 4: DukeAcc32310 (button) folded before Flop (didn't bet)
Seat 5: IVANIVONZ (small blind) collected ($0.04)
Seat 6: Pepono101 (big blind) folded before Flop
Seat 7: hellov500 folded before Flop (didn't bet)
Seat 8: xFinnleyFx folded before Flop (didn't bet)
Seat 9: Dorex2007 folded before Flop (didn't bet)



PokerStars Hand #225095718159:  Hold'em No Limit ($0.01/$0.02 USD) - 2021/03/22 19:51:07 PT [2021/03/22 22:51:07 ET]
Table 'Itzigsohn IV' 9-max Seat #5 is the button
Seat 1: Jimshamar ($1.96 in chips) 
Seat 2: trinche12 ($2.08 in chips) 
Seat 3: Flipsyde101 ($2.11 in chips) 
Seat 4: DukeAcc32310 ($2.05 in chips) 
Seat 5: IVANIVONZ ($2.13 in chips) 
Seat 6: Pepono101 ($3.06 in chips) 
Seat 7: hellov500 ($1.14 in chips) 
Seat 9: Dorex2007 ($2.81 in chips) 
Pepono101: posts small blind $0.01
hellov500: posts big blind $0.02
*** HOLE CARDS ***
Dealt to Dorex2007 [7s 3s]
Dorex2007: folds 
Jimshamar: folds 
trinche12: folds 
Flipsyde101: folds 
DukeAcc32310: raises $0.02 to $0.04
IVANIVONZ: folds 
Pepono101: raises $0.06 to $0.10
hellov500: folds 
DukeAcc32310: calls $0.06
*** FLOP *** [2d 8h 7c]
Pepono101: bets $0.14
DukeAcc32310: folds 
Uncalled bet ($0.14) returned to Pepono101
Pepono101 collected $0.21 from pot
Pepono101: doesn't show hand 
*** SUMMARY ***
Total pot $0.22 | Rake $0.01 
Board [2d 8h 7c]
Seat 1: Jimshamar folded before Flop (didn't bet)
Seat 2: trinche12 folded before Flop (didn't bet)
Seat 3: Flipsyde101 folded before Flop (didn't bet)
Seat 4: DukeAcc32310 folded on the Flop
Seat 5: IVANIVONZ (button) folded before Flop (didn't bet)
Seat 6: Pepono101 (small blind) collected ($0.21)
Seat 7: hellov500 (big blind) folded before Flop
Seat 9: Dorex2007 folded before Flop (didn't bet)



PokerStars Hand #225095727278:  Hold'em No Limit ($0.01/$0.02 USD) - 2021/03/22 19:51:45 PT [2021/03/22 22:51:45 ET]
Table 'Itzigsohn IV' 9-max Seat #6 is the button
Seat 1: Jimshamar ($1.96 in chips) 
Seat 2: trinche12 ($2.08 in chips) 
Seat 3: Flipsyde101 ($2.11 in chips) 
Seat 4: DukeAcc32310 ($1.95 in chips) 
Seat 5: IVANIVONZ ($2.13 in chips) 
Seat 6: Pepono101 ($3.17 in chips) 
Seat 7: hellov500 ($1.12 in chips) 
Seat 9: Dorex2007 ($2.81 in chips) 
hellov500: posts small blind $0.01
Dorex2007: posts big blind $0.02
*** HOLE CARDS ***
Dealt to Dorex2007 [3d Tc]
Jimshamar: folds 
trinche12: folds 
Flipsyde101: calls $0.02
DukeAcc32310: folds 
IVANIVONZ: folds 
Pepono101: calls $0.02
hellov500: calls $0.01
Dorex2007: checks 
*** FLOP *** [Ks 2d Qc]
hellov500: checks 
Dorex2007: checks 
faisauld2612 joins the table at seat #8 
Flipsyde101: bets $0.08
Pepono101: folds 
hellov500: folds 
Dorex2007: folds 
Uncalled bet ($0.08) returned to Flipsyde101
Flipsyde101 collected $0.08 from pot
Flipsyde101: doesn't show hand 
*** SUMMARY ***
Total pot $0.08 | Rake $0 
Board [Ks 2d Qc]
Seat 1: Jimshamar folded before Flop (didn't bet)
Seat 2: trinche12 folded before Flop (didn't bet)
Seat 3: Flipsyde101 collected ($0.08)
Seat 4: DukeAcc32310 folded before Flop (didn't bet)
Seat 5: IVANIVONZ folded before Flop (didn't bet)
Seat 6: Pepono101 (button) folded on the Flop
Seat 7: hellov500 (small blind) folded on the Flop
Seat 9: Dorex2007 (big blind) folded on the Flop



PokerStars Hand #225095739386:  Hold'em No Limit ($0.01/$0.02 USD) - 2021/03/22 19:52:35 PT [2021/03/22 22:52:35 ET]
Table 'Itzigsohn IV' 9-max Seat #7 is the button
Seat 1: Jimshamar ($1.96 in chips) 
Seat 2: trinche12 ($2.08 in chips) 
Seat 3: Flipsyde101 ($2.17 in chips) 
Seat 4: DukeAcc32310 ($1.95 in chips) 
Seat 5: IVANIVONZ ($2.13 in chips) 
Seat 6: Pepono101 ($3.15 in chips) 
Seat 7: hellov500 ($1.10 in chips) 
Seat 9: Dorex2007 ($2.79 in chips) 
Dorex2007: posts small blind $0.01
Jimshamar: posts big blind $0.02
*** HOLE CARDS ***
Dealt to Dorex2007 [Jc 9s]
trinche12: folds 
Flipsyde101: folds 
DukeAcc32310: folds 
IVANIVONZ: folds 
Pepono101: folds 
hellov500: raises $0.05 to $0.07
Dorex2007: folds 
Jimshamar: folds 
Uncalled bet ($0.05) returned to hellov500
hellov500 collected $0.05 from pot
hellov500: doesn't show hand 
*** SUMMARY ***
Total pot $0.05 | Rake $0 
Seat 1: Jimshamar (big blind) folded before Flop
Seat 2: trinche12 folded before Flop (didn't bet)
Seat 3: Flipsyde101 folded before Flop (didn't bet)
Seat 4: DukeAcc32310 folded before Flop (didn't bet)
Seat 5: IVANIVONZ folded before Flop (didn't bet)
Seat 6: Pepono101 folded before Flop (didn't bet)
Seat 7: hellov500 (button) collected ($0.05)
Seat 9: Dorex2007 (small blind) folded before Flop



PokerStars Hand #225095746799:  Hold'em No Limit ($0.01/$0.02 USD) - 2021/03/22 19:53:06 PT [2021/03/22 22:53:06 ET]
Table 'Itzigsohn IV' 9-max Seat #9 is the button
Seat 1: Jimshamar ($1.94 in chips) 
Seat 2: trinche12 ($2.08 in chips) 
Seat 3: Flipsyde101 ($2.17 in chips) 
Seat 4: DukeAcc32310 ($1.95 in chips) 
Seat 5: IVANIVONZ ($2.13 in chips) 
Seat 6: Pepono101 ($3.15 in chips) 
Seat 7: hellov500 ($1.13 in chips) 
Seat 8: faisauld2612 ($1.60 in chips) 
Seat 9: Dorex2007 ($2.78 in chips) 
Jimshamar: posts small blind $0.01
trinche12: posts big blind $0.02
faisauld2612: posts big blind $0.02
*** HOLE CARDS ***
Dealt to Dorex2007 [Ad 2c]
Flipsyde101: folds 
DukeAcc32310: folds 
IVANIVONZ: folds 
Pepono101: folds 
hellov500: raises $0.07 to $0.09
faisauld2612: calls $0.07
Dorex2007: folds 
Jimshamar: folds 
trinche12: folds 
*** FLOP *** [2d Ah 3d]
hellov500: checks 
faisauld2612: checks 
*** TURN *** [2d Ah 3d] [Jc]
hellov500: checks 
faisauld2612: checks 
*** RIVER *** [2d Ah 3d Jc] [4d]
hellov500: checks 
faisauld2612: bets $0.10
hellov500: folds 
Uncalled bet ($0.10) returned to faisauld2612
faisauld2612 collected $0.20 from pot
*** SUMMARY ***
Total pot $0.21 | Rake $0.01 
Board [2d Ah 3d Jc 4d]
Seat 1: Jimshamar (small blind) folded before Flop
Seat 2: trinche12 (big blind) folded before Flop
Seat 3: Flipsyde101 folded before Flop (didn't bet)
Seat 4: DukeAcc32310 folded before Flop (didn't bet)
Seat 5: IVANIVONZ folded before Flop (didn't bet)
Seat 6: Pepono101 folded before Flop (didn't bet)
Seat 7: hellov500 folded on the River
Seat 8: faisauld2612 collected ($0.20)
Seat 9: Dorex2007 (button) folded before Flop (didn't bet)



PokerStars Hand #225095758003:  Hold'em No Limit ($0.01/$0.02 USD) - 2021/03/22 19:53:53 PT [2021/03/22 22:53:53 ET]
Table 'Itzigsohn IV' 9-max Seat #1 is the button
Seat 1: Jimshamar ($1.93 in chips) 
Seat 2: trinche12 ($2.06 in chips) 
Seat 3: Flipsyde101 ($2.17 in chips) 
Seat 4: DukeAcc32310 ($1.95 in chips) 
Seat 5: IVANIVONZ ($2.13 in chips) 
Seat 6: Pepono101 ($3.15 in chips) 
Seat 7: hellov500 ($1.04 in chips) 
Seat 8: faisauld2612 ($1.71 in chips) 
Seat 9: Dorex2007 ($2.78 in chips) 
trinche12: posts small blind $0.01
Flipsyde101: posts big blind $0.02
*** HOLE CARDS ***
Dealt to Dorex2007 [4h 3c]
DukeAcc32310: folds 
IVANIVONZ: folds 
Pepono101: folds 
hellov500: raises $0.04 to $0.06
faisauld2612: folds 
Dorex2007: folds 
Jimshamar: folds 
trinche12: folds 
Flipsyde101: calls $0.04
*** FLOP *** [5h 7h 4s]
Flipsyde101: checks 
hellov500: bets $0.02
Flipsyde101: calls $0.02
*** TURN *** [5h 7h 4s] [Qs]
Flipsyde101: checks 
hellov500: bets $0.02
Flipsyde101: calls $0.02
*** RIVER *** [5h 7h 4s Qs] [5c]
Flipsyde101: checks 
hellov500: bets $0.12
Flipsyde101: folds 
Uncalled bet ($0.12) returned to hellov500
hellov500 collected $0.20 from pot
hellov500: doesn't show hand 
*** SUMMARY ***
Total pot $0.21 | Rake $0.01 
Board [5h 7h 4s Qs 5c]
Seat 1: Jimshamar (button) folded before Flop (didn't bet)
Seat 2: trinche12 (small blind) folded before Flop
Seat 3: Flipsyde101 (big blind) folded on the River
Seat 4: DukeAcc32310 folded before Flop (didn't bet)
Seat 5: IVANIVONZ folded before Flop (didn't bet)
Seat 6: Pepono101 folded before Flop (didn't bet)
Seat 7: hellov500 collected ($0.20)
Seat 8: faisauld2612 folded before Flop (didn't bet)
Seat 9: Dorex2007 folded before Flop (didn't bet)



PokerStars Hand #225095777776:  Hold'em No Limit ($0.01/$0.02 USD) - 2021/03/22 19:55:16 PT [2021/03/22 22:55:16 ET]
Table 'Itzigsohn IV' 9-max Seat #2 is the button
Seat 1: Jimshamar ($1.93 in chips) 
Seat 2: trinche12 ($2.05 in chips) 
Seat 3: Flipsyde101 ($2.07 in chips) 
Seat 4: DukeAcc32310 ($1.95 in chips) 
Seat 5: IVANIVONZ ($2.13 in chips) 
Seat 6: Pepono101 ($3.15 in chips) 
Seat 7: hellov500 ($1.14 in chips) 
Seat 8: faisauld2612 ($1.71 in chips) 
Seat 9: Dorex2007 ($2.78 in chips) 
Flipsyde101: posts small blind $0.01
DukeAcc32310: posts big blind $0.02
*** HOLE CARDS ***
Dealt to Dorex2007 [3h 8s]
IVANIVONZ: folds 
Pepono101: folds 
hellov500: folds 
faisauld2612: folds 
Dorex2007: folds 
Jimshamar: folds 
trinche12: folds 
Flipsyde101: folds 
Uncalled bet ($0.01) returned to DukeAcc32310
DukeAcc32310 collected $0.02 from pot
DukeAcc32310: doesn't show hand 
*** SUMMARY ***
Total pot $0.02 | Rake $0 
Seat 1: Jimshamar folded before Flop (didn't bet)
Seat 2: trinche12 (button) folded before Flop (didn't bet)
Seat 3: Flipsyde101 (small blind) folded before Flop
Seat 4: DukeAcc32310 (big blind) collected ($0.02)
Seat 5: IVANIVONZ folded before Flop (didn't bet)
Seat 6: Pepono101 folded before Flop (didn't bet)
Seat 7: hellov500 folded before Flop (didn't bet)
Seat 8: faisauld2612 folded before Flop (didn't bet)
Seat 9: Dorex2007 folded before Flop (didn't bet)



PokerStars Hand #225095781377:  Hold'em No Limit ($0.01/$0.02 USD) - 2021/03/22 19:55:34 PT [2021/03/22 22:55:34 ET]
Table 'Itzigsohn IV' 9-max Seat #3 is the button
Seat 1: Jimshamar ($1.93 in chips) 
Seat 2: trinche12 ($2.05 in chips) 
Seat 3: Flipsyde101 ($2.06 in chips) 
Seat 4: DukeAcc32310 ($1.96 in chips) 
Seat 5: IVANIVONZ ($2.13 in chips) 
Seat 6: Pepono101 ($3.15 in chips) 
Seat 7: hellov500 ($1.14 in chips) 
Seat 8: faisauld2612 ($1.71 in chips) 
Seat 9: Dorex2007 ($2.78 in chips) 
DukeAcc32310: posts small blind $0.01
IVANIVONZ: posts big blind $0.02
*** HOLE CARDS ***
Dealt to Dorex2007 [Ah Qs]
Pepono101: folds 
hellov500: folds 
faisauld2612: calls $0.02
Dorex2007: calls $0.02
Jimshamar: folds 
trinche12: folds 
Flipsyde101: folds 
DukeAcc32310: calls $0.01
IVANIVONZ: checks 
*** FLOP *** [Ac 4s 5s]
DukeAcc32310: checks 
IVANIVONZ: bets $0.05
faisauld2612: folds 
Dorex2007: calls $0.05
DukeAcc32310: calls $0.05
*** TURN *** [Ac 4s 5s] [3c]
DukeAcc32310: checks 
IVANIVONZ: bets $0.15
Dorex2007: calls $0.15
DukeAcc32310: folds 
*** RIVER *** [Ac 4s 5s 3c] [8s]
IVANIVONZ: checks 
Dorex2007: checks 
*** SHOW DOWN ***
IVANIVONZ: shows [Ad 2c] (a straight, Ace to Five)
Dorex2007: mucks hand 
IVANIVONZ collected $0.51 from pot
*** SUMMARY ***
Total pot $0.53 | Rake $0.02 
Board [Ac 4s 5s 3c 8s]
Seat 1: Jimshamar folded before Flop (didn't bet)
Seat 2: trinche12 folded before Flop (didn't bet)
Seat 3: Flipsyde101 (button) folded before Flop (didn't bet)
Seat 4: DukeAcc32310 (small blind) folded on the Turn
Seat 5: IVANIVONZ (big blind) showed [Ad 2c] and won ($0.51) with a straight, Ace to Five
Seat 6: Pepono101 folded before Flop (didn't bet)
Seat 7: hellov500 folded before Flop (didn't bet)
Seat 8: faisauld2612 folded on the Flop
Seat 9: Dorex2007 mucked [Ah Qs]



PokerStars Hand #225095799835:  Hold'em No Limit ($0.01/$0.02 USD) - 2021/03/22 19:57:09 PT [2021/03/22 22:57:09 ET]
Table 'Itzigsohn IV' 9-max Seat #4 is the button
Seat 1: Jimshamar ($1.93 in chips) 
Seat 2: trinche12 ($2.05 in chips) 
Seat 3: Flipsyde101 ($2.06 in chips) 
Seat 4: DukeAcc32310 ($1.89 in chips) 
Seat 5: IVANIVONZ ($2.42 in chips) 
Seat 6: Pepono101 ($3.15 in chips) 
Seat 7: hellov500 ($1.14 in chips) 
Seat 8: faisauld2612 ($1.69 in chips) 
Seat 9: Dorex2007 ($2.56 in chips) 
IVANIVONZ: posts small blind $0.01
Pepono101: posts big blind $0.02
*** HOLE CARDS ***
Dealt to Dorex2007 [4d 8h]
hellov500: folds 
faisauld2612: folds 
Dorex2007: folds 
Jimshamar: folds 
trinche12: folds 
Flipsyde101: raises $0.04 to $0.06
DukeAcc32310: calls $0.06
IVANIVONZ: calls $0.05
Pepono101: folds 
*** FLOP *** [2d 7c 8s]
IVANIVONZ: checks 
Flipsyde101: bets $0.10
DukeAcc32310: folds 
IVANIVONZ: calls $0.10
*** TURN *** [2d 7c 8s] [Jd]
IVANIVONZ: bets $0.20
Flipsyde101: calls $0.20
*** RIVER *** [2d 7c 8s Jd] [6h]
IVANIVONZ: checks 
Flipsyde101: checks 
*** SHOW DOWN ***
IVANIVONZ: shows [Qh Ac] (high card Ace)
Flipsyde101: shows [Jc Qd] (a pair of Jacks)
Flipsyde101 collected $0.77 from pot
*** SUMMARY ***
Total pot $0.80 | Rake $0.03 
Board [2d 7c 8s Jd 6h]
Seat 1: Jimshamar folded before Flop (didn't bet)
Seat 2: trinche12 folded before Flop (didn't bet)
Seat 3: Flipsyde101 showed [Jc Qd] and won ($0.77) with a pair of Jacks
Seat 4: DukeAcc32310 (button) folded on the Flop
Seat 5: IVANIVONZ (small blind) showed [Qh Ac] and lost with high card Ace
Seat 6: Pepono101 (big blind) folded before Flop
Seat 7: hellov500 folded before Flop (didn't bet)
Seat 8: faisauld2612 folded before Flop (didn't bet)
Seat 9: Dorex2007 folded before Flop (didn't bet)



PokerStars Hand #225095817450:  Hold'em No Limit ($0.01/$0.02 USD) - 2021/03/22 19:58:38 PT [2021/03/22 22:58:38 ET]
Table 'Itzigsohn IV' 9-max Seat #5 is the button
Seat 1: Jimshamar ($1.93 in chips) 
Seat 2: trinche12 ($2.05 in chips) 
Seat 3: Flipsyde101 ($2.47 in chips) 
Seat 4: DukeAcc32310 ($1.83 in chips) 
Seat 5: IVANIVONZ ($2.06 in chips) 
Seat 6: Pepono101 ($3.13 in chips) 
Seat 7: hellov500 ($1.14 in chips) 
Seat 8: faisauld2612 ($1.69 in chips) 
Seat 9: Dorex2007 ($2.56 in chips) 
Pepono101: posts small blind $0.01
hellov500: posts big blind $0.02
*** HOLE CARDS ***
Dealt to Dorex2007 [Jh Qh]
faisauld2612: calls $0.02
Dorex2007: calls $0.02
Jimshamar: folds 
trinche12: folds 
Flipsyde101: folds 
DukeAcc32310: folds 
IVANIVONZ: raises $0.06 to $0.08
Pepono101: folds 
hellov500: raises $0.06 to $0.14
faisauld2612: calls $0.12
Dorex2007: folds 
IVANIVONZ: calls $0.06
*** FLOP *** [6c 2d Qd]
hellov500: bets $1 and is all-in
faisauld2612: raises $0.55 to $1.55 and is all-in
IVANIVONZ: folds 
Uncalled bet ($0.55) returned to faisauld2612
*** TURN *** [6c 2d Qd] [9s]
*** RIVER *** [6c 2d Qd 9s] [3c]
*** SHOW DOWN ***
hellov500: shows [Kc Ah] (high card Ace)
faisauld2612: shows [Js Qc] (a pair of Queens)
faisauld2612 collected $2.36 from pot
*** SUMMARY ***
Total pot $2.45 | Rake $0.09 
Board [6c 2d Qd 9s 3c]
Seat 1: Jimshamar folded before Flop (didn't bet)
Seat 2: trinche12 folded before Flop (didn't bet)
Seat 3: Flipsyde101 folded before Flop (didn't bet)
Seat 4: DukeAcc32310 folded before Flop (didn't bet)
Seat 5: IVANIVONZ (button) folded on the Flop
Seat 6: Pepono101 (small blind) folded before Flop
Seat 7: hellov500 (big blind) showed [Kc Ah] and lost with high card Ace
Seat 8: faisauld2612 showed [Js Qc] and won ($2.36) with a pair of Queens
Seat 9: Dorex2007 folded before Flop



PokerStars Hand #225095831321:  Hold'em No Limit ($0.01/$0.02 USD) - 2021/03/22 19:59:49 PT [2021/03/22 22:59:49 ET]
Table 'Itzigsohn IV' 9-max Seat #6 is the button
Seat 1: Jimshamar ($1.93 in chips) 
Seat 2: trinche12 ($2.05 in chips) 
Seat 3: Flipsyde101 ($2.47 in chips) 
Seat 5: IVANIVONZ ($1.92 in chips) 
Seat 6: Pepono101 ($3.12 in chips) 
Seat 8: faisauld2612 ($2.91 in chips) 
Seat 9: Dorex2007 ($2.54 in chips) 
faisauld2612: posts small blind $0.01
Dorex2007: posts big blind $0.02
*** HOLE CARDS ***
Dealt to Dorex2007 [4h 3d]
Jimshamar: folds 
trinche12: folds 
Flipsyde101: folds 
IVANIVONZ: raises $0.04 to $0.06
Pepono101 has timed out
Pepono101: folds 
faisauld2612: calls $0.05
Dorex2007: folds 
*** FLOP *** [As 2d Td]
faisauld2612: checks 
IVANIVONZ: bets $0.07
faisauld2612: folds 
Uncalled bet ($0.07) returned to IVANIVONZ
IVANIVONZ collected $0.14 from pot
IVANIVONZ: doesn't show hand 
*** SUMMARY ***
Total pot $0.14 | Rake $0 
Board [As 2d Td]
Seat 1: Jimshamar folded before Flop (didn't bet)
Seat 2: trinche12 folded before Flop (didn't bet)
Seat 3: Flipsyde101 folded before Flop (didn't bet)
Seat 5: IVANIVONZ collected ($0.14)
Seat 6: Pepono101 (button) folded before Flop (didn't bet)
Seat 8: faisauld2612 (small blind) folded on the Flop
Seat 9: Dorex2007 (big blind) folded before Flop



PokerStars Hand #225095843798:  Hold'em No Limit ($0.01/$0.02 USD) - 2021/03/22 20:00:29 PT [2021/03/22 23:00:29 ET]
Table 'Itzigsohn IV' 9-max Seat #8 is the button
Seat 1: Jimshamar ($1.93 in chips) 
Seat 2: trinche12 ($2.05 in chips) 
Seat 3: Flipsyde101 ($2.47 in chips) 
Seat 4: DukeAcc32310 ($1.83 in chips) 
Seat 5: IVANIVONZ ($2 in chips) 
Seat 6: Pepono101 ($3.12 in chips) 
Seat 7: hellov500 ($2 in chips) 
Seat 8: faisauld2612 ($2.85 in chips) 
Seat 9: Dorex2007 ($2.52 in chips) 
Dorex2007: posts small blind $0.01
Jimshamar: posts big blind $0.02
hellov500: posts small blind $0.01
*** HOLE CARDS ***
Dealt to Dorex2007 [2c 5c]
trinche12: folds 
Flipsyde101: folds 
DukeAcc32310: folds 
IVANIVONZ: folds 
Pepono101: folds 
hellov500: calls $0.02
faisauld2612: calls $0.02
Dorex2007: folds 
Jimshamar: checks 
*** FLOP *** [4h Kd Th]
Jimshamar: checks 
hellov500: bets $0.02
faisauld2612: calls $0.02
Jimshamar: folds 
*** TURN *** [4h Kd Th] [3d]
hellov500: bets $0.02
faisauld2612: calls $0.02
*** RIVER *** [4h Kd Th 3d] [Jd]
hellov500: bets $0.02
faisauld2612: calls $0.02
*** SHOW DOWN ***
hellov500: shows [Td 8c] (a pair of Tens)
faisauld2612: mucks hand 
hellov500 collected $0.19 from pot
*** SUMMARY ***
Total pot $0.20 | Rake $0.01 
Board [4h Kd Th 3d Jd]
Seat 1: Jimshamar (big blind) folded on the Flop
Seat 2: trinche12 folded before Flop (didn't bet)
Seat 3: Flipsyde101 folded before Flop (didn't bet)
Seat 4: DukeAcc32310 folded before Flop (didn't bet)
Seat 5: IVANIVONZ folded before Flop (didn't bet)
Seat 6: Pepono101 folded before Flop (didn't bet)
Seat 7: hellov500 showed [Td 8c] and won ($0.19) with a pair of Tens
Seat 8: faisauld2612 (button) mucked [9s 9d]
Seat 9: Dorex2007 (small blind) folded before Flop



PokerStars Hand #225095853281:  Hold'em No Limit ($0.01/$0.02 USD) - 2021/03/22 20:01:12 PT [2021/03/22 23:01:12 ET]
Table 'Itzigsohn IV' 9-max Seat #9 is the button
Seat 1: Jimshamar ($1.91 in chips) 
Seat 2: trinche12 ($2.05 in chips) 
Seat 3: Flipsyde101 ($2.47 in chips) 
Seat 4: DukeAcc32310 ($1.83 in chips) 
Seat 5: IVANIVONZ ($2 in chips) 
Seat 6: Pepono101 ($3.12 in chips) 
Seat 7: hellov500 ($2.10 in chips) 
Seat 8: faisauld2612 ($2.77 in chips) 
Seat 9: Dorex2007 ($2.51 in chips) 
Jimshamar: posts small blind $0.01
trinche12: posts big blind $0.02
*** HOLE CARDS ***
Dealt to Dorex2007 [Kh 7d]
Flipsyde101: folds 
DukeAcc32310: folds 
IVANIVONZ: folds 
Pepono101: folds 
hellov500: calls $0.02
faisauld2612: folds 
Dorex2007: folds 
Jimshamar: calls $0.01
trinche12: checks 
*** FLOP *** [4d 5h 6d]
Jimshamar: bets $0.03
trinche12: folds 
hellov500: folds 
Uncalled bet ($0.03) returned to Jimshamar
Jimshamar collected $0.06 from pot
Jimshamar: doesn't show hand 
*** SUMMARY ***
Total pot $0.06 | Rake $0 
Board [4d 5h 6d]
Seat 1: Jimshamar (small blind) collected ($0.06)
Seat 2: trinche12 (big blind) folded on the Flop
Seat 3: Flipsyde101 folded before Flop (didn't bet)
Seat 4: DukeAcc32310 folded before Flop (didn't bet)
Seat 5: IVANIVONZ folded before Flop (didn't bet)
Seat 6: Pepono101 folded before Flop (didn't bet)
Seat 7: hellov500 folded on the Flop
Seat 8: faisauld2612 folded before Flop (didn't bet)
Seat 9: Dorex2007 (button) folded before Flop (didn't bet)



PokerStars Hand #225095864949:  Hold'em No Limit ($0.01/$0.02 USD) - 2021/03/22 20:01:54 PT [2021/03/22 23:01:54 ET]
Table 'Itzigsohn IV' 9-max Seat #1 is the button
Seat 1: Jimshamar ($1.95 in chips) 
Seat 2: trinche12 ($2.03 in chips) 
Seat 3: Flipsyde101 ($2.47 in chips) 
Seat 4: DukeAcc32310 ($1.83 in chips) 
Seat 5: IVANIVONZ ($2 in chips) 
Seat 6: Pepono101 ($3.12 in chips) 
Seat 7: hellov500 ($2.08 in chips) 
Seat 8: faisauld2612 ($2.77 in chips) 
Seat 9: Dorex2007 ($2.51 in chips) 
trinche12: posts small blind $0.01
Flipsyde101: posts big blind $0.02
*** HOLE CARDS ***
Dealt to Dorex2007 [Qs 7c]
DukeAcc32310: folds 
IVANIVONZ: calls $0.02
Pepono101 has timed out
Pepono101: folds 
hellov500: raises $0.07 to $0.09
faisauld2612: folds 
Dorex2007: folds 
Jimshamar: folds 
trinche12: folds 
Flipsyde101: folds 
IVANIVONZ: folds 
Uncalled bet ($0.07) returned to hellov500
hellov500 collected $0.07 from pot
hellov500: doesn't show hand 
*** SUMMARY ***
Total pot $0.07 | Rake $0 
Seat 1: Jimshamar (button) folded before Flop (didn't bet)
Seat 2: trinche12 (small blind) folded before Flop
Seat 3: Flipsyde101 (big blind) folded before Flop
Seat 4: DukeAcc32310 folded before Flop (didn't bet)
Seat 5: IVANIVONZ folded before Flop
Seat 6: Pepono101 folded before Flop (didn't bet)
Seat 7: hellov500 collected ($0.07)
Seat 8: faisauld2612 folded before Flop (didn't bet)
Seat 9: Dorex2007 folded before Flop (didn't bet)



PokerStars Hand #225095874089:  Hold'em No Limit ($0.01/$0.02 USD) - 2021/03/22 20:02:34 PT [2021/03/22 23:02:34 ET]
Table 'Itzigsohn IV' 9-max Seat #2 is the button
Seat 1: Jimshamar ($1.95 in chips) 
Seat 2: trinche12 ($2.02 in chips) 
Seat 3: Flipsyde101 ($2.45 in chips) 
Seat 4: DukeAcc32310 ($1.83 in chips) 
Seat 5: IVANIVONZ ($1.98 in chips) 
Seat 6: Pepono101 ($3.12 in chips) 
Seat 7: hellov500 ($2.13 in chips) 
Seat 8: faisauld2612 ($2.77 in chips) 
Seat 9: Dorex2007 ($2.51 in chips) 
Flipsyde101: posts small blind $0.01
DukeAcc32310: posts big blind $0.02
*** HOLE CARDS ***
Dealt to Dorex2007 [8d Kh]
IVANIVONZ: folds 
Pepono101: folds 
hellov500: folds 
faisauld2612: calls $0.02
Dorex2007 has timed out
Dorex2007: folds 
Jimshamar: folds 
trinche12: folds 
Flipsyde101: folds 
DukeAcc32310: checks 
*** FLOP *** [Th 3c 7c]
DukeAcc32310: checks 
faisauld2612: bets $0.05
DukeAcc32310: folds 
Uncalled bet ($0.05) returned to faisauld2612
faisauld2612 collected $0.05 from pot
*** SUMMARY ***
Total pot $0.05 | Rake $0 
Board [Th 3c 7c]
Seat 1: Jimshamar folded before Flop (didn't bet)
Seat 2: trinche12 (button) folded before Flop (didn't bet)
Seat 3: Flipsyde101 (small blind) folded before Flop
Seat 4: DukeAcc32310 (big blind) folded on the Flop
Seat 5: IVANIVONZ folded before Flop (didn't bet)
Seat 6: Pepono101 folded before Flop (didn't bet)
Seat 7: hellov500 folded before Flop (didn't bet)
Seat 8: faisauld2612 collected ($0.05)
Seat 9: Dorex2007 folded before Flop (didn't bet)



