PokerStars Hand #225416515758:  Hold'em No Limit ($0.01/$0.02 USD) - 2021/04/02 1:25:59 PT [2021/04/02 4:25:59 ET]
Table 'Eurydome' 9-max Seat #4 is the button
Seat 1: shefa77 ($0.83 in chips) 
Seat 2: zuszek85 ($0.75 in chips) 
Seat 4: Realtor59 ($1.53 in chips) 
Seat 5: PaQeda ($1.91 in chips) 
Seat 6: Dorex2007 ($1.50 in chips) 
Seat 8: ZL2M973FQ ($2.17 in chips) 
Seat 9: XPEHTOMAT ($2.63 in chips) 
PaQeda: posts small blind $0.01
Dorex2007: posts big blind $0.02
*** HOLE CARDS ***
Dealt to Dorex2007 [Ad 8c]
ZL2M973FQ has timed out
ZL2M973FQ: folds 
XPEHTOMAT: raises $0.04 to $0.06
shefa77: folds 
zuszek85: folds 
Realtor59: folds 
PaQeda: folds 
Dorex2007: folds 
Uncalled bet ($0.04) returned to XPEHTOMAT
XPEHTOMAT collected $0.05 from pot
*** SUMMARY ***
Total pot $0.05 | Rake $0 
Seat 1: shefa77 folded before Flop (didn't bet)
Seat 2: zuszek85 folded before Flop (didn't bet)
Seat 4: Realtor59 (button) folded before Flop (didn't bet)
Seat 5: PaQeda (small blind) folded before Flop
Seat 6: Dorex2007 (big blind) folded before Flop
Seat 8: ZL2M973FQ folded before Flop (didn't bet)
Seat 9: XPEHTOMAT collected ($0.05)



PokerStars Hand #225416520583:  Hold'em No Limit ($0.01/$0.02 USD) - 2021/04/02 1:26:21 PT [2021/04/02 4:26:21 ET]
Table 'Eurydome' 9-max Seat #5 is the button
Seat 1: shefa77 ($0.83 in chips) 
Seat 2: zuszek85 ($0.75 in chips) 
Seat 4: Realtor59 ($1.53 in chips) 
Seat 5: PaQeda ($1.90 in chips) 
Seat 6: Dorex2007 ($1.48 in chips) 
Seat 9: XPEHTOMAT ($2.66 in chips) 
Dorex2007: posts small blind $0.01
XPEHTOMAT: posts big blind $0.02
*** HOLE CARDS ***
Dealt to Dorex2007 [Jh 7s]
shefa77: folds 
zuszek85: folds 
Realtor59: raises $0.03 to $0.05
PaQeda: folds 
Dorex2007: folds 
XPEHTOMAT: folds 
Uncalled bet ($0.03) returned to Realtor59
Realtor59 collected $0.05 from pot
Realtor59: doesn't show hand 
*** SUMMARY ***
Total pot $0.05 | Rake $0 
Seat 1: shefa77 folded before Flop (didn't bet)
Seat 2: zuszek85 folded before Flop (didn't bet)
Seat 4: Realtor59 collected ($0.05)
Seat 5: PaQeda (button) folded before Flop (didn't bet)
Seat 6: Dorex2007 (small blind) folded before Flop
Seat 9: XPEHTOMAT (big blind) folded before Flop



PokerStars Hand #225416527001:  Hold'em No Limit ($0.01/$0.02 USD) - 2021/04/02 1:26:50 PT [2021/04/02 4:26:50 ET]
Table 'Eurydome' 9-max Seat #6 is the button
Seat 1: shefa77 ($0.83 in chips) 
Seat 2: zuszek85 ($0.75 in chips) 
Seat 4: Realtor59 ($1.56 in chips) 
Seat 5: PaQeda ($1.90 in chips) 
Seat 6: Dorex2007 ($1.47 in chips) 
Seat 9: XPEHTOMAT ($2.64 in chips) 
XPEHTOMAT: posts small blind $0.01
shefa77: posts big blind $0.02
*** HOLE CARDS ***
Dealt to Dorex2007 [3s 3d]
zuszek85: calls $0.02
Realtor59: folds 
PaQeda: folds 
Dorex2007: calls $0.02
XPEHTOMAT: calls $0.01
shefa77: checks 
*** FLOP *** [8c 5h Td]
XPEHTOMAT: bets $0.06
shefa77: folds 
zuszek85: folds 
Dorex2007: folds 
Uncalled bet ($0.06) returned to XPEHTOMAT
XPEHTOMAT collected $0.08 from pot
*** SUMMARY ***
Total pot $0.08 | Rake $0 
Board [8c 5h Td]
Seat 1: shefa77 (big blind) folded on the Flop
Seat 2: zuszek85 folded on the Flop
Seat 4: Realtor59 folded before Flop (didn't bet)
Seat 5: PaQeda folded before Flop (didn't bet)
Seat 6: Dorex2007 (button) folded on the Flop
Seat 9: XPEHTOMAT (small blind) collected ($0.08)



PokerStars Hand #225416532988:  Hold'em No Limit ($0.01/$0.02 USD) - 2021/04/02 1:27:16 PT [2021/04/02 4:27:16 ET]
Table 'Eurydome' 9-max Seat #9 is the button
Seat 1: shefa77 ($0.81 in chips) 
Seat 2: zuszek85 ($0.73 in chips) 
Seat 4: Realtor59 ($1.56 in chips) 
Seat 5: PaQeda ($1.90 in chips) 
Seat 6: Dorex2007 ($1.45 in chips) 
Seat 7: mariomalaco ($0.31 in chips) 
Seat 9: XPEHTOMAT ($2.70 in chips) 
shefa77: posts small blind $0.01
zuszek85: posts big blind $0.02
mariomalaco: posts small & big blinds $0.03
ZL2M973FQ: sits out 
*** HOLE CARDS ***
Dealt to Dorex2007 [2d 3d]
Realtor59: folds 
PaQeda: folds 
Dorex2007: folds 
mariomalaco: checks 
XPEHTOMAT: folds 
shefa77: raises $0.04 to $0.06
zuszek85: calls $0.04
mariomalaco: folds 
*** FLOP *** [7d Ah Ac]
shefa77: bets $0.06
zuszek85: folds 
Uncalled bet ($0.06) returned to shefa77
shefa77 collected $0.14 from pot
shefa77: doesn't show hand 
*** SUMMARY ***
Total pot $0.15 | Rake $0.01 
Board [7d Ah Ac]
Seat 1: shefa77 (small blind) collected ($0.14)
Seat 2: zuszek85 (big blind) folded on the Flop
Seat 4: Realtor59 folded before Flop (didn't bet)
Seat 5: PaQeda folded before Flop (didn't bet)
Seat 6: Dorex2007 folded before Flop (didn't bet)
Seat 7: mariomalaco folded before Flop (didn't bet)
Seat 9: XPEHTOMAT (button) folded before Flop (didn't bet)



PokerStars Hand #225416541462:  Hold'em No Limit ($0.01/$0.02 USD) - 2021/04/02 1:27:54 PT [2021/04/02 4:27:54 ET]
Table 'Eurydome' 9-max Seat #1 is the button
Seat 1: shefa77 ($0.89 in chips) 
Seat 2: zuszek85 ($0.67 in chips) 
Seat 4: Realtor59 ($1.56 in chips) 
Seat 5: PaQeda ($1.90 in chips) 
Seat 6: Dorex2007 ($1.45 in chips) 
Seat 7: mariomalaco ($0.28 in chips) 
Seat 9: XPEHTOMAT ($2.70 in chips) 
zuszek85: posts small blind $0.01
Realtor59: posts big blind $0.02
ZL2M973FQ: sits out 
*** HOLE CARDS ***
Dealt to Dorex2007 [Tc 6d]
PaQeda: folds 
Dorex2007: folds 
mariomalaco: raises $0.06 to $0.08
XPEHTOMAT: folds 
shefa77: folds 
zuszek85: folds 
Realtor59: folds 
Uncalled bet ($0.06) returned to mariomalaco
mariomalaco collected $0.05 from pot
mariomalaco: doesn't show hand 
*** SUMMARY ***
Total pot $0.05 | Rake $0 
Seat 1: shefa77 (button) folded before Flop (didn't bet)
Seat 2: zuszek85 (small blind) folded before Flop
Seat 4: Realtor59 (big blind) folded before Flop
Seat 5: PaQeda folded before Flop (didn't bet)
Seat 6: Dorex2007 folded before Flop (didn't bet)
Seat 7: mariomalaco collected ($0.05)
Seat 9: XPEHTOMAT folded before Flop (didn't bet)



PokerStars Hand #225416545359:  Hold'em No Limit ($0.01/$0.02 USD) - 2021/04/02 1:28:12 PT [2021/04/02 4:28:12 ET]
Table 'Eurydome' 9-max Seat #2 is the button
Seat 1: shefa77 ($0.89 in chips) 
Seat 2: zuszek85 ($0.66 in chips) 
Seat 4: Realtor59 ($1.54 in chips) 
Seat 5: PaQeda ($1.90 in chips) 
Seat 6: Dorex2007 ($1.45 in chips) 
Seat 7: mariomalaco ($0.31 in chips) 
Seat 9: XPEHTOMAT ($2.70 in chips) 
Realtor59: posts small blind $0.01
PaQeda: posts big blind $0.02
ZL2M973FQ: sits out 
*** HOLE CARDS ***
Dealt to Dorex2007 [9h 2c]
Dorex2007: folds 
mariomalaco: calls $0.02
XPEHTOMAT: folds 
shefa77: folds 
zuszek85: folds 
Realtor59: raises $0.05 to $0.07
PaQeda: calls $0.05
mariomalaco: calls $0.05
*** FLOP *** [Th 5d Qs]
Realtor59: bets $0.20
PaQeda: folds 
mariomalaco: calls $0.20
*** TURN *** [Th 5d Qs] [Ts]
Realtor59: bets $0.06
mariomalaco: calls $0.04 and is all-in
Uncalled bet ($0.02) returned to Realtor59
*** RIVER *** [Th 5d Qs Ts] [6c]
*** SHOW DOWN ***
Realtor59: shows [Qh Ac] (two pair, Queens and Tens)
mariomalaco: shows [Ks Jc] (a pair of Tens)
Realtor59 cashed out the hand for $0.51 | Cash Out Fee $0.01
*** SUMMARY ***
Total pot $0.69 | Rake $0.02 
Board [Th 5d Qs Ts 6c]
Seat 1: shefa77 folded before Flop (didn't bet)
Seat 2: zuszek85 (button) folded before Flop (didn't bet)
Seat 4: Realtor59 (small blind) showed [Qh Ac] and won ($0.67) with two pair, Queens and Tens (pot not awarded as player cashed out)
Seat 5: PaQeda (big blind) folded on the Flop
Seat 6: Dorex2007 folded before Flop (didn't bet)
Seat 7: mariomalaco showed [Ks Jc] and lost with a pair of Tens
Seat 9: XPEHTOMAT folded before Flop (didn't bet)



PokerStars Hand #225416558588:  Hold'em No Limit ($0.01/$0.02 USD) - 2021/04/02 1:29:11 PT [2021/04/02 4:29:11 ET]
Table 'Eurydome' 9-max Seat #4 is the button
Seat 1: shefa77 ($0.89 in chips) 
Seat 2: zuszek85 ($0.66 in chips) 
Seat 4: Realtor59 ($1.74 in chips) 
Seat 5: PaQeda ($1.83 in chips) 
Seat 6: Dorex2007 ($1.45 in chips) 
Seat 9: XPEHTOMAT ($2.70 in chips) 
PaQeda: posts small blind $0.01
Dorex2007: posts big blind $0.02
ZL2M973FQ: sits out 
*** HOLE CARDS ***
Dealt to Dorex2007 [9d 3s]
XPEHTOMAT: folds 
shefa77: folds 
zuszek85: folds 
Realtor59: folds 
mariomalaco leaves the table
PaQeda: raises $0.04 to $0.06
Dorex2007: folds 
Uncalled bet ($0.04) returned to PaQeda
PaQeda collected $0.04 from pot
PaQeda: doesn't show hand 
*** SUMMARY ***
Total pot $0.04 | Rake $0 
Seat 1: shefa77 folded before Flop (didn't bet)
Seat 2: zuszek85 folded before Flop (didn't bet)
Seat 4: Realtor59 (button) folded before Flop (didn't bet)
Seat 5: PaQeda (small blind) collected ($0.04)
Seat 6: Dorex2007 (big blind) folded before Flop
Seat 9: XPEHTOMAT folded before Flop (didn't bet)



PokerStars Hand #225416563435:  Hold'em No Limit ($0.01/$0.02 USD) - 2021/04/02 1:29:33 PT [2021/04/02 4:29:33 ET]
Table 'Eurydome' 9-max Seat #5 is the button
Seat 1: shefa77 ($0.89 in chips) 
Seat 2: zuszek85 ($0.66 in chips) 
Seat 4: Realtor59 ($1.74 in chips) 
Seat 5: PaQeda ($1.85 in chips) 
Seat 6: Dorex2007 ($1.43 in chips) 
Seat 8: ZL2M973FQ ($2.17 in chips) 
Seat 9: XPEHTOMAT ($2.70 in chips) 
Dorex2007: posts small blind $0.01
ZL2M973FQ: posts big blind $0.02
*** HOLE CARDS ***
Dealt to Dorex2007 [3c 3h]
XPEHTOMAT: folds 
shefa77: folds 
zuszek85: folds 
Realtor59: raises $0.02 to $0.04
PaQeda: folds 
Urasik1979 joins the table at seat #7 
Dorex2007: calls $0.03
ZL2M973FQ: calls $0.02
*** FLOP *** [4h 6h 6c]
Dorex2007: checks 
ZL2M973FQ: bets $0.06
Realtor59: calls $0.06
Dorex2007: folds 
*** TURN *** [4h 6h 6c] [6s]
ZL2M973FQ: bets $0.12
Realtor59: calls $0.12
*** RIVER *** [4h 6h 6c 6s] [Kc]
ZL2M973FQ: bets $0.14
Realtor59: calls $0.14
*** SHOW DOWN ***
ZL2M973FQ: shows [8s 8c] (a full house, Sixes full of Eights)
Realtor59: mucks hand 
ZL2M973FQ collected $0.73 from pot
*** SUMMARY ***
Total pot $0.76 | Rake $0.03 
Board [4h 6h 6c 6s Kc]
Seat 1: shefa77 folded before Flop (didn't bet)
Seat 2: zuszek85 folded before Flop (didn't bet)
Seat 4: Realtor59 mucked [7s 7h]
Seat 5: PaQeda (button) folded before Flop (didn't bet)
Seat 6: Dorex2007 (small blind) folded on the Flop
Seat 8: ZL2M973FQ (big blind) showed [8s 8c] and won ($0.73) with a full house, Sixes full of Eights
Seat 9: XPEHTOMAT folded before Flop (didn't bet)



PokerStars Hand #225416578079:  Hold'em No Limit ($0.01/$0.02 USD) - 2021/04/02 1:30:38 PT [2021/04/02 4:30:38 ET]
Table 'Eurydome' 9-max Seat #6 is the button
Seat 1: shefa77 ($0.89 in chips) 
Seat 2: zuszek85 ($0.66 in chips) 
Seat 4: Realtor59 ($1.38 in chips) 
Seat 5: PaQeda ($1.85 in chips) 
Seat 6: Dorex2007 ($1.39 in chips) 
Seat 8: ZL2M973FQ ($2.54 in chips) 
Seat 9: XPEHTOMAT ($2.70 in chips) 
ZL2M973FQ: posts small blind $0.01
XPEHTOMAT: posts big blind $0.02
*** HOLE CARDS ***
Dealt to Dorex2007 [6d As]
shefa77: folds 
zuszek85: calls $0.02
Realtor59: folds 
PaQeda: folds 
Dorex2007: folds 
ZL2M973FQ: calls $0.01
XPEHTOMAT: checks 
*** FLOP *** [Td 5c Th]
ZL2M973FQ: checks 
XPEHTOMAT: checks 
zuszek85: checks 
*** TURN *** [Td 5c Th] [4d]
ZL2M973FQ: checks 
XPEHTOMAT: bets $0.06
zuszek85: folds 
ZL2M973FQ: folds 
Uncalled bet ($0.06) returned to XPEHTOMAT
XPEHTOMAT collected $0.06 from pot
*** SUMMARY ***
Total pot $0.06 | Rake $0 
Board [Td 5c Th 4d]
Seat 1: shefa77 folded before Flop (didn't bet)
Seat 2: zuszek85 folded on the Turn
Seat 4: Realtor59 folded before Flop (didn't bet)
Seat 5: PaQeda folded before Flop (didn't bet)
Seat 6: Dorex2007 (button) folded before Flop (didn't bet)
Seat 8: ZL2M973FQ (small blind) folded on the Turn
Seat 9: XPEHTOMAT (big blind) collected ($0.06)



PokerStars Hand #225416586757:  Hold'em No Limit ($0.01/$0.02 USD) - 2021/04/02 1:31:18 PT [2021/04/02 4:31:18 ET]
Table 'Eurydome' 9-max Seat #8 is the button
Seat 1: shefa77 ($0.89 in chips) 
Seat 2: zuszek85 ($0.64 in chips) 
Seat 4: Realtor59 ($1.50 in chips) 
Seat 5: PaQeda ($1.85 in chips) 
Seat 6: Dorex2007 ($1.39 in chips) 
Seat 7: Urasik1979 ($0.80 in chips) 
Seat 8: ZL2M973FQ ($2.52 in chips) 
Seat 9: XPEHTOMAT ($2.74 in chips) 
XPEHTOMAT: posts small blind $0.01
shefa77: posts big blind $0.02
Urasik1979: posts big blind $0.02
*** HOLE CARDS ***
Dealt to Dorex2007 [Th 4h]
zuszek85: folds 
Realtor59: folds 
PaQeda: raises $0.04 to $0.06
Dorex2007: folds 
Urasik1979: calls $0.04
ZL2M973FQ: folds 
XPEHTOMAT: folds 
shefa77: folds 
*** FLOP *** [Ks 6s Ah]
PaQeda: bets $0.07
Urasik1979: folds 
Uncalled bet ($0.07) returned to PaQeda
PaQeda collected $0.14 from pot
PaQeda: doesn't show hand 
*** SUMMARY ***
Total pot $0.15 | Rake $0.01 
Board [Ks 6s Ah]
Seat 1: shefa77 (big blind) folded before Flop
Seat 2: zuszek85 folded before Flop (didn't bet)
Seat 4: Realtor59 folded before Flop (didn't bet)
Seat 5: PaQeda collected ($0.14)
Seat 6: Dorex2007 folded before Flop (didn't bet)
Seat 7: Urasik1979 folded on the Flop
Seat 8: ZL2M973FQ (button) folded before Flop (didn't bet)
Seat 9: XPEHTOMAT (small blind) folded before Flop



PokerStars Hand #225416595393:  Hold'em No Limit ($0.01/$0.02 USD) - 2021/04/02 1:31:56 PT [2021/04/02 4:31:56 ET]
Table 'Eurydome' 9-max Seat #9 is the button
Seat 1: shefa77 ($0.87 in chips) 
Seat 2: zuszek85 ($0.64 in chips) 
Seat 4: Realtor59 ($1.50 in chips) 
Seat 5: PaQeda ($1.93 in chips) 
Seat 6: Dorex2007 ($1.39 in chips) 
Seat 7: Urasik1979 ($0.74 in chips) 
Seat 8: ZL2M973FQ ($2.52 in chips) 
Seat 9: XPEHTOMAT ($2.73 in chips) 
shefa77: posts small blind $0.01
zuszek85: posts big blind $0.02
*** HOLE CARDS ***
Dealt to Dorex2007 [4c Qc]
Realtor59: folds 
PaQeda: folds 
Dorex2007: folds 
Urasik1979: folds 
ZL2M973FQ: folds 
XPEHTOMAT: folds 
shefa77: calls $0.01
zuszek85: checks 
*** FLOP *** [Ad 2c 8d]
shefa77: bets $0.02
zuszek85: calls $0.02
*** TURN *** [Ad 2c 8d] [Kh]
shefa77: bets $0.02
zuszek85: folds 
Uncalled bet ($0.02) returned to shefa77
shefa77 collected $0.08 from pot
shefa77: doesn't show hand 
*** SUMMARY ***
Total pot $0.08 | Rake $0 
Board [Ad 2c 8d Kh]
Seat 1: shefa77 (small blind) collected ($0.08)
Seat 2: zuszek85 (big blind) folded on the Turn
Seat 4: Realtor59 folded before Flop (didn't bet)
Seat 5: PaQeda folded before Flop (didn't bet)
Seat 6: Dorex2007 folded before Flop (didn't bet)
Seat 7: Urasik1979 folded before Flop (didn't bet)
Seat 8: ZL2M973FQ folded before Flop (didn't bet)
Seat 9: XPEHTOMAT (button) folded before Flop (didn't bet)



PokerStars Hand #225416602932:  Hold'em No Limit ($0.01/$0.02 USD) - 2021/04/02 1:32:30 PT [2021/04/02 4:32:30 ET]
Table 'Eurydome' 9-max Seat #1 is the button
Seat 1: shefa77 ($0.91 in chips) 
Seat 2: zuszek85 ($0.60 in chips) 
Seat 4: Realtor59 ($1.50 in chips) 
Seat 5: PaQeda ($1.93 in chips) 
Seat 6: Dorex2007 ($1.39 in chips) 
Seat 7: Urasik1979 ($0.74 in chips) 
Seat 8: ZL2M973FQ ($2.52 in chips) 
Seat 9: XPEHTOMAT ($2.73 in chips) 
zuszek85: posts small blind $0.01
Realtor59: posts big blind $0.02
*** HOLE CARDS ***
Dealt to Dorex2007 [8d Ah]
PaQeda: folds 
Dorex2007: folds 
Urasik1979: folds 
ZL2M973FQ: folds 
XPEHTOMAT: raises $0.04 to $0.06
shefa77: folds 
zuszek85: calls $0.05
Realtor59: calls $0.04
*** FLOP *** [5d 8s 5s]
zuszek85: checks 
Realtor59: bets $0.08
XPEHTOMAT: folds 
zuszek85: folds 
Uncalled bet ($0.08) returned to Realtor59
Realtor59 collected $0.17 from pot
maxim-ka4a leaves the table
Realtor59: doesn't show hand 
*** SUMMARY ***
Total pot $0.18 | Rake $0.01 
Board [5d 8s 5s]
Seat 1: shefa77 (button) folded before Flop (didn't bet)
Seat 2: zuszek85 (small blind) folded on the Flop
Seat 4: Realtor59 (big blind) collected ($0.17)
Seat 5: PaQeda folded before Flop (didn't bet)
Seat 6: Dorex2007 folded before Flop (didn't bet)
Seat 7: Urasik1979 folded before Flop (didn't bet)
Seat 8: ZL2M973FQ folded before Flop (didn't bet)
Seat 9: XPEHTOMAT folded on the Flop



PokerStars Hand #225416611363:  Hold'em No Limit ($0.01/$0.02 USD) - 2021/04/02 1:33:08 PT [2021/04/02 4:33:08 ET]
Table 'Eurydome' 9-max Seat #2 is the button
Seat 1: shefa77 ($0.91 in chips) 
Seat 2: zuszek85 ($0.54 in chips) 
Seat 4: Realtor59 ($1.61 in chips) 
Seat 5: PaQeda ($1.93 in chips) 
Seat 6: Dorex2007 ($1.39 in chips) 
Seat 7: Urasik1979 ($0.74 in chips) 
Seat 8: ZL2M973FQ ($2.52 in chips) 
Seat 9: XPEHTOMAT ($2.67 in chips) 
Realtor59: posts small blind $0.01
PaQeda: posts big blind $0.02
*** HOLE CARDS ***
Dealt to Dorex2007 [Qs 6c]
Dorex2007: folds 
Urasik1979: folds 
ZL2M973FQ: folds 
XPEHTOMAT: folds 
shefa77: folds 
zuszek85: folds 
Realtor59: folds 
Uncalled bet ($0.01) returned to PaQeda
PaQeda collected $0.02 from pot
PaQeda: doesn't show hand 
*** SUMMARY ***
Total pot $0.02 | Rake $0 
Seat 1: shefa77 folded before Flop (didn't bet)
Seat 2: zuszek85 (button) folded before Flop (didn't bet)
Seat 4: Realtor59 (small blind) folded before Flop
Seat 5: PaQeda (big blind) collected ($0.02)
Seat 6: Dorex2007 folded before Flop (didn't bet)
Seat 7: Urasik1979 folded before Flop (didn't bet)
Seat 8: ZL2M973FQ folded before Flop (didn't bet)
Seat 9: XPEHTOMAT folded before Flop (didn't bet)



PokerStars Hand #225416615415:  Hold'em No Limit ($0.01/$0.02 USD) - 2021/04/02 1:33:26 PT [2021/04/02 4:33:26 ET]
Table 'Eurydome' 9-max Seat #4 is the button
Seat 1: shefa77 ($0.91 in chips) 
Seat 2: zuszek85 ($0.54 in chips) 
Seat 4: Realtor59 ($1.60 in chips) 
Seat 5: PaQeda ($1.94 in chips) 
Seat 6: Dorex2007 ($1.39 in chips) 
Seat 7: Urasik1979 ($0.74 in chips) 
Seat 8: ZL2M973FQ ($2.52 in chips) 
Seat 9: XPEHTOMAT ($2.67 in chips) 
PaQeda: posts small blind $0.01
Dorex2007: posts big blind $0.02
*** HOLE CARDS ***
Dealt to Dorex2007 [Tc 4d]
Urasik1979: folds 
ZL2M973FQ: folds 
XPEHTOMAT: folds 
shefa77: folds 
zuszek85: folds 
Realtor59: folds 
PaQeda: folds 
Uncalled bet ($0.01) returned to Dorex2007
Dorex2007 collected $0.02 from pot
Dorex2007: doesn't show hand 
*** SUMMARY ***
Total pot $0.02 | Rake $0 
Seat 1: shefa77 folded before Flop (didn't bet)
Seat 2: zuszek85 folded before Flop (didn't bet)
Seat 4: Realtor59 (button) folded before Flop (didn't bet)
Seat 5: PaQeda (small blind) folded before Flop
Seat 6: Dorex2007 (big blind) collected ($0.02)
Seat 7: Urasik1979 folded before Flop (didn't bet)
Seat 8: ZL2M973FQ folded before Flop (didn't bet)
Seat 9: XPEHTOMAT folded before Flop (didn't bet)



PokerStars Hand #225416618799:  Hold'em No Limit ($0.01/$0.02 USD) - 2021/04/02 1:33:41 PT [2021/04/02 4:33:41 ET]
Table 'Eurydome' 9-max Seat #5 is the button
Seat 1: shefa77 ($0.91 in chips) 
Seat 2: zuszek85 ($0.54 in chips) 
Seat 4: Realtor59 ($1.60 in chips) 
Seat 5: PaQeda ($1.93 in chips) 
Seat 6: Dorex2007 ($1.40 in chips) 
Seat 7: Urasik1979 ($0.74 in chips) 
Seat 8: ZL2M973FQ ($2.52 in chips) 
Seat 9: XPEHTOMAT ($2.67 in chips) 
Dorex2007: posts small blind $0.01
Urasik1979: posts big blind $0.02
*** HOLE CARDS ***
Dealt to Dorex2007 [2s Qc]
ZL2M973FQ: folds 
XPEHTOMAT: raises $0.04 to $0.06
shefa77 has timed out
shefa77: folds 
zuszek85: folds 
Realtor59: raises $0.15 to $0.21
PaQeda: folds 
Dorex2007: folds 
dsn8fk2 joins the table at seat #3 
Urasik1979: folds 
XPEHTOMAT: folds 
Uncalled bet ($0.15) returned to Realtor59
Realtor59 collected $0.15 from pot
Realtor59: doesn't show hand 
*** SUMMARY ***
Total pot $0.15 | Rake $0 
Seat 1: shefa77 folded before Flop (didn't bet)
Seat 2: zuszek85 folded before Flop (didn't bet)
Seat 4: Realtor59 collected ($0.15)
Seat 5: PaQeda (button) folded before Flop (didn't bet)
Seat 6: Dorex2007 (small blind) folded before Flop
Seat 7: Urasik1979 (big blind) folded before Flop
Seat 8: ZL2M973FQ folded before Flop (didn't bet)
Seat 9: XPEHTOMAT folded before Flop



PokerStars Hand #225416628185:  Hold'em No Limit ($0.01/$0.02 USD) - 2021/04/02 1:34:22 PT [2021/04/02 4:34:22 ET]
Table 'Eurydome' 9-max Seat #6 is the button
Seat 2: zuszek85 ($0.54 in chips) 
Seat 4: Realtor59 ($1.69 in chips) 
Seat 5: PaQeda ($1.93 in chips) 
Seat 6: Dorex2007 ($1.39 in chips) 
Seat 7: Urasik1979 ($0.72 in chips) 
Seat 8: ZL2M973FQ ($2.52 in chips) 
Seat 9: XPEHTOMAT ($2.61 in chips) 
Urasik1979: posts small blind $0.01
ZL2M973FQ: posts big blind $0.02
dsn8fk2: sits out 
*** HOLE CARDS ***
Dealt to Dorex2007 [2d Kc]
XPEHTOMAT: folds 
zuszek85: folds 
Realtor59: folds 
PaQeda: folds 
Dorex2007: folds 
Urasik1979: raises $0.02 to $0.04
ZL2M973FQ: folds 
Uncalled bet ($0.02) returned to Urasik1979
Urasik1979 collected $0.04 from pot
*** SUMMARY ***
Total pot $0.04 | Rake $0 
Seat 2: zuszek85 folded before Flop (didn't bet)
Seat 4: Realtor59 folded before Flop (didn't bet)
Seat 5: PaQeda folded before Flop (didn't bet)
Seat 6: Dorex2007 (button) folded before Flop (didn't bet)
Seat 7: Urasik1979 (small blind) collected ($0.04)
Seat 8: ZL2M973FQ (big blind) folded before Flop
Seat 9: XPEHTOMAT folded before Flop (didn't bet)



PokerStars Hand #225416631168:  Hold'em No Limit ($0.01/$0.02 USD) - 2021/04/02 1:34:35 PT [2021/04/02 4:34:35 ET]
Table 'Eurydome' 9-max Seat #7 is the button
Seat 2: zuszek85 ($0.54 in chips) 
Seat 3: dsn8fk2 ($2 in chips) 
Seat 4: Realtor59 ($1.69 in chips) 
Seat 5: PaQeda ($1.93 in chips) 
Seat 6: Dorex2007 ($1.39 in chips) 
Seat 7: Urasik1979 ($0.74 in chips) 
Seat 8: ZL2M973FQ ($2.50 in chips) 
Seat 9: XPEHTOMAT ($2.61 in chips) 
ZL2M973FQ: posts small blind $0.01
XPEHTOMAT: posts big blind $0.02
dsn8fk2: posts big blind $0.02
*** HOLE CARDS ***
Dealt to Dorex2007 [6s Tc]
zuszek85: folds 
dsn8fk2: checks 
Realtor59: folds 
PaQeda: folds 
Dorex2007: folds 
Urasik1979: folds 
ZL2M973FQ: folds 
XPEHTOMAT: checks 
*** FLOP *** [Ah Js 2h]
XPEHTOMAT: checks 
dsn8fk2: checks 
*** TURN *** [Ah Js 2h] [As]
XPEHTOMAT: bets $0.04
dsn8fk2: folds 
Uncalled bet ($0.04) returned to XPEHTOMAT
XPEHTOMAT collected $0.05 from pot
*** SUMMARY ***
Total pot $0.05 | Rake $0 
Board [Ah Js 2h As]
Seat 2: zuszek85 folded before Flop (didn't bet)
Seat 3: dsn8fk2 folded on the Turn (didn't bet)
Seat 4: Realtor59 folded before Flop (didn't bet)
Seat 5: PaQeda folded before Flop (didn't bet)
Seat 6: Dorex2007 folded before Flop (didn't bet)
Seat 7: Urasik1979 (button) folded before Flop (didn't bet)
Seat 8: ZL2M973FQ (small blind) folded before Flop
Seat 9: XPEHTOMAT (big blind) collected ($0.05)



PokerStars Hand #225416635676:  Hold'em No Limit ($0.01/$0.02 USD) - 2021/04/02 1:34:55 PT [2021/04/02 4:34:55 ET]
Table 'Eurydome' 9-max Seat #8 is the button
Seat 2: zuszek85 ($0.54 in chips) 
Seat 3: dsn8fk2 ($1.98 in chips) 
Seat 4: Realtor59 ($1.69 in chips) 
Seat 5: PaQeda ($1.93 in chips) 
Seat 6: Dorex2007 ($1.39 in chips) 
Seat 7: Urasik1979 ($0.74 in chips) 
Seat 8: ZL2M973FQ ($2.49 in chips) 
Seat 9: XPEHTOMAT ($2.64 in chips) 
XPEHTOMAT: posts small blind $0.01
zuszek85: posts big blind $0.02
*** HOLE CARDS ***
Dealt to Dorex2007 [7s Ad]
dsn8fk2: folds 
Realtor59: folds 
PaQeda: folds 
Dorex2007: folds 
Urasik1979: folds 
ZL2M973FQ: raises $0.03 to $0.05
XPEHTOMAT: calls $0.04
zuszek85: folds 
*** FLOP *** [Js 4d As]
XPEHTOMAT: checks 
ZL2M973FQ: checks 
*** TURN *** [Js 4d As] [6d]
XPEHTOMAT: checks 
ZL2M973FQ: checks 
*** RIVER *** [Js 4d As 6d] [4h]
XPEHTOMAT: checks 
ZL2M973FQ: checks 
*** SHOW DOWN ***
XPEHTOMAT: shows [3h 3s] (two pair, Fours and Threes)
ZL2M973FQ: shows [6c Tc] (two pair, Sixes and Fours)
ZL2M973FQ collected $0.12 from pot
*** SUMMARY ***
Total pot $0.12 | Rake $0 
Board [Js 4d As 6d 4h]
Seat 2: zuszek85 (big blind) folded before Flop
Seat 3: dsn8fk2 folded before Flop (didn't bet)
Seat 4: Realtor59 folded before Flop (didn't bet)
Seat 5: PaQeda folded before Flop (didn't bet)
Seat 6: Dorex2007 folded before Flop (didn't bet)
Seat 7: Urasik1979 folded before Flop (didn't bet)
Seat 8: ZL2M973FQ (button) showed [6c Tc] and won ($0.12) with two pair, Sixes and Fours
Seat 9: XPEHTOMAT (small blind) showed [3h 3s] and lost with two pair, Fours and Threes



PokerStars Hand #225416643140:  Hold'em No Limit ($0.01/$0.02 USD) - 2021/04/02 1:35:28 PT [2021/04/02 4:35:28 ET]
Table 'Eurydome' 9-max Seat #9 is the button
Seat 2: zuszek85 ($0.52 in chips) 
Seat 3: dsn8fk2 ($1.98 in chips) 
Seat 4: Realtor59 ($1.69 in chips) 
Seat 5: PaQeda ($1.93 in chips) 
Seat 6: Dorex2007 ($1.39 in chips) 
Seat 7: Urasik1979 ($0.74 in chips) 
Seat 8: ZL2M973FQ ($2.56 in chips) 
Seat 9: XPEHTOMAT ($2.59 in chips) 
zuszek85: posts small blind $0.01
dsn8fk2: posts big blind $0.02
*** HOLE CARDS ***
Dealt to Dorex2007 [Ac Ts]
Realtor59: raises $0.02 to $0.04
PaQeda: folds 
Dorex2007: calls $0.04
Urasik1979: calls $0.04
ZL2M973FQ: folds 
XPEHTOMAT: folds 
zuszek85: calls $0.03
dsn8fk2: calls $0.02
*** FLOP *** [Qs 2s 3d]
zuszek85: checks 
dsn8fk2: checks 
Realtor59: checks 
Dorex2007: checks 
Urasik1979: bets $0.10
zuszek85: folds 
dsn8fk2: calls $0.10
Realtor59: folds 
Dorex2007: folds 
*** TURN *** [Qs 2s 3d] [9h]
dsn8fk2: checks 
Urasik1979: checks 
*** RIVER *** [Qs 2s 3d 9h] [5s]
dsn8fk2: checks 
Urasik1979: checks 
*** SHOW DOWN ***
dsn8fk2: shows [As 7c] (high card Ace)
Urasik1979: shows [4c 4h] (a pair of Fours)
Urasik1979 collected $0.39 from pot
*** SUMMARY ***
Total pot $0.40 | Rake $0.01 
Board [Qs 2s 3d 9h 5s]
Seat 2: zuszek85 (small blind) folded on the Flop
Seat 3: dsn8fk2 (big blind) showed [As 7c] and lost with high card Ace
Seat 4: Realtor59 folded on the Flop
Seat 5: PaQeda folded before Flop (didn't bet)
Seat 6: Dorex2007 folded on the Flop
Seat 7: Urasik1979 showed [4c 4h] and won ($0.39) with a pair of Fours
Seat 8: ZL2M973FQ folded before Flop (didn't bet)
Seat 9: XPEHTOMAT (button) folded before Flop (didn't bet)



PokerStars Hand #225416656045:  Hold'em No Limit ($0.01/$0.02 USD) - 2021/04/02 1:36:26 PT [2021/04/02 4:36:26 ET]
Table 'Eurydome' 9-max Seat #2 is the button
Seat 1: shefa77 ($0.91 in chips) 
Seat 2: zuszek85 ($0.48 in chips) 
Seat 3: dsn8fk2 ($1.84 in chips) 
Seat 4: Realtor59 ($1.65 in chips) 
Seat 5: PaQeda ($1.93 in chips) 
Seat 6: Dorex2007 ($1.35 in chips) 
Seat 7: Urasik1979 ($0.99 in chips) 
Seat 8: ZL2M973FQ ($2.56 in chips) 
Seat 9: XPEHTOMAT ($2.59 in chips) 
dsn8fk2: posts small blind $0.01
Realtor59: posts big blind $0.02
shefa77: posts small & big blinds $0.03
*** HOLE CARDS ***
Dealt to Dorex2007 [Js 6s]
PaQeda: folds 
Dorex2007: folds 
Urasik1979: folds 
ZL2M973FQ: folds 
XPEHTOMAT: folds 
shefa77: checks 
zuszek85: calls $0.02
dsn8fk2: raises $0.04 to $0.06
Realtor59: calls $0.04
shefa77: folds 
zuszek85: calls $0.04
*** FLOP *** [Qc 7d Kh]
dsn8fk2: checks 
Realtor59: checks 
zuszek85: checks 
*** TURN *** [Qc 7d Kh] [7s]
dsn8fk2: checks 
Realtor59: checks 
zuszek85: checks 
*** RIVER *** [Qc 7d Kh 7s] [6h]
dsn8fk2: checks 
Realtor59: checks 
zuszek85: checks 
*** SHOW DOWN ***
dsn8fk2: shows [Ad Jd] (a pair of Sevens)
Realtor59: shows [As 2s] (a pair of Sevens)
zuszek85: shows [Ac 9d] (a pair of Sevens)
dsn8fk2 collected $0.07 from pot
Realtor59 collected $0.07 from pot
zuszek85 collected $0.06 from pot
*** SUMMARY ***
Total pot $0.21 | Rake $0.01 
Board [Qc 7d Kh 7s 6h]
Seat 1: shefa77 folded before Flop (didn't bet)
Seat 2: zuszek85 (button) showed [Ac 9d] and won ($0.06) with a pair of Sevens
Seat 3: dsn8fk2 (small blind) showed [Ad Jd] and won ($0.07) with a pair of Sevens
Seat 4: Realtor59 (big blind) showed [As 2s] and won ($0.07) with a pair of Sevens
Seat 5: PaQeda folded before Flop (didn't bet)
Seat 6: Dorex2007 folded before Flop (didn't bet)
Seat 7: Urasik1979 folded before Flop (didn't bet)
Seat 8: ZL2M973FQ folded before Flop (didn't bet)
Seat 9: XPEHTOMAT folded before Flop (didn't bet)



PokerStars Hand #225416669648:  Hold'em No Limit ($0.01/$0.02 USD) - 2021/04/02 1:37:26 PT [2021/04/02 4:37:26 ET]
Table 'Eurydome' 9-max Seat #3 is the button
Seat 1: shefa77 ($0.88 in chips) 
Seat 2: zuszek85 ($0.48 in chips) 
Seat 3: dsn8fk2 ($1.85 in chips) 
Seat 4: Realtor59 ($1.66 in chips) 
Seat 5: PaQeda ($1.93 in chips) 
Seat 6: Dorex2007 ($1.35 in chips) 
Seat 7: Urasik1979 ($0.99 in chips) 
Seat 8: ZL2M973FQ ($2.56 in chips) 
Seat 9: XPEHTOMAT ($2.59 in chips) 
Realtor59: posts small blind $0.01
PaQeda: posts big blind $0.02
*** HOLE CARDS ***
Dealt to Dorex2007 [9s 8d]
Dorex2007: folds 
Urasik1979: folds 
ZL2M973FQ: folds 
XPEHTOMAT: folds 
shefa77: folds 
zuszek85: folds 
dsn8fk2: folds 
Realtor59: folds 
Uncalled bet ($0.01) returned to PaQeda
PaQeda collected $0.02 from pot
PaQeda: doesn't show hand 
*** SUMMARY ***
Total pot $0.02 | Rake $0 
Seat 1: shefa77 folded before Flop (didn't bet)
Seat 2: zuszek85 folded before Flop (didn't bet)
Seat 3: dsn8fk2 (button) folded before Flop (didn't bet)
Seat 4: Realtor59 (small blind) folded before Flop
Seat 5: PaQeda (big blind) collected ($0.02)
Seat 6: Dorex2007 folded before Flop (didn't bet)
Seat 7: Urasik1979 folded before Flop (didn't bet)
Seat 8: ZL2M973FQ folded before Flop (didn't bet)
Seat 9: XPEHTOMAT folded before Flop (didn't bet)



PokerStars Hand #225416673846:  Hold'em No Limit ($0.01/$0.02 USD) - 2021/04/02 1:37:44 PT [2021/04/02 4:37:44 ET]
Table 'Eurydome' 9-max Seat #4 is the button
Seat 1: shefa77 ($0.88 in chips) 
Seat 2: zuszek85 ($0.48 in chips) 
Seat 3: dsn8fk2 ($1.85 in chips) 
Seat 4: Realtor59 ($1.65 in chips) 
Seat 5: PaQeda ($1.94 in chips) 
Seat 6: Dorex2007 ($1.35 in chips) 
Seat 7: Urasik1979 ($0.99 in chips) 
Seat 8: ZL2M973FQ ($2.56 in chips) 
Seat 9: XPEHTOMAT ($2.59 in chips) 
PaQeda: posts small blind $0.01
Dorex2007: posts big blind $0.02
*** HOLE CARDS ***
Dealt to Dorex2007 [Kh 8h]
Urasik1979 has timed out
Urasik1979: folds 
ZL2M973FQ: folds 
XPEHTOMAT: raises $0.02 to $0.04
shefa77: folds 
zuszek85: folds 
dsn8fk2: raises $0.02 to $0.06
Realtor59: folds 
PaQeda: folds 
Dorex2007: folds 
XPEHTOMAT: calls $0.02
*** FLOP *** [6h Tc Jd]
XPEHTOMAT: checks 
dsn8fk2: bets $0.07
XPEHTOMAT: folds 
Uncalled bet ($0.07) returned to dsn8fk2
dsn8fk2 collected $0.14 from pot
dsn8fk2: doesn't show hand 
*** SUMMARY ***
Total pot $0.15 | Rake $0.01 
Board [6h Tc Jd]
Seat 1: shefa77 folded before Flop (didn't bet)
Seat 2: zuszek85 folded before Flop (didn't bet)
Seat 3: dsn8fk2 collected ($0.14)
Seat 4: Realtor59 (button) folded before Flop (didn't bet)
Seat 5: PaQeda (small blind) folded before Flop
Seat 6: Dorex2007 (big blind) folded before Flop
Seat 7: Urasik1979 folded before Flop (didn't bet)
Seat 8: ZL2M973FQ folded before Flop (didn't bet)
Seat 9: XPEHTOMAT folded on the Flop



PokerStars Hand #225416686749:  Hold'em No Limit ($0.01/$0.02 USD) - 2021/04/02 1:38:41 PT [2021/04/02 4:38:41 ET]
Table 'Eurydome' 9-max Seat #5 is the button
Seat 1: shefa77 ($0.88 in chips) 
Seat 2: zuszek85 ($0.48 in chips) 
Seat 3: dsn8fk2 ($1.93 in chips) 
Seat 4: Realtor59 ($1.65 in chips) 
Seat 5: PaQeda ($1.93 in chips) 
Seat 6: Dorex2007 ($1.33 in chips) 
Seat 7: Urasik1979 ($0.99 in chips) 
Seat 8: ZL2M973FQ ($2.56 in chips) 
Seat 9: XPEHTOMAT ($2.53 in chips) 
Dorex2007: posts small blind $0.01
Urasik1979: posts big blind $0.02
*** HOLE CARDS ***
Dealt to Dorex2007 [Kh 6h]
ZL2M973FQ: folds 
XPEHTOMAT: folds 
shefa77: calls $0.02
zuszek85: folds 
dsn8fk2: calls $0.02
Realtor59: folds 
PaQeda: raises $0.04 to $0.06
Dorex2007: folds 
Urasik1979: folds 
shefa77: calls $0.04
dsn8fk2: calls $0.04
*** FLOP *** [4h 5s Th]
Urasik1979 leaves the table
shefa77: checks 
dsn8fk2: checks 
PaQeda: bets $0.06
shefa77: folds 
dsn8fk2: calls $0.06
*** TURN *** [4h 5s Th] [5c]
dsn8fk2: checks 
PaQeda: bets $0.15
dsn8fk2: folds 
Uncalled bet ($0.15) returned to PaQeda
Nhük50 joins the table at seat #7 
PaQeda collected $0.32 from pot
PaQeda: doesn't show hand 
*** SUMMARY ***
Total pot $0.33 | Rake $0.01 
Board [4h 5s Th 5c]
Seat 1: shefa77 folded on the Flop
Seat 2: zuszek85 folded before Flop (didn't bet)
Seat 3: dsn8fk2 folded on the Turn
Seat 4: Realtor59 folded before Flop (didn't bet)
Seat 5: PaQeda (button) collected ($0.32)
Seat 6: Dorex2007 (small blind) folded before Flop
Seat 7: Urasik1979 (big blind) folded before Flop
Seat 8: ZL2M973FQ folded before Flop (didn't bet)
Seat 9: XPEHTOMAT folded before Flop (didn't bet)



PokerStars Hand #225416697188:  Hold'em No Limit ($0.01/$0.02 USD) - 2021/04/02 1:39:28 PT [2021/04/02 4:39:28 ET]
Table 'Eurydome' 9-max Seat #6 is the button
Seat 1: shefa77 ($0.82 in chips) 
Seat 2: zuszek85 ($0.48 in chips) 
Seat 3: dsn8fk2 ($1.81 in chips) 
Seat 4: Realtor59 ($1.65 in chips) 
Seat 5: PaQeda ($2.13 in chips) 
Seat 6: Dorex2007 ($1.32 in chips) 
Seat 8: ZL2M973FQ ($2.56 in chips) 
Seat 9: XPEHTOMAT ($2.53 in chips) 
ZL2M973FQ: posts small blind $0.01
XPEHTOMAT: posts big blind $0.02
*** HOLE CARDS ***
Dealt to Dorex2007 [Kc Ac]
shefa77: calls $0.02
zuszek85: calls $0.02
dsn8fk2: raises $0.04 to $0.06
Realtor59: calls $0.06
PaQeda: folds 
Dorex2007: raises $0.16 to $0.22
ZL2M973FQ: folds 
XPEHTOMAT: folds 
shefa77: folds 
zuszek85: calls $0.20
dsn8fk2: raises $0.44 to $0.66
Realtor59: folds 
Dorex2007: calls $0.44
zuszek85: calls $0.26 and is all-in
*** FLOP *** [8d 7s Jh]
dsn8fk2: bets $1.15 and is all-in
Dorex2007: calls $0.66 and is all-in
Uncalled bet ($0.49) returned to dsn8fk2
*** TURN *** [8d 7s Jh] [As]
*** RIVER *** [8d 7s Jh As] [8c]
*** SHOW DOWN ***
dsn8fk2: shows [Ks Kd] (two pair, Kings and Eights)
Dorex2007: shows [Kc Ac] (two pair, Aces and Eights)
Dorex2007 collected $1.62 from side pot
zuszek85: shows [8h 9d] (three of a kind, Eights)
zuszek85 collected $1.50 from main pot
*** SUMMARY ***
Total pot $3.23 Main pot $1.50. Side pot $1.62. | Rake $0.11 
Board [8d 7s Jh As 8c]
Seat 1: shefa77 folded before Flop
Seat 2: zuszek85 showed [8h 9d] and won ($1.50) with three of a kind, Eights
Seat 3: dsn8fk2 showed [Ks Kd] and lost with two pair, Kings and Eights
Seat 4: Realtor59 folded before Flop
Seat 5: PaQeda folded before Flop (didn't bet)
Seat 6: Dorex2007 (button) showed [Kc Ac] and won ($1.62) with two pair, Aces and Eights
Seat 8: ZL2M973FQ (small blind) folded before Flop
Seat 9: XPEHTOMAT (big blind) folded before Flop



PokerStars Hand #225416714385:  Hold'em No Limit ($0.01/$0.02 USD) - 2021/04/02 1:40:43 PT [2021/04/02 4:40:43 ET]
Table 'Eurydome' 9-max Seat #8 is the button
Seat 1: shefa77 ($0.80 in chips) 
Seat 2: zuszek85 ($1.50 in chips) 
Seat 3: dsn8fk2 ($0.49 in chips) 
Seat 4: Realtor59 ($1.59 in chips) 
Seat 5: PaQeda ($2.13 in chips) 
Seat 6: Dorex2007 ($1.62 in chips) 
Seat 7: Nhük50 ($1.60 in chips) 
Seat 8: ZL2M973FQ ($2.55 in chips) 
Seat 9: XPEHTOMAT ($2.51 in chips) 
XPEHTOMAT: posts small blind $0.01
shefa77: posts big blind $0.02
Nhük50: posts big blind $0.02
*** HOLE CARDS ***
Dealt to Dorex2007 [4h Kd]
zuszek85: calls $0.02
dsn8fk2: raises $0.04 to $0.06
Realtor59: folds 
PaQeda: folds 
Dorex2007: folds 
Nhük50: calls $0.04
ZL2M973FQ: folds 
XPEHTOMAT: folds 
shefa77: calls $0.04
zuszek85: calls $0.04
*** FLOP *** [2d Qc 6d]
shefa77: checks 
zuszek85: checks 
dsn8fk2: bets $0.10
Nhük50: calls $0.10
shefa77: folds 
zuszek85: calls $0.10
*** TURN *** [2d Qc 6d] [Ac]
zuszek85: checks 
dsn8fk2: bets $0.15
Nhük50: calls $0.15
zuszek85: folds 
*** RIVER *** [2d Qc 6d Ac] [Jc]
dsn8fk2: bets $0.18 and is all-in
Nhük50: calls $0.18
*** SHOW DOWN ***
dsn8fk2: shows [Ad Ah] (three of a kind, Aces)
Nhük50: shows [Qd Jd] (two pair, Queens and Jacks)
dsn8fk2 collected $1.17 from pot
*** SUMMARY ***
Total pot $1.21 | Rake $0.04 
Board [2d Qc 6d Ac Jc]
Seat 1: shefa77 (big blind) folded on the Flop
Seat 2: zuszek85 folded on the Turn
Seat 3: dsn8fk2 showed [Ad Ah] and won ($1.17) with three of a kind, Aces
Seat 4: Realtor59 folded before Flop (didn't bet)
Seat 5: PaQeda folded before Flop (didn't bet)
Seat 6: Dorex2007 folded before Flop (didn't bet)
Seat 7: Nhük50 showed [Qd Jd] and lost with two pair, Queens and Jacks
Seat 8: ZL2M973FQ (button) folded before Flop (didn't bet)
Seat 9: XPEHTOMAT (small blind) folded before Flop



PokerStars Hand #225416731052:  Hold'em No Limit ($0.01/$0.02 USD) - 2021/04/02 1:41:54 PT [2021/04/02 4:41:54 ET]
Table 'Eurydome' 9-max Seat #9 is the button
Seat 1: shefa77 ($0.74 in chips) 
Seat 2: zuszek85 ($1.34 in chips) 
Seat 3: dsn8fk2 ($1.17 in chips) 
Seat 4: Realtor59 ($1.59 in chips) 
Seat 5: PaQeda ($2.13 in chips) 
Seat 6: Dorex2007 ($1.62 in chips) 
Seat 7: Nhük50 ($1.11 in chips) 
Seat 8: ZL2M973FQ ($2.55 in chips) 
Seat 9: XPEHTOMAT ($2.50 in chips) 
shefa77: posts small blind $0.01
zuszek85: posts big blind $0.02
*** HOLE CARDS ***
Dealt to Dorex2007 [Qc 4c]
dsn8fk2: raises $0.04 to $0.06
Realtor59: raises $0.06 to $0.12
PaQeda: folds 
Dorex2007: folds 
Nhük50: folds 
ZL2M973FQ: folds 
XPEHTOMAT: folds 
shefa77: folds 
zuszek85: calls $0.10
dsn8fk2: calls $0.06
*** FLOP *** [5d Qd Ts]
zuszek85: checks 
dsn8fk2: checks 
Realtor59: checks 
*** TURN *** [5d Qd Ts] [6c]
zuszek85: checks 
dsn8fk2: bets $0.20
Realtor59: folds 
zuszek85: calls $0.20
*** RIVER *** [5d Qd Ts 6c] [2d]
zuszek85: checks 
dsn8fk2: checks 
*** SHOW DOWN ***
zuszek85: shows [Qh 7h] (a pair of Queens)
dsn8fk2: mucks hand 
zuszek85 collected $0.74 from pot
*** SUMMARY ***
Total pot $0.77 | Rake $0.03 
Board [5d Qd Ts 6c 2d]
Seat 1: shefa77 (small blind) folded before Flop
Seat 2: zuszek85 (big blind) showed [Qh 7h] and won ($0.74) with a pair of Queens
Seat 3: dsn8fk2 mucked [3c 3h]
Seat 4: Realtor59 folded on the Turn
Seat 5: PaQeda folded before Flop (didn't bet)
Seat 6: Dorex2007 folded before Flop (didn't bet)
Seat 7: Nhük50 folded before Flop (didn't bet)
Seat 8: ZL2M973FQ folded before Flop (didn't bet)
Seat 9: XPEHTOMAT (button) folded before Flop (didn't bet)



PokerStars Hand #225416740086:  Hold'em No Limit ($0.01/$0.02 USD) - 2021/04/02 1:42:33 PT [2021/04/02 4:42:33 ET]
Table 'Eurydome' 9-max Seat #1 is the button
Seat 1: shefa77 ($0.73 in chips) 
Seat 2: zuszek85 ($1.76 in chips) 
Seat 3: dsn8fk2 ($0.85 in chips) 
Seat 4: Realtor59 ($1.47 in chips) 
Seat 5: PaQeda ($2.13 in chips) 
Seat 6: Dorex2007 ($1.62 in chips) 
Seat 7: Nhük50 ($1.11 in chips) 
Seat 8: ZL2M973FQ ($2.55 in chips) 
Seat 9: XPEHTOMAT ($2.50 in chips) 
zuszek85: posts small blind $0.01
dsn8fk2: posts big blind $0.02
*** HOLE CARDS ***
Dealt to Dorex2007 [6s 7d]
Realtor59: folds 
PaQeda: folds 
Dorex2007: folds 
Nhük50: calls $0.02
ZL2M973FQ: folds 
XPEHTOMAT: calls $0.02
shefa77: folds 
zuszek85: calls $0.01
dsn8fk2: checks 
*** FLOP *** [Jd 6c Ts]
zuszek85: checks 
dsn8fk2: checks 
Nhük50: checks 
XPEHTOMAT: checks 
*** TURN *** [Jd 6c Ts] [Qc]
zuszek85: checks 
dsn8fk2: bets $0.04
Nhük50: calls $0.04
XPEHTOMAT: folds 
zuszek85: folds 
*** RIVER *** [Jd 6c Ts Qc] [Qs]
dsn8fk2: checks 
Nhük50: checks 
*** SHOW DOWN ***
dsn8fk2: shows [Ac 7c] (a pair of Queens)
Nhük50: shows [Ad 4d] (a pair of Queens)
dsn8fk2 collected $0.08 from pot
Nhük50 collected $0.07 from pot
*** SUMMARY ***
Total pot $0.16 | Rake $0.01 
Board [Jd 6c Ts Qc Qs]
Seat 1: shefa77 (button) folded before Flop (didn't bet)
Seat 2: zuszek85 (small blind) folded on the Turn
Seat 3: dsn8fk2 (big blind) showed [Ac 7c] and won ($0.08) with a pair of Queens
Seat 4: Realtor59 folded before Flop (didn't bet)
Seat 5: PaQeda folded before Flop (didn't bet)
Seat 6: Dorex2007 folded before Flop (didn't bet)
Seat 7: Nhük50 showed [Ad 4d] and won ($0.07) with a pair of Queens
Seat 8: ZL2M973FQ folded before Flop (didn't bet)
Seat 9: XPEHTOMAT folded on the Turn



PokerStars Hand #225416753315:  Hold'em No Limit ($0.01/$0.02 USD) - 2021/04/02 1:43:30 PT [2021/04/02 4:43:30 ET]
Table 'Eurydome' 9-max Seat #2 is the button
Seat 1: shefa77 ($0.73 in chips) 
Seat 2: zuszek85 ($1.74 in chips) 
Seat 3: dsn8fk2 ($0.87 in chips) 
Seat 4: Realtor59 ($1.47 in chips) 
Seat 5: PaQeda ($2.13 in chips) 
Seat 6: Dorex2007 ($1.62 in chips) 
Seat 7: Nhük50 ($1.12 in chips) 
Seat 8: ZL2M973FQ ($2.55 in chips) 
Seat 9: XPEHTOMAT ($2.48 in chips) 
dsn8fk2: posts small blind $0.01
Realtor59: posts big blind $0.02
*** HOLE CARDS ***
Dealt to Dorex2007 [Js Qh]
PaQeda: raises $0.04 to $0.06
Dorex2007: folds 
Nhük50: calls $0.06
ZL2M973FQ: folds 
XPEHTOMAT: folds 
shefa77: folds 
zuszek85: folds 
dsn8fk2: calls $0.05
Realtor59: calls $0.04
*** FLOP *** [9h 2s Ac]
dsn8fk2: checks 
Realtor59: checks 
PaQeda: checks 
Nhük50: bets $0.08
dsn8fk2: folds 
Realtor59: folds 
PaQeda: folds 
Uncalled bet ($0.08) returned to Nhük50
Nhük50 collected $0.23 from pot
*** SUMMARY ***
Total pot $0.24 | Rake $0.01 
Board [9h 2s Ac]
Seat 1: shefa77 folded before Flop (didn't bet)
Seat 2: zuszek85 (button) folded before Flop (didn't bet)
Seat 3: dsn8fk2 (small blind) folded on the Flop
Seat 4: Realtor59 (big blind) folded on the Flop
Seat 5: PaQeda folded on the Flop
Seat 6: Dorex2007 folded before Flop (didn't bet)
Seat 7: Nhük50 collected ($0.23)
Seat 8: ZL2M973FQ folded before Flop (didn't bet)
Seat 9: XPEHTOMAT folded before Flop (didn't bet)



PokerStars Hand #225416762435:  Hold'em No Limit ($0.01/$0.02 USD) - 2021/04/02 1:44:08 PT [2021/04/02 4:44:08 ET]
Table 'Eurydome' 9-max Seat #3 is the button
Seat 1: shefa77 ($0.73 in chips) 
Seat 2: zuszek85 ($1.74 in chips) 
Seat 3: dsn8fk2 ($0.81 in chips) 
Seat 4: Realtor59 ($1.41 in chips) 
Seat 5: PaQeda ($2.07 in chips) 
Seat 6: Dorex2007 ($1.62 in chips) 
Seat 7: Nhük50 ($1.29 in chips) 
Seat 8: ZL2M973FQ ($2.55 in chips) 
Seat 9: XPEHTOMAT ($2.48 in chips) 
Realtor59: posts small blind $0.01
PaQeda: posts big blind $0.02
*** HOLE CARDS ***
Dealt to Dorex2007 [Ks As]
Dorex2007: raises $0.04 to $0.06
Nhük50: folds 
ZL2M973FQ: folds 
XPEHTOMAT: folds 
shefa77: folds 
zuszek85: folds 
dsn8fk2: folds 
Realtor59: calls $0.05
PaQeda: folds 
*** FLOP *** [5c 7h 2d]
Realtor59: checks 
Dorex2007: bets $0.14
Realtor59: folds 
Uncalled bet ($0.14) returned to Dorex2007
Dorex2007 collected $0.14 from pot
Dorex2007: doesn't show hand 
*** SUMMARY ***
Total pot $0.14 | Rake $0 
Board [5c 7h 2d]
Seat 1: shefa77 folded before Flop (didn't bet)
Seat 2: zuszek85 folded before Flop (didn't bet)
Seat 3: dsn8fk2 (button) folded before Flop (didn't bet)
Seat 4: Realtor59 (small blind) folded on the Flop
Seat 5: PaQeda (big blind) folded before Flop
Seat 6: Dorex2007 collected ($0.14)
Seat 7: Nhük50 folded before Flop (didn't bet)
Seat 8: ZL2M973FQ folded before Flop (didn't bet)
Seat 9: XPEHTOMAT folded before Flop (didn't bet)



PokerStars Hand #225416770045:  Hold'em No Limit ($0.01/$0.02 USD) - 2021/04/02 1:44:40 PT [2021/04/02 4:44:40 ET]
Table 'Eurydome' 9-max Seat #4 is the button
Seat 1: shefa77 ($0.73 in chips) 
Seat 2: zuszek85 ($1.74 in chips) 
Seat 3: dsn8fk2 ($0.81 in chips) 
Seat 4: Realtor59 ($1.35 in chips) 
Seat 5: PaQeda ($2.05 in chips) 
Seat 6: Dorex2007 ($1.70 in chips) 
Seat 7: Nhük50 ($1.29 in chips) 
Seat 8: ZL2M973FQ ($2.55 in chips) 
Seat 9: XPEHTOMAT ($2.48 in chips) 
PaQeda: posts small blind $0.01
Dorex2007: posts big blind $0.02
*** HOLE CARDS ***
Dealt to Dorex2007 [5s 7c]
Nhük50: folds 
ZL2M973FQ: raises $0.05 to $0.07
XPEHTOMAT: folds 
shefa77: folds 
zuszek85: folds 
dsn8fk2: folds 
Realtor59: calls $0.07
PaQeda: folds 
Dorex2007: folds 
*** FLOP *** [7s Qs 8s]
ZL2M973FQ: checks 
Realtor59: checks 
*** TURN *** [7s Qs 8s] [Td]
ZL2M973FQ: checks 
Realtor59: bets $0.06
ZL2M973FQ: folds 
Uncalled bet ($0.06) returned to Realtor59
Realtor59 collected $0.16 from pot
Realtor59: doesn't show hand 
*** SUMMARY ***
Total pot $0.17 | Rake $0.01 
Board [7s Qs 8s Td]
Seat 1: shefa77 folded before Flop (didn't bet)
Seat 2: zuszek85 folded before Flop (didn't bet)
Seat 3: dsn8fk2 folded before Flop (didn't bet)
Seat 4: Realtor59 (button) collected ($0.16)
Seat 5: PaQeda (small blind) folded before Flop
Seat 6: Dorex2007 (big blind) folded before Flop
Seat 7: Nhük50 folded before Flop (didn't bet)
Seat 8: ZL2M973FQ folded on the Turn
Seat 9: XPEHTOMAT folded before Flop (didn't bet)



PokerStars Hand #225416776967:  Hold'em No Limit ($0.01/$0.02 USD) - 2021/04/02 1:45:10 PT [2021/04/02 4:45:10 ET]
Table 'Eurydome' 9-max Seat #5 is the button
Seat 1: shefa77 ($0.73 in chips) 
Seat 2: zuszek85 ($1.74 in chips) 
Seat 3: dsn8fk2 ($0.81 in chips) 
Seat 4: Realtor59 ($1.44 in chips) 
Seat 5: PaQeda ($2.04 in chips) 
Seat 6: Dorex2007 ($1.68 in chips) 
Seat 7: Nhük50 ($1.29 in chips) 
Seat 8: ZL2M973FQ ($2.48 in chips) 
Seat 9: XPEHTOMAT ($2.48 in chips) 
Dorex2007: posts small blind $0.01
Nhük50: posts big blind $0.02
*** HOLE CARDS ***
Dealt to Dorex2007 [4d Qs]
ZL2M973FQ: folds 
XPEHTOMAT: folds 
shefa77: calls $0.02
zuszek85: calls $0.02
dsn8fk2: calls $0.02
ZL2M973FQ leaves the table
Realtor59: folds 
PaQeda: raises $0.04 to $0.06
Dorex2007: folds 
Nhük50: folds 
shefa77: calls $0.04
zuszek85: calls $0.04
dsn8fk2: calls $0.04
*** FLOP *** [Jh 6d 9d]
shefa77: checks 
zuszek85: checks 
dsn8fk2: checks 
PaQeda: bets $0.07
shefa77: folds 
zuszek85: calls $0.07
dsn8fk2: folds 
*** TURN *** [Jh 6d 9d] [9s]
zuszek85: checks 
PaQeda: checks 
*** RIVER *** [Jh 6d 9d 9s] [4s]
zuszek85: checks 
PaQeda: checks 
*** SHOW DOWN ***
zuszek85: shows [Tc Qc] (a pair of Nines)
PaQeda: shows [Ah 7s] (a pair of Nines - Ace kicker)
PaQeda collected $0.40 from pot
*** SUMMARY ***
Total pot $0.41 | Rake $0.01 
Board [Jh 6d 9d 9s 4s]
Seat 1: shefa77 folded on the Flop
Seat 2: zuszek85 showed [Tc Qc] and lost with a pair of Nines
Seat 3: dsn8fk2 folded on the Flop
Seat 4: Realtor59 folded before Flop (didn't bet)
Seat 5: PaQeda (button) showed [Ah 7s] and won ($0.40) with a pair of Nines
Seat 6: Dorex2007 (small blind) folded before Flop
Seat 7: Nhük50 (big blind) folded before Flop
Seat 8: ZL2M973FQ folded before Flop (didn't bet)
Seat 9: XPEHTOMAT folded before Flop (didn't bet)



PokerStars Hand #225416790537:  Hold'em No Limit ($0.01/$0.02 USD) - 2021/04/02 1:46:07 PT [2021/04/02 4:46:07 ET]
Table 'Eurydome' 9-max Seat #6 is the button
Seat 1: shefa77 ($0.67 in chips) 
Seat 2: zuszek85 ($1.61 in chips) 
Seat 3: dsn8fk2 ($0.75 in chips) 
Seat 4: Realtor59 ($1.44 in chips) 
Seat 5: PaQeda ($2.31 in chips) 
Seat 6: Dorex2007 ($1.67 in chips) 
Seat 7: Nhük50 ($1.27 in chips) 
Seat 9: XPEHTOMAT ($2.48 in chips) 
Nhük50: posts small blind $0.01
XPEHTOMAT: posts big blind $0.02
*** HOLE CARDS ***
Dealt to Dorex2007 [Jd Ac]
coicorac joins the table at seat #8 
shefa77: calls $0.02
zuszek85: folds 
dsn8fk2: folds 
Realtor59: folds 
PaQeda: folds 
Dorex2007: raises $0.04 to $0.06
Nhük50: folds 
XPEHTOMAT: calls $0.04
shefa77: calls $0.04
*** FLOP *** [5h Js 9c]
XPEHTOMAT: checks 
shefa77: checks 
Dorex2007: bets $0.22
XPEHTOMAT: folds 
shefa77: folds 
Uncalled bet ($0.22) returned to Dorex2007
Dorex2007 collected $0.18 from pot
Dorex2007: doesn't show hand 
*** SUMMARY ***
Total pot $0.19 | Rake $0.01 
Board [5h Js 9c]
Seat 1: shefa77 folded on the Flop
Seat 2: zuszek85 folded before Flop (didn't bet)
Seat 3: dsn8fk2 folded before Flop (didn't bet)
Seat 4: Realtor59 folded before Flop (didn't bet)
Seat 5: PaQeda folded before Flop (didn't bet)
Seat 6: Dorex2007 (button) collected ($0.18)
Seat 7: Nhük50 (small blind) folded before Flop
Seat 9: XPEHTOMAT (big blind) folded on the Flop



PokerStars Hand #225416797617:  Hold'em No Limit ($0.01/$0.02 USD) - 2021/04/02 1:46:37 PT [2021/04/02 4:46:37 ET]
Table 'Eurydome' 9-max Seat #7 is the button
Seat 1: shefa77 ($0.61 in chips) 
Seat 2: zuszek85 ($1.61 in chips) 
Seat 3: dsn8fk2 ($0.75 in chips) 
Seat 4: Realtor59 ($1.44 in chips) 
Seat 5: PaQeda ($2.31 in chips) 
Seat 6: Dorex2007 ($1.79 in chips) 
Seat 7: Nhük50 ($1.26 in chips) 
Seat 9: XPEHTOMAT ($2.42 in chips) 
XPEHTOMAT: posts small blind $0.01
shefa77: posts big blind $0.02
*** HOLE CARDS ***
Dealt to Dorex2007 [3c Qc]
zuszek85: folds 
dsn8fk2: folds 
Realtor59: raises $0.04 to $0.06
PaQeda: folds 
Dorex2007: folds 
Nhük50: folds 
XPEHTOMAT: folds 
shefa77: folds 
Uncalled bet ($0.04) returned to Realtor59
Realtor59 collected $0.05 from pot
Realtor59: doesn't show hand 
*** SUMMARY ***
Total pot $0.05 | Rake $0 
Seat 1: shefa77 (big blind) folded before Flop
Seat 2: zuszek85 folded before Flop (didn't bet)
Seat 3: dsn8fk2 folded before Flop (didn't bet)
Seat 4: Realtor59 collected ($0.05)
Seat 5: PaQeda folded before Flop (didn't bet)
Seat 6: Dorex2007 folded before Flop (didn't bet)
Seat 7: Nhük50 (button) folded before Flop (didn't bet)
Seat 9: XPEHTOMAT (small blind) folded before Flop



PokerStars Hand #225416802083:  Hold'em No Limit ($0.01/$0.02 USD) - 2021/04/02 1:46:56 PT [2021/04/02 4:46:56 ET]
Table 'Eurydome' 9-max Seat #9 is the button
Seat 1: shefa77 ($0.59 in chips) 
Seat 2: zuszek85 ($1.61 in chips) 
Seat 3: dsn8fk2 ($0.75 in chips) 
Seat 4: Realtor59 ($1.47 in chips) 
Seat 5: PaQeda ($2.31 in chips) 
Seat 6: Dorex2007 ($1.79 in chips) 
Seat 7: Nhük50 ($1.26 in chips) 
Seat 8: coicorac ($1.60 in chips) 
Seat 9: XPEHTOMAT ($2.41 in chips) 
shefa77: posts small blind $0.01
zuszek85: posts big blind $0.02
coicorac: posts big blind $0.02
*** HOLE CARDS ***
Dealt to Dorex2007 [As Td]
dsn8fk2: raises $0.04 to $0.06
Realtor59: folds 
PaQeda: folds 
Dorex2007: folds 
Nhük50: folds 
coicorac: folds 
XPEHTOMAT: calls $0.06
shefa77: calls $0.05
zuszek85: folds 
*** FLOP *** [3d Jc 6c]
shefa77: bets $0.04
dsn8fk2: calls $0.04
XPEHTOMAT: calls $0.04
*** TURN *** [3d Jc 6c] [5s]
shefa77: bets $0.04
dsn8fk2: calls $0.04
XPEHTOMAT: folds 
*** RIVER *** [3d Jc 6c 5s] [9d]
shefa77: bets $0.04
dsn8fk2: calls $0.04
*** SHOW DOWN ***
shefa77: shows [Jh Qs] (a pair of Jacks)
dsn8fk2: mucks hand 
shefa77 collected $0.48 from pot
*** SUMMARY ***
Total pot $0.50 | Rake $0.02 
Board [3d Jc 6c 5s 9d]
Seat 1: shefa77 (small blind) showed [Jh Qs] and won ($0.48) with a pair of Jacks
Seat 2: zuszek85 (big blind) folded before Flop
Seat 3: dsn8fk2 mucked [Qd Ad]
Seat 4: Realtor59 folded before Flop (didn't bet)
Seat 5: PaQeda folded before Flop (didn't bet)
Seat 6: Dorex2007 folded before Flop (didn't bet)
Seat 7: Nhük50 folded before Flop (didn't bet)
Seat 8: coicorac folded before Flop (didn't bet)
Seat 9: XPEHTOMAT (button) folded on the Turn



PokerStars Hand #225416813065:  Hold'em No Limit ($0.01/$0.02 USD) - 2021/04/02 1:47:41 PT [2021/04/02 4:47:41 ET]
Table 'Eurydome' 9-max Seat #1 is the button
Seat 1: shefa77 ($0.89 in chips) 
Seat 2: zuszek85 ($1.59 in chips) 
Seat 3: dsn8fk2 ($0.57 in chips) 
Seat 4: Realtor59 ($1.47 in chips) 
Seat 5: PaQeda ($2.31 in chips) 
Seat 6: Dorex2007 ($1.79 in chips) 
Seat 7: Nhük50 ($1.26 in chips) 
Seat 8: coicorac ($1.58 in chips) 
Seat 9: XPEHTOMAT ($2.31 in chips) 
zuszek85: posts small blind $0.01
dsn8fk2: posts big blind $0.02
*** HOLE CARDS ***
Dealt to Dorex2007 [Kh 7s]
Realtor59: calls $0.02
PaQeda: folds 
Dorex2007: calls $0.02
Nhük50: raises $0.04 to $0.06
coicorac: calls $0.06
XPEHTOMAT: folds 
shefa77: folds 
zuszek85: calls $0.05
dsn8fk2: raises $0.14 to $0.20
Realtor59: folds 
Dorex2007: folds 
Nhük50: folds 
coicorac: folds 
zuszek85: calls $0.14
*** FLOP *** [6h Jh 9d]
zuszek85: checks 
dsn8fk2: bets $0.37 and is all-in
zuszek85: folds 
Uncalled bet ($0.37) returned to dsn8fk2
dsn8fk2 collected $0.54 from pot
dsn8fk2: doesn't show hand 
*** SUMMARY ***
Total pot $0.56 | Rake $0.02 
Board [6h Jh 9d]
Seat 1: shefa77 (button) folded before Flop (didn't bet)
Seat 2: zuszek85 (small blind) folded on the Flop
Seat 3: dsn8fk2 (big blind) collected ($0.54)
Seat 4: Realtor59 folded before Flop
Seat 5: PaQeda folded before Flop (didn't bet)
Seat 6: Dorex2007 folded before Flop
Seat 7: Nhük50 folded before Flop
Seat 8: coicorac folded before Flop
Seat 9: XPEHTOMAT folded before Flop (didn't bet)



PokerStars Hand #225416829156:  Hold'em No Limit ($0.01/$0.02 USD) - 2021/04/02 1:48:48 PT [2021/04/02 4:48:48 ET]
Table 'Eurydome' 9-max Seat #2 is the button
Seat 1: shefa77 ($0.89 in chips) 
Seat 2: zuszek85 ($1.39 in chips) 
Seat 3: dsn8fk2 ($0.91 in chips) 
Seat 4: Realtor59 ($1.45 in chips) 
Seat 5: PaQeda ($2.31 in chips) 
Seat 6: Dorex2007 ($1.77 in chips) 
Seat 7: Nhük50 ($1.20 in chips) 
Seat 8: coicorac ($1.52 in chips) 
Seat 9: XPEHTOMAT ($2.31 in chips) 
dsn8fk2: posts small blind $0.01
Realtor59: posts big blind $0.02
*** HOLE CARDS ***
Dealt to Dorex2007 [2h 5c]
PaQeda: folds 
Dorex2007: folds 
Nhük50: calls $0.02
coicorac: calls $0.02
XPEHTOMAT: raises $0.08 to $0.10
shefa77: folds 
zuszek85: folds 
dsn8fk2: folds 
Realtor59: folds 
Nhük50: folds 
coicorac: folds 
Uncalled bet ($0.08) returned to XPEHTOMAT
XPEHTOMAT collected $0.09 from pot
*** SUMMARY ***
Total pot $0.09 | Rake $0 
Seat 1: shefa77 folded before Flop (didn't bet)
Seat 2: zuszek85 (button) folded before Flop (didn't bet)
Seat 3: dsn8fk2 (small blind) folded before Flop
Seat 4: Realtor59 (big blind) folded before Flop
Seat 5: PaQeda folded before Flop (didn't bet)
Seat 6: Dorex2007 folded before Flop (didn't bet)
Seat 7: Nhük50 folded before Flop
Seat 8: coicorac folded before Flop
Seat 9: XPEHTOMAT collected ($0.09)



PokerStars Hand #225416834996:  Hold'em No Limit ($0.01/$0.02 USD) - 2021/04/02 1:49:12 PT [2021/04/02 4:49:12 ET]
Table 'Eurydome' 9-max Seat #3 is the button
Seat 1: shefa77 ($0.89 in chips) 
Seat 2: zuszek85 ($1.39 in chips) 
Seat 3: dsn8fk2 ($0.90 in chips) 
Seat 4: Realtor59 ($1.43 in chips) 
Seat 5: PaQeda ($2.31 in chips) 
Seat 6: Dorex2007 ($1.77 in chips) 
Seat 7: Nhük50 ($1.18 in chips) 
Seat 8: coicorac ($1.50 in chips) 
Seat 9: XPEHTOMAT ($2.38 in chips) 
Realtor59: posts small blind $0.01
PaQeda: posts big blind $0.02
*** HOLE CARDS ***
Dealt to Dorex2007 [8h 3s]
Dorex2007: folds 
Nhük50: folds 
coicorac: calls $0.02
XPEHTOMAT: folds 
shefa77: calls $0.02
zuszek85 has timed out
zuszek85: folds 
dsn8fk2: folds 
Realtor59: calls $0.01
PaQeda: raises $0.06 to $0.08
coicorac: calls $0.06
shefa77: calls $0.06
Realtor59: folds 
*** FLOP *** [Jh 3h 5c]
PaQeda: bets $0.19
coicorac: folds 
shefa77: folds 
Uncalled bet ($0.19) returned to PaQeda
PaQeda collected $0.25 from pot
PaQeda: doesn't show hand 
*** SUMMARY ***
Total pot $0.26 | Rake $0.01 
Board [Jh 3h 5c]
Seat 1: shefa77 folded on the Flop
Seat 2: zuszek85 folded before Flop (didn't bet)
Seat 3: dsn8fk2 (button) folded before Flop (didn't bet)
Seat 4: Realtor59 (small blind) folded before Flop
Seat 5: PaQeda (big blind) collected ($0.25)
Seat 6: Dorex2007 folded before Flop (didn't bet)
Seat 7: Nhük50 folded before Flop (didn't bet)
Seat 8: coicorac folded on the Flop
Seat 9: XPEHTOMAT folded before Flop (didn't bet)



PokerStars Hand #225416849422:  Hold'em No Limit ($0.01/$0.02 USD) - 2021/04/02 1:50:13 PT [2021/04/02 4:50:13 ET]
Table 'Eurydome' 9-max Seat #4 is the button
Seat 1: shefa77 ($0.81 in chips) 
Seat 3: dsn8fk2 ($0.90 in chips) 
Seat 4: Realtor59 ($1.41 in chips) 
Seat 5: PaQeda ($2.48 in chips) 
Seat 6: Dorex2007 ($1.77 in chips) 
Seat 7: Nhük50 ($1.18 in chips) 
Seat 8: coicorac ($1.42 in chips) 
Seat 9: XPEHTOMAT ($2.38 in chips) 
PaQeda: posts small blind $0.01
Dorex2007: posts big blind $0.02
*** HOLE CARDS ***
Dealt to Dorex2007 [8s Js]
Nhük50: folds 
coicorac: folds 
XPEHTOMAT: folds 
shefa77: calls $0.02
dsn8fk2: folds 
Realtor59: folds 
PaQeda: folds 
Dorex2007: checks 
*** FLOP *** [2h 3s Kh]
Dorex2007: checks 
shefa77: bets $0.02
Dorex2007: folds 
Uncalled bet ($0.02) returned to shefa77
shefa77 collected $0.05 from pot
shefa77: doesn't show hand 
*** SUMMARY ***
Total pot $0.05 | Rake $0 
Board [2h 3s Kh]
Seat 1: shefa77 collected ($0.05)
Seat 3: dsn8fk2 folded before Flop (didn't bet)
Seat 4: Realtor59 (button) folded before Flop (didn't bet)
Seat 5: PaQeda (small blind) folded before Flop
Seat 6: Dorex2007 (big blind) folded on the Flop
Seat 7: Nhük50 folded before Flop (didn't bet)
Seat 8: coicorac folded before Flop (didn't bet)
Seat 9: XPEHTOMAT folded before Flop (didn't bet)



PokerStars Hand #225416855280:  Hold'em No Limit ($0.01/$0.02 USD) - 2021/04/02 1:50:37 PT [2021/04/02 4:50:37 ET]
Table 'Eurydome' 9-max Seat #5 is the button
Seat 1: shefa77 ($0.84 in chips) 
Seat 3: dsn8fk2 ($0.90 in chips) 
Seat 4: Realtor59 ($1.41 in chips) 
Seat 5: PaQeda ($2.47 in chips) 
Seat 6: Dorex2007 ($1.75 in chips) 
Seat 7: Nhük50 ($1.18 in chips) 
Seat 8: coicorac ($1.42 in chips) 
Seat 9: XPEHTOMAT ($2.38 in chips) 
Dorex2007: posts small blind $0.01
Nhük50: posts big blind $0.02
*** HOLE CARDS ***
Dealt to Dorex2007 [2s 4s]
coicorac: folds 
XPEHTOMAT: folds 
shefa77: folds 
dsn8fk2: raises $0.04 to $0.06
Realtor59: folds 
PaQeda: folds 
Dorex2007: folds 
Nhük50: calls $0.04
*** FLOP *** [9s Ah 4h]
Nhük50: checks 
dsn8fk2: checks 
*** TURN *** [9s Ah 4h] [Jh]
Nhük50: checks 
dsn8fk2: bets $0.08
Nhük50: folds 
Uncalled bet ($0.08) returned to dsn8fk2
dsn8fk2 collected $0.13 from pot
dsn8fk2: doesn't show hand 
*** SUMMARY ***
Total pot $0.13 | Rake $0 
Board [9s Ah 4h Jh]
Seat 1: shefa77 folded before Flop (didn't bet)
Seat 3: dsn8fk2 collected ($0.13)
Seat 4: Realtor59 folded before Flop (didn't bet)
Seat 5: PaQeda (button) folded before Flop (didn't bet)
Seat 6: Dorex2007 (small blind) folded before Flop
Seat 7: Nhük50 (big blind) folded on the Turn
Seat 8: coicorac folded before Flop (didn't bet)
Seat 9: XPEHTOMAT folded before Flop (didn't bet)



PokerStars Hand #225416865483:  Hold'em No Limit ($0.01/$0.02 USD) - 2021/04/02 1:51:19 PT [2021/04/02 4:51:19 ET]
Table 'Eurydome' 9-max Seat #6 is the button
Seat 1: shefa77 ($0.84 in chips) 
Seat 3: dsn8fk2 ($0.97 in chips) 
Seat 4: Realtor59 ($1.41 in chips) 
Seat 5: PaQeda ($2.47 in chips) 
Seat 6: Dorex2007 ($1.74 in chips) 
Seat 7: Nhük50 ($1.12 in chips) 
Seat 8: coicorac ($1.42 in chips) 
Seat 9: XPEHTOMAT ($2.38 in chips) 
Nhük50: posts small blind $0.01
coicorac: posts big blind $0.02
*** HOLE CARDS ***
Dealt to Dorex2007 [5c 2c]
XPEHTOMAT: folds 
shefa77: folds 
dsn8fk2: folds 
Realtor59: raises $0.04 to $0.06
PaQeda: folds 
Dorex2007: folds 
Nhük50: calls $0.05
coicorac: calls $0.04
*** FLOP *** [Th 9s Jh]
Nhük50: checks 
coicorac: checks 
Realtor59: bets $0.08
Nhük50: calls $0.08
coicorac: calls $0.08
*** TURN *** [Th 9s Jh] [Jc]
Nhük50: checks 
coicorac: checks 
Realtor59: checks 
*** RIVER *** [Th 9s Jh Jc] [Td]
Nhük50: bets $0.08
coicorac: folds 
Realtor59: folds 
Uncalled bet ($0.08) returned to Nhük50
Nhük50 collected $0.41 from pot
*** SUMMARY ***
Total pot $0.42 | Rake $0.01 
Board [Th 9s Jh Jc Td]
Seat 1: shefa77 folded before Flop (didn't bet)
Seat 3: dsn8fk2 folded before Flop (didn't bet)
Seat 4: Realtor59 folded on the River
Seat 5: PaQeda folded before Flop (didn't bet)
Seat 6: Dorex2007 (button) folded before Flop (didn't bet)
Seat 7: Nhük50 (small blind) collected ($0.41)
Seat 8: coicorac (big blind) folded on the River
Seat 9: XPEHTOMAT folded before Flop (didn't bet)



PokerStars Hand #225416878945:  Hold'em No Limit ($0.01/$0.02 USD) - 2021/04/02 1:52:15 PT [2021/04/02 4:52:15 ET]
Table 'Eurydome' 9-max Seat #7 is the button
Seat 1: shefa77 ($0.84 in chips) 
Seat 3: dsn8fk2 ($0.97 in chips) 
Seat 4: Realtor59 ($1.27 in chips) 
Seat 5: PaQeda ($2.47 in chips) 
Seat 6: Dorex2007 ($1.74 in chips) 
Seat 7: Nhük50 ($1.39 in chips) 
Seat 8: coicorac ($1.28 in chips) 
Seat 9: XPEHTOMAT ($2.38 in chips) 
coicorac: posts small blind $0.01
XPEHTOMAT: posts big blind $0.02
*** HOLE CARDS ***
Dealt to Dorex2007 [6d 8s]
shefa77: folds 
dsn8fk2: folds 
Realtor59: folds 
PaQeda: folds 
Dorex2007: folds 
Nhük50: calls $0.02
coicorac: calls $0.01
XPEHTOMAT: checks 
*** FLOP *** [2s Kd Jh]
coicorac: checks 
XPEHTOMAT: checks 
Nhük50: checks 
*** TURN *** [2s Kd Jh] [Ts]
coicorac: checks 
XPEHTOMAT: checks 
Nhük50: checks 
*** RIVER *** [2s Kd Jh Ts] [9h]
coicorac: bets $0.03
XPEHTOMAT: folds 
Nhük50: folds 
Uncalled bet ($0.03) returned to coicorac
coicorac collected $0.06 from pot
coicorac: doesn't show hand 
*** SUMMARY ***
Total pot $0.06 | Rake $0 
Board [2s Kd Jh Ts 9h]
Seat 1: shefa77 folded before Flop (didn't bet)
Seat 3: dsn8fk2 folded before Flop (didn't bet)
Seat 4: Realtor59 folded before Flop (didn't bet)
Seat 5: PaQeda folded before Flop (didn't bet)
Seat 6: Dorex2007 folded before Flop (didn't bet)
Seat 7: Nhük50 (button) folded on the River
Seat 8: coicorac (small blind) collected ($0.06)
Seat 9: XPEHTOMAT (big blind) folded on the River



PokerStars Hand #225416888659:  Hold'em No Limit ($0.01/$0.02 USD) - 2021/04/02 1:52:56 PT [2021/04/02 4:52:56 ET]
Table 'Eurydome' 9-max Seat #8 is the button
Seat 1: shefa77 ($0.84 in chips) 
Seat 3: dsn8fk2 ($0.97 in chips) 
Seat 4: Realtor59 ($1.50 in chips) 
Seat 5: PaQeda ($2.47 in chips) 
Seat 6: Dorex2007 ($1.74 in chips) 
Seat 7: Nhük50 ($1.37 in chips) 
Seat 8: coicorac ($1.32 in chips) 
Seat 9: XPEHTOMAT ($2.36 in chips) 
XPEHTOMAT: posts small blind $0.01
shefa77: posts big blind $0.02
*** HOLE CARDS ***
Dealt to Dorex2007 [Kc 8d]
dsn8fk2: folds 
Realtor59: raises $0.02 to $0.04
PaQeda: folds 
Dorex2007: folds 
Nhük50: folds 
coicorac: calls $0.04
XPEHTOMAT: folds 
shefa77: calls $0.02
*** FLOP *** [7h Jd 6c]
shefa77: checks 
Realtor59: checks 
coicorac: checks 
*** TURN *** [7h Jd 6c] [Qc]
shefa77: checks 
Realtor59: bets $0.06
coicorac: calls $0.06
shefa77: folds 
*** RIVER *** [7h Jd 6c Qc] [Qh]
Realtor59: checks 
coicorac: checks 
*** SHOW DOWN ***
Realtor59: shows [Kd Ts] (a pair of Queens)
coicorac: mucks hand 
Realtor59 collected $0.24 from pot
*** SUMMARY ***
Total pot $0.25 | Rake $0.01 
Board [7h Jd 6c Qc Qh]
Seat 1: shefa77 (big blind) folded on the Turn
Seat 3: dsn8fk2 folded before Flop (didn't bet)
Seat 4: Realtor59 showed [Kd Ts] and won ($0.24) with a pair of Queens
Seat 5: PaQeda folded before Flop (didn't bet)
Seat 6: Dorex2007 folded before Flop (didn't bet)
Seat 7: Nhük50 folded before Flop (didn't bet)
Seat 8: coicorac (button) mucked [Td 9s]
Seat 9: XPEHTOMAT (small blind) folded before Flop



PokerStars Hand #225416898127:  Hold'em No Limit ($0.01/$0.02 USD) - 2021/04/02 1:53:36 PT [2021/04/02 4:53:36 ET]
Table 'Eurydome' 9-max Seat #9 is the button
Seat 1: shefa77 ($0.80 in chips) 
Seat 3: dsn8fk2 ($0.97 in chips) 
Seat 4: Realtor59 ($1.64 in chips) 
Seat 5: PaQeda ($2.47 in chips) 
Seat 6: Dorex2007 ($1.74 in chips) 
Seat 7: Nhük50 ($1.37 in chips) 
Seat 8: coicorac ($1.22 in chips) 
Seat 9: XPEHTOMAT ($2.35 in chips) 
shefa77: posts small blind $0.01
dsn8fk2: posts big blind $0.02
*** HOLE CARDS ***
Dealt to Dorex2007 [Ks Ad]
Realtor59: folds 
PaQeda: raises $0.04 to $0.06
Dorex2007: raises $0.06 to $0.12
Nhük50: folds 
coicorac: folds 
XPEHTOMAT: folds 
shefa77: folds 
dsn8fk2: folds 
PaQeda: folds 
Uncalled bet ($0.06) returned to Dorex2007
Dorex2007 collected $0.15 from pot
Dorex2007: doesn't show hand 
*** SUMMARY ***
Total pot $0.15 | Rake $0 
Seat 1: shefa77 (small blind) folded before Flop
Seat 3: dsn8fk2 (big blind) folded before Flop
Seat 4: Realtor59 folded before Flop (didn't bet)
Seat 5: PaQeda folded before Flop
Seat 6: Dorex2007 collected ($0.15)
Seat 7: Nhük50 folded before Flop (didn't bet)
Seat 8: coicorac folded before Flop (didn't bet)
Seat 9: XPEHTOMAT (button) folded before Flop (didn't bet)



PokerStars Hand #225416905562:  Hold'em No Limit ($0.01/$0.02 USD) - 2021/04/02 1:54:07 PT [2021/04/02 4:54:07 ET]
Table 'Eurydome' 9-max Seat #1 is the button
Seat 1: shefa77 ($0.79 in chips) 
Seat 3: dsn8fk2 ($0.95 in chips) 
Seat 4: Realtor59 ($1.64 in chips) 
Seat 5: PaQeda ($2.41 in chips) 
Seat 6: Dorex2007 ($1.83 in chips) 
Seat 7: Nhük50 ($1.37 in chips) 
Seat 8: coicorac ($1.22 in chips) 
Seat 9: XPEHTOMAT ($2.35 in chips) 
dsn8fk2: posts small blind $0.01
Realtor59: posts big blind $0.02
*** HOLE CARDS ***
Dealt to Dorex2007 [5s 3s]
PaQeda: folds 
Dorex2007: folds 
Nhük50: raises $0.04 to $0.06
coicorac: folds 
XPEHTOMAT: folds 
shefa77: folds 
dsn8fk2 said, "un dmc"
dsn8fk2: calls $0.05
Realtor59: folds 
*** FLOP *** [7s 2h 9s]
dsn8fk2: bets $0.09
Nhük50: calls $0.09
*** TURN *** [7s 2h 9s] [6s]
dsn8fk2: checks 
Nhük50: checks 
*** RIVER *** [7s 2h 9s 6s] [3d]
dsn8fk2: bets $0.16
Nhük50: folds 
Uncalled bet ($0.16) returned to dsn8fk2
dsn8fk2 collected $0.31 from pot
dsn8fk2: doesn't show hand 
*** SUMMARY ***
Total pot $0.32 | Rake $0.01 
Board [7s 2h 9s 6s 3d]
Seat 1: shefa77 (button) folded before Flop (didn't bet)
Seat 3: dsn8fk2 (small blind) collected ($0.31)
Seat 4: Realtor59 (big blind) folded before Flop
Seat 5: PaQeda folded before Flop (didn't bet)
Seat 6: Dorex2007 folded before Flop (didn't bet)
Seat 7: Nhük50 folded on the River
Seat 8: coicorac folded before Flop (didn't bet)
Seat 9: XPEHTOMAT folded before Flop (didn't bet)



PokerStars Hand #225416924576:  Hold'em No Limit ($0.01/$0.02 USD) - 2021/04/02 1:54:51 PT [2021/04/02 4:54:51 ET]
Table 'Eurydome' 9-max Seat #3 is the button
Seat 1: shefa77 ($0.79 in chips) 
Seat 3: dsn8fk2 ($1.11 in chips) 
Seat 4: Realtor59 ($1.62 in chips) 
Seat 5: PaQeda ($2.41 in chips) 
Seat 6: Dorex2007 ($1.83 in chips) 
Seat 7: Nhük50 ($1.22 in chips) 
Seat 8: coicorac ($1.22 in chips) 
Seat 9: XPEHTOMAT ($2.35 in chips) 
Realtor59: posts small blind $0.01
PaQeda: posts big blind $0.02
*** HOLE CARDS ***
Dealt to Dorex2007 [Jd Jc]
Dorex2007: raises $0.04 to $0.06
Nhük50: folds 
coicorac: folds 
XPEHTOMAT: folds 
shefa77: folds 
dsn8fk2: folds 
Realtor59: folds 
PaQeda: calls $0.04
*** FLOP *** [Qh Ad 9c]
PaQeda: bets $0.10
Dorex2007: folds 
Uncalled bet ($0.10) returned to PaQeda
PaQeda collected $0.13 from pot
PaQeda: doesn't show hand 
*** SUMMARY ***
Total pot $0.13 | Rake $0 
Board [Qh Ad 9c]
Seat 1: shefa77 folded before Flop (didn't bet)
Seat 3: dsn8fk2 (button) folded before Flop (didn't bet)
Seat 4: Realtor59 (small blind) folded before Flop
Seat 5: PaQeda (big blind) collected ($0.13)
Seat 6: Dorex2007 folded on the Flop
Seat 7: Nhük50 folded before Flop (didn't bet)
Seat 8: coicorac folded before Flop (didn't bet)
Seat 9: XPEHTOMAT folded before Flop (didn't bet)



PokerStars Hand #225416930709:  Hold'em No Limit ($0.01/$0.02 USD) - 2021/04/02 1:55:17 PT [2021/04/02 4:55:17 ET]
Table 'Eurydome' 9-max Seat #4 is the button
Seat 1: shefa77 ($0.79 in chips) 
Seat 3: dsn8fk2 ($1.11 in chips) 
Seat 4: Realtor59 ($1.61 in chips) 
Seat 5: PaQeda ($2.48 in chips) 
Seat 6: Dorex2007 ($1.77 in chips) 
Seat 7: Nhük50 ($1.22 in chips) 
Seat 8: coicorac ($1.22 in chips) 
Seat 9: XPEHTOMAT ($2.35 in chips) 
PaQeda: posts small blind $0.01
Dorex2007: posts big blind $0.02
*** HOLE CARDS ***
Dealt to Dorex2007 [5d Qs]
Nhük50: calls $0.02
coicorac: calls $0.02
XPEHTOMAT: folds 
shefa77: folds 
dsn8fk2: folds 
Realtor59: folds 
PaQeda: raises $0.04 to $0.06
Dorex2007: folds 
Nhük50: calls $0.04
coicorac: calls $0.04
*** FLOP *** [8d Td Ad]
PaQeda: bets $0.07
Nhük50: folds 
coicorac: calls $0.07
*** TURN *** [8d Td Ad] [Qh]
PaQeda: checks 
coicorac: bets $0.16
PaQeda: folds 
Uncalled bet ($0.16) returned to coicorac
coicorac collected $0.33 from pot
coicorac: doesn't show hand 
*** SUMMARY ***
Total pot $0.34 | Rake $0.01 
Board [8d Td Ad Qh]
Seat 1: shefa77 folded before Flop (didn't bet)
Seat 3: dsn8fk2 folded before Flop (didn't bet)
Seat 4: Realtor59 (button) folded before Flop (didn't bet)
Seat 5: PaQeda (small blind) folded on the Turn
Seat 6: Dorex2007 (big blind) folded before Flop
Seat 7: Nhük50 folded on the Flop
Seat 8: coicorac collected ($0.33)
Seat 9: XPEHTOMAT folded before Flop (didn't bet)



PokerStars Hand #225416944225:  Hold'em No Limit ($0.01/$0.02 USD) - 2021/04/02 1:56:24 PT [2021/04/02 4:56:24 ET]
Table 'Eurydome' 9-max Seat #5 is the button
Seat 1: shefa77 ($0.79 in chips) 
Seat 3: dsn8fk2 ($1.11 in chips) 
Seat 4: Realtor59 ($1.61 in chips) 
Seat 5: PaQeda ($2.35 in chips) 
Seat 6: Dorex2007 ($1.75 in chips) 
Seat 7: Nhük50 ($1.16 in chips) 
Seat 8: coicorac ($1.42 in chips) 
Seat 9: XPEHTOMAT ($2.35 in chips) 
Dorex2007: posts small blind $0.01
Nhük50: posts big blind $0.02
*** HOLE CARDS ***
Dealt to Dorex2007 [5c 7s]
coicorac: folds 
XPEHTOMAT: raises $0.04 to $0.06
shefa77: calls $0.06
dsn8fk2: folds 
Realtor59: folds 
PaQeda: calls $0.06
Dorex2007: folds 
Nhük50: folds 
*** FLOP *** [As Qh 3s]
XPEHTOMAT: checks 
shefa77: checks 
PaQeda: bets $0.07
XPEHTOMAT: folds 
shefa77: folds 
Uncalled bet ($0.07) returned to PaQeda
PaQeda collected $0.20 from pot
PaQeda: doesn't show hand 
*** SUMMARY ***
Total pot $0.21 | Rake $0.01 
Board [As Qh 3s]
Seat 1: shefa77 folded on the Flop
Seat 3: dsn8fk2 folded before Flop (didn't bet)
Seat 4: Realtor59 folded before Flop (didn't bet)
Seat 5: PaQeda (button) collected ($0.20)
Seat 6: Dorex2007 (small blind) folded before Flop
Seat 7: Nhük50 (big blind) folded before Flop
Seat 8: coicorac folded before Flop (didn't bet)
Seat 9: XPEHTOMAT folded on the Flop



PokerStars Hand #225416951089:  Hold'em No Limit ($0.01/$0.02 USD) - 2021/04/02 1:56:59 PT [2021/04/02 4:56:59 ET]
Table 'Eurydome' 9-max Seat #6 is the button
Seat 1: shefa77 ($0.73 in chips) 
Seat 3: dsn8fk2 ($1.11 in chips) 
Seat 4: Realtor59 ($1.61 in chips) 
Seat 5: PaQeda ($2.49 in chips) 
Seat 6: Dorex2007 ($1.74 in chips) 
Seat 7: Nhük50 ($1.14 in chips) 
Seat 8: coicorac ($1.42 in chips) 
Seat 9: XPEHTOMAT ($2.29 in chips) 
Nhük50: posts small blind $0.01
coicorac: posts big blind $0.02
*** HOLE CARDS ***
Dealt to Dorex2007 [6s 9h]
XPEHTOMAT: folds 
shefa77: folds 
dsn8fk2: folds 
Realtor59: folds 
PaQeda: raises $0.04 to $0.06
Dorex2007: folds 
Nhük50: folds 
coicorac: calls $0.04
*** FLOP *** [7s 2s Kd]
coicorac: checks 
PaQeda: bets $0.10
coicorac: calls $0.10
*** TURN *** [7s 2s Kd] [Qc]
coicorac: checks 
PaQeda: bets $0.24
coicorac: folds 
Uncalled bet ($0.24) returned to PaQeda
PaQeda collected $0.32 from pot
PaQeda: doesn't show hand 
*** SUMMARY ***
Total pot $0.33 | Rake $0.01 
Board [7s 2s Kd Qc]
Seat 1: shefa77 folded before Flop (didn't bet)
Seat 3: dsn8fk2 folded before Flop (didn't bet)
Seat 4: Realtor59 folded before Flop (didn't bet)
Seat 5: PaQeda collected ($0.32)
Seat 6: Dorex2007 (button) folded before Flop (didn't bet)
Seat 7: Nhük50 (small blind) folded before Flop
Seat 8: coicorac (big blind) folded on the Turn
Seat 9: XPEHTOMAT folded before Flop (didn't bet)



PokerStars Hand #225416958711:  Hold'em No Limit ($0.01/$0.02 USD) - 2021/04/02 1:57:36 PT [2021/04/02 4:57:36 ET]
Table 'Eurydome' 9-max Seat #7 is the button
Seat 1: shefa77 ($0.73 in chips) 
Seat 3: dsn8fk2 ($1.11 in chips) 
Seat 4: Realtor59 ($1.61 in chips) 
Seat 5: PaQeda ($2.65 in chips) 
Seat 6: Dorex2007 ($1.74 in chips) 
Seat 7: Nhük50 ($1.13 in chips) 
Seat 8: coicorac ($1.26 in chips) 
Seat 9: XPEHTOMAT ($2.29 in chips) 
coicorac: posts small blind $0.01
XPEHTOMAT: posts big blind $0.02
*** HOLE CARDS ***
Dealt to Dorex2007 [4c 4s]
shefa77: folds 
dsn8fk2: folds 
Realtor59: folds 
PaQeda: folds 
Dorex2007: raises $0.04 to $0.06
Nhük50: folds 
coicorac: folds 
XPEHTOMAT: folds 
Uncalled bet ($0.04) returned to Dorex2007
Dorex2007 collected $0.05 from pot
Dorex2007: doesn't show hand 
*** SUMMARY ***
Total pot $0.05 | Rake $0 
Seat 1: shefa77 folded before Flop (didn't bet)
Seat 3: dsn8fk2 folded before Flop (didn't bet)
Seat 4: Realtor59 folded before Flop (didn't bet)
Seat 5: PaQeda folded before Flop (didn't bet)
Seat 6: Dorex2007 collected ($0.05)
Seat 7: Nhük50 (button) folded before Flop (didn't bet)
Seat 8: coicorac (small blind) folded before Flop
Seat 9: XPEHTOMAT (big blind) folded before Flop



PokerStars Hand #225416962694:  Hold'em No Limit ($0.01/$0.02 USD) - 2021/04/02 1:57:56 PT [2021/04/02 4:57:56 ET]
Table 'Eurydome' 9-max Seat #8 is the button
Seat 1: shefa77 ($0.73 in chips) 
Seat 3: dsn8fk2 ($1.11 in chips) 
Seat 4: Realtor59 ($1.61 in chips) 
Seat 5: PaQeda ($2.65 in chips) 
Seat 6: Dorex2007 ($1.77 in chips) 
Seat 7: Nhük50 ($1.13 in chips) 
Seat 8: coicorac ($1.25 in chips) 
Seat 9: XPEHTOMAT ($2.27 in chips) 
XPEHTOMAT: posts small blind $0.01
shefa77: posts big blind $0.02
*** HOLE CARDS ***
Dealt to Dorex2007 [4d Jh]
dsn8fk2: raises $0.04 to $0.06
Realtor59: calls $0.06
PaQeda: folds 
Dorex2007: folds 
PaQeda leaves the table
Nhük50: folds 
coicorac: folds 
XPEHTOMAT: folds 
shefa77: folds 
*** FLOP *** [5s Qs 2d]
raitsike24 joins the table at seat #5 
dsn8fk2: checks 
Realtor59: bets $0.04
dsn8fk2: calls $0.04
*** TURN *** [5s Qs 2d] [8h]
dsn8fk2: checks 
Realtor59: checks 
*** RIVER *** [5s Qs 2d 8h] [5c]
dsn8fk2: bets $0.11
Realtor59: raises $0.19 to $0.30
dsn8fk2: raises $0.19 to $0.49
Realtor59: calls $0.19
*** SHOW DOWN ***
dsn8fk2: shows [Ah Kh] (a pair of Fives)
Realtor59: shows [5h 6h] (three of a kind, Fives)
Realtor59 collected $1.17 from pot
*** SUMMARY ***
Total pot $1.21 | Rake $0.04 
Board [5s Qs 2d 8h 5c]
Seat 1: shefa77 (big blind) folded before Flop
Seat 3: dsn8fk2 showed [Ah Kh] and lost with a pair of Fives
Seat 4: Realtor59 showed [5h 6h] and won ($1.17) with three of a kind, Fives
Seat 5: PaQeda folded before Flop (didn't bet)
Seat 6: Dorex2007 folded before Flop (didn't bet)
Seat 7: Nhük50 folded before Flop (didn't bet)
Seat 8: coicorac (button) folded before Flop (didn't bet)
Seat 9: XPEHTOMAT (small blind) folded before Flop



PokerStars Hand #225416972936:  Hold'em No Limit ($0.01/$0.02 USD) - 2021/04/02 1:58:47 PT [2021/04/02 4:58:47 ET]
Table 'Eurydome' 9-max Seat #9 is the button
Seat 1: shefa77 ($0.71 in chips) 
Seat 3: dsn8fk2 ($0.52 in chips) 
Seat 4: Realtor59 ($2.19 in chips) 
Seat 6: Dorex2007 ($1.77 in chips) 
Seat 7: Nhük50 ($1.13 in chips) 
Seat 8: coicorac ($1.25 in chips) 
Seat 9: XPEHTOMAT ($2.26 in chips) 
shefa77: posts small blind $0.01
dsn8fk2: posts big blind $0.02
raitsike24: sits out 
*** HOLE CARDS ***
Dealt to Dorex2007 [Kc 4d]
Realtor59: folds 
Dorex2007: folds 
Nhük50: folds 
coicorac: folds 
XPEHTOMAT: raises $0.04 to $0.06
shefa77: folds 
dsn8fk2: calls $0.04
*** FLOP *** [5h 4s Jd]
dsn8fk2: checks 
XPEHTOMAT: bets $0.09
dsn8fk2: calls $0.09
*** TURN *** [5h 4s Jd] [3d]
dsn8fk2: checks 
XPEHTOMAT: checks 
*** RIVER *** [5h 4s Jd 3d] [2s]
dsn8fk2: checks 
XPEHTOMAT: checks 
*** SHOW DOWN ***
dsn8fk2: shows [Jh Qc] (a pair of Jacks)
XPEHTOMAT: mucks hand 
dsn8fk2 collected $0.30 from pot
*** SUMMARY ***
Total pot $0.31 | Rake $0.01 
Board [5h 4s Jd 3d 2s]
Seat 1: shefa77 (small blind) folded before Flop
Seat 3: dsn8fk2 (big blind) showed [Jh Qc] and won ($0.30) with a pair of Jacks
Seat 4: Realtor59 folded before Flop (didn't bet)
Seat 6: Dorex2007 folded before Flop (didn't bet)
Seat 7: Nhük50 folded before Flop (didn't bet)
Seat 8: coicorac folded before Flop (didn't bet)
Seat 9: XPEHTOMAT (button) mucked [9c 9d]



PokerStars Hand #225416981814:  Hold'em No Limit ($0.01/$0.02 USD) - 2021/04/02 1:59:31 PT [2021/04/02 4:59:31 ET]
Table 'Eurydome' 9-max Seat #1 is the button
Seat 1: shefa77 ($0.70 in chips) 
Seat 3: dsn8fk2 ($0.67 in chips) 
Seat 4: Realtor59 ($2.19 in chips) 
Seat 6: Dorex2007 ($1.77 in chips) 
Seat 7: Nhük50 ($1.13 in chips) 
Seat 8: coicorac ($1.25 in chips) 
Seat 9: XPEHTOMAT ($2.11 in chips) 
dsn8fk2: posts small blind $0.01
Realtor59: posts big blind $0.02
raitsike24: sits out 
*** HOLE CARDS ***
Dealt to Dorex2007 [2s 9c]
Dorex2007: folds 
Nhük50: folds 
coicorac: folds 
XPEHTOMAT: folds 
shefa77: raises $0.04 to $0.06
dsn8fk2: calls $0.05
Realtor59: folds 
*** FLOP *** [7s 2d Kh]
dsn8fk2: checks 
shefa77: bets $0.07
dsn8fk2: calls $0.07
*** TURN *** [7s 2d Kh] [Ks]
dsn8fk2: checks 
shefa77: checks 
*** RIVER *** [7s 2d Kh Ks] [8d]
dsn8fk2: bets $0.20
shefa77: raises $0.37 to $0.57 and is all-in
dsn8fk2: calls $0.34 and is all-in
Uncalled bet ($0.03) returned to shefa77
*** SHOW DOWN ***
shefa77: shows [Kd Ah] (three of a kind, Kings)
dsn8fk2: shows [As 7d] (two pair, Kings and Sevens)
shefa77 collected $1.31 from pot
*** SUMMARY ***
Total pot $1.36 | Rake $0.05 
Board [7s 2d Kh Ks 8d]
Seat 1: shefa77 (button) showed [Kd Ah] and won ($1.31) with three of a kind, Kings
Seat 3: dsn8fk2 (small blind) showed [As 7d] and lost with two pair, Kings and Sevens
Seat 4: Realtor59 (big blind) folded before Flop
Seat 6: Dorex2007 folded before Flop (didn't bet)
Seat 7: Nhük50 folded before Flop (didn't bet)
Seat 8: coicorac folded before Flop (didn't bet)
Seat 9: XPEHTOMAT folded before Flop (didn't bet)



PokerStars Hand #225416989160:  Hold'em No Limit ($0.01/$0.02 USD) - 2021/04/02 2:00:07 PT [2021/04/02 5:00:07 ET]
Table 'Eurydome' 9-max Seat #4 is the button
Seat 1: shefa77 ($1.34 in chips) 
Seat 4: Realtor59 ($2.17 in chips) 
Seat 6: Dorex2007 ($1.77 in chips) 
Seat 7: Nhük50 ($1.13 in chips) 
Seat 8: coicorac ($1.25 in chips) 
Seat 9: XPEHTOMAT ($2.11 in chips) 
Dorex2007: posts small blind $0.01
Nhük50: posts big blind $0.02
*** HOLE CARDS ***
Dealt to Dorex2007 [Th 9d]
coicorac: calls $0.02
XPEHTOMAT: raises $0.06 to $0.08
shefa77: folds 
Realtor59: folds 
Dorex2007: folds 
Nhük50: folds 
coicorac: calls $0.06
*** FLOP *** [Td Jh Kh]
coicorac: checks 
XPEHTOMAT: checks 
*** TURN *** [Td Jh Kh] [Kc]
coicorac: bets $0.09
XPEHTOMAT: calls $0.09
*** RIVER *** [Td Jh Kh Kc] [6c]
coicorac: bets $0.18
XPEHTOMAT: calls $0.18
*** SHOW DOWN ***
coicorac: shows [Jd Kd] (a full house, Kings full of Jacks)
XPEHTOMAT: mucks hand 
coicorac collected $0.70 from pot
*** SUMMARY ***
Total pot $0.73 | Rake $0.03 
Board [Td Jh Kh Kc 6c]
Seat 1: shefa77 folded before Flop (didn't bet)
Seat 4: Realtor59 (button) folded before Flop (didn't bet)
Seat 6: Dorex2007 (small blind) folded before Flop
Seat 7: Nhük50 (big blind) folded before Flop
Seat 8: coicorac showed [Jd Kd] and won ($0.70) with a full house, Kings full of Jacks
Seat 9: XPEHTOMAT mucked [Ah Js]



PokerStars Hand #225416998926:  Hold'em No Limit ($0.01/$0.02 USD) - 2021/04/02 2:00:53 PT [2021/04/02 5:00:53 ET]
Table 'Eurydome' 9-max Seat #6 is the button
Seat 1: shefa77 ($1.34 in chips) 
Seat 4: Realtor59 ($2.17 in chips) 
Seat 5: raitsike24 ($2 in chips) 
Seat 6: Dorex2007 ($1.76 in chips) 
Seat 7: Nhük50 ($1.11 in chips) 
Seat 8: coicorac ($1.60 in chips) 
Seat 9: XPEHTOMAT ($1.76 in chips) 
Nhük50: posts small blind $0.01
coicorac: posts big blind $0.02
raitsike24: posts big blind $0.02
*** HOLE CARDS ***
Dealt to Dorex2007 [7h Ts]
XPEHTOMAT: folds 
shefa77: raises $0.04 to $0.06
Realtor59: folds 
raitsike24: calls $0.04
Dorex2007: folds 
Nhük50: folds 
coicorac: folds 
*** FLOP *** [4h 5s 8h]
shefa77: bets $0.02
raitsike24: folds 
Uncalled bet ($0.02) returned to shefa77
shefa77 collected $0.14 from pot
shefa77: doesn't show hand 
*** SUMMARY ***
Total pot $0.15 | Rake $0.01 
Board [4h 5s 8h]
Seat 1: shefa77 collected ($0.14)
Seat 4: Realtor59 folded before Flop (didn't bet)
Seat 5: raitsike24 folded on the Flop
Seat 6: Dorex2007 (button) folded before Flop (didn't bet)
Seat 7: Nhük50 (small blind) folded before Flop
Seat 8: coicorac (big blind) folded before Flop
Seat 9: XPEHTOMAT folded before Flop (didn't bet)



PokerStars Hand #225417006945:  Hold'em No Limit ($0.01/$0.02 USD) - 2021/04/02 2:01:27 PT [2021/04/02 5:01:27 ET]
Table 'Eurydome' 9-max Seat #7 is the button
Seat 1: shefa77 ($1.42 in chips) 
Seat 3: dsn8fk2 ($2 in chips) 
Seat 4: Realtor59 ($2.17 in chips) 
Seat 5: raitsike24 ($1.94 in chips) 
Seat 6: Dorex2007 ($1.76 in chips) 
Seat 7: Nhük50 ($1.10 in chips) 
Seat 8: coicorac ($1.58 in chips) 
Seat 9: XPEHTOMAT ($2 in chips) 
coicorac: posts small blind $0.01
XPEHTOMAT: posts big blind $0.02
*** HOLE CARDS ***
Dealt to Dorex2007 [4s 5s]
shefa77: folds 
dsn8fk2: folds 
Realtor59: folds 
raitsike24: folds 
Dorex2007: raises $0.04 to $0.06
Nhük50: folds 
coicorac: raises $0.06 to $0.12
XPEHTOMAT: folds 
Dorex2007: calls $0.06
*** FLOP *** [5h Kc Jh]
coicorac: checks 
Dorex2007: bets $0.13
coicorac: calls $0.13
*** TURN *** [5h Kc Jh] [2c]
coicorac: checks 
Dorex2007: checks 
*** RIVER *** [5h Kc Jh 2c] [Jc]
coicorac: checks 
Dorex2007: bets $0.50
coicorac: folds 
Uncalled bet ($0.50) returned to Dorex2007
Dorex2007 collected $0.50 from pot
Dorex2007: doesn't show hand 
*** SUMMARY ***
Total pot $0.52 | Rake $0.02 
Board [5h Kc Jh 2c Jc]
Seat 1: shefa77 folded before Flop (didn't bet)
Seat 3: dsn8fk2 folded before Flop (didn't bet)
Seat 4: Realtor59 folded before Flop (didn't bet)
Seat 5: raitsike24 folded before Flop (didn't bet)
Seat 6: Dorex2007 collected ($0.50)
Seat 7: Nhük50 (button) folded before Flop (didn't bet)
Seat 8: coicorac (small blind) folded on the River
Seat 9: XPEHTOMAT (big blind) folded before Flop



PokerStars Hand #225417019701:  Hold'em No Limit ($0.01/$0.02 USD) - 2021/04/02 2:02:20 PT [2021/04/02 5:02:20 ET]
Table 'Eurydome' 9-max Seat #8 is the button
Seat 1: shefa77 ($1.42 in chips) 
Seat 3: dsn8fk2 ($2 in chips) 
Seat 4: Realtor59 ($2.17 in chips) 
Seat 5: raitsike24 ($1.94 in chips) 
Seat 6: Dorex2007 ($2.01 in chips) 
Seat 7: Nhük50 ($1.10 in chips) 
Seat 8: coicorac ($1.33 in chips) 
Seat 9: XPEHTOMAT ($2 in chips) 
XPEHTOMAT: posts small blind $0.01
shefa77: posts big blind $0.02
*** HOLE CARDS ***
Dealt to Dorex2007 [Th Jd]
dsn8fk2: folds 
Realtor59: folds 
raitsike24: folds 
Dorex2007: folds 
Nhük50: raises $0.06 to $0.08
coicorac: folds 
XPEHTOMAT: folds 
shefa77: folds 
Uncalled bet ($0.06) returned to Nhük50
Nhük50 collected $0.05 from pot
*** SUMMARY ***
Total pot $0.05 | Rake $0 
Seat 1: shefa77 (big blind) folded before Flop
Seat 3: dsn8fk2 folded before Flop (didn't bet)
Seat 4: Realtor59 folded before Flop (didn't bet)
Seat 5: raitsike24 folded before Flop (didn't bet)
Seat 6: Dorex2007 folded before Flop (didn't bet)
Seat 7: Nhük50 collected ($0.05)
Seat 8: coicorac (button) folded before Flop (didn't bet)
Seat 9: XPEHTOMAT (small blind) folded before Flop



PokerStars Hand #225417023994:  Hold'em No Limit ($0.01/$0.02 USD) - 2021/04/02 2:02:38 PT [2021/04/02 5:02:38 ET]
Table 'Eurydome' 9-max Seat #9 is the button
Seat 1: shefa77 ($1.40 in chips) 
Seat 3: dsn8fk2 ($2 in chips) 
Seat 4: Realtor59 ($2.17 in chips) 
Seat 5: raitsike24 ($1.94 in chips) 
Seat 6: Dorex2007 ($2.01 in chips) 
Seat 7: Nhük50 ($1.13 in chips) 
Seat 8: coicorac ($1.33 in chips) 
Seat 9: XPEHTOMAT ($1.99 in chips) 
shefa77: posts small blind $0.01
dsn8fk2: posts big blind $0.02
*** HOLE CARDS ***
Dealt to Dorex2007 [4h Ks]
Realtor59: folds 
raitsike24: calls $0.02
Dorex2007: folds 
Nhük50: calls $0.02
coicorac: raises $0.02 to $0.04
XPEHTOMAT: folds 
shefa77: folds 
dsn8fk2: calls $0.02
raitsike24: calls $0.02
Nhük50: calls $0.02
*** FLOP *** [Jd Ad 5h]
dsn8fk2: checks 
raitsike24: bets $0.06
Nhük50: folds 
coicorac: folds 
dsn8fk2: folds 
Uncalled bet ($0.06) returned to raitsike24
raitsike24 collected $0.16 from pot
raitsike24: doesn't show hand 
*** SUMMARY ***
Total pot $0.17 | Rake $0.01 
Board [Jd Ad 5h]
Seat 1: shefa77 (small blind) folded before Flop
Seat 3: dsn8fk2 (big blind) folded on the Flop
Seat 4: Realtor59 folded before Flop (didn't bet)
Seat 5: raitsike24 collected ($0.16)
Seat 6: Dorex2007 folded before Flop (didn't bet)
Seat 7: Nhük50 folded on the Flop
Seat 8: coicorac folded on the Flop
Seat 9: XPEHTOMAT (button) folded before Flop (didn't bet)



PokerStars Hand #225417038773:  Hold'em No Limit ($0.01/$0.02 USD) - 2021/04/02 2:03:19 PT [2021/04/02 5:03:19 ET]
Table 'Eurydome' 9-max Seat #1 is the button
Seat 1: shefa77 ($1.39 in chips) 
Seat 3: dsn8fk2 ($1.96 in chips) 
Seat 4: Realtor59 ($2.17 in chips) 
Seat 5: raitsike24 ($2.06 in chips) 
Seat 6: Dorex2007 ($2.01 in chips) 
Seat 7: Nhük50 ($1.09 in chips) 
Seat 8: coicorac ($1.29 in chips) 
Seat 9: XPEHTOMAT ($2 in chips) 
dsn8fk2: posts small blind $0.01
Realtor59: posts big blind $0.02
*** HOLE CARDS ***
Dealt to Dorex2007 [6c Ks]
raitsike24: folds 
Dorex2007: folds 
Nhük50: folds 
coicorac: folds 
XPEHTOMAT: folds 
shefa77: folds 
dsn8fk2: calls $0.01
Realtor59: checks 
*** FLOP *** [8s 7h 4s]
dsn8fk2: bets $0.04
Realtor59: calls $0.04
*** TURN *** [8s 7h 4s] [Qh]
dsn8fk2: bets $0.06
Realtor59: calls $0.06
*** RIVER *** [8s 7h 4s Qh] [4h]
dsn8fk2: checks 
Realtor59: checks 
*** SHOW DOWN ***
dsn8fk2: shows [9d 7c] (two pair, Sevens and Fours)
Realtor59: mucks hand 
dsn8fk2 collected $0.23 from pot
*** SUMMARY ***
Total pot $0.24 | Rake $0.01 
Board [8s 7h 4s Qh 4h]
Seat 1: shefa77 (button) folded before Flop (didn't bet)
Seat 3: dsn8fk2 (small blind) showed [9d 7c] and won ($0.23) with two pair, Sevens and Fours
Seat 4: Realtor59 (big blind) mucked [Jc 5c]
Seat 5: raitsike24 folded before Flop (didn't bet)
Seat 6: Dorex2007 folded before Flop (didn't bet)
Seat 7: Nhük50 folded before Flop (didn't bet)
Seat 8: coicorac folded before Flop (didn't bet)
Seat 9: XPEHTOMAT folded before Flop (didn't bet)



PokerStars Hand #225417048974:  Hold'em No Limit ($0.01/$0.02 USD) - 2021/04/02 2:04:00 PT [2021/04/02 5:04:00 ET]
Table 'Eurydome' 9-max Seat #3 is the button
Seat 1: shefa77 ($1.39 in chips) 
Seat 3: dsn8fk2 ($2.07 in chips) 
Seat 4: Realtor59 ($2.05 in chips) 
Seat 5: raitsike24 ($2.06 in chips) 
Seat 6: Dorex2007 ($2.01 in chips) 
Seat 7: Nhük50 ($1.09 in chips) 
Seat 8: coicorac ($1.29 in chips) 
Seat 9: XPEHTOMAT ($2 in chips) 
Realtor59: posts small blind $0.01
raitsike24: posts big blind $0.02
*** HOLE CARDS ***
Dealt to Dorex2007 [3c Ts]
Dorex2007: folds 
Nhük50: calls $0.02
coicorac: calls $0.02
XPEHTOMAT: raises $0.06 to $0.08
shefa77: folds 
dsn8fk2: calls $0.08
Realtor59: folds 
raitsike24: folds 
Nhük50: folds 
coicorac: folds 
*** FLOP *** [4c 3s 9s]
XPEHTOMAT: bets $0.10
dsn8fk2: calls $0.10
*** TURN *** [4c 3s 9s] [Jd]
XPEHTOMAT: bets $0.27
dsn8fk2: folds 
Uncalled bet ($0.27) returned to XPEHTOMAT
XPEHTOMAT collected $0.41 from pot
*** SUMMARY ***
Total pot $0.43 | Rake $0.02 
Board [4c 3s 9s Jd]
Seat 1: shefa77 folded before Flop (didn't bet)
Seat 3: dsn8fk2 (button) folded on the Turn
Seat 4: Realtor59 (small blind) folded before Flop
Seat 5: raitsike24 (big blind) folded before Flop
Seat 6: Dorex2007 folded before Flop (didn't bet)
Seat 7: Nhük50 folded before Flop
Seat 8: coicorac folded before Flop
Seat 9: XPEHTOMAT collected ($0.41)



PokerStars Hand #225417058881:  Hold'em No Limit ($0.01/$0.02 USD) - 2021/04/02 2:04:40 PT [2021/04/02 5:04:40 ET]
Table 'Eurydome' 9-max Seat #4 is the button
Seat 1: shefa77 ($1.39 in chips) 
Seat 3: dsn8fk2 ($1.89 in chips) 
Seat 4: Realtor59 ($2.04 in chips) 
Seat 5: raitsike24 ($2.04 in chips) 
Seat 6: Dorex2007 ($2.01 in chips) 
Seat 7: Nhük50 ($1.07 in chips) 
Seat 8: coicorac ($1.27 in chips) 
Seat 9: XPEHTOMAT ($2.23 in chips) 
raitsike24: posts small blind $0.01
Dorex2007: posts big blind $0.02
*** HOLE CARDS ***
Dealt to Dorex2007 [Kc 6h]
Nhük50: folds 
coicorac: folds 
XPEHTOMAT: folds 
shefa77: folds 
dsn8fk2: folds 
Realtor59: folds 
raitsike24: calls $0.01
Dorex2007: checks 
*** FLOP *** [Ac 8s 2c]
raitsike24: checks 
Dorex2007: checks 
*** TURN *** [Ac 8s 2c] [Ad]
raitsike24: bets $0.06
Dorex2007: folds 
Uncalled bet ($0.06) returned to raitsike24
raitsike24 collected $0.04 from pot
raitsike24: doesn't show hand 
*** SUMMARY ***
Total pot $0.04 | Rake $0 
Board [Ac 8s 2c Ad]
Seat 1: shefa77 folded before Flop (didn't bet)
Seat 3: dsn8fk2 folded before Flop (didn't bet)
Seat 4: Realtor59 (button) folded before Flop (didn't bet)
Seat 5: raitsike24 (small blind) collected ($0.04)
Seat 6: Dorex2007 (big blind) folded on the Turn
Seat 7: Nhük50 folded before Flop (didn't bet)
Seat 8: coicorac folded before Flop (didn't bet)
Seat 9: XPEHTOMAT folded before Flop (didn't bet)



PokerStars Hand #225417068964:  Hold'em No Limit ($0.01/$0.02 USD) - 2021/04/02 2:05:21 PT [2021/04/02 5:05:21 ET]
Table 'Eurydome' 9-max Seat #5 is the button
Seat 1: shefa77 ($1.39 in chips) 
Seat 3: dsn8fk2 ($1.89 in chips) 
Seat 4: Realtor59 ($2.04 in chips) 
Seat 5: raitsike24 ($2.06 in chips) 
Seat 6: Dorex2007 ($1.99 in chips) 
Seat 7: Nhük50 ($1.07 in chips) 
Seat 8: coicorac ($1.27 in chips) 
Seat 9: XPEHTOMAT ($2.23 in chips) 
Dorex2007: posts small blind $0.01
Nhük50: posts big blind $0.02
*** HOLE CARDS ***
Dealt to Dorex2007 [Kd 5d]
coicorac: folds 
XPEHTOMAT: folds 
shefa77: folds 
dsn8fk2: folds 
Realtor59: folds 
raitsike24: calls $0.02
Dorex2007: calls $0.01
Nhük50: checks 
*** FLOP *** [4h 8c 4d]
Dorex2007: checks 
Nhük50: checks 
raitsike24: checks 
*** TURN *** [4h 8c 4d] [2d]
Dorex2007: bets $0.06
Nhük50: folds 
raitsike24: folds 
Uncalled bet ($0.06) returned to Dorex2007
Dorex2007 collected $0.06 from pot
Dorex2007: doesn't show hand 
*** SUMMARY ***
Total pot $0.06 | Rake $0 
Board [4h 8c 4d 2d]
Seat 1: shefa77 folded before Flop (didn't bet)
Seat 3: dsn8fk2 folded before Flop (didn't bet)
Seat 4: Realtor59 folded before Flop (didn't bet)
Seat 5: raitsike24 (button) folded on the Turn
Seat 6: Dorex2007 (small blind) collected ($0.06)
Seat 7: Nhük50 (big blind) folded on the Turn
Seat 8: coicorac folded before Flop (didn't bet)
Seat 9: XPEHTOMAT folded before Flop (didn't bet)



PokerStars Hand #225417078025:  Hold'em No Limit ($0.01/$0.02 USD) - 2021/04/02 2:05:58 PT [2021/04/02 5:05:58 ET]
Table 'Eurydome' 9-max Seat #6 is the button
Seat 1: shefa77 ($1.39 in chips) 
Seat 3: dsn8fk2 ($1.89 in chips) 
Seat 4: Realtor59 ($2.04 in chips) 
Seat 5: raitsike24 ($2.04 in chips) 
Seat 6: Dorex2007 ($2.03 in chips) 
Seat 7: Nhük50 ($1.05 in chips) 
Seat 8: coicorac ($1.27 in chips) 
Seat 9: XPEHTOMAT ($2.23 in chips) 
Nhük50: posts small blind $0.01
coicorac: posts big blind $0.02
*** HOLE CARDS ***
Dealt to Dorex2007 [Kc Jc]
XPEHTOMAT: folds 
shefa77: folds 
dsn8fk2: folds 
Realtor59: folds 
raitsike24: calls $0.02
Dorex2007: raises $0.04 to $0.06
Nhük50: folds 
coicorac: calls $0.04
raitsike24: calls $0.04
*** FLOP *** [Ks 2s Th]
coicorac: checks 
raitsike24: bets $0.06
Dorex2007: raises $0.06 to $0.12
coicorac: folds 
raitsike24: calls $0.06
*** TURN *** [Ks 2s Th] [As]
raitsike24: checks 
Dorex2007: bets $0.41
raitsike24: folds 
Uncalled bet ($0.41) returned to Dorex2007
Dorex2007 collected $0.41 from pot
Dorex2007: doesn't show hand 
*** SUMMARY ***
Total pot $0.43 | Rake $0.02 
Board [Ks 2s Th As]
Seat 1: shefa77 folded before Flop (didn't bet)
Seat 3: dsn8fk2 folded before Flop (didn't bet)
Seat 4: Realtor59 folded before Flop (didn't bet)
Seat 5: raitsike24 folded on the Turn
Seat 6: Dorex2007 (button) collected ($0.41)
Seat 7: Nhük50 (small blind) folded before Flop
Seat 8: coicorac (big blind) folded on the Flop
Seat 9: XPEHTOMAT folded before Flop (didn't bet)



PokerStars Hand #225417095867:  Hold'em No Limit ($0.01/$0.02 USD) - 2021/04/02 2:07:11 PT [2021/04/02 5:07:11 ET]
Table 'Eurydome' 9-max Seat #7 is the button
Seat 1: shefa77 ($1.39 in chips) 
Seat 3: dsn8fk2 ($1.89 in chips) 
Seat 4: Realtor59 ($2.04 in chips) 
Seat 5: raitsike24 ($1.86 in chips) 
Seat 6: Dorex2007 ($2.26 in chips) 
Seat 7: Nhük50 ($1.04 in chips) 
Seat 8: coicorac ($1.21 in chips) 
coicorac: posts small blind $0.01
XPEHTOMAT: is sitting out 
shefa77: posts big blind $0.02
*** HOLE CARDS ***
Dealt to Dorex2007 [8h 4h]
dsn8fk2: folds 
Realtor59: folds 
raitsike24: calls $0.02
Dorex2007: folds 
Nhük50: calls $0.02
XPEHTOMAT leaves the table
coicorac: raises $0.04 to $0.06
shefa77: folds 
raitsike24: calls $0.04
Nhük50: calls $0.04
*** FLOP *** [9c 8c 4c]
coicorac: checks 
raitsike24: checks 
Nhük50: checks 
*** TURN *** [9c 8c 4c] [4d]
coicorac: checks 
raitsike24: checks 
Nhük50: checks 
*** RIVER *** [9c 8c 4c 4d] [6d]
coicorac: checks 
raitsike24: checks 
Nhük50: checks 
*** SHOW DOWN ***
coicorac: shows [Ad Td] (a pair of Fours)
raitsike24: mucks hand 
Nhük50: mucks hand 
coicorac collected $0.19 from pot
*** SUMMARY ***
Total pot $0.20 | Rake $0.01 
Board [9c 8c 4c 4d 6d]
Seat 1: shefa77 (big blind) folded before Flop
Seat 3: dsn8fk2 folded before Flop (didn't bet)
Seat 4: Realtor59 folded before Flop (didn't bet)
Seat 5: raitsike24 mucked [7s Qs]
Seat 6: Dorex2007 folded before Flop (didn't bet)
Seat 7: Nhük50 (button) mucked [Jd 7d]
Seat 8: coicorac (small blind) showed [Ad Td] and won ($0.19) with a pair of Fours



PokerStars Hand #225417112914:  Hold'em No Limit ($0.01/$0.02 USD) - 2021/04/02 2:08:21 PT [2021/04/02 5:08:21 ET]
Table 'Eurydome' 9-max Seat #8 is the button
Seat 1: shefa77 ($1.37 in chips) 
Seat 3: dsn8fk2 ($1.89 in chips) 
Seat 4: Realtor59 ($2.04 in chips) 
Seat 5: raitsike24 ($1.80 in chips) 
Seat 6: Dorex2007 ($2.26 in chips) 
Seat 7: Nhük50 ($0.98 in chips) 
Seat 8: coicorac ($1.34 in chips) 
shefa77: posts small blind $0.01
dsn8fk2: posts big blind $0.02
*** HOLE CARDS ***
Dealt to Dorex2007 [Ks Tc]
Realtor59: folds 
raitsike24: calls $0.02
Dorex2007: folds 
Nhük50: raises $0.04 to $0.06
coicorac: calls $0.06
shefa77: folds 
dsn8fk2: folds 
raitsike24: calls $0.04
*** FLOP *** [5h Jd 9s]
raitsike24: checks 
Nhük50: checks 
coicorac: checks 
*** TURN *** [5h Jd 9s] [Qs]
raitsike24: checks 
Chrispapdnb joins the table at seat #9 
Nhük50: checks 
coicorac: checks 
*** RIVER *** [5h Jd 9s Qs] [Td]
raitsike24: bets $0.06
Nhük50: folds 
coicorac: folds 
Uncalled bet ($0.06) returned to raitsike24
raitsike24 collected $0.20 from pot
zuszek85 leaves the table
raitsike24: doesn't show hand 
*** SUMMARY ***
Total pot $0.21 | Rake $0.01 
Board [5h Jd 9s Qs Td]
Seat 1: shefa77 (small blind) folded before Flop
Seat 3: dsn8fk2 (big blind) folded before Flop
Seat 4: Realtor59 folded before Flop (didn't bet)
Seat 5: raitsike24 collected ($0.20)
Seat 6: Dorex2007 folded before Flop (didn't bet)
Seat 7: Nhük50 folded on the River
Seat 8: coicorac (button) folded on the River



PokerStars Hand #225417125974:  Hold'em No Limit ($0.01/$0.02 USD) - 2021/04/02 2:09:14 PT [2021/04/02 5:09:14 ET]
Table 'Eurydome' 9-max Seat #1 is the button
Seat 1: shefa77 ($1.36 in chips) 
Seat 3: dsn8fk2 ($1.87 in chips) 
Seat 4: Realtor59 ($2.04 in chips) 
Seat 5: raitsike24 ($1.94 in chips) 
Seat 6: Dorex2007 ($2.26 in chips) 
Seat 7: Nhük50 ($0.92 in chips) 
Seat 8: coicorac ($1.28 in chips) 
dsn8fk2: posts small blind $0.01
Realtor59: posts big blind $0.02
Chrispapdnb: sits out 
*** HOLE CARDS ***
Dealt to Dorex2007 [2s 3h]
raitsike24: raises $0.02 to $0.04
Dorex2007: folds 
Nhük50: folds 
coicorac: folds 
shefa77: folds 
dsn8fk2: calls $0.03
Realtor59: folds 
*** FLOP *** [7h Kd 5c]
Chrispapdnb leaves the table
dsn8fk2: checks 
raitsike24: bets $0.06
dsn8fk2: folds 
Uncalled bet ($0.06) returned to raitsike24
raitsike24 collected $0.10 from pot
raitsike24: doesn't show hand 
*** SUMMARY ***
Total pot $0.10 | Rake $0 
Board [7h Kd 5c]
Seat 1: shefa77 (button) folded before Flop (didn't bet)
Seat 3: dsn8fk2 (small blind) folded on the Flop
Seat 4: Realtor59 (big blind) folded before Flop
Seat 5: raitsike24 collected ($0.10)
Seat 6: Dorex2007 folded before Flop (didn't bet)
Seat 7: Nhük50 folded before Flop (didn't bet)
Seat 8: coicorac folded before Flop (didn't bet)



PokerStars Hand #225417131311:  Hold'em No Limit ($0.01/$0.02 USD) - 2021/04/02 2:09:36 PT [2021/04/02 5:09:36 ET]
Table 'Eurydome' 9-max Seat #3 is the button
Seat 1: shefa77 ($1.36 in chips) 
Seat 3: dsn8fk2 ($1.83 in chips) 
Seat 4: Realtor59 ($2.02 in chips) 
Seat 5: raitsike24 ($2 in chips) 
Seat 6: Dorex2007 ($2.26 in chips) 
Seat 7: Nhük50 ($0.92 in chips) 
Seat 8: coicorac ($1.28 in chips) 
Realtor59: posts small blind $0.01
raitsike24: posts big blind $0.02
*** HOLE CARDS ***
Dealt to Dorex2007 [Td Js]
Dorex2007: folds 
Nhük50: folds 
Dukoviq joins the table at seat #2 
coicorac: raises $0.04 to $0.06
shefa77: folds 
dsn8fk2: folds 
Realtor59: folds 
raitsike24: folds 
Uncalled bet ($0.04) returned to coicorac
coicorac collected $0.05 from pot
coicorac: doesn't show hand 
*** SUMMARY ***
Total pot $0.05 | Rake $0 
Seat 1: shefa77 folded before Flop (didn't bet)
Seat 3: dsn8fk2 (button) folded before Flop (didn't bet)
Seat 4: Realtor59 (small blind) folded before Flop
Seat 5: raitsike24 (big blind) folded before Flop
Seat 6: Dorex2007 folded before Flop (didn't bet)
Seat 7: Nhük50 folded before Flop (didn't bet)
Seat 8: coicorac collected ($0.05)



PokerStars Hand #225417137073:  Hold'em No Limit ($0.01/$0.02 USD) - 2021/04/02 2:09:59 PT [2021/04/02 5:09:59 ET]
Table 'Eurydome' 9-max Seat #4 is the button
Seat 1: shefa77 ($1.36 in chips) 
Seat 3: dsn8fk2 ($1.83 in chips) 
Seat 4: Realtor59 ($2.01 in chips) 
Seat 5: raitsike24 ($1.98 in chips) 
Seat 6: Dorex2007 ($2.26 in chips) 
Seat 7: Nhük50 ($0.92 in chips) 
Seat 8: coicorac ($1.31 in chips) 
raitsike24: posts small blind $0.01
Dorex2007: posts big blind $0.02
Dukoviq: sits out 
*** HOLE CARDS ***
Dealt to Dorex2007 [6c Ac]
Nhük50: folds 
coicorac: folds 
Spartacousdb joins the table at seat #9 
shefa77: calls $0.02
dsn8fk2: folds 
Realtor59: folds 
raitsike24: folds 
Nhük50 leaves the table
Dorex2007: checks 
*** FLOP *** [3c 7h 7c]
Dorex2007: checks 
shefa77: checks 
*** TURN *** [3c 7h 7c] [Jd]
Dorex2007: bets $0.05
shefa77: folds 
Uncalled bet ($0.05) returned to Dorex2007
Dorex2007 collected $0.05 from pot
Dorex2007: doesn't show hand 
*** SUMMARY ***
Total pot $0.05 | Rake $0 
Board [3c 7h 7c Jd]
Seat 1: shefa77 folded on the Turn
Seat 3: dsn8fk2 folded before Flop (didn't bet)
Seat 4: Realtor59 (button) folded before Flop (didn't bet)
Seat 5: raitsike24 (small blind) folded before Flop
Seat 6: Dorex2007 (big blind) collected ($0.05)
Seat 7: Nhük50 folded before Flop (didn't bet)
Seat 8: coicorac folded before Flop (didn't bet)



PokerStars Hand #225417142041:  Hold'em No Limit ($0.01/$0.02 USD) - 2021/04/02 2:10:20 PT [2021/04/02 5:10:20 ET]
Table 'Eurydome' 9-max Seat #5 is the button
Seat 1: shefa77 ($1.34 in chips) 
Seat 3: dsn8fk2 ($1.83 in chips) 
Seat 4: Realtor59 ($2.01 in chips) 
Seat 5: raitsike24 ($1.97 in chips) 
Seat 6: Dorex2007 ($2.29 in chips) 
Seat 8: coicorac ($1.31 in chips) 
Dorex2007: posts small blind $0.01
coicorac: posts big blind $0.02
Spartacousdb: sits out 
Dukoviq: sits out 
*** HOLE CARDS ***
Dealt to Dorex2007 [8c 6d]
shefa77: folds 
dsn8fk2: raises $0.04 to $0.06
Realtor59: folds 
raitsike24: folds 
Dorex2007: folds 
coicorac: calls $0.04
*** FLOP *** [6c 5d Kc]
coicorac: checks 
dsn8fk2: bets $0.07
coicorac: folds 
Uncalled bet ($0.07) returned to dsn8fk2
dsn8fk2 collected $0.13 from pot
dsn8fk2: doesn't show hand 
*** SUMMARY ***
Total pot $0.13 | Rake $0 
Board [6c 5d Kc]
Seat 1: shefa77 folded before Flop (didn't bet)
Seat 3: dsn8fk2 collected ($0.13)
Seat 4: Realtor59 folded before Flop (didn't bet)
Seat 5: raitsike24 (button) folded before Flop (didn't bet)
Seat 6: Dorex2007 (small blind) folded before Flop
Seat 8: coicorac (big blind) folded on the Flop



PokerStars Hand #225417151940:  Hold'em No Limit ($0.01/$0.02 USD) - 2021/04/02 2:11:00 PT [2021/04/02 5:11:00 ET]
Table 'Eurydome' 9-max Seat #6 is the button
Seat 1: shefa77 ($1.34 in chips) 
Seat 3: dsn8fk2 ($1.90 in chips) 
Seat 4: Realtor59 ($2.01 in chips) 
Seat 5: raitsike24 ($1.97 in chips) 
Seat 6: Dorex2007 ($2.28 in chips) 
Seat 8: coicorac ($1.25 in chips) 
Seat 9: Spartacousdb ($2 in chips) 
coicorac: posts small blind $0.01
Spartacousdb: posts big blind $0.02
Dukoviq: sits out 
*** HOLE CARDS ***
Dealt to Dorex2007 [7c Kh]
shefa77: folds 
dsn8fk2: folds 
Realtor59: folds 
raitsike24: folds 
Dorex2007: folds 
coicorac: calls $0.01
Spartacousdb: raises $0.04 to $0.06
coicorac: folds 
Uncalled bet ($0.04) returned to Spartacousdb
Spartacousdb collected $0.04 from pot
Spartacousdb: doesn't show hand 
*** SUMMARY ***
Total pot $0.04 | Rake $0 
Seat 1: shefa77 folded before Flop (didn't bet)
Seat 3: dsn8fk2 folded before Flop (didn't bet)
Seat 4: Realtor59 folded before Flop (didn't bet)
Seat 5: raitsike24 folded before Flop (didn't bet)
Seat 6: Dorex2007 (button) folded before Flop (didn't bet)
Seat 8: coicorac (small blind) folded before Flop
Seat 9: Spartacousdb (big blind) collected ($0.04)



PokerStars Hand #225417157060:  Hold'em No Limit ($0.01/$0.02 USD) - 2021/04/02 2:11:21 PT [2021/04/02 5:11:21 ET]
Table 'Eurydome' 9-max Seat #8 is the button
Seat 1: shefa77 ($1.34 in chips) 
Seat 3: dsn8fk2 ($1.90 in chips) 
Seat 4: Realtor59 ($2.01 in chips) 
Seat 5: raitsike24 ($1.97 in chips) 
Seat 6: Dorex2007 ($2.28 in chips) 
Seat 8: coicorac ($1.23 in chips) 
Seat 9: Spartacousdb ($2.02 in chips) 
Spartacousdb: posts small blind $0.01
shefa77: posts big blind $0.02
Dukoviq: sits out 
*** HOLE CARDS ***
Dealt to Dorex2007 [Kc 6d]
dsn8fk2: folds 
Realtor59: folds 
professionaldog joins the table at seat #7 
raitsike24: folds 
Dorex2007: folds 
coicorac: calls $0.02
Spartacousdb: calls $0.01
shefa77: checks 
*** FLOP *** [2d Jd 9s]
Spartacousdb: checks 
shefa77: checks 
coicorac: checks 
*** TURN *** [2d Jd 9s] [Jc]
Spartacousdb: checks 
shefa77: checks 
coicorac: checks 
*** RIVER *** [2d Jd 9s Jc] [Ad]
Spartacousdb: checks 
shefa77: checks 
coicorac: checks 
*** SHOW DOWN ***
Spartacousdb: shows [Kh 7c] (a pair of Jacks)
shefa77: mucks hand 
coicorac: mucks hand 
Spartacousdb collected $0.06 from pot
*** SUMMARY ***
Total pot $0.06 | Rake $0 
Board [2d Jd 9s Jc Ad]
Seat 1: shefa77 (big blind) mucked [3d 6h]
Seat 3: dsn8fk2 folded before Flop (didn't bet)
Seat 4: Realtor59 folded before Flop (didn't bet)
Seat 5: raitsike24 folded before Flop (didn't bet)
Seat 6: Dorex2007 folded before Flop (didn't bet)
Seat 8: coicorac (button) mucked [8c 6s]
Seat 9: Spartacousdb (small blind) showed [Kh 7c] and won ($0.06) with a pair of Jacks



PokerStars Hand #225417171558:  Hold'em No Limit ($0.01/$0.02 USD) - 2021/04/02 2:12:20 PT [2021/04/02 5:12:20 ET]
Table 'Eurydome' 9-max Seat #9 is the button
Seat 1: shefa77 ($1.32 in chips) 
Seat 2: Dukoviq ($2 in chips) 
Seat 3: dsn8fk2 ($1.90 in chips) 
Seat 4: Realtor59 ($2.01 in chips) 
Seat 5: raitsike24 ($1.97 in chips) 
Seat 6: Dorex2007 ($2.28 in chips) 
Seat 8: coicorac ($1.21 in chips) 
Seat 9: Spartacousdb ($2.06 in chips) 
shefa77: posts small blind $0.01
Dukoviq: posts big blind $0.02
professionaldog: sits out 
*** HOLE CARDS ***
Dealt to Dorex2007 [9s 4s]
dsn8fk2: calls $0.02
Realtor59: folds 
raitsike24: folds 
Dorex2007: folds 
coicorac: raises $0.02 to $0.04
Spartacousdb: folds 
shefa77: folds 
Dukoviq: folds 
dsn8fk2: calls $0.02
*** FLOP *** [4d Jh 2h]
dsn8fk2: checks 
coicorac: checks 
*** TURN *** [4d Jh 2h] [5h]
dsn8fk2: bets $0.06
coicorac: folds 
Uncalled bet ($0.06) returned to dsn8fk2
dsn8fk2 collected $0.11 from pot
dsn8fk2: doesn't show hand 
*** SUMMARY ***
Total pot $0.11 | Rake $0 
Board [4d Jh 2h 5h]
Seat 1: shefa77 (small blind) folded before Flop
Seat 2: Dukoviq (big blind) folded before Flop
Seat 3: dsn8fk2 collected ($0.11)
Seat 4: Realtor59 folded before Flop (didn't bet)
Seat 5: raitsike24 folded before Flop (didn't bet)
Seat 6: Dorex2007 folded before Flop (didn't bet)
Seat 8: coicorac folded on the Turn
Seat 9: Spartacousdb (button) folded before Flop (didn't bet)



PokerStars Hand #225417181690:  Hold'em No Limit ($0.01/$0.02 USD) - 2021/04/02 2:13:00 PT [2021/04/02 5:13:00 ET]
Table 'Eurydome' 9-max Seat #1 is the button
Seat 1: shefa77 ($1.31 in chips) 
Seat 2: Dukoviq ($2 in chips) 
Seat 3: dsn8fk2 ($1.97 in chips) 
Seat 4: Realtor59 ($2.01 in chips) 
Seat 5: raitsike24 ($1.97 in chips) 
Seat 6: Dorex2007 ($2.28 in chips) 
Seat 8: coicorac ($1.17 in chips) 
Seat 9: Spartacousdb ($2.06 in chips) 
Dukoviq: posts small blind $0.01
dsn8fk2: posts big blind $0.02
professionaldog: sits out 
*** HOLE CARDS ***
Dealt to Dorex2007 [Qc 8h]
Realtor59: folds 
raitsike24: calls $0.02
Dorex2007: folds 
coicorac: folds 
Spartacousdb: folds 
shefa77: calls $0.02
Dukoviq: calls $0.01
dsn8fk2: checks 
*** FLOP *** [Ts 9s Ks]
Dukoviq: checks 
dsn8fk2: bets $0.04
raitsike24: folds 
shefa77: calls $0.04
Dukoviq: calls $0.04
*** TURN *** [Ts 9s Ks] [Ad]
Dukoviq: checks 
dsn8fk2: bets $0.10
shefa77: calls $0.10
Dukoviq: folds 
*** RIVER *** [Ts 9s Ks Ad] [5d]
dsn8fk2: bets $0.20
shefa77: calls $0.20
*** SHOW DOWN ***
dsn8fk2: shows [Qs 3s] (a flush, King high)
shefa77: mucks hand 
dsn8fk2 collected $0.77 from pot
*** SUMMARY ***
Total pot $0.80 | Rake $0.03 
Board [Ts 9s Ks Ad 5d]
Seat 1: shefa77 (button) mucked [9h Kh]
Seat 2: Dukoviq (small blind) folded on the Turn
Seat 3: dsn8fk2 (big blind) showed [Qs 3s] and won ($0.77) with a flush, King high
Seat 4: Realtor59 folded before Flop (didn't bet)
Seat 5: raitsike24 folded on the Flop
Seat 6: Dorex2007 folded before Flop (didn't bet)
Seat 8: coicorac folded before Flop (didn't bet)
Seat 9: Spartacousdb folded before Flop (didn't bet)



PokerStars Hand #225417194495:  Hold'em No Limit ($0.01/$0.02 USD) - 2021/04/02 2:13:51 PT [2021/04/02 5:13:51 ET]
Table 'Eurydome' 9-max Seat #2 is the button
Seat 1: shefa77 ($0.95 in chips) 
Seat 2: Dukoviq ($2 in chips) 
Seat 3: dsn8fk2 ($2.38 in chips) 
Seat 4: Realtor59 ($2.01 in chips) 
Seat 5: raitsike24 ($1.95 in chips) 
Seat 6: Dorex2007 ($2.28 in chips) 
Seat 8: coicorac ($1.17 in chips) 
Seat 9: Spartacousdb ($2.06 in chips) 
dsn8fk2: posts small blind $0.01
Realtor59: posts big blind $0.02
professionaldog: sits out 
*** HOLE CARDS ***
Dealt to Dorex2007 [Td 2h]
raitsike24: calls $0.02
Dorex2007: folds 
coicorac: folds 
Spartacousdb: folds 
shefa77: folds 
Dukoviq: folds 
dsn8fk2: folds 
Realtor59: raises $0.18 to $0.20
raitsike24: calls $0.18
*** FLOP *** [4s 2s Ks]
Realtor59: checks 
raitsike24: bets $0.10
Realtor59: calls $0.10
*** TURN *** [4s 2s Ks] [6h]
Realtor59: checks 
raitsike24: bets $0.08
Realtor59: raises $1.63 to $1.71 and is all-in
raitsike24: calls $1.57 and is all-in
Uncalled bet ($0.06) returned to Realtor59
*** RIVER *** [4s 2s Ks 6h] [3d]
*** SHOW DOWN ***
Realtor59: shows [Ah Ad] (a pair of Aces)
raitsike24: shows [Kh 5h] (a straight, Deuce to Six)
raitsike24 collected $3.77 from pot
*** SUMMARY ***
Total pot $3.91 | Rake $0.14 
Board [4s 2s Ks 6h 3d]
Seat 1: shefa77 folded before Flop (didn't bet)
Seat 2: Dukoviq (button) folded before Flop (didn't bet)
Seat 3: dsn8fk2 (small blind) folded before Flop
Seat 4: Realtor59 (big blind) showed [Ah Ad] and lost with a pair of Aces
Seat 5: raitsike24 showed [Kh 5h] and won ($3.77) with a straight, Deuce to Six
Seat 6: Dorex2007 folded before Flop (didn't bet)
Seat 8: coicorac folded before Flop (didn't bet)
Seat 9: Spartacousdb folded before Flop (didn't bet)



PokerStars Hand #225417207205:  Hold'em No Limit ($0.01/$0.02 USD) - 2021/04/02 2:14:43 PT [2021/04/02 5:14:43 ET]
Table 'Eurydome' 9-max Seat #3 is the button
Seat 1: shefa77 ($0.95 in chips) 
Seat 2: Dukoviq ($2 in chips) 
Seat 3: dsn8fk2 ($2.37 in chips) 
Seat 4: Realtor59 ($0.06 in chips) 
Seat 5: raitsike24 ($3.77 in chips) 
Seat 6: Dorex2007 ($2.28 in chips) 
Seat 8: coicorac ($1.17 in chips) 
Seat 9: Spartacousdb ($2.06 in chips) 
Realtor59: posts small blind $0.01
raitsike24: posts big blind $0.02
professionaldog: sits out 
*** HOLE CARDS ***
Dealt to Dorex2007 [8h 2d]
Dorex2007: folds 
coicorac: folds 
Spartacousdb: folds 
shefa77: folds 
Dukoviq: raises $0.04 to $0.06
dsn8fk2: folds 
Realtor59: folds 
raitsike24: folds 
Uncalled bet ($0.04) returned to Dukoviq
Dukoviq collected $0.05 from pot
Dukoviq: doesn't show hand 
*** SUMMARY ***
Total pot $0.05 | Rake $0 
Seat 1: shefa77 folded before Flop (didn't bet)
Seat 2: Dukoviq collected ($0.05)
Seat 3: dsn8fk2 (button) folded before Flop (didn't bet)
Seat 4: Realtor59 (small blind) folded before Flop
Seat 5: raitsike24 (big blind) folded before Flop
Seat 6: Dorex2007 folded before Flop (didn't bet)
Seat 8: coicorac folded before Flop (didn't bet)
Seat 9: Spartacousdb folded before Flop (didn't bet)



PokerStars Hand #225417211222:  Hold'em No Limit ($0.01/$0.02 USD) - 2021/04/02 2:14:59 PT [2021/04/02 5:14:59 ET]
Table 'Eurydome' 9-max Seat #4 is the button
Seat 1: shefa77 ($0.95 in chips) 
Seat 2: Dukoviq ($2.03 in chips) 
Seat 3: dsn8fk2 ($2.37 in chips) 
Seat 4: Realtor59 ($1.99 in chips) 
Seat 5: raitsike24 ($3.75 in chips) 
Seat 6: Dorex2007 ($2.28 in chips) 
Seat 8: coicorac ($1.17 in chips) 
Seat 9: Spartacousdb ($2.06 in chips) 
raitsike24: posts small blind $0.01
Dorex2007: posts big blind $0.02
professionaldog: sits out 
*** HOLE CARDS ***
Dealt to Dorex2007 [Ad Ts]
coicorac: calls $0.02
Spartacousdb: raises $0.06 to $0.08
shefa77: folds 
Dukoviq: folds 
dsn8fk2: calls $0.08
Realtor59: folds 
raitsike24: folds 
Dorex2007: folds 
coicorac: calls $0.06
*** FLOP *** [Jd 3s 7d]
coicorac: checks 
Spartacousdb: checks 
dsn8fk2: bets $0.15
coicorac: calls $0.15
Spartacousdb: folds 
*** TURN *** [Jd 3s 7d] [Kh]
coicorac: checks 
dsn8fk2: bets $0.30
coicorac: folds 
Uncalled bet ($0.30) returned to dsn8fk2
dsn8fk2 collected $0.55 from pot
dsn8fk2: doesn't show hand 
*** SUMMARY ***
Total pot $0.57 | Rake $0.02 
Board [Jd 3s 7d Kh]
Seat 1: shefa77 folded before Flop (didn't bet)
Seat 2: Dukoviq folded before Flop (didn't bet)
Seat 3: dsn8fk2 collected ($0.55)
Seat 4: Realtor59 (button) folded before Flop (didn't bet)
Seat 5: raitsike24 (small blind) folded before Flop
Seat 6: Dorex2007 (big blind) folded before Flop
Seat 8: coicorac folded on the Turn
Seat 9: Spartacousdb folded on the Flop



PokerStars Hand #225417228711:  Hold'em No Limit ($0.01/$0.02 USD) - 2021/04/02 2:16:10 PT [2021/04/02 5:16:10 ET]
Table 'Eurydome' 9-max Seat #5 is the button
Seat 1: shefa77 ($0.95 in chips) 
Seat 2: Dukoviq ($2.03 in chips) 
Seat 3: dsn8fk2 ($2.69 in chips) 
Seat 4: Realtor59 ($2 in chips) 
Seat 5: raitsike24 ($3.74 in chips) 
Seat 6: Dorex2007 ($2.26 in chips) 
Seat 7: professionaldog ($1.91 in chips) 
Seat 8: coicorac ($0.94 in chips) 
Seat 9: Spartacousdb ($1.98 in chips) 
Dorex2007: posts small blind $0.01
professionaldog: posts big blind $0.02
*** HOLE CARDS ***
Dealt to Dorex2007 [As Qc]
coicorac: calls $0.02
Spartacousdb: folds 
shefa77: folds 
Dukoviq: folds 
dsn8fk2: raises $0.04 to $0.06
Realtor59: folds 
raitsike24: folds 
Dorex2007: raises $0.12 to $0.18
professionaldog: folds 
coicorac: folds 
dsn8fk2: calls $0.12
*** FLOP *** [Qs 7d 8d]
Dorex2007: bets $0.54
dsn8fk2: folds 
Uncalled bet ($0.54) returned to Dorex2007
Dorex2007 collected $0.39 from pot
Dorex2007: doesn't show hand 
*** SUMMARY ***
Total pot $0.40 | Rake $0.01 
Board [Qs 7d 8d]
Seat 1: shefa77 folded before Flop (didn't bet)
Seat 2: Dukoviq folded before Flop (didn't bet)
Seat 3: dsn8fk2 folded on the Flop
Seat 4: Realtor59 folded before Flop (didn't bet)
Seat 5: raitsike24 (button) folded before Flop (didn't bet)
Seat 6: Dorex2007 (small blind) collected ($0.39)
Seat 7: professionaldog (big blind) folded before Flop
Seat 8: coicorac folded before Flop
Seat 9: Spartacousdb folded before Flop (didn't bet)



PokerStars Hand #225417248449:  Hold'em No Limit ($0.01/$0.02 USD) - 2021/04/02 2:17:29 PT [2021/04/02 5:17:29 ET]
Table 'Eurydome' 9-max Seat #6 is the button
Seat 1: shefa77 ($0.95 in chips) 
Seat 2: Dukoviq ($2.03 in chips) 
Seat 3: dsn8fk2 ($2.51 in chips) 
Seat 4: Realtor59 ($2 in chips) 
Seat 5: raitsike24 ($3.74 in chips) 
Seat 6: Dorex2007 ($2.47 in chips) 
Seat 7: professionaldog ($1.89 in chips) 
Seat 8: coicorac ($0.92 in chips) 
Seat 9: Spartacousdb ($1.98 in chips) 
professionaldog: posts small blind $0.01
coicorac: posts big blind $0.02
*** HOLE CARDS ***
Dealt to Dorex2007 [4s Ah]
Spartacousdb: folds 
shefa77: folds 
Dukoviq: folds 
dsn8fk2: folds 
Realtor59: folds 
dsn8fk2 said, "nice hand sir"
raitsike24: calls $0.02
Dorex2007: folds 
professionaldog: calls $0.01
coicorac: raises $0.04 to $0.06
raitsike24: calls $0.04
professionaldog: calls $0.04
*** FLOP *** [8h 2c 5c]
professionaldog: checks 
dsn8fk2 said, "/miss"
coicorac: checks 
raitsike24: checks 
*** TURN *** [8h 2c 5c] [Qh]
professionaldog: checks 
coicorac: bets $0.08
raitsike24: folds 
professionaldog: folds 
Uncalled bet ($0.08) returned to coicorac
coicorac collected $0.17 from pot
coicorac: doesn't show hand 
*** SUMMARY ***
Total pot $0.18 | Rake $0.01 
Board [8h 2c 5c Qh]
Seat 1: shefa77 folded before Flop (didn't bet)
Seat 2: Dukoviq folded before Flop (didn't bet)
Seat 3: dsn8fk2 folded before Flop (didn't bet)
Seat 4: Realtor59 folded before Flop (didn't bet)
Seat 5: raitsike24 folded on the Turn
Seat 6: Dorex2007 (button) folded before Flop (didn't bet)
Seat 7: professionaldog (small blind) folded on the Turn
Seat 8: coicorac (big blind) collected ($0.17)
Seat 9: Spartacousdb folded before Flop (didn't bet)



PokerStars Hand #225417260818:  Hold'em No Limit ($0.01/$0.02 USD) - 2021/04/02 2:18:19 PT [2021/04/02 5:18:19 ET]
Table 'Eurydome' 9-max Seat #7 is the button
Seat 1: shefa77 ($0.95 in chips) 
Seat 2: Dukoviq ($2.03 in chips) 
Seat 3: dsn8fk2 ($2.51 in chips) 
Seat 4: Realtor59 ($2 in chips) 
Seat 5: raitsike24 ($3.68 in chips) 
Seat 6: Dorex2007 ($2.47 in chips) 
Seat 7: professionaldog ($1.83 in chips) 
Seat 8: coicorac ($1.03 in chips) 
Seat 9: Spartacousdb ($1.98 in chips) 
coicorac: posts small blind $0.01
Spartacousdb: posts big blind $0.02
*** HOLE CARDS ***
Dealt to Dorex2007 [Td 7c]
shefa77: folds 
Dukoviq: folds 
dsn8fk2: folds 
Realtor59: folds 
raitsike24: calls $0.02
Dorex2007: folds 
professionaldog: raises $0.07 to $0.09
coicorac: folds 
Spartacousdb: folds 
raitsike24: folds 
Uncalled bet ($0.07) returned to professionaldog
professionaldog collected $0.07 from pot
professionaldog: doesn't show hand 
*** SUMMARY ***
Total pot $0.07 | Rake $0 
Seat 1: shefa77 folded before Flop (didn't bet)
Seat 2: Dukoviq folded before Flop (didn't bet)
Seat 3: dsn8fk2 folded before Flop (didn't bet)
Seat 4: Realtor59 folded before Flop (didn't bet)
Seat 5: raitsike24 folded before Flop
Seat 6: Dorex2007 folded before Flop (didn't bet)
Seat 7: professionaldog (button) collected ($0.07)
Seat 8: coicorac (small blind) folded before Flop
Seat 9: Spartacousdb (big blind) folded before Flop



PokerStars Hand #225417266661:  Hold'em No Limit ($0.01/$0.02 USD) - 2021/04/02 2:18:42 PT [2021/04/02 5:18:42 ET]
Table 'Eurydome' 9-max Seat #8 is the button
Seat 1: shefa77 ($0.95 in chips) 
Seat 2: Dukoviq ($2.03 in chips) 
Seat 3: dsn8fk2 ($2.51 in chips) 
Seat 4: Realtor59 ($2 in chips) 
Seat 5: raitsike24 ($3.66 in chips) 
Seat 6: Dorex2007 ($2.47 in chips) 
Seat 7: professionaldog ($1.88 in chips) 
Seat 8: coicorac ($1.02 in chips) 
Seat 9: Spartacousdb ($1.96 in chips) 
Spartacousdb: posts small blind $0.01
shefa77: posts big blind $0.02
*** HOLE CARDS ***
Dealt to Dorex2007 [7s 2h]
Dukoviq: folds 
dsn8fk2: raises $0.04 to $0.06
Realtor59: folds 
raitsike24: folds 
Dorex2007: folds 
professionaldog: folds 
coicorac: folds 
Spartacousdb: folds 
shefa77: folds 
Uncalled bet ($0.04) returned to dsn8fk2
dsn8fk2 collected $0.05 from pot
dsn8fk2: doesn't show hand 
*** SUMMARY ***
Total pot $0.05 | Rake $0 
Seat 1: shefa77 (big blind) folded before Flop
Seat 2: Dukoviq folded before Flop (didn't bet)
Seat 3: dsn8fk2 collected ($0.05)
Seat 4: Realtor59 folded before Flop (didn't bet)
Seat 5: raitsike24 folded before Flop (didn't bet)
Seat 6: Dorex2007 folded before Flop (didn't bet)
Seat 7: professionaldog folded before Flop (didn't bet)
Seat 8: coicorac (button) folded before Flop (didn't bet)
Seat 9: Spartacousdb (small blind) folded before Flop



PokerStars Hand #225417271095:  Hold'em No Limit ($0.01/$0.02 USD) - 2021/04/02 2:19:00 PT [2021/04/02 5:19:00 ET]
Table 'Eurydome' 9-max Seat #9 is the button
Seat 1: shefa77 ($0.93 in chips) 
Seat 2: Dukoviq ($2.03 in chips) 
Seat 3: dsn8fk2 ($2.54 in chips) 
Seat 4: Realtor59 ($2 in chips) 
Seat 5: raitsike24 ($3.66 in chips) 
Seat 6: Dorex2007 ($2.47 in chips) 
Seat 7: professionaldog ($1.88 in chips) 
Seat 8: coicorac ($1.02 in chips) 
Seat 9: Spartacousdb ($1.95 in chips) 
shefa77: posts small blind $0.01
Dukoviq: posts big blind $0.02
*** HOLE CARDS ***
Dealt to Dorex2007 [Qd Js]
dsn8fk2: folds 
Realtor59: folds 
raitsike24: folds 
Dorex2007: folds 
professionaldog: folds 
coicorac: folds 
Spartacousdb: raises $0.03 to $0.05
shefa77: folds 
Dukoviq: calls $0.03
*** FLOP *** [Qh 9s 4s]
Dukoviq: checks 
Spartacousdb: bets $0.06
Dukoviq: calls $0.06
*** TURN *** [Qh 9s 4s] [Kd]
Dukoviq: checks 
Spartacousdb: bets $0.14
Dukoviq: calls $0.14
*** RIVER *** [Qh 9s 4s Kd] [3h]
Dukoviq: checks 
Spartacousdb: bets $0.42
Dukoviq: folds 
Uncalled bet ($0.42) returned to Spartacousdb
Spartacousdb collected $0.49 from pot
Spartacousdb: doesn't show hand 
*** SUMMARY ***
Total pot $0.51 | Rake $0.02 
Board [Qh 9s 4s Kd 3h]
Seat 1: shefa77 (small blind) folded before Flop
Seat 2: Dukoviq (big blind) folded on the River
Seat 3: dsn8fk2 folded before Flop (didn't bet)
Seat 4: Realtor59 folded before Flop (didn't bet)
Seat 5: raitsike24 folded before Flop (didn't bet)
Seat 6: Dorex2007 folded before Flop (didn't bet)
Seat 7: professionaldog folded before Flop (didn't bet)
Seat 8: coicorac folded before Flop (didn't bet)
Seat 9: Spartacousdb (button) collected ($0.49)



PokerStars Hand #225417285494:  Hold'em No Limit ($0.01/$0.02 USD) - 2021/04/02 2:19:58 PT [2021/04/02 5:19:58 ET]
Table 'Eurydome' 9-max Seat #1 is the button
Seat 1: shefa77 ($0.92 in chips) 
Seat 2: Dukoviq ($2 in chips) 
Seat 3: dsn8fk2 ($2.54 in chips) 
Seat 4: Realtor59 ($2 in chips) 
Seat 5: raitsike24 ($3.66 in chips) 
Seat 6: Dorex2007 ($2.47 in chips) 
Seat 7: professionaldog ($1.88 in chips) 
Seat 8: coicorac ($1.02 in chips) 
Seat 9: Spartacousdb ($2.19 in chips) 
Dukoviq: posts small blind $0.01
dsn8fk2: posts big blind $0.02
*** HOLE CARDS ***
Dealt to Dorex2007 [Kh Qh]
Realtor59: folds 
raitsike24: calls $0.02
Dorex2007: raises $0.06 to $0.08
professionaldog: folds 
coicorac: folds 
Spartacousdb: calls $0.08
shefa77: calls $0.08
Dukoviq: folds 
dsn8fk2: folds 
raitsike24: calls $0.06
*** FLOP *** [6c 2h Ks]
raitsike24: checks 
Dorex2007: bets $0.34
Spartacousdb: calls $0.34
shefa77: folds 
raitsike24: folds 
*** TURN *** [6c 2h Ks] [7c]
Dorex2007: bets $2.05 and is all-in
Spartacousdb: folds [Kd]
Uncalled bet ($2.05) returned to Dorex2007
Dorex2007 collected $0.99 from pot
Dorex2007: doesn't show hand 
*** SUMMARY ***
Total pot $1.03 | Rake $0.04 
Board [6c 2h Ks 7c]
Seat 1: shefa77 (button) folded on the Flop
Seat 2: Dukoviq (small blind) folded before Flop
Seat 3: dsn8fk2 (big blind) folded before Flop
Seat 4: Realtor59 folded before Flop (didn't bet)
Seat 5: raitsike24 folded on the Flop
Seat 6: Dorex2007 collected ($0.99)
Seat 7: professionaldog folded before Flop (didn't bet)
Seat 8: coicorac folded before Flop (didn't bet)
Seat 9: Spartacousdb folded on the Turn



PokerStars Hand #225417301006:  Hold'em No Limit ($0.01/$0.02 USD) - 2021/04/02 2:20:59 PT [2021/04/02 5:20:59 ET]
Table 'Eurydome' 9-max Seat #2 is the button
Seat 1: shefa77 ($0.84 in chips) 
Seat 2: Dukoviq ($2 in chips) 
Seat 3: dsn8fk2 ($2.52 in chips) 
Seat 4: Realtor59 ($2 in chips) 
Seat 5: raitsike24 ($3.58 in chips) 
Seat 6: Dorex2007 ($3.04 in chips) 
Seat 7: professionaldog ($1.88 in chips) 
Seat 8: coicorac ($1.02 in chips) 
Seat 9: Spartacousdb ($1.77 in chips) 
dsn8fk2: posts small blind $0.01
Realtor59: posts big blind $0.02
*** HOLE CARDS ***
Dealt to Dorex2007 [Th 9c]
raitsike24: folds 
Dorex2007: folds 
professionaldog: raises $0.02 to $0.04
coicorac: calls $0.04
Spartacousdb: folds 
shefa77: folds 
Dukoviq: folds 
dsn8fk2: folds 
Realtor59: folds 
*** FLOP *** [2s Qs Qd]
professionaldog: checks 
coicorac: checks 
*** TURN *** [2s Qs Qd] [Js]
professionaldog: checks 
coicorac: checks 
*** RIVER *** [2s Qs Qd Js] [8h]
professionaldog: checks 
coicorac: checks 
*** SHOW DOWN ***
professionaldog: shows [Ac 2c] (two pair, Queens and Deuces)
coicorac: mucks hand 
professionaldog collected $0.11 from pot
*** SUMMARY ***
Total pot $0.11 | Rake $0 
Board [2s Qs Qd Js 8h]
Seat 1: shefa77 folded before Flop (didn't bet)
Seat 2: Dukoviq (button) folded before Flop (didn't bet)
Seat 3: dsn8fk2 (small blind) folded before Flop
Seat 4: Realtor59 (big blind) folded before Flop
Seat 5: raitsike24 folded before Flop (didn't bet)
Seat 6: Dorex2007 folded before Flop (didn't bet)
Seat 7: professionaldog showed [Ac 2c] and won ($0.11) with two pair, Queens and Deuces
Seat 8: coicorac mucked [9s Ad]
Seat 9: Spartacousdb folded before Flop (didn't bet)



PokerStars Hand #225417308789:  Hold'em No Limit ($0.01/$0.02 USD) - 2021/04/02 2:21:30 PT [2021/04/02 5:21:30 ET]
Table 'Eurydome' 9-max Seat #3 is the button
Seat 1: shefa77 ($0.84 in chips) 
Seat 2: Dukoviq ($2 in chips) 
Seat 3: dsn8fk2 ($2.51 in chips) 
Seat 4: Realtor59 ($1.98 in chips) 
Seat 5: raitsike24 ($3.58 in chips) 
Seat 6: Dorex2007 ($3.04 in chips) 
Seat 7: professionaldog ($1.95 in chips) 
Seat 8: coicorac ($0.98 in chips) 
Seat 9: Spartacousdb ($2 in chips) 
Realtor59: posts small blind $0.01
raitsike24: posts big blind $0.02
*** HOLE CARDS ***
Dealt to Dorex2007 [Qh 9c]
Dorex2007: folds 
professionaldog: folds 
coicorac: folds 
Spartacousdb: folds 
shefa77: folds 
Dukoviq: folds 
dsn8fk2: folds 
Realtor59: folds 
Uncalled bet ($0.01) returned to raitsike24
raitsike24 collected $0.02 from pot
raitsike24: doesn't show hand 
*** SUMMARY ***
Total pot $0.02 | Rake $0 
Seat 1: shefa77 folded before Flop (didn't bet)
Seat 2: Dukoviq folded before Flop (didn't bet)
Seat 3: dsn8fk2 (button) folded before Flop (didn't bet)
Seat 4: Realtor59 (small blind) folded before Flop
Seat 5: raitsike24 (big blind) collected ($0.02)
Seat 6: Dorex2007 folded before Flop (didn't bet)
Seat 7: professionaldog folded before Flop (didn't bet)
Seat 8: coicorac folded before Flop (didn't bet)
Seat 9: Spartacousdb folded before Flop (didn't bet)



PokerStars Hand #225417312542:  Hold'em No Limit ($0.01/$0.02 USD) - 2021/04/02 2:21:45 PT [2021/04/02 5:21:45 ET]
Table 'Eurydome' 9-max Seat #4 is the button
Seat 1: shefa77 ($0.84 in chips) 
Seat 2: Dukoviq ($2 in chips) 
Seat 3: dsn8fk2 ($2.51 in chips) 
Seat 4: Realtor59 ($1.97 in chips) 
Seat 5: raitsike24 ($3.59 in chips) 
Seat 6: Dorex2007 ($3.04 in chips) 
Seat 7: professionaldog ($1.95 in chips) 
Seat 8: coicorac ($0.98 in chips) 
Seat 9: Spartacousdb ($2 in chips) 
raitsike24: posts small blind $0.01
Dorex2007: posts big blind $0.02
*** HOLE CARDS ***
Dealt to Dorex2007 [Kc 6h]
professionaldog: folds 
coicorac: calls $0.02
Spartacousdb: folds 
shefa77: calls $0.02
Dukoviq: folds 
dsn8fk2: calls $0.02
Realtor59: folds 
raitsike24: calls $0.01
Dorex2007: checks 
*** FLOP *** [6s 3s 2s]
raitsike24: checks 
Dorex2007: checks 
coicorac: checks 
shefa77: checks 
dsn8fk2: checks 
*** TURN *** [6s 3s 2s] [3d]
raitsike24: checks 
Dorex2007: checks 
coicorac: checks 
shefa77: bets $0.04
dsn8fk2: folds 
raitsike24: calls $0.04
Dorex2007: folds 
coicorac: folds 
*** RIVER *** [6s 3s 2s 3d] [Qs]
raitsike24: bets $0.08
shefa77: folds 
Uncalled bet ($0.08) returned to raitsike24
raitsike24 collected $0.17 from pot
raitsike24: doesn't show hand 
*** SUMMARY ***
Total pot $0.18 | Rake $0.01 
Board [6s 3s 2s 3d Qs]
Seat 1: shefa77 folded on the River
Seat 2: Dukoviq folded before Flop (didn't bet)
Seat 3: dsn8fk2 folded on the Turn
Seat 4: Realtor59 (button) folded before Flop (didn't bet)
Seat 5: raitsike24 (small blind) collected ($0.17)
Seat 6: Dorex2007 (big blind) folded on the Turn
Seat 7: professionaldog folded before Flop (didn't bet)
Seat 8: coicorac folded on the Turn
Seat 9: Spartacousdb folded before Flop (didn't bet)



PokerStars Hand #225417331286:  Hold'em No Limit ($0.01/$0.02 USD) - 2021/04/02 2:23:00 PT [2021/04/02 5:23:00 ET]
Table 'Eurydome' 9-max Seat #5 is the button
Seat 1: shefa77 ($0.78 in chips) 
Seat 2: Dukoviq ($2 in chips) 
Seat 3: dsn8fk2 ($2.49 in chips) 
Seat 4: Realtor59 ($2 in chips) 
Seat 5: raitsike24 ($3.70 in chips) 
Seat 6: Dorex2007 ($3.02 in chips) 
Seat 7: professionaldog ($1.95 in chips) 
Seat 8: coicorac ($0.96 in chips) 
Seat 9: Spartacousdb ($2 in chips) 
Dorex2007: posts small blind $0.01
professionaldog: posts big blind $0.02
*** HOLE CARDS ***
Dealt to Dorex2007 [2s Td]
coicorac: folds 
Spartacousdb: folds 
shefa77: folds 
Dukoviq: folds 
dsn8fk2: raises $0.04 to $0.06
Realtor59: folds 
raitsike24: calls $0.06
Dorex2007: folds 
professionaldog: calls $0.04
*** FLOP *** [3c 6d 4c]
professionaldog: checks 
dsn8fk2: checks 
raitsike24: checks 
*** TURN *** [3c 6d 4c] [8d]
professionaldog: checks 
dsn8fk2: checks 
raitsike24: checks 
*** RIVER *** [3c 6d 4c 8d] [9s]
professionaldog: checks 
dsn8fk2: bets $0.10
raitsike24: folds 
professionaldog: folds 
Uncalled bet ($0.10) returned to dsn8fk2
dsn8fk2 collected $0.18 from pot
dsn8fk2: doesn't show hand 
*** SUMMARY ***
Total pot $0.19 | Rake $0.01 
Board [3c 6d 4c 8d 9s]
Seat 1: shefa77 folded before Flop (didn't bet)
Seat 2: Dukoviq folded before Flop (didn't bet)
Seat 3: dsn8fk2 collected ($0.18)
Seat 4: Realtor59 folded before Flop (didn't bet)
Seat 5: raitsike24 (button) folded on the River
Seat 6: Dorex2007 (small blind) folded before Flop
Seat 7: professionaldog (big blind) folded on the River
Seat 8: coicorac folded before Flop (didn't bet)
Seat 9: Spartacousdb folded before Flop (didn't bet)



PokerStars Hand #225417347846:  Hold'em No Limit ($0.01/$0.02 USD) - 2021/04/02 2:24:04 PT [2021/04/02 5:24:04 ET]
Table 'Eurydome' 9-max Seat #6 is the button
Seat 1: shefa77 ($0.78 in chips) 
Seat 2: Dukoviq ($2 in chips) 
Seat 3: dsn8fk2 ($2.61 in chips) 
Seat 4: Realtor59 ($2 in chips) 
Seat 5: raitsike24 ($3.64 in chips) 
Seat 6: Dorex2007 ($3.01 in chips) 
Seat 7: professionaldog ($1.89 in chips) 
Seat 8: coicorac ($0.96 in chips) 
Seat 9: Spartacousdb ($2 in chips) 
professionaldog: posts small blind $0.01
coicorac: posts big blind $0.02
*** HOLE CARDS ***
Dealt to Dorex2007 [Jc Qh]
Spartacousdb: folds 
shefa77: folds 
Dukoviq: folds 
dsn8fk2: folds 
Realtor59: folds 
raitsike24: raises $0.02 to $0.04
Dorex2007: calls $0.04
professionaldog: folds 
coicorac: folds 
*** FLOP *** [Th Kc Jd]
raitsike24: bets $0.06
Dorex2007: calls $0.06
*** TURN *** [Th Kc Jd] [Jh]
raitsike24: bets $0.08
Dorex2007: raises $0.38 to $0.46
raitsike24: folds 
Uncalled bet ($0.38) returned to Dorex2007
Dorex2007 collected $0.38 from pot
Dorex2007: doesn't show hand 
*** SUMMARY ***
Total pot $0.39 | Rake $0.01 
Board [Th Kc Jd Jh]
Seat 1: shefa77 folded before Flop (didn't bet)
Seat 2: Dukoviq folded before Flop (didn't bet)
Seat 3: dsn8fk2 folded before Flop (didn't bet)
Seat 4: Realtor59 folded before Flop (didn't bet)
Seat 5: raitsike24 folded on the Turn
Seat 6: Dorex2007 (button) collected ($0.38)
Seat 7: professionaldog (small blind) folded before Flop
Seat 8: coicorac (big blind) folded before Flop
Seat 9: Spartacousdb folded before Flop (didn't bet)



PokerStars Hand #225417364375:  Hold'em No Limit ($0.01/$0.02 USD) - 2021/04/02 2:25:09 PT [2021/04/02 5:25:09 ET]
Table 'Eurydome' 9-max Seat #7 is the button
Seat 1: shefa77 ($0.78 in chips) 
Seat 2: Dukoviq ($2 in chips) 
Seat 3: dsn8fk2 ($2.61 in chips) 
Seat 4: Realtor59 ($2 in chips) 
Seat 5: raitsike24 ($3.46 in chips) 
Seat 6: Dorex2007 ($3.21 in chips) 
Seat 7: professionaldog ($1.88 in chips) 
Seat 8: coicorac ($0.94 in chips) 
Seat 9: Spartacousdb ($2 in chips) 
coicorac: posts small blind $0.01
Spartacousdb: posts big blind $0.02
*** HOLE CARDS ***
Dealt to Dorex2007 [Td 3h]
shefa77: folds 
Dukoviq: raises $0.04 to $0.06
dsn8fk2: raises $0.14 to $0.20
Realtor59: folds 
raitsike24: folds 
Dorex2007: folds 
professionaldog: folds 
coicorac: folds 
Spartacousdb: folds 
Dukoviq: calls $0.14
*** FLOP *** [4d 9c 2d]
Dukoviq: checks 
dsn8fk2: bets $0.21
Dukoviq: folds 
Uncalled bet ($0.21) returned to dsn8fk2
dsn8fk2 collected $0.41 from pot
dsn8fk2: doesn't show hand 
*** SUMMARY ***
Total pot $0.43 | Rake $0.02 
Board [4d 9c 2d]
Seat 1: shefa77 folded before Flop (didn't bet)
Seat 2: Dukoviq folded on the Flop
Seat 3: dsn8fk2 collected ($0.41)
Seat 4: Realtor59 folded before Flop (didn't bet)
Seat 5: raitsike24 folded before Flop (didn't bet)
Seat 6: Dorex2007 folded before Flop (didn't bet)
Seat 7: professionaldog (button) folded before Flop (didn't bet)
Seat 8: coicorac (small blind) folded before Flop
Seat 9: Spartacousdb (big blind) folded before Flop



PokerStars Hand #225417378699:  Hold'em No Limit ($0.01/$0.02 USD) - 2021/04/02 2:26:05 PT [2021/04/02 5:26:05 ET]
Table 'Eurydome' 9-max Seat #8 is the button
Seat 1: shefa77 ($0.78 in chips) 
Seat 2: Dukoviq ($2 in chips) 
Seat 3: dsn8fk2 ($2.82 in chips) 
Seat 4: Realtor59 ($2 in chips) 
Seat 5: raitsike24 ($3.46 in chips) 
Seat 6: Dorex2007 ($3.21 in chips) 
Seat 7: professionaldog ($1.88 in chips) 
Seat 8: coicorac ($0.93 in chips) 
Seat 9: Spartacousdb ($1.98 in chips) 
Spartacousdb: posts small blind $0.01
shefa77: posts big blind $0.02
*** HOLE CARDS ***
Dealt to Dorex2007 [Js 9s]
Dukoviq: folds 
dsn8fk2: calls $0.02
Realtor59: calls $0.02
raitsike24: folds 
Dorex2007: calls $0.02
professionaldog: folds 
coicorac: calls $0.02
Spartacousdb: folds 
shefa77: checks 
*** FLOP *** [2d 8d 5c]
shefa77: checks 
dsn8fk2: bets $0.06
Realtor59: folds 
Dorex2007: folds 
coicorac: folds 
shefa77: folds 
Uncalled bet ($0.06) returned to dsn8fk2
dsn8fk2 collected $0.11 from pot
dsn8fk2: doesn't show hand 
*** SUMMARY ***
Total pot $0.11 | Rake $0 
Board [2d 8d 5c]
Seat 1: shefa77 (big blind) folded on the Flop
Seat 2: Dukoviq folded before Flop (didn't bet)
Seat 3: dsn8fk2 collected ($0.11)
Seat 4: Realtor59 folded on the Flop
Seat 5: raitsike24 folded before Flop (didn't bet)
Seat 6: Dorex2007 folded on the Flop
Seat 7: professionaldog folded before Flop (didn't bet)
Seat 8: coicorac (button) folded on the Flop
Seat 9: Spartacousdb (small blind) folded before Flop



PokerStars Hand #225417390781:  Hold'em No Limit ($0.01/$0.02 USD) - 2021/04/02 2:26:53 PT [2021/04/02 5:26:53 ET]
Table 'Eurydome' 9-max Seat #9 is the button
Seat 1: shefa77 ($0.76 in chips) 
Seat 2: Dukoviq ($2 in chips) 
Seat 3: dsn8fk2 ($2.91 in chips) 
Seat 4: Realtor59 ($2 in chips) 
Seat 5: raitsike24 ($3.46 in chips) 
Seat 6: Dorex2007 ($3.19 in chips) 
Seat 7: professionaldog ($1.88 in chips) 
Seat 8: coicorac ($0.91 in chips) 
Seat 9: Spartacousdb ($1.97 in chips) 
shefa77: posts small blind $0.01
Dukoviq: posts big blind $0.02
*** HOLE CARDS ***
Dealt to Dorex2007 [2c 9s]
dsn8fk2: calls $0.02
Realtor59: raises $0.04 to $0.06
raitsike24: folds 
Dorex2007: folds 
professionaldog: folds 
coicorac: calls $0.06
Spartacousdb: folds 
shefa77: folds 
Dukoviq: folds 
dsn8fk2: calls $0.04
*** FLOP *** [8d Th Td]
dsn8fk2: checks 
Realtor59: checks 
coicorac: checks 
*** TURN *** [8d Th Td] [6d]
dsn8fk2: bets $0.10
Realtor59: folds 
coicorac: folds 
Uncalled bet ($0.10) returned to dsn8fk2
dsn8fk2 collected $0.20 from pot
dsn8fk2: doesn't show hand 
*** SUMMARY ***
Total pot $0.21 | Rake $0.01 
Board [8d Th Td 6d]
Seat 1: shefa77 (small blind) folded before Flop
Seat 2: Dukoviq (big blind) folded before Flop
Seat 3: dsn8fk2 collected ($0.20)
Seat 4: Realtor59 folded on the Turn
Seat 5: raitsike24 folded before Flop (didn't bet)
Seat 6: Dorex2007 folded before Flop (didn't bet)
Seat 7: professionaldog folded before Flop (didn't bet)
Seat 8: coicorac folded on the Turn
Seat 9: Spartacousdb (button) folded before Flop (didn't bet)



PokerStars Hand #225417401122:  Hold'em No Limit ($0.01/$0.02 USD) - 2021/04/02 2:27:34 PT [2021/04/02 5:27:34 ET]
Table 'Eurydome' 9-max Seat #1 is the button
Seat 1: shefa77 ($0.75 in chips) 
Seat 2: Dukoviq ($2 in chips) 
Seat 3: dsn8fk2 ($3.05 in chips) 
Seat 4: Realtor59 ($1.94 in chips) 
Seat 5: raitsike24 ($3.46 in chips) 
Seat 6: Dorex2007 ($3.19 in chips) 
Seat 7: professionaldog ($1.88 in chips) 
Seat 8: coicorac ($0.85 in chips) 
Seat 9: Spartacousdb ($1.97 in chips) 
Dukoviq: posts small blind $0.01
dsn8fk2: posts big blind $0.02
*** HOLE CARDS ***
Dealt to Dorex2007 [5h Tc]
Realtor59: folds 
raitsike24: calls $0.02
Dorex2007: folds 
professionaldog: folds 
coicorac: folds 
Spartacousdb: folds 
shefa77: calls $0.02
Dukoviq: folds 
dsn8fk2: checks 
*** FLOP *** [9h Jh 8c]
dsn8fk2: checks 
raitsike24: bets $0.12
shefa77: folds 
dsn8fk2: folds 
Uncalled bet ($0.12) returned to raitsike24
raitsike24 collected $0.07 from pot
raitsike24: doesn't show hand 
*** SUMMARY ***
Total pot $0.07 | Rake $0 
Board [9h Jh 8c]
Seat 1: shefa77 (button) folded on the Flop
Seat 2: Dukoviq (small blind) folded before Flop
Seat 3: dsn8fk2 (big blind) folded on the Flop
Seat 4: Realtor59 folded before Flop (didn't bet)
Seat 5: raitsike24 collected ($0.07)
Seat 6: Dorex2007 folded before Flop (didn't bet)
Seat 7: professionaldog folded before Flop (didn't bet)
Seat 8: coicorac folded before Flop (didn't bet)
Seat 9: Spartacousdb folded before Flop (didn't bet)



PokerStars Hand #225417410178:  Hold'em No Limit ($0.01/$0.02 USD) - 2021/04/02 2:28:10 PT [2021/04/02 5:28:10 ET]
Table 'Eurydome' 9-max Seat #2 is the button
Seat 1: shefa77 ($0.73 in chips) 
Seat 2: Dukoviq ($2 in chips) 
Seat 3: dsn8fk2 ($3.03 in chips) 
Seat 4: Realtor59 ($1.94 in chips) 
Seat 5: raitsike24 ($3.51 in chips) 
Seat 6: Dorex2007 ($3.19 in chips) 
Seat 7: professionaldog ($1.88 in chips) 
Seat 8: coicorac ($0.85 in chips) 
Seat 9: Spartacousdb ($1.97 in chips) 
dsn8fk2: posts small blind $0.01
Realtor59: posts big blind $0.02
*** HOLE CARDS ***
Dealt to Dorex2007 [Ah 6c]
raitsike24: calls $0.02
Dorex2007 has timed out
Dorex2007: folds 
professionaldog: folds 
coicorac: folds 
Spartacousdb: folds 
shefa77: calls $0.02
Dukoviq: folds 
dsn8fk2: calls $0.01
Realtor59: checks 
*** FLOP *** [Qd 2d 8h]
dsn8fk2: checks 
Realtor59: checks 
raitsike24: checks 
shefa77: checks 
*** TURN *** [Qd 2d 8h] [Jd]
dsn8fk2: checks 
Realtor59: bets $0.08
raitsike24: calls $0.08
shefa77: calls $0.08
dsn8fk2: calls $0.08
*** RIVER *** [Qd 2d 8h Jd] [7h]
dsn8fk2: checks 
Realtor59: bets $0.22
raitsike24: folds 
shefa77: folds 
dsn8fk2: folds 
Uncalled bet ($0.22) returned to Realtor59
Realtor59 collected $0.39 from pot
Realtor59: doesn't show hand 
*** SUMMARY ***
Total pot $0.40 | Rake $0.01 
Board [Qd 2d 8h Jd 7h]
Seat 1: shefa77 folded on the River
Seat 2: Dukoviq (button) folded before Flop (didn't bet)
Seat 3: dsn8fk2 (small blind) folded on the River
Seat 4: Realtor59 (big blind) collected ($0.39)
Seat 5: raitsike24 folded on the River
Seat 6: Dorex2007 folded before Flop (didn't bet)
Seat 7: professionaldog folded before Flop (didn't bet)
Seat 8: coicorac folded before Flop (didn't bet)
Seat 9: Spartacousdb folded before Flop (didn't bet)



PokerStars Hand #225417431482:  Hold'em No Limit ($0.01/$0.02 USD) - 2021/04/02 2:29:34 PT [2021/04/02 5:29:34 ET]
Table 'Eurydome' 9-max Seat #3 is the button
Seat 1: shefa77 ($0.63 in chips) 
Seat 2: Dukoviq ($2 in chips) 
Seat 3: dsn8fk2 ($2.93 in chips) 
Seat 4: Realtor59 ($2.23 in chips) 
Seat 5: raitsike24 ($3.41 in chips) 
Seat 6: Dorex2007 ($3.19 in chips) 
Seat 7: professionaldog ($1.88 in chips) 
Seat 8: coicorac ($0.85 in chips) 
Seat 9: Spartacousdb ($1.97 in chips) 
Realtor59: posts small blind $0.01
raitsike24: posts big blind $0.02
*** HOLE CARDS ***
Dealt to Dorex2007 [6c Qd]
Dorex2007: folds 
professionaldog: folds 
coicorac: folds 
Spartacousdb: folds 
shefa77: calls $0.02
Dukoviq: folds 
dsn8fk2: raises $0.04 to $0.06
Realtor59: folds 
raitsike24: calls $0.04
shefa77: calls $0.04
*** FLOP *** [7d 5h Ah]
raitsike24: bets $0.08
shefa77: folds 
dsn8fk2: calls $0.08
*** TURN *** [7d 5h Ah] [Ks]
raitsike24: bets $0.08
dsn8fk2: calls $0.08
*** RIVER *** [7d 5h Ah Ks] [8d]
raitsike24: bets $0.08
dsn8fk2: folds 
Uncalled bet ($0.08) returned to raitsike24
raitsike24 collected $0.49 from pot
raitsike24: doesn't show hand 
*** SUMMARY ***
Total pot $0.51 | Rake $0.02 
Board [7d 5h Ah Ks 8d]
Seat 1: shefa77 folded on the Flop
Seat 2: Dukoviq folded before Flop (didn't bet)
Seat 3: dsn8fk2 (button) folded on the River
Seat 4: Realtor59 (small blind) folded before Flop
Seat 5: raitsike24 (big blind) collected ($0.49)
Seat 6: Dorex2007 folded before Flop (didn't bet)
Seat 7: professionaldog folded before Flop (didn't bet)
Seat 8: coicorac folded before Flop (didn't bet)
Seat 9: Spartacousdb folded before Flop (didn't bet)



PokerStars Hand #225417449080:  Hold'em No Limit ($0.01/$0.02 USD) - 2021/04/02 2:30:42 PT [2021/04/02 5:30:42 ET]
Table 'Eurydome' 9-max Seat #4 is the button
Seat 1: shefa77 ($0.57 in chips) 
Seat 2: Dukoviq ($2 in chips) 
Seat 3: dsn8fk2 ($2.71 in chips) 
Seat 4: Realtor59 ($2.22 in chips) 
Seat 5: raitsike24 ($3.68 in chips) 
Seat 6: Dorex2007 ($3.19 in chips) 
Seat 7: professionaldog ($1.88 in chips) 
Seat 8: coicorac ($0.85 in chips) 
Seat 9: Spartacousdb ($1.97 in chips) 
raitsike24: posts small blind $0.01
Dorex2007: posts big blind $0.02
*** HOLE CARDS ***
Dealt to Dorex2007 [9c 5h]
professionaldog: folds 
coicorac: folds 
Spartacousdb: folds 
shefa77: calls $0.02
Dukoviq: folds 
coicorac leaves the table
dsn8fk2: raises $0.04 to $0.06
Realtor59: folds 
raitsike24: folds 
Dorex2007: folds 
shefa77: calls $0.04
*** FLOP *** [8d Ad 9h]
shefa77: checks 
dsn8fk2: bets $0.07
shefa77: folds 
Uncalled bet ($0.07) returned to dsn8fk2
dsn8fk2 collected $0.14 from pot
dsn8fk2: doesn't show hand 
*** SUMMARY ***
Total pot $0.15 | Rake $0.01 
Board [8d Ad 9h]
Seat 1: shefa77 folded on the Flop
Seat 2: Dukoviq folded before Flop (didn't bet)
Seat 3: dsn8fk2 collected ($0.14)
Seat 4: Realtor59 (button) folded before Flop (didn't bet)
Seat 5: raitsike24 (small blind) folded before Flop
Seat 6: Dorex2007 (big blind) folded before Flop
Seat 7: professionaldog folded before Flop (didn't bet)
Seat 8: coicorac folded before Flop (didn't bet)
Seat 9: Spartacousdb folded before Flop (didn't bet)



PokerStars Hand #225417457483:  Hold'em No Limit ($0.01/$0.02 USD) - 2021/04/02 2:31:15 PT [2021/04/02 5:31:15 ET]
Table 'Eurydome' 9-max Seat #5 is the button
Seat 1: shefa77 ($0.51 in chips) 
Seat 2: Dukoviq ($2 in chips) 
Seat 3: dsn8fk2 ($2.79 in chips) 
Seat 4: Realtor59 ($2.22 in chips) 
Seat 5: raitsike24 ($3.67 in chips) 
Seat 6: Dorex2007 ($3.17 in chips) 
Seat 7: professionaldog ($1.88 in chips) 
Seat 9: Spartacousdb ($1.97 in chips) 
Dorex2007: posts small blind $0.01
professionaldog: posts big blind $0.02
*** HOLE CARDS ***
Dealt to Dorex2007 [Ts 5c]
Spartacousdb: folds 
shefa77: folds 
Dukoviq: folds 
dsn8fk2: folds 
Realtor59: folds 
raitsike24: calls $0.02
Dorex2007: folds 
professionaldog: checks 
*** FLOP *** [8c 9c Ah]
professionaldog: checks 
raitsike24: checks 
*** TURN *** [8c 9c Ah] [7s]
professionaldog: checks 
raitsike24: checks 
*** RIVER *** [8c 9c Ah 7s] [2h]
professionaldog: checks 
raitsike24: checks 
*** SHOW DOWN ***
professionaldog: shows [2d 7c] (two pair, Sevens and Deuces)
raitsike24: mucks hand 
professionaldog collected $0.05 from pot
*** SUMMARY ***
Total pot $0.05 | Rake $0 
Board [8c 9c Ah 7s 2h]
Seat 1: shefa77 folded before Flop (didn't bet)
Seat 2: Dukoviq folded before Flop (didn't bet)
Seat 3: dsn8fk2 folded before Flop (didn't bet)
Seat 4: Realtor59 folded before Flop (didn't bet)
Seat 5: raitsike24 (button) mucked [Ks Jc]
Seat 6: Dorex2007 (small blind) folded before Flop
Seat 7: professionaldog (big blind) showed [2d 7c] and won ($0.05) with two pair, Sevens and Deuces
Seat 9: Spartacousdb folded before Flop (didn't bet)



PokerStars Hand #225417467061:  Hold'em No Limit ($0.01/$0.02 USD) - 2021/04/02 2:31:52 PT [2021/04/02 5:31:52 ET]
Table 'Eurydome' 9-max Seat #6 is the button
Seat 1: shefa77 ($0.51 in chips) 
Seat 2: Dukoviq ($2 in chips) 
Seat 3: dsn8fk2 ($2.79 in chips) 
Seat 4: Realtor59 ($2.22 in chips) 
Seat 5: raitsike24 ($3.65 in chips) 
Seat 6: Dorex2007 ($3.16 in chips) 
Seat 7: professionaldog ($1.91 in chips) 
Seat 9: Spartacousdb ($1.97 in chips) 
professionaldog: posts small blind $0.01
Spartacousdb: posts big blind $0.02
*** HOLE CARDS ***
Dealt to Dorex2007 [7s Ts]
shefa77: folds 
Dukoviq: folds 
dsn8fk2: folds 
Realtor59: folds 
raitsike24: calls $0.02
Dorex2007: folds 
professionaldog: folds 
zuszek85 joins the table at seat #8 
Spartacousdb: checks 
*** FLOP *** [4s Kc 9d]
Spartacousdb: checks 
raitsike24: bets $0.06
Spartacousdb: folds 
Uncalled bet ($0.06) returned to raitsike24
raitsike24 collected $0.05 from pot
raitsike24: doesn't show hand 
*** SUMMARY ***
Total pot $0.05 | Rake $0 
Board [4s Kc 9d]
Seat 1: shefa77 folded before Flop (didn't bet)
Seat 2: Dukoviq folded before Flop (didn't bet)
Seat 3: dsn8fk2 folded before Flop (didn't bet)
Seat 4: Realtor59 folded before Flop (didn't bet)
Seat 5: raitsike24 collected ($0.05)
Seat 6: Dorex2007 (button) folded before Flop (didn't bet)
Seat 7: professionaldog (small blind) folded before Flop
Seat 9: Spartacousdb (big blind) folded on the Flop



PokerStars Hand #225417476538:  Hold'em No Limit ($0.01/$0.02 USD) - 2021/04/02 2:32:29 PT [2021/04/02 5:32:29 ET]
Table 'Eurydome' 9-max Seat #7 is the button
Seat 1: shefa77 ($0.51 in chips) 
Seat 2: Dukoviq ($2 in chips) 
Seat 3: dsn8fk2 ($2.79 in chips) 
Seat 4: Realtor59 ($2.22 in chips) 
Seat 5: raitsike24 ($3.68 in chips) 
Seat 6: Dorex2007 ($3.16 in chips) 
Seat 7: professionaldog ($1.90 in chips) 
Seat 9: Spartacousdb ($1.95 in chips) 
Spartacousdb: posts small blind $0.01
shefa77: posts big blind $0.02
*** HOLE CARDS ***
Dealt to Dorex2007 [Qh Js]
Dukoviq: folds 
dsn8fk2: folds 
Realtor59: folds 
raitsike24: folds 
Dorex2007: raises $0.04 to $0.06
professionaldog: folds 
Spartacousdb: folds 
shefa77: calls $0.04
*** FLOP *** [Th 3s Ts]
shefa77: bets $0.02
Dorex2007: calls $0.02
*** TURN *** [Th 3s Ts] [3d]
shefa77: bets $0.08
Dorex2007: folds 
Uncalled bet ($0.08) returned to shefa77
shefa77 collected $0.16 from pot
shefa77: doesn't show hand 
*** SUMMARY ***
Total pot $0.17 | Rake $0.01 
Board [Th 3s Ts 3d]
Seat 1: shefa77 (big blind) collected ($0.16)
Seat 2: Dukoviq folded before Flop (didn't bet)
Seat 3: dsn8fk2 folded before Flop (didn't bet)
Seat 4: Realtor59 folded before Flop (didn't bet)
Seat 5: raitsike24 folded before Flop (didn't bet)
Seat 6: Dorex2007 folded on the Turn
Seat 7: professionaldog (button) folded before Flop (didn't bet)
Seat 9: Spartacousdb (small blind) folded before Flop



PokerStars Hand #225417485969:  Hold'em No Limit ($0.01/$0.02 USD) - 2021/04/02 2:33:05 PT [2021/04/02 5:33:05 ET]
Table 'Eurydome' 9-max Seat #9 is the button
Seat 1: shefa77 ($0.59 in chips) 
Seat 2: Dukoviq ($2 in chips) 
Seat 3: dsn8fk2 ($2.79 in chips) 
Seat 4: Realtor59 ($2.22 in chips) 
Seat 5: raitsike24 ($3.68 in chips) 
Seat 6: Dorex2007 ($3.08 in chips) 
Seat 7: professionaldog ($1.90 in chips) 
Seat 8: zuszek85 ($1.39 in chips) 
Seat 9: Spartacousdb ($1.94 in chips) 
shefa77: posts small blind $0.01
Dukoviq: posts big blind $0.02
zuszek85: posts big blind $0.02
*** HOLE CARDS ***
Dealt to Dorex2007 [5c Ac]
dsn8fk2: folds 
Realtor59: folds 
raitsike24: folds 
Dorex2007: raises $0.02 to $0.04
professionaldog: folds 
zuszek85: calls $0.02
Spartacousdb: folds 
shefa77: folds 
Dukoviq: folds 
*** FLOP *** [7s 4s Tc]
Dorex2007: checks 
zuszek85: checks 
*** TURN *** [7s 4s Tc] [Js]
Dorex2007: bets $0.11
zuszek85: calls $0.11
*** RIVER *** [7s 4s Tc Js] [Jc]
Dorex2007: checks 
zuszek85: checks 
*** SHOW DOWN ***
Dorex2007: shows [5c Ac] (a pair of Jacks)
zuszek85: shows [As 5d] (a pair of Jacks)
Dorex2007 collected $0.16 from pot
zuszek85 collected $0.16 from pot
*** SUMMARY ***
Total pot $0.33 | Rake $0.01 
Board [7s 4s Tc Js Jc]
Seat 1: shefa77 (small blind) folded before Flop
Seat 2: Dukoviq (big blind) folded before Flop
Seat 3: dsn8fk2 folded before Flop (didn't bet)
Seat 4: Realtor59 folded before Flop (didn't bet)
Seat 5: raitsike24 folded before Flop (didn't bet)
Seat 6: Dorex2007 showed [5c Ac] and won ($0.16) with a pair of Jacks
Seat 7: professionaldog folded before Flop (didn't bet)
Seat 8: zuszek85 showed [As 5d] and won ($0.16) with a pair of Jacks
Seat 9: Spartacousdb (button) folded before Flop (didn't bet)



PokerStars Hand #225417498581:  Hold'em No Limit ($0.01/$0.02 USD) - 2021/04/02 2:33:54 PT [2021/04/02 5:33:54 ET]
Table 'Eurydome' 9-max Seat #1 is the button
Seat 1: shefa77 ($0.58 in chips) 
Seat 2: Dukoviq ($2 in chips) 
Seat 3: dsn8fk2 ($2.79 in chips) 
Seat 4: Realtor59 ($2.22 in chips) 
Seat 5: raitsike24 ($3.68 in chips) 
Seat 6: Dorex2007 ($3.09 in chips) 
Seat 7: professionaldog ($1.90 in chips) 
Seat 8: zuszek85 ($1.40 in chips) 
Seat 9: Spartacousdb ($1.94 in chips) 
Dukoviq: posts small blind $0.01
dsn8fk2: posts big blind $0.02
*** HOLE CARDS ***
Dealt to Dorex2007 [7c 3s]
Realtor59: folds 
raitsike24: folds 
Dorex2007: folds 
professionaldog: folds 
zuszek85: calls $0.02
Spartacousdb: folds 
shefa77: calls $0.02
Dukoviq: folds 
dsn8fk2: checks 
*** FLOP *** [8s 8d 5d]
dsn8fk2: checks 
zuszek85: checks 
shefa77: checks 
*** TURN *** [8s 8d 5d] [9s]
dsn8fk2: checks 
zuszek85: checks 
shefa77: checks 
*** RIVER *** [8s 8d 5d 9s] [As]
dsn8fk2: checks 
zuszek85: checks 
shefa77: checks 
*** SHOW DOWN ***
dsn8fk2: shows [Td 3d] (a pair of Eights)
zuszek85: shows [Th 7h] (a pair of Eights)
shefa77: shows [Ts Kc] (a pair of Eights - Ace+King kicker)
shefa77 collected $0.07 from pot
*** SUMMARY ***
Total pot $0.07 | Rake $0 
Board [8s 8d 5d 9s As]
Seat 1: shefa77 (button) showed [Ts Kc] and won ($0.07) with a pair of Eights
Seat 2: Dukoviq (small blind) folded before Flop
Seat 3: dsn8fk2 (big blind) showed [Td 3d] and lost with a pair of Eights
Seat 4: Realtor59 folded before Flop (didn't bet)
Seat 5: raitsike24 folded before Flop (didn't bet)
Seat 6: Dorex2007 folded before Flop (didn't bet)
Seat 7: professionaldog folded before Flop (didn't bet)
Seat 8: zuszek85 showed [Th 7h] and lost with a pair of Eights
Seat 9: Spartacousdb folded before Flop (didn't bet)



PokerStars Hand #225417508178:  Hold'em No Limit ($0.01/$0.02 USD) - 2021/04/02 2:34:31 PT [2021/04/02 5:34:31 ET]
Table 'Eurydome' 9-max Seat #2 is the button
Seat 1: shefa77 ($0.63 in chips) 
Seat 2: Dukoviq ($2 in chips) 
Seat 3: dsn8fk2 ($2.77 in chips) 
Seat 4: Realtor59 ($2.22 in chips) 
Seat 5: raitsike24 ($3.68 in chips) 
Seat 6: Dorex2007 ($3.09 in chips) 
Seat 7: professionaldog ($1.90 in chips) 
Seat 8: zuszek85 ($1.38 in chips) 
Seat 9: Spartacousdb ($1.94 in chips) 
dsn8fk2: posts small blind $0.01
Realtor59: posts big blind $0.02
*** HOLE CARDS ***
Dealt to Dorex2007 [8d 3s]
raitsike24: folds 
Dorex2007: folds 
professionaldog: folds 
zuszek85: folds 
Spartacousdb: raises $0.04 to $0.06
shefa77: folds 
Dukoviq: folds 
dsn8fk2: folds 
Realtor59: folds 
Uncalled bet ($0.04) returned to Spartacousdb
Spartacousdb collected $0.05 from pot
Spartacousdb: doesn't show hand 
*** SUMMARY ***
Total pot $0.05 | Rake $0 
Seat 1: shefa77 folded before Flop (didn't bet)
Seat 2: Dukoviq (button) folded before Flop (didn't bet)
Seat 3: dsn8fk2 (small blind) folded before Flop
Seat 4: Realtor59 (big blind) folded before Flop
Seat 5: raitsike24 folded before Flop (didn't bet)
Seat 6: Dorex2007 folded before Flop (didn't bet)
Seat 7: professionaldog folded before Flop (didn't bet)
Seat 8: zuszek85 folded before Flop (didn't bet)
Seat 9: Spartacousdb collected ($0.05)



PokerStars Hand #225417514614:  Hold'em No Limit ($0.01/$0.02 USD) - 2021/04/02 2:34:56 PT [2021/04/02 5:34:56 ET]
Table 'Eurydome' 9-max Seat #3 is the button
Seat 1: shefa77 ($0.63 in chips) 
Seat 2: Dukoviq ($2 in chips) 
Seat 3: dsn8fk2 ($2.76 in chips) 
Seat 4: Realtor59 ($2.20 in chips) 
Seat 5: raitsike24 ($3.68 in chips) 
Seat 6: Dorex2007 ($3.09 in chips) 
Seat 7: professionaldog ($1.90 in chips) 
Seat 8: zuszek85 ($1.38 in chips) 
Seat 9: Spartacousdb ($1.97 in chips) 
Realtor59: posts small blind $0.01
raitsike24: posts big blind $0.02
*** HOLE CARDS ***
Dealt to Dorex2007 [3s 4s]
Dorex2007: folds 
professionaldog: folds 
zuszek85: folds 
Spartacousdb: folds 
shefa77 has timed out
shefa77: folds 
Dukoviq: folds 
dsn8fk2: raises $0.04 to $0.06
Realtor59: calls $0.05
raitsike24: folds 
*** FLOP *** [Qd Kd 6d]
Realtor59: bets $2.14 and is all-in
dsn8fk2: calls $2.14
*** TURN *** [Qd Kd 6d] [9d]
*** RIVER *** [Qd Kd 6d 9d] [4d]
*** SHOW DOWN ***
Realtor59: shows [Kh Qs] (a flush, King high)
dsn8fk2: shows [Jc Ad] (a flush, Ace high)
dsn8fk2 collected $4.27 from pot
*** SUMMARY ***
Total pot $4.42 | Rake $0.15 
Board [Qd Kd 6d 9d 4d]
Seat 1: shefa77 folded before Flop (didn't bet)
Seat 2: Dukoviq folded before Flop (didn't bet)
Seat 3: dsn8fk2 (button) showed [Jc Ad] and won ($4.27) with a flush, Ace high
Seat 4: Realtor59 (small blind) showed [Kh Qs] and lost with a flush, King high
Seat 5: raitsike24 (big blind) folded before Flop
Seat 6: Dorex2007 folded before Flop (didn't bet)
Seat 7: professionaldog folded before Flop (didn't bet)
Seat 8: zuszek85 folded before Flop (didn't bet)
Seat 9: Spartacousdb folded before Flop (didn't bet)



PokerStars Hand #225417535293:  Hold'em No Limit ($0.01/$0.02 USD) - 2021/04/02 2:36:16 PT [2021/04/02 5:36:16 ET]
Table 'Eurydome' 9-max Seat #5 is the button
Seat 1: shefa77 ($0.63 in chips) 
Seat 2: Dukoviq ($2 in chips) 
Seat 3: dsn8fk2 ($4.83 in chips) 
Seat 5: raitsike24 ($3.66 in chips) 
Seat 6: Dorex2007 ($3.09 in chips) 
Seat 7: professionaldog ($1.90 in chips) 
Seat 8: zuszek85 ($1.38 in chips) 
Seat 9: Spartacousdb ($1.97 in chips) 
Dorex2007: posts small blind $0.01
professionaldog: posts big blind $0.02
*** HOLE CARDS ***
Dealt to Dorex2007 [Qd 5s]
zuszek85: folds 
Spartacousdb: folds 
shefa77: folds 
Dukoviq: folds 
dsn8fk2: folds 
raitsike24: folds 
Dorex2007: calls $0.01
professionaldog: checks 
*** FLOP *** [3d 6c 3s]
Dorex2007: checks 
professionaldog: checks 
*** TURN *** [3d 6c 3s] [2d]
Dorex2007: checks 
professionaldog: checks 
*** RIVER *** [3d 6c 3s 2d] [7s]
Dorex2007: checks 
professionaldog: checks 
*** SHOW DOWN ***
Dorex2007: shows [Qd 5s] (a pair of Threes)
professionaldog: shows [2c 8h] (two pair, Threes and Deuces)
professionaldog collected $0.04 from pot
*** SUMMARY ***
Total pot $0.04 | Rake $0 
Board [3d 6c 3s 2d 7s]
Seat 1: shefa77 folded before Flop (didn't bet)
Seat 2: Dukoviq folded before Flop (didn't bet)
Seat 3: dsn8fk2 folded before Flop (didn't bet)
Seat 5: raitsike24 (button) folded before Flop (didn't bet)
Seat 6: Dorex2007 (small blind) showed [Qd 5s] and lost with a pair of Threes
Seat 7: professionaldog (big blind) showed [2c 8h] and won ($0.04) with two pair, Threes and Deuces
Seat 8: zuszek85 folded before Flop (didn't bet)
Seat 9: Spartacousdb folded before Flop (didn't bet)



PokerStars Hand #225417546300:  Hold'em No Limit ($0.01/$0.02 USD) - 2021/04/02 2:36:58 PT [2021/04/02 5:36:58 ET]
Table 'Eurydome' 9-max Seat #6 is the button
Seat 1: shefa77 ($0.63 in chips) 
Seat 2: Dukoviq ($2 in chips) 
Seat 3: dsn8fk2 ($4.83 in chips) 
Seat 4: Realtor59 ($2 in chips) 
Seat 5: raitsike24 ($3.66 in chips) 
Seat 6: Dorex2007 ($3.07 in chips) 
Seat 7: professionaldog ($1.92 in chips) 
Seat 8: zuszek85 ($1.38 in chips) 
Seat 9: Spartacousdb ($1.97 in chips) 
professionaldog: posts small blind $0.01
zuszek85: posts big blind $0.02
*** HOLE CARDS ***
Dealt to Dorex2007 [2d 2h]
Spartacousdb: folds 
shefa77: folds 
Dukoviq: raises $0.04 to $0.06
dsn8fk2: folds 
Realtor59: folds 
raitsike24: calls $0.06
Dorex2007: folds 
professionaldog: folds 
zuszek85: folds 
*** FLOP *** [8c 3s 6h]
Dukoviq: bets $0.06
raitsike24: folds 
Uncalled bet ($0.06) returned to Dukoviq
Dukoviq collected $0.14 from pot
Dukoviq: doesn't show hand 
*** SUMMARY ***
Total pot $0.15 | Rake $0.01 
Board [8c 3s 6h]
Seat 1: shefa77 folded before Flop (didn't bet)
Seat 2: Dukoviq collected ($0.14)
Seat 3: dsn8fk2 folded before Flop (didn't bet)
Seat 4: Realtor59 folded before Flop (didn't bet)
Seat 5: raitsike24 folded on the Flop
Seat 6: Dorex2007 (button) folded before Flop (didn't bet)
Seat 7: professionaldog (small blind) folded before Flop
Seat 8: zuszek85 (big blind) folded before Flop
Seat 9: Spartacousdb folded before Flop (didn't bet)



PokerStars Hand #225417554290:  Hold'em No Limit ($0.01/$0.02 USD) - 2021/04/02 2:37:29 PT [2021/04/02 5:37:29 ET]
Table 'Eurydome' 9-max Seat #7 is the button
Seat 1: shefa77 ($0.63 in chips) 
Seat 2: Dukoviq ($2.08 in chips) 
Seat 3: dsn8fk2 ($4.83 in chips) 
Seat 4: Realtor59 ($2 in chips) 
Seat 5: raitsike24 ($3.60 in chips) 
Seat 6: Dorex2007 ($3.07 in chips) 
Seat 7: professionaldog ($1.91 in chips) 
Seat 8: zuszek85 ($1.36 in chips) 
Seat 9: Spartacousdb ($1.97 in chips) 
zuszek85: posts small blind $0.01
Spartacousdb: posts big blind $0.02
*** HOLE CARDS ***
Dealt to Dorex2007 [Qd 8d]
shefa77 has timed out
shefa77: folds 
Dukoviq: folds 
dsn8fk2: folds 
Realtor59: folds 
raitsike24: calls $0.02
Dorex2007: folds 
professionaldog: calls $0.02
zuszek85: calls $0.01
Spartacousdb: raises $0.10 to $0.12
raitsike24: calls $0.10
professionaldog: folds 
zuszek85: calls $0.10
*** FLOP *** [4s 4h Ts]
zuszek85: checks 
Spartacousdb: bets $0.24
raitsike24: folds 
zuszek85: calls $0.24
*** TURN *** [4s 4h Ts] [Ad]
zuszek85: checks 
Spartacousdb: bets $1.04
zuszek85: calls $1 and is all-in
Uncalled bet ($0.04) returned to Spartacousdb
*** RIVER *** [4s 4h Ts Ad] [Ks]
*** SHOW DOWN ***
zuszek85: shows [Ac 4c] (a full house, Fours full of Aces)
Spartacousdb: shows [As Td] (two pair, Aces and Tens)
zuszek85 collected $2.76 from pot
*** SUMMARY ***
Total pot $2.86 | Rake $0.10 
Board [4s 4h Ts Ad Ks]
Seat 1: shefa77 folded before Flop (didn't bet)
Seat 2: Dukoviq folded before Flop (didn't bet)
Seat 3: dsn8fk2 folded before Flop (didn't bet)
Seat 4: Realtor59 folded before Flop (didn't bet)
Seat 5: raitsike24 folded on the Flop
Seat 6: Dorex2007 folded before Flop (didn't bet)
Seat 7: professionaldog (button) folded before Flop
Seat 8: zuszek85 (small blind) showed [Ac 4c] and won ($2.76) with a full house, Fours full of Aces
Seat 9: Spartacousdb (big blind) showed [As Td] and lost with two pair, Aces and Tens



PokerStars Hand #225417573471:  Hold'em No Limit ($0.01/$0.02 USD) - 2021/04/02 2:38:43 PT [2021/04/02 5:38:43 ET]
Table 'Eurydome' 9-max Seat #8 is the button
Seat 1: shefa77 ($0.63 in chips) 
Seat 2: Dukoviq ($2.08 in chips) 
Seat 3: dsn8fk2 ($4.83 in chips) 
Seat 4: Realtor59 ($2 in chips) 
Seat 5: raitsike24 ($3.48 in chips) 
Seat 6: Dorex2007 ($3.07 in chips) 
Seat 7: professionaldog ($1.89 in chips) 
Seat 8: zuszek85 ($2.76 in chips) 
Seat 9: Spartacousdb ($0.61 in chips) 
Spartacousdb: posts small blind $0.01
shefa77: posts big blind $0.02
*** HOLE CARDS ***
Dealt to Dorex2007 [6d 9s]
Dukoviq: folds 
dsn8fk2: folds 
Realtor59: folds 
raitsike24: calls $0.02
Dorex2007: folds 
professionaldog: folds 
zuszek85: folds 
Spartacousdb: raises $0.03 to $0.05
shefa77: folds 
raitsike24: calls $0.03
*** FLOP *** [6h 7h 3c]
Spartacousdb: bets $0.06
raitsike24: calls $0.06
*** TURN *** [6h 7h 3c] [6s]
Spartacousdb: checks 
raitsike24: bets $0.06
Spartacousdb: folds 
Uncalled bet ($0.06) returned to raitsike24
raitsike24 collected $0.23 from pot
raitsike24: doesn't show hand 
*** SUMMARY ***
Total pot $0.24 | Rake $0.01 
Board [6h 7h 3c 6s]
Seat 1: shefa77 (big blind) folded before Flop
Seat 2: Dukoviq folded before Flop (didn't bet)
Seat 3: dsn8fk2 folded before Flop (didn't bet)
Seat 4: Realtor59 folded before Flop (didn't bet)
Seat 5: raitsike24 collected ($0.23)
Seat 6: Dorex2007 folded before Flop (didn't bet)
Seat 7: professionaldog folded before Flop (didn't bet)
Seat 8: zuszek85 (button) folded before Flop (didn't bet)
Seat 9: Spartacousdb (small blind) folded on the Turn



PokerStars Hand #225417587719:  Hold'em No Limit ($0.01/$0.02 USD) - 2021/04/02 2:39:38 PT [2021/04/02 5:39:38 ET]
Table 'Eurydome' 9-max Seat #9 is the button
Seat 1: shefa77 ($0.61 in chips) 
Seat 2: Dukoviq ($2.08 in chips) 
Seat 3: dsn8fk2 ($4.83 in chips) 
Seat 4: Realtor59 ($2 in chips) 
Seat 5: raitsike24 ($3.60 in chips) 
Seat 6: Dorex2007 ($3.07 in chips) 
Seat 7: professionaldog ($1.89 in chips) 
Seat 8: zuszek85 ($2.76 in chips) 
Seat 9: Spartacousdb ($0.50 in chips) 
shefa77: posts small blind $0.01
Dukoviq: posts big blind $0.02
*** HOLE CARDS ***
Dealt to Dorex2007 [Js 6s]
dsn8fk2: folds 
Realtor59: folds 
raitsike24: folds 
Dorex2007: folds 
professionaldog: folds 
zuszek85: folds 
Spartacousdb: raises $0.05 to $0.07
shefa77: folds 
Dukoviq: folds 
Uncalled bet ($0.05) returned to Spartacousdb
Spartacousdb collected $0.05 from pot
Spartacousdb: doesn't show hand 
*** SUMMARY ***
Total pot $0.05 | Rake $0 
Seat 1: shefa77 (small blind) folded before Flop
Seat 2: Dukoviq (big blind) folded before Flop
Seat 3: dsn8fk2 folded before Flop (didn't bet)
Seat 4: Realtor59 folded before Flop (didn't bet)
Seat 5: raitsike24 folded before Flop (didn't bet)
Seat 6: Dorex2007 folded before Flop (didn't bet)
Seat 7: professionaldog folded before Flop (didn't bet)
Seat 8: zuszek85 folded before Flop (didn't bet)
Seat 9: Spartacousdb (button) collected ($0.05)



PokerStars Hand #225417594045:  Hold'em No Limit ($0.01/$0.02 USD) - 2021/04/02 2:40:02 PT [2021/04/02 5:40:02 ET]
Table 'Eurydome' 9-max Seat #1 is the button
Seat 1: shefa77 ($0.60 in chips) 
Seat 2: Dukoviq ($2.06 in chips) 
Seat 3: dsn8fk2 ($4.83 in chips) 
Seat 4: Realtor59 ($2 in chips) 
Seat 5: raitsike24 ($3.60 in chips) 
Seat 6: Dorex2007 ($3.07 in chips) 
Seat 7: professionaldog ($1.89 in chips) 
Seat 8: zuszek85 ($2.76 in chips) 
Seat 9: Spartacousdb ($0.53 in chips) 
Dukoviq: posts small blind $0.01
dsn8fk2: posts big blind $0.02
*** HOLE CARDS ***
Dealt to Dorex2007 [2d 8h]
Realtor59: folds 
raitsike24: raises $0.02 to $0.04
Dorex2007: folds 
professionaldog: folds 
zuszek85: folds 
Spartacousdb: folds 
shefa77: folds 
Dukoviq: folds 
dsn8fk2: calls $0.02
*** FLOP *** [8s Jh 6h]
dsn8fk2: checks 
raitsike24: checks 
*** TURN *** [8s Jh 6h] [9d]
dsn8fk2: bets $0.05
raitsike24: calls $0.05
*** RIVER *** [8s Jh 6h 9d] [Qd]
dsn8fk2: bets $0.06
raitsike24: calls $0.06
*** SHOW DOWN ***
dsn8fk2: shows [9c 5c] (a pair of Nines)
raitsike24: shows [Kh Qs] (a pair of Queens)
raitsike24 collected $0.30 from pot
*** SUMMARY ***
Total pot $0.31 | Rake $0.01 
Board [8s Jh 6h 9d Qd]
Seat 1: shefa77 (button) folded before Flop (didn't bet)
Seat 2: Dukoviq (small blind) folded before Flop
Seat 3: dsn8fk2 (big blind) showed [9c 5c] and lost with a pair of Nines
Seat 4: Realtor59 folded before Flop (didn't bet)
Seat 5: raitsike24 showed [Kh Qs] and won ($0.30) with a pair of Queens
Seat 6: Dorex2007 folded before Flop (didn't bet)
Seat 7: professionaldog folded before Flop (didn't bet)
Seat 8: zuszek85 folded before Flop (didn't bet)
Seat 9: Spartacousdb folded before Flop (didn't bet)



PokerStars Hand #225417608502:  Hold'em No Limit ($0.01/$0.02 USD) - 2021/04/02 2:40:59 PT [2021/04/02 5:40:59 ET]
Table 'Eurydome' 9-max Seat #2 is the button
Seat 1: shefa77 ($0.60 in chips) 
Seat 2: Dukoviq ($2.05 in chips) 
Seat 3: dsn8fk2 ($4.68 in chips) 
Seat 4: Realtor59 ($2 in chips) 
Seat 5: raitsike24 ($3.75 in chips) 
Seat 6: Dorex2007 ($3.07 in chips) 
Seat 7: professionaldog ($1.89 in chips) 
Seat 8: zuszek85 ($2.76 in chips) 
Seat 9: Spartacousdb ($0.53 in chips) 
dsn8fk2: posts small blind $0.01
Realtor59: posts big blind $0.02
*** HOLE CARDS ***
Dealt to Dorex2007 [Th 9d]
raitsike24: folds 
Dorex2007: folds 
professionaldog: folds 
zuszek85: calls $0.02
Spartacousdb: folds 
shefa77: raises $0.04 to $0.06
Dukoviq: folds 
dsn8fk2: calls $0.05
Realtor59: folds 
zuszek85: calls $0.04
*** FLOP *** [9c Kc Ks]
dsn8fk2: checks 
zuszek85: checks 
shefa77: bets $0.06
dsn8fk2: folds 
Spartacousdb leaves the table
mazila000 joins the table at seat #9 
zuszek85 has timed out
zuszek85: folds 
Uncalled bet ($0.06) returned to shefa77
shefa77 collected $0.19 from pot
shefa77: doesn't show hand 
*** SUMMARY ***
Total pot $0.20 | Rake $0.01 
Board [9c Kc Ks]
Seat 1: shefa77 collected ($0.19)
Seat 2: Dukoviq (button) folded before Flop (didn't bet)
Seat 3: dsn8fk2 (small blind) folded on the Flop
Seat 4: Realtor59 (big blind) folded before Flop
Seat 5: raitsike24 folded before Flop (didn't bet)
Seat 6: Dorex2007 folded before Flop (didn't bet)
Seat 7: professionaldog folded before Flop (didn't bet)
Seat 8: zuszek85 folded on the Flop
Seat 9: Spartacousdb folded before Flop (didn't bet)



PokerStars Hand #225417626232:  Hold'em No Limit ($0.01/$0.02 USD) - 2021/04/02 2:42:07 PT [2021/04/02 5:42:07 ET]
Table 'Eurydome' 9-max Seat #3 is the button
Seat 1: shefa77 ($0.73 in chips) 
Seat 2: Dukoviq ($2.05 in chips) 
Seat 3: dsn8fk2 ($4.62 in chips) 
Seat 4: Realtor59 ($2 in chips) 
Seat 5: raitsike24 ($3.75 in chips) 
Seat 6: Dorex2007 ($3.07 in chips) 
Seat 7: professionaldog ($1.89 in chips) 
Realtor59: posts small blind $0.01
raitsike24: posts big blind $0.02
mazila000: sits out 
*** HOLE CARDS ***
Dealt to Dorex2007 [9d Kd]
Dorex2007: folds 
professionaldog: folds 
shefa77: folds 
Dukoviq: raises $0.03 to $0.05
dsn8fk2: calls $0.05
Realtor59: folds 
raitsike24: calls $0.03
*** FLOP *** [Ad 3h Jd]
raitsike24: checks 
Dukoviq: checks 
dsn8fk2: bets $0.08
raitsike24: folds 
Dukoviq: folds 
Uncalled bet ($0.08) returned to dsn8fk2
dsn8fk2 collected $0.15 from pot
dsn8fk2: doesn't show hand 
*** SUMMARY ***
Total pot $0.16 | Rake $0.01 
Board [Ad 3h Jd]
Seat 1: shefa77 folded before Flop (didn't bet)
Seat 2: Dukoviq folded on the Flop
Seat 3: dsn8fk2 (button) collected ($0.15)
Seat 4: Realtor59 (small blind) folded before Flop
Seat 5: raitsike24 (big blind) folded on the Flop
Seat 6: Dorex2007 folded before Flop (didn't bet)
Seat 7: professionaldog folded before Flop (didn't bet)



PokerStars Hand #225417638005:  Hold'em No Limit ($0.01/$0.02 USD) - 2021/04/02 2:42:52 PT [2021/04/02 5:42:52 ET]
Table 'Eurydome' 9-max Seat #4 is the button
Seat 1: shefa77 ($0.73 in chips) 
Seat 2: Dukoviq ($2 in chips) 
Seat 3: dsn8fk2 ($4.72 in chips) 
Seat 4: Realtor59 ($1.99 in chips) 
Seat 5: raitsike24 ($3.70 in chips) 
Seat 6: Dorex2007 ($3.07 in chips) 
Seat 7: professionaldog ($1.89 in chips) 
Seat 9: mazila000 ($0.80 in chips) 
raitsike24: posts small blind $0.01
Dorex2007: posts big blind $0.02
mazila000: posts big blind $0.02
*** HOLE CARDS ***
Dealt to Dorex2007 [7s Qc]
professionaldog: folds 
mazila000: checks 
shefa77: folds 
Dukoviq: folds 
dsn8fk2: folds 
Realtor59: folds 
raitsike24: calls $0.01
Dorex2007: checks 
*** FLOP *** [9c 4c 4d]
raitsike24: checks 
Dorex2007: checks 
mazila000: bets $0.06
raitsike24: folds 
Dorex2007: folds 
Uncalled bet ($0.06) returned to mazila000
mazila000 collected $0.06 from pot
mazila000: doesn't show hand 
*** SUMMARY ***
Total pot $0.06 | Rake $0 
Board [9c 4c 4d]
Seat 1: shefa77 folded before Flop (didn't bet)
Seat 2: Dukoviq folded before Flop (didn't bet)
Seat 3: dsn8fk2 folded before Flop (didn't bet)
Seat 4: Realtor59 (button) folded before Flop (didn't bet)
Seat 5: raitsike24 (small blind) folded on the Flop
Seat 6: Dorex2007 (big blind) folded on the Flop
Seat 7: professionaldog folded before Flop (didn't bet)
Seat 9: mazila000 collected ($0.06)



PokerStars Hand #225417646970:  Hold'em No Limit ($0.01/$0.02 USD) - 2021/04/02 2:43:27 PT [2021/04/02 5:43:27 ET]
Table 'Eurydome' 9-max Seat #5 is the button
Seat 1: shefa77 ($0.73 in chips) 
Seat 2: Dukoviq ($2 in chips) 
Seat 3: dsn8fk2 ($4.72 in chips) 
Seat 4: Realtor59 ($2 in chips) 
Seat 5: raitsike24 ($3.68 in chips) 
Seat 6: Dorex2007 ($3.05 in chips) 
Seat 7: professionaldog ($1.89 in chips) 
Seat 9: mazila000 ($0.84 in chips) 
Dorex2007: posts small blind $0.01
professionaldog: posts big blind $0.02
*** HOLE CARDS ***
Dealt to Dorex2007 [5d 2d]
mazila000: folds 
shefa77: folds 
Dukoviq: raises $0.04 to $0.06
dsn8fk2: folds 
Realtor59: folds 
raitsike24: folds 
Dorex2007: folds 
professionaldog: calls $0.04
*** FLOP *** [Ac 3h 8c]
professionaldog: checks 
Dukoviq: checks 
*** TURN *** [Ac 3h 8c] [2c]
professionaldog: checks 
Dukoviq: checks 
*** RIVER *** [Ac 3h 8c 2c] [Js]
professionaldog: checks 
Dukoviq: checks 
*** SHOW DOWN ***
professionaldog: shows [Ah 6c] (a pair of Aces)
Dukoviq: mucks hand 
professionaldog collected $0.13 from pot
*** SUMMARY ***
Total pot $0.13 | Rake $0 
Board [Ac 3h 8c 2c Js]
Seat 1: shefa77 folded before Flop (didn't bet)
Seat 2: Dukoviq mucked [Qh Ks]
Seat 3: dsn8fk2 folded before Flop (didn't bet)
Seat 4: Realtor59 folded before Flop (didn't bet)
Seat 5: raitsike24 (button) folded before Flop (didn't bet)
Seat 6: Dorex2007 (small blind) folded before Flop
Seat 7: professionaldog (big blind) showed [Ah 6c] and won ($0.13) with a pair of Aces
Seat 9: mazila000 folded before Flop (didn't bet)



PokerStars Hand #225417657161:  Hold'em No Limit ($0.01/$0.02 USD) - 2021/04/02 2:44:06 PT [2021/04/02 5:44:06 ET]
Table 'Eurydome' 9-max Seat #6 is the button
Seat 1: shefa77 ($0.73 in chips) 
Seat 2: Dukoviq ($2 in chips) 
Seat 3: dsn8fk2 ($4.72 in chips) 
Seat 4: Realtor59 ($2 in chips) 
Seat 5: raitsike24 ($3.68 in chips) 
Seat 6: Dorex2007 ($3.04 in chips) 
Seat 7: professionaldog ($1.96 in chips) 
Seat 9: mazila000 ($0.84 in chips) 
professionaldog: posts small blind $0.01
mazila000: posts big blind $0.02
*** HOLE CARDS ***
Dealt to Dorex2007 [As 6s]
shefa77: folds 
Dukoviq: folds 
dsn8fk2: folds 
Realtor59: folds 
raitsike24: folds 
Dorex2007: raises $0.04 to $0.06
professionaldog: raises $0.16 to $0.22
mazila000: folds 
Dorex2007: calls $0.16
*** FLOP *** [Ad 4h Js]
professionaldog: checks 
Dorex2007: checks 
*** TURN *** [Ad 4h Js] [Kd]
professionaldog: bets $0.18
Dorex2007: calls $0.18
*** RIVER *** [Ad 4h Js Kd] [2c]
professionaldog: checks 
Dorex2007: checks 
*** SHOW DOWN ***
professionaldog: shows [Ah Qh] (a pair of Aces)
Dorex2007: mucks hand 
professionaldog collected $0.79 from pot
*** SUMMARY ***
Total pot $0.82 | Rake $0.03 
Board [Ad 4h Js Kd 2c]
Seat 1: shefa77 folded before Flop (didn't bet)
Seat 2: Dukoviq folded before Flop (didn't bet)
Seat 3: dsn8fk2 folded before Flop (didn't bet)
Seat 4: Realtor59 folded before Flop (didn't bet)
Seat 5: raitsike24 folded before Flop (didn't bet)
Seat 6: Dorex2007 (button) mucked [As 6s]
Seat 7: professionaldog (small blind) showed [Ah Qh] and won ($0.79) with a pair of Aces
Seat 9: mazila000 (big blind) folded before Flop



PokerStars Hand #225417671238:  Hold'em No Limit ($0.01/$0.02 USD) - 2021/04/02 2:45:02 PT [2021/04/02 5:45:02 ET]
Table 'Eurydome' 9-max Seat #7 is the button
Seat 1: shefa77 ($0.73 in chips) 
Seat 2: Dukoviq ($2 in chips) 
Seat 3: dsn8fk2 ($4.72 in chips) 
Seat 4: Realtor59 ($2 in chips) 
Seat 5: raitsike24 ($3.68 in chips) 
Seat 6: Dorex2007 ($2.64 in chips) 
Seat 7: professionaldog ($2.35 in chips) 
Seat 9: mazila000 ($0.82 in chips) 
mazila000: posts small blind $0.01
shefa77: posts big blind $0.02
*** HOLE CARDS ***
Dealt to Dorex2007 [Kh Td]
Dukoviq: folds 
dsn8fk2: folds 
Realtor59: folds 
raitsike24: calls $0.02
Dorex2007: raises $0.04 to $0.06
professionaldog: folds 
mazila000: folds 
shefa77: folds 
raitsike24: calls $0.04
*** FLOP *** [9h Kc 8d]
raitsike24: checks 
Dorex2007: bets $0.14
raitsike24: folds 
Uncalled bet ($0.14) returned to Dorex2007
Dorex2007 collected $0.14 from pot
Dorex2007: doesn't show hand 
*** SUMMARY ***
Total pot $0.15 | Rake $0.01 
Board [9h Kc 8d]
Seat 1: shefa77 (big blind) folded before Flop
Seat 2: Dukoviq folded before Flop (didn't bet)
Seat 3: dsn8fk2 folded before Flop (didn't bet)
Seat 4: Realtor59 folded before Flop (didn't bet)
Seat 5: raitsike24 folded on the Flop
Seat 6: Dorex2007 collected ($0.14)
Seat 7: professionaldog (button) folded before Flop (didn't bet)
Seat 9: mazila000 (small blind) folded before Flop



PokerStars Hand #225417680292:  Hold'em No Limit ($0.01/$0.02 USD) - 2021/04/02 2:45:37 PT [2021/04/02 5:45:37 ET]
Table 'Eurydome' 9-max Seat #9 is the button
Seat 1: shefa77 ($0.71 in chips) 
Seat 2: Dukoviq ($2 in chips) 
Seat 3: dsn8fk2 ($4.72 in chips) 
Seat 4: Realtor59 ($2 in chips) 
Seat 5: raitsike24 ($3.62 in chips) 
Seat 6: Dorex2007 ($2.72 in chips) 
Seat 7: professionaldog ($2.35 in chips) 
Seat 9: mazila000 ($0.81 in chips) 
shefa77: posts small blind $0.01
Dukoviq: posts big blind $0.02
*** HOLE CARDS ***
Dealt to Dorex2007 [6h 3s]
dsn8fk2: raises $0.04 to $0.06
Realtor59: folds 
raitsike24: folds 
Dorex2007: folds 
professionaldog: folds 
mazila000: folds 
shefa77: folds 
Dukoviq: calls $0.04
*** FLOP *** [4s Qs 9d]
Dukoviq: checks 
dsn8fk2: bets $0.07
Dukoviq: calls $0.07
*** TURN *** [4s Qs 9d] [Th]
Dukoviq: checks 
dsn8fk2: bets $0.13
Dukoviq: calls $0.13
*** RIVER *** [4s Qs 9d Th] [7h]
Dukoviq: checks 
dsn8fk2: checks 
*** SHOW DOWN ***
Dukoviq: shows [As 8s] (high card Ace)
dsn8fk2: shows [Jc Tc] (a pair of Tens)
dsn8fk2 collected $0.51 from pot
*** SUMMARY ***
Total pot $0.53 | Rake $0.02 
Board [4s Qs 9d Th 7h]
Seat 1: shefa77 (small blind) folded before Flop
Seat 2: Dukoviq (big blind) showed [As 8s] and lost with high card Ace
Seat 3: dsn8fk2 showed [Jc Tc] and won ($0.51) with a pair of Tens
Seat 4: Realtor59 folded before Flop (didn't bet)
Seat 5: raitsike24 folded before Flop (didn't bet)
Seat 6: Dorex2007 folded before Flop (didn't bet)
Seat 7: professionaldog folded before Flop (didn't bet)
Seat 9: mazila000 (button) folded before Flop (didn't bet)



PokerStars Hand #225417695776:  Hold'em No Limit ($0.01/$0.02 USD) - 2021/04/02 2:46:36 PT [2021/04/02 5:46:36 ET]
Table 'Eurydome' 9-max Seat #1 is the button
Seat 1: shefa77 ($0.70 in chips) 
Seat 2: Dukoviq ($2 in chips) 
Seat 3: dsn8fk2 ($4.97 in chips) 
Seat 4: Realtor59 ($2 in chips) 
Seat 5: raitsike24 ($3.62 in chips) 
Seat 6: Dorex2007 ($2.72 in chips) 
Seat 7: professionaldog ($2.35 in chips) 
Seat 9: mazila000 ($0.81 in chips) 
Dukoviq: posts small blind $0.01
dsn8fk2: posts big blind $0.02
*** HOLE CARDS ***
Dealt to Dorex2007 [8h 3d]
Realtor59: folds 
raitsike24: calls $0.02
Dorex2007: folds 
professionaldog: folds 
mazila000: calls $0.02
shefa77: folds 
Dukoviq: folds 
dsn8fk2: checks 
*** FLOP *** [Kd 6c 5s]
dsn8fk2: checks 
raitsike24: checks 
mazila000: bets $0.06
dsn8fk2: calls $0.06
raitsike24: folds 
*** TURN *** [Kd 6c 5s] [Td]
dsn8fk2: checks 
mazila000: bets $0.26
dsn8fk2: calls $0.26
*** RIVER *** [Kd 6c 5s Td] [6d]
dsn8fk2: checks 
mazila000: bets $0.40
dsn8fk2: folds 
Uncalled bet ($0.40) returned to mazila000
mazila000 collected $0.69 from pot
mazila000: doesn't show hand 
*** SUMMARY ***
Total pot $0.71 | Rake $0.02 
Board [Kd 6c 5s Td 6d]
Seat 1: shefa77 (button) folded before Flop (didn't bet)
Seat 2: Dukoviq (small blind) folded before Flop
Seat 3: dsn8fk2 (big blind) folded on the River
Seat 4: Realtor59 folded before Flop (didn't bet)
Seat 5: raitsike24 folded on the Flop
Seat 6: Dorex2007 folded before Flop (didn't bet)
Seat 7: professionaldog folded before Flop (didn't bet)
Seat 9: mazila000 collected ($0.69)



PokerStars Hand #225417722517:  Hold'em No Limit ($0.01/$0.02 USD) - 2021/04/02 2:48:21 PT [2021/04/02 5:48:21 ET]
Table 'Eurydome' 9-max Seat #2 is the button
Seat 1: shefa77 ($0.70 in chips) 
Seat 2: Dukoviq ($2 in chips) 
Seat 3: dsn8fk2 ($4.63 in chips) 
Seat 4: Realtor59 ($2 in chips) 
Seat 5: raitsike24 ($3.60 in chips) 
Seat 6: Dorex2007 ($2.72 in chips) 
Seat 7: professionaldog ($2.35 in chips) 
Seat 8: zuszek85 ($2.70 in chips) 
Seat 9: mazila000 ($1.16 in chips) 
dsn8fk2: posts small blind $0.01
Realtor59: posts big blind $0.02
zuszek85: posts small & big blinds $0.03
*** HOLE CARDS ***
Dealt to Dorex2007 [8d Qh]
raitsike24: folds 
Dorex2007: folds 
professionaldog: folds 
zuszek85: checks 
mazila000: calls $0.02
shefa77: folds 
Dukoviq: folds 
dsn8fk2: folds 
Realtor59: checks 
*** FLOP *** [2h Jh 6s]
Realtor59: checks 
zuszek85: checks 
mazila000: checks 
*** TURN *** [2h Jh 6s] [3c]
Realtor59: checks 
zuszek85: checks 
mazila000: checks 
*** RIVER *** [2h Jh 6s 3c] [Ts]
Realtor59: checks 
zuszek85: checks 
mazila000: bets $0.32
Realtor59: folds 
zuszek85: folds 
Uncalled bet ($0.32) returned to mazila000
mazila000 collected $0.08 from pot
mazila000: doesn't show hand 
*** SUMMARY ***
Total pot $0.08 | Rake $0 
Board [2h Jh 6s 3c Ts]
Seat 1: shefa77 folded before Flop (didn't bet)
Seat 2: Dukoviq (button) folded before Flop (didn't bet)
Seat 3: dsn8fk2 (small blind) folded before Flop
Seat 4: Realtor59 (big blind) folded on the River
Seat 5: raitsike24 folded before Flop (didn't bet)
Seat 6: Dorex2007 folded before Flop (didn't bet)
Seat 7: professionaldog folded before Flop (didn't bet)
Seat 8: zuszek85 folded on the River (didn't bet)
Seat 9: mazila000 collected ($0.08)



