PokerStars Hand #227257153108:  Hold'em No Limit ($0.01/$0.02 USD) - 2021/06/01 18:45:12 PT [2021/06/01 21:45:12 ET]
Table 'Binomi III' 9-max Seat #2 is the button
Seat 1: Dorex2007 ($2 in chips) 
Seat 2: poropoker232 ($3.64 in chips) 
Seat 3: s13ven ($3.05 in chips) 
Seat 4: Karedott ($1.64 in chips) 
Seat 5: MSASSANO ($1.48 in chips) 
Seat 6: CPS2017 ($2.39 in chips) 
Seat 7: maxkxi ($1.13 in chips) 
Seat 8: cado bambam ($3.82 in chips) 
Seat 9: tarasikB ($0.14 in chips) 
s13ven: posts small blind $0.01
Karedott: posts big blind $0.02
Dorex2007: posts big blind $0.02
*** HOLE CARDS ***
Dealt to Dorex2007 [Ts 7d]
MSASSANO: folds 
CPS2017: calls $0.02
maxkxi: calls $0.02
cado bambam: folds 
tarasikB: folds 
Dorex2007: checks 
poropoker232: raises $0.03 to $0.05
s13ven: folds 
Karedott: folds 
CPS2017: calls $0.03
maxkxi: calls $0.03
Dorex2007: folds 
*** FLOP *** [3h Ad Ac]
CPS2017: checks 
maxkxi: checks 
poropoker232: bets $0.07
CPS2017: folds 
maxkxi: folds 
Uncalled bet ($0.07) returned to poropoker232
poropoker232 collected $0.19 from pot
poropoker232: doesn't show hand 
*** SUMMARY ***
Total pot $0.20 | Rake $0.01 
Board [3h Ad Ac]
Seat 1: Dorex2007 folded before Flop (didn't bet)
Seat 2: poropoker232 (button) collected ($0.19)
Seat 3: s13ven (small blind) folded before Flop
Seat 4: Karedott (big blind) folded before Flop
Seat 5: MSASSANO folded before Flop (didn't bet)
Seat 6: CPS2017 folded on the Flop
Seat 7: maxkxi folded on the Flop
Seat 8: cado bambam folded before Flop (didn't bet)
Seat 9: tarasikB folded before Flop (didn't bet)



PokerStars Hand #227257167712:  Hold'em No Limit ($0.01/$0.02 USD) - 2021/06/01 18:46:10 PT [2021/06/01 21:46:10 ET]
Table 'Binomi III' 9-max Seat #3 is the button
Seat 1: Dorex2007 ($1.98 in chips) 
Seat 2: poropoker232 ($3.78 in chips) 
Seat 3: s13ven ($3.04 in chips) 
Seat 4: Karedott ($1.62 in chips) 
Seat 5: MSASSANO ($1.48 in chips) 
Seat 6: CPS2017 ($2.34 in chips) 
Seat 7: maxkxi ($1.08 in chips) 
Seat 8: cado bambam ($3.82 in chips) 
Seat 9: tarasikB ($0.14 in chips) 
Karedott: posts small blind $0.01
MSASSANO: posts big blind $0.02
*** HOLE CARDS ***
Dealt to Dorex2007 [8s Kd]
CPS2017: folds 
maxkxi: raises $0.04 to $0.06
cado bambam: folds 
tarasikB: folds 
Dorex2007: folds 
poropoker232: folds 
s13ven: raises $0.08 to $0.14
Karedott: folds 
MSASSANO: folds 
maxkxi: calls $0.08
*** FLOP *** [5c 9c 6d]
maxkxi: checks 
s13ven: bets $0.06
maxkxi: calls $0.06
*** TURN *** [5c 9c 6d] [3h]
maxkxi: checks 
s13ven: bets $0.14
maxkxi: folds 
Uncalled bet ($0.14) returned to s13ven
s13ven collected $0.41 from pot
s13ven: doesn't show hand 
*** SUMMARY ***
Total pot $0.43 | Rake $0.02 
Board [5c 9c 6d 3h]
Seat 1: Dorex2007 folded before Flop (didn't bet)
Seat 2: poropoker232 folded before Flop (didn't bet)
Seat 3: s13ven (button) collected ($0.41)
Seat 4: Karedott (small blind) folded before Flop
Seat 5: MSASSANO (big blind) folded before Flop
Seat 6: CPS2017 folded before Flop (didn't bet)
Seat 7: maxkxi folded on the Turn
Seat 8: cado bambam folded before Flop (didn't bet)
Seat 9: tarasikB folded before Flop (didn't bet)



PokerStars Hand #227257181871:  Hold'em No Limit ($0.01/$0.02 USD) - 2021/06/01 18:47:07 PT [2021/06/01 21:47:07 ET]
Table 'Binomi III' 9-max Seat #4 is the button
Seat 1: Dorex2007 ($1.98 in chips) 
Seat 2: poropoker232 ($3.78 in chips) 
Seat 3: s13ven ($3.25 in chips) 
Seat 4: Karedott ($1.61 in chips) 
Seat 5: MSASSANO ($1.46 in chips) 
Seat 6: CPS2017 ($2.34 in chips) 
Seat 7: maxkxi ($0.88 in chips) 
Seat 8: cado bambam ($3.82 in chips) 
Seat 9: tarasikB ($0.14 in chips) 
MSASSANO: posts small blind $0.01
CPS2017: posts big blind $0.02
*** HOLE CARDS ***
Dealt to Dorex2007 [3h 9s]
maxkxi: calls $0.02
cado bambam: folds 
tarasikB: raises $0.12 to $0.14 and is all-in
Dorex2007: folds 
poropoker232: calls $0.14
s13ven: folds 
Karedott: folds 
MSASSANO: folds 
CPS2017: folds 
maxkxi: folds 
*** FLOP *** [Kh Ac 6h]
*** TURN *** [Kh Ac 6h] [6d]
*** RIVER *** [Kh Ac 6h 6d] [Ah]
*** SHOW DOWN ***
tarasikB: shows [Ad 8d] (a full house, Aces full of Sixes)
poropoker232: shows [7c Tc] (two pair, Aces and Sixes)
poropoker232 cashed out the hand for $0.12
tarasikB cashed out the hand for $0.20
*** SUMMARY ***
Total pot $0.33 | Rake $0.01 
Board [Kh Ac 6h 6d Ah]
Seat 1: Dorex2007 folded before Flop (didn't bet)
Seat 2: poropoker232 showed [7c Tc] and lost with two pair, Aces and Sixes (cashed out).
Seat 3: s13ven folded before Flop (didn't bet)
Seat 4: Karedott (button) folded before Flop (didn't bet)
Seat 5: MSASSANO (small blind) folded before Flop
Seat 6: CPS2017 (big blind) folded before Flop
Seat 7: maxkxi folded before Flop
Seat 8: cado bambam folded before Flop (didn't bet)
Seat 9: tarasikB showed [Ad 8d] and won ($0.32) with a full house, Aces full of Sixes (pot not awarded as player cashed out)



PokerStars Hand #227257195537:  Hold'em No Limit ($0.01/$0.02 USD) - 2021/06/01 18:47:51 PT [2021/06/01 21:47:51 ET]
Table 'Binomi III' 9-max Seat #5 is the button
Seat 1: Dorex2007 ($1.98 in chips) 
Seat 2: poropoker232 ($3.76 in chips) 
Seat 3: s13ven ($3.25 in chips) 
Seat 4: Karedott ($1.61 in chips) 
Seat 5: MSASSANO ($1.45 in chips) 
Seat 6: CPS2017 ($2.32 in chips) 
Seat 7: maxkxi ($0.86 in chips) 
Seat 8: cado bambam ($3.82 in chips) 
Seat 9: tarasikB ($0.20 in chips) 
CPS2017: posts small blind $0.01
maxkxi: posts big blind $0.02
*** HOLE CARDS ***
Dealt to Dorex2007 [Kh 3c]
cado bambam: folds 
tarasikB: folds 
Dorex2007: folds 
poropoker232: raises $0.04 to $0.06
s13ven: folds 
Karedott: folds 
MSASSANO: folds 
CPS2017: calls $0.05
maxkxi: folds 
*** FLOP *** [2d Ts 6h]
CPS2017: checks 
poropoker232: bets $0.07
CPS2017: folds 
Uncalled bet ($0.07) returned to poropoker232
poropoker232 collected $0.14 from pot
poropoker232: doesn't show hand 
*** SUMMARY ***
Total pot $0.14 | Rake $0 
Board [2d Ts 6h]
Seat 1: Dorex2007 folded before Flop (didn't bet)
Seat 2: poropoker232 collected ($0.14)
Seat 3: s13ven folded before Flop (didn't bet)
Seat 4: Karedott folded before Flop (didn't bet)
Seat 5: MSASSANO (button) folded before Flop (didn't bet)
Seat 6: CPS2017 (small blind) folded on the Flop
Seat 7: maxkxi (big blind) folded before Flop
Seat 8: cado bambam folded before Flop (didn't bet)
Seat 9: tarasikB folded before Flop (didn't bet)



PokerStars Hand #227257206693:  Hold'em No Limit ($0.01/$0.02 USD) - 2021/06/01 18:48:35 PT [2021/06/01 21:48:35 ET]
Table 'Binomi III' 9-max Seat #6 is the button
Seat 1: Dorex2007 ($1.98 in chips) 
Seat 2: poropoker232 ($3.84 in chips) 
Seat 3: s13ven ($3.25 in chips) 
Seat 4: Karedott ($1.61 in chips) 
Seat 5: MSASSANO ($1.45 in chips) 
Seat 6: CPS2017 ($2.26 in chips) 
Seat 7: maxkxi ($0.84 in chips) 
Seat 8: cado bambam ($3.82 in chips) 
Seat 9: tarasikB ($0.20 in chips) 
maxkxi: posts small blind $0.01
cado bambam: posts big blind $0.02
*** HOLE CARDS ***
Dealt to Dorex2007 [4s As]
tarasikB: folds 
Dorex2007: calls $0.02
poropoker232: calls $0.02
s13ven: raises $0.06 to $0.08
Karedott: folds 
MSASSANO: folds 
CPS2017: calls $0.08
maxkxi: raises $0.30 to $0.38
cado bambam: folds 
Dorex2007: folds 
poropoker232: folds 
s13ven: calls $0.30
CPS2017: folds 
*** FLOP *** [5h Kh Jc]
maxkxi: checks 
s13ven: bets $0.50
maxkxi: calls $0.46 and is all-in
Uncalled bet ($0.04) returned to s13ven
*** TURN *** [5h Kh Jc] [Td]
*** RIVER *** [5h Kh Jc Td] [2h]
*** SHOW DOWN ***
maxkxi: shows [9h 9c] (a pair of Nines)
s13ven: shows [Ks Kc] (three of a kind, Kings)
s13ven collected $1.76 from pot
*** SUMMARY ***
Total pot $1.82 | Rake $0.06 
Board [5h Kh Jc Td 2h]
Seat 1: Dorex2007 folded before Flop
Seat 2: poropoker232 folded before Flop
Seat 3: s13ven showed [Ks Kc] and won ($1.76) with three of a kind, Kings
Seat 4: Karedott folded before Flop (didn't bet)
Seat 5: MSASSANO folded before Flop (didn't bet)
Seat 6: CPS2017 (button) folded before Flop
Seat 7: maxkxi (small blind) showed [9h 9c] and lost with a pair of Nines
Seat 8: cado bambam (big blind) folded before Flop
Seat 9: tarasikB folded before Flop (didn't bet)



PokerStars Hand #227257228958:  Hold'em No Limit ($0.01/$0.02 USD) - 2021/06/01 18:50:06 PT [2021/06/01 21:50:06 ET]
Table 'Binomi III' 9-max Seat #8 is the button
Seat 1: Dorex2007 ($1.96 in chips) 
Seat 2: poropoker232 ($3.82 in chips) 
Seat 3: s13ven ($4.17 in chips) 
Seat 4: Karedott ($1.61 in chips) 
Seat 5: MSASSANO ($1.45 in chips) 
Seat 6: CPS2017 ($2.18 in chips) 
Seat 8: cado bambam ($3.80 in chips) 
Seat 9: tarasikB ($0.20 in chips) 
tarasikB: posts small blind $0.01
Dorex2007: posts big blind $0.02
*** HOLE CARDS ***
Dealt to Dorex2007 [2c Qd]
maxkxi leaves the table
poropoker232: folds 
iegurt joins the table at seat #7 
s13ven: raises $0.02 to $0.04
Karedott: calls $0.04
MSASSANO: folds 
CPS2017: calls $0.04
cado bambam: calls $0.04
tarasikB: raises $0.16 to $0.20 and is all-in
Dorex2007: folds 
s13ven: folds 
Karedott: calls $0.16
CPS2017: calls $0.16
cado bambam: folds 
*** FLOP *** [7d As Ts]
Karedott: checks 
CPS2017: bets $0.44
Karedott is disconnected 
Karedott is connected 
Karedott: folds 
Uncalled bet ($0.44) returned to CPS2017
*** TURN *** [7d As Ts] [Jh]
*** RIVER *** [7d As Ts Jh] [Td]
*** SHOW DOWN ***
tarasikB: shows [9c 9d] (two pair, Tens and Nines)
CPS2017: shows [Ah Qc] (two pair, Aces and Tens)
CPS2017 cashed out the hand for $0.58 | Cash Out Fee $0.01
tarasikB cashed out the hand for $0.09
*** SUMMARY ***
Total pot $0.70 | Rake $0.02 
Board [7d As Ts Jh Td]
Seat 1: Dorex2007 (big blind) folded before Flop
Seat 2: poropoker232 folded before Flop (didn't bet)
Seat 3: s13ven folded before Flop
Seat 4: Karedott folded on the Flop
Seat 5: MSASSANO folded before Flop (didn't bet)
Seat 6: CPS2017 showed [Ah Qc] and won ($0.68) with two pair, Aces and Tens (pot not awarded as player cashed out)
Seat 8: cado bambam (button) folded before Flop
Seat 9: tarasikB (small blind) showed [9c 9d] and lost with two pair, Tens and Nines (cashed out).



PokerStars Hand #227257281898:  Hold'em No Limit ($0.01/$0.02 USD) - 2021/06/01 18:53:06 PT [2021/06/01 21:53:06 ET]
Table 'Binomi III' 9-max Seat #9 is the button
Seat 1: Dorex2007 ($1.94 in chips) 
Seat 2: poropoker232 ($3.82 in chips) 
Seat 3: s13ven ($4.13 in chips) 
Seat 4: Karedott ($1.41 in chips) 
Seat 5: MSASSANO ($1.45 in chips) 
Seat 6: CPS2017 ($2.56 in chips) 
Seat 8: cado bambam ($3.76 in chips) 
Seat 9: tarasikB ($0.09 in chips) 
Dorex2007: posts small blind $0.01
poropoker232: posts big blind $0.02
iegurt has timed out
iegurt: is sitting out 
*** HOLE CARDS ***
Dealt to Dorex2007 [Qc 9s]
s13ven: folds 
Karedott: calls $0.02
MSASSANO: raises $0.06 to $0.08
iegurt is disconnected 
CPS2017: folds 
cado bambam: folds 
tarasikB: raises $0.01 to $0.09 and is all-in
Dorex2007: folds 
poropoker232: calls $0.07
Karedott: calls $0.07
MSASSANO: calls $0.01
*** FLOP *** [3c Tc 6c]
poropoker232: checks 
Karedott: checks 
MSASSANO: checks 
*** TURN *** [3c Tc 6c] [Qs]
poropoker232: checks 
Karedott: checks 
MSASSANO: bets $0.14
poropoker232: folds 
Karedott: folds 
Uncalled bet ($0.14) returned to MSASSANO
*** RIVER *** [3c Tc 6c Qs] [Kh]
*** SHOW DOWN ***
MSASSANO: shows [Jd Qd] (a pair of Queens)
tarasikB: shows [3s Ac] (a pair of Threes)
MSASSANO collected $0.36 from pot
tarasikB cashed out the hand for $0.11
*** SUMMARY ***
Total pot $0.37 | Rake $0.01 
Board [3c Tc 6c Qs Kh]
Seat 1: Dorex2007 (small blind) folded before Flop
Seat 2: poropoker232 (big blind) folded on the Turn
Seat 3: s13ven folded before Flop (didn't bet)
Seat 4: Karedott folded on the Turn
Seat 5: MSASSANO showed [Jd Qd] and won ($0.36) with a pair of Queens
Seat 6: CPS2017 folded before Flop (didn't bet)
Seat 8: cado bambam folded before Flop (didn't bet)
Seat 9: tarasikB (button) showed [3s Ac] and lost with a pair of Threes (cashed out).



PokerStars Hand #227257314481:  Hold'em No Limit ($0.01/$0.02 USD) - 2021/06/01 18:54:41 PT [2021/06/01 21:54:41 ET]
Table 'Binomi III' 9-max Seat #1 is the button
Seat 1: Dorex2007 ($1.93 in chips) 
Seat 2: poropoker232 ($3.73 in chips) 
Seat 3: s13ven ($4.13 in chips) 
Seat 4: Karedott ($1.32 in chips) 
Seat 5: MSASSANO ($1.72 in chips) 
Seat 6: CPS2017 ($2.56 in chips) 
Seat 8: cado bambam ($3.76 in chips) 
Seat 9: tarasikB ($0.11 in chips) 
poropoker232: posts small blind $0.01
s13ven: posts big blind $0.02
*** HOLE CARDS ***
Dealt to Dorex2007 [8d 6c]
iegurt is disconnected 
Karedott: raises $0.05 to $0.07
MSASSANO: folds 
CPS2017: folds 
cado bambam has timed out
cado bambam: folds 
tarasikB: folds 
Dorex2007: folds 
poropoker232: folds 
s13ven: folds 
Uncalled bet ($0.05) returned to Karedott
Karedott collected $0.05 from pot
Karedott: doesn't show hand 
*** SUMMARY ***
Total pot $0.05 | Rake $0 
Seat 1: Dorex2007 (button) folded before Flop (didn't bet)
Seat 2: poropoker232 (small blind) folded before Flop
Seat 3: s13ven (big blind) folded before Flop
Seat 4: Karedott collected ($0.05)
Seat 5: MSASSANO folded before Flop (didn't bet)
Seat 6: CPS2017 folded before Flop (didn't bet)
Seat 8: cado bambam folded before Flop (didn't bet)
Seat 9: tarasikB folded before Flop (didn't bet)



PokerStars Hand #227257323999:  Hold'em No Limit ($0.01/$0.02 USD) - 2021/06/01 18:55:25 PT [2021/06/01 21:55:25 ET]
Table 'Binomi III' 9-max Seat #2 is the button
Seat 1: Dorex2007 ($1.93 in chips) 
Seat 2: poropoker232 ($3.72 in chips) 
Seat 3: s13ven ($4.11 in chips) 
Seat 4: Karedott ($1.35 in chips) 
Seat 5: MSASSANO ($1.72 in chips) 
Seat 6: CPS2017 ($2.56 in chips) 
Seat 9: tarasikB ($0.11 in chips) 
s13ven: posts small blind $0.01
Karedott: posts big blind $0.02
*** HOLE CARDS ***
Dealt to Dorex2007 [9h Qh]
MSASSANO: folds 
CPS2017: calls $0.02
tarasikB: folds 
Dorex2007: calls $0.02
poropoker232: folds 
s13ven: raises $0.04 to $0.06
Karedott: folds 
CPS2017: calls $0.04
Dorex2007: calls $0.04
*** FLOP *** [3s 5c 7d]
s13ven: checks 
CPS2017: bets $0.21
Dorex2007: folds 
s13ven: folds 
Uncalled bet ($0.21) returned to CPS2017
CPS2017 collected $0.19 from pot
*** SUMMARY ***
Total pot $0.20 | Rake $0.01 
Board [3s 5c 7d]
Seat 1: Dorex2007 folded on the Flop
Seat 2: poropoker232 (button) folded before Flop (didn't bet)
Seat 3: s13ven (small blind) folded on the Flop
Seat 4: Karedott (big blind) folded before Flop
Seat 5: MSASSANO folded before Flop (didn't bet)
Seat 6: CPS2017 collected ($0.19)
Seat 9: tarasikB folded before Flop (didn't bet)



PokerStars Hand #227257337567:  Hold'em No Limit ($0.01/$0.02 USD) - 2021/06/01 18:56:36 PT [2021/06/01 21:56:36 ET]
Table 'Binomi III' 9-max Seat #3 is the button
Seat 1: Dorex2007 ($1.87 in chips) 
Seat 2: poropoker232 ($3.72 in chips) 
Seat 3: s13ven ($4.05 in chips) 
Seat 4: Karedott ($1.33 in chips) 
Seat 5: MSASSANO ($1.72 in chips) 
Seat 6: CPS2017 ($2.69 in chips) 
Seat 8: cado bambam ($3.76 in chips) 
Seat 9: tarasikB ($0.11 in chips) 
Karedott: posts small blind $0.01
MSASSANO: posts big blind $0.02
*** HOLE CARDS ***
Dealt to Dorex2007 [Js 4c]
CPS2017: folds 
cado bambam: folds 
tarasikB: raises $0.09 to $0.11 and is all-in
Dorex2007: folds 
poropoker232: folds 
s13ven: folds 
Karedott: folds 
MSASSANO: folds 
Uncalled bet ($0.09) returned to tarasikB
tarasikB collected $0.05 from pot
*** SUMMARY ***
Total pot $0.05 | Rake $0 
Seat 1: Dorex2007 folded before Flop (didn't bet)
Seat 2: poropoker232 folded before Flop (didn't bet)
Seat 3: s13ven (button) folded before Flop (didn't bet)
Seat 4: Karedott (small blind) folded before Flop
Seat 5: MSASSANO (big blind) folded before Flop
Seat 6: CPS2017 folded before Flop (didn't bet)
Seat 8: cado bambam folded before Flop (didn't bet)
Seat 9: tarasikB collected ($0.05)



PokerStars Hand #227257342706:  Hold'em No Limit ($0.01/$0.02 USD) - 2021/06/01 18:57:04 PT [2021/06/01 21:57:04 ET]
Table 'Binomi III' 9-max Seat #4 is the button
Seat 1: Dorex2007 ($1.87 in chips) 
Seat 2: poropoker232 ($3.72 in chips) 
Seat 3: s13ven ($4.05 in chips) 
Seat 4: Karedott ($1.32 in chips) 
Seat 5: MSASSANO ($1.70 in chips) 
Seat 6: CPS2017 ($2.69 in chips) 
Seat 8: cado bambam ($3.76 in chips) 
Seat 9: tarasikB ($0.14 in chips) 
MSASSANO: posts small blind $0.01
CPS2017: posts big blind $0.02
*** HOLE CARDS ***
Dealt to Dorex2007 [Qd 7s]
cado bambam: raises $0.04 to $0.06
tarasikB: folds 
Dorex2007: folds 
poropoker232: calls $0.06
s13ven: folds 
Karedott: calls $0.06
MSASSANO: folds 
CPS2017: folds 
*** FLOP *** [Ad Js Th]
cado bambam: bets $0.09
poropoker232: calls $0.09
Karedott: folds 
*** TURN *** [Ad Js Th] [Ts]
cado bambam: checks 
poropoker232: bets $0.20
cado bambam: calls $0.20
*** RIVER *** [Ad Js Th Ts] [6c]
cado bambam: checks 
poropoker232: checks 
*** SHOW DOWN ***
cado bambam: shows [Ac Ah] (a full house, Aces full of Tens)
poropoker232: mucks hand 
cado bambam collected $0.76 from pot
*** SUMMARY ***
Total pot $0.79 | Rake $0.03 
Board [Ad Js Th Ts 6c]
Seat 1: Dorex2007 folded before Flop (didn't bet)
Seat 2: poropoker232 mucked [As 9c]
Seat 3: s13ven folded before Flop (didn't bet)
Seat 4: Karedott (button) folded on the Flop
Seat 5: MSASSANO (small blind) folded before Flop
Seat 6: CPS2017 (big blind) folded before Flop
Seat 8: cado bambam showed [Ac Ah] and won ($0.76) with a full house, Aces full of Tens
Seat 9: tarasikB folded before Flop (didn't bet)



PokerStars Hand #227257359989:  Hold'em No Limit ($0.01/$0.02 USD) - 2021/06/01 18:58:34 PT [2021/06/01 21:58:34 ET]
Table 'Binomi III' 9-max Seat #5 is the button
Seat 1: Dorex2007 ($1.87 in chips) 
Seat 2: poropoker232 ($3.37 in chips) 
Seat 3: s13ven ($4.05 in chips) 
Seat 4: Karedott ($1.26 in chips) 
Seat 5: MSASSANO ($1.69 in chips) 
Seat 6: CPS2017 ($2.67 in chips) 
Seat 8: cado bambam ($4.17 in chips) 
Seat 9: tarasikB ($0.14 in chips) 
CPS2017: posts small blind $0.01
cado bambam: posts big blind $0.02
*** HOLE CARDS ***
Dealt to Dorex2007 [8h Ah]
tarasikB: folds 
Dorex2007: calls $0.02
poropoker232: raises $0.06 to $0.08
s13ven: calls $0.08
Karedott: folds 
MSASSANO: folds 
CPS2017: folds 
cado bambam: folds 
Dorex2007: calls $0.06
*** FLOP *** [As 5h Jd]
Dorex2007: checks 
poropoker232: bets $0.13
s13ven: folds 
Dorex2007: calls $0.13
*** TURN *** [As 5h Jd] [9c]
Dorex2007: checks 
poropoker232: bets $0.14
Dorex2007: calls $0.14
*** RIVER *** [As 5h Jd 9c] [2h]
Dorex2007: bets $0.78
poropoker232: folds 
Uncalled bet ($0.78) returned to Dorex2007
Dorex2007 collected $0.78 from pot
Dorex2007: doesn't show hand 
*** SUMMARY ***
Total pot $0.81 | Rake $0.03 
Board [As 5h Jd 9c 2h]
Seat 1: Dorex2007 collected ($0.78)
Seat 2: poropoker232 folded on the River
Seat 3: s13ven folded on the Flop
Seat 4: Karedott folded before Flop (didn't bet)
Seat 5: MSASSANO (button) folded before Flop (didn't bet)
Seat 6: CPS2017 (small blind) folded before Flop
Seat 8: cado bambam (big blind) folded before Flop
Seat 9: tarasikB folded before Flop (didn't bet)



PokerStars Hand #227257379691:  Hold'em No Limit ($0.01/$0.02 USD) - 2021/06/01 19:00:16 PT [2021/06/01 22:00:16 ET]
Table 'Binomi III' 9-max Seat #6 is the button
Seat 1: Dorex2007 ($2.30 in chips) 
Seat 2: poropoker232 ($3.02 in chips) 
Seat 4: Karedott ($1.26 in chips) 
Seat 5: MSASSANO ($1.69 in chips) 
Seat 6: CPS2017 ($2.66 in chips) 
Seat 8: cado bambam ($4.15 in chips) 
Seat 9: tarasikB ($0.14 in chips) 
cado bambam: posts small blind $0.01
tarasikB: posts big blind $0.02
*** HOLE CARDS ***
Dealt to Dorex2007 [2h Jc]
Dorex2007: folds 
poropoker232: raises $0.05 to $0.07
Karedott: folds 
MSASSANO: folds 
CPS2017: calls $0.07
cado bambam: folds 
tarasikB: folds 
*** FLOP *** [Ah 5s 9s]
poropoker232: checks 
CPS2017: bets $0.06
poropoker232: calls $0.06
*** TURN *** [Ah 5s 9s] [Jh]
poropoker232: checks 
CPS2017: bets $0.15
poropoker232: folds 
Uncalled bet ($0.15) returned to CPS2017
CPS2017 collected $0.28 from pot
*** SUMMARY ***
Total pot $0.29 | Rake $0.01 
Board [Ah 5s 9s Jh]
Seat 1: Dorex2007 folded before Flop (didn't bet)
Seat 2: poropoker232 folded on the Turn
Seat 4: Karedott folded before Flop (didn't bet)
Seat 5: MSASSANO folded before Flop (didn't bet)
Seat 6: CPS2017 (button) collected ($0.28)
Seat 8: cado bambam (small blind) folded before Flop
Seat 9: tarasikB (big blind) folded before Flop



PokerStars Hand #227257391849:  Hold'em No Limit ($0.01/$0.02 USD) - 2021/06/01 19:01:10 PT [2021/06/01 22:01:10 ET]
Table 'Binomi III' 9-max Seat #8 is the button
Seat 1: Dorex2007 ($2.30 in chips) 
Seat 2: poropoker232 ($2.89 in chips) 
Seat 4: Karedott ($1.26 in chips) 
Seat 5: MSASSANO ($1.69 in chips) 
Seat 6: CPS2017 ($2.81 in chips) 
Seat 8: cado bambam ($4.14 in chips) 
Seat 9: tarasikB ($0.12 in chips) 
tarasikB: posts small blind $0.01
Dorex2007: posts big blind $0.02
*** HOLE CARDS ***
Dealt to Dorex2007 [Tc Jc]
poropoker232: calls $0.02
Karedott: folds 
MSASSANO: folds 
CPS2017: folds 
cado bambam: folds 
tarasikB: raises $0.10 to $0.12 and is all-in
Dorex2007: folds 
poropoker232: calls $0.10
*** FLOP *** [6h Kd 8c]
*** TURN *** [6h Kd 8c] [Ks]
*** RIVER *** [6h Kd 8c Ks] [4c]
*** SHOW DOWN ***
tarasikB: shows [As Kh] (three of a kind, Kings)
poropoker232: shows [6c 6d] (a full house, Sixes full of Kings)
poropoker232 cashed out the hand for $0.13
*** SUMMARY ***
Total pot $0.26 | Rake $0.01 
Board [6h Kd 8c Ks 4c]
Seat 1: Dorex2007 (big blind) folded before Flop
Seat 2: poropoker232 showed [6c 6d] and won ($0.25) with a full house, Sixes full of Kings (pot not awarded as player cashed out)
Seat 4: Karedott folded before Flop (didn't bet)
Seat 5: MSASSANO folded before Flop (didn't bet)
Seat 6: CPS2017 folded before Flop (didn't bet)
Seat 8: cado bambam (button) folded before Flop (didn't bet)
Seat 9: tarasikB (small blind) showed [As Kh] and lost with three of a kind, Kings



PokerStars Hand #227257407725:  Hold'em No Limit ($0.01/$0.02 USD) - 2021/06/01 19:01:48 PT [2021/06/01 22:01:48 ET]
Table 'Binomi III' 9-max Seat #1 is the button
Seat 1: Dorex2007 ($2.28 in chips) 
Seat 2: poropoker232 ($2.90 in chips) 
Seat 4: Karedott ($1.26 in chips) 
Seat 5: MSASSANO ($1.69 in chips) 
Seat 6: CPS2017 ($2.81 in chips) 
Seat 8: cado bambam ($4.14 in chips) 
poropoker232: posts small blind $0.01
Karedott: posts big blind $0.02
*** HOLE CARDS ***
Dealt to Dorex2007 [5c Kc]
tarasikB leaves the table
MSASSANO: raises $0.04 to $0.06
CPS2017: folds 
cado bambam: folds 
Dorex2007: folds 
poropoker232: folds 
Karedott: folds 
Uncalled bet ($0.04) returned to MSASSANO
MSASSANO collected $0.05 from pot
MSASSANO: doesn't show hand 
*** SUMMARY ***
Total pot $0.05 | Rake $0 
Seat 1: Dorex2007 (button) folded before Flop (didn't bet)
Seat 2: poropoker232 (small blind) folded before Flop
Seat 4: Karedott (big blind) folded before Flop
Seat 5: MSASSANO collected ($0.05)
Seat 6: CPS2017 folded before Flop (didn't bet)
Seat 8: cado bambam folded before Flop (didn't bet)



PokerStars Hand #227257413157:  Hold'em No Limit ($0.01/$0.02 USD) - 2021/06/01 19:02:10 PT [2021/06/01 22:02:10 ET]
Table 'Binomi III' 9-max Seat #2 is the button
Seat 1: Dorex2007 ($2.28 in chips) 
Seat 2: poropoker232 ($2.89 in chips) 
Seat 4: Karedott ($1.24 in chips) 
Seat 5: MSASSANO ($1.72 in chips) 
Seat 6: CPS2017 ($2.81 in chips) 
Seat 8: cado bambam ($4.14 in chips) 
Karedott: posts small blind $0.01
MSASSANO: posts big blind $0.02
*** HOLE CARDS ***
Dealt to Dorex2007 [9c 5h]
shafro8 joins the table at seat #9 
CPS2017: calls $0.02
cado bambam: folds 
Dorex2007: folds 
poropoker232: raises $0.10 to $0.12
Karedott: folds 
MSASSANO: calls $0.10
CPS2017: folds 
*** FLOP *** [As Th 5s]
MSASSANO: checks 
poropoker232: bets $0.15
MSASSANO: folds 
Uncalled bet ($0.15) returned to poropoker232
poropoker232 collected $0.26 from pot
poropoker232: doesn't show hand 
*** SUMMARY ***
Total pot $0.27 | Rake $0.01 
Board [As Th 5s]
Seat 1: Dorex2007 folded before Flop (didn't bet)
Seat 2: poropoker232 (button) collected ($0.26)
Seat 4: Karedott (small blind) folded before Flop
Seat 5: MSASSANO (big blind) folded on the Flop
Seat 6: CPS2017 folded before Flop
Seat 8: cado bambam folded before Flop (didn't bet)



PokerStars Hand #227257439584:  Hold'em No Limit ($0.01/$0.02 USD) - 2021/06/01 19:03:58 PT [2021/06/01 22:03:58 ET]
Table 'Binomi III' 9-max Seat #5 is the button
Seat 1: Dorex2007 ($2.28 in chips) 
Seat 2: poropoker232 ($3.03 in chips) 
Seat 4: Karedott ($1.18 in chips) 
Seat 5: MSASSANO ($1.67 in chips) 
Seat 6: CPS2017 ($2.77 in chips) 
Seat 8: cado bambam ($4.14 in chips) 
CPS2017: posts small blind $0.01
cado bambam: posts big blind $0.02
shafro8: sits out 
s13ven: sits out 
*** HOLE CARDS ***
Dealt to Dorex2007 [Qc 4d]
Dorex2007: folds 
poropoker232: folds 
Karedott: folds 
MSASSANO: raises $0.04 to $0.06
CPS2017: folds 
cado bambam: folds 
Uncalled bet ($0.04) returned to MSASSANO
MSASSANO collected $0.05 from pot
MSASSANO: doesn't show hand 
*** SUMMARY ***
Total pot $0.05 | Rake $0 
Seat 1: Dorex2007 folded before Flop (didn't bet)
Seat 2: poropoker232 folded before Flop (didn't bet)
Seat 4: Karedott folded before Flop (didn't bet)
Seat 5: MSASSANO (button) collected ($0.05)
Seat 6: CPS2017 (small blind) folded before Flop
Seat 8: cado bambam (big blind) folded before Flop



PokerStars Hand #227257445501:  Hold'em No Limit ($0.01/$0.02 USD) - 2021/06/01 19:04:23 PT [2021/06/01 22:04:23 ET]
Table 'Binomi III' 9-max Seat #6 is the button
Seat 1: Dorex2007 ($2.28 in chips) 
Seat 2: poropoker232 ($3.03 in chips) 
Seat 4: Karedott ($1.18 in chips) 
Seat 5: MSASSANO ($1.70 in chips) 
Seat 6: CPS2017 ($2.76 in chips) 
Seat 8: cado bambam ($4.12 in chips) 
Seat 9: shafro8 ($2 in chips) 
cado bambam: posts small blind $0.01
shafro8: posts big blind $0.02
s13ven: sits out 
*** HOLE CARDS ***
Dealt to Dorex2007 [Ks 9s]
Dorex2007: folds 
poropoker232: folds 
Karedott: raises $0.03 to $0.05
MSASSANO: folds 
CPS2017: folds 
cado bambam: folds 
iegurt leaves the table
shafro8: folds 
Uncalled bet ($0.03) returned to Karedott
Karedott collected $0.05 from pot
Karedott: doesn't show hand 
*** SUMMARY ***
Total pot $0.05 | Rake $0 
Seat 1: Dorex2007 folded before Flop (didn't bet)
Seat 2: poropoker232 folded before Flop (didn't bet)
Seat 4: Karedott collected ($0.05)
Seat 5: MSASSANO folded before Flop (didn't bet)
Seat 6: CPS2017 (button) folded before Flop (didn't bet)
Seat 8: cado bambam (small blind) folded before Flop
Seat 9: shafro8 (big blind) folded before Flop



PokerStars Hand #227257451609:  Hold'em No Limit ($0.01/$0.02 USD) - 2021/06/01 19:04:48 PT [2021/06/01 22:04:48 ET]
Table 'Binomi III' 9-max Seat #8 is the button
Seat 1: Dorex2007 ($2.28 in chips) 
Seat 2: poropoker232 ($3.03 in chips) 
Seat 4: Karedott ($1.21 in chips) 
Seat 5: MSASSANO ($1.70 in chips) 
Seat 6: CPS2017 ($2.76 in chips) 
Seat 8: cado bambam ($4.11 in chips) 
Seat 9: shafro8 ($1.98 in chips) 
shafro8: posts small blind $0.01
Dorex2007: posts big blind $0.02
s13ven: sits out 
*** HOLE CARDS ***
Dealt to Dorex2007 [2d Jc]
poropoker232: folds 
Karedott: folds 
MSASSANO: folds 
CPS2017: folds 
cado bambam: raises $0.04 to $0.06
shafro8: folds 
Dorex2007: folds 
Uncalled bet ($0.04) returned to cado bambam
cado bambam collected $0.05 from pot
cado bambam: doesn't show hand 
*** SUMMARY ***
Total pot $0.05 | Rake $0 
Seat 1: Dorex2007 (big blind) folded before Flop
Seat 2: poropoker232 folded before Flop (didn't bet)
Seat 4: Karedott folded before Flop (didn't bet)
Seat 5: MSASSANO folded before Flop (didn't bet)
Seat 6: CPS2017 folded before Flop (didn't bet)
Seat 8: cado bambam (button) collected ($0.05)
Seat 9: shafro8 (small blind) folded before Flop



PokerStars Hand #227257455084:  Hold'em No Limit ($0.01/$0.02 USD) - 2021/06/01 19:05:02 PT [2021/06/01 22:05:02 ET]
Table 'Binomi III' 9-max Seat #9 is the button
Seat 1: Dorex2007 ($2.26 in chips) 
Seat 2: poropoker232 ($3.03 in chips) 
Seat 4: Karedott ($1.21 in chips) 
Seat 5: MSASSANO ($1.70 in chips) 
Seat 6: CPS2017 ($2.76 in chips) 
Seat 8: cado bambam ($4.14 in chips) 
Seat 9: shafro8 ($1.97 in chips) 
Dorex2007: posts small blind $0.01
poropoker232: posts big blind $0.02
s13ven: sits out 
*** HOLE CARDS ***
Dealt to Dorex2007 [8d 7s]
Karedott: folds 
MSASSANO: folds 
CPS2017: calls $0.02
cado bambam: folds 
shafro8: folds 
Dorex2007: calls $0.01
poropoker232: checks 
*** FLOP *** [Kd 2d 5h]
Dorex2007: checks 
poropoker232: checks 
CPS2017: checks 
*** TURN *** [Kd 2d 5h] [7c]
Dorex2007: checks 
poropoker232: bets $0.06
CPS2017: folds 
Dorex2007: folds 
Uncalled bet ($0.06) returned to poropoker232
poropoker232 collected $0.06 from pot
poropoker232: doesn't show hand 
*** SUMMARY ***
Total pot $0.06 | Rake $0 
Board [Kd 2d 5h 7c]
Seat 1: Dorex2007 (small blind) folded on the Turn
Seat 2: poropoker232 (big blind) collected ($0.06)
Seat 4: Karedott folded before Flop (didn't bet)
Seat 5: MSASSANO folded before Flop (didn't bet)
Seat 6: CPS2017 folded on the Turn
Seat 8: cado bambam folded before Flop (didn't bet)
Seat 9: shafro8 (button) folded before Flop (didn't bet)



PokerStars Hand #227257468999:  Hold'em No Limit ($0.01/$0.02 USD) - 2021/06/01 19:05:59 PT [2021/06/01 22:05:59 ET]
Table 'Binomi III' 9-max Seat #1 is the button
Seat 1: Dorex2007 ($2.24 in chips) 
Seat 2: poropoker232 ($3.07 in chips) 
Seat 3: s13ven ($3.97 in chips) 
Seat 4: Karedott ($1.21 in chips) 
Seat 5: MSASSANO ($1.70 in chips) 
Seat 6: CPS2017 ($2.74 in chips) 
Seat 8: cado bambam ($4.14 in chips) 
Seat 9: shafro8 ($1.97 in chips) 
poropoker232: posts small blind $0.01
s13ven: posts big blind $0.02
*** HOLE CARDS ***
Dealt to Dorex2007 [2h Kc]
Benoit1999 joins the table at seat #7 
Karedott has timed out
Karedott: folds 
MSASSANO: folds 
CPS2017: folds 
cado bambam: folds 
shafro8: raises $0.04 to $0.06
Dorex2007: folds 
poropoker232: folds 
s13ven: folds 
Uncalled bet ($0.04) returned to shafro8
shafro8 collected $0.05 from pot
shafro8: doesn't show hand 
*** SUMMARY ***
Total pot $0.05 | Rake $0 
Seat 1: Dorex2007 (button) folded before Flop (didn't bet)
Seat 2: poropoker232 (small blind) folded before Flop
Seat 3: s13ven (big blind) folded before Flop
Seat 4: Karedott folded before Flop (didn't bet)
Seat 5: MSASSANO folded before Flop (didn't bet)
Seat 6: CPS2017 folded before Flop (didn't bet)
Seat 8: cado bambam folded before Flop (didn't bet)
Seat 9: shafro8 collected ($0.05)



PokerStars Hand #227257477727:  Hold'em No Limit ($0.01/$0.02 USD) - 2021/06/01 19:06:35 PT [2021/06/01 22:06:35 ET]
Table 'Binomi III' 9-max Seat #2 is the button
Seat 1: Dorex2007 ($2.24 in chips) 
Seat 2: poropoker232 ($3.06 in chips) 
Seat 3: s13ven ($3.95 in chips) 
Seat 4: Karedott ($1.21 in chips) 
Seat 5: MSASSANO ($1.70 in chips) 
Seat 6: CPS2017 ($2.74 in chips) 
Seat 8: cado bambam ($4.14 in chips) 
Seat 9: shafro8 ($2 in chips) 
s13ven: posts small blind $0.01
Karedott: posts big blind $0.02
Benoit1999: sits out 
*** HOLE CARDS ***
Dealt to Dorex2007 [Ts 2h]
MSASSANO: raises $0.04 to $0.06
CPS2017: folds 
cado bambam: folds 
shafro8: folds 
Dorex2007: folds 
poropoker232: calls $0.06
s13ven: folds 
Karedott: raises $0.22 to $0.28
MSASSANO: raises $0.68 to $0.96
poropoker232: folds 
Karedott: raises $0.25 to $1.21 and is all-in
MSASSANO: calls $0.25
*** FLOP *** [9c 5c 9h]
*** TURN *** [9c 5c 9h] [2c]
*** RIVER *** [9c 5c 9h 2c] [6s]
*** SHOW DOWN ***
Karedott: shows [Kc Ac] (a flush, Ace high)
MSASSANO: shows [Ah Kh] (a pair of Nines)
Karedott collected $2.40 from pot
*** SUMMARY ***
Total pot $2.49 | Rake $0.09 
Board [9c 5c 9h 2c 6s]
Seat 1: Dorex2007 folded before Flop (didn't bet)
Seat 2: poropoker232 (button) folded before Flop
Seat 3: s13ven (small blind) folded before Flop
Seat 4: Karedott (big blind) showed [Kc Ac] and won ($2.40) with a flush, Ace high
Seat 5: MSASSANO showed [Ah Kh] and lost with a pair of Nines
Seat 6: CPS2017 folded before Flop (didn't bet)
Seat 8: cado bambam folded before Flop (didn't bet)
Seat 9: shafro8 folded before Flop (didn't bet)



PokerStars Hand #227257489929:  Hold'em No Limit ($0.01/$0.02 USD) - 2021/06/01 19:07:26 PT [2021/06/01 22:07:26 ET]
Table 'Binomi III' 9-max Seat #3 is the button
Seat 1: Dorex2007 ($2.24 in chips) 
Seat 2: poropoker232 ($3 in chips) 
Seat 3: s13ven ($3.94 in chips) 
Seat 4: Karedott ($2.40 in chips) 
Seat 5: MSASSANO ($0.49 in chips) 
Seat 6: CPS2017 ($2.74 in chips) 
Seat 8: cado bambam ($4.14 in chips) 
Seat 9: shafro8 ($2 in chips) 
Karedott: posts small blind $0.01
MSASSANO: posts big blind $0.02
Benoit1999: sits out 
*** HOLE CARDS ***
Dealt to Dorex2007 [6d 8s]
CPS2017: folds 
cado bambam: folds 
shafro8: folds 
Dorex2007: folds 
poropoker232: raises $0.10 to $0.12
s13ven: folds 
Karedott: folds 
MSASSANO: folds 
Uncalled bet ($0.10) returned to poropoker232
poropoker232 collected $0.05 from pot
poropoker232: doesn't show hand 
*** SUMMARY ***
Total pot $0.05 | Rake $0 
Seat 1: Dorex2007 folded before Flop (didn't bet)
Seat 2: poropoker232 collected ($0.05)
Seat 3: s13ven (button) folded before Flop (didn't bet)
Seat 4: Karedott (small blind) folded before Flop
Seat 5: MSASSANO (big blind) folded before Flop
Seat 6: CPS2017 folded before Flop (didn't bet)
Seat 8: cado bambam folded before Flop (didn't bet)
Seat 9: shafro8 folded before Flop (didn't bet)



PokerStars Hand #227257495647:  Hold'em No Limit ($0.01/$0.02 USD) - 2021/06/01 19:07:49 PT [2021/06/01 22:07:49 ET]
Table 'Binomi III' 9-max Seat #4 is the button
Seat 1: Dorex2007 ($2.24 in chips) 
Seat 2: poropoker232 ($3.03 in chips) 
Seat 3: s13ven ($3.94 in chips) 
Seat 4: Karedott ($2.39 in chips) 
Seat 5: MSASSANO ($0.47 in chips) 
Seat 6: CPS2017 ($2.74 in chips) 
Seat 8: cado bambam ($4.14 in chips) 
Seat 9: shafro8 ($2 in chips) 
MSASSANO: posts small blind $0.01
CPS2017: posts big blind $0.02
Benoit1999: sits out 
*** HOLE CARDS ***
Dealt to Dorex2007 [3h 6h]
cado bambam: folds 
shafro8: folds 
Dorex2007: folds 
poropoker232: folds 
s13ven: folds 
Karedott: calls $0.02
MSASSANO: folds 
CPS2017: checks 
*** FLOP *** [9s Td 7h]
CPS2017: checks 
poropoker232 leaves the table
Karedott: bets $0.05
Sveden24 joins the table at seat #2 
CPS2017: folds 
Uncalled bet ($0.05) returned to Karedott
Karedott collected $0.05 from pot
Karedott: doesn't show hand 
*** SUMMARY ***
Total pot $0.05 | Rake $0 
Board [9s Td 7h]
Seat 1: Dorex2007 folded before Flop (didn't bet)
Seat 2: poropoker232 folded before Flop (didn't bet)
Seat 3: s13ven folded before Flop (didn't bet)
Seat 4: Karedott (button) collected ($0.05)
Seat 5: MSASSANO (small blind) folded before Flop
Seat 6: CPS2017 (big blind) folded on the Flop
Seat 8: cado bambam folded before Flop (didn't bet)
Seat 9: shafro8 folded before Flop (didn't bet)



PokerStars Hand #227257504682:  Hold'em No Limit ($0.01/$0.02 USD) - 2021/06/01 19:08:27 PT [2021/06/01 22:08:27 ET]
Table 'Binomi III' 9-max Seat #5 is the button
Seat 1: Dorex2007 ($2.24 in chips) 
Seat 2: Sveden24 ($0.80 in chips) 
Seat 3: s13ven ($3.94 in chips) 
Seat 4: Karedott ($2.42 in chips) 
Seat 5: MSASSANO ($0.46 in chips) 
Seat 6: CPS2017 ($2.72 in chips) 
Seat 7: Benoit1999 ($2 in chips) 
Seat 8: cado bambam ($4.14 in chips) 
Seat 9: shafro8 ($2 in chips) 
CPS2017: posts small blind $0.01
Benoit1999: posts big blind $0.02
Sveden24: posts big blind $0.02
*** HOLE CARDS ***
Dealt to Dorex2007 [Ks 3h]
cado bambam: folds 
shafro8: folds 
Dorex2007: folds 
Sveden24: checks 
s13ven: folds 
Karedott: folds 
MSASSANO: raises $0.06 to $0.08
CPS2017: folds 
Benoit1999: folds 
Sveden24 said, "chupa"
Sveden24: folds 
Uncalled bet ($0.06) returned to MSASSANO
MSASSANO collected $0.07 from pot
MSASSANO: doesn't show hand 
*** SUMMARY ***
Total pot $0.07 | Rake $0 
Seat 1: Dorex2007 folded before Flop (didn't bet)
Seat 2: Sveden24 folded before Flop (didn't bet)
Seat 3: s13ven folded before Flop (didn't bet)
Seat 4: Karedott folded before Flop (didn't bet)
Seat 5: MSASSANO (button) collected ($0.07)
Seat 6: CPS2017 (small blind) folded before Flop
Seat 7: Benoit1999 (big blind) folded before Flop
Seat 8: cado bambam folded before Flop (didn't bet)
Seat 9: shafro8 folded before Flop (didn't bet)



PokerStars Hand #227257514395:  Hold'em No Limit ($0.01/$0.02 USD) - 2021/06/01 19:09:07 PT [2021/06/01 22:09:07 ET]
Table 'Binomi III' 9-max Seat #6 is the button
Seat 1: Dorex2007 ($2.24 in chips) 
Seat 2: Sveden24 ($0.78 in chips) 
Seat 3: s13ven ($3.94 in chips) 
Seat 4: Karedott ($2.42 in chips) 
Seat 5: MSASSANO ($0.85 in chips) 
Seat 6: CPS2017 ($2.71 in chips) 
Seat 7: Benoit1999 ($2 in chips) 
Seat 8: cado bambam ($4.14 in chips) 
Seat 9: shafro8 ($2 in chips) 
Benoit1999: posts small blind $0.01
cado bambam: posts big blind $0.02
*** HOLE CARDS ***
Dealt to Dorex2007 [5c Ts]
shafro8: folds 
Dorex2007: folds 
Sveden24: calls $0.02
s13ven: folds 
Karedott: folds 
MSASSANO: folds 
CPS2017: calls $0.02
Benoit1999: calls $0.01
cado bambam: checks 
*** FLOP *** [Jd 5s Qc]
Benoit1999: checks 
cado bambam: checks 
Sveden24: checks 
CPS2017: checks 
*** TURN *** [Jd 5s Qc] [9d]
Benoit1999: checks 
cado bambam: checks 
Sveden24: checks 
CPS2017: checks 
*** RIVER *** [Jd 5s Qc 9d] [7h]
Benoit1999: checks 
cado bambam: checks 
Sveden24: checks 
CPS2017: checks 
*** SHOW DOWN ***
Benoit1999: shows [8s 9s] (a pair of Nines)
cado bambam: mucks hand 
Sveden24: mucks hand 
CPS2017: mucks hand 
Benoit1999 collected $0.08 from pot
*** SUMMARY ***
Total pot $0.08 | Rake $0 
Board [Jd 5s Qc 9d 7h]
Seat 1: Dorex2007 folded before Flop (didn't bet)
Seat 2: Sveden24 mucked [3c As]
Seat 3: s13ven folded before Flop (didn't bet)
Seat 4: Karedott folded before Flop (didn't bet)
Seat 5: MSASSANO folded before Flop (didn't bet)
Seat 6: CPS2017 (button) mucked [Ah 6c]
Seat 7: Benoit1999 (small blind) showed [8s 9s] and won ($0.08) with a pair of Nines
Seat 8: cado bambam (big blind) mucked [7c 4h]
Seat 9: shafro8 folded before Flop (didn't bet)



PokerStars Hand #227257538697:  Hold'em No Limit ($0.01/$0.02 USD) - 2021/06/01 19:10:42 PT [2021/06/01 22:10:42 ET]
Table 'Binomi III' 9-max Seat #7 is the button
Seat 1: Dorex2007 ($2.24 in chips) 
Seat 2: Sveden24 ($0.76 in chips) 
Seat 3: s13ven ($3.94 in chips) 
Seat 4: Karedott ($2.42 in chips) 
Seat 5: MSASSANO ($0.85 in chips) 
Seat 6: CPS2017 ($2.69 in chips) 
Seat 7: Benoit1999 ($2.06 in chips) 
Seat 8: cado bambam ($4.12 in chips) 
Seat 9: shafro8 ($2 in chips) 
cado bambam: posts small blind $0.01
shafro8: posts big blind $0.02
*** HOLE CARDS ***
Dealt to Dorex2007 [2d Ac]
Dorex2007: folds 
Sveden24: folds 
s13ven: folds 
Karedott: calls $0.02
MSASSANO: raises $0.10 to $0.12
CPS2017: folds 
Benoit1999: folds 
cado bambam: folds 
shafro8: folds 
Karedott: folds 
Uncalled bet ($0.10) returned to MSASSANO
MSASSANO collected $0.07 from pot
MSASSANO: doesn't show hand 
*** SUMMARY ***
Total pot $0.07 | Rake $0 
Seat 1: Dorex2007 folded before Flop (didn't bet)
Seat 2: Sveden24 folded before Flop (didn't bet)
Seat 3: s13ven folded before Flop (didn't bet)
Seat 4: Karedott folded before Flop
Seat 5: MSASSANO collected ($0.07)
Seat 6: CPS2017 folded before Flop (didn't bet)
Seat 7: Benoit1999 (button) folded before Flop (didn't bet)
Seat 8: cado bambam (small blind) folded before Flop
Seat 9: shafro8 (big blind) folded before Flop



PokerStars Hand #227257547278:  Hold'em No Limit ($0.01/$0.02 USD) - 2021/06/01 19:11:19 PT [2021/06/01 22:11:19 ET]
Table 'Binomi III' 9-max Seat #8 is the button
Seat 1: Dorex2007 ($2.24 in chips) 
Seat 2: Sveden24 ($0.76 in chips) 
Seat 3: s13ven ($3.94 in chips) 
Seat 4: Karedott ($2.40 in chips) 
Seat 5: MSASSANO ($0.90 in chips) 
Seat 6: CPS2017 ($2.69 in chips) 
Seat 7: Benoit1999 ($2.06 in chips) 
Seat 8: cado bambam ($4.11 in chips) 
Seat 9: shafro8 ($1.98 in chips) 
shafro8: posts small blind $0.01
Dorex2007: posts big blind $0.02
*** HOLE CARDS ***
Dealt to Dorex2007 [Td 9s]
Sveden24: calls $0.02
s13ven: raises $0.06 to $0.08
Karedott: folds 
MSASSANO: folds 
CPS2017: folds 
Benoit1999: folds 
cado bambam: folds 
shafro8: folds 
Dorex2007: folds 
Sveden24: folds 
Uncalled bet ($0.06) returned to s13ven
s13ven collected $0.07 from pot
s13ven: doesn't show hand 
*** SUMMARY ***
Total pot $0.07 | Rake $0 
Seat 1: Dorex2007 (big blind) folded before Flop
Seat 2: Sveden24 folded before Flop
Seat 3: s13ven collected ($0.07)
Seat 4: Karedott folded before Flop (didn't bet)
Seat 5: MSASSANO folded before Flop (didn't bet)
Seat 6: CPS2017 folded before Flop (didn't bet)
Seat 7: Benoit1999 folded before Flop (didn't bet)
Seat 8: cado bambam (button) folded before Flop (didn't bet)
Seat 9: shafro8 (small blind) folded before Flop



PokerStars Hand #227257555418:  Hold'em No Limit ($0.01/$0.02 USD) - 2021/06/01 19:11:53 PT [2021/06/01 22:11:53 ET]
Table 'Binomi III' 9-max Seat #9 is the button
Seat 1: Dorex2007 ($2.22 in chips) 
Seat 2: Sveden24 ($0.74 in chips) 
Seat 3: s13ven ($3.99 in chips) 
Seat 4: Karedott ($2.40 in chips) 
Seat 5: MSASSANO ($0.90 in chips) 
Seat 6: CPS2017 ($2.69 in chips) 
Seat 7: Benoit1999 ($2.06 in chips) 
Seat 8: cado bambam ($4.11 in chips) 
Seat 9: shafro8 ($1.97 in chips) 
Dorex2007: posts small blind $0.01
Sveden24: posts big blind $0.02
*** HOLE CARDS ***
Dealt to Dorex2007 [Qh 2d]
s13ven: folds 
Karedott: folds 
MSASSANO: folds 
CPS2017: calls $0.02
Benoit1999: folds 
s13ven leaves the table
cado bambam: raises $0.05 to $0.07
shafro8: folds 
Dorex2007: folds 
qdollars joins the table at seat #3 
Sveden24: calls $0.05
CPS2017: folds 
*** FLOP *** [3s Ah 9h]
Sveden24: checks 
cado bambam: bets $0.11
Sveden24: raises $0.11 to $0.22
cado bambam: calls $0.11
*** TURN *** [3s Ah 9h] [6c]
Sveden24: checks 
cado bambam: bets $0.29
Sveden24: raises $0.16 to $0.45 and is all-in
cado bambam: calls $0.16
*** RIVER *** [3s Ah 9h 6c] [3c]
*** SHOW DOWN ***
Sveden24: shows [Kc Ac] (two pair, Aces and Threes)
cado bambam: shows [As Jd] (two pair, Aces and Threes - lower kicker)
Sveden24 cashed out the hand for $1.36 | Cash Out Fee $0.01
cado bambam cashed out the hand for $0.09
*** SUMMARY ***
Total pot $1.51 | Rake $0.05 
Board [3s Ah 9h 6c 3c]
Seat 1: Dorex2007 (small blind) folded before Flop
Seat 2: Sveden24 (big blind) showed [Kc Ac] and won ($1.46) with two pair, Aces and Threes (pot not awarded as player cashed out)
Seat 3: s13ven folded before Flop (didn't bet)
Seat 4: Karedott folded before Flop (didn't bet)
Seat 5: MSASSANO folded before Flop (didn't bet)
Seat 6: CPS2017 folded before Flop
Seat 7: Benoit1999 folded before Flop (didn't bet)
Seat 8: cado bambam showed [As Jd] and lost with two pair, Aces and Threes (cashed out).
Seat 9: shafro8 (button) folded before Flop (didn't bet)



PokerStars Hand #227257581470:  Hold'em No Limit ($0.01/$0.02 USD) - 2021/06/01 19:13:23 PT [2021/06/01 22:13:23 ET]
Table 'Binomi III' 9-max Seat #1 is the button
Seat 1: Dorex2007 ($2.21 in chips) 
Seat 2: Sveden24 ($1.36 in chips) 
Seat 3: qdollars ($2 in chips) 
Seat 4: Karedott ($2.40 in chips) 
Seat 5: MSASSANO ($0.90 in chips) 
Seat 6: CPS2017 ($2.67 in chips) 
Seat 7: Benoit1999 ($2.06 in chips) 
Seat 8: cado bambam ($3.46 in chips) 
Seat 9: shafro8 ($1.97 in chips) 
Sveden24: posts small blind $0.01
qdollars: posts big blind $0.02
*** HOLE CARDS ***
Dealt to Dorex2007 [Th Kh]
Karedott: calls $0.02
MSASSANO: folds 
CPS2017: folds 
Benoit1999: folds 
cado bambam: folds 
shafro8: raises $0.06 to $0.08
Dorex2007: calls $0.08
Sveden24: folds 
qdollars: folds 
Karedott: folds 
*** FLOP *** [2d Ah 6s]
shafro8: checks 
Dorex2007: bets $0.10
shafro8: folds 
Uncalled bet ($0.10) returned to Dorex2007
Dorex2007 collected $0.20 from pot
Dorex2007: doesn't show hand 
*** SUMMARY ***
Total pot $0.21 | Rake $0.01 
Board [2d Ah 6s]
Seat 1: Dorex2007 (button) collected ($0.20)
Seat 2: Sveden24 (small blind) folded before Flop
Seat 3: qdollars (big blind) folded before Flop
Seat 4: Karedott folded before Flop
Seat 5: MSASSANO folded before Flop (didn't bet)
Seat 6: CPS2017 folded before Flop (didn't bet)
Seat 7: Benoit1999 folded before Flop (didn't bet)
Seat 8: cado bambam folded before Flop (didn't bet)
Seat 9: shafro8 folded on the Flop



PokerStars Hand #227257597699:  Hold'em No Limit ($0.01/$0.02 USD) - 2021/06/01 19:14:31 PT [2021/06/01 22:14:31 ET]
Table 'Binomi III' 9-max Seat #2 is the button
Seat 1: Dorex2007 ($2.33 in chips) 
Seat 2: Sveden24 ($1.35 in chips) 
Seat 3: qdollars ($1.98 in chips) 
Seat 4: Karedott ($2.38 in chips) 
Seat 5: MSASSANO ($0.90 in chips) 
Seat 6: CPS2017 ($2.67 in chips) 
Seat 7: Benoit1999 ($2.06 in chips) 
Seat 8: cado bambam ($3.46 in chips) 
Seat 9: shafro8 ($1.89 in chips) 
qdollars: posts small blind $0.01
Karedott: posts big blind $0.02
*** HOLE CARDS ***
Dealt to Dorex2007 [Ks 5d]
MSASSANO: folds 
CPS2017: folds 
Benoit1999: folds 
cado bambam: folds 
shafro8: folds 
Dorex2007: folds 
Sveden24: folds 
qdollars: raises $0.04 to $0.06
Karedott: folds 
Uncalled bet ($0.04) returned to qdollars
qdollars collected $0.04 from pot
qdollars: doesn't show hand 
*** SUMMARY ***
Total pot $0.04 | Rake $0 
Seat 1: Dorex2007 folded before Flop (didn't bet)
Seat 2: Sveden24 (button) folded before Flop (didn't bet)
Seat 3: qdollars (small blind) collected ($0.04)
Seat 4: Karedott (big blind) folded before Flop
Seat 5: MSASSANO folded before Flop (didn't bet)
Seat 6: CPS2017 folded before Flop (didn't bet)
Seat 7: Benoit1999 folded before Flop (didn't bet)
Seat 8: cado bambam folded before Flop (didn't bet)
Seat 9: shafro8 folded before Flop (didn't bet)



PokerStars Hand #227257605552:  Hold'em No Limit ($0.01/$0.02 USD) - 2021/06/01 19:15:05 PT [2021/06/01 22:15:05 ET]
Table 'Binomi III' 9-max Seat #3 is the button
Seat 1: Dorex2007 ($2.33 in chips) 
Seat 2: Sveden24 ($1.35 in chips) 
Seat 3: qdollars ($2 in chips) 
Seat 4: Karedott ($2.36 in chips) 
Seat 5: MSASSANO ($0.90 in chips) 
Seat 6: CPS2017 ($2.67 in chips) 
Seat 7: Benoit1999 ($2.06 in chips) 
Seat 8: cado bambam ($3.46 in chips) 
Seat 9: shafro8 ($1.89 in chips) 
Karedott: posts small blind $0.01
MSASSANO: posts big blind $0.02
*** HOLE CARDS ***
Dealt to Dorex2007 [5s 8h]
CPS2017: calls $0.02
Benoit1999: raises $0.06 to $0.08
cado bambam: folds 
shafro8 has timed out
shafro8: folds 
Dorex2007: folds 
Sveden24: folds 
qdollars: folds 
Karedott: calls $0.07
MSASSANO: folds 
CPS2017: folds 
*** FLOP *** [6d 9s 8c]
Karedott: checks 
Benoit1999: bets $0.12
Sveden24 said, "75"
Karedott: folds 
Uncalled bet ($0.12) returned to Benoit1999
Benoit1999 collected $0.19 from pot
*** SUMMARY ***
Total pot $0.20 | Rake $0.01 
Board [6d 9s 8c]
Seat 1: Dorex2007 folded before Flop (didn't bet)
Seat 2: Sveden24 folded before Flop (didn't bet)
Seat 3: qdollars (button) folded before Flop (didn't bet)
Seat 4: Karedott (small blind) folded on the Flop
Seat 5: MSASSANO (big blind) folded before Flop
Seat 6: CPS2017 folded before Flop
Seat 7: Benoit1999 collected ($0.19)
Seat 8: cado bambam folded before Flop (didn't bet)
Seat 9: shafro8 folded before Flop (didn't bet)



PokerStars Hand #227257622051:  Hold'em No Limit ($0.01/$0.02 USD) - 2021/06/01 19:16:12 PT [2021/06/01 22:16:12 ET]
Table 'Binomi III' 9-max Seat #4 is the button
Seat 1: Dorex2007 ($2.33 in chips) 
Seat 2: Sveden24 ($1.35 in chips) 
Seat 3: qdollars ($2 in chips) 
Seat 4: Karedott ($2.28 in chips) 
Seat 5: MSASSANO ($0.88 in chips) 
Seat 6: CPS2017 ($2.65 in chips) 
Seat 7: Benoit1999 ($2.17 in chips) 
Seat 8: cado bambam ($3.46 in chips) 
Seat 9: shafro8 ($1.89 in chips) 
MSASSANO: posts small blind $0.01
CPS2017: posts big blind $0.02
*** HOLE CARDS ***
Dealt to Dorex2007 [4c 5s]
Benoit1999: folds 
cado bambam: folds 
shafro8: folds 
Dorex2007: folds 
Sveden24: folds 
qdollars: folds 
Karedott: folds 
MSASSANO: folds 
Uncalled bet ($0.01) returned to CPS2017
CPS2017 collected $0.02 from pot
*** SUMMARY ***
Total pot $0.02 | Rake $0 
Seat 1: Dorex2007 folded before Flop (didn't bet)
Seat 2: Sveden24 folded before Flop (didn't bet)
Seat 3: qdollars folded before Flop (didn't bet)
Seat 4: Karedott (button) folded before Flop (didn't bet)
Seat 5: MSASSANO (small blind) folded before Flop
Seat 6: CPS2017 (big blind) collected ($0.02)
Seat 7: Benoit1999 folded before Flop (didn't bet)
Seat 8: cado bambam folded before Flop (didn't bet)
Seat 9: shafro8 folded before Flop (didn't bet)



PokerStars Hand #227257627984:  Hold'em No Limit ($0.01/$0.02 USD) - 2021/06/01 19:16:38 PT [2021/06/01 22:16:38 ET]
Table 'Binomi III' 9-max Seat #5 is the button
Seat 1: Dorex2007 ($2.33 in chips) 
Seat 2: Sveden24 ($1.35 in chips) 
Seat 3: qdollars ($2 in chips) 
Seat 4: Karedott ($2.28 in chips) 
Seat 5: MSASSANO ($0.87 in chips) 
Seat 6: CPS2017 ($2.66 in chips) 
Seat 7: Benoit1999 ($2.17 in chips) 
Seat 8: cado bambam ($3.46 in chips) 
Seat 9: shafro8 ($1.89 in chips) 
CPS2017: posts small blind $0.01
Benoit1999: posts big blind $0.02
*** HOLE CARDS ***
Dealt to Dorex2007 [Ac 4d]
cado bambam: folds 
shafro8: folds 
Dorex2007: folds 
Sveden24: calls $0.02
qdollars: folds 
Karedott has timed out
Karedott: folds 
MSASSANO: folds 
CPS2017: calls $0.01
Benoit1999: checks 
*** FLOP *** [Ad 4c 3s]
CPS2017: checks 
Benoit1999: checks 
Sveden24: checks 
*** TURN *** [Ad 4c 3s] [7d]
CPS2017: checks 
Benoit1999: checks 
Sveden24: bets $0.02
CPS2017: calls $0.02
Benoit1999: folds 
*** RIVER *** [Ad 4c 3s 7d] [2h]
CPS2017: bets $0.10
Sveden24 said, "chupa"
Sveden24: folds 
Uncalled bet ($0.10) returned to CPS2017
CPS2017 collected $0.10 from pot
*** SUMMARY ***
Total pot $0.10 | Rake $0 
Board [Ad 4c 3s 7d 2h]
Seat 1: Dorex2007 folded before Flop (didn't bet)
Seat 2: Sveden24 folded on the River
Seat 3: qdollars folded before Flop (didn't bet)
Seat 4: Karedott folded before Flop (didn't bet)
Seat 5: MSASSANO (button) folded before Flop (didn't bet)
Seat 6: CPS2017 (small blind) collected ($0.10)
Seat 7: Benoit1999 (big blind) folded on the Turn
Seat 8: cado bambam folded before Flop (didn't bet)
Seat 9: shafro8 folded before Flop (didn't bet)



PokerStars Hand #227257661347:  Hold'em No Limit ($0.01/$0.02 USD) - 2021/06/01 19:18:23 PT [2021/06/01 22:18:23 ET]
Table 'Binomi III' 9-max Seat #6 is the button
Seat 1: Dorex2007 ($2.33 in chips) 
Seat 2: Sveden24 ($1.31 in chips) 
Seat 3: qdollars ($2 in chips) 
Seat 4: Karedott ($2.28 in chips) 
Seat 5: MSASSANO ($0.87 in chips) 
Seat 6: CPS2017 ($2.72 in chips) 
Seat 7: Benoit1999 ($2.15 in chips) 
Seat 8: cado bambam ($3.46 in chips) 
Seat 9: shafro8 ($1.89 in chips) 
Benoit1999: posts small blind $0.01
cado bambam: posts big blind $0.02
*** HOLE CARDS ***
Dealt to Dorex2007 [9s 8h]
shafro8: folds 
Dorex2007: folds 
Sveden24: calls $0.02
qdollars: folds 
Karedott: raises $0.03 to $0.05
MSASSANO: folds 
CPS2017: folds 
Benoit1999: folds 
cado bambam: folds 
Sveden24: calls $0.03
*** FLOP *** [7h Kd 2s]
Sveden24: checks 
Karedott: bets $0.03
Sveden24 said, "chupa musolman :D"
Sveden24: folds 
Uncalled bet ($0.03) returned to Karedott
Karedott collected $0.13 from pot
Karedott: doesn't show hand 
*** SUMMARY ***
Total pot $0.13 | Rake $0 
Board [7h Kd 2s]
Seat 1: Dorex2007 folded before Flop (didn't bet)
Seat 2: Sveden24 folded on the Flop
Seat 3: qdollars folded before Flop (didn't bet)
Seat 4: Karedott collected ($0.13)
Seat 5: MSASSANO folded before Flop (didn't bet)
Seat 6: CPS2017 (button) folded before Flop (didn't bet)
Seat 7: Benoit1999 (small blind) folded before Flop
Seat 8: cado bambam (big blind) folded before Flop
Seat 9: shafro8 folded before Flop (didn't bet)



PokerStars Hand #227257673386:  Hold'em No Limit ($0.01/$0.02 USD) - 2021/06/01 19:19:14 PT [2021/06/01 22:19:14 ET]
Table 'Binomi III' 9-max Seat #7 is the button
Seat 1: Dorex2007 ($2.33 in chips) 
Seat 2: Sveden24 ($1.26 in chips) 
Seat 3: qdollars ($2 in chips) 
Seat 4: Karedott ($2.36 in chips) 
Seat 5: MSASSANO ($0.87 in chips) 
Seat 6: CPS2017 ($2.72 in chips) 
Seat 7: Benoit1999 ($2.14 in chips) 
Seat 8: cado bambam ($3.44 in chips) 
Seat 9: shafro8 ($1.89 in chips) 
cado bambam: posts small blind $0.01
shafro8: posts big blind $0.02
*** HOLE CARDS ***
Dealt to Dorex2007 [8h Td]
Dorex2007: folds 
Sveden24: folds 
qdollars: folds 
Karedott: calls $0.02
MSASSANO: raises $0.10 to $0.12
CPS2017: folds 
Benoit1999: folds 
cado bambam: folds 
shafro8: folds 
Karedott: folds 
Uncalled bet ($0.10) returned to MSASSANO
MSASSANO collected $0.07 from pot
MSASSANO: doesn't show hand 
*** SUMMARY ***
Total pot $0.07 | Rake $0 
Seat 1: Dorex2007 folded before Flop (didn't bet)
Seat 2: Sveden24 folded before Flop (didn't bet)
Seat 3: qdollars folded before Flop (didn't bet)
Seat 4: Karedott folded before Flop
Seat 5: MSASSANO collected ($0.07)
Seat 6: CPS2017 folded before Flop (didn't bet)
Seat 7: Benoit1999 (button) folded before Flop (didn't bet)
Seat 8: cado bambam (small blind) folded before Flop
Seat 9: shafro8 (big blind) folded before Flop



PokerStars Hand #227257681456:  Hold'em No Limit ($0.01/$0.02 USD) - 2021/06/01 19:19:49 PT [2021/06/01 22:19:49 ET]
Table 'Binomi III' 9-max Seat #8 is the button
Seat 1: Dorex2007 ($2.33 in chips) 
Seat 2: Sveden24 ($1.26 in chips) 
Seat 3: qdollars ($2 in chips) 
Seat 4: Karedott ($2.34 in chips) 
Seat 5: MSASSANO ($0.92 in chips) 
Seat 6: CPS2017 ($2.72 in chips) 
Seat 7: Benoit1999 ($2.14 in chips) 
Seat 8: cado bambam ($3.43 in chips) 
Seat 9: shafro8 ($1.87 in chips) 
shafro8: posts small blind $0.01
Dorex2007: posts big blind $0.02
*** HOLE CARDS ***
Dealt to Dorex2007 [9s 3h]
Sveden24: folds 
qdollars: raises $0.04 to $0.06
Karedott: folds 
MSASSANO: folds 
CPS2017: folds 
Benoit1999: folds 
cado bambam: folds 
shafro8: raises $0.04 to $0.10
Dorex2007: folds 
qdollars: calls $0.04
*** FLOP *** [4h 3c Qs]
shafro8: checks 
qdollars: checks 
*** TURN *** [4h 3c Qs] [4s]
shafro8: bets $0.06
qdollars: raises $0.06 to $0.12
shafro8: calls $0.06
*** RIVER *** [4h 3c Qs 4s] [9d]
shafro8: checks 
qdollars: checks 
*** SHOW DOWN ***
shafro8: shows [Jc Jh] (two pair, Jacks and Fours)
qdollars: mucks hand 
shafro8 collected $0.44 from pot
*** SUMMARY ***
Total pot $0.46 | Rake $0.02 
Board [4h 3c Qs 4s 9d]
Seat 1: Dorex2007 (big blind) folded before Flop
Seat 2: Sveden24 folded before Flop (didn't bet)
Seat 3: qdollars mucked [Ad Kd]
Seat 4: Karedott folded before Flop (didn't bet)
Seat 5: MSASSANO folded before Flop (didn't bet)
Seat 6: CPS2017 folded before Flop (didn't bet)
Seat 7: Benoit1999 folded before Flop (didn't bet)
Seat 8: cado bambam (button) folded before Flop (didn't bet)
Seat 9: shafro8 (small blind) showed [Jc Jh] and won ($0.44) with two pair, Jacks and Fours



PokerStars Hand #227257698389:  Hold'em No Limit ($0.01/$0.02 USD) - 2021/06/01 19:20:42 PT [2021/06/01 22:20:42 ET]
Table 'Binomi III' 9-max Seat #9 is the button
Seat 1: Dorex2007 ($2.31 in chips) 
Seat 2: Sveden24 ($1.26 in chips) 
Seat 3: qdollars ($1.78 in chips) 
Seat 4: Karedott ($2.34 in chips) 
Seat 5: MSASSANO ($0.92 in chips) 
Seat 6: CPS2017 ($2.72 in chips) 
Seat 7: Benoit1999 ($2.14 in chips) 
Seat 8: cado bambam ($3.43 in chips) 
Seat 9: shafro8 ($2.09 in chips) 
Dorex2007: posts small blind $0.01
Sveden24: posts big blind $0.02
*** HOLE CARDS ***
Dealt to Dorex2007 [Jc 3s]
qdollars: folds 
Karedott: calls $0.02
MSASSANO: folds 
CPS2017: folds 
Benoit1999: raises $0.06 to $0.08
cado bambam: folds 
shafro8: calls $0.08
Dorex2007: folds 
Sveden24: folds 
Karedott: folds 
*** FLOP *** [2h 4c 6s]
Benoit1999: checks 
shafro8: checks 
*** TURN *** [2h 4c 6s] [9s]
Benoit1999: checks 
shafro8: bets $0.09
Benoit1999: calls $0.09
*** RIVER *** [2h 4c 6s 9s] [6c]
Benoit1999: checks 
shafro8: bets $0.10
Benoit1999: calls $0.10
*** SHOW DOWN ***
shafro8: shows [7d 7c] (two pair, Sevens and Sixes)
Benoit1999: mucks hand 
shafro8 collected $0.57 from pot
*** SUMMARY ***
Total pot $0.59 | Rake $0.02 
Board [2h 4c 6s 9s 6c]
Seat 1: Dorex2007 (small blind) folded before Flop
Seat 2: Sveden24 (big blind) folded before Flop
Seat 3: qdollars folded before Flop (didn't bet)
Seat 4: Karedott folded before Flop
Seat 5: MSASSANO folded before Flop (didn't bet)
Seat 6: CPS2017 folded before Flop (didn't bet)
Seat 7: Benoit1999 mucked [Ad Qd]
Seat 8: cado bambam folded before Flop (didn't bet)
Seat 9: shafro8 (button) showed [7d 7c] and won ($0.57) with two pair, Sevens and Sixes



PokerStars Hand #227257716798:  Hold'em No Limit ($0.01/$0.02 USD) - 2021/06/01 19:22:02 PT [2021/06/01 22:22:02 ET]
Table 'Binomi III' 9-max Seat #1 is the button
Seat 1: Dorex2007 ($2.30 in chips) 
Seat 2: Sveden24 ($1.24 in chips) 
Seat 3: qdollars ($2 in chips) 
Seat 4: Karedott ($2.32 in chips) 
Seat 5: MSASSANO ($0.92 in chips) 
Seat 6: CPS2017 ($2.72 in chips) 
Seat 7: Benoit1999 ($2 in chips) 
Seat 8: cado bambam ($3.43 in chips) 
Seat 9: shafro8 ($2.39 in chips) 
Sveden24: posts small blind $0.01
qdollars: posts big blind $0.02
*** HOLE CARDS ***
Dealt to Dorex2007 [8s 8c]
Karedott: calls $0.02
MSASSANO: folds 
CPS2017: folds 
Benoit1999: calls $0.02
cado bambam: folds 
shafro8: folds 
Dorex2007: calls $0.02
Sveden24: calls $0.01
qdollars: checks 
*** FLOP *** [2s Jh 7c]
Sveden24: checks 
qdollars: checks 
Karedott: checks 
Benoit1999: checks 
Dorex2007: checks 
*** TURN *** [2s Jh 7c] [Qh]
Sveden24: checks 
qdollars: checks 
Karedott: bets $0.10
Benoit1999: folds 
Dorex2007: folds 
Sveden24: folds 
qdollars: folds 
Uncalled bet ($0.10) returned to Karedott
Karedott collected $0.10 from pot
Karedott: doesn't show hand 
*** SUMMARY ***
Total pot $0.10 | Rake $0 
Board [2s Jh 7c Qh]
Seat 1: Dorex2007 (button) folded on the Turn
Seat 2: Sveden24 (small blind) folded on the Turn
Seat 3: qdollars (big blind) folded on the Turn
Seat 4: Karedott collected ($0.10)
Seat 5: MSASSANO folded before Flop (didn't bet)
Seat 6: CPS2017 folded before Flop (didn't bet)
Seat 7: Benoit1999 folded on the Turn
Seat 8: cado bambam folded before Flop (didn't bet)
Seat 9: shafro8 folded before Flop (didn't bet)



PokerStars Hand #227257728612:  Hold'em No Limit ($0.01/$0.02 USD) - 2021/06/01 19:22:53 PT [2021/06/01 22:22:53 ET]
Table 'Binomi III' 9-max Seat #2 is the button
Seat 1: Dorex2007 ($2.28 in chips) 
Seat 2: Sveden24 ($1.22 in chips) 
Seat 3: qdollars ($1.98 in chips) 
Seat 4: Karedott ($2.40 in chips) 
Seat 5: MSASSANO ($0.92 in chips) 
Seat 6: CPS2017 ($2.72 in chips) 
Seat 7: Benoit1999 ($2 in chips) 
Seat 8: cado bambam ($3.43 in chips) 
Seat 9: shafro8 ($2.39 in chips) 
qdollars: posts small blind $0.01
Karedott: posts big blind $0.02
*** HOLE CARDS ***
Dealt to Dorex2007 [6d 3c]
MSASSANO: folds 
CPS2017: calls $0.02
Benoit1999: raises $0.06 to $0.08
cado bambam: folds 
shafro8: folds 
Dorex2007: folds 
Sveden24: folds 
qdollars: folds 
Karedott: folds 
CPS2017: folds 
Uncalled bet ($0.06) returned to Benoit1999
Benoit1999 collected $0.07 from pot
*** SUMMARY ***
Total pot $0.07 | Rake $0 
Seat 1: Dorex2007 folded before Flop (didn't bet)
Seat 2: Sveden24 (button) folded before Flop (didn't bet)
Seat 3: qdollars (small blind) folded before Flop
Seat 4: Karedott (big blind) folded before Flop
Seat 5: MSASSANO folded before Flop (didn't bet)
Seat 6: CPS2017 folded before Flop
Seat 7: Benoit1999 collected ($0.07)
Seat 8: cado bambam folded before Flop (didn't bet)
Seat 9: shafro8 folded before Flop (didn't bet)



PokerStars Hand #227257735097:  Hold'em No Limit ($0.01/$0.02 USD) - 2021/06/01 19:23:22 PT [2021/06/01 22:23:22 ET]
Table 'Binomi III' 9-max Seat #3 is the button
Seat 1: Dorex2007 ($2.28 in chips) 
Seat 2: Sveden24 ($1.22 in chips) 
Seat 3: qdollars ($1.97 in chips) 
Seat 4: Karedott ($2.38 in chips) 
Seat 5: MSASSANO ($0.92 in chips) 
Seat 6: CPS2017 ($2.70 in chips) 
Seat 7: Benoit1999 ($2.05 in chips) 
Seat 8: cado bambam ($3.43 in chips) 
Seat 9: shafro8 ($2.39 in chips) 
Karedott: posts small blind $0.01
MSASSANO: posts big blind $0.02
*** HOLE CARDS ***
Dealt to Dorex2007 [6d As]
CPS2017: calls $0.02
Benoit1999: folds 
cado bambam: folds 
shafro8: raises $0.04 to $0.06
Dorex2007: folds 
Sveden24: folds 
qdollars: folds 
Sveden24 leaves the table
Karedott: folds 
MSASSANO: folds 
abottleofjimi joins the table at seat #2 
CPS2017: calls $0.04
*** FLOP *** [7s Qc 2s]
CPS2017: checks 
shafro8: checks 
*** TURN *** [7s Qc 2s] [Jc]
CPS2017: checks 
shafro8: checks 
*** RIVER *** [7s Qc 2s Jc] [9s]
CPS2017: bets $0.14
shafro8: folds 
Uncalled bet ($0.14) returned to CPS2017
CPS2017 collected $0.14 from pot
*** SUMMARY ***
Total pot $0.15 | Rake $0.01 
Board [7s Qc 2s Jc 9s]
Seat 1: Dorex2007 folded before Flop (didn't bet)
Seat 2: Sveden24 folded before Flop (didn't bet)
Seat 3: qdollars (button) folded before Flop (didn't bet)
Seat 4: Karedott (small blind) folded before Flop
Seat 5: MSASSANO (big blind) folded before Flop
Seat 6: CPS2017 collected ($0.14)
Seat 7: Benoit1999 folded before Flop (didn't bet)
Seat 8: cado bambam folded before Flop (didn't bet)
Seat 9: shafro8 folded on the River



PokerStars Hand #227257751091:  Hold'em No Limit ($0.01/$0.02 USD) - 2021/06/01 19:24:32 PT [2021/06/01 22:24:32 ET]
Table 'Binomi III' 9-max Seat #4 is the button
Seat 1: Dorex2007 ($2.28 in chips) 
Seat 2: abottleofjimi ($2 in chips) 
Seat 3: qdollars ($1.97 in chips) 
Seat 4: Karedott ($2.37 in chips) 
Seat 5: MSASSANO ($0.90 in chips) 
Seat 6: CPS2017 ($2.78 in chips) 
Seat 7: Benoit1999 ($2.05 in chips) 
Seat 8: cado bambam ($3.43 in chips) 
Seat 9: shafro8 ($2.33 in chips) 
MSASSANO: posts small blind $0.01
CPS2017: posts big blind $0.02
abottleofjimi: posts big blind $0.02
*** HOLE CARDS ***
Dealt to Dorex2007 [Ks 4d]
Benoit1999: folds 
cado bambam: folds 
shafro8: folds 
Dorex2007: folds 
abottleofjimi: raises $0.02 to $0.04
qdollars: folds 
Karedott: folds 
MSASSANO: folds 
CPS2017: calls $0.02
*** FLOP *** [Js 9c 2d]
CPS2017: checks 
abottleofjimi: bets $0.06
CPS2017: folds 
Uncalled bet ($0.06) returned to abottleofjimi
abottleofjimi collected $0.09 from pot
abottleofjimi: doesn't show hand 
*** SUMMARY ***
Total pot $0.09 | Rake $0 
Board [Js 9c 2d]
Seat 1: Dorex2007 folded before Flop (didn't bet)
Seat 2: abottleofjimi collected ($0.09)
Seat 3: qdollars folded before Flop (didn't bet)
Seat 4: Karedott (button) folded before Flop (didn't bet)
Seat 5: MSASSANO (small blind) folded before Flop
Seat 6: CPS2017 (big blind) folded on the Flop
Seat 7: Benoit1999 folded before Flop (didn't bet)
Seat 8: cado bambam folded before Flop (didn't bet)
Seat 9: shafro8 folded before Flop (didn't bet)



PokerStars Hand #227257761748:  Hold'em No Limit ($0.01/$0.02 USD) - 2021/06/01 19:25:19 PT [2021/06/01 22:25:19 ET]
Table 'Binomi III' 9-max Seat #5 is the button
Seat 1: Dorex2007 ($2.28 in chips) 
Seat 2: abottleofjimi ($2.05 in chips) 
Seat 3: qdollars ($1.97 in chips) 
Seat 4: Karedott ($2.37 in chips) 
Seat 5: MSASSANO ($0.89 in chips) 
Seat 6: CPS2017 ($2.74 in chips) 
Seat 7: Benoit1999 ($2.05 in chips) 
Seat 8: cado bambam ($3.43 in chips) 
Seat 9: shafro8 ($2.33 in chips) 
CPS2017: posts small blind $0.01
Benoit1999: posts big blind $0.02
*** HOLE CARDS ***
Dealt to Dorex2007 [8d 4c]
cado bambam: calls $0.02
shafro8: folds 
Dorex2007: folds 
abottleofjimi: raises $0.02 to $0.04
qdollars: calls $0.04
Karedott: folds 
MSASSANO: folds 
CPS2017: folds 
Benoit1999: folds 
cado bambam: calls $0.02
*** FLOP *** [Qh 2h Qd]
cado bambam: checks 
abottleofjimi: checks 
qdollars: bets $0.06
cado bambam: folds 
abottleofjimi: folds 
Uncalled bet ($0.06) returned to qdollars
qdollars collected $0.14 from pot
qdollars: doesn't show hand 
*** SUMMARY ***
Total pot $0.15 | Rake $0.01 
Board [Qh 2h Qd]
Seat 1: Dorex2007 folded before Flop (didn't bet)
Seat 2: abottleofjimi folded on the Flop
Seat 3: qdollars collected ($0.14)
Seat 4: Karedott folded before Flop (didn't bet)
Seat 5: MSASSANO (button) folded before Flop (didn't bet)
Seat 6: CPS2017 (small blind) folded before Flop
Seat 7: Benoit1999 (big blind) folded before Flop
Seat 8: cado bambam folded on the Flop
Seat 9: shafro8 folded before Flop (didn't bet)



PokerStars Hand #227257772822:  Hold'em No Limit ($0.01/$0.02 USD) - 2021/06/01 19:26:09 PT [2021/06/01 22:26:09 ET]
Table 'Binomi III' 9-max Seat #6 is the button
Seat 1: Dorex2007 ($2.28 in chips) 
Seat 2: abottleofjimi ($2.01 in chips) 
Seat 3: qdollars ($2.07 in chips) 
Seat 4: Karedott ($2.37 in chips) 
Seat 5: MSASSANO ($0.89 in chips) 
Seat 6: CPS2017 ($2.73 in chips) 
Seat 7: Benoit1999 ($2.03 in chips) 
Seat 8: cado bambam ($3.39 in chips) 
Seat 9: shafro8 ($2.33 in chips) 
Benoit1999: posts small blind $0.01
cado bambam: posts big blind $0.02
*** HOLE CARDS ***
Dealt to Dorex2007 [As Qd]
shafro8: folds 
Dorex2007: calls $0.02
abottleofjimi: folds 
shafro8 leaves the table
qdollars: folds 
Karedott: calls $0.02
MSASSANO: folds 
doodles44 joins the table at seat #9 
CPS2017 has timed out
CPS2017: folds 
Benoit1999: calls $0.01
cado bambam: checks 
*** FLOP *** [7d Tc 8s]
Benoit1999: checks 
cado bambam: checks 
Dorex2007: checks 
Karedott: bets $0.04
Benoit1999: folds 
cado bambam: folds 
Dorex2007: folds 
Uncalled bet ($0.04) returned to Karedott
Karedott collected $0.08 from pot
Karedott: doesn't show hand 
*** SUMMARY ***
Total pot $0.08 | Rake $0 
Board [7d Tc 8s]
Seat 1: Dorex2007 folded on the Flop
Seat 2: abottleofjimi folded before Flop (didn't bet)
Seat 3: qdollars folded before Flop (didn't bet)
Seat 4: Karedott collected ($0.08)
Seat 5: MSASSANO folded before Flop (didn't bet)
Seat 6: CPS2017 (button) folded before Flop (didn't bet)
Seat 7: Benoit1999 (small blind) folded on the Flop
Seat 8: cado bambam (big blind) folded on the Flop
Seat 9: shafro8 folded before Flop (didn't bet)



PokerStars Hand #227257787740:  Hold'em No Limit ($0.01/$0.02 USD) - 2021/06/01 19:27:16 PT [2021/06/01 22:27:16 ET]
Table 'Binomi III' 9-max Seat #7 is the button
Seat 1: Dorex2007 ($2.26 in chips) 
Seat 2: abottleofjimi ($2.01 in chips) 
Seat 3: qdollars ($2.07 in chips) 
Seat 4: Karedott ($2.43 in chips) 
Seat 5: MSASSANO ($0.89 in chips) 
Seat 6: CPS2017 ($2.73 in chips) 
Seat 7: Benoit1999 ($2.01 in chips) 
Seat 8: cado bambam ($3.37 in chips) 
Seat 9: doodles44 ($1.03 in chips) 
cado bambam: posts small blind $0.01
doodles44: posts big blind $0.02
*** HOLE CARDS ***
Dealt to Dorex2007 [5h 2c]
Dorex2007: folds 
abottleofjimi: raises $0.02 to $0.04
qdollars: folds 
Karedott: calls $0.04
MSASSANO: folds 
CPS2017: calls $0.04
Benoit1999: folds 
cado bambam: calls $0.03
doodles44: calls $0.02
*** FLOP *** [5s 4d Tc]
cado bambam: checks 
doodles44: bets $0.19
abottleofjimi: folds 
Karedott: folds 
CPS2017: folds 
cado bambam: folds 
Uncalled bet ($0.19) returned to doodles44
doodles44 collected $0.19 from pot
doodles44: doesn't show hand 
*** SUMMARY ***
Total pot $0.20 | Rake $0.01 
Board [5s 4d Tc]
Seat 1: Dorex2007 folded before Flop (didn't bet)
Seat 2: abottleofjimi folded on the Flop
Seat 3: qdollars folded before Flop (didn't bet)
Seat 4: Karedott folded on the Flop
Seat 5: MSASSANO folded before Flop (didn't bet)
Seat 6: CPS2017 folded on the Flop
Seat 7: Benoit1999 (button) folded before Flop (didn't bet)
Seat 8: cado bambam (small blind) folded on the Flop
Seat 9: doodles44 (big blind) collected ($0.19)



PokerStars Hand #227257810166:  Hold'em No Limit ($0.01/$0.02 USD) - 2021/06/01 19:28:19 PT [2021/06/01 22:28:19 ET]
Table 'Binomi III' 9-max Seat #8 is the button
Seat 1: Dorex2007 ($2.26 in chips) 
Seat 2: abottleofjimi ($1.97 in chips) 
Seat 3: qdollars ($2.07 in chips) 
Seat 4: Karedott ($2.39 in chips) 
Seat 5: MSASSANO ($0.89 in chips) 
Seat 6: CPS2017 ($2.69 in chips) 
Seat 7: Benoit1999 ($2.01 in chips) 
Seat 8: cado bambam ($3.33 in chips) 
Seat 9: doodles44 ($1.18 in chips) 
doodles44: posts small blind $0.01
Dorex2007: posts big blind $0.02
*** HOLE CARDS ***
Dealt to Dorex2007 [4s Kd]
abottleofjimi: raises $0.02 to $0.04
qdollars: folds 
Karedott: calls $0.04
MSASSANO: folds 
CPS2017: calls $0.04
Benoit1999: folds 
cado bambam: folds 
doodles44: folds 
Dorex2007: folds 
*** FLOP *** [8h 3s 6d]
abottleofjimi: checks 
Karedott: checks 
CPS2017: checks 
*** TURN *** [8h 3s 6d] [9s]
abottleofjimi: checks 
Karedott: bets $0.05
CPS2017: folds 
abottleofjimi: folds 
Uncalled bet ($0.05) returned to Karedott
Karedott collected $0.14 from pot
Karedott: doesn't show hand 
*** SUMMARY ***
Total pot $0.15 | Rake $0.01 
Board [8h 3s 6d 9s]
Seat 1: Dorex2007 (big blind) folded before Flop
Seat 2: abottleofjimi folded on the Turn
Seat 3: qdollars folded before Flop (didn't bet)
Seat 4: Karedott collected ($0.14)
Seat 5: MSASSANO folded before Flop (didn't bet)
Seat 6: CPS2017 folded on the Turn
Seat 7: Benoit1999 folded before Flop (didn't bet)
Seat 8: cado bambam (button) folded before Flop (didn't bet)
Seat 9: doodles44 (small blind) folded before Flop



PokerStars Hand #227257829514:  Hold'em No Limit ($0.01/$0.02 USD) - 2021/06/01 19:29:46 PT [2021/06/01 22:29:46 ET]
Table 'Binomi III' 9-max Seat #9 is the button
Seat 1: Dorex2007 ($2.24 in chips) 
Seat 2: abottleofjimi ($1.93 in chips) 
Seat 3: qdollars ($2.07 in chips) 
Seat 4: Karedott ($2.49 in chips) 
Seat 5: MSASSANO ($0.89 in chips) 
Seat 6: CPS2017 ($2.65 in chips) 
Seat 7: Benoit1999 ($2.01 in chips) 
Seat 8: cado bambam ($3.33 in chips) 
Seat 9: doodles44 ($1.17 in chips) 
Dorex2007: posts small blind $0.01
abottleofjimi: posts big blind $0.02
*** HOLE CARDS ***
Dealt to Dorex2007 [9d 8h]
qdollars: folds 
Karedott: folds 
MSASSANO: folds 
CPS2017: folds 
Benoit1999: folds 
cado bambam: folds 
doodles44: folds 
Dorex2007: folds 
Uncalled bet ($0.01) returned to abottleofjimi
abottleofjimi collected $0.02 from pot
abottleofjimi: doesn't show hand 
*** SUMMARY ***
Total pot $0.02 | Rake $0 
Seat 1: Dorex2007 (small blind) folded before Flop
Seat 2: abottleofjimi (big blind) collected ($0.02)
Seat 3: qdollars folded before Flop (didn't bet)
Seat 4: Karedott folded before Flop (didn't bet)
Seat 5: MSASSANO folded before Flop (didn't bet)
Seat 6: CPS2017 folded before Flop (didn't bet)
Seat 7: Benoit1999 folded before Flop (didn't bet)
Seat 8: cado bambam folded before Flop (didn't bet)
Seat 9: doodles44 (button) folded before Flop (didn't bet)



PokerStars Hand #227257832988:  Hold'em No Limit ($0.01/$0.02 USD) - 2021/06/01 19:30:01 PT [2021/06/01 22:30:01 ET]
Table 'Binomi III' 9-max Seat #1 is the button
Seat 1: Dorex2007 ($2.23 in chips) 
Seat 2: abottleofjimi ($1.94 in chips) 
Seat 3: qdollars ($2.07 in chips) 
Seat 4: Karedott ($2.49 in chips) 
Seat 5: MSASSANO ($0.89 in chips) 
Seat 6: CPS2017 ($2.65 in chips) 
Seat 7: Benoit1999 ($2.01 in chips) 
Seat 8: cado bambam ($3.33 in chips) 
Seat 9: doodles44 ($1.17 in chips) 
abottleofjimi: posts small blind $0.01
qdollars: posts big blind $0.02
*** HOLE CARDS ***
Dealt to Dorex2007 [Kc 9c]
Karedott: folds 
Karedott leaves the table
MSASSANO: folds 
CPS2017: calls $0.02
webNicolas2 joins the table at seat #4 
Benoit1999: calls $0.02
cado bambam: folds 
doodles44: calls $0.02
Dorex2007: calls $0.02
abottleofjimi: calls $0.01
qdollars: checks 
*** FLOP *** [Qh Th 5c]
abottleofjimi: checks 
qdollars: bets $0.06
CPS2017: calls $0.06
Benoit1999: calls $0.06
doodles44: folds 
Dorex2007: folds 
abottleofjimi: calls $0.06
*** TURN *** [Qh Th 5c] [4s]
abottleofjimi: checks 
qdollars: checks 
CPS2017: bets $0.37
Benoit1999: folds 
abottleofjimi: folds 
qdollars: folds 
Uncalled bet ($0.37) returned to CPS2017
CPS2017 collected $0.35 from pot
*** SUMMARY ***
Total pot $0.36 | Rake $0.01 
Board [Qh Th 5c 4s]
Seat 1: Dorex2007 (button) folded on the Flop
Seat 2: abottleofjimi (small blind) folded on the Turn
Seat 3: qdollars (big blind) folded on the Turn
Seat 4: Karedott folded before Flop (didn't bet)
Seat 5: MSASSANO folded before Flop (didn't bet)
Seat 6: CPS2017 collected ($0.35)
Seat 7: Benoit1999 folded on the Turn
Seat 8: cado bambam folded before Flop (didn't bet)
Seat 9: doodles44 folded on the Flop



PokerStars Hand #227257855342:  Hold'em No Limit ($0.01/$0.02 USD) - 2021/06/01 19:31:13 PT [2021/06/01 22:31:13 ET]
Table 'Binomi III' 9-max Seat #2 is the button
Seat 1: Dorex2007 ($2.21 in chips) 
Seat 2: abottleofjimi ($1.86 in chips) 
Seat 3: qdollars ($1.99 in chips) 
Seat 4: webNicolas2 ($0.80 in chips) 
Seat 5: MSASSANO ($0.89 in chips) 
Seat 6: CPS2017 ($2.92 in chips) 
Seat 7: Benoit1999 ($2 in chips) 
Seat 8: cado bambam ($3.33 in chips) 
Seat 9: doodles44 ($1.15 in chips) 
qdollars: posts small blind $0.01
webNicolas2: posts big blind $0.02
*** HOLE CARDS ***
Dealt to Dorex2007 [2s 9c]
MSASSANO: folds 
CPS2017: folds 
Benoit1999: folds 
cado bambam: folds 
doodles44: folds 
Dorex2007: folds 
abottleofjimi: raises $0.02 to $0.04
qdollars: calls $0.03
webNicolas2: calls $0.02
*** FLOP *** [7s 5c 4h]
qdollars: bets $0.04
webNicolas2: calls $0.04
abottleofjimi: calls $0.04
*** TURN *** [7s 5c 4h] [3c]
qdollars: bets $0.12
webNicolas2: calls $0.12
abottleofjimi: calls $0.12
*** RIVER *** [7s 5c 4h 3c] [7h]
qdollars: bets $0.14
webNicolas2: calls $0.14
abottleofjimi: folds 
*** SHOW DOWN ***
qdollars: shows [6d 4d] (a straight, Three to Seven)
webNicolas2: mucks hand 
qdollars collected $0.85 from pot
*** SUMMARY ***
Total pot $0.88 | Rake $0.03 
Board [7s 5c 4h 3c 7h]
Seat 1: Dorex2007 folded before Flop (didn't bet)
Seat 2: abottleofjimi (button) folded on the River
Seat 3: qdollars (small blind) showed [6d 4d] and won ($0.85) with a straight, Three to Seven
Seat 4: webNicolas2 (big blind) mucked [2d Ac]
Seat 5: MSASSANO folded before Flop (didn't bet)
Seat 6: CPS2017 folded before Flop (didn't bet)
Seat 7: Benoit1999 folded before Flop (didn't bet)
Seat 8: cado bambam folded before Flop (didn't bet)
Seat 9: doodles44 folded before Flop (didn't bet)



PokerStars Hand #227257869277:  Hold'em No Limit ($0.01/$0.02 USD) - 2021/06/01 19:32:15 PT [2021/06/01 22:32:15 ET]
Table 'Binomi III' 9-max Seat #3 is the button
Seat 1: Dorex2007 ($2.21 in chips) 
Seat 2: abottleofjimi ($1.66 in chips) 
Seat 3: qdollars ($2.50 in chips) 
Seat 4: webNicolas2 ($0.46 in chips) 
Seat 5: MSASSANO ($0.89 in chips) 
Seat 6: CPS2017 ($2.92 in chips) 
Seat 7: Benoit1999 ($2 in chips) 
Seat 8: cado bambam ($3.33 in chips) 
Seat 9: doodles44 ($1.15 in chips) 
webNicolas2: posts small blind $0.01
MSASSANO: posts big blind $0.02
*** HOLE CARDS ***
Dealt to Dorex2007 [8h 5h]
CPS2017: folds 
Benoit1999: folds 
cado bambam: folds 
doodles44: raises $0.04 to $0.06
Dorex2007: folds 
abottleofjimi: calls $0.06
qdollars: folds 
webNicolas2: calls $0.05
MSASSANO: folds 
*** FLOP *** [5c Tc 9c]
webNicolas2: checks 
doodles44: checks 
abottleofjimi: bets $0.05
webNicolas2: folds 
doodles44: folds 
Uncalled bet ($0.05) returned to abottleofjimi
abottleofjimi collected $0.19 from pot
abottleofjimi: doesn't show hand 
*** SUMMARY ***
Total pot $0.20 | Rake $0.01 
Board [5c Tc 9c]
Seat 1: Dorex2007 folded before Flop (didn't bet)
Seat 2: abottleofjimi collected ($0.19)
Seat 3: qdollars (button) folded before Flop (didn't bet)
Seat 4: webNicolas2 (small blind) folded on the Flop
Seat 5: MSASSANO (big blind) folded before Flop
Seat 6: CPS2017 folded before Flop (didn't bet)
Seat 7: Benoit1999 folded before Flop (didn't bet)
Seat 8: cado bambam folded before Flop (didn't bet)
Seat 9: doodles44 folded on the Flop



PokerStars Hand #227257877745:  Hold'em No Limit ($0.01/$0.02 USD) - 2021/06/01 19:32:53 PT [2021/06/01 22:32:53 ET]
Table 'Binomi III' 9-max Seat #4 is the button
Seat 1: Dorex2007 ($2.21 in chips) 
Seat 2: abottleofjimi ($1.79 in chips) 
Seat 3: qdollars ($2.50 in chips) 
Seat 4: webNicolas2 ($0.40 in chips) 
Seat 5: MSASSANO ($0.87 in chips) 
Seat 6: CPS2017 ($2.92 in chips) 
Seat 7: Benoit1999 ($2 in chips) 
Seat 8: cado bambam ($3.33 in chips) 
Seat 9: doodles44 ($1.09 in chips) 
MSASSANO: posts small blind $0.01
CPS2017: posts big blind $0.02
*** HOLE CARDS ***
Dealt to Dorex2007 [2c Kd]
Benoit1999: folds 
cado bambam: folds 
doodles44: folds 
Dorex2007: folds 
abottleofjimi: folds 
qdollars: folds 
webNicolas2: raises $0.04 to $0.06
MSASSANO: folds 
CPS2017: folds 
Uncalled bet ($0.04) returned to webNicolas2
webNicolas2 collected $0.05 from pot
webNicolas2: doesn't show hand 
*** SUMMARY ***
Total pot $0.05 | Rake $0 
Seat 1: Dorex2007 folded before Flop (didn't bet)
Seat 2: abottleofjimi folded before Flop (didn't bet)
Seat 3: qdollars folded before Flop (didn't bet)
Seat 4: webNicolas2 (button) collected ($0.05)
Seat 5: MSASSANO (small blind) folded before Flop
Seat 6: CPS2017 (big blind) folded before Flop
Seat 7: Benoit1999 folded before Flop (didn't bet)
Seat 8: cado bambam folded before Flop (didn't bet)
Seat 9: doodles44 folded before Flop (didn't bet)



PokerStars Hand #227257881697:  Hold'em No Limit ($0.01/$0.02 USD) - 2021/06/01 19:33:10 PT [2021/06/01 22:33:10 ET]
Table 'Binomi III' 9-max Seat #5 is the button
Seat 1: Dorex2007 ($2.21 in chips) 
Seat 2: abottleofjimi ($1.79 in chips) 
Seat 3: qdollars ($2.50 in chips) 
Seat 4: webNicolas2 ($0.43 in chips) 
Seat 5: MSASSANO ($0.86 in chips) 
Seat 6: CPS2017 ($2.90 in chips) 
Seat 7: Benoit1999 ($2 in chips) 
Seat 8: cado bambam ($3.33 in chips) 
Seat 9: doodles44 ($1.09 in chips) 
CPS2017: posts small blind $0.01
Benoit1999: posts big blind $0.02
*** HOLE CARDS ***
Dealt to Dorex2007 [Tc Th]
cado bambam: folds 
doodles44: folds 
Dorex2007: raises $0.04 to $0.06
abottleofjimi: folds 
qdollars: folds 
webNicolas2: folds 
MSASSANO: folds 
CPS2017: folds 
Benoit1999: folds 
Uncalled bet ($0.04) returned to Dorex2007
Dorex2007 collected $0.05 from pot
Dorex2007: doesn't show hand 
*** SUMMARY ***
Total pot $0.05 | Rake $0 
Seat 1: Dorex2007 collected ($0.05)
Seat 2: abottleofjimi folded before Flop (didn't bet)
Seat 3: qdollars folded before Flop (didn't bet)
Seat 4: webNicolas2 folded before Flop (didn't bet)
Seat 5: MSASSANO (button) folded before Flop (didn't bet)
Seat 6: CPS2017 (small blind) folded before Flop
Seat 7: Benoit1999 (big blind) folded before Flop
Seat 8: cado bambam folded before Flop (didn't bet)
Seat 9: doodles44 folded before Flop (didn't bet)



PokerStars Hand #227257885999:  Hold'em No Limit ($0.01/$0.02 USD) - 2021/06/01 19:33:30 PT [2021/06/01 22:33:30 ET]
Table 'Binomi III' 9-max Seat #6 is the button
Seat 1: Dorex2007 ($2.24 in chips) 
Seat 2: abottleofjimi ($1.79 in chips) 
Seat 3: qdollars ($2.50 in chips) 
Seat 4: webNicolas2 ($0.43 in chips) 
Seat 5: MSASSANO ($0.86 in chips) 
Seat 6: CPS2017 ($2.89 in chips) 
Seat 7: Benoit1999 ($2 in chips) 
Seat 8: cado bambam ($3.33 in chips) 
Seat 9: doodles44 ($1.09 in chips) 
Benoit1999: posts small blind $0.01
cado bambam: posts big blind $0.02
*** HOLE CARDS ***
Dealt to Dorex2007 [2h 4h]
doodles44: calls $0.02
Dorex2007: folds 
abottleofjimi: raises $0.02 to $0.04
qdollars: folds 
webNicolas2: raises $0.06 to $0.10
MSASSANO: calls $0.10
CPS2017: folds 
Benoit1999: folds 
cado bambam: calls $0.08
doodles44: folds 
abottleofjimi: calls $0.06
*** FLOP *** [3d 8s 5s]
cado bambam: checks 
abottleofjimi: checks 
webNicolas2: bets $0.33 and is all-in
MSASSANO: calls $0.33
cado bambam: folds 
abottleofjimi: calls $0.33
*** TURN *** [3d 8s 5s] [2c]
abottleofjimi: checks 
MSASSANO: bets $0.43 and is all-in
abottleofjimi: calls $0.43
*** RIVER *** [3d 8s 5s 2c] [6h]
*** SHOW DOWN ***
abottleofjimi: shows [Td 8d] (a pair of Eights)
MSASSANO: shows [5h 5c] (three of a kind, Fives)
MSASSANO collected $0.83 from side pot
webNicolas2: shows [Js Qs] (high card Queen)
MSASSANO collected $1.37 from main pot
*** SUMMARY ***
Total pot $2.28 Main pot $1.37. Side pot $0.83. | Rake $0.08 
Board [3d 8s 5s 2c 6h]
Seat 1: Dorex2007 folded before Flop (didn't bet)
Seat 2: abottleofjimi showed [Td 8d] and lost with a pair of Eights
Seat 3: qdollars folded before Flop (didn't bet)
Seat 4: webNicolas2 showed [Js Qs] and lost with high card Queen
Seat 5: MSASSANO showed [5h 5c] and won ($2.20) with three of a kind, Fives
Seat 6: CPS2017 (button) folded before Flop (didn't bet)
Seat 7: Benoit1999 (small blind) folded before Flop
Seat 8: cado bambam (big blind) folded on the Flop
Seat 9: doodles44 folded before Flop



PokerStars Hand #227257902053:  Hold'em No Limit ($0.01/$0.02 USD) - 2021/06/01 19:34:44 PT [2021/06/01 22:34:44 ET]
Table 'Binomi III' 9-max Seat #7 is the button
Seat 1: Dorex2007 ($2.24 in chips) 
Seat 2: abottleofjimi ($0.93 in chips) 
Seat 3: qdollars ($2.50 in chips) 
Seat 5: MSASSANO ($2.20 in chips) 
Seat 6: CPS2017 ($2.89 in chips) 
Seat 7: Benoit1999 ($2 in chips) 
Seat 8: cado bambam ($3.23 in chips) 
Seat 9: doodles44 ($1.07 in chips) 
cado bambam: posts small blind $0.01
doodles44: posts big blind $0.02
*** HOLE CARDS ***
Dealt to Dorex2007 [Ah 8d]
Dorex2007: folds 
abottleofjimi: folds 
qdollars: folds 
abottleofjimi leaves the table
MSASSANO: raises $0.04 to $0.06
CPS2017: folds 
Benoit1999: folds 
cado bambam: folds 
doodles44: folds 
Uncalled bet ($0.04) returned to MSASSANO
MSASSANO collected $0.05 from pot
MSASSANO: doesn't show hand 
*** SUMMARY ***
Total pot $0.05 | Rake $0 
Seat 1: Dorex2007 folded before Flop (didn't bet)
Seat 2: abottleofjimi folded before Flop (didn't bet)
Seat 3: qdollars folded before Flop (didn't bet)
Seat 5: MSASSANO collected ($0.05)
Seat 6: CPS2017 folded before Flop (didn't bet)
Seat 7: Benoit1999 (button) folded before Flop (didn't bet)
Seat 8: cado bambam (small blind) folded before Flop
Seat 9: doodles44 (big blind) folded before Flop



PokerStars Hand #227257911244:  Hold'em No Limit ($0.01/$0.02 USD) - 2021/06/01 19:35:15 PT [2021/06/01 22:35:15 ET]
Table 'Binomi III' 9-max Seat #8 is the button
Seat 1: Dorex2007 ($2.24 in chips) 
Seat 3: qdollars ($2.50 in chips) 
Seat 4: webNicolas2 ($0.80 in chips) 
Seat 5: MSASSANO ($2.23 in chips) 
Seat 6: CPS2017 ($2.89 in chips) 
Seat 7: Benoit1999 ($2 in chips) 
Seat 8: cado bambam ($3.22 in chips) 
Seat 9: doodles44 ($1.05 in chips) 
doodles44: posts small blind $0.01
Dorex2007: posts big blind $0.02
*** HOLE CARDS ***
Dealt to Dorex2007 [3h 8d]
qdollars: folds 
webNicolas2: folds 
MSASSANO: folds 
CPS2017: raises $0.04 to $0.06
Benoit1999: folds 
cado bambam: folds 
doodles44: calls $0.05
Dorex2007: folds 
*** FLOP *** [Td Ks Kh]
doodles44: checks 
Victor151886 joins the table at seat #2 
CPS2017: bets $0.08
doodles44: raises $0.08 to $0.16
CPS2017: calls $0.08
*** TURN *** [Td Ks Kh] [Qc]
doodles44: checks 
CPS2017: checks 
*** RIVER *** [Td Ks Kh Qc] [Ts]
doodles44: bets $0.44
CPS2017: folds 
Uncalled bet ($0.44) returned to doodles44
doodles44 collected $0.44 from pot
doodles44: doesn't show hand 
*** SUMMARY ***
Total pot $0.46 | Rake $0.02 
Board [Td Ks Kh Qc Ts]
Seat 1: Dorex2007 (big blind) folded before Flop
Seat 3: qdollars folded before Flop (didn't bet)
Seat 4: webNicolas2 folded before Flop (didn't bet)
Seat 5: MSASSANO folded before Flop (didn't bet)
Seat 6: CPS2017 folded on the River
Seat 7: Benoit1999 folded before Flop (didn't bet)
Seat 8: cado bambam (button) folded before Flop (didn't bet)
Seat 9: doodles44 (small blind) collected ($0.44)



PokerStars Hand #227257921640:  Hold'em No Limit ($0.01/$0.02 USD) - 2021/06/01 19:36:03 PT [2021/06/01 22:36:03 ET]
Table 'Binomi III' 9-max Seat #9 is the button
Seat 1: Dorex2007 ($2.22 in chips) 
Seat 2: Victor151886 ($2 in chips) 
Seat 3: qdollars ($2.50 in chips) 
Seat 4: webNicolas2 ($0.80 in chips) 
Seat 5: MSASSANO ($2.23 in chips) 
Seat 6: CPS2017 ($2.67 in chips) 
Seat 7: Benoit1999 ($2 in chips) 
Seat 8: cado bambam ($3.22 in chips) 
Seat 9: doodles44 ($1.27 in chips) 
Dorex2007: posts small blind $0.01
Victor151886: posts big blind $0.02
*** HOLE CARDS ***
Dealt to Dorex2007 [2h 3d]
qdollars: folds 
webNicolas2: folds 
MSASSANO: folds 
CPS2017: folds 
Benoit1999: raises $0.03 to $0.05
cado bambam: folds 
doodles44: raises $0.03 to $0.08
Dorex2007: folds 
Victor151886: folds 
Benoit1999: calls $0.03
*** FLOP *** [5h 5c Jh]
Benoit1999: checks 
doodles44: bets $0.06
Benoit1999: folds 
Uncalled bet ($0.06) returned to doodles44
doodles44 collected $0.18 from pot
doodles44: doesn't show hand 
*** SUMMARY ***
Total pot $0.19 | Rake $0.01 
Board [5h 5c Jh]
Seat 1: Dorex2007 (small blind) folded before Flop
Seat 2: Victor151886 (big blind) folded before Flop
Seat 3: qdollars folded before Flop (didn't bet)
Seat 4: webNicolas2 folded before Flop (didn't bet)
Seat 5: MSASSANO folded before Flop (didn't bet)
Seat 6: CPS2017 folded before Flop (didn't bet)
Seat 7: Benoit1999 folded on the Flop
Seat 8: cado bambam folded before Flop (didn't bet)
Seat 9: doodles44 (button) collected ($0.18)



PokerStars Hand #227257930268:  Hold'em No Limit ($0.01/$0.02 USD) - 2021/06/01 19:36:42 PT [2021/06/01 22:36:42 ET]
Table 'Binomi III' 9-max Seat #1 is the button
Seat 1: Dorex2007 ($2.21 in chips) 
Seat 2: Victor151886 ($2 in chips) 
Seat 3: qdollars ($2.50 in chips) 
Seat 4: webNicolas2 ($0.80 in chips) 
Seat 5: MSASSANO ($2.23 in chips) 
Seat 6: CPS2017 ($2.67 in chips) 
Seat 7: Benoit1999 ($2 in chips) 
Seat 8: cado bambam ($3.22 in chips) 
Seat 9: doodles44 ($1.37 in chips) 
Victor151886: posts small blind $0.01
qdollars: posts big blind $0.02
*** HOLE CARDS ***
Dealt to Dorex2007 [Td 2h]
webNicolas2: folds 
MSASSANO: folds 
CPS2017: raises $0.06 to $0.08
Benoit1999: folds 
cado bambam: folds 
doodles44: folds 
Dorex2007: folds 
Victor151886: folds 
qdollars: folds 
Uncalled bet ($0.06) returned to CPS2017
CPS2017 collected $0.05 from pot
*** SUMMARY ***
Total pot $0.05 | Rake $0 
Seat 1: Dorex2007 (button) folded before Flop (didn't bet)
Seat 2: Victor151886 (small blind) folded before Flop
Seat 3: qdollars (big blind) folded before Flop
Seat 4: webNicolas2 folded before Flop (didn't bet)
Seat 5: MSASSANO folded before Flop (didn't bet)
Seat 6: CPS2017 collected ($0.05)
Seat 7: Benoit1999 folded before Flop (didn't bet)
Seat 8: cado bambam folded before Flop (didn't bet)
Seat 9: doodles44 folded before Flop (didn't bet)



PokerStars Hand #227257936604:  Hold'em No Limit ($0.01/$0.02 USD) - 2021/06/01 19:37:12 PT [2021/06/01 22:37:12 ET]
Table 'Binomi III' 9-max Seat #2 is the button
Seat 1: Dorex2007 ($2.21 in chips) 
Seat 2: Victor151886 ($2 in chips) 
Seat 3: qdollars ($2.48 in chips) 
Seat 4: webNicolas2 ($0.80 in chips) 
Seat 5: MSASSANO ($2.23 in chips) 
Seat 6: CPS2017 ($2.70 in chips) 
Seat 7: Benoit1999 ($2 in chips) 
Seat 8: cado bambam ($3.22 in chips) 
Seat 9: doodles44 ($1.37 in chips) 
qdollars: posts small blind $0.01
webNicolas2: posts big blind $0.02
*** HOLE CARDS ***
Dealt to Dorex2007 [3s 9c]
MSASSANO: raises $0.04 to $0.06
CPS2017: calls $0.06
Benoit1999: folds 
cado bambam: folds 
doodles44: folds 
Dorex2007: folds 
Victor151886: calls $0.06
qdollars: folds 
webNicolas2: folds 
*** FLOP *** [9d 8d Jh]
MSASSANO: bets $0.12
CPS2017: calls $0.12
Victor151886: calls $0.12
*** TURN *** [9d 8d Jh] [Ks]
MSASSANO: checks 
CPS2017: checks 
Victor151886: checks 
*** RIVER *** [9d 8d Jh Ks] [7c]
MSASSANO: checks 
CPS2017: checks 
Victor151886: bets $0.41
MSASSANO: folds 
CPS2017: folds 
Uncalled bet ($0.41) returned to Victor151886
Victor151886 collected $0.55 from pot
Victor151886: doesn't show hand 
*** SUMMARY ***
Total pot $0.57 | Rake $0.02 
Board [9d 8d Jh Ks 7c]
Seat 1: Dorex2007 folded before Flop (didn't bet)
Seat 2: Victor151886 (button) collected ($0.55)
Seat 3: qdollars (small blind) folded before Flop
Seat 4: webNicolas2 (big blind) folded before Flop
Seat 5: MSASSANO folded on the River
Seat 6: CPS2017 folded on the River
Seat 7: Benoit1999 folded before Flop (didn't bet)
Seat 8: cado bambam folded before Flop (didn't bet)
Seat 9: doodles44 folded before Flop (didn't bet)



PokerStars Hand #227257955254:  Hold'em No Limit ($0.01/$0.02 USD) - 2021/06/01 19:38:38 PT [2021/06/01 22:38:38 ET]
Table 'Binomi III' 9-max Seat #3 is the button
Seat 1: Dorex2007 ($2.21 in chips) 
Seat 2: Victor151886 ($2.37 in chips) 
Seat 3: qdollars ($2.47 in chips) 
Seat 4: webNicolas2 ($0.78 in chips) 
Seat 5: MSASSANO ($2.05 in chips) 
Seat 6: CPS2017 ($2.52 in chips) 
Seat 7: Benoit1999 ($2 in chips) 
Seat 8: cado bambam ($3.22 in chips) 
Seat 9: doodles44 ($1.37 in chips) 
webNicolas2: posts small blind $0.01
MSASSANO: posts big blind $0.02
*** HOLE CARDS ***
Dealt to Dorex2007 [6h 5s]
CPS2017: calls $0.02
Benoit1999: folds 
cado bambam: folds 
doodles44: raises $0.04 to $0.06
Dorex2007: folds 
Victor151886: folds 
qdollars: folds 
webNicolas2: folds 
MSASSANO: folds 
CPS2017: calls $0.04
*** FLOP *** [Qh 3d 8h]
CPS2017: checks 
doodles44: bets $0.05
CPS2017: calls $0.05
*** TURN *** [Qh 3d 8h] [4s]
CPS2017: checks 
doodles44: checks 
*** RIVER *** [Qh 3d 8h 4s] [Qs]
CPS2017: bets $0.23
doodles44: folds 
Uncalled bet ($0.23) returned to CPS2017
CPS2017 collected $0.24 from pot
*** SUMMARY ***
Total pot $0.25 | Rake $0.01 
Board [Qh 3d 8h 4s Qs]
Seat 1: Dorex2007 folded before Flop (didn't bet)
Seat 2: Victor151886 folded before Flop (didn't bet)
Seat 3: qdollars (button) folded before Flop (didn't bet)
Seat 4: webNicolas2 (small blind) folded before Flop
Seat 5: MSASSANO (big blind) folded before Flop
Seat 6: CPS2017 collected ($0.24)
Seat 7: Benoit1999 folded before Flop (didn't bet)
Seat 8: cado bambam folded before Flop (didn't bet)
Seat 9: doodles44 folded on the River



PokerStars Hand #227257970461:  Hold'em No Limit ($0.01/$0.02 USD) - 2021/06/01 19:39:47 PT [2021/06/01 22:39:47 ET]
Table 'Binomi III' 9-max Seat #4 is the button
Seat 1: Dorex2007 ($2.21 in chips) 
Seat 2: Victor151886 ($2.37 in chips) 
Seat 3: qdollars ($2.47 in chips) 
Seat 4: webNicolas2 ($0.77 in chips) 
Seat 5: MSASSANO ($2.03 in chips) 
Seat 6: CPS2017 ($2.65 in chips) 
Seat 7: Benoit1999 ($2 in chips) 
Seat 8: cado bambam ($3.22 in chips) 
Seat 9: doodles44 ($1.26 in chips) 
MSASSANO: posts small blind $0.01
CPS2017: posts big blind $0.02
*** HOLE CARDS ***
Dealt to Dorex2007 [2s 4c]
Benoit1999 has timed out
Benoit1999: folds 
cado bambam: calls $0.02
doodles44: folds 
Dorex2007: folds 
Victor151886: folds 
qdollars: folds 
webNicolas2: raises $0.07 to $0.09
MSASSANO: folds 
CPS2017: folds 
cado bambam: folds 
Uncalled bet ($0.07) returned to webNicolas2
webNicolas2 collected $0.07 from pot
webNicolas2: doesn't show hand 
*** SUMMARY ***
Total pot $0.07 | Rake $0 
Seat 1: Dorex2007 folded before Flop (didn't bet)
Seat 2: Victor151886 folded before Flop (didn't bet)
Seat 3: qdollars folded before Flop (didn't bet)
Seat 4: webNicolas2 (button) collected ($0.07)
Seat 5: MSASSANO (small blind) folded before Flop
Seat 6: CPS2017 (big blind) folded before Flop
Seat 7: Benoit1999 folded before Flop (didn't bet)
Seat 8: cado bambam folded before Flop
Seat 9: doodles44 folded before Flop (didn't bet)



PokerStars Hand #227257984634:  Hold'em No Limit ($0.01/$0.02 USD) - 2021/06/01 19:40:21 PT [2021/06/01 22:40:21 ET]
Table 'Binomi III' 9-max Seat #5 is the button
Seat 1: Dorex2007 ($2.21 in chips) 
Seat 2: Victor151886 ($2.37 in chips) 
Seat 3: qdollars ($2.47 in chips) 
Seat 4: webNicolas2 ($0.82 in chips) 
Seat 5: MSASSANO ($2.02 in chips) 
Seat 6: CPS2017 ($2.63 in chips) 
Seat 7: Benoit1999 ($2 in chips) 
Seat 8: cado bambam ($3.20 in chips) 
Seat 9: doodles44 ($1.26 in chips) 
CPS2017: posts small blind $0.01
Benoit1999: posts big blind $0.02
*** HOLE CARDS ***
Dealt to Dorex2007 [4s 6c]
cado bambam: calls $0.02
doodles44: folds 
Dorex2007: folds 
Victor151886: calls $0.02
qdollars: folds 
webNicolas2: folds 
MSASSANO: raises $0.10 to $0.12
CPS2017: folds 
Benoit1999: folds 
cado bambam: folds 
Victor151886: folds 
Uncalled bet ($0.10) returned to MSASSANO
MSASSANO collected $0.09 from pot
MSASSANO: doesn't show hand 
*** SUMMARY ***
Total pot $0.09 | Rake $0 
Seat 1: Dorex2007 folded before Flop (didn't bet)
Seat 2: Victor151886 folded before Flop
Seat 3: qdollars folded before Flop (didn't bet)
Seat 4: webNicolas2 folded before Flop (didn't bet)
Seat 5: MSASSANO (button) collected ($0.09)
Seat 6: CPS2017 (small blind) folded before Flop
Seat 7: Benoit1999 (big blind) folded before Flop
Seat 8: cado bambam folded before Flop
Seat 9: doodles44 folded before Flop (didn't bet)



PokerStars Hand #227257996459:  Hold'em No Limit ($0.01/$0.02 USD) - 2021/06/01 19:41:01 PT [2021/06/01 22:41:01 ET]
Table 'Binomi III' 9-max Seat #6 is the button
Seat 1: Dorex2007 ($2.21 in chips) 
Seat 2: Victor151886 ($2.35 in chips) 
Seat 3: qdollars ($2.47 in chips) 
Seat 4: webNicolas2 ($0.82 in chips) 
Seat 5: MSASSANO ($2.09 in chips) 
Seat 6: CPS2017 ($2.62 in chips) 
Seat 7: Benoit1999 ($2 in chips) 
Seat 9: doodles44 ($1.26 in chips) 
Benoit1999: posts small blind $0.01
cado bambam: is sitting out 
doodles44: posts big blind $0.02
*** HOLE CARDS ***
Dealt to Dorex2007 [3s Ah]
Dorex2007: folds 
Victor151886: folds 
cado bambam leaves the table
qdollars: folds 
webNicolas2: raises $0.04 to $0.06
PainTownAA joins the table at seat #8 
MSASSANO: folds 
CPS2017: folds 
Benoit1999: folds 
doodles44: calls $0.04
*** FLOP *** [4c 9h Ks]
doodles44: checks 
webNicolas2: bets $0.07
doodles44: folds 
Uncalled bet ($0.07) returned to webNicolas2
webNicolas2 collected $0.13 from pot
webNicolas2: doesn't show hand 
*** SUMMARY ***
Total pot $0.13 | Rake $0 
Board [4c 9h Ks]
Seat 1: Dorex2007 folded before Flop (didn't bet)
Seat 2: Victor151886 folded before Flop (didn't bet)
Seat 3: qdollars folded before Flop (didn't bet)
Seat 4: webNicolas2 collected ($0.13)
Seat 5: MSASSANO folded before Flop (didn't bet)
Seat 6: CPS2017 (button) folded before Flop (didn't bet)
Seat 7: Benoit1999 (small blind) folded before Flop
Seat 9: doodles44 (big blind) folded on the Flop



PokerStars Hand #227258002521:  Hold'em No Limit ($0.01/$0.02 USD) - 2021/06/01 19:41:30 PT [2021/06/01 22:41:30 ET]
Table 'Binomi III' 9-max Seat #7 is the button
Seat 1: Dorex2007 ($2.21 in chips) 
Seat 2: Victor151886 ($2.35 in chips) 
Seat 3: qdollars ($2.47 in chips) 
Seat 4: webNicolas2 ($0.89 in chips) 
Seat 5: MSASSANO ($2.09 in chips) 
Seat 6: CPS2017 ($2.62 in chips) 
Seat 7: Benoit1999 ($2 in chips) 
Seat 9: doodles44 ($1.20 in chips) 
doodles44: posts small blind $0.01
Dorex2007: posts big blind $0.02
*** HOLE CARDS ***
Dealt to Dorex2007 [Ks 7s]
Victor151886: folds 
qdollars: folds 
webNicolas2: folds 
MSASSANO: folds 
CPS2017: raises $0.06 to $0.08
Benoit1999: folds 
doodles44: folds 
Dorex2007: folds 
Uncalled bet ($0.06) returned to CPS2017
CPS2017 collected $0.05 from pot
*** SUMMARY ***
Total pot $0.05 | Rake $0 
Seat 1: Dorex2007 (big blind) folded before Flop
Seat 2: Victor151886 folded before Flop (didn't bet)
Seat 3: qdollars folded before Flop (didn't bet)
Seat 4: webNicolas2 folded before Flop (didn't bet)
Seat 5: MSASSANO folded before Flop (didn't bet)
Seat 6: CPS2017 collected ($0.05)
Seat 7: Benoit1999 (button) folded before Flop (didn't bet)
Seat 9: doodles44 (small blind) folded before Flop



PokerStars Hand #227258009505:  Hold'em No Limit ($0.01/$0.02 USD) - 2021/06/01 19:42:02 PT [2021/06/01 22:42:02 ET]
Table 'Binomi III' 9-max Seat #9 is the button
Seat 1: Dorex2007 ($2.19 in chips) 
Seat 2: Victor151886 ($2.35 in chips) 
Seat 3: qdollars ($2.47 in chips) 
Seat 4: webNicolas2 ($0.89 in chips) 
Seat 5: MSASSANO ($2.09 in chips) 
Seat 6: CPS2017 ($2.65 in chips) 
Seat 7: Benoit1999 ($2 in chips) 
Seat 9: doodles44 ($1.19 in chips) 
Dorex2007: posts small blind $0.01
Victor151886: posts big blind $0.02
PainTownAA: sits out 
*** HOLE CARDS ***
Dealt to Dorex2007 [6h Kd]
qdollars: folds 
webNicolas2: folds 
MSASSANO: folds 
CPS2017: folds 
Benoit1999: folds 
doodles44: folds 
Dorex2007: calls $0.01
Victor151886: checks 
*** FLOP *** [9d 6c Ac]
Dorex2007: checks 
Victor151886: checks 
*** TURN *** [9d 6c Ac] [Ts]
Dorex2007: checks 
Victor151886: checks 
*** RIVER *** [9d 6c Ac Ts] [8h]
Dorex2007: checks 
Victor151886: checks 
*** SHOW DOWN ***
Dorex2007: shows [6h Kd] (a pair of Sixes)
Victor151886: mucks hand 
Dorex2007 collected $0.04 from pot
*** SUMMARY ***
Total pot $0.04 | Rake $0 
Board [9d 6c Ac Ts 8h]
Seat 1: Dorex2007 (small blind) showed [6h Kd] and won ($0.04) with a pair of Sixes
Seat 2: Victor151886 (big blind) mucked [2s Qd]
Seat 3: qdollars folded before Flop (didn't bet)
Seat 4: webNicolas2 folded before Flop (didn't bet)
Seat 5: MSASSANO folded before Flop (didn't bet)
Seat 6: CPS2017 folded before Flop (didn't bet)
Seat 7: Benoit1999 folded before Flop (didn't bet)
Seat 9: doodles44 (button) folded before Flop (didn't bet)



PokerStars Hand #227258018458:  Hold'em No Limit ($0.01/$0.02 USD) - 2021/06/01 19:42:44 PT [2021/06/01 22:42:44 ET]
Table 'Binomi III' 9-max Seat #1 is the button
Seat 1: Dorex2007 ($2.21 in chips) 
Seat 2: Victor151886 ($2.33 in chips) 
Seat 3: qdollars ($2.47 in chips) 
Seat 4: webNicolas2 ($0.89 in chips) 
Seat 5: MSASSANO ($2.09 in chips) 
Seat 6: CPS2017 ($2.65 in chips) 
Seat 7: Benoit1999 ($2 in chips) 
Seat 9: doodles44 ($1.19 in chips) 
Victor151886: posts small blind $0.01
qdollars: posts big blind $0.02
PainTownAA: sits out 
*** HOLE CARDS ***
Dealt to Dorex2007 [3s 3d]
webNicolas2: calls $0.02
MSASSANO: folds 
CPS2017: folds 
Benoit1999: folds 
doodles44: folds 
Dorex2007: calls $0.02
Victor151886: folds 
qdollars: checks 
*** FLOP *** [3c Qs 7h]
qdollars: checks 
webNicolas2: checks 
Dorex2007: bets $0.05
qdollars: folds 
webNicolas2: folds 
Uncalled bet ($0.05) returned to Dorex2007
Dorex2007 collected $0.07 from pot
Dorex2007: doesn't show hand 
*** SUMMARY ***
Total pot $0.07 | Rake $0 
Board [3c Qs 7h]
Seat 1: Dorex2007 (button) collected ($0.07)
Seat 2: Victor151886 (small blind) folded before Flop
Seat 3: qdollars (big blind) folded on the Flop
Seat 4: webNicolas2 folded on the Flop
Seat 5: MSASSANO folded before Flop (didn't bet)
Seat 6: CPS2017 folded before Flop (didn't bet)
Seat 7: Benoit1999 folded before Flop (didn't bet)
Seat 9: doodles44 folded before Flop (didn't bet)



PokerStars Hand #227258025249:  Hold'em No Limit ($0.01/$0.02 USD) - 2021/06/01 19:43:16 PT [2021/06/01 22:43:16 ET]
Table 'Binomi III' 9-max Seat #2 is the button
Seat 1: Dorex2007 ($2.26 in chips) 
Seat 2: Victor151886 ($2.32 in chips) 
Seat 3: qdollars ($2.45 in chips) 
Seat 4: webNicolas2 ($0.87 in chips) 
Seat 5: MSASSANO ($2.09 in chips) 
Seat 6: CPS2017 ($2.65 in chips) 
Seat 7: Benoit1999 ($2 in chips) 
Seat 8: PainTownAA ($2 in chips) 
Seat 9: doodles44 ($1.19 in chips) 
qdollars: posts small blind $0.01
webNicolas2: posts big blind $0.02
PainTownAA: posts big blind $0.02
*** HOLE CARDS ***
Dealt to Dorex2007 [Ad 6c]
MSASSANO: folds 
CPS2017: calls $0.02
Benoit1999: calls $0.02
PainTownAA: raises $0.08 to $0.10
doodles44: folds 
Dorex2007: folds 
Victor151886: folds 
qdollars: folds 
webNicolas2: folds 
CPS2017: calls $0.08
Benoit1999: folds 
*** FLOP *** [7h 4d 5c]
CPS2017: checks 
PainTownAA: bets $0.14
CPS2017: raises $0.14 to $0.28
PainTownAA: raises $1.62 to $1.90 and is all-in
CPS2017: calls $1.62
*** TURN *** [7h 4d 5c] [3d]
*** RIVER *** [7h 4d 5c 3d] [9s]
*** SHOW DOWN ***
CPS2017: shows [9h 9c] (three of a kind, Nines)
PainTownAA: shows [Th Tc] (a pair of Tens)
CPS2017 collected $3.91 from pot
*** SUMMARY ***
Total pot $4.05 | Rake $0.14 
Board [7h 4d 5c 3d 9s]
Seat 1: Dorex2007 folded before Flop (didn't bet)
Seat 2: Victor151886 (button) folded before Flop (didn't bet)
Seat 3: qdollars (small blind) folded before Flop
Seat 4: webNicolas2 (big blind) folded before Flop
Seat 5: MSASSANO folded before Flop (didn't bet)
Seat 6: CPS2017 showed [9h 9c] and won ($3.91) with three of a kind, Nines
Seat 7: Benoit1999 folded before Flop
Seat 8: PainTownAA showed [Th Tc] and lost with a pair of Tens
Seat 9: doodles44 folded before Flop (didn't bet)



PokerStars Hand #227258041249:  Hold'em No Limit ($0.01/$0.02 USD) - 2021/06/01 19:44:30 PT [2021/06/01 22:44:30 ET]
Table 'Binomi III' 9-max Seat #3 is the button
Seat 1: Dorex2007 ($2.26 in chips) 
Seat 2: Victor151886 ($2.32 in chips) 
Seat 3: qdollars ($2.44 in chips) 
Seat 4: webNicolas2 ($0.85 in chips) 
Seat 5: MSASSANO ($2.09 in chips) 
Seat 6: CPS2017 ($4.56 in chips) 
Seat 7: Benoit1999 ($2 in chips) 
Seat 9: doodles44 ($1.19 in chips) 
webNicolas2: posts small blind $0.01
MSASSANO: posts big blind $0.02
*** HOLE CARDS ***
Dealt to Dorex2007 [Qd 3s]
CPS2017: folds 
Benoit1999: folds 
qdollars said, "sick"
doodles44: folds 
Dorex2007: folds 
Victor151886: folds 
qdollars: folds 
webNicolas2: calls $0.01
MSASSANO: raises $0.10 to $0.12
webNicolas2: folds 
Uncalled bet ($0.10) returned to MSASSANO
MSASSANO collected $0.04 from pot
MSASSANO: doesn't show hand 
*** SUMMARY ***
Total pot $0.04 | Rake $0 
Seat 1: Dorex2007 folded before Flop (didn't bet)
Seat 2: Victor151886 folded before Flop (didn't bet)
Seat 3: qdollars (button) folded before Flop (didn't bet)
Seat 4: webNicolas2 (small blind) folded before Flop
Seat 5: MSASSANO (big blind) collected ($0.04)
Seat 6: CPS2017 folded before Flop (didn't bet)
Seat 7: Benoit1999 folded before Flop (didn't bet)
Seat 9: doodles44 folded before Flop (didn't bet)



PokerStars Hand #227258047475:  Hold'em No Limit ($0.01/$0.02 USD) - 2021/06/01 19:44:59 PT [2021/06/01 22:44:59 ET]
Table 'Binomi III' 9-max Seat #4 is the button
Seat 1: Dorex2007 ($2.26 in chips) 
Seat 2: Victor151886 ($2.32 in chips) 
Seat 3: qdollars ($2.44 in chips) 
Seat 4: webNicolas2 ($0.83 in chips) 
Seat 5: MSASSANO ($2.11 in chips) 
Seat 6: CPS2017 ($4.56 in chips) 
Seat 7: Benoit1999 ($2 in chips) 
Seat 8: PainTownAA ($2 in chips) 
Seat 9: doodles44 ($1.19 in chips) 
MSASSANO: posts small blind $0.01
CPS2017: posts big blind $0.02
*** HOLE CARDS ***
Dealt to Dorex2007 [4d Ah]
Benoit1999: folds 
PainTownAA: folds 
doodles44: folds 
Dorex2007: folds 
Benoit1999 leaves the table
Victor151886: folds 
qdollars: folds 
webNicolas2: calls $0.02
MSASSANO: raises $0.06 to $0.08
CPS2017: calls $0.06
Krueger1441 joins the table at seat #7 
webNicolas2: folds 
*** FLOP *** [Td 9c Kd]
MSASSANO: bets $0.07
CPS2017: calls $0.07
*** TURN *** [Td 9c Kd] [4c]
MSASSANO: bets $0.30
CPS2017: calls $0.30
*** RIVER *** [Td 9c Kd 4c] [2s]
MSASSANO: bets $0.67
CPS2017: folds 
Uncalled bet ($0.67) returned to MSASSANO
MSASSANO collected $0.89 from pot
MSASSANO: doesn't show hand 
*** SUMMARY ***
Total pot $0.92 | Rake $0.03 
Board [Td 9c Kd 4c 2s]
Seat 1: Dorex2007 folded before Flop (didn't bet)
Seat 2: Victor151886 folded before Flop (didn't bet)
Seat 3: qdollars folded before Flop (didn't bet)
Seat 4: webNicolas2 (button) folded before Flop
Seat 5: MSASSANO (small blind) collected ($0.89)
Seat 6: CPS2017 (big blind) folded on the River
Seat 7: Benoit1999 folded before Flop (didn't bet)
Seat 8: PainTownAA folded before Flop (didn't bet)
Seat 9: doodles44 folded before Flop (didn't bet)



PokerStars Hand #227258055690:  Hold'em No Limit ($0.01/$0.02 USD) - 2021/06/01 19:45:38 PT [2021/06/01 22:45:38 ET]
Table 'Binomi III' 9-max Seat #5 is the button
Seat 1: Dorex2007 ($2.26 in chips) 
Seat 2: Victor151886 ($2.32 in chips) 
Seat 3: qdollars ($2.44 in chips) 
Seat 4: webNicolas2 ($0.81 in chips) 
Seat 5: MSASSANO ($2.55 in chips) 
Seat 6: CPS2017 ($4.11 in chips) 
Seat 7: Krueger1441 ($2 in chips) 
Seat 8: PainTownAA ($2 in chips) 
Seat 9: doodles44 ($1.19 in chips) 
CPS2017: posts small blind $0.01
Krueger1441: posts big blind $0.02
*** HOLE CARDS ***
Dealt to Dorex2007 [Kd Jh]
PainTownAA: folds 
doodles44: folds 
Dorex2007: folds 
Victor151886: folds 
qdollars: raises $0.02 to $0.04
webNicolas2: calls $0.04
MSASSANO: folds 
CPS2017: calls $0.03
Krueger1441: calls $0.02
*** FLOP *** [Kh Td Ac]
CPS2017: checks 
Krueger1441: checks 
qdollars: checks 
webNicolas2: bets $0.08
CPS2017: calls $0.08
Krueger1441: folds 
qdollars: calls $0.08
*** TURN *** [Kh Td Ac] [4d]
CPS2017: checks 
qdollars: checks 
webNicolas2: checks 
*** RIVER *** [Kh Td Ac 4d] [Ah]
CPS2017: checks 
qdollars: checks 
webNicolas2: checks 
*** SHOW DOWN ***
CPS2017: shows [Tc 8s] (two pair, Aces and Tens)
qdollars: shows [Qh 8h] (a pair of Aces)
webNicolas2: shows [Kc 9s] (two pair, Aces and Kings)
webNicolas2 collected $0.39 from pot
*** SUMMARY ***
Total pot $0.40 | Rake $0.01 
Board [Kh Td Ac 4d Ah]
Seat 1: Dorex2007 folded before Flop (didn't bet)
Seat 2: Victor151886 folded before Flop (didn't bet)
Seat 3: qdollars showed [Qh 8h] and lost with a pair of Aces
Seat 4: webNicolas2 showed [Kc 9s] and won ($0.39) with two pair, Aces and Kings
Seat 5: MSASSANO (button) folded before Flop (didn't bet)
Seat 6: CPS2017 (small blind) showed [Tc 8s] and lost with two pair, Aces and Tens
Seat 7: Krueger1441 (big blind) folded on the Flop
Seat 8: PainTownAA folded before Flop (didn't bet)
Seat 9: doodles44 folded before Flop (didn't bet)



PokerStars Hand #227258081155:  Hold'em No Limit ($0.01/$0.02 USD) - 2021/06/01 19:47:04 PT [2021/06/01 22:47:04 ET]
Table 'Binomi III' 9-max Seat #6 is the button
Seat 1: Dorex2007 ($2.26 in chips) 
Seat 2: Victor151886 ($2.32 in chips) 
Seat 3: qdollars ($2.32 in chips) 
Seat 4: webNicolas2 ($1.08 in chips) 
Seat 5: MSASSANO ($2.55 in chips) 
Seat 6: CPS2017 ($3.99 in chips) 
Seat 7: Krueger1441 ($1.96 in chips) 
Seat 8: PainTownAA ($2 in chips) 
Seat 9: doodles44 ($1.19 in chips) 
Krueger1441: posts small blind $0.01
PainTownAA: posts big blind $0.02
*** HOLE CARDS ***
Dealt to Dorex2007 [4s 4d]
doodles44: folds 
Dorex2007: folds 
Victor151886: folds 
qdollars: folds 
webNicolas2: calls $0.02
MSASSANO: folds 
CPS2017: folds 
Krueger1441: calls $0.01
PainTownAA: raises $0.10 to $0.12
webNicolas2: folds 
Krueger1441: folds 
Uncalled bet ($0.10) returned to PainTownAA
PainTownAA collected $0.06 from pot
*** SUMMARY ***
Total pot $0.06 | Rake $0 
Seat 1: Dorex2007 folded before Flop (didn't bet)
Seat 2: Victor151886 folded before Flop (didn't bet)
Seat 3: qdollars folded before Flop (didn't bet)
Seat 4: webNicolas2 folded before Flop
Seat 5: MSASSANO folded before Flop (didn't bet)
Seat 6: CPS2017 (button) folded before Flop (didn't bet)
Seat 7: Krueger1441 (small blind) folded before Flop
Seat 8: PainTownAA (big blind) collected ($0.06)
Seat 9: doodles44 folded before Flop (didn't bet)



PokerStars Hand #227258088962:  Hold'em No Limit ($0.01/$0.02 USD) - 2021/06/01 19:47:41 PT [2021/06/01 22:47:41 ET]
Table 'Binomi III' 9-max Seat #7 is the button
Seat 1: Dorex2007 ($2.26 in chips) 
Seat 2: Victor151886 ($2.32 in chips) 
Seat 3: qdollars ($2.32 in chips) 
Seat 4: webNicolas2 ($1.06 in chips) 
Seat 5: MSASSANO ($2.55 in chips) 
Seat 6: CPS2017 ($3.99 in chips) 
Seat 7: Krueger1441 ($1.94 in chips) 
Seat 8: PainTownAA ($2.04 in chips) 
Seat 9: doodles44 ($1.19 in chips) 
PainTownAA: posts small blind $0.01
doodles44: posts big blind $0.02
*** HOLE CARDS ***
Dealt to Dorex2007 [2h Jc]
Dorex2007: folds 
Victor151886: raises $0.04 to $0.06
qdollars: folds 
webNicolas2: folds 
MSASSANO: folds 
CPS2017: folds 
Krueger1441: calls $0.06
CPS2017 leaves the table
PainTownAA: raises $0.20 to $0.26
doodles44: folds 
Victor151886: calls $0.20
and now hump joins the table at seat #6 
Krueger1441: folds 
*** FLOP *** [Js 8h Kh]
PainTownAA: bets $0.34
Victor151886: calls $0.34
*** TURN *** [Js 8h Kh] [4s]
PainTownAA: bets $1.44 and is all-in
Victor151886: folds 
Uncalled bet ($1.44) returned to PainTownAA
PainTownAA collected $1.24 from pot
*** SUMMARY ***
Total pot $1.28 | Rake $0.04 
Board [Js 8h Kh 4s]
Seat 1: Dorex2007 folded before Flop (didn't bet)
Seat 2: Victor151886 folded on the Turn
Seat 3: qdollars folded before Flop (didn't bet)
Seat 4: webNicolas2 folded before Flop (didn't bet)
Seat 5: MSASSANO folded before Flop (didn't bet)
Seat 6: CPS2017 folded before Flop (didn't bet)
Seat 7: Krueger1441 (button) folded before Flop
Seat 8: PainTownAA (small blind) collected ($1.24)
Seat 9: doodles44 (big blind) folded before Flop



PokerStars Hand #227258104007:  Hold'em No Limit ($0.01/$0.02 USD) - 2021/06/01 19:48:52 PT [2021/06/01 22:48:52 ET]
Table 'Binomi III' 9-max Seat #8 is the button
Seat 1: Dorex2007 ($2.26 in chips) 
Seat 2: Victor151886 ($2 in chips) 
Seat 3: qdollars ($2.32 in chips) 
Seat 4: webNicolas2 ($1.06 in chips) 
Seat 5: MSASSANO ($2.55 in chips) 
Seat 7: Krueger1441 ($1.88 in chips) 
Seat 8: PainTownAA ($2.68 in chips) 
Seat 9: doodles44 ($1.17 in chips) 
doodles44: posts small blind $0.01
Dorex2007: posts big blind $0.02
and now hump: sits out 
*** HOLE CARDS ***
Dealt to Dorex2007 [2d 2s]
Victor151886: folds 
qdollars: folds 
webNicolas2: folds 
MSASSANO: folds 
Krueger1441: folds 
PainTownAA: raises $0.04 to $0.06
doodles44: folds 
Dorex2007: calls $0.04
*** FLOP *** [7h Ad Td]
Dorex2007: bets $0.09
PainTownAA: folds 
Uncalled bet ($0.09) returned to Dorex2007
Dorex2007 collected $0.13 from pot
Dorex2007: doesn't show hand 
*** SUMMARY ***
Total pot $0.13 | Rake $0 
Board [7h Ad Td]
Seat 1: Dorex2007 (big blind) collected ($0.13)
Seat 2: Victor151886 folded before Flop (didn't bet)
Seat 3: qdollars folded before Flop (didn't bet)
Seat 4: webNicolas2 folded before Flop (didn't bet)
Seat 5: MSASSANO folded before Flop (didn't bet)
Seat 7: Krueger1441 folded before Flop (didn't bet)
Seat 8: PainTownAA (button) folded on the Flop
Seat 9: doodles44 (small blind) folded before Flop



PokerStars Hand #227258112817:  Hold'em No Limit ($0.01/$0.02 USD) - 2021/06/01 19:49:34 PT [2021/06/01 22:49:34 ET]
Table 'Binomi III' 9-max Seat #9 is the button
Seat 1: Dorex2007 ($2.33 in chips) 
Seat 2: Victor151886 ($2 in chips) 
Seat 3: qdollars ($2.32 in chips) 
Seat 4: webNicolas2 ($1.06 in chips) 
Seat 5: MSASSANO ($2.55 in chips) 
Seat 7: Krueger1441 ($1.88 in chips) 
Seat 8: PainTownAA ($2.62 in chips) 
Seat 9: doodles44 ($1.16 in chips) 
Dorex2007: posts small blind $0.01
Victor151886: posts big blind $0.02
and now hump: sits out 
*** HOLE CARDS ***
Dealt to Dorex2007 [5d 8s]
qdollars: folds 
qdollars leaves the table
webNicolas2: folds 
MSASSANO: folds 
Krueger1441: folds 
PainTownAA: raises $0.06 to $0.08
doodles44: folds 
Dorex2007: folds 
Victor151886: calls $0.06
*** FLOP *** [7c Kd Tc]
Victor151886: checks 
PainTownAA: bets $0.10
Victor151886: folds 
Uncalled bet ($0.10) returned to PainTownAA
PainTownAA collected $0.16 from pot
*** SUMMARY ***
Total pot $0.17 | Rake $0.01 
Board [7c Kd Tc]
Seat 1: Dorex2007 (small blind) folded before Flop
Seat 2: Victor151886 (big blind) folded on the Flop
Seat 3: qdollars folded before Flop (didn't bet)
Seat 4: webNicolas2 folded before Flop (didn't bet)
Seat 5: MSASSANO folded before Flop (didn't bet)
Seat 7: Krueger1441 folded before Flop (didn't bet)
Seat 8: PainTownAA collected ($0.16)
Seat 9: doodles44 (button) folded before Flop (didn't bet)



PokerStars Hand #227258122396:  Hold'em No Limit ($0.01/$0.02 USD) - 2021/06/01 19:50:20 PT [2021/06/01 22:50:20 ET]
Table 'Binomi III' 9-max Seat #1 is the button
Seat 1: Dorex2007 ($2.32 in chips) 
Seat 2: Victor151886 ($2 in chips) 
Seat 4: webNicolas2 ($1.06 in chips) 
Seat 5: MSASSANO ($2.55 in chips) 
Seat 7: Krueger1441 ($1.88 in chips) 
Seat 8: PainTownAA ($2.70 in chips) 
Seat 9: doodles44 ($1.16 in chips) 
Victor151886: posts small blind $0.01
webNicolas2: posts big blind $0.02
and now hump: sits out 
*** HOLE CARDS ***
Dealt to Dorex2007 [2h 5s]
MSASSANO: folds 
Krueger1441: raises $0.06 to $0.08
PainTownAA: folds 
doodles44: calls $0.08
Dorex2007: folds 
Victor151886: folds 
braga 360 joins the table at seat #3 
webNicolas2: folds 
*** FLOP *** [6h 4h Qc]
Krueger1441: checks 
doodles44: bets $0.04
Krueger1441: folds 
Uncalled bet ($0.04) returned to doodles44
doodles44 collected $0.18 from pot
doodles44: doesn't show hand 
*** SUMMARY ***
Total pot $0.19 | Rake $0.01 
Board [6h 4h Qc]
Seat 1: Dorex2007 (button) folded before Flop (didn't bet)
Seat 2: Victor151886 (small blind) folded before Flop
Seat 4: webNicolas2 (big blind) folded before Flop
Seat 5: MSASSANO folded before Flop (didn't bet)
Seat 7: Krueger1441 folded on the Flop
Seat 8: PainTownAA folded before Flop (didn't bet)
Seat 9: doodles44 collected ($0.18)



PokerStars Hand #227258131103:  Hold'em No Limit ($0.01/$0.02 USD) - 2021/06/01 19:51:02 PT [2021/06/01 22:51:02 ET]
Table 'Binomi III' 9-max Seat #2 is the button
Seat 1: Dorex2007 ($2.32 in chips) 
Seat 2: Victor151886 ($2 in chips) 
Seat 4: webNicolas2 ($1.04 in chips) 
Seat 5: MSASSANO ($2.55 in chips) 
Seat 7: Krueger1441 ($1.80 in chips) 
Seat 8: PainTownAA ($2.70 in chips) 
Seat 9: doodles44 ($1.26 in chips) 
webNicolas2: posts small blind $0.01
MSASSANO: posts big blind $0.02
and now hump: sits out 
*** HOLE CARDS ***
Dealt to Dorex2007 [5c 3h]
Krueger1441: folds 
PainTownAA: raises $0.02 to $0.04
doodles44: folds 
Dorex2007: folds 
Victor151886: calls $0.04
webNicolas2: folds 
MSASSANO: raises $0.13 to $0.17
PainTownAA: calls $0.13
Dorex2007 said, "Hey PainTown.  Good work felting the guy for $30.00 a while ago. It was fun to watch"
Victor151886: calls $0.13
*** FLOP *** [7c 3s Kh]
MSASSANO: bets $0.42
PainTownAA: folds 
Victor151886: folds 
Uncalled bet ($0.42) returned to MSASSANO
MSASSANO collected $0.50 from pot
MSASSANO: doesn't show hand 
*** SUMMARY ***
Total pot $0.52 | Rake $0.02 
Board [7c 3s Kh]
Seat 1: Dorex2007 folded before Flop (didn't bet)
Seat 2: Victor151886 (button) folded on the Flop
Seat 4: webNicolas2 (small blind) folded before Flop
Seat 5: MSASSANO (big blind) collected ($0.50)
Seat 7: Krueger1441 folded before Flop (didn't bet)
Seat 8: PainTownAA folded on the Flop
Seat 9: doodles44 folded before Flop (didn't bet)



PokerStars Hand #227258141333:  Hold'em No Limit ($0.01/$0.02 USD) - 2021/06/01 19:51:50 PT [2021/06/01 22:51:50 ET]
Table 'Binomi III' 9-max Seat #4 is the button
Seat 1: Dorex2007 ($2.32 in chips) 
Seat 2: Victor151886 ($2 in chips) 
Seat 4: webNicolas2 ($1.03 in chips) 
Seat 5: MSASSANO ($2.88 in chips) 
Seat 6: and now hump ($2 in chips) 
Seat 7: Krueger1441 ($1.80 in chips) 
Seat 8: PainTownAA ($2.53 in chips) 
Seat 9: doodles44 ($1.26 in chips) 
MSASSANO: posts small blind $0.01
and now hump: posts big blind $0.02
braga 360: sits out 
*** HOLE CARDS ***
Dealt to Dorex2007 [4c 5h]
Krueger1441: folds 
PainTownAA: folds 
doodles44: raises $0.04 to $0.06
Dorex2007: folds 
Victor151886: folds 
webNicolas2: calls $0.06
MSASSANO: folds 
and now hump: calls $0.04
*** FLOP *** [2s As Qd]
and now hump: checks 
doodles44: bets $0.04
webNicolas2: raises $0.26 to $0.30
and now hump: folds 
doodles44: calls $0.26
*** TURN *** [2s As Qd] [7h]
doodles44: checks 
webNicolas2: bets $0.67 and is all-in
doodles44: calls $0.67
*** RIVER *** [2s As Qd 7h] [Jc]
*** SHOW DOWN ***
doodles44: shows [Js Ks] (a pair of Jacks)
webNicolas2: shows [Ad 8c] (a pair of Aces)
webNicolas2 collected $2.06 from pot
*** SUMMARY ***
Total pot $2.13 | Rake $0.07 
Board [2s As Qd 7h Jc]
Seat 1: Dorex2007 folded before Flop (didn't bet)
Seat 2: Victor151886 folded before Flop (didn't bet)
Seat 4: webNicolas2 (button) showed [Ad 8c] and won ($2.06) with a pair of Aces
Seat 5: MSASSANO (small blind) folded before Flop
Seat 6: and now hump (big blind) folded on the Flop
Seat 7: Krueger1441 folded before Flop (didn't bet)
Seat 8: PainTownAA folded before Flop (didn't bet)
Seat 9: doodles44 showed [Js Ks] and lost with a pair of Jacks



PokerStars Hand #227258154457:  Hold'em No Limit ($0.01/$0.02 USD) - 2021/06/01 19:52:53 PT [2021/06/01 22:52:53 ET]
Table 'Binomi III' 9-max Seat #5 is the button
Seat 1: Dorex2007 ($2.32 in chips) 
Seat 2: Victor151886 ($2 in chips) 
Seat 4: webNicolas2 ($2.06 in chips) 
Seat 5: MSASSANO ($2.87 in chips) 
Seat 6: and now hump ($2 in chips) 
Seat 7: Krueger1441 ($1.80 in chips) 
Seat 8: PainTownAA ($2.53 in chips) 
Seat 9: doodles44 ($0.23 in chips) 
and now hump: posts small blind $0.01
Krueger1441: posts big blind $0.02
braga 360: sits out 
*** HOLE CARDS ***
Dealt to Dorex2007 [2s Qc]
PainTownAA: folds 
doodles44: folds 
Dorex2007: folds 
Victor151886: folds 
webNicolas2: raises $0.04 to $0.06
MSASSANO: folds 
and now hump: folds 
Krueger1441: folds 
Uncalled bet ($0.04) returned to webNicolas2
webNicolas2 collected $0.05 from pot
webNicolas2: doesn't show hand 
*** SUMMARY ***
Total pot $0.05 | Rake $0 
Seat 1: Dorex2007 folded before Flop (didn't bet)
Seat 2: Victor151886 folded before Flop (didn't bet)
Seat 4: webNicolas2 collected ($0.05)
Seat 5: MSASSANO (button) folded before Flop (didn't bet)
Seat 6: and now hump (small blind) folded before Flop
Seat 7: Krueger1441 (big blind) folded before Flop
Seat 8: PainTownAA folded before Flop (didn't bet)
Seat 9: doodles44 folded before Flop (didn't bet)



PokerStars Hand #227258159119:  Hold'em No Limit ($0.01/$0.02 USD) - 2021/06/01 19:53:16 PT [2021/06/01 22:53:16 ET]
Table 'Binomi III' 9-max Seat #6 is the button
Seat 1: Dorex2007 ($2.32 in chips) 
Seat 2: Victor151886 ($2 in chips) 
Seat 4: webNicolas2 ($2.09 in chips) 
Seat 5: MSASSANO ($2.87 in chips) 
Seat 6: and now hump ($2 in chips) 
Seat 7: Krueger1441 ($1.78 in chips) 
Seat 8: PainTownAA ($2.53 in chips) 
Seat 9: doodles44 ($0.23 in chips) 
Krueger1441: posts small blind $0.01
PainTownAA: posts big blind $0.02
braga 360: sits out 
*** HOLE CARDS ***
Dealt to Dorex2007 [8c Th]
doodles44: raises $0.21 to $0.23 and is all-in
Dorex2007: folds 
Victor151886: folds 
webNicolas2: calls $0.23
MSASSANO: raises $0.39 to $0.62
and now hump: folds 
Krueger1441: folds 
PainTownAA: folds 
webNicolas2: calls $0.39
*** FLOP *** [6s Kd Kc]
webNicolas2: checks 
MSASSANO: bets $0.58
webNicolas2: folds 
Uncalled bet ($0.58) returned to MSASSANO
*** TURN *** [6s Kd Kc] [Ts]
*** RIVER *** [6s Kd Kc Ts] [As]
*** SHOW DOWN ***
MSASSANO: shows [Jd Jh] (two pair, Kings and Jacks)
MSASSANO collected $0.76 from side pot
doodles44: shows [6d Ad] (two pair, Aces and Kings)
doodles44 collected $0.69 from main pot
*** SUMMARY ***
Total pot $1.50 Main pot $0.69. Side pot $0.76. | Rake $0.05 
Board [6s Kd Kc Ts As]
Seat 1: Dorex2007 folded before Flop (didn't bet)
Seat 2: Victor151886 folded before Flop (didn't bet)
Seat 4: webNicolas2 folded on the Flop
Seat 5: MSASSANO showed [Jd Jh] and won ($0.76) with two pair, Kings and Jacks
Seat 6: and now hump (button) folded before Flop (didn't bet)
Seat 7: Krueger1441 (small blind) folded before Flop
Seat 8: PainTownAA (big blind) folded before Flop
Seat 9: doodles44 showed [6d Ad] and won ($0.69) with two pair, Aces and Kings



PokerStars Hand #227258170266:  Hold'em No Limit ($0.01/$0.02 USD) - 2021/06/01 19:54:10 PT [2021/06/01 22:54:10 ET]
Table 'Binomi III' 9-max Seat #7 is the button
Seat 1: Dorex2007 ($2.32 in chips) 
Seat 2: Victor151886 ($2 in chips) 
Seat 4: webNicolas2 ($1.47 in chips) 
Seat 5: MSASSANO ($3.01 in chips) 
Seat 6: and now hump ($2 in chips) 
Seat 7: Krueger1441 ($1.77 in chips) 
Seat 8: PainTownAA ($2.51 in chips) 
Seat 9: doodles44 ($0.69 in chips) 
PainTownAA: posts small blind $0.01
doodles44: posts big blind $0.02
braga 360: sits out 
*** HOLE CARDS ***
Dealt to Dorex2007 [Jc Qs]
Dorex2007: folds 
Victor151886: folds 
webNicolas2: raises $0.04 to $0.06
MSASSANO: folds 
and now hump: folds 
Krueger1441: calls $0.06
PainTownAA: folds 
doodles44: folds 
*** FLOP *** [Qc 7c 9s]
webNicolas2: bets $0.07
Krueger1441: calls $0.07
*** TURN *** [Qc 7c 9s] [Ad]
webNicolas2: bets $0.14
Krueger1441: calls $0.14
*** RIVER *** [Qc 7c 9s Ad] [3c]
webNicolas2: bets $0.55
Krueger1441: calls $0.55
*** SHOW DOWN ***
webNicolas2: shows [Tc Ah] (a pair of Aces)
Krueger1441: mucks hand 
webNicolas2 collected $1.61 from pot
*** SUMMARY ***
Total pot $1.67 | Rake $0.06 
Board [Qc 7c 9s Ad 3c]
Seat 1: Dorex2007 folded before Flop (didn't bet)
Seat 2: Victor151886 folded before Flop (didn't bet)
Seat 4: webNicolas2 showed [Tc Ah] and won ($1.61) with a pair of Aces
Seat 5: MSASSANO folded before Flop (didn't bet)
Seat 6: and now hump folded before Flop (didn't bet)
Seat 7: Krueger1441 (button) mucked [Ac 4s]
Seat 8: PainTownAA (small blind) folded before Flop
Seat 9: doodles44 (big blind) folded before Flop



PokerStars Hand #227258182748:  Hold'em No Limit ($0.01/$0.02 USD) - 2021/06/01 19:55:12 PT [2021/06/01 22:55:12 ET]
Table 'Binomi III' 9-max Seat #8 is the button
Seat 1: Dorex2007 ($2.32 in chips) 
Seat 2: Victor151886 ($2 in chips) 
Seat 4: webNicolas2 ($2.26 in chips) 
Seat 5: MSASSANO ($3.01 in chips) 
Seat 6: and now hump ($2 in chips) 
Seat 7: Krueger1441 ($0.95 in chips) 
Seat 8: PainTownAA ($2.50 in chips) 
Seat 9: doodles44 ($0.67 in chips) 
doodles44: posts small blind $0.01
Dorex2007: posts big blind $0.02
braga 360: sits out 
*** HOLE CARDS ***
Dealt to Dorex2007 [2c 9c]
Victor151886: folds 
webNicolas2: calls $0.02
MSASSANO: folds 
and now hump: folds 
Krueger1441: folds 
PainTownAA: folds 
doodles44: calls $0.01
Dorex2007: checks 
*** FLOP *** [Tc Ac Ts]
doodles44: bets $0.65 and is all-in
Dorex2007: folds 
webNicolas2: folds 
Uncalled bet ($0.65) returned to doodles44
doodles44 collected $0.06 from pot
doodles44: doesn't show hand 
*** SUMMARY ***
Total pot $0.06 | Rake $0 
Board [Tc Ac Ts]
Seat 1: Dorex2007 (big blind) folded on the Flop
Seat 2: Victor151886 folded before Flop (didn't bet)
Seat 4: webNicolas2 folded on the Flop
Seat 5: MSASSANO folded before Flop (didn't bet)
Seat 6: and now hump folded before Flop (didn't bet)
Seat 7: Krueger1441 folded before Flop (didn't bet)
Seat 8: PainTownAA (button) folded before Flop (didn't bet)
Seat 9: doodles44 (small blind) collected ($0.06)



PokerStars Hand #227258198404:  Hold'em No Limit ($0.01/$0.02 USD) - 2021/06/01 19:56:01 PT [2021/06/01 22:56:01 ET]
Table 'Binomi III' 9-max Seat #9 is the button
Seat 1: Dorex2007 ($2.30 in chips) 
Seat 2: Victor151886 ($2 in chips) 
Seat 4: webNicolas2 ($2.24 in chips) 
Seat 5: MSASSANO ($3.01 in chips) 
Seat 6: and now hump ($2 in chips) 
Seat 7: Krueger1441 ($0.95 in chips) 
Seat 8: PainTownAA ($2.50 in chips) 
Seat 9: doodles44 ($0.71 in chips) 
Dorex2007: posts small blind $0.01
Victor151886: posts big blind $0.02
braga 360: sits out 
*** HOLE CARDS ***
Dealt to Dorex2007 [3s 6d]
webNicolas2: folds 
MSASSANO: folds 
and now hump: calls $0.02
Krueger1441: folds 
PainTownAA: folds 
doodles44: raises $0.07 to $0.09
Dorex2007: folds 
Victor151886: folds 
and now hump: folds 
Uncalled bet ($0.07) returned to doodles44
doodles44 collected $0.07 from pot
doodles44: doesn't show hand 
*** SUMMARY ***
Total pot $0.07 | Rake $0 
Seat 1: Dorex2007 (small blind) folded before Flop
Seat 2: Victor151886 (big blind) folded before Flop
Seat 4: webNicolas2 folded before Flop (didn't bet)
Seat 5: MSASSANO folded before Flop (didn't bet)
Seat 6: and now hump folded before Flop
Seat 7: Krueger1441 folded before Flop (didn't bet)
Seat 8: PainTownAA folded before Flop (didn't bet)
Seat 9: doodles44 (button) collected ($0.07)



PokerStars Hand #227258204591:  Hold'em No Limit ($0.01/$0.02 USD) - 2021/06/01 19:56:37 PT [2021/06/01 22:56:37 ET]
Table 'Binomi III' 9-max Seat #1 is the button
Seat 1: Dorex2007 ($2.29 in chips) 
Seat 2: Victor151886 ($2 in chips) 
Seat 3: braga 360 ($2 in chips) 
Seat 4: webNicolas2 ($2.24 in chips) 
Seat 5: MSASSANO ($3.01 in chips) 
Seat 6: and now hump ($2 in chips) 
Seat 7: Krueger1441 ($0.95 in chips) 
Seat 8: PainTownAA ($2.50 in chips) 
Seat 9: doodles44 ($0.76 in chips) 
Victor151886: posts small blind $0.01
braga 360: posts big blind $0.02
*** HOLE CARDS ***
Dealt to Dorex2007 [8d Qd]
webNicolas2: folds 
MSASSANO: folds 
and now hump: folds 
Krueger1441: folds 
PainTownAA: folds 
doodles44: folds 
Dorex2007: calls $0.02
Victor151886: folds 
braga 360: checks 
*** FLOP *** [Kc Jh Ts]
braga 360: checks 
Dorex2007: bets $0.05
braga 360: folds 
Uncalled bet ($0.05) returned to Dorex2007
Dorex2007 collected $0.05 from pot
Dorex2007: doesn't show hand 
*** SUMMARY ***
Total pot $0.05 | Rake $0 
Board [Kc Jh Ts]
Seat 1: Dorex2007 (button) collected ($0.05)
Seat 2: Victor151886 (small blind) folded before Flop
Seat 3: braga 360 (big blind) folded on the Flop
Seat 4: webNicolas2 folded before Flop (didn't bet)
Seat 5: MSASSANO folded before Flop (didn't bet)
Seat 6: and now hump folded before Flop (didn't bet)
Seat 7: Krueger1441 folded before Flop (didn't bet)
Seat 8: PainTownAA folded before Flop (didn't bet)
Seat 9: doodles44 folded before Flop (didn't bet)



PokerStars Hand #227258211437:  Hold'em No Limit ($0.01/$0.02 USD) - 2021/06/01 19:57:17 PT [2021/06/01 22:57:17 ET]
Table 'Binomi III' 9-max Seat #2 is the button
Seat 1: Dorex2007 ($2.32 in chips) 
Seat 2: Victor151886 ($2 in chips) 
Seat 3: braga 360 ($1.98 in chips) 
Seat 4: webNicolas2 ($2.24 in chips) 
Seat 5: MSASSANO ($3.01 in chips) 
Seat 6: and now hump ($2 in chips) 
Seat 7: Krueger1441 ($0.95 in chips) 
Seat 8: PainTownAA ($2.50 in chips) 
Seat 9: doodles44 ($0.76 in chips) 
braga 360: posts small blind $0.01
webNicolas2: posts big blind $0.02
*** HOLE CARDS ***
Dealt to Dorex2007 [6h Th]
MSASSANO: raises $0.04 to $0.06
and now hump: folds 
Krueger1441: calls $0.06
PainTownAA: raises $0.20 to $0.26
doodles44: folds 
Dorex2007: folds 
Victor151886: folds 
braga 360: folds 
webNicolas2: folds 
MSASSANO: folds 
Krueger1441: raises $0.69 to $0.95 and is all-in
PainTownAA: calls $0.69
*** FLOP *** [3s 2d 7h]
*** TURN *** [3s 2d 7h] [Ks]
*** RIVER *** [3s 2d 7h Ks] [4d]
*** SHOW DOWN ***
Krueger1441: shows [9c Ts] (high card King)
PainTownAA: shows [Js Jd] (a pair of Jacks)
PainTownAA collected $1.92 from pot
*** SUMMARY ***
Total pot $1.99 | Rake $0.07 
Board [3s 2d 7h Ks 4d]
Seat 1: Dorex2007 folded before Flop (didn't bet)
Seat 2: Victor151886 (button) folded before Flop (didn't bet)
Seat 3: braga 360 (small blind) folded before Flop
Seat 4: webNicolas2 (big blind) folded before Flop
Seat 5: MSASSANO folded before Flop
Seat 6: and now hump folded before Flop (didn't bet)
Seat 7: Krueger1441 showed [9c Ts] and lost with high card King
Seat 8: PainTownAA showed [Js Jd] and won ($1.92) with a pair of Jacks
Seat 9: doodles44 folded before Flop (didn't bet)



PokerStars Hand #227258219923:  Hold'em No Limit ($0.01/$0.02 USD) - 2021/06/01 19:58:07 PT [2021/06/01 22:58:07 ET]
Table 'Binomi III' 9-max Seat #3 is the button
Seat 1: Dorex2007 ($2.32 in chips) 
Seat 2: Victor151886 ($2 in chips) 
Seat 3: braga 360 ($1.97 in chips) 
Seat 4: webNicolas2 ($2.22 in chips) 
Seat 5: MSASSANO ($2.95 in chips) 
Seat 6: and now hump ($2 in chips) 
Seat 8: PainTownAA ($3.47 in chips) 
Seat 9: doodles44 ($0.76 in chips) 
webNicolas2: posts small blind $0.01
MSASSANO: posts big blind $0.02
*** HOLE CARDS ***
Dealt to Dorex2007 [Kc 2d]
Krueger1441 leaves the table
and now hump: raises $0.04 to $0.06
PainTownAA: folds 
doodles44: folds 
Dorex2007: folds 
Victor151886: folds 
braga 360: folds 
Stefi Corazon joins the table at seat #7 
webNicolas2: raises $0.04 to $0.10
MSASSANO: folds 
and now hump: calls $0.04
*** FLOP *** [8d 4d Ts]
webNicolas2: bets $0.21
and now hump: calls $0.21
*** TURN *** [8d 4d Ts] [Qc]
webNicolas2: bets $1.91 and is all-in
and now hump: calls $1.69 and is all-in
Uncalled bet ($0.22) returned to webNicolas2
*** RIVER *** [8d 4d Ts Qc] [4h]
*** SHOW DOWN ***
webNicolas2: shows [4c 4s] (four of a kind, Fours)
and now hump: shows [Qh Qs] (a full house, Queens full of Fours)
webNicolas2 cashed out the hand for $0.09
and now hump cashed out the hand for $3.75 | Cash Out Fee $0.04
*** SUMMARY ***
Total pot $4.02 | Rake $0.14 
Board [8d 4d Ts Qc 4h]
Seat 1: Dorex2007 folded before Flop (didn't bet)
Seat 2: Victor151886 folded before Flop (didn't bet)
Seat 3: braga 360 (button) folded before Flop (didn't bet)
Seat 4: webNicolas2 (small blind) showed [4c 4s] and won ($3.88) with four of a kind, Fours (pot not awarded as player cashed out)
Seat 5: MSASSANO (big blind) folded before Flop
Seat 6: and now hump showed [Qh Qs] and lost with a full house, Queens full of Fours (cashed out).
Seat 8: PainTownAA folded before Flop (didn't bet)
Seat 9: doodles44 folded before Flop (didn't bet)



PokerStars Hand #227258439349:  Hold'em No Limit ($0.01/$0.02 USD) - 2021/06/01 20:14:22 PT [2021/06/01 23:14:22 ET]
Table 'Binomi III' 9-max Seat #3 is the button
Seat 1: Dorex2007 ($2.32 in chips) 
Seat 3: braga 360 ($1.66 in chips) 
Seat 4: webNicolas2 ($0.97 in chips) 
Seat 7: TimezAreHard ($4.15 in chips) 
Seat 8: PainTownAA ($4.33 in chips) 
Seat 9: ojogador09 ($1.88 in chips) 
webNicolas2: posts small blind $0.01
and now hump: is sitting out 
TimezAreHard: posts big blind $0.02
Dorex2007: posts small & big blinds $0.03
*** HOLE CARDS ***
Dealt to Dorex2007 [6s 8s]
PainTownAA: folds 
ojogador09: folds 
Dorex2007: checks 
braga 360: folds 
webNicolas2: calls $0.01
TimezAreHard: checks 
*** FLOP *** [Js 3d 2d]
webNicolas2: bets $0.07
TimezAreHard: folds 
Dorex2007: folds 
Uncalled bet ($0.07) returned to webNicolas2
webNicolas2 collected $0.07 from pot
webNicolas2: doesn't show hand 
*** SUMMARY ***
Total pot $0.07 | Rake $0 
Board [Js 3d 2d]
Seat 1: Dorex2007 folded on the Flop (didn't bet)
Seat 3: braga 360 (button) folded before Flop (didn't bet)
Seat 4: webNicolas2 (small blind) collected ($0.07)
Seat 7: TimezAreHard (big blind) folded on the Flop
Seat 8: PainTownAA folded before Flop (didn't bet)
Seat 9: ojogador09 folded before Flop (didn't bet)



PokerStars Hand #227258445191:  Hold'em No Limit ($0.01/$0.02 USD) - 2021/06/01 20:14:53 PT [2021/06/01 23:14:53 ET]
Table 'Binomi III' 9-max Seat #4 is the button
Seat 1: Dorex2007 ($2.29 in chips) 
Seat 3: braga 360 ($1.66 in chips) 
Seat 4: webNicolas2 ($1.02 in chips) 
Seat 7: TimezAreHard ($4.13 in chips) 
Seat 8: PainTownAA ($4.33 in chips) 
Seat 9: ojogador09 ($1.88 in chips) 
TimezAreHard: posts small blind $0.01
PainTownAA: posts big blind $0.02
*** HOLE CARDS ***
Dealt to Dorex2007 [2s 4c]
ojogador09: folds 
Dorex2007: folds 
braga 360 has timed out
braga 360: folds 
webNicolas2: raises $0.04 to $0.06
TimezAreHard: calls $0.05
PainTownAA: folds 
*** FLOP *** [8d Ts 7h]
and now hump leaves the table
TimezAreHard: bets $0.14
webNicolas2: calls $0.14
*** TURN *** [8d Ts 7h] [9s]
TimezAreHard: checks 
webNicolas2: checks 
*** RIVER *** [8d Ts 7h 9s] [Jh]
TimezAreHard: checks 
webNicolas2: checks 
*** SHOW DOWN ***
TimezAreHard: shows [Kd Ah] (a straight, Seven to Jack)
webNicolas2: shows [Ac Td] (a straight, Seven to Jack)
TimezAreHard collected $0.21 from pot
webNicolas2 collected $0.20 from pot
*** SUMMARY ***
Total pot $0.42 | Rake $0.01 
Board [8d Ts 7h 9s Jh]
Seat 1: Dorex2007 folded before Flop (didn't bet)
Seat 3: braga 360 folded before Flop (didn't bet)
Seat 4: webNicolas2 (button) showed [Ac Td] and won ($0.20) with a straight, Seven to Jack
Seat 7: TimezAreHard (small blind) showed [Kd Ah] and won ($0.21) with a straight, Seven to Jack
Seat 8: PainTownAA (big blind) folded before Flop
Seat 9: ojogador09 folded before Flop (didn't bet)



PokerStars Hand #227258456599:  Hold'em No Limit ($0.01/$0.02 USD) - 2021/06/01 20:15:52 PT [2021/06/01 23:15:52 ET]
Table 'Binomi III' 9-max Seat #7 is the button
Seat 1: Dorex2007 ($2.29 in chips) 
Seat 4: webNicolas2 ($1.02 in chips) 
Seat 7: TimezAreHard ($4.14 in chips) 
Seat 8: PainTownAA ($4.31 in chips) 
Seat 9: ojogador09 ($1.88 in chips) 
PainTownAA: posts small blind $0.01
ojogador09: posts big blind $0.02
*** HOLE CARDS ***
Dealt to Dorex2007 [Th Jh]
Dorex2007: raises $0.04 to $0.06
webNicolas2: calls $0.06
TimezAreHard: folds 
PainTownAA: calls $0.05
TimezAreHard leaves the table
ojogador09: folds 
*** FLOP *** [Qc 4s 3s]
PainTownAA: checks 
Dorex2007: checks 
webNicolas2: checks 
*** TURN *** [Qc 4s 3s] [Ks]
PainTownAA: checks 
Dorex2007: bets $0.19
webNicolas2: folds 
PainTownAA: folds 
Uncalled bet ($0.19) returned to Dorex2007
Dorex2007 collected $0.19 from pot
Dorex2007: doesn't show hand 
*** SUMMARY ***
Total pot $0.20 | Rake $0.01 
Board [Qc 4s 3s Ks]
Seat 1: Dorex2007 collected ($0.19)
Seat 4: webNicolas2 folded on the Turn
Seat 7: TimezAreHard (button) folded before Flop (didn't bet)
Seat 8: PainTownAA (small blind) folded on the Turn
Seat 9: ojogador09 (big blind) folded before Flop



