PokerStars Hand #227703805161:  Hold'em No Limit ($0.01/$0.02 USD) - 2021/06/19 14:53:46 PT [2021/06/19 17:53:46 ET]
Table 'Senta II' 9-max Seat #5 is the button
Seat 1: Ne0net ($2 in chips) 
Seat 2: Gawrosz23 ($1.98 in chips) 
Seat 3: Morphine12 ($2 in chips) 
Seat 4: Dorex2007 ($2 in chips) 
Seat 5: UbearA ($3.18 in chips) 
Seat 6: N.$(OLEG)$.A ($0.94 in chips) 
Seat 7: ZZZPredator ($1.42 in chips) 
Seat 8: antony240913 ($3.91 in chips) 
Seat 9: B0rz___888 ($1.34 in chips) 
N.$(OLEG)$.A: posts small blind $0.01
ZZZPredator: posts big blind $0.02
Dorex2007: posts big blind $0.02
*** HOLE CARDS ***
Dealt to Dorex2007 [Ac Qs]
antony240913 has timed out
antony240913: folds 
B0rz___888: raises $0.06 to $0.08
Ne0net: folds 
Gawrosz23: folds 
Morphine12: folds 
Dorex2007: calls $0.06
UbearA: folds 
N.$(OLEG)$.A: folds 
ZZZPredator: folds 
*** FLOP *** [Qc 2c Tc]
B0rz___888: bets $0.11
Dorex2007: raises $0.11 to $0.22
B0rz___888: calls $0.11
*** TURN *** [Qc 2c Tc] [Ts]
B0rz___888: checks 
Dorex2007: bets $0.61
B0rz___888: raises $0.43 to $1.04 and is all-in
antony240913 leaves the table
Dorex2007: calls $0.43
*** RIVER *** [Qc 2c Tc Ts] [2d]
*** SHOW DOWN ***
B0rz___888: shows [Ah Qh] (two pair, Queens and Tens)
Dorex2007: shows [Ac Qs] (two pair, Queens and Tens)
B0rz___888 collected $1.31 from pot
Dorex2007 collected $1.31 from pot
*** SUMMARY ***
Total pot $2.71 | Rake $0.09 
Board [Qc 2c Tc Ts 2d]
Seat 1: Ne0net folded before Flop (didn't bet)
Seat 2: Gawrosz23 folded before Flop (didn't bet)
Seat 3: Morphine12 folded before Flop (didn't bet)
Seat 4: Dorex2007 showed [Ac Qs] and won ($1.31) with two pair, Queens and Tens
Seat 5: UbearA (button) folded before Flop (didn't bet)
Seat 6: N.$(OLEG)$.A (small blind) folded before Flop
Seat 7: ZZZPredator (big blind) folded before Flop
Seat 8: antony240913 folded before Flop (didn't bet)
Seat 9: B0rz___888 showed [Ah Qh] and won ($1.31) with two pair, Queens and Tens



PokerStars Hand #227703829953:  Hold'em No Limit ($0.01/$0.02 USD) - 2021/06/19 14:54:48 PT [2021/06/19 17:54:48 ET]
Table 'Senta II' 9-max Seat #6 is the button
Seat 1: Ne0net ($2 in chips) 
Seat 2: Gawrosz23 ($1.98 in chips) 
Seat 3: Morphine12 ($2 in chips) 
Seat 4: Dorex2007 ($1.97 in chips) 
Seat 5: UbearA ($3.18 in chips) 
Seat 6: N.$(OLEG)$.A ($0.93 in chips) 
Seat 7: ZZZPredator ($1.40 in chips) 
Seat 9: B0rz___888 ($1.31 in chips) 
ZZZPredator: posts small blind $0.01
B0rz___888: posts big blind $0.02
*** HOLE CARDS ***
Dealt to Dorex2007 [Ad 9c]
Ne0net: folds 
Gawrosz23: folds 
Morphine12: folds 
Dorex2007: folds 
UbearA: raises $0.02 to $0.04
N.$(OLEG)$.A: calls $0.04
ZZZPredator: calls $0.03
B0rz___888: calls $0.02
*** FLOP *** [2d 3h Qs]
ZZZPredator: checks 
sammysnuggle joins the table at seat #8 
B0rz___888: checks 
UbearA: checks 
N.$(OLEG)$.A: checks 
*** TURN *** [2d 3h Qs] [4s]
ZZZPredator: bets $0.08
B0rz___888: calls $0.08
UbearA: folds 
N.$(OLEG)$.A: folds 
*** RIVER *** [2d 3h Qs 4s] [8s]
ZZZPredator: checks 
B0rz___888: checks 
*** SHOW DOWN ***
ZZZPredator: shows [As 5c] (a straight, Ace to Five)
B0rz___888: mucks hand 
ZZZPredator collected $0.31 from pot
*** SUMMARY ***
Total pot $0.32 | Rake $0.01 
Board [2d 3h Qs 4s 8s]
Seat 1: Ne0net folded before Flop (didn't bet)
Seat 2: Gawrosz23 folded before Flop (didn't bet)
Seat 3: Morphine12 folded before Flop (didn't bet)
Seat 4: Dorex2007 folded before Flop (didn't bet)
Seat 5: UbearA folded on the Turn
Seat 6: N.$(OLEG)$.A (button) folded on the Turn
Seat 7: ZZZPredator (small blind) showed [As 5c] and won ($0.31) with a straight, Ace to Five
Seat 9: B0rz___888 (big blind) mucked [Qd 3d]



PokerStars Hand #227703851326:  Hold'em No Limit ($0.01/$0.02 USD) - 2021/06/19 14:55:52 PT [2021/06/19 17:55:52 ET]
Table 'Senta II' 9-max Seat #7 is the button
Seat 1: Ne0net ($2 in chips) 
Seat 2: Gawrosz23 ($1.98 in chips) 
Seat 3: Morphine12 ($2 in chips) 
Seat 4: Dorex2007 ($1.97 in chips) 
Seat 5: UbearA ($3.14 in chips) 
Seat 6: N.$(OLEG)$.A ($0.89 in chips) 
Seat 7: ZZZPredator ($1.59 in chips) 
Seat 9: B0rz___888 ($1.19 in chips) 
B0rz___888: posts small blind $0.01
Ne0net: posts big blind $0.02
*** HOLE CARDS ***
Dealt to Dorex2007 [6h 7c]
Gawrosz23: folds 
Morphine12: folds 
Dorex2007: folds 
UbearA: raises $0.02 to $0.04
N.$(OLEG)$.A: calls $0.04
ZZZPredator: raises $0.15 to $0.19
B0rz___888: folds 
Ne0net: folds 
UbearA: folds 
N.$(OLEG)$.A: folds 
Uncalled bet ($0.15) returned to ZZZPredator
ZZZPredator collected $0.15 from pot
ZZZPredator: doesn't show hand 
*** SUMMARY ***
Total pot $0.15 | Rake $0 
Seat 1: Ne0net (big blind) folded before Flop
Seat 2: Gawrosz23 folded before Flop (didn't bet)
Seat 3: Morphine12 folded before Flop (didn't bet)
Seat 4: Dorex2007 folded before Flop (didn't bet)
Seat 5: UbearA folded before Flop
Seat 6: N.$(OLEG)$.A folded before Flop
Seat 7: ZZZPredator (button) collected ($0.15)
Seat 9: B0rz___888 (small blind) folded before Flop



PokerStars Hand #227703858202:  Hold'em No Limit ($0.01/$0.02 USD) - 2021/06/19 14:56:14 PT [2021/06/19 17:56:14 ET]
Table 'Senta II' 9-max Seat #9 is the button
Seat 1: Ne0net ($2 in chips) 
Seat 2: Gawrosz23 ($1.98 in chips) 
Seat 3: Morphine12 ($2 in chips) 
Seat 4: Dorex2007 ($1.97 in chips) 
Seat 5: UbearA ($3.10 in chips) 
Seat 6: N.$(OLEG)$.A ($0.85 in chips) 
Seat 7: ZZZPredator ($1.70 in chips) 
Seat 9: B0rz___888 ($1.18 in chips) 
Ne0net: posts small blind $0.01
Gawrosz23: posts big blind $0.02
sammysnuggle: sits out 
*** HOLE CARDS ***
Dealt to Dorex2007 [Jd 9h]
Morphine12: folds 
Dorex2007: folds 
UbearA: folds 
N.$(OLEG)$.A: folds 
ZZZPredator: folds 
B0rz___888: raises $0.04 to $0.06
Ne0net: folds 
Gawrosz23: folds 
Uncalled bet ($0.04) returned to B0rz___888
B0rz___888 collected $0.05 from pot
*** SUMMARY ***
Total pot $0.05 | Rake $0 
Seat 1: Ne0net (small blind) folded before Flop
Seat 2: Gawrosz23 (big blind) folded before Flop
Seat 3: Morphine12 folded before Flop (didn't bet)
Seat 4: Dorex2007 folded before Flop (didn't bet)
Seat 5: UbearA folded before Flop (didn't bet)
Seat 6: N.$(OLEG)$.A folded before Flop (didn't bet)
Seat 7: ZZZPredator folded before Flop (didn't bet)
Seat 9: B0rz___888 (button) collected ($0.05)



PokerStars Hand #227703863606:  Hold'em No Limit ($0.01/$0.02 USD) - 2021/06/19 14:56:32 PT [2021/06/19 17:56:32 ET]
Table 'Senta II' 9-max Seat #1 is the button
Seat 1: Ne0net ($2 in chips) 
Seat 2: Gawrosz23 ($1.96 in chips) 
Seat 3: Morphine12 ($2 in chips) 
Seat 4: Dorex2007 ($1.97 in chips) 
Seat 5: UbearA ($3.10 in chips) 
Seat 6: N.$(OLEG)$.A ($0.85 in chips) 
Seat 7: ZZZPredator ($1.70 in chips) 
Seat 9: B0rz___888 ($1.21 in chips) 
Gawrosz23: posts small blind $0.01
Morphine12: posts big blind $0.02
sammysnuggle: sits out 
*** HOLE CARDS ***
Dealt to Dorex2007 [Qs 2h]
Dorex2007: folds 
UbearA: folds 
N.$(OLEG)$.A: calls $0.02
ZZZPredator: folds 
B0rz___888: folds 
Ne0net: raises $0.07 to $0.09
Gawrosz23: folds 
Morphine12: folds 
N.$(OLEG)$.A: folds 
Uncalled bet ($0.07) returned to Ne0net
Ne0net collected $0.07 from pot
Ne0net: doesn't show hand 
*** SUMMARY ***
Total pot $0.07 | Rake $0 
Seat 1: Ne0net (button) collected ($0.07)
Seat 2: Gawrosz23 (small blind) folded before Flop
Seat 3: Morphine12 (big blind) folded before Flop
Seat 4: Dorex2007 folded before Flop (didn't bet)
Seat 5: UbearA folded before Flop (didn't bet)
Seat 6: N.$(OLEG)$.A folded before Flop
Seat 7: ZZZPredator folded before Flop (didn't bet)
Seat 9: B0rz___888 folded before Flop (didn't bet)



PokerStars Hand #227703868912:  Hold'em No Limit ($0.01/$0.02 USD) - 2021/06/19 14:56:49 PT [2021/06/19 17:56:49 ET]
Table 'Senta II' 9-max Seat #2 is the button
Seat 1: Ne0net ($2.05 in chips) 
Seat 2: Gawrosz23 ($1.95 in chips) 
Seat 3: Morphine12 ($1.98 in chips) 
Seat 4: Dorex2007 ($1.97 in chips) 
Seat 5: UbearA ($3.10 in chips) 
Seat 6: N.$(OLEG)$.A ($0.83 in chips) 
Seat 7: ZZZPredator ($1.70 in chips) 
Seat 9: B0rz___888 ($1.21 in chips) 
Morphine12: posts small blind $0.01
Dorex2007: posts big blind $0.02
sammysnuggle: sits out 
*** HOLE CARDS ***
Dealt to Dorex2007 [8s Kh]
UbearA: folds 
UbearA leaves the table
N.$(OLEG)$.A: folds 
ZZZPredator: folds 
B0rz___888: folds 
Ne0net: folds 
Gawrosz23: folds 
Morphine12: folds 
Uncalled bet ($0.01) returned to Dorex2007
Dorex2007 collected $0.02 from pot
Dorex2007: doesn't show hand 
*** SUMMARY ***
Total pot $0.02 | Rake $0 
Seat 1: Ne0net folded before Flop (didn't bet)
Seat 2: Gawrosz23 (button) folded before Flop (didn't bet)
Seat 3: Morphine12 (small blind) folded before Flop
Seat 4: Dorex2007 (big blind) collected ($0.02)
Seat 5: UbearA folded before Flop (didn't bet)
Seat 6: N.$(OLEG)$.A folded before Flop (didn't bet)
Seat 7: ZZZPredator folded before Flop (didn't bet)
Seat 9: B0rz___888 folded before Flop (didn't bet)



PokerStars Hand #227703873977:  Hold'em No Limit ($0.01/$0.02 USD) - 2021/06/19 14:57:05 PT [2021/06/19 17:57:05 ET]
Table 'Senta II' 9-max Seat #3 is the button
Seat 1: Ne0net ($2.05 in chips) 
Seat 2: Gawrosz23 ($1.95 in chips) 
Seat 3: Morphine12 ($1.97 in chips) 
Seat 4: Dorex2007 ($1.98 in chips) 
Seat 6: N.$(OLEG)$.A ($0.83 in chips) 
Seat 7: ZZZPredator ($1.70 in chips) 
Seat 9: B0rz___888 ($1.21 in chips) 
Dorex2007: posts small blind $0.01
N.$(OLEG)$.A: posts big blind $0.02
sammysnuggle: sits out 
*** HOLE CARDS ***
Dealt to Dorex2007 [Jd 7c]
TM83TNY joins the table at seat #5 
ZZZPredator: folds 
B0rz___888: folds 
Ne0net: folds 
Gawrosz23: folds 
Morphine12: raises $0.02 to $0.04
Dorex2007: folds 
N.$(OLEG)$.A: folds 
Uncalled bet ($0.02) returned to Morphine12
Morphine12 collected $0.05 from pot
*** SUMMARY ***
Total pot $0.05 | Rake $0 
Seat 1: Ne0net folded before Flop (didn't bet)
Seat 2: Gawrosz23 folded before Flop (didn't bet)
Seat 3: Morphine12 (button) collected ($0.05)
Seat 4: Dorex2007 (small blind) folded before Flop
Seat 6: N.$(OLEG)$.A (big blind) folded before Flop
Seat 7: ZZZPredator folded before Flop (didn't bet)
Seat 9: B0rz___888 folded before Flop (didn't bet)



PokerStars Hand #227703881642:  Hold'em No Limit ($0.01/$0.02 USD) - 2021/06/19 14:57:30 PT [2021/06/19 17:57:30 ET]
Table 'Senta II' 9-max Seat #4 is the button
Seat 1: Ne0net ($2.05 in chips) 
Seat 2: Gawrosz23 ($1.95 in chips) 
Seat 3: Morphine12 ($2 in chips) 
Seat 4: Dorex2007 ($1.97 in chips) 
Seat 6: N.$(OLEG)$.A ($0.81 in chips) 
Seat 7: ZZZPredator ($1.70 in chips) 
Seat 9: B0rz___888 ($1.21 in chips) 
N.$(OLEG)$.A: posts small blind $0.01
ZZZPredator: posts big blind $0.02
sammysnuggle: sits out 
*** HOLE CARDS ***
Dealt to Dorex2007 [As 2s]
B0rz___888: folds 
Ne0net: folds 
Gawrosz23: folds 
Morphine12: raises $0.04 to $0.06
Dorex2007: folds 
N.$(OLEG)$.A: folds 
ZZZPredator: folds 
Uncalled bet ($0.04) returned to Morphine12
Morphine12 collected $0.05 from pot
*** SUMMARY ***
Total pot $0.05 | Rake $0 
Seat 1: Ne0net folded before Flop (didn't bet)
Seat 2: Gawrosz23 folded before Flop (didn't bet)
Seat 3: Morphine12 collected ($0.05)
Seat 4: Dorex2007 (button) folded before Flop (didn't bet)
Seat 6: N.$(OLEG)$.A (small blind) folded before Flop
Seat 7: ZZZPredator (big blind) folded before Flop
Seat 9: B0rz___888 folded before Flop (didn't bet)



PokerStars Hand #227703889627:  Hold'em No Limit ($0.01/$0.02 USD) - 2021/06/19 14:57:56 PT [2021/06/19 17:57:56 ET]
Table 'Senta II' 9-max Seat #6 is the button
Seat 1: Ne0net ($2.05 in chips) 
Seat 2: Gawrosz23 ($1.95 in chips) 
Seat 3: Morphine12 ($2.03 in chips) 
Seat 4: Dorex2007 ($1.97 in chips) 
Seat 6: N.$(OLEG)$.A ($0.80 in chips) 
Seat 7: ZZZPredator ($1.68 in chips) 
Seat 8: sammysnuggle ($2 in chips) 
Seat 9: B0rz___888 ($1.21 in chips) 
ZZZPredator: posts small blind $0.01
sammysnuggle: posts big blind $0.02
TM83TNY: sits out 
*** HOLE CARDS ***
Dealt to Dorex2007 [8d Jd]
B0rz___888: folds 
Ne0net: raises $0.04 to $0.06
Gawrosz23: folds 
Morphine12: folds 
Dorex2007: folds 
N.$(OLEG)$.A: folds 
ZZZPredator: folds 
sammysnuggle: folds 
Uncalled bet ($0.04) returned to Ne0net
Ne0net collected $0.05 from pot
Ne0net: doesn't show hand 
*** SUMMARY ***
Total pot $0.05 | Rake $0 
Seat 1: Ne0net collected ($0.05)
Seat 2: Gawrosz23 folded before Flop (didn't bet)
Seat 3: Morphine12 folded before Flop (didn't bet)
Seat 4: Dorex2007 folded before Flop (didn't bet)
Seat 6: N.$(OLEG)$.A (button) folded before Flop (didn't bet)
Seat 7: ZZZPredator (small blind) folded before Flop
Seat 8: sammysnuggle (big blind) folded before Flop
Seat 9: B0rz___888 folded before Flop (didn't bet)



PokerStars Hand #227703897866:  Hold'em No Limit ($0.01/$0.02 USD) - 2021/06/19 14:58:22 PT [2021/06/19 17:58:22 ET]
Table 'Senta II' 9-max Seat #7 is the button
Seat 1: Ne0net ($2.08 in chips) 
Seat 2: Gawrosz23 ($1.95 in chips) 
Seat 3: Morphine12 ($2.03 in chips) 
Seat 4: Dorex2007 ($1.97 in chips) 
Seat 6: N.$(OLEG)$.A ($0.80 in chips) 
Seat 7: ZZZPredator ($1.67 in chips) 
Seat 8: sammysnuggle ($1.98 in chips) 
Seat 9: B0rz___888 ($1.21 in chips) 
sammysnuggle: posts small blind $0.01
B0rz___888: posts big blind $0.02
TM83TNY: sits out 
*** HOLE CARDS ***
Dealt to Dorex2007 [Tc 2s]
Ne0net: folds 
Gawrosz23: folds 
Morphine12: folds 
Dorex2007: folds 
N.$(OLEG)$.A: folds 
ZZZPredator: raises $0.02 to $0.04
sammysnuggle: folds 
B0rz___888: folds 
Uncalled bet ($0.02) returned to ZZZPredator
ZZZPredator collected $0.05 from pot
ZZZPredator: doesn't show hand 
*** SUMMARY ***
Total pot $0.05 | Rake $0 
Seat 1: Ne0net folded before Flop (didn't bet)
Seat 2: Gawrosz23 folded before Flop (didn't bet)
Seat 3: Morphine12 folded before Flop (didn't bet)
Seat 4: Dorex2007 folded before Flop (didn't bet)
Seat 6: N.$(OLEG)$.A folded before Flop (didn't bet)
Seat 7: ZZZPredator (button) collected ($0.05)
Seat 8: sammysnuggle (small blind) folded before Flop
Seat 9: B0rz___888 (big blind) folded before Flop



PokerStars Hand #227703905174:  Hold'em No Limit ($0.01/$0.02 USD) - 2021/06/19 14:58:46 PT [2021/06/19 17:58:46 ET]
Table 'Senta II' 9-max Seat #8 is the button
Seat 1: Ne0net ($2.08 in chips) 
Seat 2: Gawrosz23 ($1.95 in chips) 
Seat 3: Morphine12 ($2.03 in chips) 
Seat 4: Dorex2007 ($1.97 in chips) 
Seat 6: N.$(OLEG)$.A ($0.80 in chips) 
Seat 7: ZZZPredator ($1.70 in chips) 
Seat 8: sammysnuggle ($1.97 in chips) 
Seat 9: B0rz___888 ($1.19 in chips) 
B0rz___888: posts small blind $0.01
Ne0net: posts big blind $0.02
TM83TNY: sits out 
*** HOLE CARDS ***
Dealt to Dorex2007 [Ts 9h]
Gawrosz23: folds 
Morphine12: folds 
Dorex2007: folds 
N.$(OLEG)$.A: calls $0.02
ZZZPredator: folds 
sammysnuggle: folds 
B0rz___888: calls $0.01
Ne0net: checks 
*** FLOP *** [Ac Td 2d]
B0rz___888: checks 
Ne0net: checks 
N.$(OLEG)$.A: checks 
*** TURN *** [Ac Td 2d] [Ah]
B0rz___888: bets $0.02
Ne0net: folds 
N.$(OLEG)$.A: folds 
Uncalled bet ($0.02) returned to B0rz___888
B0rz___888 collected $0.06 from pot
*** SUMMARY ***
Total pot $0.06 | Rake $0 
Board [Ac Td 2d Ah]
Seat 1: Ne0net (big blind) folded on the Turn
Seat 2: Gawrosz23 folded before Flop (didn't bet)
Seat 3: Morphine12 folded before Flop (didn't bet)
Seat 4: Dorex2007 folded before Flop (didn't bet)
Seat 6: N.$(OLEG)$.A folded on the Turn
Seat 7: ZZZPredator folded before Flop (didn't bet)
Seat 8: sammysnuggle (button) folded before Flop (didn't bet)
Seat 9: B0rz___888 (small blind) collected ($0.06)



PokerStars Hand #227703915718:  Hold'em No Limit ($0.01/$0.02 USD) - 2021/06/19 14:59:20 PT [2021/06/19 17:59:20 ET]
Table 'Senta II' 9-max Seat #9 is the button
Seat 1: Ne0net ($2.06 in chips) 
Seat 2: Gawrosz23 ($1.95 in chips) 
Seat 3: Morphine12 ($2.03 in chips) 
Seat 4: Dorex2007 ($1.97 in chips) 
Seat 6: N.$(OLEG)$.A ($0.78 in chips) 
Seat 7: ZZZPredator ($1.70 in chips) 
Seat 8: sammysnuggle ($1.97 in chips) 
Seat 9: B0rz___888 ($1.23 in chips) 
Ne0net: posts small blind $0.01
Gawrosz23: posts big blind $0.02
TM83TNY: sits out 
*** HOLE CARDS ***
Dealt to Dorex2007 [2c Jh]
Morphine12: folds 
Dorex2007: folds 
N.$(OLEG)$.A: folds 
ZZZPredator: folds 
sammysnuggle: folds 
B0rz___888: raises $0.04 to $0.06
Ne0net: folds 
Gawrosz23: folds 
Uncalled bet ($0.04) returned to B0rz___888
B0rz___888 collected $0.05 from pot
*** SUMMARY ***
Total pot $0.05 | Rake $0 
Seat 1: Ne0net (small blind) folded before Flop
Seat 2: Gawrosz23 (big blind) folded before Flop
Seat 3: Morphine12 folded before Flop (didn't bet)
Seat 4: Dorex2007 folded before Flop (didn't bet)
Seat 6: N.$(OLEG)$.A folded before Flop (didn't bet)
Seat 7: ZZZPredator folded before Flop (didn't bet)
Seat 8: sammysnuggle folded before Flop (didn't bet)
Seat 9: B0rz___888 (button) collected ($0.05)



PokerStars Hand #227703923759:  Hold'em No Limit ($0.01/$0.02 USD) - 2021/06/19 14:59:46 PT [2021/06/19 17:59:46 ET]
Table 'Senta II' 9-max Seat #1 is the button
Seat 1: Ne0net ($2.05 in chips) 
Seat 2: Gawrosz23 ($1.93 in chips) 
Seat 3: Morphine12 ($2.03 in chips) 
Seat 4: Dorex2007 ($1.97 in chips) 
Seat 6: N.$(OLEG)$.A ($0.78 in chips) 
Seat 7: ZZZPredator ($1.70 in chips) 
Seat 8: sammysnuggle ($1.97 in chips) 
Seat 9: B0rz___888 ($1.26 in chips) 
Gawrosz23: posts small blind $0.01
Morphine12: posts big blind $0.02
TM83TNY: sits out 
*** HOLE CARDS ***
Dealt to Dorex2007 [8h 5d]
Dorex2007: folds 
N.$(OLEG)$.A: folds 
ZZZPredator: calls $0.02
sammysnuggle: folds 
B0rz___888: raises $0.06 to $0.08
Ne0net: folds 
Gawrosz23: folds 
Morphine12: folds 
ZZZPredator: calls $0.06
*** FLOP *** [Qh 7h 9c]
ZZZPredator: checks 
B0rz___888: checks 
*** TURN *** [Qh 7h 9c] [2c]
ZZZPredator: bets $0.09
B0rz___888: folds 
Uncalled bet ($0.09) returned to ZZZPredator
ZZZPredator collected $0.18 from pot
ZZZPredator: doesn't show hand 
*** SUMMARY ***
Total pot $0.19 | Rake $0.01 
Board [Qh 7h 9c 2c]
Seat 1: Ne0net (button) folded before Flop (didn't bet)
Seat 2: Gawrosz23 (small blind) folded before Flop
Seat 3: Morphine12 (big blind) folded before Flop
Seat 4: Dorex2007 folded before Flop (didn't bet)
Seat 6: N.$(OLEG)$.A folded before Flop (didn't bet)
Seat 7: ZZZPredator collected ($0.18)
Seat 8: sammysnuggle folded before Flop (didn't bet)
Seat 9: B0rz___888 folded on the Turn



PokerStars Hand #227703935184:  Hold'em No Limit ($0.01/$0.02 USD) - 2021/06/19 15:00:22 PT [2021/06/19 18:00:22 ET]
Table 'Senta II' 9-max Seat #2 is the button
Seat 1: Ne0net ($2.05 in chips) 
Seat 2: Gawrosz23 ($1.92 in chips) 
Seat 3: Morphine12 ($2.01 in chips) 
Seat 4: Dorex2007 ($1.97 in chips) 
Seat 6: N.$(OLEG)$.A ($0.78 in chips) 
Seat 7: ZZZPredator ($1.80 in chips) 
Seat 8: sammysnuggle ($1.97 in chips) 
Seat 9: B0rz___888 ($1.18 in chips) 
Morphine12: posts small blind $0.01
Dorex2007: posts big blind $0.02
TM83TNY: sits out 
*** HOLE CARDS ***
Dealt to Dorex2007 [Qh 6d]
N.$(OLEG)$.A: calls $0.02
ZZZPredator: folds 
sammysnuggle: folds 
B0rz___888: raises $0.04 to $0.06
Ne0net: folds 
Gawrosz23: folds 
Morphine12: folds 
Dorex2007: folds 
N.$(OLEG)$.A: calls $0.04
*** FLOP *** [7c 4h 6h]
N.$(OLEG)$.A: checks 
B0rz___888: checks 
*** TURN *** [7c 4h 6h] [4c]
N.$(OLEG)$.A: bets $0.04
B0rz___888: calls $0.04
*** RIVER *** [7c 4h 6h 4c] [3s]
N.$(OLEG)$.A: bets $0.34
B0rz___888: folds 
Uncalled bet ($0.34) returned to N.$(OLEG)$.A
N.$(OLEG)$.A collected $0.22 from pot
N.$(OLEG)$.A: doesn't show hand 
*** SUMMARY ***
Total pot $0.23 | Rake $0.01 
Board [7c 4h 6h 4c 3s]
Seat 1: Ne0net folded before Flop (didn't bet)
Seat 2: Gawrosz23 (button) folded before Flop (didn't bet)
Seat 3: Morphine12 (small blind) folded before Flop
Seat 4: Dorex2007 (big blind) folded before Flop
Seat 6: N.$(OLEG)$.A collected ($0.22)
Seat 7: ZZZPredator folded before Flop (didn't bet)
Seat 8: sammysnuggle folded before Flop (didn't bet)
Seat 9: B0rz___888 folded on the River



PokerStars Hand #227703953752:  Hold'em No Limit ($0.01/$0.02 USD) - 2021/06/19 15:01:17 PT [2021/06/19 18:01:17 ET]
Table 'Senta II' 9-max Seat #3 is the button
Seat 1: Ne0net ($2.05 in chips) 
Seat 2: Gawrosz23 ($1.92 in chips) 
Seat 3: Morphine12 ($2 in chips) 
Seat 4: Dorex2007 ($1.95 in chips) 
Seat 5: TM83TNY ($2 in chips) 
Seat 6: N.$(OLEG)$.A ($0.90 in chips) 
Seat 7: ZZZPredator ($1.80 in chips) 
Seat 8: sammysnuggle ($1.97 in chips) 
Seat 9: B0rz___888 ($1.08 in chips) 
Dorex2007: posts small blind $0.01
TM83TNY: posts big blind $0.02
*** HOLE CARDS ***
Dealt to Dorex2007 [8s 7c]
N.$(OLEG)$.A: raises $0.02 to $0.04
ZZZPredator: folds 
sammysnuggle: folds 
B0rz___888: folds 
Ne0net: folds 
Gawrosz23: calls $0.04
Morphine12: folds 
Dorex2007: folds 
TM83TNY: folds 
*** FLOP *** [7d 5s Jh]
N.$(OLEG)$.A: checks 
Gawrosz23: checks 
*** TURN *** [7d 5s Jh] [Jc]
N.$(OLEG)$.A: checks 
Gawrosz23: checks 
*** RIVER *** [7d 5s Jh Jc] [Th]
N.$(OLEG)$.A: checks 
Gawrosz23: checks 
*** SHOW DOWN ***
N.$(OLEG)$.A: shows [Qs Ah] (a pair of Jacks)
Gawrosz23: shows [6s 6h] (two pair, Jacks and Sixes)
Gawrosz23 collected $0.11 from pot
*** SUMMARY ***
Total pot $0.11 | Rake $0 
Board [7d 5s Jh Jc Th]
Seat 1: Ne0net folded before Flop (didn't bet)
Seat 2: Gawrosz23 showed [6s 6h] and won ($0.11) with two pair, Jacks and Sixes
Seat 3: Morphine12 (button) folded before Flop (didn't bet)
Seat 4: Dorex2007 (small blind) folded before Flop
Seat 5: TM83TNY (big blind) folded before Flop
Seat 6: N.$(OLEG)$.A showed [Qs Ah] and lost with a pair of Jacks
Seat 7: ZZZPredator folded before Flop (didn't bet)
Seat 8: sammysnuggle folded before Flop (didn't bet)
Seat 9: B0rz___888 folded before Flop (didn't bet)



PokerStars Hand #227703967752:  Hold'em No Limit ($0.01/$0.02 USD) - 2021/06/19 15:01:55 PT [2021/06/19 18:01:55 ET]
Table 'Senta II' 9-max Seat #4 is the button
Seat 1: Ne0net ($2.05 in chips) 
Seat 2: Gawrosz23 ($1.99 in chips) 
Seat 3: Morphine12 ($2 in chips) 
Seat 4: Dorex2007 ($1.94 in chips) 
Seat 5: TM83TNY ($2 in chips) 
Seat 6: N.$(OLEG)$.A ($0.86 in chips) 
Seat 7: ZZZPredator ($1.80 in chips) 
Seat 8: sammysnuggle ($1.97 in chips) 
Seat 9: B0rz___888 ($1.08 in chips) 
TM83TNY: posts small blind $0.01
N.$(OLEG)$.A: posts big blind $0.02
*** HOLE CARDS ***
Dealt to Dorex2007 [Kc 2h]
ZZZPredator has timed out
ZZZPredator: folds 
sammysnuggle: folds 
B0rz___888: folds 
Ne0net: folds 
Gawrosz23: folds 
Morphine12: folds 
Dorex2007: folds 
TM83TNY: folds 
Uncalled bet ($0.01) returned to N.$(OLEG)$.A
N.$(OLEG)$.A collected $0.02 from pot
N.$(OLEG)$.A: doesn't show hand 
*** SUMMARY ***
Total pot $0.02 | Rake $0 
Seat 1: Ne0net folded before Flop (didn't bet)
Seat 2: Gawrosz23 folded before Flop (didn't bet)
Seat 3: Morphine12 folded before Flop (didn't bet)
Seat 4: Dorex2007 (button) folded before Flop (didn't bet)
Seat 5: TM83TNY (small blind) folded before Flop
Seat 6: N.$(OLEG)$.A (big blind) collected ($0.02)
Seat 7: ZZZPredator folded before Flop (didn't bet)
Seat 8: sammysnuggle folded before Flop (didn't bet)
Seat 9: B0rz___888 folded before Flop (didn't bet)



PokerStars Hand #227703977912:  Hold'em No Limit ($0.01/$0.02 USD) - 2021/06/19 15:02:21 PT [2021/06/19 18:02:21 ET]
Table 'Senta II' 9-max Seat #5 is the button
Seat 1: Ne0net ($2.05 in chips) 
Seat 2: Gawrosz23 ($1.99 in chips) 
Seat 3: Morphine12 ($2 in chips) 
Seat 4: Dorex2007 ($1.94 in chips) 
Seat 5: TM83TNY ($2 in chips) 
Seat 6: N.$(OLEG)$.A ($0.87 in chips) 
Seat 8: sammysnuggle ($1.97 in chips) 
Seat 9: B0rz___888 ($1.08 in chips) 
N.$(OLEG)$.A: posts small blind $0.01
sammysnuggle: posts big blind $0.02
*** HOLE CARDS ***
Dealt to Dorex2007 [5d 5c]
B0rz___888: folds 
Ne0net: raises $0.04 to $0.06
Gawrosz23: folds 
Morphine12: folds 
Dorex2007: calls $0.06
TM83TNY: folds 
N.$(OLEG)$.A: folds 
sammysnuggle: folds 
*** FLOP *** [3s 7c 3c]
Ne0net: bets $0.06
Dorex2007: calls $0.06
*** TURN *** [3s 7c 3c] [5s]
Ne0net: bets $0.14
Dorex2007: calls $0.14
*** RIVER *** [3s 7c 3c 5s] [8d]
Ne0net: checks 
Dorex2007: bets $0.27
Ne0net: calls $0.27
*** SHOW DOWN ***
Dorex2007: shows [5d 5c] (a full house, Fives full of Threes)
Ne0net: mucks hand 
Dorex2007 collected $1.05 from pot
*** SUMMARY ***
Total pot $1.09 | Rake $0.04 
Board [3s 7c 3c 5s 8d]
Seat 1: Ne0net mucked [Jd Js]
Seat 2: Gawrosz23 folded before Flop (didn't bet)
Seat 3: Morphine12 folded before Flop (didn't bet)
Seat 4: Dorex2007 showed [5d 5c] and won ($1.05) with a full house, Fives full of Threes
Seat 5: TM83TNY (button) folded before Flop (didn't bet)
Seat 6: N.$(OLEG)$.A (small blind) folded before Flop
Seat 8: sammysnuggle (big blind) folded before Flop
Seat 9: B0rz___888 folded before Flop (didn't bet)



PokerStars Hand #227704010361:  Hold'em No Limit ($0.01/$0.02 USD) - 2021/06/19 15:03:40 PT [2021/06/19 18:03:40 ET]
Table 'Senta II' 9-max Seat #6 is the button
Seat 1: Ne0net ($2 in chips) 
Seat 2: Gawrosz23 ($1.99 in chips) 
Seat 3: Morphine12 ($2 in chips) 
Seat 4: Dorex2007 ($2.46 in chips) 
Seat 5: TM83TNY ($2 in chips) 
Seat 6: N.$(OLEG)$.A ($0.86 in chips) 
Seat 8: sammysnuggle ($1.95 in chips) 
Seat 9: B0rz___888 ($1.08 in chips) 
sammysnuggle: posts small blind $0.01
B0rz___888: posts big blind $0.02
*** HOLE CARDS ***
Dealt to Dorex2007 [Ts 6s]
Ne0net: raises $0.04 to $0.06
ZZZPredator leaves the table
Gawrosz23: folds 
Morphine12: folds 
Dorex2007: folds 
TM83TNY: folds 
N.$(OLEG)$.A: folds 
sammysnuggle: calls $0.05
B0rz___888: calls $0.04
*** FLOP *** [4c Td 2s]
sammysnuggle: checks 
B0rz___888: bets $0.10
Ne0net: calls $0.10
BUKOVYNEC joins the table at seat #7 
sammysnuggle: folds 
*** TURN *** [4c Td 2s] [Ks]
B0rz___888: bets $0.30
Ne0net: folds 
Uncalled bet ($0.30) returned to B0rz___888
B0rz___888 collected $0.37 from pot
*** SUMMARY ***
Total pot $0.38 | Rake $0.01 
Board [4c Td 2s Ks]
Seat 1: Ne0net folded on the Turn
Seat 2: Gawrosz23 folded before Flop (didn't bet)
Seat 3: Morphine12 folded before Flop (didn't bet)
Seat 4: Dorex2007 folded before Flop (didn't bet)
Seat 5: TM83TNY folded before Flop (didn't bet)
Seat 6: N.$(OLEG)$.A (button) folded before Flop (didn't bet)
Seat 8: sammysnuggle (small blind) folded on the Flop
Seat 9: B0rz___888 (big blind) collected ($0.37)



PokerStars Hand #227704038669:  Hold'em No Limit ($0.01/$0.02 USD) - 2021/06/19 15:04:52 PT [2021/06/19 18:04:52 ET]
Table 'Senta II' 9-max Seat #8 is the button
Seat 1: Ne0net ($2 in chips) 
Seat 2: Gawrosz23 ($1.99 in chips) 
Seat 3: Morphine12 ($2 in chips) 
Seat 4: Dorex2007 ($2.46 in chips) 
Seat 5: TM83TNY ($2 in chips) 
Seat 6: N.$(OLEG)$.A ($0.86 in chips) 
Seat 7: BUKOVYNEC ($2 in chips) 
Seat 8: sammysnuggle ($1.89 in chips) 
Seat 9: B0rz___888 ($1.29 in chips) 
B0rz___888: posts small blind $0.01
Ne0net: posts big blind $0.02
BUKOVYNEC: posts big blind $0.02
*** HOLE CARDS ***
Dealt to Dorex2007 [7c 5c]
Gawrosz23: folds 
Morphine12: folds 
Dorex2007: folds 
TM83TNY: folds 
N.$(OLEG)$.A: folds 
BUKOVYNEC: raises $0.04 to $0.06
sammysnuggle: folds 
B0rz___888: folds 
Ne0net: folds 
Uncalled bet ($0.04) returned to BUKOVYNEC
BUKOVYNEC collected $0.05 from pot
BUKOVYNEC: doesn't show hand 
*** SUMMARY ***
Total pot $0.05 | Rake $0 
Seat 1: Ne0net (big blind) folded before Flop
Seat 2: Gawrosz23 folded before Flop (didn't bet)
Seat 3: Morphine12 folded before Flop (didn't bet)
Seat 4: Dorex2007 folded before Flop (didn't bet)
Seat 5: TM83TNY folded before Flop (didn't bet)
Seat 6: N.$(OLEG)$.A folded before Flop (didn't bet)
Seat 7: BUKOVYNEC collected ($0.05)
Seat 8: sammysnuggle (button) folded before Flop (didn't bet)
Seat 9: B0rz___888 (small blind) folded before Flop



PokerStars Hand #227704056603:  Hold'em No Limit ($0.01/$0.02 USD) - 2021/06/19 15:05:19 PT [2021/06/19 18:05:19 ET]
Table 'Senta II' 9-max Seat #9 is the button
Seat 1: Ne0net ($2 in chips) 
Seat 2: Gawrosz23 ($1.99 in chips) 
Seat 3: Morphine12 ($2 in chips) 
Seat 4: Dorex2007 ($2.46 in chips) 
Seat 5: TM83TNY ($2 in chips) 
Seat 6: N.$(OLEG)$.A ($0.86 in chips) 
Seat 7: BUKOVYNEC ($2.03 in chips) 
Seat 8: sammysnuggle ($1.89 in chips) 
Seat 9: B0rz___888 ($1.28 in chips) 
Ne0net: posts small blind $0.01
Gawrosz23: posts big blind $0.02
*** HOLE CARDS ***
Dealt to Dorex2007 [4c Th]
Morphine12: raises $0.02 to $0.04
Dorex2007: folds 
TM83TNY: folds 
N.$(OLEG)$.A: folds 
BUKOVYNEC: calls $0.04
sammysnuggle: folds 
B0rz___888: calls $0.04
Ne0net: calls $0.03
Gawrosz23: folds 
*** FLOP *** [2c 5d 5s]
Ne0net: checks 
Morphine12: checks 
BUKOVYNEC: checks 
B0rz___888: checks 
*** TURN *** [2c 5d 5s] [Js]
Ne0net: checks 
Morphine12: bets $0.04
BUKOVYNEC: folds 
B0rz___888: calls $0.04
Ne0net: folds 
*** RIVER *** [2c 5d 5s Js] [Kc]
Morphine12: checks 
B0rz___888: checks 
*** SHOW DOWN ***
Morphine12: shows [As 3s] (a pair of Fives)
B0rz___888: mucks hand 
Morphine12 collected $0.25 from pot
*** SUMMARY ***
Total pot $0.26 | Rake $0.01 
Board [2c 5d 5s Js Kc]
Seat 1: Ne0net (small blind) folded on the Turn
Seat 2: Gawrosz23 (big blind) folded before Flop
Seat 3: Morphine12 showed [As 3s] and won ($0.25) with a pair of Fives
Seat 4: Dorex2007 folded before Flop (didn't bet)
Seat 5: TM83TNY folded before Flop (didn't bet)
Seat 6: N.$(OLEG)$.A folded before Flop (didn't bet)
Seat 7: BUKOVYNEC folded on the Turn
Seat 8: sammysnuggle folded before Flop (didn't bet)
Seat 9: B0rz___888 (button) mucked [3d 4d]



PokerStars Hand #227704086214:  Hold'em No Limit ($0.01/$0.02 USD) - 2021/06/19 15:06:35 PT [2021/06/19 18:06:35 ET]
Table 'Senta II' 9-max Seat #1 is the button
Seat 1: Ne0net ($2 in chips) 
Seat 2: Gawrosz23 ($1.97 in chips) 
Seat 3: Morphine12 ($2.17 in chips) 
Seat 4: Dorex2007 ($2.46 in chips) 
Seat 5: TM83TNY ($2 in chips) 
Seat 6: N.$(OLEG)$.A ($0.86 in chips) 
Seat 7: BUKOVYNEC ($2 in chips) 
Seat 8: sammysnuggle ($1.89 in chips) 
Seat 9: B0rz___888 ($1.20 in chips) 
Gawrosz23: posts small blind $0.01
Morphine12: posts big blind $0.02
*** HOLE CARDS ***
Dealt to Dorex2007 [Kc 8h]
Dorex2007: folds 
TM83TNY: raises $0.06 to $0.08
N.$(OLEG)$.A: folds 
BUKOVYNEC: calls $0.08
sammysnuggle: folds 
B0rz___888: folds 
Ne0net: folds 
Gawrosz23: folds 
Morphine12: folds 
*** FLOP *** [Td 9c Kh]
TM83TNY: bets $0.10
BUKOVYNEC: calls $0.10
*** TURN *** [Td 9c Kh] [4h]
TM83TNY: bets $0.52
BUKOVYNEC: folds 
Uncalled bet ($0.52) returned to TM83TNY
TM83TNY collected $0.38 from pot
TM83TNY: doesn't show hand 
*** SUMMARY ***
Total pot $0.39 | Rake $0.01 
Board [Td 9c Kh 4h]
Seat 1: Ne0net (button) folded before Flop (didn't bet)
Seat 2: Gawrosz23 (small blind) folded before Flop
Seat 3: Morphine12 (big blind) folded before Flop
Seat 4: Dorex2007 folded before Flop (didn't bet)
Seat 5: TM83TNY collected ($0.38)
Seat 6: N.$(OLEG)$.A folded before Flop (didn't bet)
Seat 7: BUKOVYNEC folded on the Turn
Seat 8: sammysnuggle folded before Flop (didn't bet)
Seat 9: B0rz___888 folded before Flop (didn't bet)



PokerStars Hand #227704100490:  Hold'em No Limit ($0.01/$0.02 USD) - 2021/06/19 15:07:12 PT [2021/06/19 18:07:12 ET]
Table 'Senta II' 9-max Seat #2 is the button
Seat 1: Ne0net ($2 in chips) 
Seat 2: Gawrosz23 ($1.96 in chips) 
Seat 3: Morphine12 ($2.15 in chips) 
Seat 4: Dorex2007 ($2.46 in chips) 
Seat 5: TM83TNY ($2.20 in chips) 
Seat 6: N.$(OLEG)$.A ($0.86 in chips) 
Seat 7: BUKOVYNEC ($2 in chips) 
Seat 8: sammysnuggle ($1.89 in chips) 
Seat 9: B0rz___888 ($1.20 in chips) 
Morphine12: posts small blind $0.01
Dorex2007: posts big blind $0.02
*** HOLE CARDS ***
Dealt to Dorex2007 [2s Kd]
TM83TNY: folds 
N.$(OLEG)$.A: folds 
BUKOVYNEC: raises $0.04 to $0.06
sammysnuggle: folds 
B0rz___888: calls $0.06
Ne0net: calls $0.06
Gawrosz23: folds 
Morphine12: folds 
Dorex2007: folds 
*** FLOP *** [6h Ad Qh]
BUKOVYNEC: checks 
B0rz___888: checks 
Ne0net: bets $0.08
BUKOVYNEC: folds 
B0rz___888: folds 
Uncalled bet ($0.08) returned to Ne0net
Ne0net collected $0.20 from pot
Ne0net: doesn't show hand 
*** SUMMARY ***
Total pot $0.21 | Rake $0.01 
Board [6h Ad Qh]
Seat 1: Ne0net collected ($0.20)
Seat 2: Gawrosz23 (button) folded before Flop (didn't bet)
Seat 3: Morphine12 (small blind) folded before Flop
Seat 4: Dorex2007 (big blind) folded before Flop
Seat 5: TM83TNY folded before Flop (didn't bet)
Seat 6: N.$(OLEG)$.A folded before Flop (didn't bet)
Seat 7: BUKOVYNEC folded on the Flop
Seat 8: sammysnuggle folded before Flop (didn't bet)
Seat 9: B0rz___888 folded on the Flop



PokerStars Hand #227704119018:  Hold'em No Limit ($0.01/$0.02 USD) - 2021/06/19 15:08:00 PT [2021/06/19 18:08:00 ET]
Table 'Senta II' 9-max Seat #3 is the button
Seat 1: Ne0net ($2.14 in chips) 
Seat 2: Gawrosz23 ($1.96 in chips) 
Seat 3: Morphine12 ($2.14 in chips) 
Seat 4: Dorex2007 ($2.44 in chips) 
Seat 5: TM83TNY ($2.20 in chips) 
Seat 6: N.$(OLEG)$.A ($0.86 in chips) 
Seat 7: BUKOVYNEC ($2 in chips) 
Seat 8: sammysnuggle ($1.89 in chips) 
Seat 9: B0rz___888 ($1.14 in chips) 
Dorex2007: posts small blind $0.01
TM83TNY: posts big blind $0.02
*** HOLE CARDS ***
Dealt to Dorex2007 [4h Kh]
N.$(OLEG)$.A: folds 
BUKOVYNEC: folds 
sammysnuggle: folds 
B0rz___888: folds 
Ne0net: folds 
Gawrosz23: folds 
Morphine12: raises $0.02 to $0.04
Dorex2007: folds 
TM83TNY: folds 
Uncalled bet ($0.02) returned to Morphine12
Morphine12 collected $0.05 from pot
*** SUMMARY ***
Total pot $0.05 | Rake $0 
Seat 1: Ne0net folded before Flop (didn't bet)
Seat 2: Gawrosz23 folded before Flop (didn't bet)
Seat 3: Morphine12 (button) collected ($0.05)
Seat 4: Dorex2007 (small blind) folded before Flop
Seat 5: TM83TNY (big blind) folded before Flop
Seat 6: N.$(OLEG)$.A folded before Flop (didn't bet)
Seat 7: BUKOVYNEC folded before Flop (didn't bet)
Seat 8: sammysnuggle folded before Flop (didn't bet)
Seat 9: B0rz___888 folded before Flop (didn't bet)



PokerStars Hand #227704131382:  Hold'em No Limit ($0.01/$0.02 USD) - 2021/06/19 15:08:32 PT [2021/06/19 18:08:32 ET]
Table 'Senta II' 9-max Seat #4 is the button
Seat 1: Ne0net ($2.14 in chips) 
Seat 2: Gawrosz23 ($1.96 in chips) 
Seat 3: Morphine12 ($2.17 in chips) 
Seat 4: Dorex2007 ($2.43 in chips) 
Seat 5: TM83TNY ($2.18 in chips) 
Seat 6: N.$(OLEG)$.A ($0.86 in chips) 
Seat 7: BUKOVYNEC ($2 in chips) 
Seat 8: sammysnuggle ($1.89 in chips) 
Seat 9: B0rz___888 ($1.14 in chips) 
TM83TNY: posts small blind $0.01
N.$(OLEG)$.A: posts big blind $0.02
*** HOLE CARDS ***
Dealt to Dorex2007 [8h 5h]
BUKOVYNEC: folds 
sammysnuggle: calls $0.02
B0rz___888: folds 
Ne0net: folds 
Gawrosz23: folds 
Morphine12: folds 
Dorex2007: calls $0.02
TM83TNY: folds 
N.$(OLEG)$.A: checks 
*** FLOP *** [4h 9c 3d]
N.$(OLEG)$.A: checks 
sammysnuggle: bets $0.06
Dorex2007: folds 
N.$(OLEG)$.A: folds 
Uncalled bet ($0.06) returned to sammysnuggle
sammysnuggle collected $0.07 from pot
sammysnuggle: doesn't show hand 
*** SUMMARY ***
Total pot $0.07 | Rake $0 
Board [4h 9c 3d]
Seat 1: Ne0net folded before Flop (didn't bet)
Seat 2: Gawrosz23 folded before Flop (didn't bet)
Seat 3: Morphine12 folded before Flop (didn't bet)
Seat 4: Dorex2007 (button) folded on the Flop
Seat 5: TM83TNY (small blind) folded before Flop
Seat 6: N.$(OLEG)$.A (big blind) folded on the Flop
Seat 7: BUKOVYNEC folded before Flop (didn't bet)
Seat 8: sammysnuggle collected ($0.07)
Seat 9: B0rz___888 folded before Flop (didn't bet)



PokerStars Hand #227704144798:  Hold'em No Limit ($0.01/$0.02 USD) - 2021/06/19 15:09:07 PT [2021/06/19 18:09:07 ET]
Table 'Senta II' 9-max Seat #5 is the button
Seat 1: Ne0net ($2.14 in chips) 
Seat 2: Gawrosz23 ($1.96 in chips) 
Seat 3: Morphine12 ($2.17 in chips) 
Seat 4: Dorex2007 ($2.41 in chips) 
Seat 5: TM83TNY ($2.17 in chips) 
Seat 6: N.$(OLEG)$.A ($0.84 in chips) 
Seat 7: BUKOVYNEC ($2 in chips) 
Seat 8: sammysnuggle ($1.94 in chips) 
Seat 9: B0rz___888 ($1.14 in chips) 
N.$(OLEG)$.A: posts small blind $0.01
BUKOVYNEC: posts big blind $0.02
*** HOLE CARDS ***
Dealt to Dorex2007 [9c 3c]
sammysnuggle: folds 
B0rz___888: raises $0.04 to $0.06
Ne0net: folds 
Gawrosz23: calls $0.06
Morphine12: folds 
Dorex2007: folds 
TM83TNY: folds 
N.$(OLEG)$.A: folds 
BUKOVYNEC: calls $0.04
*** FLOP *** [4s 5d 2h]
BUKOVYNEC: checks 
B0rz___888: checks 
Gawrosz23: checks 
*** TURN *** [4s 5d 2h] [5c]
BUKOVYNEC: checks 
B0rz___888: checks 
Gawrosz23: checks 
*** RIVER *** [4s 5d 2h 5c] [8d]
BUKOVYNEC: checks 
B0rz___888: checks 
Gawrosz23: checks 
*** SHOW DOWN ***
BUKOVYNEC: shows [8s Tc] (two pair, Eights and Fives)
B0rz___888: mucks hand 
Gawrosz23: mucks hand 
BUKOVYNEC collected $0.18 from pot
*** SUMMARY ***
Total pot $0.19 | Rake $0.01 
Board [4s 5d 2h 5c 8d]
Seat 1: Ne0net folded before Flop (didn't bet)
Seat 2: Gawrosz23 mucked [Th 9h]
Seat 3: Morphine12 folded before Flop (didn't bet)
Seat 4: Dorex2007 folded before Flop (didn't bet)
Seat 5: TM83TNY (button) folded before Flop (didn't bet)
Seat 6: N.$(OLEG)$.A (small blind) folded before Flop
Seat 7: BUKOVYNEC (big blind) showed [8s Tc] and won ($0.18) with two pair, Eights and Fives
Seat 8: sammysnuggle folded before Flop (didn't bet)
Seat 9: B0rz___888 mucked [Ad 7d]



PokerStars Hand #227704168460:  Hold'em No Limit ($0.01/$0.02 USD) - 2021/06/19 15:10:08 PT [2021/06/19 18:10:08 ET]
Table 'Senta II' 9-max Seat #6 is the button
Seat 1: Ne0net ($2.14 in chips) 
Seat 2: Gawrosz23 ($1.90 in chips) 
Seat 3: Morphine12 ($2.17 in chips) 
Seat 4: Dorex2007 ($2.41 in chips) 
Seat 5: TM83TNY ($2.17 in chips) 
Seat 6: N.$(OLEG)$.A ($0.83 in chips) 
Seat 7: BUKOVYNEC ($2.12 in chips) 
Seat 8: sammysnuggle ($1.94 in chips) 
Seat 9: B0rz___888 ($1.08 in chips) 
BUKOVYNEC: posts small blind $0.01
sammysnuggle: posts big blind $0.02
*** HOLE CARDS ***
Dealt to Dorex2007 [Qc 4c]
B0rz___888: raises $0.02 to $0.04
Ne0net: raises $0.12 to $0.16
Gawrosz23: calls $0.16
Morphine12: folds 
Dorex2007: folds 
TM83TNY: folds 
N.$(OLEG)$.A: folds 
BUKOVYNEC: folds 
sammysnuggle: folds 
B0rz___888: calls $0.12
*** FLOP *** [3d Th 5d]
B0rz___888: checks 
N.$(OLEG)$.A leaves the table
Ne0net: bets $0.15
Gawrosz23: folds 
B0rz___888: calls $0.15
*** TURN *** [3d Th 5d] [Kc]
B0rz___888: checks 
Ne0net: checks 
*** RIVER *** [3d Th 5d Kc] [Ah]
B0rz___888: checks 
SerVzlet joins the table at seat #6 
Ne0net: bets $0.32
B0rz___888: folds 
Uncalled bet ($0.32) returned to Ne0net
Ne0net collected $0.78 from pot
Ne0net: doesn't show hand 
*** SUMMARY ***
Total pot $0.81 | Rake $0.03 
Board [3d Th 5d Kc Ah]
Seat 1: Ne0net collected ($0.78)
Seat 2: Gawrosz23 folded on the Flop
Seat 3: Morphine12 folded before Flop (didn't bet)
Seat 4: Dorex2007 folded before Flop (didn't bet)
Seat 5: TM83TNY folded before Flop (didn't bet)
Seat 6: N.$(OLEG)$.A (button) folded before Flop (didn't bet)
Seat 7: BUKOVYNEC (small blind) folded before Flop
Seat 8: sammysnuggle (big blind) folded before Flop
Seat 9: B0rz___888 folded on the River



PokerStars Hand #227704197647:  Hold'em No Limit ($0.01/$0.02 USD) - 2021/06/19 15:11:24 PT [2021/06/19 18:11:24 ET]
Table 'Senta II' 9-max Seat #7 is the button
Seat 1: Ne0net ($2.61 in chips) 
Seat 2: Gawrosz23 ($1.74 in chips) 
Seat 3: Morphine12 ($2.17 in chips) 
Seat 4: Dorex2007 ($2.41 in chips) 
Seat 5: TM83TNY ($2.17 in chips) 
Seat 7: BUKOVYNEC ($2.11 in chips) 
Seat 8: sammysnuggle ($1.92 in chips) 
Seat 9: B0rz___888 ($0.77 in chips) 
sammysnuggle: posts small blind $0.01
B0rz___888: posts big blind $0.02
SerVzlet: sits out 
*** HOLE CARDS ***
Dealt to Dorex2007 [Qc 8h]
Ne0net: folds 
Gawrosz23: folds 
Morphine12: folds 
Dorex2007: folds 
TM83TNY: folds 
BUKOVYNEC: folds 
sammysnuggle: raises $0.06 to $0.08
B0rz___888: raises $0.69 to $0.77 and is all-in
sammysnuggle: folds 
Uncalled bet ($0.69) returned to B0rz___888
B0rz___888 collected $0.16 from pot
*** SUMMARY ***
Total pot $0.16 | Rake $0 
Seat 1: Ne0net folded before Flop (didn't bet)
Seat 2: Gawrosz23 folded before Flop (didn't bet)
Seat 3: Morphine12 folded before Flop (didn't bet)
Seat 4: Dorex2007 folded before Flop (didn't bet)
Seat 5: TM83TNY folded before Flop (didn't bet)
Seat 7: BUKOVYNEC (button) folded before Flop (didn't bet)
Seat 8: sammysnuggle (small blind) folded before Flop
Seat 9: B0rz___888 (big blind) collected ($0.16)



PokerStars Hand #227704206505:  Hold'em No Limit ($0.01/$0.02 USD) - 2021/06/19 15:11:47 PT [2021/06/19 18:11:47 ET]
Table 'Senta II' 9-max Seat #8 is the button
Seat 1: Ne0net ($2.61 in chips) 
Seat 2: Gawrosz23 ($1.74 in chips) 
Seat 3: Morphine12 ($2.17 in chips) 
Seat 4: Dorex2007 ($2.41 in chips) 
Seat 5: TM83TNY ($2.17 in chips) 
Seat 7: BUKOVYNEC ($2.11 in chips) 
Seat 8: sammysnuggle ($1.84 in chips) 
Seat 9: B0rz___888 ($0.85 in chips) 
B0rz___888: posts small blind $0.01
Ne0net: posts big blind $0.02
SerVzlet: sits out 
*** HOLE CARDS ***
Dealt to Dorex2007 [3s 6c]
Gawrosz23: folds 
Morphine12: folds 
Dorex2007: folds 
TM83TNY: folds 
BUKOVYNEC: folds 
sammysnuggle: folds 
B0rz___888: raises $0.04 to $0.06
Ne0net: folds 
Uncalled bet ($0.04) returned to B0rz___888
B0rz___888 collected $0.04 from pot
*** SUMMARY ***
Total pot $0.04 | Rake $0 
Seat 1: Ne0net (big blind) folded before Flop
Seat 2: Gawrosz23 folded before Flop (didn't bet)
Seat 3: Morphine12 folded before Flop (didn't bet)
Seat 4: Dorex2007 folded before Flop (didn't bet)
Seat 5: TM83TNY folded before Flop (didn't bet)
Seat 7: BUKOVYNEC folded before Flop (didn't bet)
Seat 8: sammysnuggle (button) folded before Flop (didn't bet)
Seat 9: B0rz___888 (small blind) collected ($0.04)



PokerStars Hand #227704220696:  Hold'em No Limit ($0.01/$0.02 USD) - 2021/06/19 15:12:06 PT [2021/06/19 18:12:06 ET]
Table 'Senta II' 9-max Seat #9 is the button
Seat 1: Ne0net ($2.59 in chips) 
Seat 2: Gawrosz23 ($1.74 in chips) 
Seat 3: Morphine12 ($2.17 in chips) 
Seat 4: Dorex2007 ($2.41 in chips) 
Seat 5: TM83TNY ($2.17 in chips) 
Seat 7: BUKOVYNEC ($2.11 in chips) 
Seat 8: sammysnuggle ($1.84 in chips) 
Seat 9: B0rz___888 ($0.87 in chips) 
Ne0net: posts small blind $0.01
Gawrosz23: posts big blind $0.02
SerVzlet: sits out 
*** HOLE CARDS ***
Dealt to Dorex2007 [8d Jd]
Morphine12: folds 
Dorex2007: folds 
TM83TNY: folds 
BUKOVYNEC has timed out
BUKOVYNEC: folds 
sammysnuggle: folds 
B0rz___888: raises $0.04 to $0.06
Ne0net: folds 
Gawrosz23: folds 
Uncalled bet ($0.04) returned to B0rz___888
B0rz___888 collected $0.05 from pot
*** SUMMARY ***
Total pot $0.05 | Rake $0 
Seat 1: Ne0net (small blind) folded before Flop
Seat 2: Gawrosz23 (big blind) folded before Flop
Seat 3: Morphine12 folded before Flop (didn't bet)
Seat 4: Dorex2007 folded before Flop (didn't bet)
Seat 5: TM83TNY folded before Flop (didn't bet)
Seat 7: BUKOVYNEC folded before Flop (didn't bet)
Seat 8: sammysnuggle folded before Flop (didn't bet)
Seat 9: B0rz___888 (button) collected ($0.05)



PokerStars Hand #227704234667:  Hold'em No Limit ($0.01/$0.02 USD) - 2021/06/19 15:12:42 PT [2021/06/19 18:12:42 ET]
Table 'Senta II' 9-max Seat #1 is the button
Seat 1: Ne0net ($2.58 in chips) 
Seat 2: Gawrosz23 ($1.72 in chips) 
Seat 3: Morphine12 ($2.17 in chips) 
Seat 4: Dorex2007 ($2.41 in chips) 
Seat 5: TM83TNY ($2.17 in chips) 
Seat 7: BUKOVYNEC ($2.11 in chips) 
Seat 8: sammysnuggle ($1.84 in chips) 
Seat 9: B0rz___888 ($0.90 in chips) 
Gawrosz23: posts small blind $0.01
Morphine12: posts big blind $0.02
SerVzlet: sits out 
*** HOLE CARDS ***
Dealt to Dorex2007 [4s 7s]
Dorex2007: folds 
TM83TNY: folds 
BUKOVYNEC: raises $0.04 to $0.06
sammysnuggle: folds 
B0rz___888: folds 
Ne0net: folds 
Gawrosz23: folds 
Morphine12: calls $0.04
*** FLOP *** [Jc 3h 2d]
Morphine12: checks 
BUKOVYNEC: bets $0.08
Morphine12: folds 
Uncalled bet ($0.08) returned to BUKOVYNEC
BUKOVYNEC collected $0.13 from pot
BUKOVYNEC: doesn't show hand 
*** SUMMARY ***
Total pot $0.13 | Rake $0 
Board [Jc 3h 2d]
Seat 1: Ne0net (button) folded before Flop (didn't bet)
Seat 2: Gawrosz23 (small blind) folded before Flop
Seat 3: Morphine12 (big blind) folded on the Flop
Seat 4: Dorex2007 folded before Flop (didn't bet)
Seat 5: TM83TNY folded before Flop (didn't bet)
Seat 7: BUKOVYNEC collected ($0.13)
Seat 8: sammysnuggle folded before Flop (didn't bet)
Seat 9: B0rz___888 folded before Flop (didn't bet)



PokerStars Hand #227704248588:  Hold'em No Limit ($0.01/$0.02 USD) - 2021/06/19 15:13:19 PT [2021/06/19 18:13:19 ET]
Table 'Senta II' 9-max Seat #2 is the button
Seat 1: Ne0net ($2.58 in chips) 
Seat 2: Gawrosz23 ($1.71 in chips) 
Seat 3: Morphine12 ($2.11 in chips) 
Seat 4: Dorex2007 ($2.41 in chips) 
Seat 5: TM83TNY ($2.17 in chips) 
Seat 7: BUKOVYNEC ($2.18 in chips) 
Seat 8: sammysnuggle ($1.84 in chips) 
Seat 9: B0rz___888 ($0.90 in chips) 
Morphine12: posts small blind $0.01
Dorex2007: posts big blind $0.02
SerVzlet: sits out 
*** HOLE CARDS ***
Dealt to Dorex2007 [7s 7d]
TM83TNY: calls $0.02
BUKOVYNEC: folds 
sammysnuggle: folds 
B0rz___888: folds 
Ne0net: folds 
Gawrosz23: folds 
Morphine12: folds 
Dorex2007: checks 
*** FLOP *** [Jh Ts 4c]
Dorex2007: checks 
TM83TNY: bets $0.08
Dorex2007: folds 
Uncalled bet ($0.08) returned to TM83TNY
TM83TNY collected $0.05 from pot
TM83TNY: doesn't show hand 
*** SUMMARY ***
Total pot $0.05 | Rake $0 
Board [Jh Ts 4c]
Seat 1: Ne0net folded before Flop (didn't bet)
Seat 2: Gawrosz23 (button) folded before Flop (didn't bet)
Seat 3: Morphine12 (small blind) folded before Flop
Seat 4: Dorex2007 (big blind) folded on the Flop
Seat 5: TM83TNY collected ($0.05)
Seat 7: BUKOVYNEC folded before Flop (didn't bet)
Seat 8: sammysnuggle folded before Flop (didn't bet)
Seat 9: B0rz___888 folded before Flop (didn't bet)



PokerStars Hand #227704262645:  Hold'em No Limit ($0.01/$0.02 USD) - 2021/06/19 15:13:55 PT [2021/06/19 18:13:55 ET]
Table 'Senta II' 9-max Seat #3 is the button
Seat 1: Ne0net ($2.58 in chips) 
Seat 2: Gawrosz23 ($1.71 in chips) 
Seat 3: Morphine12 ($2.10 in chips) 
Seat 4: Dorex2007 ($2.39 in chips) 
Seat 5: TM83TNY ($2.20 in chips) 
Seat 7: BUKOVYNEC ($2.18 in chips) 
Seat 8: sammysnuggle ($1.84 in chips) 
Seat 9: B0rz___888 ($0.90 in chips) 
Dorex2007: posts small blind $0.01
TM83TNY: posts big blind $0.02
SerVzlet: sits out 
*** HOLE CARDS ***
Dealt to Dorex2007 [Ks 3s]
BUKOVYNEC: folds 
sammysnuggle: folds 
B0rz___888: folds 
Ne0net: folds 
Gawrosz23: calls $0.02
Morphine12: folds 
Dorex2007: calls $0.01
TM83TNY: checks 
*** FLOP *** [As Qh 3c]
Dorex2007: checks 
TM83TNY: checks 
Gawrosz23: bets $0.06
Dorex2007: folds 
TM83TNY: folds 
Uncalled bet ($0.06) returned to Gawrosz23
Gawrosz23 collected $0.06 from pot
Gawrosz23: doesn't show hand 
*** SUMMARY ***
Total pot $0.06 | Rake $0 
Board [As Qh 3c]
Seat 1: Ne0net folded before Flop (didn't bet)
Seat 2: Gawrosz23 collected ($0.06)
Seat 3: Morphine12 (button) folded before Flop (didn't bet)
Seat 4: Dorex2007 (small blind) folded on the Flop
Seat 5: TM83TNY (big blind) folded on the Flop
Seat 7: BUKOVYNEC folded before Flop (didn't bet)
Seat 8: sammysnuggle folded before Flop (didn't bet)
Seat 9: B0rz___888 folded before Flop (didn't bet)



PokerStars Hand #227704279855:  Hold'em No Limit ($0.01/$0.02 USD) - 2021/06/19 15:14:40 PT [2021/06/19 18:14:40 ET]
Table 'Senta II' 9-max Seat #4 is the button
Seat 1: Ne0net ($2.58 in chips) 
Seat 2: Gawrosz23 ($1.75 in chips) 
Seat 3: Morphine12 ($2.10 in chips) 
Seat 4: Dorex2007 ($2.37 in chips) 
Seat 5: TM83TNY ($2.18 in chips) 
Seat 6: SerVzlet ($0.96 in chips) 
Seat 7: BUKOVYNEC ($2.18 in chips) 
Seat 8: sammysnuggle ($1.84 in chips) 
Seat 9: B0rz___888 ($0.90 in chips) 
TM83TNY: posts small blind $0.01
SerVzlet: posts big blind $0.02
*** HOLE CARDS ***
Dealt to Dorex2007 [Ts 5d]
BUKOVYNEC: raises $0.04 to $0.06
sammysnuggle: folds 
B0rz___888: folds 
Ne0net: folds 
Gawrosz23: folds 
Morphine12: folds 
Dorex2007: folds 
TM83TNY: calls $0.05
SerVzlet: folds 
*** FLOP *** [7c 5c Ah]
TM83TNY: checks 
BUKOVYNEC: bets $0.07
TM83TNY: calls $0.07
*** TURN *** [7c 5c Ah] [9d]
TM83TNY: checks 
BUKOVYNEC: checks 
*** RIVER *** [7c 5c Ah 9d] [Ks]
TM83TNY: bets $0.37
BUKOVYNEC: folds 
Uncalled bet ($0.37) returned to TM83TNY
TM83TNY collected $0.27 from pot
TM83TNY: doesn't show hand 
*** SUMMARY ***
Total pot $0.28 | Rake $0.01 
Board [7c 5c Ah 9d Ks]
Seat 1: Ne0net folded before Flop (didn't bet)
Seat 2: Gawrosz23 folded before Flop (didn't bet)
Seat 3: Morphine12 folded before Flop (didn't bet)
Seat 4: Dorex2007 (button) folded before Flop (didn't bet)
Seat 5: TM83TNY (small blind) collected ($0.27)
Seat 6: SerVzlet (big blind) folded before Flop
Seat 7: BUKOVYNEC folded on the River
Seat 8: sammysnuggle folded before Flop (didn't bet)
Seat 9: B0rz___888 folded before Flop (didn't bet)



PokerStars Hand #227704300646:  Hold'em No Limit ($0.01/$0.02 USD) - 2021/06/19 15:15:34 PT [2021/06/19 18:15:34 ET]
Table 'Senta II' 9-max Seat #5 is the button
Seat 1: Ne0net ($2.58 in chips) 
Seat 2: Gawrosz23 ($1.75 in chips) 
Seat 3: Morphine12 ($2.10 in chips) 
Seat 4: Dorex2007 ($2.37 in chips) 
Seat 5: TM83TNY ($2.32 in chips) 
Seat 6: SerVzlet ($0.94 in chips) 
Seat 7: BUKOVYNEC ($2.05 in chips) 
Seat 8: sammysnuggle ($1.84 in chips) 
Seat 9: B0rz___888 ($0.90 in chips) 
SerVzlet: posts small blind $0.01
BUKOVYNEC: posts big blind $0.02
*** HOLE CARDS ***
Dealt to Dorex2007 [9c Qs]
sammysnuggle: folds 
B0rz___888: folds 
Ne0net: folds 
Gawrosz23: calls $0.02
Morphine12: folds 
Dorex2007: folds 
TM83TNY: calls $0.02
SerVzlet: calls $0.01
BUKOVYNEC: checks 
*** FLOP *** [8s 6d 2c]
SerVzlet: checks 
BUKOVYNEC: checks 
Gawrosz23: checks 
TM83TNY: bets $0.10
SerVzlet: folds 
BUKOVYNEC: folds 
Gawrosz23: folds 
Uncalled bet ($0.10) returned to TM83TNY
TM83TNY collected $0.08 from pot
TM83TNY: doesn't show hand 
*** SUMMARY ***
Total pot $0.08 | Rake $0 
Board [8s 6d 2c]
Seat 1: Ne0net folded before Flop (didn't bet)
Seat 2: Gawrosz23 folded on the Flop
Seat 3: Morphine12 folded before Flop (didn't bet)
Seat 4: Dorex2007 folded before Flop (didn't bet)
Seat 5: TM83TNY (button) collected ($0.08)
Seat 6: SerVzlet (small blind) folded on the Flop
Seat 7: BUKOVYNEC (big blind) folded on the Flop
Seat 8: sammysnuggle folded before Flop (didn't bet)
Seat 9: B0rz___888 folded before Flop (didn't bet)



PokerStars Hand #227704318289:  Hold'em No Limit ($0.01/$0.02 USD) - 2021/06/19 15:16:21 PT [2021/06/19 18:16:21 ET]
Table 'Senta II' 9-max Seat #6 is the button
Seat 1: Ne0net ($2.58 in chips) 
Seat 2: Gawrosz23 ($1.73 in chips) 
Seat 3: Morphine12 ($2.10 in chips) 
Seat 4: Dorex2007 ($2.37 in chips) 
Seat 5: TM83TNY ($2.38 in chips) 
Seat 6: SerVzlet ($0.92 in chips) 
Seat 7: BUKOVYNEC ($2.03 in chips) 
Seat 8: sammysnuggle ($1.84 in chips) 
Seat 9: B0rz___888 ($0.90 in chips) 
BUKOVYNEC: posts small blind $0.01
sammysnuggle: posts big blind $0.02
*** HOLE CARDS ***
Dealt to Dorex2007 [Tc Ah]
B0rz___888: folds 
Ne0net: folds 
Gawrosz23: calls $0.02
Morphine12: folds 
Dorex2007: folds 
TM83TNY: folds 
SerVzlet: folds 
BUKOVYNEC: calls $0.01
sammysnuggle: checks 
*** FLOP *** [Jd 6h Ks]
BUKOVYNEC: checks 
sammysnuggle: checks 
Gawrosz23: bets $0.02
BUKOVYNEC: folds 
sammysnuggle: folds 
Uncalled bet ($0.02) returned to Gawrosz23
Gawrosz23 collected $0.06 from pot
Gawrosz23: doesn't show hand 
*** SUMMARY ***
Total pot $0.06 | Rake $0 
Board [Jd 6h Ks]
Seat 1: Ne0net folded before Flop (didn't bet)
Seat 2: Gawrosz23 collected ($0.06)
Seat 3: Morphine12 folded before Flop (didn't bet)
Seat 4: Dorex2007 folded before Flop (didn't bet)
Seat 5: TM83TNY folded before Flop (didn't bet)
Seat 6: SerVzlet (button) folded before Flop (didn't bet)
Seat 7: BUKOVYNEC (small blind) folded on the Flop
Seat 8: sammysnuggle (big blind) folded on the Flop
Seat 9: B0rz___888 folded before Flop (didn't bet)



PokerStars Hand #227704332263:  Hold'em No Limit ($0.01/$0.02 USD) - 2021/06/19 15:16:57 PT [2021/06/19 18:16:57 ET]
Table 'Senta II' 9-max Seat #7 is the button
Seat 1: Ne0net ($2.58 in chips) 
Seat 2: Gawrosz23 ($1.77 in chips) 
Seat 3: Morphine12 ($2.10 in chips) 
Seat 4: Dorex2007 ($2.37 in chips) 
Seat 5: TM83TNY ($2.38 in chips) 
Seat 6: SerVzlet ($0.92 in chips) 
Seat 7: BUKOVYNEC ($2.01 in chips) 
Seat 8: sammysnuggle ($1.82 in chips) 
Seat 9: B0rz___888 ($0.90 in chips) 
sammysnuggle: posts small blind $0.01
B0rz___888: posts big blind $0.02
*** HOLE CARDS ***
Dealt to Dorex2007 [9c 4d]
Ne0net: folds 
Gawrosz23: folds 
Morphine12: folds 
Dorex2007: folds 
TM83TNY: raises $0.06 to $0.08
SerVzlet: calls $0.08
BUKOVYNEC: calls $0.08
sammysnuggle: folds 
B0rz___888: folds 
*** FLOP *** [Jc 5h Qh]
TM83TNY: checks 
SerVzlet: bets $0.21
BUKOVYNEC: folds 
TM83TNY: raises $1.09 to $1.30
SerVzlet: calls $0.63 and is all-in
Uncalled bet ($0.46) returned to TM83TNY
*** TURN *** [Jc 5h Qh] [9h]
*** RIVER *** [Jc 5h Qh 9h] [3s]
*** SHOW DOWN ***
TM83TNY: shows [Kh Qd] (a pair of Queens)
SerVzlet: shows [Qs Ad] (a pair of Queens - Ace kicker)
SerVzlet collected $1.88 from pot
*** SUMMARY ***
Total pot $1.95 | Rake $0.07 
Board [Jc 5h Qh 9h 3s]
Seat 1: Ne0net folded before Flop (didn't bet)
Seat 2: Gawrosz23 folded before Flop (didn't bet)
Seat 3: Morphine12 folded before Flop (didn't bet)
Seat 4: Dorex2007 folded before Flop (didn't bet)
Seat 5: TM83TNY showed [Kh Qd] and lost with a pair of Queens
Seat 6: SerVzlet showed [Qs Ad] and won ($1.88) with a pair of Queens
Seat 7: BUKOVYNEC (button) folded on the Flop
Seat 8: sammysnuggle (small blind) folded before Flop
Seat 9: B0rz___888 (big blind) folded before Flop



PokerStars Hand #227704359079:  Hold'em No Limit ($0.01/$0.02 USD) - 2021/06/19 15:18:09 PT [2021/06/19 18:18:09 ET]
Table 'Senta II' 9-max Seat #8 is the button
Seat 1: Ne0net ($2.58 in chips) 
Seat 2: Gawrosz23 ($1.77 in chips) 
Seat 3: Morphine12 ($2.10 in chips) 
Seat 4: Dorex2007 ($2.37 in chips) 
Seat 5: TM83TNY ($2 in chips) 
Seat 6: SerVzlet ($1.88 in chips) 
Seat 7: BUKOVYNEC ($2 in chips) 
Seat 8: sammysnuggle ($1.81 in chips) 
Seat 9: B0rz___888 ($0.88 in chips) 
B0rz___888: posts small blind $0.01
Ne0net: posts big blind $0.02
*** HOLE CARDS ***
Dealt to Dorex2007 [6s 5s]
Gawrosz23: calls $0.02
Morphine12: folds 
Dorex2007: folds 
TM83TNY: folds 
SerVzlet: folds 
BUKOVYNEC: folds 
sammysnuggle: folds 
B0rz___888: calls $0.01
Ne0net: checks 
*** FLOP *** [Ad 8s Td]
B0rz___888: bets $0.02
Ne0net: folds 
Gawrosz23: calls $0.02
*** TURN *** [Ad 8s Td] [3h]
B0rz___888: bets $0.08
Gawrosz23: calls $0.08
*** RIVER *** [Ad 8s Td 3h] [3s]
B0rz___888: checks 
Gawrosz23: checks 
*** SHOW DOWN ***
B0rz___888: shows [8d Th] (two pair, Tens and Eights)
Gawrosz23: mucks hand 
B0rz___888 collected $0.25 from pot
*** SUMMARY ***
Total pot $0.26 | Rake $0.01 
Board [Ad 8s Td 3h 3s]
Seat 1: Ne0net (big blind) folded on the Flop
Seat 2: Gawrosz23 mucked [Jd Qh]
Seat 3: Morphine12 folded before Flop (didn't bet)
Seat 4: Dorex2007 folded before Flop (didn't bet)
Seat 5: TM83TNY folded before Flop (didn't bet)
Seat 6: SerVzlet folded before Flop (didn't bet)
Seat 7: BUKOVYNEC folded before Flop (didn't bet)
Seat 8: sammysnuggle (button) folded before Flop (didn't bet)
Seat 9: B0rz___888 (small blind) showed [8d Th] and won ($0.25) with two pair, Tens and Eights



PokerStars Hand #227704380959:  Hold'em No Limit ($0.01/$0.02 USD) - 2021/06/19 15:19:07 PT [2021/06/19 18:19:07 ET]
Table 'Senta II' 9-max Seat #9 is the button
Seat 1: Ne0net ($2.56 in chips) 
Seat 2: Gawrosz23 ($1.65 in chips) 
Seat 3: Morphine12 ($2.10 in chips) 
Seat 4: Dorex2007 ($2.37 in chips) 
Seat 5: TM83TNY ($2 in chips) 
Seat 6: SerVzlet ($1.88 in chips) 
Seat 8: sammysnuggle ($1.81 in chips) 
Seat 9: B0rz___888 ($1.01 in chips) 
Ne0net: posts small blind $0.01
Gawrosz23: posts big blind $0.02
*** HOLE CARDS ***
Dealt to Dorex2007 [5s 3h]
Morphine12: raises $0.04 to $0.06
BUKOVYNEC leaves the table
Dorex2007: folds 
TM83TNY: folds 
SerVzlet: folds 
xxxxxxxx_br joins the table at seat #7 
sammysnuggle: folds 
B0rz___888: folds 
Ne0net: folds 
Gawrosz23: folds 
Uncalled bet ($0.04) returned to Morphine12
Morphine12 collected $0.05 from pot
*** SUMMARY ***
Total pot $0.05 | Rake $0 
Seat 1: Ne0net (small blind) folded before Flop
Seat 2: Gawrosz23 (big blind) folded before Flop
Seat 3: Morphine12 collected ($0.05)
Seat 4: Dorex2007 folded before Flop (didn't bet)
Seat 5: TM83TNY folded before Flop (didn't bet)
Seat 6: SerVzlet folded before Flop (didn't bet)
Seat 8: sammysnuggle folded before Flop (didn't bet)
Seat 9: B0rz___888 (button) folded before Flop (didn't bet)



PokerStars Hand #227704394009:  Hold'em No Limit ($0.01/$0.02 USD) - 2021/06/19 15:19:42 PT [2021/06/19 18:19:42 ET]
Table 'Senta II' 9-max Seat #1 is the button
Seat 1: Ne0net ($2.55 in chips) 
Seat 2: Gawrosz23 ($1.63 in chips) 
Seat 3: Morphine12 ($2.13 in chips) 
Seat 4: Dorex2007 ($2.37 in chips) 
Seat 5: TM83TNY ($2 in chips) 
Seat 6: SerVzlet ($1.88 in chips) 
Seat 8: sammysnuggle ($1.81 in chips) 
Seat 9: B0rz___888 ($1.01 in chips) 
Gawrosz23: posts small blind $0.01
Morphine12: posts big blind $0.02
xxxxxxxx_br: sits out 
*** HOLE CARDS ***
Dealt to Dorex2007 [Ts 9c]
Dorex2007: folds 
TM83TNY: folds 
SerVzlet: folds 
sammysnuggle: folds 
B0rz___888: folds 
Ne0net: raises $0.03 to $0.05
Gawrosz23: calls $0.04
Morphine12: folds 
*** FLOP *** [8h Ac Jd]
Gawrosz23: checks 
Ne0net: checks 
*** TURN *** [8h Ac Jd] [2h]
Gawrosz23: checks 
Ne0net: checks 
*** RIVER *** [8h Ac Jd 2h] [9s]
Gawrosz23: checks 
Ne0net: checks 
*** SHOW DOWN ***
Gawrosz23: shows [Td Qs] (a straight, Eight to Queen)
Ne0net: mucks hand 
Gawrosz23 collected $0.12 from pot
*** SUMMARY ***
Total pot $0.12 | Rake $0 
Board [8h Ac Jd 2h 9s]
Seat 1: Ne0net (button) mucked [4h Qh]
Seat 2: Gawrosz23 (small blind) showed [Td Qs] and won ($0.12) with a straight, Eight to Queen
Seat 3: Morphine12 (big blind) folded before Flop
Seat 4: Dorex2007 folded before Flop (didn't bet)
Seat 5: TM83TNY folded before Flop (didn't bet)
Seat 6: SerVzlet folded before Flop (didn't bet)
Seat 8: sammysnuggle folded before Flop (didn't bet)
Seat 9: B0rz___888 folded before Flop (didn't bet)



PokerStars Hand #227704407203:  Hold'em No Limit ($0.01/$0.02 USD) - 2021/06/19 15:20:17 PT [2021/06/19 18:20:17 ET]
Table 'Senta II' 9-max Seat #2 is the button
Seat 1: Ne0net ($2.50 in chips) 
Seat 2: Gawrosz23 ($1.70 in chips) 
Seat 3: Morphine12 ($2.11 in chips) 
Seat 4: Dorex2007 ($2.37 in chips) 
Seat 5: TM83TNY ($2 in chips) 
Seat 6: SerVzlet ($1.88 in chips) 
Seat 7: xxxxxxxx_br ($1.60 in chips) 
Seat 8: sammysnuggle ($1.81 in chips) 
Seat 9: B0rz___888 ($1.01 in chips) 
Morphine12: posts small blind $0.01
Dorex2007: posts big blind $0.02
xxxxxxxx_br: posts big blind $0.02
*** HOLE CARDS ***
Dealt to Dorex2007 [7d Kc]
TM83TNY: folds 
SerVzlet: folds 
xxxxxxxx_br: checks 
sammysnuggle: folds 
B0rz___888: folds 
Ne0net: folds 
Gawrosz23: folds 
Morphine12: folds 
Dorex2007: checks 
*** FLOP *** [5s 2h Th]
Dorex2007: checks 
xxxxxxxx_br: bets $0.04
Dorex2007: folds 
Uncalled bet ($0.04) returned to xxxxxxxx_br
xxxxxxxx_br collected $0.05 from pot
xxxxxxxx_br: doesn't show hand 
*** SUMMARY ***
Total pot $0.05 | Rake $0 
Board [5s 2h Th]
Seat 1: Ne0net folded before Flop (didn't bet)
Seat 2: Gawrosz23 (button) folded before Flop (didn't bet)
Seat 3: Morphine12 (small blind) folded before Flop
Seat 4: Dorex2007 (big blind) folded on the Flop
Seat 5: TM83TNY folded before Flop (didn't bet)
Seat 6: SerVzlet folded before Flop (didn't bet)
Seat 7: xxxxxxxx_br collected ($0.05)
Seat 8: sammysnuggle folded before Flop (didn't bet)
Seat 9: B0rz___888 folded before Flop (didn't bet)



PokerStars Hand #227704426380:  Hold'em No Limit ($0.01/$0.02 USD) - 2021/06/19 15:21:08 PT [2021/06/19 18:21:08 ET]
Table 'Senta II' 9-max Seat #3 is the button
Seat 1: Ne0net ($2.50 in chips) 
Seat 2: Gawrosz23 ($1.70 in chips) 
Seat 3: Morphine12 ($2.10 in chips) 
Seat 4: Dorex2007 ($2.35 in chips) 
Seat 5: TM83TNY ($2 in chips) 
Seat 6: SerVzlet ($1.88 in chips) 
Seat 7: xxxxxxxx_br ($1.63 in chips) 
Seat 8: sammysnuggle ($1.81 in chips) 
Seat 9: B0rz___888 ($1.01 in chips) 
Dorex2007: posts small blind $0.01
TM83TNY: posts big blind $0.02
*** HOLE CARDS ***
Dealt to Dorex2007 [5h As]
SerVzlet: folds 
xxxxxxxx_br: folds 
sammysnuggle: folds 
B0rz___888: folds 
Ne0net: folds 
Gawrosz23: folds 
Morphine12: folds 
Dorex2007: calls $0.01
TM83TNY: checks 
*** FLOP *** [Ad Td 4d]
Dorex2007: checks 
TM83TNY: checks 
*** TURN *** [Ad Td 4d] [3c]
Dorex2007: bets $0.04
TM83TNY: folds 
Uncalled bet ($0.04) returned to Dorex2007
Dorex2007 collected $0.04 from pot
Dorex2007: doesn't show hand 
*** SUMMARY ***
Total pot $0.04 | Rake $0 
Board [Ad Td 4d 3c]
Seat 1: Ne0net folded before Flop (didn't bet)
Seat 2: Gawrosz23 folded before Flop (didn't bet)
Seat 3: Morphine12 (button) folded before Flop (didn't bet)
Seat 4: Dorex2007 (small blind) collected ($0.04)
Seat 5: TM83TNY (big blind) folded on the Turn
Seat 6: SerVzlet folded before Flop (didn't bet)
Seat 7: xxxxxxxx_br folded before Flop (didn't bet)
Seat 8: sammysnuggle folded before Flop (didn't bet)
Seat 9: B0rz___888 folded before Flop (didn't bet)



PokerStars Hand #227704441248:  Hold'em No Limit ($0.01/$0.02 USD) - 2021/06/19 15:21:48 PT [2021/06/19 18:21:48 ET]
Table 'Senta II' 9-max Seat #4 is the button
Seat 1: Ne0net ($2.50 in chips) 
Seat 2: Gawrosz23 ($1.70 in chips) 
Seat 3: Morphine12 ($2.10 in chips) 
Seat 4: Dorex2007 ($2.37 in chips) 
Seat 5: TM83TNY ($2 in chips) 
Seat 6: SerVzlet ($1.88 in chips) 
Seat 7: xxxxxxxx_br ($1.63 in chips) 
Seat 8: sammysnuggle ($1.81 in chips) 
Seat 9: B0rz___888 ($1.01 in chips) 
TM83TNY: posts small blind $0.01
SerVzlet: posts big blind $0.02
*** HOLE CARDS ***
Dealt to Dorex2007 [Kc 5h]
xxxxxxxx_br: raises $0.02 to $0.04
sammysnuggle: folds 
B0rz___888: folds 
Ne0net: folds 
Gawrosz23 has timed out
Gawrosz23: folds 
Morphine12: folds 
Dorex2007: folds 
TM83TNY: folds 
SerVzlet: folds 
Uncalled bet ($0.02) returned to xxxxxxxx_br
xxxxxxxx_br collected $0.05 from pot
xxxxxxxx_br: doesn't show hand 
*** SUMMARY ***
Total pot $0.05 | Rake $0 
Seat 1: Ne0net folded before Flop (didn't bet)
Seat 2: Gawrosz23 folded before Flop (didn't bet)
Seat 3: Morphine12 folded before Flop (didn't bet)
Seat 4: Dorex2007 (button) folded before Flop (didn't bet)
Seat 5: TM83TNY (small blind) folded before Flop
Seat 6: SerVzlet (big blind) folded before Flop
Seat 7: xxxxxxxx_br collected ($0.05)
Seat 8: sammysnuggle folded before Flop (didn't bet)
Seat 9: B0rz___888 folded before Flop (didn't bet)



PokerStars Hand #227704451822:  Hold'em No Limit ($0.01/$0.02 USD) - 2021/06/19 15:22:16 PT [2021/06/19 18:22:16 ET]
Table 'Senta II' 9-max Seat #5 is the button
Seat 1: Ne0net ($2.50 in chips) 
Seat 3: Morphine12 ($2.10 in chips) 
Seat 4: Dorex2007 ($2.37 in chips) 
Seat 5: TM83TNY ($2 in chips) 
Seat 6: SerVzlet ($1.86 in chips) 
Seat 7: xxxxxxxx_br ($1.66 in chips) 
Seat 8: sammysnuggle ($1.81 in chips) 
Seat 9: B0rz___888 ($1.01 in chips) 
SerVzlet: posts small blind $0.01
xxxxxxxx_br: posts big blind $0.02
*** HOLE CARDS ***
Dealt to Dorex2007 [2h Qc]
sammysnuggle: folds 
B0rz___888: folds 
Ne0net: folds 
Morphine12: folds 
Dorex2007: folds 
TM83TNY: folds 
SerVzlet: raises $0.03 to $0.05
xxxxxxxx_br: folds 
Uncalled bet ($0.03) returned to SerVzlet
SerVzlet collected $0.04 from pot
SerVzlet: doesn't show hand 
*** SUMMARY ***
Total pot $0.04 | Rake $0 
Seat 1: Ne0net folded before Flop (didn't bet)
Seat 3: Morphine12 folded before Flop (didn't bet)
Seat 4: Dorex2007 folded before Flop (didn't bet)
Seat 5: TM83TNY (button) folded before Flop (didn't bet)
Seat 6: SerVzlet (small blind) collected ($0.04)
Seat 7: xxxxxxxx_br (big blind) folded before Flop
Seat 8: sammysnuggle folded before Flop (didn't bet)
Seat 9: B0rz___888 folded before Flop (didn't bet)



PokerStars Hand #227704460970:  Hold'em No Limit ($0.01/$0.02 USD) - 2021/06/19 15:22:41 PT [2021/06/19 18:22:41 ET]
Table 'Senta II' 9-max Seat #6 is the button
Seat 1: Ne0net ($2.50 in chips) 
Seat 3: Morphine12 ($2.10 in chips) 
Seat 4: Dorex2007 ($2.37 in chips) 
Seat 5: TM83TNY ($2 in chips) 
Seat 6: SerVzlet ($1.88 in chips) 
Seat 7: xxxxxxxx_br ($1.64 in chips) 
Seat 8: sammysnuggle ($1.81 in chips) 
Seat 9: B0rz___888 ($1.01 in chips) 
xxxxxxxx_br: posts small blind $0.01
sammysnuggle: posts big blind $0.02
*** HOLE CARDS ***
Dealt to Dorex2007 [Qc 4s]
B0rz___888: folds 
Ne0net: folds 
Morphine12: folds 
Dorex2007 has timed out
Dorex2007: folds 
TM83TNY: folds 
SerVzlet: folds 
xxxxxxxx_br: calls $0.01
sammysnuggle: checks 
*** FLOP *** [5s Qh 5d]
xxxxxxxx_br: checks 
sammysnuggle: checks 
*** TURN *** [5s Qh 5d] [7d]
xxxxxxxx_br: checks 
sammysnuggle: checks 
*** RIVER *** [5s Qh 5d 7d] [6s]
xxxxxxxx_br: checks 
sammysnuggle: checks 
*** SHOW DOWN ***
xxxxxxxx_br: shows [Kh Tc] (a pair of Fives)
sammysnuggle: shows [8s 6c] (two pair, Sixes and Fives)
sammysnuggle collected $0.04 from pot
*** SUMMARY ***
Total pot $0.04 | Rake $0 
Board [5s Qh 5d 7d 6s]
Seat 1: Ne0net folded before Flop (didn't bet)
Seat 3: Morphine12 folded before Flop (didn't bet)
Seat 4: Dorex2007 folded before Flop (didn't bet)
Seat 5: TM83TNY folded before Flop (didn't bet)
Seat 6: SerVzlet (button) folded before Flop (didn't bet)
Seat 7: xxxxxxxx_br (small blind) showed [Kh Tc] and lost with a pair of Fives
Seat 8: sammysnuggle (big blind) showed [8s 6c] and won ($0.04) with two pair, Sixes and Fives
Seat 9: B0rz___888 folded before Flop (didn't bet)



PokerStars Hand #227704477252:  Hold'em No Limit ($0.01/$0.02 USD) - 2021/06/19 15:23:24 PT [2021/06/19 18:23:24 ET]
Table 'Senta II' 9-max Seat #7 is the button
Seat 1: Ne0net ($2.50 in chips) 
Seat 2: Gawrosz23 ($1.70 in chips) 
Seat 3: Morphine12 ($2.10 in chips) 
Seat 4: Dorex2007 ($2.37 in chips) 
Seat 5: TM83TNY ($2 in chips) 
Seat 6: SerVzlet ($1.88 in chips) 
Seat 7: xxxxxxxx_br ($1.62 in chips) 
Seat 8: sammysnuggle ($1.83 in chips) 
Seat 9: B0rz___888 ($1.01 in chips) 
sammysnuggle: posts small blind $0.01
B0rz___888: posts big blind $0.02
*** HOLE CARDS ***
Dealt to Dorex2007 [9s Qd]
Ne0net: folds 
Gawrosz23: folds 
Morphine12: folds 
Dorex2007: folds 
TM83TNY: calls $0.02
SerVzlet: folds 
xxxxxxxx_br: calls $0.02
sammysnuggle: folds 
B0rz___888: checks 
*** FLOP *** [Qs 6s 7d]
B0rz___888: checks 
TM83TNY: bets $0.04
xxxxxxxx_br: folds 
B0rz___888: calls $0.04
*** TURN *** [Qs 6s 7d] [6d]
B0rz___888: checks 
TM83TNY: bets $0.12
B0rz___888: calls $0.12
*** RIVER *** [Qs 6s 7d 6d] [4h]
B0rz___888: checks 
TM83TNY: bets $0.32
B0rz___888: folds 
Uncalled bet ($0.32) returned to TM83TNY
TM83TNY collected $0.38 from pot
TM83TNY: doesn't show hand 
*** SUMMARY ***
Total pot $0.39 | Rake $0.01 
Board [Qs 6s 7d 6d 4h]
Seat 1: Ne0net folded before Flop (didn't bet)
Seat 2: Gawrosz23 folded before Flop (didn't bet)
Seat 3: Morphine12 folded before Flop (didn't bet)
Seat 4: Dorex2007 folded before Flop (didn't bet)
Seat 5: TM83TNY collected ($0.38)
Seat 6: SerVzlet folded before Flop (didn't bet)
Seat 7: xxxxxxxx_br (button) folded on the Flop
Seat 8: sammysnuggle (small blind) folded before Flop
Seat 9: B0rz___888 (big blind) folded on the River



PokerStars Hand #227704503228:  Hold'em No Limit ($0.01/$0.02 USD) - 2021/06/19 15:24:34 PT [2021/06/19 18:24:34 ET]
Table 'Senta II' 9-max Seat #8 is the button
Seat 1: Ne0net ($2.50 in chips) 
Seat 2: Gawrosz23 ($1.70 in chips) 
Seat 3: Morphine12 ($2.10 in chips) 
Seat 4: Dorex2007 ($2.37 in chips) 
Seat 5: TM83TNY ($2.20 in chips) 
Seat 6: SerVzlet ($1.88 in chips) 
Seat 7: xxxxxxxx_br ($1.60 in chips) 
Seat 8: sammysnuggle ($1.82 in chips) 
Seat 9: B0rz___888 ($0.83 in chips) 
B0rz___888: posts small blind $0.01
Ne0net: posts big blind $0.02
*** HOLE CARDS ***
Dealt to Dorex2007 [Th 6s]
Gawrosz23: folds 
Morphine12: folds 
Dorex2007: folds 
TM83TNY: calls $0.02
SerVzlet: folds 
xxxxxxxx_br: folds 
sammysnuggle: folds 
B0rz___888: calls $0.01
Ne0net: checks 
*** FLOP *** [Qs 8s 5d]
B0rz___888: checks 
Ne0net: checks 
TM83TNY: checks 
*** TURN *** [Qs 8s 5d] [9d]
B0rz___888: bets $0.05
Ne0net: folds 
TM83TNY: folds 
Uncalled bet ($0.05) returned to B0rz___888
B0rz___888 collected $0.06 from pot
*** SUMMARY ***
Total pot $0.06 | Rake $0 
Board [Qs 8s 5d 9d]
Seat 1: Ne0net (big blind) folded on the Turn
Seat 2: Gawrosz23 folded before Flop (didn't bet)
Seat 3: Morphine12 folded before Flop (didn't bet)
Seat 4: Dorex2007 folded before Flop (didn't bet)
Seat 5: TM83TNY folded on the Turn
Seat 6: SerVzlet folded before Flop (didn't bet)
Seat 7: xxxxxxxx_br folded before Flop (didn't bet)
Seat 8: sammysnuggle (button) folded before Flop (didn't bet)
Seat 9: B0rz___888 (small blind) collected ($0.06)



PokerStars Hand #227704523678:  Hold'em No Limit ($0.01/$0.02 USD) - 2021/06/19 15:25:29 PT [2021/06/19 18:25:29 ET]
Table 'Senta II' 9-max Seat #9 is the button
Seat 1: Ne0net ($2.48 in chips) 
Seat 2: Gawrosz23 ($1.70 in chips) 
Seat 3: Morphine12 ($2.10 in chips) 
Seat 4: Dorex2007 ($2.37 in chips) 
Seat 5: TM83TNY ($2.18 in chips) 
Seat 6: SerVzlet ($1.88 in chips) 
Seat 7: xxxxxxxx_br ($1.60 in chips) 
Seat 8: sammysnuggle ($1.82 in chips) 
Seat 9: B0rz___888 ($0.87 in chips) 
Ne0net: posts small blind $0.01
Gawrosz23: posts big blind $0.02
*** HOLE CARDS ***
Dealt to Dorex2007 [Qc 3h]
Morphine12: raises $0.02 to $0.04
Dorex2007: folds 
TM83TNY: folds 
SerVzlet: folds 
xxxxxxxx_br: folds 
sammysnuggle: folds 
B0rz___888: folds 
Ne0net: folds 
Gawrosz23: folds 
Uncalled bet ($0.02) returned to Morphine12
Morphine12 collected $0.05 from pot
*** SUMMARY ***
Total pot $0.05 | Rake $0 
Seat 1: Ne0net (small blind) folded before Flop
Seat 2: Gawrosz23 (big blind) folded before Flop
Seat 3: Morphine12 collected ($0.05)
Seat 4: Dorex2007 folded before Flop (didn't bet)
Seat 5: TM83TNY folded before Flop (didn't bet)
Seat 6: SerVzlet folded before Flop (didn't bet)
Seat 7: xxxxxxxx_br folded before Flop (didn't bet)
Seat 8: sammysnuggle folded before Flop (didn't bet)
Seat 9: B0rz___888 (button) folded before Flop (didn't bet)



PokerStars Hand #227704531067:  Hold'em No Limit ($0.01/$0.02 USD) - 2021/06/19 15:25:49 PT [2021/06/19 18:25:49 ET]
Table 'Senta II' 9-max Seat #1 is the button
Seat 1: Ne0net ($2.47 in chips) 
Seat 2: Gawrosz23 ($1.68 in chips) 
Seat 3: Morphine12 ($2.13 in chips) 
Seat 4: Dorex2007 ($2.37 in chips) 
Seat 5: TM83TNY ($2.18 in chips) 
Seat 6: SerVzlet ($1.88 in chips) 
Seat 7: xxxxxxxx_br ($1.60 in chips) 
Seat 8: sammysnuggle ($1.82 in chips) 
Seat 9: B0rz___888 ($0.87 in chips) 
Gawrosz23: posts small blind $0.01
Morphine12: posts big blind $0.02
*** HOLE CARDS ***
Dealt to Dorex2007 [Ac Qh]
Dorex2007: raises $0.02 to $0.04
TM83TNY: folds 
SerVzlet: folds 
xxxxxxxx_br: folds 
sammysnuggle: folds 
B0rz___888: folds 
Ne0net: folds 
Gawrosz23: raises $0.06 to $0.10
Morphine12: calls $0.08
Dorex2007: calls $0.06
*** FLOP *** [4d 3s Ks]
Gawrosz23: bets $0.14
Morphine12: folds 
Dorex2007: folds 
Uncalled bet ($0.14) returned to Gawrosz23
Gawrosz23 collected $0.29 from pot
Gawrosz23: doesn't show hand 
*** SUMMARY ***
Total pot $0.30 | Rake $0.01 
Board [4d 3s Ks]
Seat 1: Ne0net (button) folded before Flop (didn't bet)
Seat 2: Gawrosz23 (small blind) collected ($0.29)
Seat 3: Morphine12 (big blind) folded on the Flop
Seat 4: Dorex2007 folded on the Flop
Seat 5: TM83TNY folded before Flop (didn't bet)
Seat 6: SerVzlet folded before Flop (didn't bet)
Seat 7: xxxxxxxx_br folded before Flop (didn't bet)
Seat 8: sammysnuggle folded before Flop (didn't bet)
Seat 9: B0rz___888 folded before Flop (didn't bet)



PokerStars Hand #227704550884:  Hold'em No Limit ($0.01/$0.02 USD) - 2021/06/19 15:26:22 PT [2021/06/19 18:26:22 ET]
Table 'Senta II' 9-max Seat #2 is the button
Seat 1: Ne0net ($2.47 in chips) 
Seat 2: Gawrosz23 ($1.87 in chips) 
Seat 3: Morphine12 ($2.03 in chips) 
Seat 4: Dorex2007 ($2.27 in chips) 
Seat 5: TM83TNY ($2.18 in chips) 
Seat 6: SerVzlet ($1.88 in chips) 
Seat 7: xxxxxxxx_br ($1.60 in chips) 
Seat 8: sammysnuggle ($1.82 in chips) 
Seat 9: B0rz___888 ($0.87 in chips) 
Morphine12: posts small blind $0.01
Dorex2007: posts big blind $0.02
*** HOLE CARDS ***
Dealt to Dorex2007 [Qs Jh]
TM83TNY: folds 
SerVzlet: folds 
xxxxxxxx_br: folds 
sammysnuggle: raises $0.06 to $0.08
B0rz___888: folds 
Ne0net: folds 
Gawrosz23: calls $0.08
Morphine12: folds 
Dorex2007: folds 
*** FLOP *** [6d Th 4c]
sammysnuggle: checks 
Gawrosz23: bets $0.09
sammysnuggle: raises $0.13 to $0.22
Gawrosz23: folds 
Uncalled bet ($0.13) returned to sammysnuggle
sammysnuggle collected $0.36 from pot
sammysnuggle: doesn't show hand 
*** SUMMARY ***
Total pot $0.37 | Rake $0.01 
Board [6d Th 4c]
Seat 1: Ne0net folded before Flop (didn't bet)
Seat 2: Gawrosz23 (button) folded on the Flop
Seat 3: Morphine12 (small blind) folded before Flop
Seat 4: Dorex2007 (big blind) folded before Flop
Seat 5: TM83TNY folded before Flop (didn't bet)
Seat 6: SerVzlet folded before Flop (didn't bet)
Seat 7: xxxxxxxx_br folded before Flop (didn't bet)
Seat 8: sammysnuggle collected ($0.36)
Seat 9: B0rz___888 folded before Flop (didn't bet)



PokerStars Hand #227704565964:  Hold'em No Limit ($0.01/$0.02 USD) - 2021/06/19 15:27:03 PT [2021/06/19 18:27:03 ET]
Table 'Senta II' 9-max Seat #3 is the button
Seat 1: Ne0net ($2.47 in chips) 
Seat 2: Gawrosz23 ($1.70 in chips) 
Seat 3: Morphine12 ($2.02 in chips) 
Seat 4: Dorex2007 ($2.25 in chips) 
Seat 5: TM83TNY ($2.18 in chips) 
Seat 6: SerVzlet ($1.88 in chips) 
Seat 7: xxxxxxxx_br ($1.60 in chips) 
Seat 8: sammysnuggle ($2.01 in chips) 
Seat 9: B0rz___888 ($0.87 in chips) 
Dorex2007: posts small blind $0.01
TM83TNY: posts big blind $0.02
*** HOLE CARDS ***
Dealt to Dorex2007 [5d 2c]
SerVzlet: folds 
xxxxxxxx_br has timed out
xxxxxxxx_br: folds 
sammysnuggle: folds 
B0rz___888: raises $0.04 to $0.06
Ne0net: folds 
Gawrosz23: folds 
Morphine12: calls $0.06
Dorex2007: folds 
TM83TNY: folds 
*** FLOP *** [Ks Qc Ac]
B0rz___888: bets $0.08
Morphine12: folds 
Uncalled bet ($0.08) returned to B0rz___888
B0rz___888 collected $0.14 from pot
*** SUMMARY ***
Total pot $0.15 | Rake $0.01 
Board [Ks Qc Ac]
Seat 1: Ne0net folded before Flop (didn't bet)
Seat 2: Gawrosz23 folded before Flop (didn't bet)
Seat 3: Morphine12 (button) folded on the Flop
Seat 4: Dorex2007 (small blind) folded before Flop
Seat 5: TM83TNY (big blind) folded before Flop
Seat 6: SerVzlet folded before Flop (didn't bet)
Seat 7: xxxxxxxx_br folded before Flop (didn't bet)
Seat 8: sammysnuggle folded before Flop (didn't bet)
Seat 9: B0rz___888 collected ($0.14)



PokerStars Hand #227704581974:  Hold'em No Limit ($0.01/$0.02 USD) - 2021/06/19 15:27:47 PT [2021/06/19 18:27:47 ET]
Table 'Senta II' 9-max Seat #4 is the button
Seat 1: Ne0net ($2.47 in chips) 
Seat 2: Gawrosz23 ($1.70 in chips) 
Seat 3: Morphine12 ($1.96 in chips) 
Seat 4: Dorex2007 ($2.24 in chips) 
Seat 5: TM83TNY ($2.16 in chips) 
Seat 6: SerVzlet ($1.88 in chips) 
Seat 7: xxxxxxxx_br ($1.60 in chips) 
Seat 8: sammysnuggle ($2.01 in chips) 
Seat 9: B0rz___888 ($0.95 in chips) 
TM83TNY: posts small blind $0.01
SerVzlet: posts big blind $0.02
*** HOLE CARDS ***
Dealt to Dorex2007 [9c Ts]
xxxxxxxx_br: folds 
sammysnuggle: calls $0.02
B0rz___888: folds 
Ne0net: folds 
Gawrosz23: calls $0.02
Morphine12: folds 
Dorex2007: calls $0.02
TM83TNY: calls $0.01
SerVzlet: checks 
*** FLOP *** [5h Qh 3h]
TM83TNY: checks 
SerVzlet: checks 
sammysnuggle: checks 
Gawrosz23: checks 
Dorex2007: checks 
*** TURN *** [5h Qh 3h] [2c]
TM83TNY: bets $0.10
SerVzlet: folds 
sammysnuggle: folds 
Gawrosz23: folds 
Dorex2007: folds 
Uncalled bet ($0.10) returned to TM83TNY
TM83TNY collected $0.10 from pot
TM83TNY: doesn't show hand 
*** SUMMARY ***
Total pot $0.10 | Rake $0 
Board [5h Qh 3h 2c]
Seat 1: Ne0net folded before Flop (didn't bet)
Seat 2: Gawrosz23 folded on the Turn
Seat 3: Morphine12 folded before Flop (didn't bet)
Seat 4: Dorex2007 (button) folded on the Turn
Seat 5: TM83TNY (small blind) collected ($0.10)
Seat 6: SerVzlet (big blind) folded on the Turn
Seat 7: xxxxxxxx_br folded before Flop (didn't bet)
Seat 8: sammysnuggle folded on the Turn
Seat 9: B0rz___888 folded before Flop (didn't bet)



PokerStars Hand #227704598663:  Hold'em No Limit ($0.01/$0.02 USD) - 2021/06/19 15:28:32 PT [2021/06/19 18:28:32 ET]
Table 'Senta II' 9-max Seat #5 is the button
Seat 1: Ne0net ($2.47 in chips) 
Seat 2: Gawrosz23 ($1.68 in chips) 
Seat 3: Morphine12 ($1.96 in chips) 
Seat 4: Dorex2007 ($2.22 in chips) 
Seat 5: TM83TNY ($2.24 in chips) 
Seat 6: SerVzlet ($1.86 in chips) 
Seat 7: xxxxxxxx_br ($1.60 in chips) 
Seat 8: sammysnuggle ($1.99 in chips) 
Seat 9: B0rz___888 ($0.95 in chips) 
SerVzlet: posts small blind $0.01
xxxxxxxx_br: posts big blind $0.02
*** HOLE CARDS ***
Dealt to Dorex2007 [4d 2d]
sammysnuggle: folds 
B0rz___888: calls $0.02
Ne0net: folds 
Gawrosz23: folds 
Morphine12: folds 
Dorex2007: folds 
TM83TNY: folds 
SerVzlet: folds 
xxxxxxxx_br: checks 
*** FLOP *** [9s 3d 5h]
xxxxxxxx_br: checks 
B0rz___888: bets $0.04
xxxxxxxx_br: folds 
Uncalled bet ($0.04) returned to B0rz___888
B0rz___888 collected $0.05 from pot
*** SUMMARY ***
Total pot $0.05 | Rake $0 
Board [9s 3d 5h]
Seat 1: Ne0net folded before Flop (didn't bet)
Seat 2: Gawrosz23 folded before Flop (didn't bet)
Seat 3: Morphine12 folded before Flop (didn't bet)
Seat 4: Dorex2007 folded before Flop (didn't bet)
Seat 5: TM83TNY (button) folded before Flop (didn't bet)
Seat 6: SerVzlet (small blind) folded before Flop
Seat 7: xxxxxxxx_br (big blind) folded on the Flop
Seat 8: sammysnuggle folded before Flop (didn't bet)
Seat 9: B0rz___888 collected ($0.05)



PokerStars Hand #227704613496:  Hold'em No Limit ($0.01/$0.02 USD) - 2021/06/19 15:29:13 PT [2021/06/19 18:29:13 ET]
Table 'Senta II' 9-max Seat #6 is the button
Seat 1: Ne0net ($2.47 in chips) 
Seat 2: Gawrosz23 ($1.68 in chips) 
Seat 3: Morphine12 ($1.96 in chips) 
Seat 4: Dorex2007 ($2.22 in chips) 
Seat 5: TM83TNY ($2.24 in chips) 
Seat 6: SerVzlet ($1.85 in chips) 
Seat 7: xxxxxxxx_br ($1.58 in chips) 
Seat 8: sammysnuggle ($1.99 in chips) 
Seat 9: B0rz___888 ($0.98 in chips) 
xxxxxxxx_br: posts small blind $0.01
sammysnuggle: posts big blind $0.02
*** HOLE CARDS ***
Dealt to Dorex2007 [6d Tc]
B0rz___888: folds 
Ne0net: folds 
Gawrosz23: folds 
Morphine12: folds 
Dorex2007: folds 
TM83TNY: folds 
SerVzlet: raises $0.03 to $0.05
xxxxxxxx_br: folds 
sammysnuggle: folds 
Uncalled bet ($0.03) returned to SerVzlet
SerVzlet collected $0.05 from pot
SerVzlet: doesn't show hand 
*** SUMMARY ***
Total pot $0.05 | Rake $0 
Seat 1: Ne0net folded before Flop (didn't bet)
Seat 2: Gawrosz23 folded before Flop (didn't bet)
Seat 3: Morphine12 folded before Flop (didn't bet)
Seat 4: Dorex2007 folded before Flop (didn't bet)
Seat 5: TM83TNY folded before Flop (didn't bet)
Seat 6: SerVzlet (button) collected ($0.05)
Seat 7: xxxxxxxx_br (small blind) folded before Flop
Seat 8: sammysnuggle (big blind) folded before Flop
Seat 9: B0rz___888 folded before Flop (didn't bet)



PokerStars Hand #227704625199:  Hold'em No Limit ($0.01/$0.02 USD) - 2021/06/19 15:29:45 PT [2021/06/19 18:29:45 ET]
Table 'Senta II' 9-max Seat #7 is the button
Seat 1: Ne0net ($2.47 in chips) 
Seat 2: Gawrosz23 ($1.68 in chips) 
Seat 3: Morphine12 ($1.96 in chips) 
Seat 4: Dorex2007 ($2.22 in chips) 
Seat 5: TM83TNY ($2.24 in chips) 
Seat 6: SerVzlet ($1.88 in chips) 
Seat 7: xxxxxxxx_br ($1.57 in chips) 
Seat 8: sammysnuggle ($1.97 in chips) 
Seat 9: B0rz___888 ($0.98 in chips) 
sammysnuggle: posts small blind $0.01
B0rz___888: posts big blind $0.02
*** HOLE CARDS ***
Dealt to Dorex2007 [Jc Td]
Ne0net: folds 
Gawrosz23: folds 
Morphine12: folds 
Dorex2007: folds 
TM83TNY: folds 
SerVzlet: folds 
xxxxxxxx_br has timed out
xxxxxxxx_br: folds 
sammysnuggle: folds 
Uncalled bet ($0.01) returned to B0rz___888
B0rz___888 collected $0.02 from pot
*** SUMMARY ***
Total pot $0.02 | Rake $0 
Seat 1: Ne0net folded before Flop (didn't bet)
Seat 2: Gawrosz23 folded before Flop (didn't bet)
Seat 3: Morphine12 folded before Flop (didn't bet)
Seat 4: Dorex2007 folded before Flop (didn't bet)
Seat 5: TM83TNY folded before Flop (didn't bet)
Seat 6: SerVzlet folded before Flop (didn't bet)
Seat 7: xxxxxxxx_br (button) folded before Flop (didn't bet)
Seat 8: sammysnuggle (small blind) folded before Flop
Seat 9: B0rz___888 (big blind) collected ($0.02)



PokerStars Hand #227704635771:  Hold'em No Limit ($0.01/$0.02 USD) - 2021/06/19 15:30:14 PT [2021/06/19 18:30:14 ET]
Table 'Senta II' 9-max Seat #8 is the button
Seat 2: Gawrosz23 ($1.68 in chips) 
Seat 3: Morphine12 ($1.96 in chips) 
Seat 4: Dorex2007 ($2.22 in chips) 
Seat 5: TM83TNY ($2.24 in chips) 
Seat 6: SerVzlet ($1.88 in chips) 
Seat 8: sammysnuggle ($1.96 in chips) 
Seat 9: B0rz___888 ($0.99 in chips) 
B0rz___888: posts small blind $0.01
Ne0net: is sitting out 
Gawrosz23: posts big blind $0.02
*** HOLE CARDS ***
Dealt to Dorex2007 [3d 5c]
Morphine12: folds 
Dorex2007: folds 
TM83TNY: folds 
SerVzlet: folds 
sammysnuggle: folds 
B0rz___888: raises $0.04 to $0.06
Gawrosz23: folds 
Uncalled bet ($0.04) returned to B0rz___888
B0rz___888 collected $0.04 from pot
*** SUMMARY ***
Total pot $0.04 | Rake $0 
Seat 2: Gawrosz23 (big blind) folded before Flop
Seat 3: Morphine12 folded before Flop (didn't bet)
Seat 4: Dorex2007 folded before Flop (didn't bet)
Seat 5: TM83TNY folded before Flop (didn't bet)
Seat 6: SerVzlet folded before Flop (didn't bet)
Seat 8: sammysnuggle (button) folded before Flop (didn't bet)
Seat 9: B0rz___888 (small blind) collected ($0.04)



PokerStars Hand #227704643458:  Hold'em No Limit ($0.01/$0.02 USD) - 2021/06/19 15:30:35 PT [2021/06/19 18:30:35 ET]
Table 'Senta II' 9-max Seat #9 is the button
Seat 2: Gawrosz23 ($1.66 in chips) 
Seat 3: Morphine12 ($1.96 in chips) 
Seat 4: Dorex2007 ($2.22 in chips) 
Seat 5: TM83TNY ($2.24 in chips) 
Seat 6: SerVzlet ($1.88 in chips) 
Seat 7: xxxxxxxx_br ($1.57 in chips) 
Seat 8: sammysnuggle ($1.96 in chips) 
Seat 9: B0rz___888 ($1.01 in chips) 
Gawrosz23: posts small blind $0.01
Morphine12: posts big blind $0.02
*** HOLE CARDS ***
Dealt to Dorex2007 [Jh 5c]
Dorex2007: folds 
TM83TNY: folds 
SerVzlet: folds 
xxxxxxxx_br: calls $0.02
sammysnuggle: folds 
B0rz___888: folds 
Gawrosz23: folds 
Morphine12: checks 
*** FLOP *** [Qc 9d Tc]
Morphine12: checks 
xxxxxxxx_br: bets $0.04
Morphine12: folds 
Uncalled bet ($0.04) returned to xxxxxxxx_br
xxxxxxxx_br collected $0.05 from pot
xxxxxxxx_br: doesn't show hand 
*** SUMMARY ***
Total pot $0.05 | Rake $0 
Board [Qc 9d Tc]
Seat 2: Gawrosz23 (small blind) folded before Flop
Seat 3: Morphine12 (big blind) folded on the Flop
Seat 4: Dorex2007 folded before Flop (didn't bet)
Seat 5: TM83TNY folded before Flop (didn't bet)
Seat 6: SerVzlet folded before Flop (didn't bet)
Seat 7: xxxxxxxx_br collected ($0.05)
Seat 8: sammysnuggle folded before Flop (didn't bet)
Seat 9: B0rz___888 (button) folded before Flop (didn't bet)



PokerStars Hand #227704655800:  Hold'em No Limit ($0.01/$0.02 USD) - 2021/06/19 15:31:07 PT [2021/06/19 18:31:07 ET]
Table 'Senta II' 9-max Seat #2 is the button
Seat 2: Gawrosz23 ($1.65 in chips) 
Seat 3: Morphine12 ($1.94 in chips) 
Seat 4: Dorex2007 ($2.22 in chips) 
Seat 5: TM83TNY ($2.24 in chips) 
Seat 6: SerVzlet ($1.88 in chips) 
Seat 7: xxxxxxxx_br ($1.60 in chips) 
Seat 8: sammysnuggle ($1.96 in chips) 
Seat 9: B0rz___888 ($1.01 in chips) 
Morphine12: posts small blind $0.01
Dorex2007: posts big blind $0.02
*** HOLE CARDS ***
Dealt to Dorex2007 [8d 9s]
TM83TNY: folds 
SerVzlet: folds 
xxxxxxxx_br: folds 
sammysnuggle: folds 
B0rz___888: raises $0.04 to $0.06
Gawrosz23: calls $0.06
Morphine12: folds 
Dorex2007: folds 
*** FLOP *** [Jc Ts Qc]
B0rz___888: bets $0.08
Gawrosz23: raises $1.51 to $1.59 and is all-in
B0rz___888: folds 
Uncalled bet ($1.51) returned to Gawrosz23
Gawrosz23 collected $0.30 from pot
Gawrosz23: doesn't show hand 
*** SUMMARY ***
Total pot $0.31 | Rake $0.01 
Board [Jc Ts Qc]
Seat 2: Gawrosz23 (button) collected ($0.30)
Seat 3: Morphine12 (small blind) folded before Flop
Seat 4: Dorex2007 (big blind) folded before Flop
Seat 5: TM83TNY folded before Flop (didn't bet)
Seat 6: SerVzlet folded before Flop (didn't bet)
Seat 7: xxxxxxxx_br folded before Flop (didn't bet)
Seat 8: sammysnuggle folded before Flop (didn't bet)
Seat 9: B0rz___888 folded on the Flop



PokerStars Hand #227704677837:  Hold'em No Limit ($0.01/$0.02 USD) - 2021/06/19 15:32:07 PT [2021/06/19 18:32:07 ET]
Table 'Senta II' 9-max Seat #3 is the button
Seat 2: Gawrosz23 ($1.81 in chips) 
Seat 3: Morphine12 ($1.93 in chips) 
Seat 4: Dorex2007 ($2.20 in chips) 
Seat 5: TM83TNY ($2.24 in chips) 
Seat 6: SerVzlet ($1.88 in chips) 
Seat 7: xxxxxxxx_br ($1.60 in chips) 
Seat 8: sammysnuggle ($1.96 in chips) 
Seat 9: B0rz___888 ($0.87 in chips) 
Dorex2007: posts small blind $0.01
TM83TNY: posts big blind $0.02
*** HOLE CARDS ***
Dealt to Dorex2007 [Ts 3s]
SerVzlet: folds 
xxxxxxxx_br: folds 
sammysnuggle: folds 
B0rz___888: folds 
Gawrosz23: raises $0.02 to $0.04
Morphine12: calls $0.04
Dorex2007: folds 
TM83TNY: folds 
*** FLOP *** [7s 9d 5s]
Gawrosz23: bets $0.11
Morphine12: folds 
Uncalled bet ($0.11) returned to Gawrosz23
Gawrosz23 collected $0.11 from pot
Gawrosz23: doesn't show hand 
*** SUMMARY ***
Total pot $0.11 | Rake $0 
Board [7s 9d 5s]
Seat 2: Gawrosz23 collected ($0.11)
Seat 3: Morphine12 (button) folded on the Flop
Seat 4: Dorex2007 (small blind) folded before Flop
Seat 5: TM83TNY (big blind) folded before Flop
Seat 6: SerVzlet folded before Flop (didn't bet)
Seat 7: xxxxxxxx_br folded before Flop (didn't bet)
Seat 8: sammysnuggle folded before Flop (didn't bet)
Seat 9: B0rz___888 folded before Flop (didn't bet)



PokerStars Hand #227704684402:  Hold'em No Limit ($0.01/$0.02 USD) - 2021/06/19 15:32:25 PT [2021/06/19 18:32:25 ET]
Table 'Senta II' 9-max Seat #4 is the button
Seat 2: Gawrosz23 ($1.88 in chips) 
Seat 3: Morphine12 ($1.89 in chips) 
Seat 4: Dorex2007 ($2.19 in chips) 
Seat 5: TM83TNY ($2.22 in chips) 
Seat 6: SerVzlet ($1.88 in chips) 
Seat 7: xxxxxxxx_br ($1.60 in chips) 
Seat 8: sammysnuggle ($1.96 in chips) 
Seat 9: B0rz___888 ($0.87 in chips) 
TM83TNY: posts small blind $0.01
SerVzlet: posts big blind $0.02
*** HOLE CARDS ***
Dealt to Dorex2007 [5c 3d]
xxxxxxxx_br: folds 
sammysnuggle: folds 
B0rz___888: folds 
Gawrosz23: folds 
Morphine12: folds 
Dorex2007: folds 
TM83TNY: folds 
Uncalled bet ($0.01) returned to SerVzlet
SerVzlet collected $0.02 from pot
SerVzlet: doesn't show hand 
*** SUMMARY ***
Total pot $0.02 | Rake $0 
Seat 2: Gawrosz23 folded before Flop (didn't bet)
Seat 3: Morphine12 folded before Flop (didn't bet)
Seat 4: Dorex2007 (button) folded before Flop (didn't bet)
Seat 5: TM83TNY (small blind) folded before Flop
Seat 6: SerVzlet (big blind) collected ($0.02)
Seat 7: xxxxxxxx_br folded before Flop (didn't bet)
Seat 8: sammysnuggle folded before Flop (didn't bet)
Seat 9: B0rz___888 folded before Flop (didn't bet)



PokerStars Hand #227704691054:  Hold'em No Limit ($0.01/$0.02 USD) - 2021/06/19 15:32:43 PT [2021/06/19 18:32:43 ET]
Table 'Senta II' 9-max Seat #5 is the button
Seat 2: Gawrosz23 ($1.88 in chips) 
Seat 3: Morphine12 ($1.89 in chips) 
Seat 4: Dorex2007 ($2.19 in chips) 
Seat 5: TM83TNY ($2.21 in chips) 
Seat 6: SerVzlet ($1.89 in chips) 
Seat 8: sammysnuggle ($1.96 in chips) 
Seat 9: B0rz___888 ($0.87 in chips) 
SerVzlet: posts small blind $0.01
xxxxxxxx_br: is sitting out 
sammysnuggle: posts big blind $0.02
*** HOLE CARDS ***
Dealt to Dorex2007 [Ad Tc]
B0rz___888: folds 
Gawrosz23: calls $0.02
Morphine12: folds 
xxxxxxxx_br leaves the table
Dorex2007: calls $0.02
TM83TNY: folds 
SerVzlet: raises $0.14 to $0.16
sammysnuggle: folds 
Gawrosz23: folds 
zemattos joins the table at seat #7 
zemattos leaves the table
Dorex2007: folds 
Uncalled bet ($0.14) returned to SerVzlet
SerVzlet collected $0.08 from pot
SerVzlet: doesn't show hand 
*** SUMMARY ***
Total pot $0.08 | Rake $0 
Seat 2: Gawrosz23 folded before Flop
Seat 3: Morphine12 folded before Flop (didn't bet)
Seat 4: Dorex2007 folded before Flop
Seat 5: TM83TNY (button) folded before Flop (didn't bet)
Seat 6: SerVzlet (small blind) collected ($0.08)
Seat 8: sammysnuggle (big blind) folded before Flop
Seat 9: B0rz___888 folded before Flop (didn't bet)



PokerStars Hand #227704711681:  Hold'em No Limit ($0.01/$0.02 USD) - 2021/06/19 15:33:39 PT [2021/06/19 18:33:39 ET]
Table 'Senta II' 9-max Seat #6 is the button
Seat 2: Gawrosz23 ($1.86 in chips) 
Seat 3: Morphine12 ($1.89 in chips) 
Seat 4: Dorex2007 ($2.17 in chips) 
Seat 5: TM83TNY ($2.21 in chips) 
Seat 6: SerVzlet ($1.95 in chips) 
Seat 8: sammysnuggle ($1.94 in chips) 
Seat 9: B0rz___888 ($0.87 in chips) 
sammysnuggle: posts small blind $0.01
B0rz___888: posts big blind $0.02
Ne0net: sits out 
*** HOLE CARDS ***
Dealt to Dorex2007 [Qh 8h]
Gawrosz23: folds 
Morphine12: folds 
Dorex2007: folds 
TM83TNY: calls $0.02
SerVzlet: folds 
sammysnuggle: calls $0.01
B0rz___888: checks 
*** FLOP *** [Jc 7c Kh]
sammysnuggle: checks 
B0rz___888: checks 
chain38 joins the table at seat #7 
TM83TNY: bets $0.08
sammysnuggle: folds 
B0rz___888: calls $0.08
*** TURN *** [Jc 7c Kh] [Tc]
B0rz___888: checks 
TM83TNY: bets $0.07
B0rz___888: calls $0.07
*** RIVER *** [Jc 7c Kh Tc] [5s]
B0rz___888: checks 
TM83TNY: checks 
*** SHOW DOWN ***
B0rz___888: shows [Ts Qc] (a pair of Tens)
TM83TNY: shows [Jd 9s] (a pair of Jacks)
TM83TNY collected $0.35 from pot
*** SUMMARY ***
Total pot $0.36 | Rake $0.01 
Board [Jc 7c Kh Tc 5s]
Seat 2: Gawrosz23 folded before Flop (didn't bet)
Seat 3: Morphine12 folded before Flop (didn't bet)
Seat 4: Dorex2007 folded before Flop (didn't bet)
Seat 5: TM83TNY showed [Jd 9s] and won ($0.35) with a pair of Jacks
Seat 6: SerVzlet (button) folded before Flop (didn't bet)
Seat 8: sammysnuggle (small blind) folded on the Flop
Seat 9: B0rz___888 (big blind) showed [Ts Qc] and lost with a pair of Tens



PokerStars Hand #227704731346:  Hold'em No Limit ($0.01/$0.02 USD) - 2021/06/19 15:34:32 PT [2021/06/19 18:34:32 ET]
Table 'Senta II' 9-max Seat #8 is the button
Seat 1: Ne0net ($2.47 in chips) 
Seat 2: Gawrosz23 ($1.86 in chips) 
Seat 3: Morphine12 ($1.89 in chips) 
Seat 4: Dorex2007 ($2.17 in chips) 
Seat 5: TM83TNY ($2.39 in chips) 
Seat 6: SerVzlet ($1.95 in chips) 
Seat 8: sammysnuggle ($1.92 in chips) 
Seat 9: B0rz___888 ($0.70 in chips) 
B0rz___888: posts small blind $0.01
Ne0net: posts big blind $0.02
chain38: sits out 
*** HOLE CARDS ***
Dealt to Dorex2007 [4s 5c]
Gawrosz23: folds 
Morphine12: folds 
Dorex2007: folds 
TM83TNY: calls $0.02
SerVzlet: calls $0.02
sammysnuggle: folds 
B0rz___888: folds 
Ne0net: checks 
*** FLOP *** [2h 5s Td]
Ne0net: checks 
TM83TNY: checks 
SerVzlet: bets $0.04
Ne0net: folds 
TM83TNY: calls $0.04
*** TURN *** [2h 5s Td] [Js]
TM83TNY: checks 
SerVzlet: bets $0.07
TM83TNY: calls $0.07
*** RIVER *** [2h 5s Td Js] [6h]
TM83TNY: bets $0.15
SerVzlet: raises $1.67 to $1.82 and is all-in
TM83TNY: calls $1.67
*** SHOW DOWN ***
SerVzlet: shows [6c 6s] (three of a kind, Sixes)
TM83TNY: shows [Jd Kc] (a pair of Jacks)
SerVzlet collected $3.79 from pot
*** SUMMARY ***
Total pot $3.93 | Rake $0.14 
Board [2h 5s Td Js 6h]
Seat 1: Ne0net (big blind) folded on the Flop
Seat 2: Gawrosz23 folded before Flop (didn't bet)
Seat 3: Morphine12 folded before Flop (didn't bet)
Seat 4: Dorex2007 folded before Flop (didn't bet)
Seat 5: TM83TNY showed [Jd Kc] and lost with a pair of Jacks
Seat 6: SerVzlet showed [6c 6s] and won ($3.79) with three of a kind, Sixes
Seat 8: sammysnuggle (button) folded before Flop (didn't bet)
Seat 9: B0rz___888 (small blind) folded before Flop



PokerStars Hand #227704752351:  Hold'em No Limit ($0.01/$0.02 USD) - 2021/06/19 15:35:29 PT [2021/06/19 18:35:29 ET]
Table 'Senta II' 9-max Seat #9 is the button
Seat 1: Ne0net ($2.45 in chips) 
Seat 2: Gawrosz23 ($1.86 in chips) 
Seat 3: Morphine12 ($1.89 in chips) 
Seat 4: Dorex2007 ($2.17 in chips) 
Seat 5: TM83TNY ($2 in chips) 
Seat 6: SerVzlet ($3.79 in chips) 
Seat 7: chain38 ($0.80 in chips) 
Seat 8: sammysnuggle ($1.92 in chips) 
Seat 9: B0rz___888 ($0.69 in chips) 
Ne0net: posts small blind $0.01
Gawrosz23: posts big blind $0.02
chain38: posts big blind $0.02
*** HOLE CARDS ***
Dealt to Dorex2007 [Tc 7h]
Morphine12: folds 
Dorex2007: folds 
TM83TNY: folds 
SerVzlet: folds 
chain38: checks 
sammysnuggle: folds 
B0rz___888: raises $0.08 to $0.10
Ne0net: folds 
Gawrosz23: folds 
chain38: folds 
Uncalled bet ($0.08) returned to B0rz___888
B0rz___888 collected $0.07 from pot
*** SUMMARY ***
Total pot $0.07 | Rake $0 
Seat 1: Ne0net (small blind) folded before Flop
Seat 2: Gawrosz23 (big blind) folded before Flop
Seat 3: Morphine12 folded before Flop (didn't bet)
Seat 4: Dorex2007 folded before Flop (didn't bet)
Seat 5: TM83TNY folded before Flop (didn't bet)
Seat 6: SerVzlet folded before Flop (didn't bet)
Seat 7: chain38 folded before Flop (didn't bet)
Seat 8: sammysnuggle folded before Flop (didn't bet)
Seat 9: B0rz___888 (button) collected ($0.07)



PokerStars Hand #227704769191:  Hold'em No Limit ($0.01/$0.02 USD) - 2021/06/19 15:36:01 PT [2021/06/19 18:36:01 ET]
Table 'Senta II' 9-max Seat #1 is the button
Seat 1: Ne0net ($2.44 in chips) 
Seat 2: Gawrosz23 ($1.84 in chips) 
Seat 3: Morphine12 ($1.89 in chips) 
Seat 4: Dorex2007 ($2.17 in chips) 
Seat 5: TM83TNY ($2 in chips) 
Seat 6: SerVzlet ($3.79 in chips) 
Seat 7: chain38 ($0.78 in chips) 
Seat 8: sammysnuggle ($1.92 in chips) 
Seat 9: B0rz___888 ($0.74 in chips) 
Gawrosz23: posts small blind $0.01
Morphine12: posts big blind $0.02
*** HOLE CARDS ***
Dealt to Dorex2007 [Ks Jc]
Dorex2007: folds 
TM83TNY: folds 
SerVzlet: folds 
chain38: calls $0.02
sammysnuggle: folds 
B0rz___888: calls $0.02
Ne0net: folds 
Gawrosz23: calls $0.01
Morphine12: checks 
*** FLOP *** [Qs 7d 2s]
Gawrosz23: checks 
Morphine12: checks 
chain38: checks 
B0rz___888: checks 
*** TURN *** [Qs 7d 2s] [9d]
Gawrosz23: checks 
Morphine12: checks 
chain38: checks 
B0rz___888: checks 
*** RIVER *** [Qs 7d 2s 9d] [8d]
Gawrosz23: checks 
Morphine12: checks 
chain38: checks 
B0rz___888: checks 
*** SHOW DOWN ***
Gawrosz23: shows [6d 6h] (a pair of Sixes)
Morphine12: shows [7h 5s] (a pair of Sevens)
chain38: mucks hand 
B0rz___888: mucks hand 
Morphine12 collected $0.08 from pot
*** SUMMARY ***
Total pot $0.08 | Rake $0 
Board [Qs 7d 2s 9d 8d]
Seat 1: Ne0net (button) folded before Flop (didn't bet)
Seat 2: Gawrosz23 (small blind) showed [6d 6h] and lost with a pair of Sixes
Seat 3: Morphine12 (big blind) showed [7h 5s] and won ($0.08) with a pair of Sevens
Seat 4: Dorex2007 folded before Flop (didn't bet)
Seat 5: TM83TNY folded before Flop (didn't bet)
Seat 6: SerVzlet folded before Flop (didn't bet)
Seat 7: chain38 mucked [Kd Js]
Seat 8: sammysnuggle folded before Flop (didn't bet)
Seat 9: B0rz___888 mucked [Kh 5h]



PokerStars Hand #227704797134:  Hold'em No Limit ($0.01/$0.02 USD) - 2021/06/19 15:37:09 PT [2021/06/19 18:37:09 ET]
Table 'Senta II' 9-max Seat #2 is the button
Seat 1: Ne0net ($2.44 in chips) 
Seat 2: Gawrosz23 ($1.82 in chips) 
Seat 3: Morphine12 ($1.95 in chips) 
Seat 4: Dorex2007 ($2.17 in chips) 
Seat 5: TM83TNY ($2 in chips) 
Seat 6: SerVzlet ($3.79 in chips) 
Seat 7: chain38 ($0.76 in chips) 
Seat 8: sammysnuggle ($1.92 in chips) 
Seat 9: B0rz___888 ($0.72 in chips) 
Morphine12: posts small blind $0.01
Dorex2007: posts big blind $0.02
*** HOLE CARDS ***
Dealt to Dorex2007 [9s 5c]
TM83TNY: folds 
SerVzlet: folds 
chain38: calls $0.02
sammysnuggle: folds 
B0rz___888: raises $0.06 to $0.08
Ne0net: folds 
Gawrosz23: calls $0.08
Morphine12: folds 
Dorex2007: folds 
chain38: calls $0.06
*** FLOP *** [Ad 8d 9d]
chain38: checks 
B0rz___888: checks 
Gawrosz23: bets $1.74 and is all-in
chain38: calls $0.68 and is all-in
B0rz___888: calls $0.64 and is all-in
Uncalled bet ($1.06) returned to Gawrosz23
*** TURN *** [Ad 8d 9d] [Qc]
*** RIVER *** [Ad 8d 9d Qc] [3h]
*** SHOW DOWN ***
chain38: shows [Js Kd] (high card Ace)
Gawrosz23: shows [9h 9c] (three of a kind, Nines)
B0rz___888: shows [Kh As] (a pair of Aces)
Gawrosz23 cashed out the hand for $1.46 | Cash Out Fee $0.01
chain38 cashed out the hand for $0.68 | Cash Out Fee $0.01
*** SUMMARY ***
Total pot $2.27 Main pot $2.11. Side pot $0.08. | Rake $0.08 
Board [Ad 8d 9d Qc 3h]
Seat 1: Ne0net folded before Flop (didn't bet)
Seat 2: Gawrosz23 (button) showed [9h 9c] and won ($2.19) with three of a kind, Nines (pot not awarded as player cashed out)
Seat 3: Morphine12 (small blind) folded before Flop
Seat 4: Dorex2007 (big blind) folded before Flop
Seat 5: TM83TNY folded before Flop (didn't bet)
Seat 6: SerVzlet folded before Flop (didn't bet)
Seat 7: chain38 showed [Js Kd] and lost with high card Ace (cashed out).
Seat 8: sammysnuggle folded before Flop (didn't bet)
Seat 9: B0rz___888 showed [Kh As] and lost with a pair of Aces



PokerStars Hand #227704819050:  Hold'em No Limit ($0.01/$0.02 USD) - 2021/06/19 15:38:07 PT [2021/06/19 18:38:07 ET]
Table 'Senta II' 9-max Seat #3 is the button
Seat 1: Ne0net ($2.44 in chips) 
Seat 2: Gawrosz23 ($2.52 in chips) 
Seat 3: Morphine12 ($1.94 in chips) 
Seat 4: Dorex2007 ($2.15 in chips) 
Seat 5: TM83TNY ($2 in chips) 
Seat 6: SerVzlet ($3.79 in chips) 
Seat 7: chain38 ($0.68 in chips) 
Seat 8: sammysnuggle ($1.92 in chips) 
Dorex2007: posts small blind $0.01
TM83TNY: posts big blind $0.02
*** HOLE CARDS ***
Dealt to Dorex2007 [Ts Qs]
SerVzlet: folds 
chain38: folds 
B0rz___888 leaves the table
sammysnuggle: folds 
Ne0net: folds 
Gawrosz23: folds 
Morphine12: folds 
Dorex2007: calls $0.01
TM83TNY: checks 
*** FLOP *** [Js 3d 2c]
Dorex2007: checks 
TM83TNY: bets $0.03
Dorex2007: folds 
Uncalled bet ($0.03) returned to TM83TNY
TM83TNY collected $0.04 from pot
TM83TNY: doesn't show hand 
*** SUMMARY ***
Total pot $0.04 | Rake $0 
Board [Js 3d 2c]
Seat 1: Ne0net folded before Flop (didn't bet)
Seat 2: Gawrosz23 folded before Flop (didn't bet)
Seat 3: Morphine12 (button) folded before Flop (didn't bet)
Seat 4: Dorex2007 (small blind) folded on the Flop
Seat 5: TM83TNY (big blind) collected ($0.04)
Seat 6: SerVzlet folded before Flop (didn't bet)
Seat 7: chain38 folded before Flop (didn't bet)
Seat 8: sammysnuggle folded before Flop (didn't bet)



PokerStars Hand #227704828169:  Hold'em No Limit ($0.01/$0.02 USD) - 2021/06/19 15:38:32 PT [2021/06/19 18:38:32 ET]
Table 'Senta II' 9-max Seat #4 is the button
Seat 1: Ne0net ($2.44 in chips) 
Seat 2: Gawrosz23 ($2.52 in chips) 
Seat 3: Morphine12 ($1.94 in chips) 
Seat 4: Dorex2007 ($2.13 in chips) 
Seat 5: TM83TNY ($2.02 in chips) 
Seat 6: SerVzlet ($3.79 in chips) 
Seat 7: chain38 ($0.68 in chips) 
Seat 8: sammysnuggle ($1.92 in chips) 
TM83TNY: posts small blind $0.01
SerVzlet: posts big blind $0.02
*** HOLE CARDS ***
Dealt to Dorex2007 [Qc 6c]
chain38: folds 
sammysnuggle: folds 
Ne0net: folds 
Gawrosz23: folds 
Morphine12: folds 
Dorex2007: raises $0.04 to $0.06
TM83TNY: folds 
SerVzlet: calls $0.04
*** FLOP *** [9c Ah 4s]
SerVzlet: checks 
Dorex2007: bets $0.09
SerVzlet: folds 
Uncalled bet ($0.09) returned to Dorex2007
Dorex2007 collected $0.13 from pot
Dorex2007: doesn't show hand 
*** SUMMARY ***
Total pot $0.13 | Rake $0 
Board [9c Ah 4s]
Seat 1: Ne0net folded before Flop (didn't bet)
Seat 2: Gawrosz23 folded before Flop (didn't bet)
Seat 3: Morphine12 folded before Flop (didn't bet)
Seat 4: Dorex2007 (button) collected ($0.13)
Seat 5: TM83TNY (small blind) folded before Flop
Seat 6: SerVzlet (big blind) folded on the Flop
Seat 7: chain38 folded before Flop (didn't bet)
Seat 8: sammysnuggle folded before Flop (didn't bet)



PokerStars Hand #227704839656:  Hold'em No Limit ($0.01/$0.02 USD) - 2021/06/19 15:39:03 PT [2021/06/19 18:39:03 ET]
Table 'Senta II' 9-max Seat #5 is the button
Seat 1: Ne0net ($2.44 in chips) 
Seat 2: Gawrosz23 ($2.52 in chips) 
Seat 3: Morphine12 ($1.94 in chips) 
Seat 4: Dorex2007 ($2.20 in chips) 
Seat 5: TM83TNY ($2.01 in chips) 
Seat 6: SerVzlet ($3.73 in chips) 
Seat 7: chain38 ($0.68 in chips) 
Seat 8: sammysnuggle ($1.92 in chips) 
SerVzlet: posts small blind $0.01
chain38: posts big blind $0.02
*** HOLE CARDS ***
Dealt to Dorex2007 [4c Qc]
sammysnuggle: folds 
Ne0net: folds 
Gawrosz23: folds 
Morphine12: folds 
Dorex2007: folds 
TM83TNY: folds 
SerVzlet: folds 
Uncalled bet ($0.01) returned to chain38
chain38 collected $0.02 from pot
chain38: doesn't show hand 
*** SUMMARY ***
Total pot $0.02 | Rake $0 
Seat 1: Ne0net folded before Flop (didn't bet)
Seat 2: Gawrosz23 folded before Flop (didn't bet)
Seat 3: Morphine12 folded before Flop (didn't bet)
Seat 4: Dorex2007 folded before Flop (didn't bet)
Seat 5: TM83TNY (button) folded before Flop (didn't bet)
Seat 6: SerVzlet (small blind) folded before Flop
Seat 7: chain38 (big blind) collected ($0.02)
Seat 8: sammysnuggle folded before Flop (didn't bet)



PokerStars Hand #227704848397:  Hold'em No Limit ($0.01/$0.02 USD) - 2021/06/19 15:39:27 PT [2021/06/19 18:39:27 ET]
Table 'Senta II' 9-max Seat #6 is the button
Seat 1: Ne0net ($2.44 in chips) 
Seat 2: Gawrosz23 ($2.52 in chips) 
Seat 3: Morphine12 ($1.94 in chips) 
Seat 4: Dorex2007 ($2.20 in chips) 
Seat 6: SerVzlet ($3.72 in chips) 
Seat 7: chain38 ($0.69 in chips) 
Seat 8: sammysnuggle ($1.92 in chips) 
chain38: posts small blind $0.01
sammysnuggle: posts big blind $0.02
*** HOLE CARDS ***
Dealt to Dorex2007 [Jd 7h]
TM83TNY leaves the table
Ne0net has timed out
Ne0net: folds 
Gawrosz23: folds 
Morphine12: folds 
Dorex2007: folds 
SerVzlet: folds 
chain38: raises $0.06 to $0.08
sammysnuggle: folds 
Uncalled bet ($0.06) returned to chain38
chain38 collected $0.04 from pot
chain38: doesn't show hand 
*** SUMMARY ***
Total pot $0.04 | Rake $0 
Seat 1: Ne0net folded before Flop (didn't bet)
Seat 2: Gawrosz23 folded before Flop (didn't bet)
Seat 3: Morphine12 folded before Flop (didn't bet)
Seat 4: Dorex2007 folded before Flop (didn't bet)
Seat 6: SerVzlet (button) folded before Flop (didn't bet)
Seat 7: chain38 (small blind) collected ($0.04)
Seat 8: sammysnuggle (big blind) folded before Flop



PokerStars Hand #227704855735:  Hold'em No Limit ($0.01/$0.02 USD) - 2021/06/19 15:39:47 PT [2021/06/19 18:39:47 ET]
Table 'Senta II' 9-max Seat #7 is the button
Seat 1: Ne0net ($2.44 in chips) 
Seat 2: Gawrosz23 ($2.52 in chips) 
Seat 3: Morphine12 ($1.94 in chips) 
Seat 4: Dorex2007 ($2.20 in chips) 
Seat 6: SerVzlet ($3.72 in chips) 
Seat 7: chain38 ($0.71 in chips) 
Seat 8: sammysnuggle ($1.90 in chips) 
sammysnuggle: posts small blind $0.01
Ne0net: posts big blind $0.02
*** HOLE CARDS ***
Dealt to Dorex2007 [5c 4h]
Gawrosz23: folds 
Morphine12: folds 
Dorex2007: folds 
SerVzlet: folds 
chain38: folds 
sammysnuggle: folds 
Uncalled bet ($0.01) returned to Ne0net
Ne0net collected $0.02 from pot
Ne0net: doesn't show hand 
*** SUMMARY ***
Total pot $0.02 | Rake $0 
Seat 1: Ne0net (big blind) collected ($0.02)
Seat 2: Gawrosz23 folded before Flop (didn't bet)
Seat 3: Morphine12 folded before Flop (didn't bet)
Seat 4: Dorex2007 folded before Flop (didn't bet)
Seat 6: SerVzlet folded before Flop (didn't bet)
Seat 7: chain38 (button) folded before Flop (didn't bet)
Seat 8: sammysnuggle (small blind) folded before Flop



PokerStars Hand #227704860914:  Hold'em No Limit ($0.01/$0.02 USD) - 2021/06/19 15:40:00 PT [2021/06/19 18:40:00 ET]
Table 'Senta II' 9-max Seat #8 is the button
Seat 1: Ne0net ($2.45 in chips) 
Seat 2: Gawrosz23 ($2.52 in chips) 
Seat 3: Morphine12 ($1.94 in chips) 
Seat 4: Dorex2007 ($2.20 in chips) 
Seat 6: SerVzlet ($3.72 in chips) 
Seat 7: chain38 ($0.71 in chips) 
Seat 8: sammysnuggle ($1.89 in chips) 
Ne0net: posts small blind $0.01
Gawrosz23: posts big blind $0.02
*** HOLE CARDS ***
Dealt to Dorex2007 [8c Tc]
Morphine12: raises $0.04 to $0.06
Dorex2007: folds 
SerVzlet: folds 
chain38: folds 
sammysnuggle: folds 
Ne0net: folds 
Gawrosz23: folds 
Uncalled bet ($0.04) returned to Morphine12
Morphine12 collected $0.05 from pot
*** SUMMARY ***
Total pot $0.05 | Rake $0 
Seat 1: Ne0net (small blind) folded before Flop
Seat 2: Gawrosz23 (big blind) folded before Flop
Seat 3: Morphine12 collected ($0.05)
Seat 4: Dorex2007 folded before Flop (didn't bet)
Seat 6: SerVzlet folded before Flop (didn't bet)
Seat 7: chain38 folded before Flop (didn't bet)
Seat 8: sammysnuggle (button) folded before Flop (didn't bet)



PokerStars Hand #227704865493:  Hold'em No Limit ($0.01/$0.02 USD) - 2021/06/19 15:40:13 PT [2021/06/19 18:40:13 ET]
Table 'Senta II' 9-max Seat #1 is the button
Seat 1: Ne0net ($2.44 in chips) 
Seat 2: Gawrosz23 ($2.50 in chips) 
Seat 3: Morphine12 ($1.97 in chips) 
Seat 4: Dorex2007 ($2.20 in chips) 
Seat 6: SerVzlet ($3.72 in chips) 
Seat 7: chain38 ($0.71 in chips) 
Seat 8: sammysnuggle ($1.89 in chips) 
Gawrosz23: posts small blind $0.01
Morphine12: posts big blind $0.02
*** HOLE CARDS ***
Dealt to Dorex2007 [6s 5h]
Dorex2007: folds 
SerVzlet: folds 
chain38: folds 
sammysnuggle: folds 
Ne0net: raises $0.03 to $0.05
Gawrosz23: folds 
Morphine12: folds 
Uncalled bet ($0.03) returned to Ne0net
Ne0net collected $0.05 from pot
Ne0net: doesn't show hand 
*** SUMMARY ***
Total pot $0.05 | Rake $0 
Seat 1: Ne0net (button) collected ($0.05)
Seat 2: Gawrosz23 (small blind) folded before Flop
Seat 3: Morphine12 (big blind) folded before Flop
Seat 4: Dorex2007 folded before Flop (didn't bet)
Seat 6: SerVzlet folded before Flop (didn't bet)
Seat 7: chain38 folded before Flop (didn't bet)
Seat 8: sammysnuggle folded before Flop (didn't bet)



PokerStars Hand #227704871558:  Hold'em No Limit ($0.01/$0.02 USD) - 2021/06/19 15:40:29 PT [2021/06/19 18:40:29 ET]
Table 'Senta II' 9-max Seat #2 is the button
Seat 1: Ne0net ($2.47 in chips) 
Seat 2: Gawrosz23 ($2.49 in chips) 
Seat 3: Morphine12 ($1.95 in chips) 
Seat 4: Dorex2007 ($2.20 in chips) 
Seat 6: SerVzlet ($3.72 in chips) 
Seat 7: chain38 ($0.71 in chips) 
Seat 8: sammysnuggle ($1.89 in chips) 
Morphine12: posts small blind $0.01
Dorex2007: posts big blind $0.02
*** HOLE CARDS ***
Dealt to Dorex2007 [Th 4s]
SerVzlet: folds 
chain38: calls $0.02
sammysnuggle: folds 
Ne0net: folds 
Gawrosz23: folds 
Morphine12: raises $0.04 to $0.06
Dorex2007: folds 
chain38: calls $0.04
*** FLOP *** [2d Kc Ad]
Morphine12: checks 
chain38: checks 
*** TURN *** [2d Kc Ad] [4c]
Morphine12: checks 
chain38: bets $0.04
Morphine12: calls $0.04
*** RIVER *** [2d Kc Ad 4c] [Tc]
Morphine12: checks 
chain38: bets $0.04
Morphine12: calls $0.04
*** SHOW DOWN ***
chain38: shows [9s 8d] (high card Ace)
Morphine12: shows [Jd Js] (a pair of Jacks)
Morphine12 collected $0.29 from pot
*** SUMMARY ***
Total pot $0.30 | Rake $0.01 
Board [2d Kc Ad 4c Tc]
Seat 1: Ne0net folded before Flop (didn't bet)
Seat 2: Gawrosz23 (button) folded before Flop (didn't bet)
Seat 3: Morphine12 (small blind) showed [Jd Js] and won ($0.29) with a pair of Jacks
Seat 4: Dorex2007 (big blind) folded before Flop
Seat 6: SerVzlet folded before Flop (didn't bet)
Seat 7: chain38 showed [9s 8d] and lost with high card Ace
Seat 8: sammysnuggle folded before Flop (didn't bet)



PokerStars Hand #227704886214:  Hold'em No Limit ($0.01/$0.02 USD) - 2021/06/19 15:41:09 PT [2021/06/19 18:41:09 ET]
Table 'Senta II' 9-max Seat #3 is the button
Seat 1: Ne0net ($2.47 in chips) 
Seat 2: Gawrosz23 ($2.49 in chips) 
Seat 3: Morphine12 ($2.10 in chips) 
Seat 4: Dorex2007 ($2.18 in chips) 
Seat 6: SerVzlet ($3.72 in chips) 
Seat 7: chain38 ($0.57 in chips) 
Seat 8: sammysnuggle ($1.89 in chips) 
Dorex2007: posts small blind $0.01
SerVzlet: posts big blind $0.02
*** HOLE CARDS ***
Dealt to Dorex2007 [4d 4s]
chain38: folds 
sammysnuggle: folds 
Ne0net: raises $0.04 to $0.06
Gawrosz23: folds 
Morphine12: calls $0.06
Dorex2007: calls $0.05
SerVzlet: folds 
*** FLOP *** [Qs 6h Kh]
Dorex2007: checks 
Ne0net: checks 
Morphine12: checks 
*** TURN *** [Qs 6h Kh] [Ts]
Dorex2007: checks 
Ne0net: bets $0.10
Morphine12: calls $0.10
Dorex2007: folds 
*** RIVER *** [Qs 6h Kh Ts] [9s]
Ne0net: bets $0.14
Morphine12: raises $0.14 to $0.28
Ne0net: folds [Tc Th]
Uncalled bet ($0.14) returned to Morphine12
Morphine12 collected $0.66 from pot
*** SUMMARY ***
Total pot $0.68 | Rake $0.02 
Board [Qs 6h Kh Ts 9s]
Seat 1: Ne0net folded on the River
Seat 2: Gawrosz23 folded before Flop (didn't bet)
Seat 3: Morphine12 (button) collected ($0.66)
Seat 4: Dorex2007 (small blind) folded on the Turn
Seat 6: SerVzlet (big blind) folded before Flop
Seat 7: chain38 folded before Flop (didn't bet)
Seat 8: sammysnuggle folded before Flop (didn't bet)



PokerStars Hand #227704909298:  Hold'em No Limit ($0.01/$0.02 USD) - 2021/06/19 15:42:13 PT [2021/06/19 18:42:13 ET]
Table 'Senta II' 9-max Seat #4 is the button
Seat 1: Ne0net ($2.17 in chips) 
Seat 2: Gawrosz23 ($2.49 in chips) 
Seat 3: Morphine12 ($2.46 in chips) 
Seat 4: Dorex2007 ($2.12 in chips) 
Seat 6: SerVzlet ($3.70 in chips) 
Seat 7: chain38 ($0.57 in chips) 
Seat 8: sammysnuggle ($1.89 in chips) 
SerVzlet: posts small blind $0.01
chain38: posts big blind $0.02
*** HOLE CARDS ***
Dealt to Dorex2007 [4c 9c]
sammysnuggle: folds 
Ne0net: folds 
Ne0net leaves the table
Gawrosz23: calls $0.02
Morphine12: folds 
Dorex2007: folds 
SerVzlet: folds 
chain38: checks 
*** FLOP *** [8c 2s Ts]
chain38: checks 
Gawrosz23: checks 
*** TURN *** [8c 2s Ts] [3s]
chain38: checks 
Gawrosz23: bets $0.02
chain38: folds 
Uncalled bet ($0.02) returned to Gawrosz23
Gawrosz23 collected $0.05 from pot
Gawrosz23: doesn't show hand 
*** SUMMARY ***
Total pot $0.05 | Rake $0 
Board [8c 2s Ts 3s]
Seat 1: Ne0net folded before Flop (didn't bet)
Seat 2: Gawrosz23 collected ($0.05)
Seat 3: Morphine12 folded before Flop (didn't bet)
Seat 4: Dorex2007 (button) folded before Flop (didn't bet)
Seat 6: SerVzlet (small blind) folded before Flop
Seat 7: chain38 (big blind) folded on the Turn
Seat 8: sammysnuggle folded before Flop (didn't bet)



