PokerStars Hand #223971764143:  Hold'em No Limit ($0.01/$0.02 USD) - 2021/02/18 17:55:44 PT [2021/02/18 20:55:44 ET]
Table 'Burdigala IV' 9-max Seat #5 is the button
Seat 1: facundo23 ($2.03 in chips) 
Seat 2: maverick1880 ($2 in chips) 
Seat 3: Krakus 888 ($2.11 in chips) 
Seat 4: velnelz ($2.89 in chips) 
Seat 5: jesp07 ($2.21 in chips) 
Seat 6: Diego -AA-13 ($4.09 in chips) 
Seat 7: Dorex2007 ($1.50 in chips) 
Seat 8: maciejjopek12 ($5.20 in chips) 
Diego -AA-13: posts small blind $0.01
Dorex2007: posts big blind $0.02
*** HOLE CARDS ***
Dealt to Dorex2007 [6c 5s]
maciejjopek12: folds 
facundo23: folds 
maverick1880: folds 
Krakus 888: folds 
velnelz: raises $0.02 to $0.04
jesp07: calls $0.04
Diego -AA-13: calls $0.03
Dorex2007: folds 
*** FLOP *** [8s 8c Tc]
Diego -AA-13: checks 
velnelz: checks 
jesp07: checks 
*** TURN *** [8s 8c Tc] [7d]
Diego -AA-13: checks 
velnelz: bets $0.04
jesp07: calls $0.04
Diego -AA-13: calls $0.04
*** RIVER *** [8s 8c Tc 7d] [Ks]
Diego -AA-13: checks 
velnelz: checks 
jesp07: bets $0.13
Diego -AA-13: folds 
velnelz: folds 
Uncalled bet ($0.13) returned to jesp07
jesp07 collected $0.25 from pot
jesp07: doesn't show hand 
*** SUMMARY ***
Total pot $0.26 | Rake $0.01 
Board [8s 8c Tc 7d Ks]
Seat 1: facundo23 folded before Flop (didn't bet)
Seat 2: maverick1880 folded before Flop (didn't bet)
Seat 3: Krakus 888 folded before Flop (didn't bet)
Seat 4: velnelz folded on the River
Seat 5: jesp07 (button) collected ($0.25)
Seat 6: Diego -AA-13 (small blind) folded on the River
Seat 7: Dorex2007 (big blind) folded before Flop
Seat 8: maciejjopek12 folded before Flop (didn't bet)



PokerStars Hand #223971780292:  Hold'em No Limit ($0.01/$0.02 USD) - 2021/02/18 17:56:43 PT [2021/02/18 20:56:43 ET]
Table 'Burdigala IV' 9-max Seat #6 is the button
Seat 1: facundo23 ($2.03 in chips) 
Seat 2: maverick1880 ($2 in chips) 
Seat 3: Krakus 888 ($2.11 in chips) 
Seat 4: velnelz ($2.81 in chips) 
Seat 5: jesp07 ($2.38 in chips) 
Seat 6: Diego -AA-13 ($4.01 in chips) 
Seat 7: Dorex2007 ($1.48 in chips) 
Seat 8: maciejjopek12 ($5.20 in chips) 
Dorex2007: posts small blind $0.01
maciejjopek12: posts big blind $0.02
*** HOLE CARDS ***
Dealt to Dorex2007 [9h Js]
facundo23: folds 
maverick1880: raises $0.04 to $0.06
Krakus 888: folds 
velnelz: folds 
jesp07: folds 
Diego -AA-13: folds 
Diego -AA-13 leaves the table
Dorex2007: folds 
maciejjopek12: folds 
Uncalled bet ($0.04) returned to maverick1880
maverick1880 collected $0.05 from pot
maverick1880: doesn't show hand 
*** SUMMARY ***
Total pot $0.05 | Rake $0 
Seat 1: facundo23 folded before Flop (didn't bet)
Seat 2: maverick1880 collected ($0.05)
Seat 3: Krakus 888 folded before Flop (didn't bet)
Seat 4: velnelz folded before Flop (didn't bet)
Seat 5: jesp07 folded before Flop (didn't bet)
Seat 6: Diego -AA-13 (button) folded before Flop (didn't bet)
Seat 7: Dorex2007 (small blind) folded before Flop
Seat 8: maciejjopek12 (big blind) folded before Flop



PokerStars Hand #223971785572:  Hold'em No Limit ($0.01/$0.02 USD) - 2021/02/18 17:57:02 PT [2021/02/18 20:57:02 ET]
Table 'Burdigala IV' 9-max Seat #7 is the button
Seat 1: facundo23 ($2.03 in chips) 
Seat 2: maverick1880 ($2.03 in chips) 
Seat 3: Krakus 888 ($2.11 in chips) 
Seat 4: velnelz ($2.81 in chips) 
Seat 5: jesp07 ($2.38 in chips) 
Seat 7: Dorex2007 ($1.47 in chips) 
Seat 8: maciejjopek12 ($5.18 in chips) 
maciejjopek12: posts small blind $0.01
facundo23: posts big blind $0.02
*** HOLE CARDS ***
Dealt to Dorex2007 [Jh As]
maverick1880: folds 
Krakus 888: folds 
velnelz: folds 
jesp07: folds 
Dorex2007: calls $0.02
maciejjopek12: calls $0.01
facundo23: checks 
*** FLOP *** [4c 3d 6c]
maciejjopek12: checks 
facundo23: checks 
Dorex2007: checks 
*** TURN *** [4c 3d 6c] [7s]
maciejjopek12: checks 
facundo23: checks 
Dorex2007: bets $0.06
maciejjopek12: calls $0.06
facundo23: calls $0.06
*** RIVER *** [4c 3d 6c 7s] [3h]
maciejjopek12: checks 
facundo23: checks 
Dorex2007: checks 
*** SHOW DOWN ***
maciejjopek12: shows [4d 8h] (two pair, Fours and Threes)
facundo23: mucks hand 
Dorex2007: mucks hand 
maciejjopek12 collected $0.23 from pot
*** SUMMARY ***
Total pot $0.24 | Rake $0.01 
Board [4c 3d 6c 7s 3h]
Seat 1: facundo23 (big blind) mucked [Jc Tc]
Seat 2: maverick1880 folded before Flop (didn't bet)
Seat 3: Krakus 888 folded before Flop (didn't bet)
Seat 4: velnelz folded before Flop (didn't bet)
Seat 5: jesp07 folded before Flop (didn't bet)
Seat 7: Dorex2007 (button) mucked [Jh As]
Seat 8: maciejjopek12 (small blind) showed [4d 8h] and won ($0.23) with two pair, Fours and Threes



PokerStars Hand #223971800575:  Hold'em No Limit ($0.01/$0.02 USD) - 2021/02/18 17:57:47 PT [2021/02/18 20:57:47 ET]
Table 'Burdigala IV' 9-max Seat #8 is the button
Seat 1: facundo23 ($2 in chips) 
Seat 3: Krakus 888 ($2.11 in chips) 
Seat 4: velnelz ($2.81 in chips) 
Seat 5: jesp07 ($2.38 in chips) 
Seat 7: Dorex2007 ($1.39 in chips) 
Seat 8: maciejjopek12 ($5.33 in chips) 
facundo23: posts small blind $0.01
maverick1880: is sitting out 
Krakus 888: posts big blind $0.02
*** HOLE CARDS ***
Dealt to Dorex2007 [Qc Jc]
velnelz: calls $0.02
jesp07: raises $0.04 to $0.06
Dorex2007: calls $0.06
maciejjopek12: folds 
facundo23: folds 
Krakus 888: folds 
velnelz: folds 
*** FLOP *** [Kh 2d 6h]
jesp07: bets $0.08
Dorex2007: calls $0.08
*** TURN *** [Kh 2d 6h] [2s]
jesp07: bets $0.16
Dorex2007: folds 
Uncalled bet ($0.16) returned to jesp07
jesp07 collected $0.32 from pot
jesp07: doesn't show hand 
*** SUMMARY ***
Total pot $0.33 | Rake $0.01 
Board [Kh 2d 6h 2s]
Seat 1: facundo23 (small blind) folded before Flop
Seat 3: Krakus 888 (big blind) folded before Flop
Seat 4: velnelz folded before Flop
Seat 5: jesp07 collected ($0.32)
Seat 7: Dorex2007 folded on the Turn
Seat 8: maciejjopek12 (button) folded before Flop (didn't bet)



PokerStars Hand #223971814139:  Hold'em No Limit ($0.01/$0.02 USD) - 2021/02/18 17:58:37 PT [2021/02/18 20:58:37 ET]
Table 'Burdigala IV' 9-max Seat #1 is the button
Seat 1: facundo23 ($2 in chips) 
Seat 3: Krakus 888 ($2.09 in chips) 
Seat 4: velnelz ($2.79 in chips) 
Seat 5: jesp07 ($2.56 in chips) 
Seat 7: Dorex2007 ($1.25 in chips) 
Krakus 888: posts small blind $0.01
velnelz: posts big blind $0.02
*** HOLE CARDS ***
Dealt to Dorex2007 [4h 8h]
jesp07: folds 
Dorex2007 has timed out
Dorex2007: folds 
facundo23: folds 
polly727 joins the table at seat #6 
Krakus 888: raises $0.03 to $0.05
velnelz: folds 
Uncalled bet ($0.03) returned to Krakus 888
Krakus 888 collected $0.04 from pot
Krakus 888: doesn't show hand 
*** SUMMARY ***
Total pot $0.04 | Rake $0 
Seat 1: facundo23 (button) folded before Flop (didn't bet)
Seat 3: Krakus 888 (small blind) collected ($0.04)
Seat 4: velnelz (big blind) folded before Flop
Seat 5: jesp07 folded before Flop (didn't bet)
Seat 7: Dorex2007 folded before Flop (didn't bet)



PokerStars Hand #223971819959:  Hold'em No Limit ($0.01/$0.02 USD) - 2021/02/18 17:58:59 PT [2021/02/18 20:58:59 ET]
Table 'Burdigala IV' 9-max Seat #3 is the button
Seat 1: facundo23 ($2 in chips) 
Seat 3: Krakus 888 ($2.11 in chips) 
Seat 4: velnelz ($2.77 in chips) 
Seat 5: jesp07 ($2.56 in chips) 
Seat 7: Dorex2007 ($1.25 in chips) 
velnelz: posts small blind $0.01
jesp07: posts big blind $0.02
polly727: sits out 
*** HOLE CARDS ***
Dealt to Dorex2007 [2s 5s]
Dorex2007: folds 
facundo23: folds 
Krakus 888: folds 
velnelz: calls $0.01
jesp07: checks 
*** FLOP *** [9c 7h Th]
velnelz: bets $0.04
maciejjopek12 is disconnected 
jesp07: folds 
Uncalled bet ($0.04) returned to velnelz
velnelz collected $0.04 from pot
velnelz: doesn't show hand 
*** SUMMARY ***
Total pot $0.04 | Rake $0 
Board [9c 7h Th]
Seat 1: facundo23 folded before Flop (didn't bet)
Seat 3: Krakus 888 (button) folded before Flop (didn't bet)
Seat 4: velnelz (small blind) collected ($0.04)
Seat 5: jesp07 (big blind) folded on the Flop
Seat 7: Dorex2007 folded before Flop (didn't bet)



PokerStars Hand #223971830464:  Hold'em No Limit ($0.01/$0.02 USD) - 2021/02/18 17:59:37 PT [2021/02/18 20:59:37 ET]
Table 'Burdigala IV' 9-max Seat #4 is the button
Seat 1: facundo23 ($2 in chips) 
Seat 3: Krakus 888 ($2.11 in chips) 
Seat 4: velnelz ($2.79 in chips) 
Seat 5: jesp07 ($2.54 in chips) 
Seat 6: polly727 ($1.98 in chips) 
Seat 7: Dorex2007 ($1.25 in chips) 
jesp07: posts small blind $0.01
polly727: posts big blind $0.02
*** HOLE CARDS ***
Dealt to Dorex2007 [Ad As]
Dorex2007: raises $0.04 to $0.06
facundo23: folds 
Krakus 888: folds 
velnelz: folds 
jesp07: calls $0.05
polly727: folds 
*** FLOP *** [4d Qs 8s]
jesp07: checks 
Dorex2007: bets $0.07
jesp07: folds 
Uncalled bet ($0.07) returned to Dorex2007
Dorex2007 collected $0.14 from pot
Dorex2007: doesn't show hand 
*** SUMMARY ***
Total pot $0.14 | Rake $0 
Board [4d Qs 8s]
Seat 1: facundo23 folded before Flop (didn't bet)
Seat 3: Krakus 888 folded before Flop (didn't bet)
Seat 4: velnelz (button) folded before Flop (didn't bet)
Seat 5: jesp07 (small blind) folded on the Flop
Seat 6: polly727 (big blind) folded before Flop
Seat 7: Dorex2007 collected ($0.14)



PokerStars Hand #223971843586:  Hold'em No Limit ($0.01/$0.02 USD) - 2021/02/18 18:00:22 PT [2021/02/18 21:00:22 ET]
Table 'Burdigala IV' 9-max Seat #5 is the button
Seat 1: facundo23 ($2 in chips) 
Seat 3: Krakus 888 ($2.11 in chips) 
Seat 4: velnelz ($2.79 in chips) 
Seat 5: jesp07 ($2.48 in chips) 
Seat 6: polly727 ($1.96 in chips) 
Seat 7: Dorex2007 ($1.33 in chips) 
Seat 8: maciejjopek12 ($5.33 in chips) 
polly727: posts small blind $0.01
Dorex2007: posts big blind $0.02
*** HOLE CARDS ***
Dealt to Dorex2007 [8d 8h]
Krakus 888 is disconnected 
maciejjopek12: folds 
facundo23: folds 
Krakus 888 is connected 
Krakus 888: folds 
maverick1880 leaves the table
velnelz: calls $0.02
jesp07: folds 
polly727: calls $0.01
tutanpoker joins the table at seat #2 
Dorex2007: checks 
*** FLOP *** [6s 7d Tc]
polly727: checks 
Dorex2007: checks 
velnelz: checks 
*** TURN *** [6s 7d Tc] [6d]
polly727: checks 
Dorex2007: bets $0.06
velnelz: folds 
polly727: folds 
Uncalled bet ($0.06) returned to Dorex2007
Dorex2007 collected $0.06 from pot
Dorex2007: doesn't show hand 
*** SUMMARY ***
Total pot $0.06 | Rake $0 
Board [6s 7d Tc 6d]
Seat 1: facundo23 folded before Flop (didn't bet)
Seat 3: Krakus 888 folded before Flop (didn't bet)
Seat 4: velnelz folded on the Turn
Seat 5: jesp07 (button) folded before Flop (didn't bet)
Seat 6: polly727 (small blind) folded on the Turn
Seat 7: Dorex2007 (big blind) collected ($0.06)
Seat 8: maciejjopek12 folded before Flop (didn't bet)



PokerStars Hand #223971861369:  Hold'em No Limit ($0.01/$0.02 USD) - 2021/02/18 18:01:17 PT [2021/02/18 21:01:17 ET]
Table 'Burdigala IV' 9-max Seat #6 is the button
Seat 1: facundo23 ($2 in chips) 
Seat 2: tutanpoker ($2 in chips) 
Seat 3: Krakus 888 ($2.11 in chips) 
Seat 4: velnelz ($2.77 in chips) 
Seat 5: jesp07 ($2.48 in chips) 
Seat 6: polly727 ($1.94 in chips) 
Seat 7: Dorex2007 ($1.37 in chips) 
Seat 8: maciejjopek12 ($5.33 in chips) 
Dorex2007: posts small blind $0.01
maciejjopek12: posts big blind $0.02
tutanpoker: posts big blind $0.02
*** HOLE CARDS ***
Dealt to Dorex2007 [3h Th]
facundo23: folds 
tutanpoker: raises $0.06 to $0.08
Krakus 888: folds 
velnelz: calls $0.08
jesp07: folds 
polly727: folds 
Dorex2007: folds 
maciejjopek12: folds 
*** FLOP *** [Kc 9d 5h]
tutanpoker: bets $0.10
velnelz: folds 
Uncalled bet ($0.10) returned to tutanpoker
tutanpoker collected $0.18 from pot
tutanpoker: doesn't show hand 
*** SUMMARY ***
Total pot $0.19 | Rake $0.01 
Board [Kc 9d 5h]
Seat 1: facundo23 folded before Flop (didn't bet)
Seat 2: tutanpoker collected ($0.18)
Seat 3: Krakus 888 folded before Flop (didn't bet)
Seat 4: velnelz folded on the Flop
Seat 5: jesp07 folded before Flop (didn't bet)
Seat 6: polly727 (button) folded before Flop (didn't bet)
Seat 7: Dorex2007 (small blind) folded before Flop
Seat 8: maciejjopek12 (big blind) folded before Flop



PokerStars Hand #223971881772:  Hold'em No Limit ($0.01/$0.02 USD) - 2021/02/18 18:02:17 PT [2021/02/18 21:02:17 ET]
Table 'Burdigala IV' 9-max Seat #7 is the button
Seat 1: facundo23 ($2 in chips) 
Seat 2: tutanpoker ($2.10 in chips) 
Seat 3: Krakus 888 ($2.11 in chips) 
Seat 4: velnelz ($2.69 in chips) 
Seat 5: jesp07 ($2.48 in chips) 
Seat 6: polly727 ($1.94 in chips) 
Seat 7: Dorex2007 ($1.36 in chips) 
Seat 8: maciejjopek12 ($5.31 in chips) 
Seat 9: Sergun K. ($3.65 in chips) 
maciejjopek12: posts small blind $0.01
Sergun K.: posts big blind $0.02
*** HOLE CARDS ***
Dealt to Dorex2007 [4d 5c]
facundo23: folds 
tutanpoker: folds 
Krakus 888: folds 
velnelz: calls $0.02
jesp07: folds 
polly727: raises $0.07 to $0.09
Dorex2007: folds 
maciejjopek12: folds 
Sergun K.: folds 
velnelz: folds 
Uncalled bet ($0.07) returned to polly727
polly727 collected $0.07 from pot
polly727: doesn't show hand 
*** SUMMARY ***
Total pot $0.07 | Rake $0 
Seat 1: facundo23 folded before Flop (didn't bet)
Seat 2: tutanpoker folded before Flop (didn't bet)
Seat 3: Krakus 888 folded before Flop (didn't bet)
Seat 4: velnelz folded before Flop
Seat 5: jesp07 folded before Flop (didn't bet)
Seat 6: polly727 collected ($0.07)
Seat 7: Dorex2007 (button) folded before Flop (didn't bet)
Seat 8: maciejjopek12 (small blind) folded before Flop
Seat 9: Sergun K. (big blind) folded before Flop



PokerStars Hand #223971901174:  Hold'em No Limit ($0.01/$0.02 USD) - 2021/02/18 18:02:54 PT [2021/02/18 21:02:54 ET]
Table 'Burdigala IV' 9-max Seat #8 is the button
Seat 1: facundo23 ($2 in chips) 
Seat 2: tutanpoker ($2.10 in chips) 
Seat 3: Krakus 888 ($2.11 in chips) 
Seat 4: velnelz ($2.67 in chips) 
Seat 5: jesp07 ($2.48 in chips) 
Seat 6: polly727 ($1.99 in chips) 
Seat 7: Dorex2007 ($1.36 in chips) 
Seat 8: maciejjopek12 ($5.30 in chips) 
Seat 9: Sergun K. ($3.63 in chips) 
Sergun K.: posts small blind $0.01
facundo23: posts big blind $0.02
*** HOLE CARDS ***
Dealt to Dorex2007 [Js Qh]
tutanpoker: raises $0.04 to $0.06
Krakus 888: folds 
velnelz: folds 
jesp07: folds 
polly727: folds 
Dorex2007: calls $0.06
maciejjopek12: calls $0.06
Sergun K.: calls $0.05
facundo23: folds 
*** FLOP *** [2c Tc 3h]
Sergun K.: checks 
tutanpoker: bets $0.14
Dorex2007: folds 
maciejjopek12: calls $0.14
Sergun K.: folds 
*** TURN *** [2c Tc 3h] [Kh]
tutanpoker: checks 
maciejjopek12: checks 
*** RIVER *** [2c Tc 3h Kh] [5c]
tutanpoker: bets $0.44
maciejjopek12: folds 
Uncalled bet ($0.44) returned to tutanpoker
tutanpoker collected $0.52 from pot
tutanpoker: doesn't show hand 
*** SUMMARY ***
Total pot $0.54 | Rake $0.02 
Board [2c Tc 3h Kh 5c]
Seat 1: facundo23 (big blind) folded before Flop
Seat 2: tutanpoker collected ($0.52)
Seat 3: Krakus 888 folded before Flop (didn't bet)
Seat 4: velnelz folded before Flop (didn't bet)
Seat 5: jesp07 folded before Flop (didn't bet)
Seat 6: polly727 folded before Flop (didn't bet)
Seat 7: Dorex2007 folded on the Flop
Seat 8: maciejjopek12 (button) folded on the River
Seat 9: Sergun K. (small blind) folded on the Flop



PokerStars Hand #223971922491:  Hold'em No Limit ($0.01/$0.02 USD) - 2021/02/18 18:03:56 PT [2021/02/18 21:03:56 ET]
Table 'Burdigala IV' 9-max Seat #9 is the button
Seat 1: facundo23 ($2 in chips) 
Seat 2: tutanpoker ($2.42 in chips) 
Seat 3: Krakus 888 ($2.11 in chips) 
Seat 4: velnelz ($2.67 in chips) 
Seat 5: jesp07 ($2.48 in chips) 
Seat 6: polly727 ($1.99 in chips) 
Seat 7: Dorex2007 ($1.30 in chips) 
Seat 8: maciejjopek12 ($5.10 in chips) 
Seat 9: Sergun K. ($3.57 in chips) 
facundo23: posts small blind $0.01
tutanpoker: posts big blind $0.02
*** HOLE CARDS ***
Dealt to Dorex2007 [Kh Ah]
Krakus 888: folds 
velnelz: folds 
jesp07: folds 
polly727: raises $0.04 to $0.06
Dorex2007: calls $0.06
maciejjopek12: folds 
Sergun K.: folds 
facundo23: folds 
tutanpoker: calls $0.04
*** FLOP *** [3h 2s 7d]
tutanpoker: checks 
polly727: checks 
Dorex2007: bets $0.18
tutanpoker: folds 
polly727: folds 
Uncalled bet ($0.18) returned to Dorex2007
Dorex2007 collected $0.18 from pot
Dorex2007: doesn't show hand 
*** SUMMARY ***
Total pot $0.19 | Rake $0.01 
Board [3h 2s 7d]
Seat 1: facundo23 (small blind) folded before Flop
Seat 2: tutanpoker (big blind) folded on the Flop
Seat 3: Krakus 888 folded before Flop (didn't bet)
Seat 4: velnelz folded before Flop (didn't bet)
Seat 5: jesp07 folded before Flop (didn't bet)
Seat 6: polly727 folded on the Flop
Seat 7: Dorex2007 collected ($0.18)
Seat 8: maciejjopek12 folded before Flop (didn't bet)
Seat 9: Sergun K. (button) folded before Flop (didn't bet)



PokerStars Hand #223971938782:  Hold'em No Limit ($0.01/$0.02 USD) - 2021/02/18 18:04:43 PT [2021/02/18 21:04:43 ET]
Table 'Burdigala IV' 9-max Seat #1 is the button
Seat 1: facundo23 ($2 in chips) 
Seat 2: tutanpoker ($2.36 in chips) 
Seat 3: Krakus 888 ($2.11 in chips) 
Seat 4: velnelz ($2.67 in chips) 
Seat 5: jesp07 ($2.48 in chips) 
Seat 6: polly727 ($1.93 in chips) 
Seat 7: Dorex2007 ($1.42 in chips) 
Seat 8: maciejjopek12 ($5.10 in chips) 
Seat 9: Sergun K. ($3.57 in chips) 
tutanpoker: posts small blind $0.01
Krakus 888: posts big blind $0.02
*** HOLE CARDS ***
Dealt to Dorex2007 [As Qc]
velnelz: folds 
jesp07: folds 
polly727: raises $0.04 to $0.06
Dorex2007: calls $0.06
maciejjopek12: folds 
Sergun K.: folds 
facundo23: folds 
tutanpoker: folds 
Krakus 888: calls $0.04
*** FLOP *** [Kh Td Kd]
Krakus 888: bets $0.18
polly727: folds 
Dorex2007: folds 
Uncalled bet ($0.18) returned to Krakus 888
Krakus 888 collected $0.18 from pot
Krakus 888: doesn't show hand 
*** SUMMARY ***
Total pot $0.19 | Rake $0.01 
Board [Kh Td Kd]
Seat 1: facundo23 (button) folded before Flop (didn't bet)
Seat 2: tutanpoker (small blind) folded before Flop
Seat 3: Krakus 888 (big blind) collected ($0.18)
Seat 4: velnelz folded before Flop (didn't bet)
Seat 5: jesp07 folded before Flop (didn't bet)
Seat 6: polly727 folded on the Flop
Seat 7: Dorex2007 folded on the Flop
Seat 8: maciejjopek12 folded before Flop (didn't bet)
Seat 9: Sergun K. folded before Flop (didn't bet)



PokerStars Hand #223971955457:  Hold'em No Limit ($0.01/$0.02 USD) - 2021/02/18 18:05:31 PT [2021/02/18 21:05:31 ET]
Table 'Burdigala IV' 9-max Seat #2 is the button
Seat 1: facundo23 ($2 in chips) 
Seat 2: tutanpoker ($2.35 in chips) 
Seat 3: Krakus 888 ($2.23 in chips) 
Seat 4: velnelz ($2.67 in chips) 
Seat 5: jesp07 ($2.48 in chips) 
Seat 6: polly727 ($1.87 in chips) 
Seat 7: Dorex2007 ($1.36 in chips) 
Seat 8: maciejjopek12 ($5.10 in chips) 
Seat 9: Sergun K. ($3.57 in chips) 
Krakus 888: posts small blind $0.01
velnelz: posts big blind $0.02
*** HOLE CARDS ***
Dealt to Dorex2007 [8c 8s]
jesp07: folds 
polly727: folds 
Dorex2007: calls $0.02
maciejjopek12: calls $0.02
Sergun K.: folds 
facundo23: folds 
tutanpoker: folds 
Krakus 888: calls $0.01
velnelz: checks 
*** FLOP *** [Tc Ks 9s]
Krakus 888: checks 
velnelz: bets $0.06
Dorex2007: folds 
maciejjopek12: calls $0.06
Krakus 888: folds 
*** TURN *** [Tc Ks 9s] [Jd]
velnelz: checks 
maciejjopek12: checks 
*** RIVER *** [Tc Ks 9s Jd] [4c]
velnelz: checks 
maciejjopek12: checks 
*** SHOW DOWN ***
velnelz: shows [Kh 9c] (two pair, Kings and Nines)
maciejjopek12: mucks hand 
velnelz collected $0.19 from pot
*** SUMMARY ***
Total pot $0.20 | Rake $0.01 
Board [Tc Ks 9s Jd 4c]
Seat 1: facundo23 folded before Flop (didn't bet)
Seat 2: tutanpoker (button) folded before Flop (didn't bet)
Seat 3: Krakus 888 (small blind) folded on the Flop
Seat 4: velnelz (big blind) showed [Kh 9c] and won ($0.19) with two pair, Kings and Nines
Seat 5: jesp07 folded before Flop (didn't bet)
Seat 6: polly727 folded before Flop (didn't bet)
Seat 7: Dorex2007 folded on the Flop
Seat 8: maciejjopek12 mucked [Jh 8h]
Seat 9: Sergun K. folded before Flop (didn't bet)



PokerStars Hand #223971979194:  Hold'em No Limit ($0.01/$0.02 USD) - 2021/02/18 18:06:33 PT [2021/02/18 21:06:33 ET]
Table 'Burdigala IV' 9-max Seat #3 is the button
Seat 1: facundo23 ($2 in chips) 
Seat 2: tutanpoker ($2.35 in chips) 
Seat 3: Krakus 888 ($2.21 in chips) 
Seat 4: velnelz ($2.78 in chips) 
Seat 5: jesp07 ($2.48 in chips) 
Seat 6: polly727 ($2 in chips) 
Seat 7: Dorex2007 ($1.34 in chips) 
Seat 8: maciejjopek12 ($5.02 in chips) 
Seat 9: Sergun K. ($3.57 in chips) 
velnelz: posts small blind $0.01
jesp07: posts big blind $0.02
*** HOLE CARDS ***
Dealt to Dorex2007 [Ks 2c]
polly727: folds 
Dorex2007: folds 
maciejjopek12: calls $0.02
Sergun K.: folds 
facundo23: folds 
tutanpoker: raises $0.06 to $0.08
Krakus 888: folds 
velnelz: calls $0.07
jesp07: folds 
maciejjopek12: calls $0.06
*** FLOP *** [8s 2d Ts]
velnelz: checks 
maciejjopek12: checks 
tutanpoker: bets $0.20
velnelz: folds 
maciejjopek12: folds 
Uncalled bet ($0.20) returned to tutanpoker
tutanpoker collected $0.25 from pot
*** SUMMARY ***
Total pot $0.26 | Rake $0.01 
Board [8s 2d Ts]
Seat 1: facundo23 folded before Flop (didn't bet)
Seat 2: tutanpoker collected ($0.25)
Seat 3: Krakus 888 (button) folded before Flop (didn't bet)
Seat 4: velnelz (small blind) folded on the Flop
Seat 5: jesp07 (big blind) folded before Flop
Seat 6: polly727 folded before Flop (didn't bet)
Seat 7: Dorex2007 folded before Flop (didn't bet)
Seat 8: maciejjopek12 folded on the Flop
Seat 9: Sergun K. folded before Flop (didn't bet)



PokerStars Hand #223972008224:  Hold'em No Limit ($0.01/$0.02 USD) - 2021/02/18 18:07:58 PT [2021/02/18 21:07:58 ET]
Table 'Burdigala IV' 9-max Seat #4 is the button
Seat 1: facundo23 ($2 in chips) 
Seat 2: tutanpoker ($2.52 in chips) 
Seat 3: Krakus 888 ($2.21 in chips) 
Seat 4: velnelz ($2.70 in chips) 
Seat 5: jesp07 ($2.46 in chips) 
Seat 6: polly727 ($2 in chips) 
Seat 7: Dorex2007 ($1.34 in chips) 
Seat 8: maciejjopek12 ($4.94 in chips) 
Seat 9: Sergun K. ($3.57 in chips) 
jesp07: posts small blind $0.01
polly727: posts big blind $0.02
*** HOLE CARDS ***
Dealt to Dorex2007 [4c Ah]
Dorex2007: folds 
maciejjopek12: folds 
Sergun K.: folds 
facundo23: folds 
tutanpoker: folds 
Krakus 888: folds 
velnelz: folds 
jesp07: raises $0.04 to $0.06
polly727: folds 
Uncalled bet ($0.04) returned to jesp07
jesp07 collected $0.04 from pot
jesp07: doesn't show hand 
*** SUMMARY ***
Total pot $0.04 | Rake $0 
Seat 1: facundo23 folded before Flop (didn't bet)
Seat 2: tutanpoker folded before Flop (didn't bet)
Seat 3: Krakus 888 folded before Flop (didn't bet)
Seat 4: velnelz (button) folded before Flop (didn't bet)
Seat 5: jesp07 (small blind) collected ($0.04)
Seat 6: polly727 (big blind) folded before Flop
Seat 7: Dorex2007 folded before Flop (didn't bet)
Seat 8: maciejjopek12 folded before Flop (didn't bet)
Seat 9: Sergun K. folded before Flop (didn't bet)



PokerStars Hand #223972016855:  Hold'em No Limit ($0.01/$0.02 USD) - 2021/02/18 18:08:23 PT [2021/02/18 21:08:23 ET]
Table 'Burdigala IV' 9-max Seat #5 is the button
Seat 1: facundo23 ($2 in chips) 
Seat 2: tutanpoker ($2.52 in chips) 
Seat 3: Krakus 888 ($2.21 in chips) 
Seat 4: velnelz ($2.70 in chips) 
Seat 5: jesp07 ($2.48 in chips) 
Seat 6: polly727 ($1.98 in chips) 
Seat 7: Dorex2007 ($1.34 in chips) 
Seat 8: maciejjopek12 ($4.94 in chips) 
Seat 9: Sergun K. ($3.57 in chips) 
polly727: posts small blind $0.01
Dorex2007: posts big blind $0.02
*** HOLE CARDS ***
Dealt to Dorex2007 [Ts 2d]
maciejjopek12: folds 
Sergun K.: folds 
facundo23: folds 
tutanpoker: raises $0.06 to $0.08
Krakus 888: folds 
velnelz is connected 
velnelz: folds 
jesp07: folds 
polly727: folds 
Dorex2007: folds 
Uncalled bet ($0.06) returned to tutanpoker
tutanpoker collected $0.05 from pot
tutanpoker: doesn't show hand 
*** SUMMARY ***
Total pot $0.05 | Rake $0 
Seat 1: facundo23 folded before Flop (didn't bet)
Seat 2: tutanpoker collected ($0.05)
Seat 3: Krakus 888 folded before Flop (didn't bet)
Seat 4: velnelz folded before Flop (didn't bet)
Seat 5: jesp07 (button) folded before Flop (didn't bet)
Seat 6: polly727 (small blind) folded before Flop
Seat 7: Dorex2007 (big blind) folded before Flop
Seat 8: maciejjopek12 folded before Flop (didn't bet)
Seat 9: Sergun K. folded before Flop (didn't bet)



PokerStars Hand #223972033008:  Hold'em No Limit ($0.01/$0.02 USD) - 2021/02/18 18:08:51 PT [2021/02/18 21:08:51 ET]
Table 'Burdigala IV' 9-max Seat #6 is the button
Seat 1: facundo23 ($2 in chips) 
Seat 2: tutanpoker ($2.55 in chips) 
Seat 3: Krakus 888 ($2.21 in chips) 
Seat 4: velnelz ($2.70 in chips) 
Seat 5: jesp07 ($2.48 in chips) 
Seat 6: polly727 ($1.97 in chips) 
Seat 7: Dorex2007 ($1.32 in chips) 
Seat 8: maciejjopek12 ($4.94 in chips) 
Seat 9: Sergun K. ($3.57 in chips) 
Dorex2007: posts small blind $0.01
maciejjopek12: posts big blind $0.02
*** HOLE CARDS ***
Dealt to Dorex2007 [Ad 5d]
Sergun K.: folds 
facundo23: folds 
tutanpoker: folds 
Krakus 888: folds 
velnelz: raises $0.04 to $0.06
jesp07: folds 
polly727: folds 
Dorex2007: calls $0.05
maciejjopek12: calls $0.04
*** FLOP *** [Ks 3c Ts]
Dorex2007: checks 
maciejjopek12: checks 
velnelz: checks 
*** TURN *** [Ks 3c Ts] [8c]
Dorex2007: checks 
maciejjopek12: checks 
velnelz: bets $0.08
Dorex2007: folds 
maciejjopek12: folds 
Uncalled bet ($0.08) returned to velnelz
velnelz collected $0.17 from pot
velnelz: doesn't show hand 
*** SUMMARY ***
Total pot $0.18 | Rake $0.01 
Board [Ks 3c Ts 8c]
Seat 1: facundo23 folded before Flop (didn't bet)
Seat 2: tutanpoker folded before Flop (didn't bet)
Seat 3: Krakus 888 folded before Flop (didn't bet)
Seat 4: velnelz collected ($0.17)
Seat 5: jesp07 folded before Flop (didn't bet)
Seat 6: polly727 (button) folded before Flop (didn't bet)
Seat 7: Dorex2007 (small blind) folded on the Turn
Seat 8: maciejjopek12 (big blind) folded on the Turn
Seat 9: Sergun K. folded before Flop (didn't bet)



PokerStars Hand #223972054300:  Hold'em No Limit ($0.01/$0.02 USD) - 2021/02/18 18:09:53 PT [2021/02/18 21:09:53 ET]
Table 'Burdigala IV' 9-max Seat #7 is the button
Seat 1: facundo23 ($2 in chips) 
Seat 2: tutanpoker ($2.55 in chips) 
Seat 3: Krakus 888 ($2.21 in chips) 
Seat 4: velnelz ($2.81 in chips) 
Seat 5: jesp07 ($2.48 in chips) 
Seat 6: polly727 ($1.97 in chips) 
Seat 7: Dorex2007 ($1.26 in chips) 
Seat 8: maciejjopek12 ($4.88 in chips) 
Seat 9: Sergun K. ($3.57 in chips) 
maciejjopek12: posts small blind $0.01
Sergun K.: posts big blind $0.02
*** HOLE CARDS ***
Dealt to Dorex2007 [6h 9s]
facundo23: folds 
tutanpoker: folds 
Krakus 888: folds 
velnelz: calls $0.02
jesp07: raises $0.04 to $0.06
polly727: folds 
Dorex2007: folds 
maciejjopek12: folds 
Sergun K.: folds 
velnelz: calls $0.04
*** FLOP *** [9d Qs 2h]
velnelz: checks 
jesp07: bets $0.07
velnelz: folds 
Uncalled bet ($0.07) returned to jesp07
jesp07 collected $0.14 from pot
jesp07: doesn't show hand 
*** SUMMARY ***
Total pot $0.15 | Rake $0.01 
Board [9d Qs 2h]
Seat 1: facundo23 folded before Flop (didn't bet)
Seat 2: tutanpoker folded before Flop (didn't bet)
Seat 3: Krakus 888 folded before Flop (didn't bet)
Seat 4: velnelz folded on the Flop
Seat 5: jesp07 collected ($0.14)
Seat 6: polly727 folded before Flop (didn't bet)
Seat 7: Dorex2007 (button) folded before Flop (didn't bet)
Seat 8: maciejjopek12 (small blind) folded before Flop
Seat 9: Sergun K. (big blind) folded before Flop



PokerStars Hand #223972068913:  Hold'em No Limit ($0.01/$0.02 USD) - 2021/02/18 18:10:36 PT [2021/02/18 21:10:36 ET]
Table 'Burdigala IV' 9-max Seat #8 is the button
Seat 1: facundo23 ($2 in chips) 
Seat 2: tutanpoker ($2.55 in chips) 
Seat 3: Krakus 888 ($2.21 in chips) 
Seat 4: velnelz ($2.75 in chips) 
Seat 5: jesp07 ($2.56 in chips) 
Seat 6: polly727 ($1.97 in chips) 
Seat 7: Dorex2007 ($1.26 in chips) 
Seat 8: maciejjopek12 ($4.87 in chips) 
Seat 9: Sergun K. ($3.55 in chips) 
Sergun K.: posts small blind $0.01
facundo23: posts big blind $0.02
*** HOLE CARDS ***
Dealt to Dorex2007 [Qs 4c]
tutanpoker: folds 
Krakus 888: folds 
velnelz: calls $0.02
jesp07: raises $0.04 to $0.06
polly727: folds 
Dorex2007: folds 
maciejjopek12: calls $0.06
Sergun K.: folds 
facundo23: folds 
velnelz: folds 
*** FLOP *** [4d 6d 2d]
jesp07: bets $0.08
maciejjopek12: calls $0.08
*** TURN *** [4d 6d 2d] [Ks]
jesp07: checks 
maciejjopek12: checks 
*** RIVER *** [4d 6d 2d Ks] [9c]
jesp07: checks 
maciejjopek12: checks 
*** SHOW DOWN ***
jesp07: shows [Td Ah] (high card Ace)
maciejjopek12: shows [6h 5d] (a pair of Sixes)
maciejjopek12 collected $0.32 from pot
*** SUMMARY ***
Total pot $0.33 | Rake $0.01 
Board [4d 6d 2d Ks 9c]
Seat 1: facundo23 (big blind) folded before Flop
Seat 2: tutanpoker folded before Flop (didn't bet)
Seat 3: Krakus 888 folded before Flop (didn't bet)
Seat 4: velnelz folded before Flop
Seat 5: jesp07 showed [Td Ah] and lost with high card Ace
Seat 6: polly727 folded before Flop (didn't bet)
Seat 7: Dorex2007 folded before Flop (didn't bet)
Seat 8: maciejjopek12 (button) showed [6h 5d] and won ($0.32) with a pair of Sixes
Seat 9: Sergun K. (small blind) folded before Flop



PokerStars Hand #223972089404:  Hold'em No Limit ($0.01/$0.02 USD) - 2021/02/18 18:11:37 PT [2021/02/18 21:11:37 ET]
Table 'Burdigala IV' 9-max Seat #9 is the button
Seat 1: facundo23 ($2 in chips) 
Seat 2: tutanpoker ($2.55 in chips) 
Seat 3: Krakus 888 ($2.21 in chips) 
Seat 4: velnelz ($2.73 in chips) 
Seat 5: jesp07 ($2.42 in chips) 
Seat 6: polly727 ($1.97 in chips) 
Seat 7: Dorex2007 ($1.26 in chips) 
Seat 8: maciejjopek12 ($5.05 in chips) 
Seat 9: Sergun K. ($3.54 in chips) 
facundo23: posts small blind $0.01
tutanpoker: posts big blind $0.02
*** HOLE CARDS ***
Dealt to Dorex2007 [Kd Qd]
Krakus 888: folds 
velnelz: calls $0.02
jesp07: folds 
polly727: folds 
Dorex2007: raises $0.04 to $0.06
maciejjopek12: folds 
Sergun K.: folds 
facundo23: folds 
tutanpoker: calls $0.04
velnelz: folds 
*** FLOP *** [9h Tc 5h]
tutanpoker: checks 
Dorex2007: bets $0.14
tutanpoker: calls $0.14
*** TURN *** [9h Tc 5h] [8c]
tutanpoker: checks 
Dorex2007: bets $0.41
tutanpoker: folds 
Uncalled bet ($0.41) returned to Dorex2007
Dorex2007 collected $0.41 from pot
Dorex2007: doesn't show hand 
*** SUMMARY ***
Total pot $0.43 | Rake $0.02 
Board [9h Tc 5h 8c]
Seat 1: facundo23 (small blind) folded before Flop
Seat 2: tutanpoker (big blind) folded on the Turn
Seat 3: Krakus 888 folded before Flop (didn't bet)
Seat 4: velnelz folded before Flop
Seat 5: jesp07 folded before Flop (didn't bet)
Seat 6: polly727 folded before Flop (didn't bet)
Seat 7: Dorex2007 collected ($0.41)
Seat 8: maciejjopek12 folded before Flop (didn't bet)
Seat 9: Sergun K. (button) folded before Flop (didn't bet)



PokerStars Hand #223972111280:  Hold'em No Limit ($0.01/$0.02 USD) - 2021/02/18 18:12:41 PT [2021/02/18 21:12:41 ET]
Table 'Burdigala IV' 9-max Seat #1 is the button
Seat 1: facundo23 ($2 in chips) 
Seat 2: tutanpoker ($2.35 in chips) 
Seat 3: Krakus 888 ($2.21 in chips) 
Seat 4: velnelz ($2.71 in chips) 
Seat 5: jesp07 ($2.42 in chips) 
Seat 6: polly727 ($1.97 in chips) 
Seat 7: Dorex2007 ($1.47 in chips) 
Seat 8: maciejjopek12 ($5.05 in chips) 
Seat 9: Sergun K. ($3.54 in chips) 
tutanpoker: posts small blind $0.01
Krakus 888: posts big blind $0.02
*** HOLE CARDS ***
Dealt to Dorex2007 [8h 7s]
velnelz: calls $0.02
jesp07: folds 
polly727: folds 
Dorex2007: folds 
maciejjopek12: folds 
Sergun K.: folds 
facundo23: folds 
tutanpoker: calls $0.01
Krakus 888: raises $0.08 to $0.10
velnelz: folds 
tutanpoker: folds 
Uncalled bet ($0.08) returned to Krakus 888
Krakus 888 collected $0.06 from pot
Krakus 888: doesn't show hand 
*** SUMMARY ***
Total pot $0.06 | Rake $0 
Seat 1: facundo23 (button) folded before Flop (didn't bet)
Seat 2: tutanpoker (small blind) folded before Flop
Seat 3: Krakus 888 (big blind) collected ($0.06)
Seat 4: velnelz folded before Flop
Seat 5: jesp07 folded before Flop (didn't bet)
Seat 6: polly727 folded before Flop (didn't bet)
Seat 7: Dorex2007 folded before Flop (didn't bet)
Seat 8: maciejjopek12 folded before Flop (didn't bet)
Seat 9: Sergun K. folded before Flop (didn't bet)



PokerStars Hand #223972128534:  Hold'em No Limit ($0.01/$0.02 USD) - 2021/02/18 18:13:15 PT [2021/02/18 21:13:15 ET]
Table 'Burdigala IV' 9-max Seat #2 is the button
Seat 1: facundo23 ($2 in chips) 
Seat 2: tutanpoker ($2.33 in chips) 
Seat 3: Krakus 888 ($2.25 in chips) 
Seat 4: velnelz ($2.69 in chips) 
Seat 5: jesp07 ($2.42 in chips) 
Seat 6: polly727 ($1.97 in chips) 
Seat 7: Dorex2007 ($1.47 in chips) 
Seat 8: maciejjopek12 ($5.05 in chips) 
Seat 9: Sergun K. ($3.54 in chips) 
Krakus 888: posts small blind $0.01
velnelz: posts big blind $0.02
*** HOLE CARDS ***
Dealt to Dorex2007 [7h 7c]
jesp07: raises $0.04 to $0.06
polly727: folds 
Dorex2007: calls $0.06
maciejjopek12: folds 
Sergun K.: folds 
facundo23: folds 
tutanpoker: folds 
Krakus 888: folds 
velnelz: folds 
*** FLOP *** [Ah Tc 8c]
jesp07: bets $0.07
Dorex2007: folds 
Uncalled bet ($0.07) returned to jesp07
jesp07 collected $0.14 from pot
jesp07: doesn't show hand 
*** SUMMARY ***
Total pot $0.15 | Rake $0.01 
Board [Ah Tc 8c]
Seat 1: facundo23 folded before Flop (didn't bet)
Seat 2: tutanpoker (button) folded before Flop (didn't bet)
Seat 3: Krakus 888 (small blind) folded before Flop
Seat 4: velnelz (big blind) folded before Flop
Seat 5: jesp07 collected ($0.14)
Seat 6: polly727 folded before Flop (didn't bet)
Seat 7: Dorex2007 folded on the Flop
Seat 8: maciejjopek12 folded before Flop (didn't bet)
Seat 9: Sergun K. folded before Flop (didn't bet)



PokerStars Hand #223972141590:  Hold'em No Limit ($0.01/$0.02 USD) - 2021/02/18 18:13:54 PT [2021/02/18 21:13:54 ET]
Table 'Burdigala IV' 9-max Seat #3 is the button
Seat 1: facundo23 ($2 in chips) 
Seat 2: tutanpoker ($2.33 in chips) 
Seat 3: Krakus 888 ($2.24 in chips) 
Seat 4: velnelz ($2.67 in chips) 
Seat 5: jesp07 ($2.50 in chips) 
Seat 6: polly727 ($1.97 in chips) 
Seat 7: Dorex2007 ($1.41 in chips) 
Seat 8: maciejjopek12 ($5.05 in chips) 
Seat 9: Sergun K. ($3.54 in chips) 
velnelz: posts small blind $0.01
jesp07: posts big blind $0.02
*** HOLE CARDS ***
Dealt to Dorex2007 [Ah Kc]
polly727: folds 
Dorex2007: raises $0.04 to $0.06
maciejjopek12: calls $0.06
Sergun K.: folds 
facundo23: folds 
tutanpoker: folds 
Krakus 888: folds 
velnelz: folds 
jesp07: calls $0.04
*** FLOP *** [Tc 6c 6h]
jesp07: checks 
Dorex2007: bets $0.09
maciejjopek12: raises $0.18 to $0.27
jesp07: folds 
Dorex2007: calls $0.18
*** TURN *** [Tc 6c 6h] [Th]
Dorex2007: bets $0.70
maciejjopek12: raises $4.02 to $4.72 and is all-in
Dorex2007: calls $0.38 and is all-in
Uncalled bet ($3.64) returned to maciejjopek12
*** RIVER *** [Tc 6c 6h Th] [Qs]
*** SHOW DOWN ***
Dorex2007: shows [Ah Kc] (two pair, Tens and Sixes)
maciejjopek12: shows [6s As] (a full house, Sixes full of Tens)
maciejjopek12 cashed out the hand for $2.69 | Cash Out Fee $0.03
*** SUMMARY ***
Total pot $2.89 | Rake $0.10 
Board [Tc 6c 6h Th Qs]
Seat 1: facundo23 folded before Flop (didn't bet)
Seat 2: tutanpoker folded before Flop (didn't bet)
Seat 3: Krakus 888 (button) folded before Flop (didn't bet)
Seat 4: velnelz (small blind) folded before Flop
Seat 5: jesp07 (big blind) folded on the Flop
Seat 6: polly727 folded before Flop (didn't bet)
Seat 7: Dorex2007 showed [Ah Kc] and lost with two pair, Tens and Sixes
Seat 8: maciejjopek12 showed [6s As] and won ($2.79) with a full house, Sixes full of Tens (pot not awarded as player cashed out)
Seat 9: Sergun K. folded before Flop (didn't bet)



PokerStars Hand #223972175726:  Hold'em No Limit ($0.01/$0.02 USD) - 2021/02/18 18:15:34 PT [2021/02/18 21:15:34 ET]
Table 'Burdigala IV' 9-max Seat #5 is the button
Seat 1: facundo23 ($2 in chips) 
Seat 2: tutanpoker ($2.33 in chips) 
Seat 3: Krakus 888 ($2.24 in chips) 
Seat 4: velnelz ($2.66 in chips) 
Seat 5: jesp07 ($2.43 in chips) 
Seat 6: polly727 ($2 in chips) 
Seat 7: Dorex2007 ($2 in chips) 
Seat 8: maciejjopek12 ($6.31 in chips) 
Seat 9: Sergun K. ($3.54 in chips) 
polly727: posts small blind $0.01
Dorex2007: posts big blind $0.02
*** HOLE CARDS ***
Dealt to Dorex2007 [Ad 5d]
maciejjopek12: calls $0.02
Sergun K.: folds 
facundo23: folds 
tutanpoker: folds 
Krakus 888: folds 
velnelz: folds 
jesp07: folds 
polly727: calls $0.01
Dorex2007: checks 
*** FLOP *** [7d Ah Qd]
polly727: checks 
Dorex2007: bets $0.06
maciejjopek12: calls $0.06
polly727: folds 
*** TURN *** [7d Ah Qd] [Js]
Dorex2007: checks 
maciejjopek12: checks 
*** RIVER *** [7d Ah Qd Js] [9s]
Dorex2007: bets $0.17
maciejjopek12: calls $0.17
*** SHOW DOWN ***
Dorex2007: shows [Ad 5d] (a pair of Aces)
maciejjopek12: shows [As 8s] (a pair of Aces)
Dorex2007 collected $0.25 from pot
maciejjopek12 collected $0.25 from pot
*** SUMMARY ***
Total pot $0.52 | Rake $0.02 
Board [7d Ah Qd Js 9s]
Seat 1: facundo23 folded before Flop (didn't bet)
Seat 2: tutanpoker folded before Flop (didn't bet)
Seat 3: Krakus 888 folded before Flop (didn't bet)
Seat 4: velnelz folded before Flop (didn't bet)
Seat 5: jesp07 (button) folded before Flop (didn't bet)
Seat 6: polly727 (small blind) folded on the Flop
Seat 7: Dorex2007 (big blind) showed [Ad 5d] and won ($0.25) with a pair of Aces
Seat 8: maciejjopek12 showed [As 8s] and won ($0.25) with a pair of Aces
Seat 9: Sergun K. folded before Flop (didn't bet)



PokerStars Hand #223972190252:  Hold'em No Limit ($0.01/$0.02 USD) - 2021/02/18 18:16:17 PT [2021/02/18 21:16:17 ET]
Table 'Burdigala IV' 9-max Seat #6 is the button
Seat 1: facundo23 ($2 in chips) 
Seat 2: tutanpoker ($2.33 in chips) 
Seat 3: Krakus 888 ($2.24 in chips) 
Seat 4: velnelz ($2.66 in chips) 
Seat 5: jesp07 ($2.43 in chips) 
Seat 6: polly727 ($1.98 in chips) 
Seat 7: Dorex2007 ($2 in chips) 
Seat 8: maciejjopek12 ($6.31 in chips) 
Seat 9: Sergun K. ($3.54 in chips) 
Dorex2007: posts small blind $0.01
maciejjopek12: posts big blind $0.02
*** HOLE CARDS ***
Dealt to Dorex2007 [7c Ts]
Sergun K.: raises $0.03 to $0.05
facundo23: folds 
tutanpoker: calls $0.05
Krakus 888: calls $0.05
velnelz: calls $0.05
jesp07: folds 
polly727: folds 
Dorex2007: folds 
maciejjopek12: folds 
*** FLOP *** [8h 4h Tc]
Sergun K.: checks 
tutanpoker: checks 
Krakus 888: bets $0.22
velnelz: folds 
Sergun K.: folds 
tutanpoker: folds 
Uncalled bet ($0.22) returned to Krakus 888
Krakus 888 collected $0.22 from pot
Krakus 888: doesn't show hand 
*** SUMMARY ***
Total pot $0.23 | Rake $0.01 
Board [8h 4h Tc]
Seat 1: facundo23 folded before Flop (didn't bet)
Seat 2: tutanpoker folded on the Flop
Seat 3: Krakus 888 collected ($0.22)
Seat 4: velnelz folded on the Flop
Seat 5: jesp07 folded before Flop (didn't bet)
Seat 6: polly727 (button) folded before Flop (didn't bet)
Seat 7: Dorex2007 (small blind) folded before Flop
Seat 8: maciejjopek12 (big blind) folded before Flop
Seat 9: Sergun K. folded on the Flop



PokerStars Hand #223972220865:  Hold'em No Limit ($0.01/$0.02 USD) - 2021/02/18 18:17:20 PT [2021/02/18 21:17:20 ET]
Table 'Burdigala IV' 9-max Seat #7 is the button
Seat 1: facundo23 ($2 in chips) 
Seat 2: tutanpoker ($2.28 in chips) 
Seat 3: Krakus 888 ($2.41 in chips) 
Seat 4: velnelz ($2.61 in chips) 
Seat 5: jesp07 ($2.43 in chips) 
Seat 6: polly727 ($1.98 in chips) 
Seat 7: Dorex2007 ($1.99 in chips) 
Seat 8: maciejjopek12 ($6.29 in chips) 
Seat 9: Sergun K. ($3.49 in chips) 
maciejjopek12: posts small blind $0.01
Sergun K.: posts big blind $0.02
*** HOLE CARDS ***
Dealt to Dorex2007 [Qc 3d]
facundo23: folds 
tutanpoker has timed out
tutanpoker: folds 
Krakus 888: folds 
velnelz: calls $0.02
jesp07: folds 
polly727: folds 
Dorex2007: folds 
maciejjopek12: calls $0.01
Sergun K.: raises $0.04 to $0.06
velnelz: folds 
maciejjopek12: calls $0.04
*** FLOP *** [9d Tc Qh]
maciejjopek12: checks 
Sergun K.: bets $0.06
maciejjopek12: calls $0.06
*** TURN *** [9d Tc Qh] [Jh]
maciejjopek12: checks 
Sergun K.: checks 
*** RIVER *** [9d Tc Qh Jh] [7s]
maciejjopek12: checks 
Sergun K.: bets $0.17
maciejjopek12: folds 
Uncalled bet ($0.17) returned to Sergun K.
Sergun K. collected $0.25 from pot
Sergun K.: doesn't show hand 
*** SUMMARY ***
Total pot $0.26 | Rake $0.01 
Board [9d Tc Qh Jh 7s]
Seat 1: facundo23 folded before Flop (didn't bet)
Seat 2: tutanpoker folded before Flop (didn't bet)
Seat 3: Krakus 888 folded before Flop (didn't bet)
Seat 4: velnelz folded before Flop
Seat 5: jesp07 folded before Flop (didn't bet)
Seat 6: polly727 folded before Flop (didn't bet)
Seat 7: Dorex2007 (button) folded before Flop (didn't bet)
Seat 8: maciejjopek12 (small blind) folded on the River
Seat 9: Sergun K. (big blind) collected ($0.25)



