PokerStars Hand #231196308273:  Hold'em No Limit ($0.01/$0.02 USD) - 2021/11/06 15:03:03 PT [2021/11/06 18:03:03 ET]
Table 'Debehogne' 9-max Seat #7 is the button
Seat 2: aleks44ru ($0.49 in chips) 
Seat 3: yvn745823 ($2 in chips) 
Seat 4: souzasaullo2 ($3.42 in chips) 
Seat 5: avotiya08 ($2.73 in chips) 
Seat 6: Dorex2007 ($2 in chips) 
Seat 7: TulisPL ($2.05 in chips) 
Seat 8: Buuuum11 ($6.50 in chips) 
Seat 9: Bavci ($2 in chips) 
Buuuum11: posts small blind $0.01
Bavci: posts big blind $0.02
Dorex2007: posts big blind $0.02
*** HOLE CARDS ***
Dealt to Dorex2007 [Js Kc]
aleks44ru: folds 
yvn745823: folds 
souzasaullo2: calls $0.02
avotiya08: folds 
Dorex2007: checks 
TulisPL: raises $0.04 to $0.06
Buuuum11: folds 
Bavci: folds 
souzasaullo2: calls $0.04
Dorex2007: calls $0.04
*** FLOP *** [8c 2s 4s]
souzasaullo2: bets $0.10
Dorex2007: folds 
TulisPL: calls $0.10
*** TURN *** [8c 2s 4s] [7s]
souzasaullo2: bets $0.20
TulisPL: calls $0.20
*** RIVER *** [8c 2s 4s 7s] [Th]
souzasaullo2: bets $0.10
TulisPL: raises $0.20 to $0.30
souzasaullo2: calls $0.20
*** SHOW DOWN ***
TulisPL: shows [9s 9d] (a pair of Nines)
souzasaullo2: mucks hand 
TulisPL collected $1.36 from pot
*** SUMMARY ***
Total pot $1.41 | Rake $0.05 
Board [8c 2s 4s 7s Th]
Seat 2: aleks44ru folded before Flop (didn't bet)
Seat 3: yvn745823 folded before Flop (didn't bet)
Seat 4: souzasaullo2 mucked [8h 6h]
Seat 5: avotiya08 folded before Flop (didn't bet)
Seat 6: Dorex2007 folded on the Flop
Seat 7: TulisPL (button) showed [9s 9d] and won ($1.36) with a pair of Nines
Seat 8: Buuuum11 (small blind) folded before Flop
Seat 9: Bavci (big blind) folded before Flop



PokerStars Hand #231196338012:  Hold'em No Limit ($0.01/$0.02 USD) - 2021/11/06 15:04:11 PT [2021/11/06 18:04:11 ET]
Table 'Debehogne' 9-max Seat #8 is the button
Seat 1: Mrs. haze888 ($1.51 in chips) 
Seat 2: aleks44ru ($0.49 in chips) 
Seat 3: yvn745823 ($2 in chips) 
Seat 4: souzasaullo2 ($2.76 in chips) 
Seat 5: avotiya08 ($2.73 in chips) 
Seat 6: Dorex2007 ($2 in chips) 
Seat 7: TulisPL ($2.75 in chips) 
Seat 8: Buuuum11 ($6.49 in chips) 
Seat 9: Bavci ($2 in chips) 
Bavci: posts small blind $0.01
Mrs. haze888: posts big blind $0.02
*** HOLE CARDS ***
Dealt to Dorex2007 [Ks 6h]
aleks44ru: calls $0.02
yvn745823: folds 
souzasaullo2: calls $0.02
avotiya08: calls $0.02
Dorex2007: folds 
TulisPL: folds 
Buuuum11: raises $0.02 to $0.04
Bavci: folds 
Mrs. haze888: raises $0.02 to $0.06
aleks44ru: folds 
souzasaullo2: calls $0.04
avotiya08: calls $0.04
Buuuum11: calls $0.02
*** FLOP *** [Kd 7d Jh]
Mrs. haze888: checks 
souzasaullo2: checks 
avotiya08: checks 
Buuuum11: checks 
*** TURN *** [Kd 7d Jh] [4h]
Mrs. haze888: checks 
souzasaullo2: checks 
avotiya08: bets $0.13
Buuuum11: calls $0.13
Mrs. haze888: folds 
Mrs. haze888 leaves the table
souzasaullo2: folds 
*** RIVER *** [Kd 7d Jh 4h] [Tc]
avotiya08: bets $0.31
Buuuum11: calls $0.31
*** SHOW DOWN ***
avotiya08: shows [5s 5h] (a pair of Fives)
Buuuum11: shows [Qh Qc] (a pair of Queens)
Buuuum11 collected $1.10 from pot
*** SUMMARY ***
Total pot $1.15 | Rake $0.05 
Board [Kd 7d Jh 4h Tc]
Seat 1: Mrs. haze888 (big blind) folded on the Turn
Seat 2: aleks44ru folded before Flop
Seat 3: yvn745823 folded before Flop (didn't bet)
Seat 4: souzasaullo2 folded on the Turn
Seat 5: avotiya08 showed [5s 5h] and lost with a pair of Fives
Seat 6: Dorex2007 folded before Flop (didn't bet)
Seat 7: TulisPL folded before Flop (didn't bet)
Seat 8: Buuuum11 (button) showed [Qh Qc] and won ($1.10) with a pair of Queens
Seat 9: Bavci (small blind) folded before Flop



PokerStars Hand #231196375687:  Hold'em No Limit ($0.01/$0.02 USD) - 2021/11/06 15:05:36 PT [2021/11/06 18:05:36 ET]
Table 'Debehogne' 9-max Seat #9 is the button
Seat 2: aleks44ru ($0.47 in chips) 
Seat 3: yvn745823 ($2 in chips) 
Seat 4: souzasaullo2 ($2.70 in chips) 
Seat 5: avotiya08 ($2.23 in chips) 
Seat 6: Dorex2007 ($2 in chips) 
Seat 7: TulisPL ($2.75 in chips) 
Seat 8: Buuuum11 ($7.09 in chips) 
Seat 9: Bavci ($2 in chips) 
aleks44ru: posts small blind $0.01
yvn745823: posts big blind $0.02
*** HOLE CARDS ***
Dealt to Dorex2007 [Ts Td]
souzasaullo2: folds 
avotiya08: folds 
Dorex2007: calls $0.02
TulisPL: folds 
Buuuum11: folds 
Bavci: raises $0.05 to $0.07
aleks44ru: folds 
yvn745823: folds 
Dorex2007: calls $0.05
*** FLOP *** [9h 9s 7s]
Dorex2007: checks 
Bavci: bets $0.10
Dorex2007: calls $0.10
*** TURN *** [9h 9s 7s] [7h]
Dorex2007: bets $0.18
Bavci: folds 
Uncalled bet ($0.18) returned to Dorex2007
Dorex2007 collected $0.36 from pot
Dorex2007: doesn't show hand 
*** SUMMARY ***
Total pot $0.37 | Rake $0.01 
Board [9h 9s 7s 7h]
Seat 2: aleks44ru (small blind) folded before Flop
Seat 3: yvn745823 (big blind) folded before Flop
Seat 4: souzasaullo2 folded before Flop (didn't bet)
Seat 5: avotiya08 folded before Flop (didn't bet)
Seat 6: Dorex2007 collected ($0.36)
Seat 7: TulisPL folded before Flop (didn't bet)
Seat 8: Buuuum11 folded before Flop (didn't bet)
Seat 9: Bavci (button) folded on the Turn



PokerStars Hand #231196396747:  Hold'em No Limit ($0.01/$0.02 USD) - 2021/11/06 15:06:24 PT [2021/11/06 18:06:24 ET]
Table 'Debehogne' 9-max Seat #2 is the button
Seat 2: aleks44ru ($0.46 in chips) 
Seat 3: yvn745823 ($2 in chips) 
Seat 4: souzasaullo2 ($2.70 in chips) 
Seat 5: avotiya08 ($2.23 in chips) 
Seat 6: Dorex2007 ($2.19 in chips) 
Seat 7: TulisPL ($2.75 in chips) 
Seat 8: Buuuum11 ($7.09 in chips) 
Seat 9: Bavci ($2 in chips) 
yvn745823: posts small blind $0.01
souzasaullo2: posts big blind $0.02
*** HOLE CARDS ***
Dealt to Dorex2007 [7c 2s]
avotiya08: raises $0.02 to $0.04
Dorex2007: folds 
TulisPL: folds 
Buuuum11: calls $0.04
Bavci: folds 
aleks44ru: folds 
yvn745823: folds 
souzasaullo2: folds 
*** FLOP *** [Jc Qs Th]
avotiya08: checks 
Buuuum11: bets $0.11
avotiya08: calls $0.11
*** TURN *** [Jc Qs Th] [Ks]
avotiya08: checks 
jjmclell joins the table at seat #1 
Buuuum11: bets $0.32
avotiya08: calls $0.32
*** RIVER *** [Jc Qs Th Ks] [Ts]
avotiya08: checks 
Buuuum11: checks 
*** SHOW DOWN ***
avotiya08: shows [Tc Ad] (a straight, Ten to Ace)
Buuuum11: mucks hand 
avotiya08 collected $0.94 from pot
*** SUMMARY ***
Total pot $0.97 | Rake $0.03 
Board [Jc Qs Th Ks Ts]
Seat 2: aleks44ru (button) folded before Flop (didn't bet)
Seat 3: yvn745823 (small blind) folded before Flop
Seat 4: souzasaullo2 (big blind) folded before Flop
Seat 5: avotiya08 showed [Tc Ad] and won ($0.94) with a straight, Ten to Ace
Seat 6: Dorex2007 folded before Flop (didn't bet)
Seat 7: TulisPL folded before Flop (didn't bet)
Seat 8: Buuuum11 mucked [Kh 6h]
Seat 9: Bavci folded before Flop (didn't bet)



PokerStars Hand #231196419663:  Hold'em No Limit ($0.01/$0.02 USD) - 2021/11/06 15:07:16 PT [2021/11/06 18:07:16 ET]
Table 'Debehogne' 9-max Seat #3 is the button
Seat 2: aleks44ru ($0.46 in chips) 
Seat 3: yvn745823 ($2 in chips) 
Seat 4: souzasaullo2 ($2.68 in chips) 
Seat 5: avotiya08 ($2.70 in chips) 
Seat 6: Dorex2007 ($2.19 in chips) 
Seat 7: TulisPL ($2.75 in chips) 
Seat 8: Buuuum11 ($6.62 in chips) 
Seat 9: Bavci ($2 in chips) 
souzasaullo2: posts small blind $0.01
avotiya08: posts big blind $0.02
jjmclell: sits out 
*** HOLE CARDS ***
Dealt to Dorex2007 [8c Ah]
Dorex2007: folds 
TulisPL: calls $0.02
Buuuum11: folds 
Bavci: folds 
aleks44ru: folds 
yvn745823: folds 
souzasaullo2: calls $0.01
avotiya08: checks 
*** FLOP *** [7c 8s 2h]
souzasaullo2: bets $0.02
avotiya08: folds 
TulisPL: raises $0.02 to $0.04
souzasaullo2: calls $0.02
*** TURN *** [7c 8s 2h] [9s]
souzasaullo2: bets $0.02
TulisPL: raises $0.06 to $0.08
souzasaullo2: calls $0.06
*** RIVER *** [7c 8s 2h 9s] [Kh]
souzasaullo2: bets $0.02
TulisPL: raises $0.08 to $0.10
souzasaullo2: calls $0.08
*** SHOW DOWN ***
TulisPL: shows [Kc 4c] (a pair of Kings)
souzasaullo2: mucks hand 
TulisPL collected $0.48 from pot
*** SUMMARY ***
Total pot $0.50 | Rake $0.02 
Board [7c 8s 2h 9s Kh]
Seat 2: aleks44ru folded before Flop (didn't bet)
Seat 3: yvn745823 (button) folded before Flop (didn't bet)
Seat 4: souzasaullo2 (small blind) mucked [Th 9h]
Seat 5: avotiya08 (big blind) folded on the Flop
Seat 6: Dorex2007 folded before Flop (didn't bet)
Seat 7: TulisPL showed [Kc 4c] and won ($0.48) with a pair of Kings
Seat 8: Buuuum11 folded before Flop (didn't bet)
Seat 9: Bavci folded before Flop (didn't bet)



PokerStars Hand #231196444432:  Hold'em No Limit ($0.01/$0.02 USD) - 2021/11/06 15:08:12 PT [2021/11/06 18:08:12 ET]
Table 'Debehogne' 9-max Seat #4 is the button
Seat 2: aleks44ru ($0.46 in chips) 
Seat 3: yvn745823 ($2 in chips) 
Seat 4: souzasaullo2 ($2.44 in chips) 
Seat 5: avotiya08 ($2.68 in chips) 
Seat 6: Dorex2007 ($2.19 in chips) 
Seat 7: TulisPL ($2.99 in chips) 
Seat 8: Buuuum11 ($6.62 in chips) 
Seat 9: Bavci ($2 in chips) 
avotiya08: posts small blind $0.01
Dorex2007: posts big blind $0.02
jjmclell: sits out 
*** HOLE CARDS ***
Dealt to Dorex2007 [Qh 6c]
TulisPL: folds 
Buuuum11: raises $0.02 to $0.04
Bavci: folds 
aleks44ru: folds 
yvn745823: raises $0.10 to $0.14
souzasaullo2: folds 
avotiya08: folds 
Dorex2007: folds 
Buuuum11: folds 
Uncalled bet ($0.10) returned to yvn745823
yvn745823 collected $0.11 from pot
*** SUMMARY ***
Total pot $0.11 | Rake $0 
Seat 2: aleks44ru folded before Flop (didn't bet)
Seat 3: yvn745823 collected ($0.11)
Seat 4: souzasaullo2 (button) folded before Flop (didn't bet)
Seat 5: avotiya08 (small blind) folded before Flop
Seat 6: Dorex2007 (big blind) folded before Flop
Seat 7: TulisPL folded before Flop (didn't bet)
Seat 8: Buuuum11 folded before Flop
Seat 9: Bavci folded before Flop (didn't bet)



PokerStars Hand #231196455086:  Hold'em No Limit ($0.01/$0.02 USD) - 2021/11/06 15:08:36 PT [2021/11/06 18:08:36 ET]
Table 'Debehogne' 9-max Seat #5 is the button
Seat 2: aleks44ru ($0.46 in chips) 
Seat 3: yvn745823 ($2.07 in chips) 
Seat 4: souzasaullo2 ($2.44 in chips) 
Seat 5: avotiya08 ($2.67 in chips) 
Seat 6: Dorex2007 ($2.17 in chips) 
Seat 7: TulisPL ($2.99 in chips) 
Seat 8: Buuuum11 ($6.58 in chips) 
Seat 9: Bavci ($2 in chips) 
Dorex2007: posts small blind $0.01
TulisPL: posts big blind $0.02
jjmclell: sits out 
*** HOLE CARDS ***
Dealt to Dorex2007 [5h Ts]
Buuuum11: raises $0.02 to $0.04
Bavci: calls $0.04
aleks44ru: folds 
yvn745823: folds 
souzasaullo2: calls $0.04
avotiya08: calls $0.04
Dorex2007: folds 
TulisPL: calls $0.02
*** FLOP *** [Th 9c 7c]
TulisPL: checks 
Buuuum11: checks 
Bavci: checks 
souzasaullo2: bets $0.10
avotiya08: folds 
TulisPL: folds 
Buuuum11: folds 
Bavci: folds 
Uncalled bet ($0.10) returned to souzasaullo2
souzasaullo2 collected $0.20 from pot
souzasaullo2: doesn't show hand 
*** SUMMARY ***
Total pot $0.21 | Rake $0.01 
Board [Th 9c 7c]
Seat 2: aleks44ru folded before Flop (didn't bet)
Seat 3: yvn745823 folded before Flop (didn't bet)
Seat 4: souzasaullo2 collected ($0.20)
Seat 5: avotiya08 (button) folded on the Flop
Seat 6: Dorex2007 (small blind) folded before Flop
Seat 7: TulisPL (big blind) folded on the Flop
Seat 8: Buuuum11 folded on the Flop
Seat 9: Bavci folded on the Flop



PokerStars Hand #231196477783:  Hold'em No Limit ($0.01/$0.02 USD) - 2021/11/06 15:09:28 PT [2021/11/06 18:09:28 ET]
Table 'Debehogne' 9-max Seat #6 is the button
Seat 2: aleks44ru ($0.46 in chips) 
Seat 3: yvn745823 ($2.07 in chips) 
Seat 4: souzasaullo2 ($2.60 in chips) 
Seat 5: avotiya08 ($2.63 in chips) 
Seat 6: Dorex2007 ($2.16 in chips) 
Seat 7: TulisPL ($2.95 in chips) 
Seat 8: Buuuum11 ($6.54 in chips) 
Seat 9: Bavci ($2 in chips) 
TulisPL: posts small blind $0.01
Buuuum11: posts big blind $0.02
jjmclell: sits out 
*** HOLE CARDS ***
Dealt to Dorex2007 [Ts 8h]
Bavci: folds 
aleks44ru: folds 
yvn745823: folds 
souzasaullo2: calls $0.02
avotiya08 has timed out
avotiya08: folds 
Dorex2007: folds 
TulisPL: calls $0.01
Buuuum11: raises $0.02 to $0.04
souzasaullo2: calls $0.02
TulisPL: calls $0.02
*** FLOP *** [Ad Ac Ks]
TulisPL: bets $0.02
Buuuum11: folds 
souzasaullo2: calls $0.02
*** TURN *** [Ad Ac Ks] [As]
TulisPL: bets $0.20
souzasaullo2: calls $0.20
*** RIVER *** [Ad Ac Ks As] [9s]
TulisPL: bets $0.30
souzasaullo2: calls $0.30
*** SHOW DOWN ***
TulisPL: shows [Jc 5h] (three of a kind, Aces)
souzasaullo2: shows [Td Kh] (a full house, Aces full of Kings)
souzasaullo2 collected $1.12 from pot
*** SUMMARY ***
Total pot $1.16 | Rake $0.04 
Board [Ad Ac Ks As 9s]
Seat 2: aleks44ru folded before Flop (didn't bet)
Seat 3: yvn745823 folded before Flop (didn't bet)
Seat 4: souzasaullo2 showed [Td Kh] and won ($1.12) with a full house, Aces full of Kings
Seat 5: avotiya08 folded before Flop (didn't bet)
Seat 6: Dorex2007 (button) folded before Flop (didn't bet)
Seat 7: TulisPL (small blind) showed [Jc 5h] and lost with three of a kind, Aces
Seat 8: Buuuum11 (big blind) folded on the Flop
Seat 9: Bavci folded before Flop (didn't bet)



PokerStars Hand #231196505531:  Hold'em No Limit ($0.01/$0.02 USD) - 2021/11/06 15:10:20 PT [2021/11/06 18:10:20 ET]
Table 'Debehogne' 9-max Seat #7 is the button
Seat 2: aleks44ru ($0.46 in chips) 
Seat 3: yvn745823 ($2.07 in chips) 
Seat 4: souzasaullo2 ($3.16 in chips) 
Seat 5: avotiya08 ($2.63 in chips) 
Seat 6: Dorex2007 ($2.16 in chips) 
Seat 7: TulisPL ($2.39 in chips) 
Seat 8: Buuuum11 ($6.50 in chips) 
Seat 9: Bavci ($2 in chips) 
Buuuum11: posts small blind $0.01
Bavci: posts big blind $0.02
jjmclell: sits out 
*** HOLE CARDS ***
Dealt to Dorex2007 [Js Qc]
aleks44ru: calls $0.02
yvn745823: folds 
souzasaullo2: calls $0.02
avotiya08: folds 
Dorex2007: calls $0.02
TulisPL: folds 
Buuuum11: folds 
Bavci: checks 
*** FLOP *** [9s Kd 2s]
Bavci: checks 
aleks44ru: checks 
souzasaullo2: checks 
Dorex2007: checks 
*** TURN *** [9s Kd 2s] [Qh]
Bavci: checks 
aleks44ru: checks 
souzasaullo2: checks 
Dorex2007: checks 
*** RIVER *** [9s Kd 2s Qh] [9c]
Bavci: checks 
aleks44ru: checks 
souzasaullo2: checks 
Dorex2007: checks 
*** SHOW DOWN ***
Bavci: shows [As 8h] (a pair of Nines)
aleks44ru: shows [5h 5s] (two pair, Nines and Fives)
souzasaullo2: mucks hand 
Dorex2007: shows [Js Qc] (two pair, Queens and Nines)
Dorex2007 collected $0.09 from pot
*** SUMMARY ***
Total pot $0.09 | Rake $0 
Board [9s Kd 2s Qh 9c]
Seat 2: aleks44ru showed [5h 5s] and lost with two pair, Nines and Fives
Seat 3: yvn745823 folded before Flop (didn't bet)
Seat 4: souzasaullo2 mucked [5d 7h]
Seat 5: avotiya08 folded before Flop (didn't bet)
Seat 6: Dorex2007 showed [Js Qc] and won ($0.09) with two pair, Queens and Nines
Seat 7: TulisPL (button) folded before Flop (didn't bet)
Seat 8: Buuuum11 (small blind) folded before Flop
Seat 9: Bavci (big blind) showed [As 8h] and lost with a pair of Nines



PokerStars Hand #231196522389:  Hold'em No Limit ($0.01/$0.02 USD) - 2021/11/06 15:10:59 PT [2021/11/06 18:10:59 ET]
Table 'Debehogne' 9-max Seat #8 is the button
Seat 1: jjmclell ($2 in chips) 
Seat 2: aleks44ru ($0.44 in chips) 
Seat 3: yvn745823 ($2.07 in chips) 
Seat 4: souzasaullo2 ($3.14 in chips) 
Seat 5: avotiya08 ($2.63 in chips) 
Seat 6: Dorex2007 ($2.23 in chips) 
Seat 7: TulisPL ($2.39 in chips) 
Seat 8: Buuuum11 ($6.49 in chips) 
Seat 9: Bavci ($2 in chips) 
Bavci: posts small blind $0.01
jjmclell: posts big blind $0.02
*** HOLE CARDS ***
Dealt to Dorex2007 [6c Qd]
aleks44ru: folds 
yvn745823: folds 
souzasaullo2: calls $0.02
avotiya08: folds 
Dorex2007: folds 
TulisPL: folds 
Buuuum11: raises $0.02 to $0.04
Bavci: folds 
jjmclell: folds 
souzasaullo2: calls $0.02
*** FLOP *** [Td 4d Qc]
souzasaullo2: checks 
Buuuum11: checks 
*** TURN *** [Td 4d Qc] [7h]
souzasaullo2: checks 
Buuuum11: checks 
*** RIVER *** [Td 4d Qc 7h] [3h]
souzasaullo2: checks 
Buuuum11: checks 
*** SHOW DOWN ***
souzasaullo2: shows [5h Ah] (high card Ace)
Buuuum11: shows [8c 7c] (a pair of Sevens)
Buuuum11 collected $0.11 from pot
*** SUMMARY ***
Total pot $0.11 | Rake $0 
Board [Td 4d Qc 7h 3h]
Seat 1: jjmclell (big blind) folded before Flop
Seat 2: aleks44ru folded before Flop (didn't bet)
Seat 3: yvn745823 folded before Flop (didn't bet)
Seat 4: souzasaullo2 showed [5h Ah] and lost with high card Ace
Seat 5: avotiya08 folded before Flop (didn't bet)
Seat 6: Dorex2007 folded before Flop (didn't bet)
Seat 7: TulisPL folded before Flop (didn't bet)
Seat 8: Buuuum11 (button) showed [8c 7c] and won ($0.11) with a pair of Sevens
Seat 9: Bavci (small blind) folded before Flop



PokerStars Hand #231196537912:  Hold'em No Limit ($0.01/$0.02 USD) - 2021/11/06 15:11:34 PT [2021/11/06 18:11:34 ET]
Table 'Debehogne' 9-max Seat #9 is the button
Seat 1: jjmclell ($1.98 in chips) 
Seat 2: aleks44ru ($0.44 in chips) 
Seat 3: yvn745823 ($2.07 in chips) 
Seat 4: souzasaullo2 ($3.10 in chips) 
Seat 5: avotiya08 ($2.63 in chips) 
Seat 6: Dorex2007 ($2.23 in chips) 
Seat 7: TulisPL ($2.39 in chips) 
Seat 8: Buuuum11 ($6.56 in chips) 
Seat 9: Bavci ($2 in chips) 
jjmclell: posts small blind $0.01
aleks44ru: posts big blind $0.02
*** HOLE CARDS ***
Dealt to Dorex2007 [Kd Kh]
yvn745823: folds 
souzasaullo2: folds 
avotiya08: raises $0.04 to $0.06
Dorex2007: raises $0.06 to $0.12
TulisPL: folds 
Buuuum11: folds 
Bavci: folds 
jjmclell: folds 
aleks44ru: folds 
avotiya08: calls $0.06
*** FLOP *** [Th Kc 7d]
avotiya08: bets $0.13
Dorex2007: raises $0.17 to $0.30
avotiya08: calls $0.17
*** TURN *** [Th Kc 7d] [7s]
avotiya08: checks 
Dorex2007: checks 
*** RIVER *** [Th Kc 7d 7s] [Qd]
avotiya08: checks 
Dorex2007: bets $0.42
avotiya08: raises $0.68 to $1.10
Dorex2007: raises $0.71 to $1.81 and is all-in
avotiya08: calls $0.71
*** SHOW DOWN ***
Dorex2007: shows [Kd Kh] (a full house, Kings full of Sevens)
avotiya08: shows [Ad Jh] (a straight, Ten to Ace)
Dorex2007 collected $4.33 from pot
*** SUMMARY ***
Total pot $4.49 | Rake $0.16 
Board [Th Kc 7d 7s Qd]
Seat 1: jjmclell (small blind) folded before Flop
Seat 2: aleks44ru (big blind) folded before Flop
Seat 3: yvn745823 folded before Flop (didn't bet)
Seat 4: souzasaullo2 folded before Flop (didn't bet)
Seat 5: avotiya08 showed [Ad Jh] and lost with a straight, Ten to Ace
Seat 6: Dorex2007 showed [Kd Kh] and won ($4.33) with a full house, Kings full of Sevens
Seat 7: TulisPL folded before Flop (didn't bet)
Seat 8: Buuuum11 folded before Flop (didn't bet)
Seat 9: Bavci (button) folded before Flop (didn't bet)



PokerStars Hand #231196583902:  Hold'em No Limit ($0.01/$0.02 USD) - 2021/11/06 15:13:19 PT [2021/11/06 18:13:19 ET]
Table 'Debehogne' 9-max Seat #1 is the button
Seat 1: jjmclell ($1.97 in chips) 
Seat 2: aleks44ru ($0.42 in chips) 
Seat 3: yvn745823 ($2.07 in chips) 
Seat 4: souzasaullo2 ($3.10 in chips) 
Seat 5: avotiya08 ($0.40 in chips) 
Seat 6: Dorex2007 ($4.33 in chips) 
Seat 7: TulisPL ($2.39 in chips) 
Seat 8: Buuuum11 ($6.56 in chips) 
Seat 9: Bavci ($2 in chips) 
aleks44ru: posts small blind $0.01
yvn745823: posts big blind $0.02
*** HOLE CARDS ***
Dealt to Dorex2007 [Ts Ac]
souzasaullo2: calls $0.02
avotiya08: folds 
Dorex2007: folds 
TulisPL: calls $0.02
Buuuum11: folds 
Bavci: folds 
jjmclell: folds 
aleks44ru: calls $0.01
yvn745823: checks 
*** FLOP *** [Qd 3h 2h]
aleks44ru: checks 
yvn745823: checks 
souzasaullo2: checks 
TulisPL: bets $0.02
aleks44ru: folds 
yvn745823: folds 
souzasaullo2: calls $0.02
*** TURN *** [Qd 3h 2h] [9s]
souzasaullo2: bets $0.12
TulisPL: folds 
Uncalled bet ($0.12) returned to souzasaullo2
souzasaullo2 collected $0.12 from pot
souzasaullo2: doesn't show hand 
*** SUMMARY ***
Total pot $0.12 | Rake $0 
Board [Qd 3h 2h 9s]
Seat 1: jjmclell (button) folded before Flop (didn't bet)
Seat 2: aleks44ru (small blind) folded on the Flop
Seat 3: yvn745823 (big blind) folded on the Flop
Seat 4: souzasaullo2 collected ($0.12)
Seat 5: avotiya08 folded before Flop (didn't bet)
Seat 6: Dorex2007 folded before Flop (didn't bet)
Seat 7: TulisPL folded on the Turn
Seat 8: Buuuum11 folded before Flop (didn't bet)
Seat 9: Bavci folded before Flop (didn't bet)



PokerStars Hand #231196607466:  Hold'em No Limit ($0.01/$0.02 USD) - 2021/11/06 15:14:13 PT [2021/11/06 18:14:13 ET]
Table 'Debehogne' 9-max Seat #2 is the button
Seat 1: jjmclell ($1.97 in chips) 
Seat 2: aleks44ru ($0.40 in chips) 
Seat 3: yvn745823 ($2.05 in chips) 
Seat 4: souzasaullo2 ($3.18 in chips) 
Seat 5: avotiya08 ($0.40 in chips) 
Seat 6: Dorex2007 ($4.33 in chips) 
Seat 7: TulisPL ($2.35 in chips) 
Seat 8: Buuuum11 ($6.56 in chips) 
Seat 9: Bavci ($2 in chips) 
yvn745823: posts small blind $0.01
souzasaullo2: posts big blind $0.02
*** HOLE CARDS ***
Dealt to Dorex2007 [5h Tc]
avotiya08: folds 
Dorex2007: folds 
TulisPL: folds 
Buuuum11: raises $0.02 to $0.04
Bavci: folds 
jjmclell: raises $0.06 to $0.10
aleks44ru: folds 
avotiya08 leaves the table
zayac64 joins the table at seat #5 
yvn745823: folds 
souzasaullo2: calls $0.08
Buuuum11: calls $0.06
*** FLOP *** [4s 9d 6h]
souzasaullo2: checks 
Buuuum11: bets $0.15
jjmclell: folds 
souzasaullo2: folds 
Uncalled bet ($0.15) returned to Buuuum11
Buuuum11 collected $0.30 from pot
Buuuum11: doesn't show hand 
*** SUMMARY ***
Total pot $0.31 | Rake $0.01 
Board [4s 9d 6h]
Seat 1: jjmclell folded on the Flop
Seat 2: aleks44ru (button) folded before Flop (didn't bet)
Seat 3: yvn745823 (small blind) folded before Flop
Seat 4: souzasaullo2 (big blind) folded on the Flop
Seat 5: avotiya08 folded before Flop (didn't bet)
Seat 6: Dorex2007 folded before Flop (didn't bet)
Seat 7: TulisPL folded before Flop (didn't bet)
Seat 8: Buuuum11 collected ($0.30)
Seat 9: Bavci folded before Flop (didn't bet)



PokerStars Hand #231196630470:  Hold'em No Limit ($0.01/$0.02 USD) - 2021/11/06 15:15:06 PT [2021/11/06 18:15:06 ET]
Table 'Debehogne' 9-max Seat #3 is the button
Seat 1: jjmclell ($1.87 in chips) 
Seat 2: aleks44ru ($0.40 in chips) 
Seat 3: yvn745823 ($2.04 in chips) 
Seat 4: souzasaullo2 ($3.08 in chips) 
Seat 5: zayac64 ($2 in chips) 
Seat 6: Dorex2007 ($4.33 in chips) 
Seat 7: TulisPL ($2.35 in chips) 
Seat 8: Buuuum11 ($6.76 in chips) 
Seat 9: Bavci ($2 in chips) 
souzasaullo2: posts small blind $0.01
zayac64: posts big blind $0.02
*** HOLE CARDS ***
Dealt to Dorex2007 [3h 5d]
Dorex2007: folds 
TulisPL: calls $0.02
Buuuum11: raises $0.02 to $0.04
Bavci: folds 
jjmclell: folds 
aleks44ru: folds 
yvn745823: folds 
souzasaullo2: calls $0.03
zayac64: folds 
TulisPL: calls $0.02
*** FLOP *** [Ac 4h 2h]
souzasaullo2: checks 
TulisPL: bets $0.02
Buuuum11: calls $0.02
souzasaullo2: folds 
*** TURN *** [Ac 4h 2h] [3s]
TulisPL: bets $0.04
Buuuum11: calls $0.04
*** RIVER *** [Ac 4h 2h 3s] [Td]
TulisPL: bets $0.14
Buuuum11: folds 
Uncalled bet ($0.14) returned to TulisPL
TulisPL collected $0.25 from pot
TulisPL: doesn't show hand 
*** SUMMARY ***
Total pot $0.26 | Rake $0.01 
Board [Ac 4h 2h 3s Td]
Seat 1: jjmclell folded before Flop (didn't bet)
Seat 2: aleks44ru folded before Flop (didn't bet)
Seat 3: yvn745823 (button) folded before Flop (didn't bet)
Seat 4: souzasaullo2 (small blind) folded on the Flop
Seat 5: zayac64 (big blind) folded before Flop
Seat 6: Dorex2007 folded before Flop (didn't bet)
Seat 7: TulisPL collected ($0.25)
Seat 8: Buuuum11 folded on the River
Seat 9: Bavci folded before Flop (didn't bet)



PokerStars Hand #231196657852:  Hold'em No Limit ($0.01/$0.02 USD) - 2021/11/06 15:15:49 PT [2021/11/06 18:15:49 ET]
Table 'Debehogne' 9-max Seat #4 is the button
Seat 1: jjmclell ($1.87 in chips) 
Seat 2: aleks44ru ($0.40 in chips) 
Seat 3: yvn745823 ($2.04 in chips) 
Seat 4: souzasaullo2 ($3.04 in chips) 
Seat 5: zayac64 ($2 in chips) 
Seat 6: Dorex2007 ($4.33 in chips) 
Seat 7: TulisPL ($2.50 in chips) 
Seat 8: Buuuum11 ($6.66 in chips) 
Seat 9: Bavci ($2 in chips) 
zayac64: posts small blind $0.01
Dorex2007: posts big blind $0.02
*** HOLE CARDS ***
Dealt to Dorex2007 [9c Kc]
TulisPL: raises $0.04 to $0.06
Buuuum11: folds 
Bavci: folds 
jjmclell: folds 
aleks44ru: folds 
yvn745823: folds 
souzasaullo2: folds 
zayac64: folds 
Dorex2007: folds 
Uncalled bet ($0.04) returned to TulisPL
TulisPL collected $0.05 from pot
TulisPL: doesn't show hand 
*** SUMMARY ***
Total pot $0.05 | Rake $0 
Seat 1: jjmclell folded before Flop (didn't bet)
Seat 2: aleks44ru folded before Flop (didn't bet)
Seat 3: yvn745823 folded before Flop (didn't bet)
Seat 4: souzasaullo2 (button) folded before Flop (didn't bet)
Seat 5: zayac64 (small blind) folded before Flop
Seat 6: Dorex2007 (big blind) folded before Flop
Seat 7: TulisPL collected ($0.05)
Seat 8: Buuuum11 folded before Flop (didn't bet)
Seat 9: Bavci folded before Flop (didn't bet)



PokerStars Hand #231196663739:  Hold'em No Limit ($0.01/$0.02 USD) - 2021/11/06 15:16:02 PT [2021/11/06 18:16:02 ET]
Table 'Debehogne' 9-max Seat #5 is the button
Seat 1: jjmclell ($1.87 in chips) 
Seat 2: aleks44ru ($0.40 in chips) 
Seat 3: yvn745823 ($2.04 in chips) 
Seat 4: souzasaullo2 ($3.04 in chips) 
Seat 5: zayac64 ($2 in chips) 
Seat 6: Dorex2007 ($4.31 in chips) 
Seat 7: TulisPL ($2.53 in chips) 
Seat 8: Buuuum11 ($6.66 in chips) 
Seat 9: Bavci ($2 in chips) 
Dorex2007: posts small blind $0.01
TulisPL: posts big blind $0.02
*** HOLE CARDS ***
Dealt to Dorex2007 [9d Td]
Buuuum11: folds 
Bavci: folds 
jjmclell: folds 
aleks44ru: folds 
yvn745823: folds 
souzasaullo2: calls $0.02
zayac64: folds 
Dorex2007: calls $0.01
TulisPL: checks 
*** FLOP *** [7c 3d 5h]
Dorex2007: checks 
TulisPL: bets $0.02
souzasaullo2: calls $0.02
Dorex2007: folds 
*** TURN *** [7c 3d 5h] [6d]
TulisPL: bets $0.04
souzasaullo2: calls $0.04
*** RIVER *** [7c 3d 5h 6d] [3h]
TulisPL: bets $0.06
souzasaullo2: raises $0.06 to $0.12
TulisPL: calls $0.06
*** SHOW DOWN ***
souzasaullo2: shows [4s Ac] (a straight, Three to Seven)
TulisPL: mucks hand 
souzasaullo2 collected $0.41 from pot
*** SUMMARY ***
Total pot $0.42 | Rake $0.01 
Board [7c 3d 5h 6d 3h]
Seat 1: jjmclell folded before Flop (didn't bet)
Seat 2: aleks44ru folded before Flop (didn't bet)
Seat 3: yvn745823 folded before Flop (didn't bet)
Seat 4: souzasaullo2 showed [4s Ac] and won ($0.41) with a straight, Three to Seven
Seat 5: zayac64 (button) folded before Flop (didn't bet)
Seat 6: Dorex2007 (small blind) folded on the Flop
Seat 7: TulisPL (big blind) mucked [Th 5s]
Seat 8: Buuuum11 folded before Flop (didn't bet)
Seat 9: Bavci folded before Flop (didn't bet)



PokerStars Hand #231196680429:  Hold'em No Limit ($0.01/$0.02 USD) - 2021/11/06 15:16:40 PT [2021/11/06 18:16:40 ET]
Table 'Debehogne' 9-max Seat #6 is the button
Seat 1: jjmclell ($1.87 in chips) 
Seat 2: aleks44ru ($0.40 in chips) 
Seat 3: yvn745823 ($2.04 in chips) 
Seat 4: souzasaullo2 ($3.25 in chips) 
Seat 5: zayac64 ($2 in chips) 
Seat 6: Dorex2007 ($4.29 in chips) 
Seat 7: TulisPL ($2.33 in chips) 
Seat 8: Buuuum11 ($6.66 in chips) 
Seat 9: Bavci ($2 in chips) 
TulisPL: posts small blind $0.01
Buuuum11: posts big blind $0.02
*** HOLE CARDS ***
Dealt to Dorex2007 [8d 7s]
Bavci: folds 
jjmclell: folds 
aleks44ru: folds 
yvn745823: folds 
souzasaullo2: calls $0.02
zayac64: folds 
Dorex2007: folds 
TulisPL: calls $0.01
Buuuum11: raises $0.02 to $0.04
souzasaullo2: calls $0.02
TulisPL: calls $0.02
*** FLOP *** [Th 6d Qd]
TulisPL: checks 
Buuuum11: checks 
souzasaullo2: checks 
*** TURN *** [Th 6d Qd] [8s]
TulisPL: bets $0.02
Buuuum11: calls $0.02
souzasaullo2: folds 
*** RIVER *** [Th 6d Qd 8s] [8c]
TulisPL: bets $0.10
Buuuum11: calls $0.10
*** SHOW DOWN ***
TulisPL: shows [7c 4d] (a pair of Eights)
Buuuum11: shows [5d 5s] (two pair, Eights and Fives)
Buuuum11 collected $0.35 from pot
*** SUMMARY ***
Total pot $0.36 | Rake $0.01 
Board [Th 6d Qd 8s 8c]
Seat 1: jjmclell folded before Flop (didn't bet)
Seat 2: aleks44ru folded before Flop (didn't bet)
Seat 3: yvn745823 folded before Flop (didn't bet)
Seat 4: souzasaullo2 folded on the Turn
Seat 5: zayac64 folded before Flop (didn't bet)
Seat 6: Dorex2007 (button) folded before Flop (didn't bet)
Seat 7: TulisPL (small blind) showed [7c 4d] and lost with a pair of Eights
Seat 8: Buuuum11 (big blind) showed [5d 5s] and won ($0.35) with two pair, Eights and Fives
Seat 9: Bavci folded before Flop (didn't bet)



PokerStars Hand #231196707430:  Hold'em No Limit ($0.01/$0.02 USD) - 2021/11/06 15:17:21 PT [2021/11/06 18:17:21 ET]
Table 'Debehogne' 9-max Seat #7 is the button
Seat 1: jjmclell ($1.87 in chips) 
Seat 2: aleks44ru ($0.40 in chips) 
Seat 3: yvn745823 ($2.04 in chips) 
Seat 4: souzasaullo2 ($3.21 in chips) 
Seat 5: zayac64 ($2 in chips) 
Seat 6: Dorex2007 ($4.29 in chips) 
Seat 7: TulisPL ($2.17 in chips) 
Seat 8: Buuuum11 ($6.85 in chips) 
Seat 9: Bavci ($2 in chips) 
Buuuum11: posts small blind $0.01
Bavci: posts big blind $0.02
*** HOLE CARDS ***
Dealt to Dorex2007 [9h 2d]
jjmclell: folds 
aleks44ru: folds 
yvn745823: folds 
souzasaullo2: folds 
zayac64: folds 
Dorex2007: folds 
TulisPL: raises $0.02 to $0.04
Buuuum11: folds 
Bavci: calls $0.02
*** FLOP *** [Ks 8c Qh]
Bavci: checks 
TulisPL: bets $0.04
Bavci: calls $0.04
*** TURN *** [Ks 8c Qh] [Jc]
Bavci: checks 
TulisPL: bets $0.04
Bavci: raises $0.06 to $0.10
TulisPL: calls $0.06
*** RIVER *** [Ks 8c Qh Jc] [9c]
Bavci: checks 
TulisPL: bets $0.20
Bavci: calls $0.20
*** SHOW DOWN ***
TulisPL: shows [4c 4h] (a pair of Fours)
Bavci: shows [4d Kh] (a pair of Kings)
Bavci collected $0.74 from pot
*** SUMMARY ***
Total pot $0.77 | Rake $0.03 
Board [Ks 8c Qh Jc 9c]
Seat 1: jjmclell folded before Flop (didn't bet)
Seat 2: aleks44ru folded before Flop (didn't bet)
Seat 3: yvn745823 folded before Flop (didn't bet)
Seat 4: souzasaullo2 folded before Flop (didn't bet)
Seat 5: zayac64 folded before Flop (didn't bet)
Seat 6: Dorex2007 folded before Flop (didn't bet)
Seat 7: TulisPL (button) showed [4c 4h] and lost with a pair of Fours
Seat 8: Buuuum11 (small blind) folded before Flop
Seat 9: Bavci (big blind) showed [4d Kh] and won ($0.74) with a pair of Kings



PokerStars Hand #231196735710:  Hold'em No Limit ($0.01/$0.02 USD) - 2021/11/06 15:18:26 PT [2021/11/06 18:18:26 ET]
Table 'Debehogne' 9-max Seat #8 is the button
Seat 1: jjmclell ($1.87 in chips) 
Seat 2: aleks44ru ($0.40 in chips) 
Seat 3: yvn745823 ($2.04 in chips) 
Seat 4: souzasaullo2 ($3.21 in chips) 
Seat 5: zayac64 ($2 in chips) 
Seat 6: Dorex2007 ($4.29 in chips) 
Seat 7: TulisPL ($1.79 in chips) 
Seat 8: Buuuum11 ($6.84 in chips) 
Seat 9: Bavci ($2.36 in chips) 
Bavci: posts small blind $0.01
jjmclell: posts big blind $0.02
*** HOLE CARDS ***
Dealt to Dorex2007 [3h 5h]
aleks44ru: folds 
yvn745823: folds 
souzasaullo2: folds 
zayac64: folds 
Dorex2007: folds 
TulisPL: calls $0.02
Buuuum11: folds 
Bavci: folds 
jjmclell: checks 
*** FLOP *** [Js 3s 7s]
jjmclell: checks 
TulisPL: bets $0.02
jjmclell: folds 
Uncalled bet ($0.02) returned to TulisPL
TulisPL collected $0.05 from pot
TulisPL: doesn't show hand 
*** SUMMARY ***
Total pot $0.05 | Rake $0 
Board [Js 3s 7s]
Seat 1: jjmclell (big blind) folded on the Flop
Seat 2: aleks44ru folded before Flop (didn't bet)
Seat 3: yvn745823 folded before Flop (didn't bet)
Seat 4: souzasaullo2 folded before Flop (didn't bet)
Seat 5: zayac64 folded before Flop (didn't bet)
Seat 6: Dorex2007 folded before Flop (didn't bet)
Seat 7: TulisPL collected ($0.05)
Seat 8: Buuuum11 (button) folded before Flop (didn't bet)
Seat 9: Bavci (small blind) folded before Flop



PokerStars Hand #231196747536:  Hold'em No Limit ($0.01/$0.02 USD) - 2021/11/06 15:18:53 PT [2021/11/06 18:18:53 ET]
Table 'Debehogne' 9-max Seat #9 is the button
Seat 1: jjmclell ($1.85 in chips) 
Seat 2: aleks44ru ($0.40 in chips) 
Seat 3: yvn745823 ($2.04 in chips) 
Seat 4: souzasaullo2 ($3.21 in chips) 
Seat 5: zayac64 ($2 in chips) 
Seat 6: Dorex2007 ($4.29 in chips) 
Seat 7: TulisPL ($1.82 in chips) 
Seat 8: Buuuum11 ($6.84 in chips) 
Seat 9: Bavci ($2.35 in chips) 
jjmclell: posts small blind $0.01
aleks44ru: posts big blind $0.02
*** HOLE CARDS ***
Dealt to Dorex2007 [6s Th]
yvn745823: folds 
souzasaullo2: folds 
zayac64: folds 
Dorex2007: folds 
TulisPL: calls $0.02
Buuuum11: folds 
Bavci: raises $0.05 to $0.07
jjmclell: folds 
aleks44ru: folds 
TulisPL: folds 
Uncalled bet ($0.05) returned to Bavci
Bavci collected $0.07 from pot
Bavci: doesn't show hand 
*** SUMMARY ***
Total pot $0.07 | Rake $0 
Seat 1: jjmclell (small blind) folded before Flop
Seat 2: aleks44ru (big blind) folded before Flop
Seat 3: yvn745823 folded before Flop (didn't bet)
Seat 4: souzasaullo2 folded before Flop (didn't bet)
Seat 5: zayac64 folded before Flop (didn't bet)
Seat 6: Dorex2007 folded before Flop (didn't bet)
Seat 7: TulisPL folded before Flop
Seat 8: Buuuum11 folded before Flop (didn't bet)
Seat 9: Bavci (button) collected ($0.07)



PokerStars Hand #231196753144:  Hold'em No Limit ($0.01/$0.02 USD) - 2021/11/06 15:19:06 PT [2021/11/06 18:19:06 ET]
Table 'Debehogne' 9-max Seat #1 is the button
Seat 1: jjmclell ($1.84 in chips) 
Seat 2: aleks44ru ($0.38 in chips) 
Seat 3: yvn745823 ($2.04 in chips) 
Seat 4: souzasaullo2 ($3.21 in chips) 
Seat 5: zayac64 ($2 in chips) 
Seat 6: Dorex2007 ($4.29 in chips) 
Seat 7: TulisPL ($1.80 in chips) 
Seat 8: Buuuum11 ($6.84 in chips) 
Seat 9: Bavci ($2.40 in chips) 
aleks44ru: posts small blind $0.01
yvn745823: posts big blind $0.02
*** HOLE CARDS ***
Dealt to Dorex2007 [8s 3s]
souzasaullo2: calls $0.02
zayac64: folds 
Dorex2007: folds 
TulisPL: calls $0.02
Buuuum11: folds 
Bavci: raises $0.05 to $0.07
jjmclell: folds 
aleks44ru: folds 
yvn745823: folds 
souzasaullo2: calls $0.05
TulisPL: folds 
*** FLOP *** [3d 9d 7h]
souzasaullo2: bets $0.06
Bavci: calls $0.06
*** TURN *** [3d 9d 7h] [7d]
souzasaullo2: bets $0.16
Bavci: calls $0.16
*** RIVER *** [3d 9d 7h 7d] [4s]
souzasaullo2: checks 
Bavci: bets $0.38
souzasaullo2: folds 
Uncalled bet ($0.38) returned to Bavci
Bavci collected $0.61 from pot
Bavci: doesn't show hand 
*** SUMMARY ***
Total pot $0.63 | Rake $0.02 
Board [3d 9d 7h 7d 4s]
Seat 1: jjmclell (button) folded before Flop (didn't bet)
Seat 2: aleks44ru (small blind) folded before Flop
Seat 3: yvn745823 (big blind) folded before Flop
Seat 4: souzasaullo2 folded on the River
Seat 5: zayac64 folded before Flop (didn't bet)
Seat 6: Dorex2007 folded before Flop (didn't bet)
Seat 7: TulisPL folded before Flop
Seat 8: Buuuum11 folded before Flop (didn't bet)
Seat 9: Bavci collected ($0.61)



PokerStars Hand #231196782984:  Hold'em No Limit ($0.01/$0.02 USD) - 2021/11/06 15:20:15 PT [2021/11/06 18:20:15 ET]
Table 'Debehogne' 9-max Seat #2 is the button
Seat 1: jjmclell ($1.84 in chips) 
Seat 2: aleks44ru ($0.37 in chips) 
Seat 3: yvn745823 ($2.02 in chips) 
Seat 4: souzasaullo2 ($2.92 in chips) 
Seat 5: zayac64 ($2 in chips) 
Seat 6: Dorex2007 ($4.29 in chips) 
Seat 7: TulisPL ($1.78 in chips) 
Seat 8: Buuuum11 ($6.84 in chips) 
Seat 9: Bavci ($2.72 in chips) 
yvn745823: posts small blind $0.01
souzasaullo2: posts big blind $0.02
*** HOLE CARDS ***
Dealt to Dorex2007 [Kd As]
zayac64: folds 
Dorex2007: raises $0.04 to $0.06
TulisPL has timed out
TulisPL: folds 
Buuuum11: folds 
Bavci: folds 
jjmclell: folds 
aleks44ru: folds 
yvn745823: folds 
souzasaullo2: folds 
Uncalled bet ($0.04) returned to Dorex2007
Dorex2007 collected $0.05 from pot
Dorex2007: doesn't show hand 
*** SUMMARY ***
Total pot $0.05 | Rake $0 
Seat 1: jjmclell folded before Flop (didn't bet)
Seat 2: aleks44ru (button) folded before Flop (didn't bet)
Seat 3: yvn745823 (small blind) folded before Flop
Seat 4: souzasaullo2 (big blind) folded before Flop
Seat 5: zayac64 folded before Flop (didn't bet)
Seat 6: Dorex2007 collected ($0.05)
Seat 7: TulisPL folded before Flop (didn't bet)
Seat 8: Buuuum11 folded before Flop (didn't bet)
Seat 9: Bavci folded before Flop (didn't bet)



PokerStars Hand #231196798726:  Hold'em No Limit ($0.01/$0.02 USD) - 2021/11/06 15:20:51 PT [2021/11/06 18:20:51 ET]
Table 'Debehogne' 9-max Seat #3 is the button
Seat 1: jjmclell ($1.84 in chips) 
Seat 2: aleks44ru ($0.37 in chips) 
Seat 3: yvn745823 ($2.01 in chips) 
Seat 4: souzasaullo2 ($2.90 in chips) 
Seat 5: zayac64 ($2 in chips) 
Seat 6: Dorex2007 ($4.32 in chips) 
Seat 8: Buuuum11 ($6.84 in chips) 
Seat 9: Bavci ($2.72 in chips) 
souzasaullo2: posts small blind $0.01
zayac64: posts big blind $0.02
*** HOLE CARDS ***
Dealt to Dorex2007 [Qc Td]
Dorex2007: folds 
Buuuum11: folds 
Bavci: folds 
jjmclell: folds 
aleks44ru: folds 
yvn745823: raises $0.03 to $0.05
souzasaullo2: folds 
zayac64: folds 
Uncalled bet ($0.03) returned to yvn745823
yvn745823 collected $0.05 from pot
*** SUMMARY ***
Total pot $0.05 | Rake $0 
Seat 1: jjmclell folded before Flop (didn't bet)
Seat 2: aleks44ru folded before Flop (didn't bet)
Seat 3: yvn745823 (button) collected ($0.05)
Seat 4: souzasaullo2 (small blind) folded before Flop
Seat 5: zayac64 (big blind) folded before Flop
Seat 6: Dorex2007 folded before Flop (didn't bet)
Seat 8: Buuuum11 folded before Flop (didn't bet)
Seat 9: Bavci folded before Flop (didn't bet)



PokerStars Hand #231196808335:  Hold'em No Limit ($0.01/$0.02 USD) - 2021/11/06 15:21:13 PT [2021/11/06 18:21:13 ET]
Table 'Debehogne' 9-max Seat #4 is the button
Seat 1: jjmclell ($1.84 in chips) 
Seat 2: aleks44ru ($0.37 in chips) 
Seat 3: yvn745823 ($2.04 in chips) 
Seat 4: souzasaullo2 ($2.89 in chips) 
Seat 5: zayac64 ($2 in chips) 
Seat 6: Dorex2007 ($4.32 in chips) 
Seat 7: TulisPL ($1.78 in chips) 
Seat 8: Buuuum11 ($6.84 in chips) 
Seat 9: Bavci ($2.72 in chips) 
zayac64: posts small blind $0.01
Dorex2007: posts big blind $0.02
*** HOLE CARDS ***
Dealt to Dorex2007 [6h 9s]
TulisPL: raises $0.02 to $0.04
Buuuum11: calls $0.04
Bavci: folds 
jjmclell: folds 
aleks44ru: calls $0.04
yvn745823: folds 
souzasaullo2: calls $0.04
zayac64: folds 
Dorex2007: folds 
*** FLOP *** [3d 2s 7s]
TulisPL: bets $0.06
Buuuum11: calls $0.06
aleks44ru: folds 
souzasaullo2: calls $0.06
*** TURN *** [3d 2s 7s] [7h]
TulisPL: bets $0.06
Buuuum11: folds 
souzasaullo2: calls $0.06
*** RIVER *** [3d 2s 7s 7h] [Tc]
TulisPL: bets $0.20
souzasaullo2: calls $0.20
*** SHOW DOWN ***
TulisPL: shows [As Kd] (a pair of Sevens)
souzasaullo2: shows [Td Qc] (two pair, Tens and Sevens)
souzasaullo2 collected $0.86 from pot
*** SUMMARY ***
Total pot $0.89 | Rake $0.03 
Board [3d 2s 7s 7h Tc]
Seat 1: jjmclell folded before Flop (didn't bet)
Seat 2: aleks44ru folded on the Flop
Seat 3: yvn745823 folded before Flop (didn't bet)
Seat 4: souzasaullo2 (button) showed [Td Qc] and won ($0.86) with two pair, Tens and Sevens
Seat 5: zayac64 (small blind) folded before Flop
Seat 6: Dorex2007 (big blind) folded before Flop
Seat 7: TulisPL showed [As Kd] and lost with a pair of Sevens
Seat 8: Buuuum11 folded on the Turn
Seat 9: Bavci folded before Flop (didn't bet)



PokerStars Hand #231196831628:  Hold'em No Limit ($0.01/$0.02 USD) - 2021/11/06 15:22:08 PT [2021/11/06 18:22:08 ET]
Table 'Debehogne' 9-max Seat #5 is the button
Seat 1: jjmclell ($1.84 in chips) 
Seat 2: aleks44ru ($0.33 in chips) 
Seat 3: yvn745823 ($2.04 in chips) 
Seat 4: souzasaullo2 ($3.39 in chips) 
Seat 5: zayac64 ($2 in chips) 
Seat 6: Dorex2007 ($4.30 in chips) 
Seat 7: TulisPL ($1.42 in chips) 
Seat 8: Buuuum11 ($6.74 in chips) 
Seat 9: Bavci ($2.72 in chips) 
Dorex2007: posts small blind $0.01
TulisPL: posts big blind $0.02
*** HOLE CARDS ***
Dealt to Dorex2007 [7d Kc]
Buuuum11: calls $0.02
Bavci: folds 
jjmclell: folds 
aleks44ru: folds 
yvn745823: folds 
souzasaullo2: folds 
zayac64: folds 
Dorex2007: folds 
TulisPL: checks 
*** FLOP *** [5c Jh Td]
TulisPL: bets $0.02
Buuuum11: raises $0.09 to $0.11
TulisPL: folds 
Uncalled bet ($0.09) returned to Buuuum11
Buuuum11 collected $0.09 from pot
Buuuum11: doesn't show hand 
*** SUMMARY ***
Total pot $0.09 | Rake $0 
Board [5c Jh Td]
Seat 1: jjmclell folded before Flop (didn't bet)
Seat 2: aleks44ru folded before Flop (didn't bet)
Seat 3: yvn745823 folded before Flop (didn't bet)
Seat 4: souzasaullo2 folded before Flop (didn't bet)
Seat 5: zayac64 (button) folded before Flop (didn't bet)
Seat 6: Dorex2007 (small blind) folded before Flop
Seat 7: TulisPL (big blind) folded on the Flop
Seat 8: Buuuum11 collected ($0.09)
Seat 9: Bavci folded before Flop (didn't bet)



PokerStars Hand #231196845122:  Hold'em No Limit ($0.01/$0.02 USD) - 2021/11/06 15:22:39 PT [2021/11/06 18:22:39 ET]
Table 'Debehogne' 9-max Seat #6 is the button
Seat 1: jjmclell ($1.84 in chips) 
Seat 2: aleks44ru ($0.33 in chips) 
Seat 3: yvn745823 ($2.04 in chips) 
Seat 4: souzasaullo2 ($3.39 in chips) 
Seat 5: zayac64 ($2 in chips) 
Seat 6: Dorex2007 ($4.29 in chips) 
Seat 7: TulisPL ($1.38 in chips) 
Seat 8: Buuuum11 ($6.79 in chips) 
Seat 9: Bavci ($2.72 in chips) 
TulisPL: posts small blind $0.01
Buuuum11: posts big blind $0.02
*** HOLE CARDS ***
Dealt to Dorex2007 [Jh 9h]
Bavci: folds 
jjmclell: folds 
aleks44ru: folds 
yvn745823: folds 
souzasaullo2: folds 
zayac64: folds 
Dorex2007: raises $0.04 to $0.06
TulisPL: folds 
Buuuum11: folds 
Uncalled bet ($0.04) returned to Dorex2007
Dorex2007 collected $0.05 from pot
Dorex2007: doesn't show hand 
*** SUMMARY ***
Total pot $0.05 | Rake $0 
Seat 1: jjmclell folded before Flop (didn't bet)
Seat 2: aleks44ru folded before Flop (didn't bet)
Seat 3: yvn745823 folded before Flop (didn't bet)
Seat 4: souzasaullo2 folded before Flop (didn't bet)
Seat 5: zayac64 folded before Flop (didn't bet)
Seat 6: Dorex2007 (button) collected ($0.05)
Seat 7: TulisPL (small blind) folded before Flop
Seat 8: Buuuum11 (big blind) folded before Flop
Seat 9: Bavci folded before Flop (didn't bet)



PokerStars Hand #231196853380:  Hold'em No Limit ($0.01/$0.02 USD) - 2021/11/06 15:22:59 PT [2021/11/06 18:22:59 ET]
Table 'Debehogne' 9-max Seat #7 is the button
Seat 1: jjmclell ($1.84 in chips) 
Seat 2: aleks44ru ($0.33 in chips) 
Seat 3: yvn745823 ($2.04 in chips) 
Seat 4: souzasaullo2 ($3.39 in chips) 
Seat 5: zayac64 ($2 in chips) 
Seat 6: Dorex2007 ($4.32 in chips) 
Seat 7: TulisPL ($1.37 in chips) 
Seat 8: Buuuum11 ($6.77 in chips) 
Seat 9: Bavci ($2.72 in chips) 
Buuuum11: posts small blind $0.01
Bavci: posts big blind $0.02
*** HOLE CARDS ***
Dealt to Dorex2007 [Th 2d]
jjmclell has timed out
jjmclell: folds 
aleks44ru: folds 
yvn745823: folds 
souzasaullo2: raises $0.04 to $0.06
zayac64: folds 
Dorex2007: folds 
TulisPL: folds 
Buuuum11: folds 
Bavci: folds 
Uncalled bet ($0.04) returned to souzasaullo2
souzasaullo2 collected $0.05 from pot
souzasaullo2: doesn't show hand 
*** SUMMARY ***
Total pot $0.05 | Rake $0 
Seat 1: jjmclell folded before Flop (didn't bet)
Seat 2: aleks44ru folded before Flop (didn't bet)
Seat 3: yvn745823 folded before Flop (didn't bet)
Seat 4: souzasaullo2 collected ($0.05)
Seat 5: zayac64 folded before Flop (didn't bet)
Seat 6: Dorex2007 folded before Flop (didn't bet)
Seat 7: TulisPL (button) folded before Flop (didn't bet)
Seat 8: Buuuum11 (small blind) folded before Flop
Seat 9: Bavci (big blind) folded before Flop



PokerStars Hand #231196863568:  Hold'em No Limit ($0.01/$0.02 USD) - 2021/11/06 15:23:22 PT [2021/11/06 18:23:22 ET]
Table 'Debehogne' 9-max Seat #8 is the button
Seat 1: jjmclell ($1.84 in chips) 
Seat 2: aleks44ru ($0.33 in chips) 
Seat 3: yvn745823 ($2.04 in chips) 
Seat 4: souzasaullo2 ($3.42 in chips) 
Seat 5: zayac64 ($2 in chips) 
Seat 6: Dorex2007 ($4.32 in chips) 
Seat 7: TulisPL ($1.37 in chips) 
Seat 8: Buuuum11 ($6.76 in chips) 
Seat 9: Bavci ($2.70 in chips) 
Bavci: posts small blind $0.01
jjmclell: posts big blind $0.02
*** HOLE CARDS ***
Dealt to Dorex2007 [Qh 7h]
aleks44ru: folds 
yvn745823: folds 
souzasaullo2: folds 
zayac64: raises $0.03 to $0.05
Dorex2007: folds 
TulisPL: calls $0.05
Buuuum11: calls $0.05
Bavci: folds 
jjmclell: folds 
*** FLOP *** [4c 4d 5d]
zayac64: checks 
TulisPL: bets $0.06
Buuuum11: folds 
zayac64: folds 
Uncalled bet ($0.06) returned to TulisPL
TulisPL collected $0.17 from pot
TulisPL: doesn't show hand 
*** SUMMARY ***
Total pot $0.18 | Rake $0.01 
Board [4c 4d 5d]
Seat 1: jjmclell (big blind) folded before Flop
Seat 2: aleks44ru folded before Flop (didn't bet)
Seat 3: yvn745823 folded before Flop (didn't bet)
Seat 4: souzasaullo2 folded before Flop (didn't bet)
Seat 5: zayac64 folded on the Flop
Seat 6: Dorex2007 folded before Flop (didn't bet)
Seat 7: TulisPL collected ($0.17)
Seat 8: Buuuum11 (button) folded on the Flop
Seat 9: Bavci (small blind) folded before Flop



PokerStars Hand #231196877411:  Hold'em No Limit ($0.01/$0.02 USD) - 2021/11/06 15:23:55 PT [2021/11/06 18:23:55 ET]
Table 'Debehogne' 9-max Seat #9 is the button
Seat 1: jjmclell ($1.82 in chips) 
Seat 2: aleks44ru ($0.33 in chips) 
Seat 3: yvn745823 ($2.04 in chips) 
Seat 4: souzasaullo2 ($3.42 in chips) 
Seat 5: zayac64 ($2 in chips) 
Seat 6: Dorex2007 ($4.32 in chips) 
Seat 7: TulisPL ($1.49 in chips) 
Seat 8: Buuuum11 ($6.71 in chips) 
Seat 9: Bavci ($2.69 in chips) 
jjmclell: posts small blind $0.01
aleks44ru: posts big blind $0.02
*** HOLE CARDS ***
Dealt to Dorex2007 [Ks Ad]
yvn745823: folds 
souzasaullo2: calls $0.02
zayac64: folds 
Dorex2007: raises $0.04 to $0.06
TulisPL: folds 
Buuuum11: folds 
Bavci: folds 
jjmclell: folds 
aleks44ru: folds 
souzasaullo2: calls $0.04
*** FLOP *** [7d Ts Qs]
souzasaullo2: bets $0.02
Dorex2007: calls $0.02
*** TURN *** [7d Ts Qs] [3s]
souzasaullo2: bets $0.09
Dorex2007: calls $0.09
*** RIVER *** [7d Ts Qs 3s] [2s]
souzasaullo2: bets $0.10
Dorex2007: calls $0.10
*** SHOW DOWN ***
souzasaullo2: shows [Qh Td] (two pair, Queens and Tens)
Dorex2007: shows [Ks Ad] (a flush, King high)
Dorex2007 collected $0.55 from pot
*** SUMMARY ***
Total pot $0.57 | Rake $0.02 
Board [7d Ts Qs 3s 2s]
Seat 1: jjmclell (small blind) folded before Flop
Seat 2: aleks44ru (big blind) folded before Flop
Seat 3: yvn745823 folded before Flop (didn't bet)
Seat 4: souzasaullo2 showed [Qh Td] and lost with two pair, Queens and Tens
Seat 5: zayac64 folded before Flop (didn't bet)
Seat 6: Dorex2007 showed [Ks Ad] and won ($0.55) with a flush, King high
Seat 7: TulisPL folded before Flop (didn't bet)
Seat 8: Buuuum11 folded before Flop (didn't bet)
Seat 9: Bavci (button) folded before Flop (didn't bet)



PokerStars Hand #231196893947:  Hold'em No Limit ($0.01/$0.02 USD) - 2021/11/06 15:24:35 PT [2021/11/06 18:24:35 ET]
Table 'Debehogne' 9-max Seat #1 is the button
Seat 1: jjmclell ($1.81 in chips) 
Seat 2: aleks44ru ($0.31 in chips) 
Seat 4: souzasaullo2 ($3.15 in chips) 
Seat 5: zayac64 ($2 in chips) 
Seat 6: Dorex2007 ($4.60 in chips) 
Seat 7: TulisPL ($1.49 in chips) 
Seat 8: Buuuum11 ($6.71 in chips) 
Seat 9: Bavci ($2.69 in chips) 
aleks44ru: posts small blind $0.01
yvn745823: is sitting out 
souzasaullo2: posts big blind $0.02
*** HOLE CARDS ***
Dealt to Dorex2007 [As Ks]
yvn745823 leaves the table
zayac64: folds 
Dorex2007: raises $0.04 to $0.06
TulisPL: folds 
Buuuum11: folds 
Bavci: folds 
jjmclell: calls $0.06
aleks44ru: folds 
souzasaullo2: folds 
*** FLOP *** [9s Kc Kd]
Dorex2007: checks 
jjmclell: bets $0.07
Dorex2007: calls $0.07
*** TURN *** [9s Kc Kd] [9d]
Dorex2007: checks 
jjmclell: checks 
*** RIVER *** [9s Kc Kd 9d] [2c]
Dorex2007: bets $0.58
jjmclell: calls $0.58
*** SHOW DOWN ***
Dorex2007: shows [As Ks] (a full house, Kings full of Nines)
jjmclell: mucks hand 
Dorex2007 collected $1.40 from pot
*** SUMMARY ***
Total pot $1.45 | Rake $0.05 
Board [9s Kc Kd 9d 2c]
Seat 1: jjmclell (button) mucked [Qc Qs]
Seat 2: aleks44ru (small blind) folded before Flop
Seat 4: souzasaullo2 (big blind) folded before Flop
Seat 5: zayac64 folded before Flop (didn't bet)
Seat 6: Dorex2007 showed [As Ks] and won ($1.40) with a full house, Kings full of Nines
Seat 7: TulisPL folded before Flop (didn't bet)
Seat 8: Buuuum11 folded before Flop (didn't bet)
Seat 9: Bavci folded before Flop (didn't bet)



PokerStars Hand #231196917100:  Hold'em No Limit ($0.01/$0.02 USD) - 2021/11/06 15:25:29 PT [2021/11/06 18:25:29 ET]
Table 'Debehogne' 9-max Seat #2 is the button
Seat 1: jjmclell ($1.10 in chips) 
Seat 2: aleks44ru ($0.30 in chips) 
Seat 4: souzasaullo2 ($3.13 in chips) 
Seat 5: zayac64 ($2 in chips) 
Seat 6: Dorex2007 ($5.29 in chips) 
Seat 7: TulisPL ($1.49 in chips) 
Seat 8: Buuuum11 ($6.71 in chips) 
Seat 9: Bavci ($2.69 in chips) 
souzasaullo2: posts small blind $0.01
zayac64: posts big blind $0.02
*** HOLE CARDS ***
Dealt to Dorex2007 [6d As]
Dorex2007: calls $0.02
TulisPL: folds 
Buuuum11: folds 
Bavci: raises $0.05 to $0.07
jjmclell: calls $0.07
aleks44ru: folds 
souzasaullo2: folds 
goran1964 joins the table at seat #3 
zayac64: folds 
Dorex2007: folds 
*** FLOP *** [Ts 7d Qh]
Bavci: bets $0.10
jjmclell: folds 
Uncalled bet ($0.10) returned to Bavci
Bavci collected $0.18 from pot
Bavci: doesn't show hand 
*** SUMMARY ***
Total pot $0.19 | Rake $0.01 
Board [Ts 7d Qh]
Seat 1: jjmclell folded on the Flop
Seat 2: aleks44ru (button) folded before Flop (didn't bet)
Seat 4: souzasaullo2 (small blind) folded before Flop
Seat 5: zayac64 (big blind) folded before Flop
Seat 6: Dorex2007 folded before Flop
Seat 7: TulisPL folded before Flop (didn't bet)
Seat 8: Buuuum11 folded before Flop (didn't bet)
Seat 9: Bavci collected ($0.18)



PokerStars Hand #231196928220:  Hold'em No Limit ($0.01/$0.02 USD) - 2021/11/06 15:25:55 PT [2021/11/06 18:25:55 ET]
Table 'Debehogne' 9-max Seat #4 is the button
Seat 1: jjmclell ($1.03 in chips) 
Seat 2: aleks44ru ($0.30 in chips) 
Seat 3: goran1964 ($1.60 in chips) 
Seat 4: souzasaullo2 ($3.12 in chips) 
Seat 5: zayac64 ($2 in chips) 
Seat 6: Dorex2007 ($5.27 in chips) 
Seat 7: TulisPL ($1.49 in chips) 
Seat 8: Buuuum11 ($6.71 in chips) 
Seat 9: Bavci ($2.80 in chips) 
zayac64: posts small blind $0.01
Dorex2007: posts big blind $0.02
goran1964: posts big blind $0.02
*** HOLE CARDS ***
Dealt to Dorex2007 [9h Ad]
TulisPL: raises $0.04 to $0.06
Buuuum11: folds 
Bavci: folds 
jjmclell: folds 
aleks44ru: folds 
goran1964: calls $0.04
souzasaullo2: folds 
zayac64: folds 
Dorex2007: folds 
*** FLOP *** [7c Td 6d]
TulisPL: bets $0.04
goran1964: calls $0.04
*** TURN *** [7c Td 6d] [4d]
TulisPL: bets $0.04
goran1964: calls $0.04
*** RIVER *** [7c Td 6d 4d] [Qs]
TulisPL: bets $0.10
goran1964: folds 
Uncalled bet ($0.10) returned to TulisPL
TulisPL collected $0.30 from pot
TulisPL: doesn't show hand 
*** SUMMARY ***
Total pot $0.31 | Rake $0.01 
Board [7c Td 6d 4d Qs]
Seat 1: jjmclell folded before Flop (didn't bet)
Seat 2: aleks44ru folded before Flop (didn't bet)
Seat 3: goran1964 folded on the River
Seat 4: souzasaullo2 (button) folded before Flop (didn't bet)
Seat 5: zayac64 (small blind) folded before Flop
Seat 6: Dorex2007 (big blind) folded before Flop
Seat 7: TulisPL collected ($0.30)
Seat 8: Buuuum11 folded before Flop (didn't bet)
Seat 9: Bavci folded before Flop (didn't bet)



PokerStars Hand #231196944155:  Hold'em No Limit ($0.01/$0.02 USD) - 2021/11/06 15:26:33 PT [2021/11/06 18:26:33 ET]
Table 'Debehogne' 9-max Seat #5 is the button
Seat 1: jjmclell ($1.03 in chips) 
Seat 2: aleks44ru ($0.30 in chips) 
Seat 3: goran1964 ($1.46 in chips) 
Seat 4: souzasaullo2 ($3.12 in chips) 
Seat 5: zayac64 ($2 in chips) 
Seat 6: Dorex2007 ($5.25 in chips) 
Seat 7: TulisPL ($1.65 in chips) 
Seat 8: Buuuum11 ($6.71 in chips) 
Seat 9: Bavci ($2.80 in chips) 
Dorex2007: posts small blind $0.01
TulisPL: posts big blind $0.02
*** HOLE CARDS ***
Dealt to Dorex2007 [2h Qh]
Buuuum11: folds 
Bavci: folds 
jjmclell: folds 
aleks44ru: folds 
goran1964: folds 
souzasaullo2: raises $0.02 to $0.04
zayac64: folds 
Dorex2007: folds 
TulisPL: calls $0.02
*** FLOP *** [3h 4s Kd]
TulisPL: bets $0.04
souzasaullo2: calls $0.04
*** TURN *** [3h 4s Kd] [2d]
TulisPL: checks 
souzasaullo2: bets $0.10
TulisPL: folds 
Uncalled bet ($0.10) returned to souzasaullo2
souzasaullo2 collected $0.16 from pot
souzasaullo2: doesn't show hand 
*** SUMMARY ***
Total pot $0.17 | Rake $0.01 
Board [3h 4s Kd 2d]
Seat 1: jjmclell folded before Flop (didn't bet)
Seat 2: aleks44ru folded before Flop (didn't bet)
Seat 3: goran1964 folded before Flop (didn't bet)
Seat 4: souzasaullo2 collected ($0.16)
Seat 5: zayac64 (button) folded before Flop (didn't bet)
Seat 6: Dorex2007 (small blind) folded before Flop
Seat 7: TulisPL (big blind) folded on the Turn
Seat 8: Buuuum11 folded before Flop (didn't bet)
Seat 9: Bavci folded before Flop (didn't bet)



PokerStars Hand #231196960154:  Hold'em No Limit ($0.01/$0.02 USD) - 2021/11/06 15:27:04 PT [2021/11/06 18:27:04 ET]
Table 'Debehogne' 9-max Seat #6 is the button
Seat 1: jjmclell ($1.03 in chips) 
Seat 2: aleks44ru ($0.30 in chips) 
Seat 3: goran1964 ($1.46 in chips) 
Seat 4: souzasaullo2 ($3.20 in chips) 
Seat 5: zayac64 ($2 in chips) 
Seat 6: Dorex2007 ($5.24 in chips) 
Seat 7: TulisPL ($1.57 in chips) 
Seat 8: Buuuum11 ($6.71 in chips) 
Seat 9: Bavci ($2.80 in chips) 
TulisPL: posts small blind $0.01
Buuuum11: posts big blind $0.02
*** HOLE CARDS ***
Dealt to Dorex2007 [Ad 4h]
Bavci: folds 
jjmclell: folds 
aleks44ru: raises $0.02 to $0.04
goran1964: folds 
souzasaullo2: calls $0.04
zayac64: folds 
Dorex2007: folds 
TulisPL: calls $0.03
Buuuum11: folds 
*** FLOP *** [Js 7c Jc]
TulisPL: checks 
aleks44ru: checks 
souzasaullo2: checks 
*** TURN *** [Js 7c Jc] [3h]
TulisPL: bets $0.02
aleks44ru: calls $0.02
souzasaullo2: folds 
*** RIVER *** [Js 7c Jc 3h] [3d]
TulisPL: bets $0.10
aleks44ru: folds 
Uncalled bet ($0.10) returned to TulisPL
TulisPL collected $0.17 from pot
TulisPL: doesn't show hand 
*** SUMMARY ***
Total pot $0.18 | Rake $0.01 
Board [Js 7c Jc 3h 3d]
Seat 1: jjmclell folded before Flop (didn't bet)
Seat 2: aleks44ru folded on the River
Seat 3: goran1964 folded before Flop (didn't bet)
Seat 4: souzasaullo2 folded on the Turn
Seat 5: zayac64 folded before Flop (didn't bet)
Seat 6: Dorex2007 (button) folded before Flop (didn't bet)
Seat 7: TulisPL (small blind) collected ($0.17)
Seat 8: Buuuum11 (big blind) folded before Flop
Seat 9: Bavci folded before Flop (didn't bet)



PokerStars Hand #231196981741:  Hold'em No Limit ($0.01/$0.02 USD) - 2021/11/06 15:27:57 PT [2021/11/06 18:27:57 ET]
Table 'Debehogne' 9-max Seat #7 is the button
Seat 1: jjmclell ($1.03 in chips) 
Seat 2: aleks44ru ($0.24 in chips) 
Seat 3: goran1964 ($1.46 in chips) 
Seat 4: souzasaullo2 ($3.16 in chips) 
Seat 5: zayac64 ($2 in chips) 
Seat 6: Dorex2007 ($5.24 in chips) 
Seat 7: TulisPL ($1.68 in chips) 
Seat 8: Buuuum11 ($6.69 in chips) 
Seat 9: Bavci ($2.80 in chips) 
Buuuum11: posts small blind $0.01
Bavci: posts big blind $0.02
*** HOLE CARDS ***
Dealt to Dorex2007 [7s Kh]
jjmclell: folds 
aleks44ru: folds 
goran1964: calls $0.02
souzasaullo2: calls $0.02
zayac64: folds 
Dorex2007: folds 
TulisPL: folds 
Buuuum11: folds 
Bavci: checks 
*** FLOP *** [8d Ac Kd]
Bavci: checks 
goran1964: checks 
souzasaullo2: bets $0.04
Bavci: folds 
goran1964: calls $0.04
*** TURN *** [8d Ac Kd] [Qs]
goran1964: bets $0.14
souzasaullo2: raises $0.20 to $0.34
goran1964: raises $1.06 to $1.40 and is all-in
souzasaullo2: folds 
Uncalled bet ($1.06) returned to goran1964
goran1964 collected $0.80 from pot
goran1964: doesn't show hand 
*** SUMMARY ***
Total pot $0.83 | Rake $0.03 
Board [8d Ac Kd Qs]
Seat 1: jjmclell folded before Flop (didn't bet)
Seat 2: aleks44ru folded before Flop (didn't bet)
Seat 3: goran1964 collected ($0.80)
Seat 4: souzasaullo2 folded on the Turn
Seat 5: zayac64 folded before Flop (didn't bet)
Seat 6: Dorex2007 folded before Flop (didn't bet)
Seat 7: TulisPL (button) folded before Flop (didn't bet)
Seat 8: Buuuum11 (small blind) folded before Flop
Seat 9: Bavci (big blind) folded on the Flop



PokerStars Hand #231197012707:  Hold'em No Limit ($0.01/$0.02 USD) - 2021/11/06 15:29:12 PT [2021/11/06 18:29:12 ET]
Table 'Debehogne' 9-max Seat #8 is the button
Seat 1: jjmclell ($1.03 in chips) 
Seat 2: aleks44ru ($0.24 in chips) 
Seat 3: goran1964 ($1.86 in chips) 
Seat 4: souzasaullo2 ($2.76 in chips) 
Seat 5: zayac64 ($2 in chips) 
Seat 6: Dorex2007 ($5.24 in chips) 
Seat 7: TulisPL ($1.68 in chips) 
Seat 8: Buuuum11 ($6.68 in chips) 
Seat 9: Bavci ($2.78 in chips) 
Bavci: posts small blind $0.01
jjmclell: posts big blind $0.02
*** HOLE CARDS ***
Dealt to Dorex2007 [3c 5c]
aleks44ru: folds 
goran1964: folds 
souzasaullo2: raises $0.02 to $0.04
zayac64: folds 
Dorex2007: folds 
TulisPL: calls $0.04
Buuuum11: calls $0.04
Bavci: folds 
jjmclell: folds 
*** FLOP *** [9c 8s Qd]
souzasaullo2: bets $0.02
TulisPL: raises $0.02 to $0.04
Buuuum11: calls $0.04
souzasaullo2: calls $0.02
*** TURN *** [9c 8s Qd] [8d]
souzasaullo2: bets $0.02
TulisPL: raises $0.02 to $0.04
Buuuum11: calls $0.04
souzasaullo2: calls $0.02
*** RIVER *** [9c 8s Qd 8d] [8h]
souzasaullo2: checks 
TulisPL: bets $0.16
Buuuum11: folds 
souzasaullo2: folds 
Uncalled bet ($0.16) returned to TulisPL
TulisPL collected $0.38 from pot
TulisPL: doesn't show hand 
*** SUMMARY ***
Total pot $0.39 | Rake $0.01 
Board [9c 8s Qd 8d 8h]
Seat 1: jjmclell (big blind) folded before Flop
Seat 2: aleks44ru folded before Flop (didn't bet)
Seat 3: goran1964 folded before Flop (didn't bet)
Seat 4: souzasaullo2 folded on the River
Seat 5: zayac64 folded before Flop (didn't bet)
Seat 6: Dorex2007 folded before Flop (didn't bet)
Seat 7: TulisPL collected ($0.38)
Seat 8: Buuuum11 (button) folded on the River
Seat 9: Bavci (small blind) folded before Flop



PokerStars Hand #231197031842:  Hold'em No Limit ($0.01/$0.02 USD) - 2021/11/06 15:29:58 PT [2021/11/06 18:29:58 ET]
Table 'Debehogne' 9-max Seat #9 is the button
Seat 1: jjmclell ($1.01 in chips) 
Seat 2: aleks44ru ($0.24 in chips) 
Seat 3: goran1964 ($1.86 in chips) 
Seat 4: souzasaullo2 ($2.64 in chips) 
Seat 5: zayac64 ($2 in chips) 
Seat 6: Dorex2007 ($5.24 in chips) 
Seat 7: TulisPL ($1.94 in chips) 
Seat 8: Buuuum11 ($6.56 in chips) 
Seat 9: Bavci ($2.77 in chips) 
jjmclell: posts small blind $0.01
aleks44ru: posts big blind $0.02
*** HOLE CARDS ***
Dealt to Dorex2007 [2h 3h]
goran1964: folds 
souzasaullo2: folds 
zayac64: folds 
Dorex2007: folds 
TulisPL: raises $0.02 to $0.04
Buuuum11: folds 
Bavci: calls $0.04
jjmclell: calls $0.03
aleks44ru: calls $0.02
*** FLOP *** [9c 5c 7d]
jjmclell: checks 
aleks44ru: checks 
TulisPL: bets $0.02
Bavci: raises $0.06 to $0.08
jjmclell: folds 
aleks44ru: folds 
TulisPL: folds 
Uncalled bet ($0.06) returned to Bavci
Bavci collected $0.19 from pot
Bavci: doesn't show hand 
*** SUMMARY ***
Total pot $0.20 | Rake $0.01 
Board [9c 5c 7d]
Seat 1: jjmclell (small blind) folded on the Flop
Seat 2: aleks44ru (big blind) folded on the Flop
Seat 3: goran1964 folded before Flop (didn't bet)
Seat 4: souzasaullo2 folded before Flop (didn't bet)
Seat 5: zayac64 folded before Flop (didn't bet)
Seat 6: Dorex2007 folded before Flop (didn't bet)
Seat 7: TulisPL folded on the Flop
Seat 8: Buuuum11 folded before Flop (didn't bet)
Seat 9: Bavci (button) collected ($0.19)



PokerStars Hand #231197050806:  Hold'em No Limit ($0.01/$0.02 USD) - 2021/11/06 15:30:42 PT [2021/11/06 18:30:42 ET]
Table 'Debehogne' 9-max Seat #2 is the button
Seat 2: aleks44ru ($0.20 in chips) 
Seat 3: goran1964 ($1.86 in chips) 
Seat 4: souzasaullo2 ($2.64 in chips) 
Seat 5: zayac64 ($2 in chips) 
Seat 6: Dorex2007 ($5.24 in chips) 
Seat 7: TulisPL ($1.88 in chips) 
Seat 8: Buuuum11 ($6.56 in chips) 
Seat 9: Bavci ($2.90 in chips) 
jjmclell leaves the table
goran1964: posts small blind $0.01
souzasaullo2: posts big blind $0.02
*** HOLE CARDS ***
Dealt to Dorex2007 [Qc Kc]
zayac64: raises $0.03 to $0.05
Dorex2007: calls $0.05
TulisPL: calls $0.05
Buuuum11: folds 
Bavci: folds 
aleks44ru: folds 
goran1964: calls $0.04
souzasaullo2: calls $0.03
*** FLOP *** [Tc 3h 7c]
goran1964: checks 
souzasaullo2: checks 
zayac64: checks 
Dorex2007: bets $0.12
TulisPL: calls $0.12
goran1964: folds 
souzasaullo2: folds 
zayac64: folds 
*** TURN *** [Tc 3h 7c] [3s]
Dorex2007: checks 
TulisPL: bets $0.10
Dorex2007: calls $0.10
*** RIVER *** [Tc 3h 7c 3s] [As]
Dorex2007: bets $0.34
Buuuum11 leaves the table
TulisPL: raises $1.27 to $1.61 and is all-in
Dorex2007: folds 
Uncalled bet ($1.27) returned to TulisPL
TulisPL collected $1.32 from pot
TulisPL: doesn't show hand 
*** SUMMARY ***
Total pot $1.37 | Rake $0.05 
Board [Tc 3h 7c 3s As]
Seat 2: aleks44ru (button) folded before Flop (didn't bet)
Seat 3: goran1964 (small blind) folded on the Flop
Seat 4: souzasaullo2 (big blind) folded on the Flop
Seat 5: zayac64 folded on the Flop
Seat 6: Dorex2007 folded on the River
Seat 7: TulisPL collected ($1.32)
Seat 8: Buuuum11 folded before Flop (didn't bet)
Seat 9: Bavci folded before Flop (didn't bet)



PokerStars Hand #231197076114:  Hold'em No Limit ($0.01/$0.02 USD) - 2021/11/06 15:31:41 PT [2021/11/06 18:31:41 ET]
Table 'Debehogne' 9-max Seat #3 is the button
Seat 2: aleks44ru ($0.20 in chips) 
Seat 3: goran1964 ($1.81 in chips) 
Seat 4: souzasaullo2 ($2.59 in chips) 
Seat 5: zayac64 ($2 in chips) 
Seat 6: Dorex2007 ($4.63 in chips) 
Seat 7: TulisPL ($2.59 in chips) 
Seat 9: Bavci ($2.90 in chips) 
souzasaullo2: posts small blind $0.01
zayac64: posts big blind $0.02
*** HOLE CARDS ***
Dealt to Dorex2007 [7c 9d]
Dorex2007: folds 
TulisPL: raises $0.02 to $0.04
Bavci: folds 
aleks44ru: calls $0.04
goran1964: calls $0.04
souzasaullo2: calls $0.03
zayac64: calls $0.02
*** FLOP *** [6c Js 7d]
souzasaullo2: bets $0.09
zayac64: folds 
TulisPL: folds 
aleks44ru: raises $0.07 to $0.16 and is all-in
goran1964: folds 
souzasaullo2: calls $0.07
*** TURN *** [6c Js 7d] [8h]
*** RIVER *** [6c Js 7d 8h] [7h]
*** SHOW DOWN ***
souzasaullo2: shows [Jh 8s] (two pair, Jacks and Eights)
aleks44ru: shows [6d 6s] (a full house, Sixes full of Sevens)
aleks44ru collected $0.50 from pot
souzasaullo2 cashed out the hand for $0.04
*** SUMMARY ***
Total pot $0.52 | Rake $0.02 
Board [6c Js 7d 8h 7h]
Seat 2: aleks44ru showed [6d 6s] and won ($0.50) with a full house, Sixes full of Sevens
Seat 3: goran1964 (button) folded on the Flop
Seat 4: souzasaullo2 (small blind) showed [Jh 8s] and lost with two pair, Jacks and Eights (cashed out).
Seat 5: zayac64 (big blind) folded on the Flop
Seat 6: Dorex2007 folded before Flop (didn't bet)
Seat 7: TulisPL folded on the Flop
Seat 9: Bavci folded before Flop (didn't bet)



PokerStars Hand #231197095820:  Hold'em No Limit ($0.01/$0.02 USD) - 2021/11/06 15:32:27 PT [2021/11/06 18:32:27 ET]
Table 'Debehogne' 9-max Seat #4 is the button
Seat 2: aleks44ru ($0.50 in chips) 
Seat 3: goran1964 ($1.77 in chips) 
Seat 4: souzasaullo2 ($2.43 in chips) 
Seat 6: Dorex2007 ($4.63 in chips) 
Seat 7: TulisPL ($2.55 in chips) 
Seat 9: Bavci ($2.90 in chips) 
Dorex2007: posts small blind $0.01
TulisPL: posts big blind $0.02
*** HOLE CARDS ***
Dealt to Dorex2007 [2d 2c]
Bavci: folds 
aleks44ru: calls $0.02
zayac64 leaves the table
goran1964: calls $0.02
souzasaullo2: calls $0.02
Dorex2007: calls $0.01
TulisPL: raises $0.06 to $0.08
aleks44ru: calls $0.06
goran1964: folds 
souzasaullo2: calls $0.06
Dorex2007: calls $0.06
*** FLOP *** [Qd 8d 2h]
Dorex2007: checks 
TulisPL: bets $0.06
aleks44ru: folds 
souzasaullo2: folds 
Dorex2007: raises $4.49 to $4.55 and is all-in
TulisPL: folds 
Uncalled bet ($4.49) returned to Dorex2007
Dorex2007 collected $0.44 from pot
Dorex2007: doesn't show hand 
*** SUMMARY ***
Total pot $0.46 | Rake $0.02 
Board [Qd 8d 2h]
Seat 2: aleks44ru folded on the Flop
Seat 3: goran1964 folded before Flop
Seat 4: souzasaullo2 (button) folded on the Flop
Seat 6: Dorex2007 (small blind) collected ($0.44)
Seat 7: TulisPL (big blind) folded on the Flop
Seat 9: Bavci folded before Flop (didn't bet)



PokerStars Hand #231197118550:  Hold'em No Limit ($0.01/$0.02 USD) - 2021/11/06 15:33:19 PT [2021/11/06 18:33:19 ET]
Table 'Debehogne' 9-max Seat #6 is the button
Seat 2: aleks44ru ($0.42 in chips) 
Seat 3: goran1964 ($1.75 in chips) 
Seat 4: souzasaullo2 ($2.35 in chips) 
Seat 6: Dorex2007 ($4.93 in chips) 
Seat 7: TulisPL ($2.41 in chips) 
Seat 9: Bavci ($2.90 in chips) 
TulisPL: posts small blind $0.01
Bavci: posts big blind $0.02
*** HOLE CARDS ***
Dealt to Dorex2007 [7h 7c]
aleks44ru: calls $0.02
goran1964: folds 
souzasaullo2: calls $0.02
Dorex2007: calls $0.02
TulisPL: calls $0.01
Bavci: checks 
*** FLOP *** [Kc Jc 6d]
TulisPL: bets $0.02
Bavci: folds 
aleks44ru: calls $0.02
souzasaullo2: folds 
Dorex2007: calls $0.02
*** TURN *** [Kc Jc 6d] [6h]
TulisPL: bets $0.06
aleks44ru: folds 
Dorex2007: folds 
Uncalled bet ($0.06) returned to TulisPL
TulisPL collected $0.15 from pot
TulisPL: doesn't show hand 
*** SUMMARY ***
Total pot $0.16 | Rake $0.01 
Board [Kc Jc 6d 6h]
Seat 2: aleks44ru folded on the Turn
Seat 3: goran1964 folded before Flop (didn't bet)
Seat 4: souzasaullo2 folded on the Flop
Seat 6: Dorex2007 (button) folded on the Turn
Seat 7: TulisPL (small blind) collected ($0.15)
Seat 9: Bavci (big blind) folded on the Flop



PokerStars Hand #231197131886:  Hold'em No Limit ($0.01/$0.02 USD) - 2021/11/06 15:33:49 PT [2021/11/06 18:33:49 ET]
Table 'Debehogne' 9-max Seat #7 is the button
Seat 3: goran1964 ($1.75 in chips) 
Seat 4: souzasaullo2 ($2.33 in chips) 
Seat 6: Dorex2007 ($4.89 in chips) 
Seat 7: TulisPL ($2.52 in chips) 
Seat 9: Bavci ($2.88 in chips) 
Bavci: posts small blind $0.01
aleks44ru: is sitting out 
goran1964: posts big blind $0.02
*** HOLE CARDS ***
Dealt to Dorex2007 [2d Qh]
souzasaullo2: folds 
Dorex2007: folds 
TulisPL: raises $0.02 to $0.04
Bavci: folds 
goran1964: calls $0.02
*** FLOP *** [Jc 4d Th]
goran1964: checks 
TulisPL: bets $0.02
goran1964: folds 
Uncalled bet ($0.02) returned to TulisPL
TulisPL collected $0.09 from pot
TulisPL: doesn't show hand 
*** SUMMARY ***
Total pot $0.09 | Rake $0 
Board [Jc 4d Th]
Seat 3: goran1964 (big blind) folded on the Flop
Seat 4: souzasaullo2 folded before Flop (didn't bet)
Seat 6: Dorex2007 folded before Flop (didn't bet)
Seat 7: TulisPL (button) collected ($0.09)
Seat 9: Bavci (small blind) folded before Flop



PokerStars Hand #231197144751:  Hold'em No Limit ($0.01/$0.02 USD) - 2021/11/06 15:34:19 PT [2021/11/06 18:34:19 ET]
Table 'Debehogne' 9-max Seat #9 is the button
Seat 3: goran1964 ($1.71 in chips) 
Seat 4: souzasaullo2 ($2.33 in chips) 
Seat 6: Dorex2007 ($4.89 in chips) 
Seat 7: TulisPL ($2.57 in chips) 
Seat 9: Bavci ($2.87 in chips) 
goran1964: posts small blind $0.01
souzasaullo2: posts big blind $0.02
*** HOLE CARDS ***
Dealt to Dorex2007 [4s Qh]
aleks44ru leaves the table
Dorex2007: folds 
TulisPL: raises $0.04 to $0.06
Bavci: folds 
goran1964: folds 
souzasaullo2: calls $0.04
*** FLOP *** [4h 2s Qc]
souzasaullo2: checks 
TulisPL: bets $0.06
souzasaullo2: folds 
Uncalled bet ($0.06) returned to TulisPL
TulisPL collected $0.13 from pot
TulisPL: doesn't show hand 
*** SUMMARY ***
Total pot $0.13 | Rake $0 
Board [4h 2s Qc]
Seat 3: goran1964 (small blind) folded before Flop
Seat 4: souzasaullo2 (big blind) folded on the Flop
Seat 6: Dorex2007 folded before Flop (didn't bet)
Seat 7: TulisPL collected ($0.13)
Seat 9: Bavci (button) folded before Flop (didn't bet)



