PokerStars Hand #227920635081:  Hold'em No Limit ($0.01/$0.02 USD) - 2021/06/28 17:16:20 PT [2021/06/28 20:16:20 ET]
Table 'Apollo III' 9-max Seat #6 is the button
Seat 1: MukaTraders ($0.75 in chips) 
Seat 2: Whald023 ($2.88 in chips) 
Seat 3: FACCHETADE$ ($3.34 in chips) 
Seat 4: WillowAllen ($6.54 in chips) 
Seat 5: Dorex2007 ($2 in chips) 
Seat 6: Solcannon ($1.68 in chips) 
Seat 7: stephfern53 ($1.64 in chips) 
Seat 9: The Lapata ($2.62 in chips) 
stephfern53: posts small blind $0.01
The Lapata: posts big blind $0.02
Dorex2007: posts big blind $0.02
*** HOLE CARDS ***
Dealt to Dorex2007 [Kc Ac]
MukaTraders: calls $0.02
Whald023: folds 
FACCHETADE$: folds 
WillowAllen: calls $0.02
Dorex2007: raises $0.08 to $0.10
Solcannon: folds 
Solcannon leaves the table
stephfern53: folds 
The Lapata: folds 
MukaTraders: calls $0.08
WillowAllen: calls $0.08
*** FLOP *** [Jd 8h 4s]
MukaTraders: checks 
WillowAllen: checks 
Dorex2007: bets $0.16
MukaTraders: folds 
WillowAllen: calls $0.16
*** TURN *** [Jd 8h 4s] [Qc]
WillowAllen: checks 
Dorex2007: bets $0.32
WillowAllen: calls $0.32
*** RIVER *** [Jd 8h 4s Qc] [6d]
WillowAllen: checks 
Dorex2007: bets $0.62
WillowAllen: calls $0.62
*** SHOW DOWN ***
Dorex2007: shows [Kc Ac] (high card Ace)
WillowAllen: shows [Tc Qs] (a pair of Queens)
WillowAllen collected $2.44 from pot
*** SUMMARY ***
Total pot $2.53 | Rake $0.09 
Board [Jd 8h 4s Qc 6d]
Seat 1: MukaTraders folded on the Flop
Seat 2: Whald023 folded before Flop (didn't bet)
Seat 3: FACCHETADE$ folded before Flop (didn't bet)
Seat 4: WillowAllen showed [Tc Qs] and won ($2.44) with a pair of Queens
Seat 5: Dorex2007 showed [Kc Ac] and lost with high card Ace
Seat 6: Solcannon (button) folded before Flop (didn't bet)
Seat 7: stephfern53 (small blind) folded before Flop
Seat 9: The Lapata (big blind) folded before Flop



PokerStars Hand #227920650933:  Hold'em No Limit ($0.01/$0.02 USD) - 2021/06/28 17:17:26 PT [2021/06/28 20:17:26 ET]
Table 'Apollo III' 9-max Seat #7 is the button
Seat 1: MukaTraders ($0.65 in chips) 
Seat 2: Whald023 ($2.88 in chips) 
Seat 3: FACCHETADE$ ($3.34 in chips) 
Seat 4: WillowAllen ($7.78 in chips) 
Seat 5: Dorex2007 ($0.80 in chips) 
Seat 7: stephfern53 ($1.63 in chips) 
Seat 9: The Lapata ($2.60 in chips) 
The Lapata: posts small blind $0.01
MukaTraders: posts big blind $0.02
*** HOLE CARDS ***
Dealt to Dorex2007 [9c Qc]
Whald023: folds 
FACCHETADE$: raises $0.02 to $0.04
WillowAllen: calls $0.04
Dorex2007 has timed out
Dorex2007: folds 
stephfern53: folds 
The Lapata: folds 
MukaTraders: folds 
*** FLOP *** [Jc Qs 5s]
FACCHETADE$: bets $0.11
WillowAllen: calls $0.11
*** TURN *** [Jc Qs 5s] [4d]
FACCHETADE$: bets $0.32
WillowAllen: calls $0.32
*** RIVER *** [Jc Qs 5s 4d] [Qd]
FACCHETADE$: bets $0.94
WillowAllen: calls $0.94
*** SHOW DOWN ***
FACCHETADE$: shows [Qh Kc] (three of a kind, Queens)
WillowAllen: mucks hand 
boliman21 joins the table at seat #6 
FACCHETADE$ collected $2.75 from pot
*** SUMMARY ***
Total pot $2.85 | Rake $0.10 
Board [Jc Qs 5s 4d Qd]
Seat 1: MukaTraders (big blind) folded before Flop
Seat 2: Whald023 folded before Flop (didn't bet)
Seat 3: FACCHETADE$ showed [Qh Kc] and won ($2.75) with three of a kind, Queens
Seat 4: WillowAllen mucked [Ac Jd]
Seat 5: Dorex2007 folded before Flop (didn't bet)
Seat 7: stephfern53 (button) folded before Flop (didn't bet)
Seat 9: The Lapata (small blind) folded before Flop



PokerStars Hand #227920663780:  Hold'em No Limit ($0.01/$0.02 USD) - 2021/06/28 17:18:19 PT [2021/06/28 20:18:19 ET]
Table 'Apollo III' 9-max Seat #9 is the button
Seat 1: MukaTraders ($0.63 in chips) 
Seat 2: Whald023 ($2.88 in chips) 
Seat 3: FACCHETADE$ ($4.68 in chips) 
Seat 4: WillowAllen ($6.37 in chips) 
Seat 5: Dorex2007 ($2 in chips) 
Seat 7: stephfern53 ($1.63 in chips) 
Seat 9: The Lapata ($2.59 in chips) 
MukaTraders: posts small blind $0.01
Whald023: posts big blind $0.02
boliman21: sits out 
*** HOLE CARDS ***
Dealt to Dorex2007 [2h 5c]
FACCHETADE$: folds 
WillowAllen: folds 
Dorex2007: folds 
stephfern53: folds 
The Lapata: folds 
MukaTraders: calls $0.01
Whald023: raises $0.06 to $0.08
MukaTraders: calls $0.06
*** FLOP *** [7h Qs 9s]
MukaTraders: checks 
Whald023: bets $0.08
MukaTraders: calls $0.08
*** TURN *** [7h Qs 9s] [4s]
MukaTraders: checks 
Ch0pperch1c joins the table at seat #8 
Whald023: bets $0.14
MukaTraders: raises $0.33 to $0.47 and is all-in
Whald023: folds [Qd]
Uncalled bet ($0.33) returned to MukaTraders
MukaTraders collected $0.58 from pot
MukaTraders: doesn't show hand 
*** SUMMARY ***
Total pot $0.60 | Rake $0.02 
Board [7h Qs 9s 4s]
Seat 1: MukaTraders (small blind) collected ($0.58)
Seat 2: Whald023 (big blind) folded on the Turn
Seat 3: FACCHETADE$ folded before Flop (didn't bet)
Seat 4: WillowAllen folded before Flop (didn't bet)
Seat 5: Dorex2007 folded before Flop (didn't bet)
Seat 7: stephfern53 folded before Flop (didn't bet)
Seat 9: The Lapata (button) folded before Flop (didn't bet)



PokerStars Hand #227920690580:  Hold'em No Limit ($0.01/$0.02 USD) - 2021/06/28 17:20:08 PT [2021/06/28 20:20:08 ET]
Table 'Apollo III' 9-max Seat #1 is the button
Seat 1: MukaTraders ($0.91 in chips) 
Seat 2: Whald023 ($2.58 in chips) 
Seat 3: FACCHETADE$ ($4.68 in chips) 
Seat 4: WillowAllen ($6.37 in chips) 
Seat 5: Dorex2007 ($2 in chips) 
Seat 7: stephfern53 ($1.63 in chips) 
Seat 8: Ch0pperch1c ($1.23 in chips) 
Seat 9: The Lapata ($2.59 in chips) 
Whald023: posts small blind $0.01
FACCHETADE$: posts big blind $0.02
boliman21: sits out 
Ch0pperch1c: posts big blind $0.02
*** HOLE CARDS ***
Dealt to Dorex2007 [Js 6s]
WillowAllen: calls $0.02
Dorex2007: folds 
stephfern53: folds 
Ch0pperch1c: checks 
The Lapata: folds 
MukaTraders: calls $0.02
Whald023: folds 
FACCHETADE$: checks 
*** FLOP *** [8s Ac 6h]
FACCHETADE$: checks 
WillowAllen: checks 
Ch0pperch1c: checks 
MukaTraders: checks 
*** TURN *** [8s Ac 6h] [4h]
FACCHETADE$: checks 
WillowAllen: checks 
Ch0pperch1c: checks 
MukaTraders: checks 
*** RIVER *** [8s Ac 6h 4h] [2s]
FACCHETADE$: checks 
WillowAllen: checks 
Ch0pperch1c: checks 
MukaTraders: checks 
*** SHOW DOWN ***
FACCHETADE$: shows [9d 2d] (a pair of Deuces)
WillowAllen: mucks hand 
Ch0pperch1c: mucks hand 
MukaTraders: mucks hand 
FACCHETADE$ collected $0.09 from pot
*** SUMMARY ***
Total pot $0.09 | Rake $0 
Board [8s Ac 6h 4h 2s]
Seat 1: MukaTraders (button) mucked [Kh Jd]
Seat 2: Whald023 (small blind) folded before Flop
Seat 3: FACCHETADE$ (big blind) showed [9d 2d] and won ($0.09) with a pair of Deuces
Seat 4: WillowAllen mucked [7h Qh]
Seat 5: Dorex2007 folded before Flop (didn't bet)
Seat 7: stephfern53 folded before Flop (didn't bet)
Seat 8: Ch0pperch1c mucked [Qs 3s]
Seat 9: The Lapata folded before Flop (didn't bet)



PokerStars Hand #227920712655:  Hold'em No Limit ($0.01/$0.02 USD) - 2021/06/28 17:21:12 PT [2021/06/28 20:21:12 ET]
Table 'Apollo III' 9-max Seat #2 is the button
Seat 1: MukaTraders ($0.89 in chips) 
Seat 2: Whald023 ($2.57 in chips) 
Seat 3: FACCHETADE$ ($4.75 in chips) 
Seat 4: WillowAllen ($6.35 in chips) 
Seat 5: Dorex2007 ($2 in chips) 
Seat 7: stephfern53 ($1.63 in chips) 
Seat 8: Ch0pperch1c ($1.21 in chips) 
Seat 9: The Lapata ($2.59 in chips) 
FACCHETADE$: posts small blind $0.01
WillowAllen: posts big blind $0.02
boliman21: sits out 
*** HOLE CARDS ***
Dealt to Dorex2007 [Ac Kh]
Dorex2007: raises $0.04 to $0.06
stephfern53: calls $0.06
Ch0pperch1c: calls $0.06
The Lapata: folds 
MukaTraders: folds 
Whald023: folds 
FACCHETADE$: folds 
WillowAllen: calls $0.04
*** FLOP *** [2s 8s 3d]
WillowAllen: checks 
Dorex2007: checks 
stephfern53: checks 
Ch0pperch1c: checks 
*** TURN *** [2s 8s 3d] [9d]
WillowAllen: checks 
Dorex2007: bets $0.16
stephfern53: folds 
Ch0pperch1c: folds 
WillowAllen: folds 
Uncalled bet ($0.16) returned to Dorex2007
Dorex2007 collected $0.24 from pot
Dorex2007: doesn't show hand 
*** SUMMARY ***
Total pot $0.25 | Rake $0.01 
Board [2s 8s 3d 9d]
Seat 1: MukaTraders folded before Flop (didn't bet)
Seat 2: Whald023 (button) folded before Flop (didn't bet)
Seat 3: FACCHETADE$ (small blind) folded before Flop
Seat 4: WillowAllen (big blind) folded on the Turn
Seat 5: Dorex2007 collected ($0.24)
Seat 7: stephfern53 folded on the Turn
Seat 8: Ch0pperch1c folded on the Turn
Seat 9: The Lapata folded before Flop (didn't bet)



PokerStars Hand #227920724721:  Hold'em No Limit ($0.01/$0.02 USD) - 2021/06/28 17:22:01 PT [2021/06/28 20:22:01 ET]
Table 'Apollo III' 9-max Seat #3 is the button
Seat 1: MukaTraders ($0.89 in chips) 
Seat 2: Whald023 ($2.57 in chips) 
Seat 3: FACCHETADE$ ($4.74 in chips) 
Seat 4: WillowAllen ($6.29 in chips) 
Seat 5: Dorex2007 ($2.18 in chips) 
Seat 7: stephfern53 ($1.57 in chips) 
Seat 8: Ch0pperch1c ($1.15 in chips) 
Seat 9: The Lapata ($2.59 in chips) 
WillowAllen: posts small blind $0.01
Dorex2007: posts big blind $0.02
boliman21: sits out 
*** HOLE CARDS ***
Dealt to Dorex2007 [Qs Qc]
stephfern53: folds 
Ch0pperch1c: raises $0.02 to $0.04
The Lapata: folds 
MukaTraders: folds 
Whald023: folds 
FACCHETADE$: folds 
WillowAllen: calls $0.03
Dorex2007: calls $0.02
*** FLOP *** [Ks 9s 6s]
WillowAllen: checks 
Dorex2007: bets $0.08
Ch0pperch1c: calls $0.08
WillowAllen: folds 
*** TURN *** [Ks 9s 6s] [Qh]
boliman21 leaves the table
Dorex2007: bets $0.18
Ch0pperch1c: folds 
Uncalled bet ($0.18) returned to Dorex2007
Dorex2007 collected $0.27 from pot
Dorex2007: doesn't show hand 
*** SUMMARY ***
Total pot $0.28 | Rake $0.01 
Board [Ks 9s 6s Qh]
Seat 1: MukaTraders folded before Flop (didn't bet)
Seat 2: Whald023 folded before Flop (didn't bet)
Seat 3: FACCHETADE$ (button) folded before Flop (didn't bet)
Seat 4: WillowAllen (small blind) folded on the Flop
Seat 5: Dorex2007 (big blind) collected ($0.27)
Seat 7: stephfern53 folded before Flop (didn't bet)
Seat 8: Ch0pperch1c folded on the Turn
Seat 9: The Lapata folded before Flop (didn't bet)



PokerStars Hand #227920736290:  Hold'em No Limit ($0.01/$0.02 USD) - 2021/06/28 17:22:47 PT [2021/06/28 20:22:47 ET]
Table 'Apollo III' 9-max Seat #4 is the button
Seat 1: MukaTraders ($0.89 in chips) 
Seat 2: Whald023 ($2.57 in chips) 
Seat 3: FACCHETADE$ ($4.74 in chips) 
Seat 4: WillowAllen ($6.25 in chips) 
Seat 5: Dorex2007 ($2.33 in chips) 
Seat 8: Ch0pperch1c ($1.03 in chips) 
Seat 9: The Lapata ($2.59 in chips) 
Dorex2007: posts small blind $0.01
Ch0pperch1c: posts big blind $0.02
*** HOLE CARDS ***
Dealt to Dorex2007 [8c 6d]
The Lapata: folds 
MukaTraders: calls $0.02
Whald023: folds 
FACCHETADE$: calls $0.02
WillowAllen: calls $0.02
Dorex2007: folds 
Ch0pperch1c: checks 
*** FLOP *** [2d 5d Jd]
Ch0pperch1c: bets $0.04
MukaTraders: calls $0.04
FACCHETADE$: folds 
WillowAllen: calls $0.04
*** TURN *** [2d 5d Jd] [Td]
Ch0pperch1c: checks 
MukaTraders: checks 
WillowAllen: checks 
*** RIVER *** [2d 5d Jd Td] [4c]
Ch0pperch1c: bets $0.20
MukaTraders: folds 
WillowAllen: folds 
Uncalled bet ($0.20) returned to Ch0pperch1c
Ch0pperch1c collected $0.20 from pot
Ch0pperch1c: doesn't show hand 
*** SUMMARY ***
Total pot $0.21 | Rake $0.01 
Board [2d 5d Jd Td 4c]
Seat 1: MukaTraders folded on the River
Seat 2: Whald023 folded before Flop (didn't bet)
Seat 3: FACCHETADE$ folded on the Flop
Seat 4: WillowAllen (button) folded on the River
Seat 5: Dorex2007 (small blind) folded before Flop
Seat 8: Ch0pperch1c (big blind) collected ($0.20)
Seat 9: The Lapata folded before Flop (didn't bet)



PokerStars Hand #227920754792:  Hold'em No Limit ($0.01/$0.02 USD) - 2021/06/28 17:23:45 PT [2021/06/28 20:23:45 ET]
Table 'Apollo III' 9-max Seat #5 is the button
Seat 1: MukaTraders ($0.83 in chips) 
Seat 2: Whald023 ($2.57 in chips) 
Seat 3: FACCHETADE$ ($4.72 in chips) 
Seat 4: WillowAllen ($6.19 in chips) 
Seat 5: Dorex2007 ($2.32 in chips) 
Seat 8: Ch0pperch1c ($1.17 in chips) 
Seat 9: The Lapata ($2.59 in chips) 
Ch0pperch1c: posts small blind $0.01
The Lapata: posts big blind $0.02
*** HOLE CARDS ***
Dealt to Dorex2007 [Jd 4h]
MukaTraders: calls $0.02
Whald023: folds 
FACCHETADE$: calls $0.02
WillowAllen: calls $0.02
Dorex2007: folds 
Ch0pperch1c: calls $0.01
The Lapata: checks 
*** FLOP *** [8d 7c Ks]
Ch0pperch1c: bets $0.05
The Lapata: folds 
MukaTraders: folds 
sebclax89 joins the table at seat #6 
FACCHETADE$: calls $0.05
WillowAllen: folds 
*** TURN *** [8d 7c Ks] [5h]
sebclax89 leaves the table
Ch0pperch1c: bets $0.09
FACCHETADE$: calls $0.09
*** RIVER *** [8d 7c Ks 5h] [5d]
Ch0pperch1c: bets $0.37
FACCHETADE$: calls $0.37
*** SHOW DOWN ***
Ch0pperch1c: shows [Kd 5s] (a full house, Fives full of Kings)
FACCHETADE$: mucks hand 
Ch0pperch1c collected $1.08 from pot
*** SUMMARY ***
Total pot $1.12 | Rake $0.04 
Board [8d 7c Ks 5h 5d]
Seat 1: MukaTraders folded on the Flop
Seat 2: Whald023 folded before Flop (didn't bet)
Seat 3: FACCHETADE$ mucked [Td Kh]
Seat 4: WillowAllen folded on the Flop
Seat 5: Dorex2007 (button) folded before Flop (didn't bet)
Seat 8: Ch0pperch1c (small blind) showed [Kd 5s] and won ($1.08) with a full house, Fives full of Kings
Seat 9: The Lapata (big blind) folded on the Flop



PokerStars Hand #227920768680:  Hold'em No Limit ($0.01/$0.02 USD) - 2021/06/28 17:24:41 PT [2021/06/28 20:24:41 ET]
Table 'Apollo III' 9-max Seat #8 is the button
Seat 1: MukaTraders ($0.81 in chips) 
Seat 2: Whald023 ($2.57 in chips) 
Seat 3: FACCHETADE$ ($4.19 in chips) 
Seat 4: WillowAllen ($6.17 in chips) 
Seat 5: Dorex2007 ($2.32 in chips) 
Seat 8: Ch0pperch1c ($1.72 in chips) 
Seat 9: The Lapata ($2.57 in chips) 
The Lapata: posts small blind $0.01
MukaTraders: posts big blind $0.02
*** HOLE CARDS ***
Dealt to Dorex2007 [4c 7h]
Whald023: folds 
FACCHETADE$: raises $0.05 to $0.07
WillowAllen: folds 
Dorex2007: folds 
Ch0pperch1c: folds 
The Lapata: folds 
MukaTraders: folds 
Uncalled bet ($0.05) returned to FACCHETADE$
FACCHETADE$ collected $0.05 from pot
FACCHETADE$: doesn't show hand 
*** SUMMARY ***
Total pot $0.05 | Rake $0 
Seat 1: MukaTraders (big blind) folded before Flop
Seat 2: Whald023 folded before Flop (didn't bet)
Seat 3: FACCHETADE$ collected ($0.05)
Seat 4: WillowAllen folded before Flop (didn't bet)
Seat 5: Dorex2007 folded before Flop (didn't bet)
Seat 8: Ch0pperch1c (button) folded before Flop (didn't bet)
Seat 9: The Lapata (small blind) folded before Flop



PokerStars Hand #227920772262:  Hold'em No Limit ($0.01/$0.02 USD) - 2021/06/28 17:24:56 PT [2021/06/28 20:24:56 ET]
Table 'Apollo III' 9-max Seat #9 is the button
Seat 1: MukaTraders ($0.79 in chips) 
Seat 2: Whald023 ($2.57 in chips) 
Seat 3: FACCHETADE$ ($4.22 in chips) 
Seat 4: WillowAllen ($6.17 in chips) 
Seat 5: Dorex2007 ($2.32 in chips) 
Seat 8: Ch0pperch1c ($1.72 in chips) 
Seat 9: The Lapata ($2.56 in chips) 
MukaTraders: posts small blind $0.01
Whald023: posts big blind $0.02
*** HOLE CARDS ***
Dealt to Dorex2007 [As 4d]
FACCHETADE$: calls $0.02
WillowAllen: calls $0.02
Dorex2007: folds 
Ch0pperch1c: folds 
The Lapata: folds 
MukaTraders: calls $0.01
Whald023: checks 
*** FLOP *** [Kc 5d Qd]
MukaTraders: checks 
Whald023: checks 
FACCHETADE$: checks 
WillowAllen: checks 
*** TURN *** [Kc 5d Qd] [8h]
MukaTraders: checks 
Whald023: checks 
FACCHETADE$: checks 
Emercom1963 joins the table at seat #6 
WillowAllen: checks 
*** RIVER *** [Kc 5d Qd 8h] [Kh]
MukaTraders: checks 
Whald023: checks 
FACCHETADE$: checks 
WillowAllen: bets $0.16
MukaTraders: folds 
Whald023: folds 
FACCHETADE$: folds 
Uncalled bet ($0.16) returned to WillowAllen
WillowAllen collected $0.08 from pot
WillowAllen: doesn't show hand 
*** SUMMARY ***
Total pot $0.08 | Rake $0 
Board [Kc 5d Qd 8h Kh]
Seat 1: MukaTraders (small blind) folded on the River
Seat 2: Whald023 (big blind) folded on the River
Seat 3: FACCHETADE$ folded on the River
Seat 4: WillowAllen collected ($0.08)
Seat 5: Dorex2007 folded before Flop (didn't bet)
Seat 8: Ch0pperch1c folded before Flop (didn't bet)
Seat 9: The Lapata (button) folded before Flop (didn't bet)



PokerStars Hand #227920798061:  Hold'em No Limit ($0.01/$0.02 USD) - 2021/06/28 17:26:36 PT [2021/06/28 20:26:36 ET]
Table 'Apollo III' 9-max Seat #1 is the button
Seat 1: MukaTraders ($0.77 in chips) 
Seat 2: Whald023 ($2.55 in chips) 
Seat 3: FACCHETADE$ ($4.20 in chips) 
Seat 4: WillowAllen ($6.23 in chips) 
Seat 5: Dorex2007 ($2.32 in chips) 
Seat 8: Ch0pperch1c ($1.72 in chips) 
Seat 9: The Lapata ($2.56 in chips) 
Whald023: posts small blind $0.01
FACCHETADE$: posts big blind $0.02
Emercom1963: sits out 
stephfern53: sits out 
*** HOLE CARDS ***
Dealt to Dorex2007 [4h 6c]
WillowAllen: calls $0.02
Dorex2007: folds 
Ch0pperch1c: calls $0.02
The Lapata: folds 
MukaTraders: calls $0.02
Whald023: folds 
FACCHETADE$: checks 
*** FLOP *** [7d 2h 6d]
FACCHETADE$: checks 
WillowAllen: checks 
Ch0pperch1c: checks 
MukaTraders: checks 
*** TURN *** [7d 2h 6d] [Kh]
FACCHETADE$: checks 
WillowAllen: checks 
Ch0pperch1c: checks 
MukaTraders: bets $0.02
FACCHETADE$: folds 
WillowAllen: calls $0.02
Ch0pperch1c: calls $0.02
*** RIVER *** [7d 2h 6d Kh] [7c]
WillowAllen: checks 
Ch0pperch1c: checks 
MukaTraders: bets $0.04
WillowAllen: calls $0.04
Ch0pperch1c: folds 
*** SHOW DOWN ***
MukaTraders: shows [As Jh] (a pair of Sevens)
WillowAllen: shows [Ac 6s] (two pair, Sevens and Sixes)
WillowAllen collected $0.22 from pot
*** SUMMARY ***
Total pot $0.23 | Rake $0.01 
Board [7d 2h 6d Kh 7c]
Seat 1: MukaTraders (button) showed [As Jh] and lost with a pair of Sevens
Seat 2: Whald023 (small blind) folded before Flop
Seat 3: FACCHETADE$ (big blind) folded on the Turn
Seat 4: WillowAllen showed [Ac 6s] and won ($0.22) with two pair, Sevens and Sixes
Seat 5: Dorex2007 folded before Flop (didn't bet)
Seat 8: Ch0pperch1c folded on the River
Seat 9: The Lapata folded before Flop (didn't bet)



PokerStars Hand #227920810597:  Hold'em No Limit ($0.01/$0.02 USD) - 2021/06/28 17:27:28 PT [2021/06/28 20:27:28 ET]
Table 'Apollo III' 9-max Seat #2 is the button
Seat 1: MukaTraders ($0.69 in chips) 
Seat 2: Whald023 ($2.54 in chips) 
Seat 3: FACCHETADE$ ($4.18 in chips) 
Seat 4: WillowAllen ($6.37 in chips) 
Seat 5: Dorex2007 ($2.32 in chips) 
Seat 8: Ch0pperch1c ($1.68 in chips) 
Seat 9: The Lapata ($2.56 in chips) 
FACCHETADE$: posts small blind $0.01
WillowAllen: posts big blind $0.02
Emercom1963: sits out 
stephfern53: sits out 
*** HOLE CARDS ***
Dealt to Dorex2007 [4s 5d]
Dorex2007: folds 
Ch0pperch1c: calls $0.02
The Lapata: folds 
MukaTraders has timed out
MukaTraders: folds 
Whald023: raises $0.05 to $0.07
FACCHETADE$: folds 
WillowAllen: folds 
MukaTraders leaves the table
Ch0pperch1c: calls $0.05
*** FLOP *** [8h Tc As]
Ch0pperch1c: checks 
WillowAllen leaves the table
Whald023: bets $0.10
Ch0pperch1c: folds 
Uncalled bet ($0.10) returned to Whald023
Whald023 collected $0.16 from pot
Whald023: doesn't show hand 
*** SUMMARY ***
Total pot $0.17 | Rake $0.01 
Board [8h Tc As]
Seat 1: MukaTraders folded before Flop (didn't bet)
Seat 2: Whald023 (button) collected ($0.16)
Seat 3: FACCHETADE$ (small blind) folded before Flop
Seat 4: WillowAllen (big blind) folded before Flop
Seat 5: Dorex2007 folded before Flop (didn't bet)
Seat 8: Ch0pperch1c folded on the Flop
Seat 9: The Lapata folded before Flop (didn't bet)



PokerStars Hand #227920822741:  Hold'em No Limit ($0.01/$0.02 USD) - 2021/06/28 17:28:19 PT [2021/06/28 20:28:19 ET]
Table 'Apollo III' 9-max Seat #3 is the button
Seat 2: Whald023 ($2.63 in chips) 
Seat 3: FACCHETADE$ ($4.17 in chips) 
Seat 5: Dorex2007 ($2.32 in chips) 
Seat 6: Emercom1963 ($2 in chips) 
Seat 8: Ch0pperch1c ($1.61 in chips) 
Seat 9: The Lapata ($2.56 in chips) 
Dorex2007: posts small blind $0.01
Emercom1963: posts big blind $0.02
stephfern53: sits out 
*** HOLE CARDS ***
Dealt to Dorex2007 [2h Jh]
Ch0pperch1c: folds 
The Lapata: raises $0.03 to $0.05
Whald023: folds 
FACCHETADE$: calls $0.05
Dorex2007: folds 
Emercom1963: folds 
*** FLOP *** [Kc Qs 6s]
The Lapata: bets $0.07
FACCHETADE$: folds 
Uncalled bet ($0.07) returned to The Lapata
The Lapata collected $0.13 from pot
The Lapata: doesn't show hand 
*** SUMMARY ***
Total pot $0.13 | Rake $0 
Board [Kc Qs 6s]
Seat 2: Whald023 folded before Flop (didn't bet)
Seat 3: FACCHETADE$ (button) folded on the Flop
Seat 5: Dorex2007 (small blind) folded before Flop
Seat 6: Emercom1963 (big blind) folded before Flop
Seat 8: Ch0pperch1c folded before Flop (didn't bet)
Seat 9: The Lapata collected ($0.13)



PokerStars Hand #227920837870:  Hold'em No Limit ($0.01/$0.02 USD) - 2021/06/28 17:28:54 PT [2021/06/28 20:28:54 ET]
Table 'Apollo III' 9-max Seat #5 is the button
Seat 2: Whald023 ($2.63 in chips) 
Seat 3: FACCHETADE$ ($4.12 in chips) 
Seat 5: Dorex2007 ($2.31 in chips) 
Seat 6: Emercom1963 ($2 in chips) 
Seat 7: stephfern53 ($1.57 in chips) 
Seat 8: Ch0pperch1c ($1.61 in chips) 
Seat 9: The Lapata ($2.64 in chips) 
Emercom1963: posts small blind $0.01
stephfern53: posts big blind $0.02
*** HOLE CARDS ***
Dealt to Dorex2007 [7h Ah]
Ch0pperch1c: calls $0.02
The Lapata: folds 
Whald023: folds 
FACCHETADE$ has timed out
FACCHETADE$: folds 
Dorex2007: calls $0.02
Emercom1963: folds 
stephfern53: checks 
*** FLOP *** [Jc 6s Ad]
stephfern53: checks 
Ch0pperch1c: checks 
Dorex2007: bets $0.07
stephfern53: folds 
Ch0pperch1c: calls $0.07
*** TURN *** [Jc 6s Ad] [6h]
Ch0pperch1c: checks 
Dorex2007: bets $0.10
Ch0pperch1c: folds 
Uncalled bet ($0.10) returned to Dorex2007
Dorex2007 collected $0.20 from pot
Dorex2007: doesn't show hand 
*** SUMMARY ***
Total pot $0.21 | Rake $0.01 
Board [Jc 6s Ad 6h]
Seat 2: Whald023 folded before Flop (didn't bet)
Seat 3: FACCHETADE$ folded before Flop (didn't bet)
Seat 5: Dorex2007 (button) collected ($0.20)
Seat 6: Emercom1963 (small blind) folded before Flop
Seat 7: stephfern53 (big blind) folded on the Flop
Seat 8: Ch0pperch1c folded on the Turn
Seat 9: The Lapata folded before Flop (didn't bet)



PokerStars Hand #227920852334:  Hold'em No Limit ($0.01/$0.02 USD) - 2021/06/28 17:29:55 PT [2021/06/28 20:29:55 ET]
Table 'Apollo III' 9-max Seat #6 is the button
Seat 2: Whald023 ($2.63 in chips) 
Seat 3: FACCHETADE$ ($4.12 in chips) 
Seat 5: Dorex2007 ($2.42 in chips) 
Seat 6: Emercom1963 ($2 in chips) 
Seat 7: stephfern53 ($1.55 in chips) 
Seat 8: Ch0pperch1c ($1.52 in chips) 
Seat 9: The Lapata ($2.64 in chips) 
stephfern53: posts small blind $0.01
Ch0pperch1c: posts big blind $0.02
*** HOLE CARDS ***
Dealt to Dorex2007 [Ks 4h]
The Lapata: folds 
Whald023: folds 
FACCHETADE$: folds 
Dorex2007: folds 
Emercom1963: raises $0.02 to $0.04
stephfern53: folds 
Ch0pperch1c: calls $0.02
*** FLOP *** [4c 2c 2h]
Ch0pperch1c: checks 
Emercom1963: checks 
*** TURN *** [4c 2c 2h] [Js]
Ch0pperch1c: checks 
Emercom1963: bets $0.04
Ch0pperch1c: calls $0.04
*** RIVER *** [4c 2c 2h Js] [6d]
Ch0pperch1c: checks 
Emercom1963: checks 
*** SHOW DOWN ***
Ch0pperch1c: shows [Qh 6h] (two pair, Sixes and Deuces)
Emercom1963: mucks hand 
Ch0pperch1c collected $0.16 from pot
*** SUMMARY ***
Total pot $0.17 | Rake $0.01 
Board [4c 2c 2h Js 6d]
Seat 2: Whald023 folded before Flop (didn't bet)
Seat 3: FACCHETADE$ folded before Flop (didn't bet)
Seat 5: Dorex2007 folded before Flop (didn't bet)
Seat 6: Emercom1963 (button) mucked [9h Ac]
Seat 7: stephfern53 (small blind) folded before Flop
Seat 8: Ch0pperch1c (big blind) showed [Qh 6h] and won ($0.16) with two pair, Sixes and Deuces
Seat 9: The Lapata folded before Flop (didn't bet)



PokerStars Hand #227920861387:  Hold'em No Limit ($0.01/$0.02 USD) - 2021/06/28 17:30:33 PT [2021/06/28 20:30:33 ET]
Table 'Apollo III' 9-max Seat #7 is the button
Seat 2: Whald023 ($2.63 in chips) 
Seat 3: FACCHETADE$ ($4.12 in chips) 
Seat 5: Dorex2007 ($2.42 in chips) 
Seat 6: Emercom1963 ($2 in chips) 
Seat 7: stephfern53 ($1.54 in chips) 
Seat 8: Ch0pperch1c ($1.60 in chips) 
Seat 9: The Lapata ($2.64 in chips) 
Ch0pperch1c: posts small blind $0.01
The Lapata: posts big blind $0.02
*** HOLE CARDS ***
Dealt to Dorex2007 [9d 5c]
Whald023: folds 
FACCHETADE$: folds 
Dorex2007: folds 
Emercom1963: raises $0.02 to $0.04
stephfern53: folds 
Ch0pperch1c: folds 
The Lapata: folds 
Uncalled bet ($0.02) returned to Emercom1963
Emercom1963 collected $0.05 from pot
Emercom1963: doesn't show hand 
*** SUMMARY ***
Total pot $0.05 | Rake $0 
Seat 2: Whald023 folded before Flop (didn't bet)
Seat 3: FACCHETADE$ folded before Flop (didn't bet)
Seat 5: Dorex2007 folded before Flop (didn't bet)
Seat 6: Emercom1963 collected ($0.05)
Seat 7: stephfern53 (button) folded before Flop (didn't bet)
Seat 8: Ch0pperch1c (small blind) folded before Flop
Seat 9: The Lapata (big blind) folded before Flop



PokerStars Hand #227920866974:  Hold'em No Limit ($0.01/$0.02 USD) - 2021/06/28 17:30:57 PT [2021/06/28 20:30:57 ET]
Table 'Apollo III' 9-max Seat #8 is the button
Seat 3: FACCHETADE$ ($4.12 in chips) 
Seat 5: Dorex2007 ($2.42 in chips) 
Seat 6: Emercom1963 ($2.03 in chips) 
Seat 7: stephfern53 ($1.54 in chips) 
Seat 8: Ch0pperch1c ($1.59 in chips) 
Seat 9: The Lapata ($2.62 in chips) 
The Lapata: posts small blind $0.01
Whald023: is sitting out 
FACCHETADE$: posts big blind $0.02
*** HOLE CARDS ***
Dealt to Dorex2007 [5d 7d]
Whald023 leaves the table
Dorex2007: folds 
Emercom1963: folds 
stephfern53 has timed out
stephfern53: folds 
Ch0pperch1c: calls $0.02
The Lapata: folds 
FACCHETADE$: checks 
*** FLOP *** [9c 2c 6h]
FACCHETADE$: checks 
Ch0pperch1c: checks 
*** TURN *** [9c 2c 6h] [9d]
FACCHETADE$: bets $0.05
Ch0pperch1c: calls $0.05
*** RIVER *** [9c 2c 6h 9d] [Ad]
FACCHETADE$: checks 
Ch0pperch1c: bets $0.14
FACCHETADE$: folds 
Uncalled bet ($0.14) returned to Ch0pperch1c
Ch0pperch1c collected $0.14 from pot
Ch0pperch1c: doesn't show hand 
*** SUMMARY ***
Total pot $0.15 | Rake $0.01 
Board [9c 2c 6h 9d Ad]
Seat 3: FACCHETADE$ (big blind) folded on the River
Seat 5: Dorex2007 folded before Flop (didn't bet)
Seat 6: Emercom1963 folded before Flop (didn't bet)
Seat 7: stephfern53 folded before Flop (didn't bet)
Seat 8: Ch0pperch1c (button) collected ($0.14)
Seat 9: The Lapata (small blind) folded before Flop



PokerStars Hand #227920879812:  Hold'em No Limit ($0.01/$0.02 USD) - 2021/06/28 17:31:51 PT [2021/06/28 20:31:51 ET]
Table 'Apollo III' 9-max Seat #9 is the button
Seat 3: FACCHETADE$ ($4.05 in chips) 
Seat 5: Dorex2007 ($2.42 in chips) 
Seat 6: Emercom1963 ($2.03 in chips) 
Seat 8: Ch0pperch1c ($1.66 in chips) 
Seat 9: The Lapata ($2.61 in chips) 
FACCHETADE$: posts small blind $0.01
Dorex2007: posts big blind $0.02
*** HOLE CARDS ***
Dealt to Dorex2007 [9d 3c]
Emercom1963: folds 
Ch0pperch1c: calls $0.02
The Lapata: folds 
FACCHETADE$: calls $0.01
Dorex2007: checks 
*** FLOP *** [3h 6d 7s]
FACCHETADE$: checks 
Dorex2007: checks 
Ch0pperch1c: bets $0.03
FACCHETADE$: folds 
Dorex2007: folds 
Uncalled bet ($0.03) returned to Ch0pperch1c
Ch0pperch1c collected $0.06 from pot
Ch0pperch1c: doesn't show hand 
*** SUMMARY ***
Total pot $0.06 | Rake $0 
Board [3h 6d 7s]
Seat 3: FACCHETADE$ (small blind) folded on the Flop
Seat 5: Dorex2007 (big blind) folded on the Flop
Seat 6: Emercom1963 folded before Flop (didn't bet)
Seat 8: Ch0pperch1c collected ($0.06)
Seat 9: The Lapata (button) folded before Flop (didn't bet)



PokerStars Hand #227920890641:  Hold'em No Limit ($0.01/$0.02 USD) - 2021/06/28 17:32:37 PT [2021/06/28 20:32:37 ET]
Table 'Apollo III' 9-max Seat #3 is the button
Seat 3: FACCHETADE$ ($4.03 in chips) 
Seat 5: Dorex2007 ($2.40 in chips) 
Seat 6: Emercom1963 ($2.03 in chips) 
Seat 7: stephfern53 ($1.54 in chips) 
Seat 8: Ch0pperch1c ($1.70 in chips) 
Seat 9: The Lapata ($2.61 in chips) 
Dorex2007: posts small blind $0.01
Emercom1963: posts big blind $0.02
*** HOLE CARDS ***
Dealt to Dorex2007 [7d 5d]
stephfern53: folds 
Ch0pperch1c: folds 
The Lapata: raises $0.03 to $0.05
FACCHETADE$: calls $0.05
Dorex2007: folds 
Emercom1963: folds 
*** FLOP *** [Jd Td As]
The Lapata: bets $0.07
FACCHETADE$: calls $0.07
*** TURN *** [Jd Td As] [7s]
The Lapata: checks 
FACCHETADE$: checks 
*** RIVER *** [Jd Td As 7s] [2s]
The Lapata: checks 
FACCHETADE$: checks 
*** SHOW DOWN ***
The Lapata: shows [9c Kc] (high card Ace)
FACCHETADE$: shows [Qh Tc] (a pair of Tens)
FACCHETADE$ collected $0.26 from pot
*** SUMMARY ***
Total pot $0.27 | Rake $0.01 
Board [Jd Td As 7s 2s]
Seat 3: FACCHETADE$ (button) showed [Qh Tc] and won ($0.26) with a pair of Tens
Seat 5: Dorex2007 (small blind) folded before Flop
Seat 6: Emercom1963 (big blind) folded before Flop
Seat 7: stephfern53 folded before Flop (didn't bet)
Seat 8: Ch0pperch1c folded before Flop (didn't bet)
Seat 9: The Lapata showed [9c Kc] and lost with high card Ace



PokerStars Hand #227920903687:  Hold'em No Limit ($0.01/$0.02 USD) - 2021/06/28 17:33:32 PT [2021/06/28 20:33:32 ET]
Table 'Apollo III' 9-max Seat #5 is the button
Seat 3: FACCHETADE$ ($4.17 in chips) 
Seat 5: Dorex2007 ($2.39 in chips) 
Seat 6: Emercom1963 ($2.01 in chips) 
Seat 7: stephfern53 ($1.54 in chips) 
Seat 8: Ch0pperch1c ($1.70 in chips) 
Seat 9: The Lapata ($2.49 in chips) 
Emercom1963: posts small blind $0.01
stephfern53: posts big blind $0.02
*** HOLE CARDS ***
Dealt to Dorex2007 [Ac 4s]
Ch0pperch1c: calls $0.02
The Lapata: folds 
FACCHETADE$: calls $0.02
Dorex2007: calls $0.02
Emercom1963: folds 
stephfern53: checks 
*** FLOP *** [Qd Ks 9s]
stephfern53: checks 
Ch0pperch1c: checks 
FACCHETADE$: checks 
Dorex2007: checks 
*** TURN *** [Qd Ks 9s] [Kc]
stephfern53: checks 
Ch0pperch1c: checks 
FACCHETADE$: checks 
Dorex2007: checks 
*** RIVER *** [Qd Ks 9s Kc] [2d]
stephfern53: checks 
Ch0pperch1c: checks 
FACCHETADE$: checks 
Dorex2007: checks 
*** SHOW DOWN ***
stephfern53: shows [3h 8s] (a pair of Kings)
Ch0pperch1c: shows [6d Td] (a pair of Kings - Queen+Ten kicker)
FACCHETADE$: shows [Ts 6c] (a pair of Kings)
Dorex2007: shows [Ac 4s] (a pair of Kings - Ace kicker)
Dorex2007 collected $0.09 from pot
*** SUMMARY ***
Total pot $0.09 | Rake $0 
Board [Qd Ks 9s Kc 2d]
Seat 3: FACCHETADE$ showed [Ts 6c] and lost with a pair of Kings
Seat 5: Dorex2007 (button) showed [Ac 4s] and won ($0.09) with a pair of Kings
Seat 6: Emercom1963 (small blind) folded before Flop
Seat 7: stephfern53 (big blind) showed [3h 8s] and lost with a pair of Kings
Seat 8: Ch0pperch1c showed [6d Td] and lost with a pair of Kings
Seat 9: The Lapata folded before Flop (didn't bet)



PokerStars Hand #227920922957:  Hold'em No Limit ($0.01/$0.02 USD) - 2021/06/28 17:34:55 PT [2021/06/28 20:34:55 ET]
Table 'Apollo III' 9-max Seat #6 is the button
Seat 3: FACCHETADE$ ($4.15 in chips) 
Seat 5: Dorex2007 ($2.46 in chips) 
Seat 6: Emercom1963 ($2 in chips) 
Seat 7: stephfern53 ($1.52 in chips) 
Seat 8: Ch0pperch1c ($1.68 in chips) 
Seat 9: The Lapata ($2.49 in chips) 
stephfern53: posts small blind $0.01
Ch0pperch1c: posts big blind $0.02
*** HOLE CARDS ***
Dealt to Dorex2007 [Ts 3d]
Brunno Lemos joins the table at seat #2 
The Lapata: folds 
FACCHETADE$: folds 
Dorex2007: folds 
Emercom1963: folds 
The Lapata leaves the table
stephfern53: folds 
Uncalled bet ($0.01) returned to Ch0pperch1c
Ch0pperch1c collected $0.02 from pot
Ch0pperch1c: doesn't show hand 
*** SUMMARY ***
Total pot $0.02 | Rake $0 
Seat 3: FACCHETADE$ folded before Flop (didn't bet)
Seat 5: Dorex2007 folded before Flop (didn't bet)
Seat 6: Emercom1963 (button) folded before Flop (didn't bet)
Seat 7: stephfern53 (small blind) folded before Flop
Seat 8: Ch0pperch1c (big blind) collected ($0.02)
Seat 9: The Lapata folded before Flop (didn't bet)



PokerStars Hand #227920926750:  Hold'em No Limit ($0.01/$0.02 USD) - 2021/06/28 17:35:11 PT [2021/06/28 20:35:11 ET]
Table 'Apollo III' 9-max Seat #7 is the button
Seat 2: Brunno Lemos ($1 in chips) 
Seat 3: FACCHETADE$ ($4.15 in chips) 
Seat 5: Dorex2007 ($2.46 in chips) 
Seat 6: Emercom1963 ($2 in chips) 
Seat 7: stephfern53 ($1.51 in chips) 
Seat 8: Ch0pperch1c ($1.69 in chips) 
Ch0pperch1c: posts small blind $0.01
Brunno Lemos: posts big blind $0.02
*** HOLE CARDS ***
Dealt to Dorex2007 [7h 6d]
FACCHETADE$: folds 
Dorex2007: folds 
Emercom1963: folds 
stephfern53: calls $0.02
Ch0pperch1c: calls $0.01
Brunno Lemos: checks 
*** FLOP *** [7s 4h 6c]
Ch0pperch1c: checks 
Brunno Lemos: checks 
stephfern53: checks 
*** TURN *** [7s 4h 6c] [2s]
Ch0pperch1c: checks 
Brunno Lemos: checks 
stephfern53: checks 
*** RIVER *** [7s 4h 6c 2s] [7d]
Ch0pperch1c: checks 
Brunno Lemos: bets $0.06
stephfern53: folds 
Ch0pperch1c: calls $0.06
*** SHOW DOWN ***
Brunno Lemos: shows [3d 6s] (two pair, Sevens and Sixes)
Ch0pperch1c: mucks hand 
Brunno Lemos collected $0.17 from pot
*** SUMMARY ***
Total pot $0.18 | Rake $0.01 
Board [7s 4h 6c 2s 7d]
Seat 2: Brunno Lemos (big blind) showed [3d 6s] and won ($0.17) with two pair, Sevens and Sixes
Seat 3: FACCHETADE$ folded before Flop (didn't bet)
Seat 5: Dorex2007 folded before Flop (didn't bet)
Seat 6: Emercom1963 folded before Flop (didn't bet)
Seat 7: stephfern53 (button) folded on the River
Seat 8: Ch0pperch1c (small blind) mucked [9c Qh]



