PokerStars Hand #224432475819:  Hold'em No Limit ($0.01/$0.02 USD) - 2021/03/03 16:50:47 PT [2021/03/03 19:50:47 ET]
Table 'McElroy II' 9-max Seat #3 is the button
Seat 1: TheeLandlord ($3.29 in chips) 
Seat 2: Dorex2007 ($1.50 in chips) 
Seat 3: pok.mj ($2.85 in chips) 
Seat 4: WR_MU_10 ($0.83 in chips) 
Seat 5: david42161 ($1.04 in chips) 
Seat 6: WilliamJBF ($2.47 in chips) 
Seat 7: seakam ($2.49 in chips) 
Seat 8: caplincove ($4.32 in chips) 
Seat 9: *1974N0B ($3.86 in chips) 
WR_MU_10: posts small blind $0.01
david42161: posts big blind $0.02
Dorex2007: posts big blind $0.02
*** HOLE CARDS ***
Dealt to Dorex2007 [9d 4s]
WilliamJBF: folds 
seakam: raises $0.06 to $0.08
caplincove: calls $0.08
*1974N0B: folds 
TheeLandlord: folds 
Dorex2007: folds 
pok.mj: calls $0.08
WR_MU_10: calls $0.07
david42161: folds 
*** FLOP *** [Td 3c 9s]
WR_MU_10: bets $0.17
seakam: calls $0.17
caplincove: folds 
pok.mj: folds 
*** TURN *** [Td 3c 9s] [6s]
WR_MU_10: bets $0.28
seakam: raises $0.30 to $0.58
WR_MU_10: calls $0.30 and is all-in
*** RIVER *** [Td 3c 9s 6s] [7c]
*** SHOW DOWN ***
WR_MU_10: shows [Ah Ts] (a pair of Tens)
seakam: shows [Js Jc] (a pair of Jacks)
seakam collected $1.79 from pot
WR_MU_10 cashed out the hand for $0.21
*** SUMMARY ***
Total pot $1.86 | Rake $0.07 
Board [Td 3c 9s 6s 7c]
Seat 1: TheeLandlord folded before Flop (didn't bet)
Seat 2: Dorex2007 folded before Flop (didn't bet)
Seat 3: pok.mj (button) folded on the Flop
Seat 4: WR_MU_10 (small blind) showed [Ah Ts] and lost with a pair of Tens (cashed out).
Seat 5: david42161 (big blind) folded before Flop
Seat 6: WilliamJBF folded before Flop (didn't bet)
Seat 7: seakam showed [Js Jc] and won ($1.79) with a pair of Jacks
Seat 8: caplincove folded on the Flop
Seat 9: *1974N0B folded before Flop (didn't bet)



PokerStars Hand #224432507870:  Hold'em No Limit ($0.01/$0.02 USD) - 2021/03/03 16:52:19 PT [2021/03/03 19:52:19 ET]
Table 'McElroy II' 9-max Seat #4 is the button
Seat 1: TheeLandlord ($3.29 in chips) 
Seat 2: Dorex2007 ($1.48 in chips) 
Seat 3: pok.mj ($2.77 in chips) 
Seat 4: WR_MU_10 ($0.21 in chips) 
Seat 5: david42161 ($1.02 in chips) 
Seat 6: WilliamJBF ($2.47 in chips) 
Seat 7: seakam ($3.45 in chips) 
Seat 8: caplincove ($4.24 in chips) 
Seat 9: *1974N0B ($3.86 in chips) 
david42161: posts small blind $0.01
WilliamJBF: posts big blind $0.02
*** HOLE CARDS ***
Dealt to Dorex2007 [Qh 5d]
seakam: folds 
caplincove: folds 
*1974N0B: raises $0.04 to $0.06
TheeLandlord: folds 
Dorex2007: folds 
pok.mj: folds 
WR_MU_10: calls $0.06
david42161: calls $0.05
WilliamJBF: folds 
*** FLOP *** [7d 8s Tc]
david42161: checks 
*1974N0B: checks 
WR_MU_10: checks 
*** TURN *** [7d 8s Tc] [3s]
david42161: checks 
*1974N0B: bets $0.06
WR_MU_10: folds 
david42161: calls $0.06
*** RIVER *** [7d 8s Tc 3s] [Ah]
david42161: checks 
*1974N0B: bets $0.06
david42161: folds 
Uncalled bet ($0.06) returned to *1974N0B
*1974N0B collected $0.31 from pot
*** SUMMARY ***
Total pot $0.32 | Rake $0.01 
Board [7d 8s Tc 3s Ah]
Seat 1: TheeLandlord folded before Flop (didn't bet)
Seat 2: Dorex2007 folded before Flop (didn't bet)
Seat 3: pok.mj folded before Flop (didn't bet)
Seat 4: WR_MU_10 (button) folded on the Turn
Seat 5: david42161 (small blind) folded on the River
Seat 6: WilliamJBF (big blind) folded before Flop
Seat 7: seakam folded before Flop (didn't bet)
Seat 8: caplincove folded before Flop (didn't bet)
Seat 9: *1974N0B collected ($0.31)



PokerStars Hand #224432528847:  Hold'em No Limit ($0.01/$0.02 USD) - 2021/03/03 16:53:19 PT [2021/03/03 19:53:19 ET]
Table 'McElroy II' 9-max Seat #5 is the button
Seat 1: TheeLandlord ($3.29 in chips) 
Seat 2: Dorex2007 ($1.48 in chips) 
Seat 3: pok.mj ($2.77 in chips) 
Seat 4: WR_MU_10 ($0.15 in chips) 
Seat 5: david42161 ($0.90 in chips) 
Seat 6: WilliamJBF ($2.45 in chips) 
Seat 7: seakam ($3.45 in chips) 
Seat 8: caplincove ($4.24 in chips) 
Seat 9: *1974N0B ($4.05 in chips) 
WilliamJBF: posts small blind $0.01
seakam: posts big blind $0.02
*** HOLE CARDS ***
Dealt to Dorex2007 [Js 9d]
caplincove: folds 
*1974N0B: raises $0.04 to $0.06
TheeLandlord: folds 
Dorex2007: folds 
pok.mj: folds 
WR_MU_10: raises $0.09 to $0.15 and is all-in
david42161: calls $0.15
WilliamJBF: folds 
seakam: folds 
*1974N0B: calls $0.09
*** FLOP *** [4s 2h Ac]
*1974N0B: checks 
david42161: checks 
*** TURN *** [4s 2h Ac] [4h]
*1974N0B: bets $0.06
david42161: folds 
Uncalled bet ($0.06) returned to *1974N0B
*** RIVER *** [4s 2h Ac 4h] [Kh]
*** SHOW DOWN ***
*1974N0B: shows [As 8s] (two pair, Aces and Fours)
WR_MU_10: shows [Qh Qd] (two pair, Queens and Fours)
*1974N0B collected $0.46 from pot
*** SUMMARY ***
Total pot $0.48 | Rake $0.02 
Board [4s 2h Ac 4h Kh]
Seat 1: TheeLandlord folded before Flop (didn't bet)
Seat 2: Dorex2007 folded before Flop (didn't bet)
Seat 3: pok.mj folded before Flop (didn't bet)
Seat 4: WR_MU_10 showed [Qh Qd] and lost with two pair, Queens and Fours
Seat 5: david42161 (button) folded on the Turn
Seat 6: WilliamJBF (small blind) folded before Flop
Seat 7: seakam (big blind) folded before Flop
Seat 8: caplincove folded before Flop (didn't bet)
Seat 9: *1974N0B showed [As 8s] and won ($0.46) with two pair, Aces and Fours



PokerStars Hand #224432546006:  Hold'em No Limit ($0.01/$0.02 USD) - 2021/03/03 16:54:08 PT [2021/03/03 19:54:08 ET]
Table 'McElroy II' 9-max Seat #6 is the button
Seat 1: TheeLandlord ($3.29 in chips) 
Seat 2: Dorex2007 ($1.48 in chips) 
Seat 3: pok.mj ($2.77 in chips) 
Seat 5: david42161 ($0.75 in chips) 
Seat 6: WilliamJBF ($2.44 in chips) 
Seat 7: seakam ($3.43 in chips) 
Seat 8: caplincove ($4.24 in chips) 
Seat 9: *1974N0B ($4.36 in chips) 
seakam: posts small blind $0.01
caplincove: posts big blind $0.02
*** HOLE CARDS ***
Dealt to Dorex2007 [4h 7s]
*1974N0B: folds 
TheeLandlord: folds 
Dorex2007: folds 
pok.mj: folds 
*1974N0B leaves the table
david42161: folds 
WilliamJBF: folds 
seakam: raises $0.06 to $0.08
Golsuorsi joins the table at seat #9 
caplincove: calls $0.06
*** FLOP *** [Tc Jd 8s]
seakam: bets $0.08
caplincove: calls $0.08
*** TURN *** [Tc Jd 8s] [Ac]
seakam: bets $0.16
caplincove: calls $0.16
*** RIVER *** [Tc Jd 8s Ac] [2h]
seakam: bets $0.41
caplincove: folds 
Uncalled bet ($0.41) returned to seakam
seakam collected $0.62 from pot
seakam: doesn't show hand 
*** SUMMARY ***
Total pot $0.64 | Rake $0.02 
Board [Tc Jd 8s Ac 2h]
Seat 1: TheeLandlord folded before Flop (didn't bet)
Seat 2: Dorex2007 folded before Flop (didn't bet)
Seat 3: pok.mj folded before Flop (didn't bet)
Seat 5: david42161 folded before Flop (didn't bet)
Seat 6: WilliamJBF (button) folded before Flop (didn't bet)
Seat 7: seakam (small blind) collected ($0.62)
Seat 8: caplincove (big blind) folded on the River
Seat 9: *1974N0B folded before Flop (didn't bet)



PokerStars Hand #224432559251:  Hold'em No Limit ($0.01/$0.02 USD) - 2021/03/03 16:54:47 PT [2021/03/03 19:54:47 ET]
Table 'McElroy II' 9-max Seat #7 is the button
Seat 1: TheeLandlord ($3.29 in chips) 
Seat 2: Dorex2007 ($1.48 in chips) 
Seat 3: pok.mj ($2.77 in chips) 
Seat 4: WR_MU_10 ($0.80 in chips) 
Seat 5: david42161 ($0.75 in chips) 
Seat 6: WilliamJBF ($2.44 in chips) 
Seat 7: seakam ($3.73 in chips) 
Seat 8: caplincove ($3.92 in chips) 
Seat 9: Golsuorsi ($2 in chips) 
caplincove: posts small blind $0.01
Golsuorsi: posts big blind $0.02
*** HOLE CARDS ***
Dealt to Dorex2007 [Qc Tc]
TheeLandlord: folds 
Dorex2007: calls $0.02
pok.mj: calls $0.02
WR_MU_10: folds 
david42161: raises $0.06 to $0.08
WilliamJBF: folds 
seakam: calls $0.08
caplincove: folds 
Golsuorsi: raises $0.21 to $0.29
Dorex2007: folds 
pok.mj: folds 
david42161: calls $0.21
seakam: folds 
*** FLOP *** [6c 9s 8d]
Golsuorsi: checks 
david42161: checks 
*** TURN *** [6c 9s 8d] [3c]
Golsuorsi: checks 
david42161: checks 
*** RIVER *** [6c 9s 8d 3c] [Th]
Golsuorsi: checks 
david42161: bets $0.46 and is all-in
Golsuorsi: folds 
Uncalled bet ($0.46) returned to david42161
david42161 collected $0.69 from pot
david42161: doesn't show hand 
*** SUMMARY ***
Total pot $0.71 | Rake $0.02 
Board [6c 9s 8d 3c Th]
Seat 1: TheeLandlord folded before Flop (didn't bet)
Seat 2: Dorex2007 folded before Flop
Seat 3: pok.mj folded before Flop
Seat 4: WR_MU_10 folded before Flop (didn't bet)
Seat 5: david42161 collected ($0.69)
Seat 6: WilliamJBF folded before Flop (didn't bet)
Seat 7: seakam (button) folded before Flop
Seat 8: caplincove (small blind) folded before Flop
Seat 9: Golsuorsi (big blind) folded on the River



PokerStars Hand #224432591019:  Hold'em No Limit ($0.01/$0.02 USD) - 2021/03/03 16:56:23 PT [2021/03/03 19:56:23 ET]
Table 'McElroy II' 9-max Seat #8 is the button
Seat 1: TheeLandlord ($3.29 in chips) 
Seat 2: Dorex2007 ($1.46 in chips) 
Seat 4: WR_MU_10 ($0.80 in chips) 
Seat 5: david42161 ($1.15 in chips) 
Seat 6: WilliamJBF ($2.44 in chips) 
Seat 7: seakam ($3.65 in chips) 
Seat 8: caplincove ($3.91 in chips) 
Seat 9: Golsuorsi ($2 in chips) 
Golsuorsi: posts small blind $0.01
TheeLandlord: posts big blind $0.02
*** HOLE CARDS ***
Dealt to Dorex2007 [Qd 6d]
Dorex2007: folds 
WR_MU_10: folds 
david42161: raises $0.02 to $0.04
WilliamJBF: folds 
seakam: folds 
caplincove: calls $0.04
Golsuorsi: folds 
TheeLandlord: calls $0.02
*** FLOP *** [4h 2h 5h]
TheeLandlord: bets $0.06
david42161: folds 
caplincove: calls $0.06
*** TURN *** [4h 2h 5h] [6h]
TheeLandlord: bets $0.26
caplincove: calls $0.26
*** RIVER *** [4h 2h 5h 6h] [9d]
TheeLandlord: checks 
caplincove: checks 
*** SHOW DOWN ***
TheeLandlord: shows [6s 8h] (a flush, Eight high)
caplincove: shows [Jc Kh] (a flush, King high)
caplincove collected $0.74 from pot
*** SUMMARY ***
Total pot $0.77 | Rake $0.03 
Board [4h 2h 5h 6h 9d]
Seat 1: TheeLandlord (big blind) showed [6s 8h] and lost with a flush, Eight high
Seat 2: Dorex2007 folded before Flop (didn't bet)
Seat 4: WR_MU_10 folded before Flop (didn't bet)
Seat 5: david42161 folded on the Flop
Seat 6: WilliamJBF folded before Flop (didn't bet)
Seat 7: seakam folded before Flop (didn't bet)
Seat 8: caplincove (button) showed [Jc Kh] and won ($0.74) with a flush, King high
Seat 9: Golsuorsi (small blind) folded before Flop



PokerStars Hand #224432612154:  Hold'em No Limit ($0.01/$0.02 USD) - 2021/03/03 16:57:38 PT [2021/03/03 19:57:38 ET]
Table 'McElroy II' 9-max Seat #9 is the button
Seat 1: TheeLandlord ($2.93 in chips) 
Seat 2: Dorex2007 ($1.46 in chips) 
Seat 4: WR_MU_10 ($0.80 in chips) 
Seat 5: david42161 ($1.11 in chips) 
Seat 6: WilliamJBF ($2.44 in chips) 
Seat 7: seakam ($3.65 in chips) 
Seat 8: caplincove ($4.29 in chips) 
Seat 9: Golsuorsi ($2 in chips) 
TheeLandlord: posts small blind $0.01
Dorex2007: posts big blind $0.02
*** HOLE CARDS ***
Dealt to Dorex2007 [6d Qc]
WR_MU_10: folds 
david42161: folds 
WilliamJBF: folds 
seakam: folds 
caplincove: calls $0.02
Golsuorsi: folds 
TheeLandlord: folds 
Dorex2007: checks 
*** FLOP *** [Qh 2c 9c]
Dorex2007: checks 
caplincove: checks 
*** TURN *** [Qh 2c 9c] [Ah]
Dorex2007: checks 
TheeLandlord said, "its only change"
caplincove: checks 
*** RIVER *** [Qh 2c 9c Ah] [Js]
Dorex2007: bets $0.04
caplincove: calls $0.04
*** SHOW DOWN ***
Dorex2007: shows [6d Qc] (a pair of Queens)
caplincove: shows [As 8d] (a pair of Aces)
caplincove collected $0.13 from pot
*** SUMMARY ***
Total pot $0.13 | Rake $0 
Board [Qh 2c 9c Ah Js]
Seat 1: TheeLandlord (small blind) folded before Flop
Seat 2: Dorex2007 (big blind) showed [6d Qc] and lost with a pair of Queens
Seat 4: WR_MU_10 folded before Flop (didn't bet)
Seat 5: david42161 folded before Flop (didn't bet)
Seat 6: WilliamJBF folded before Flop (didn't bet)
Seat 7: seakam folded before Flop (didn't bet)
Seat 8: caplincove showed [As 8d] and won ($0.13) with a pair of Aces
Seat 9: Golsuorsi (button) folded before Flop (didn't bet)



PokerStars Hand #224432626882:  Hold'em No Limit ($0.01/$0.02 USD) - 2021/03/03 16:58:30 PT [2021/03/03 19:58:30 ET]
Table 'McElroy II' 9-max Seat #1 is the button
Seat 1: TheeLandlord ($2.92 in chips) 
Seat 2: Dorex2007 ($1.40 in chips) 
Seat 4: WR_MU_10 ($0.80 in chips) 
Seat 5: david42161 ($1.11 in chips) 
Seat 6: WilliamJBF ($2.44 in chips) 
Seat 7: seakam ($3.65 in chips) 
Seat 8: caplincove ($4.36 in chips) 
Seat 9: Golsuorsi ($2 in chips) 
Dorex2007: posts small blind $0.01
WR_MU_10: posts big blind $0.02
*** HOLE CARDS ***
Dealt to Dorex2007 [9s 2c]
david42161: folds 
WilliamJBF: folds 
seakam: folds 
caplincove: calls $0.02
Golsuorsi: folds 
TheeLandlord: raises $0.06 to $0.08
Dorex2007: folds 
WR_MU_10: folds 
caplincove said, "gotta feed the family"
TheeLandlord said, "lets test your skills"
caplincove: calls $0.06
*** FLOP *** [9d 6s 2d]
caplincove: checks 
TheeLandlord said, "lol gd one"
Dorex2007 said, "it's not about the money, it;s about the right decisions"
TheeLandlord: checks 
*** TURN *** [9d 6s 2d] [3h]
pok.mj leaves the table
caplincove: checks 
TheeLandlord said, "very true"
TheeLandlord: checks 
*** RIVER *** [9d 6s 2d 3h] [Th]
caplincove: checks 
TheeLandlord: checks 
*** SHOW DOWN ***
caplincove: shows [Ac 8h] (high card Ace)
TheeLandlord: shows [As Jd] (high card Ace - Jack kicker)
TheeLandlord collected $0.18 from pot
*** SUMMARY ***
Total pot $0.19 | Rake $0.01 
Board [9d 6s 2d 3h Th]
Seat 1: TheeLandlord (button) showed [As Jd] and won ($0.18) with high card Ace
Seat 2: Dorex2007 (small blind) folded before Flop
Seat 4: WR_MU_10 (big blind) folded before Flop
Seat 5: david42161 folded before Flop (didn't bet)
Seat 6: WilliamJBF folded before Flop (didn't bet)
Seat 7: seakam folded before Flop (didn't bet)
Seat 8: caplincove showed [Ac 8h] and lost with high card Ace
Seat 9: Golsuorsi folded before Flop (didn't bet)



PokerStars Hand #224432643197:  Hold'em No Limit ($0.01/$0.02 USD) - 2021/03/03 16:59:28 PT [2021/03/03 19:59:28 ET]
Table 'McElroy II' 9-max Seat #2 is the button
Seat 1: TheeLandlord ($3.02 in chips) 
Seat 2: Dorex2007 ($1.39 in chips) 
Seat 4: WR_MU_10 ($0.78 in chips) 
Seat 5: david42161 ($1.11 in chips) 
Seat 6: WilliamJBF ($2.44 in chips) 
Seat 7: seakam ($3.65 in chips) 
Seat 8: caplincove ($4.28 in chips) 
Seat 9: Golsuorsi ($2 in chips) 
WR_MU_10: posts small blind $0.01
david42161: posts big blind $0.02
*** HOLE CARDS ***
Dealt to Dorex2007 [3s 6c]
WilliamJBF: folds 
seakam: folds 
caplincove: calls $0.02
Golsuorsi: folds 
TheeLandlord: folds 
Dorex2007: folds 
WR_MU_10: calls $0.01
#BNuN€$#36 joins the table at seat #3 
david42161: raises $0.06 to $0.08
caplincove: folds 
WR_MU_10: calls $0.06
*** FLOP *** [Jd Kd 3h]
WR_MU_10: checks 
david42161: bets $0.02
WR_MU_10: calls $0.02
*** TURN *** [Jd Kd 3h] [3c]
WR_MU_10: checks 
david42161: checks 
*** RIVER *** [Jd Kd 3h 3c] [5d]
WR_MU_10: bets $0.21
david42161: raises $0.21 to $0.42
WR_MU_10: folds 
Uncalled bet ($0.21) returned to david42161
david42161 collected $0.62 from pot
david42161: doesn't show hand 
*** SUMMARY ***
Total pot $0.64 | Rake $0.02 
Board [Jd Kd 3h 3c 5d]
Seat 1: TheeLandlord folded before Flop (didn't bet)
Seat 2: Dorex2007 (button) folded before Flop (didn't bet)
Seat 4: WR_MU_10 (small blind) folded on the River
Seat 5: david42161 (big blind) collected ($0.62)
Seat 6: WilliamJBF folded before Flop (didn't bet)
Seat 7: seakam folded before Flop (didn't bet)
Seat 8: caplincove folded before Flop
Seat 9: Golsuorsi folded before Flop (didn't bet)



PokerStars Hand #224432668138:  Hold'em No Limit ($0.01/$0.02 USD) - 2021/03/03 17:00:51 PT [2021/03/03 20:00:51 ET]
Table 'McElroy II' 9-max Seat #4 is the button
Seat 1: TheeLandlord ($3.02 in chips) 
Seat 2: Dorex2007 ($1.39 in chips) 
Seat 3: #BNuN€$#36 ($0.80 in chips) 
Seat 4: WR_MU_10 ($0.47 in chips) 
Seat 5: david42161 ($1.42 in chips) 
Seat 6: WilliamJBF ($2.44 in chips) 
Seat 7: seakam ($3.65 in chips) 
Seat 8: caplincove ($4.26 in chips) 
Seat 9: Golsuorsi ($2 in chips) 
david42161: posts small blind $0.01
WilliamJBF: posts big blind $0.02
#BNuN€$#36: posts big blind $0.02
*** HOLE CARDS ***
Dealt to Dorex2007 [5c 5s]
seakam: folds 
caplincove: calls $0.02
Golsuorsi: folds 
TheeLandlord: folds 
Dorex2007: calls $0.02
#BNuN€$#36: checks 
WR_MU_10: folds 
david42161: calls $0.01
WilliamJBF: checks 
*** FLOP *** [2s 9s 4h]
TheeLandlord said, "im coming after you haha"
david42161: checks 
WilliamJBF: checks 
caplincove: checks 
Dorex2007: checks 
#BNuN€$#36: checks 
*** TURN *** [2s 9s 4h] [4d]
david42161: bets $0.02
WilliamJBF: raises $0.02 to $0.04
caplincove: folds 
Dorex2007: folds 
#BNuN€$#36: calls $0.04
david42161: calls $0.02
*** RIVER *** [2s 9s 4h 4d] [5d]
david42161: checks 
WilliamJBF: checks 
#BNuN€$#36: bets $0.10
david42161: folds 
WilliamJBF: calls $0.10
*** SHOW DOWN ***
#BNuN€$#36: shows [4c 3s] (three of a kind, Fours)
WilliamJBF: mucks hand 
#BNuN€$#36 collected $0.41 from pot
*** SUMMARY ***
Total pot $0.42 | Rake $0.01 
Board [2s 9s 4h 4d 5d]
Seat 1: TheeLandlord folded before Flop (didn't bet)
Seat 2: Dorex2007 folded on the Turn
Seat 3: #BNuN€$#36 showed [4c 3s] and won ($0.41) with three of a kind, Fours
Seat 4: WR_MU_10 (button) folded before Flop (didn't bet)
Seat 5: david42161 (small blind) folded on the River
Seat 6: WilliamJBF (big blind) mucked [9c 6s]
Seat 7: seakam folded before Flop (didn't bet)
Seat 8: caplincove folded on the Turn
Seat 9: Golsuorsi folded before Flop (didn't bet)



PokerStars Hand #224432708550:  Hold'em No Limit ($0.01/$0.02 USD) - 2021/03/03 17:02:21 PT [2021/03/03 20:02:21 ET]
Table 'McElroy II' 9-max Seat #5 is the button
Seat 1: TheeLandlord ($3.02 in chips) 
Seat 2: Dorex2007 ($1.37 in chips) 
Seat 3: #BNuN€$#36 ($1.05 in chips) 
Seat 4: WR_MU_10 ($0.47 in chips) 
Seat 5: david42161 ($1.36 in chips) 
Seat 6: WilliamJBF ($2.28 in chips) 
Seat 7: seakam ($3.65 in chips) 
Seat 8: caplincove ($4.24 in chips) 
Seat 9: Golsuorsi ($2 in chips) 
WilliamJBF: posts small blind $0.01
seakam: posts big blind $0.02
*** HOLE CARDS ***
Dealt to Dorex2007 [7d Ts]
TheeLandlord said, "im excited i do like challenges"
caplincove: calls $0.02
Golsuorsi: raises $0.07 to $0.09
TheeLandlord: calls $0.09
Dorex2007: folds 
#BNuN€$#36: folds 
WR_MU_10: folds 
david42161: folds 
WilliamJBF: folds 
seakam: folds 
caplincove: folds 
*** FLOP *** [As Jc Kc]
Golsuorsi: bets $0.17
TheeLandlord: folds 
Uncalled bet ($0.17) returned to Golsuorsi
Golsuorsi collected $0.22 from pot
*** SUMMARY ***
Total pot $0.23 | Rake $0.01 
Board [As Jc Kc]
Seat 1: TheeLandlord folded on the Flop
Seat 2: Dorex2007 folded before Flop (didn't bet)
Seat 3: #BNuN€$#36 folded before Flop (didn't bet)
Seat 4: WR_MU_10 folded before Flop (didn't bet)
Seat 5: david42161 (button) folded before Flop (didn't bet)
Seat 6: WilliamJBF (small blind) folded before Flop
Seat 7: seakam (big blind) folded before Flop
Seat 8: caplincove folded before Flop
Seat 9: Golsuorsi collected ($0.22)



PokerStars Hand #224432720411:  Hold'em No Limit ($0.01/$0.02 USD) - 2021/03/03 17:02:55 PT [2021/03/03 20:02:55 ET]
Table 'McElroy II' 9-max Seat #6 is the button
Seat 1: TheeLandlord ($2.93 in chips) 
Seat 2: Dorex2007 ($1.37 in chips) 
Seat 3: #BNuN€$#36 ($1.05 in chips) 
Seat 4: WR_MU_10 ($0.47 in chips) 
Seat 5: david42161 ($1.36 in chips) 
Seat 6: WilliamJBF ($2.27 in chips) 
Seat 7: seakam ($3.63 in chips) 
Seat 8: caplincove ($4.22 in chips) 
Seat 9: Golsuorsi ($2.13 in chips) 
seakam: posts small blind $0.01
caplincove: posts big blind $0.02
*** HOLE CARDS ***
Dealt to Dorex2007 [7h Jd]
Golsuorsi: folds 
TheeLandlord: raises $0.10 to $0.12
Dorex2007: folds 
#BNuN€$#36: folds 
WR_MU_10: folds 
david42161: folds 
WilliamJBF: calls $0.12
seakam: folds 
caplincove: folds 
*** FLOP *** [6c Ac 4c]
TheeLandlord: bets $0.29
WilliamJBF: calls $0.29
*** TURN *** [6c Ac 4c] [5h]
TheeLandlord: checks 
WilliamJBF: checks 
*** RIVER *** [6c Ac 4c 5h] [5s]
TheeLandlord: bets $0.90
WilliamJBF: raises $0.96 to $1.86 and is all-in
TheeLandlord: calls $0.96
*** SHOW DOWN ***
WilliamJBF: shows [4s 4d] (a full house, Fours full of Fives)
TheeLandlord: shows [7c 5c] (a flush, Ace high)
WilliamJBF collected $4.41 from pot
*** SUMMARY ***
Total pot $4.57 | Rake $0.16 
Board [6c Ac 4c 5h 5s]
Seat 1: TheeLandlord showed [7c 5c] and lost with a flush, Ace high
Seat 2: Dorex2007 folded before Flop (didn't bet)
Seat 3: #BNuN€$#36 folded before Flop (didn't bet)
Seat 4: WR_MU_10 folded before Flop (didn't bet)
Seat 5: david42161 folded before Flop (didn't bet)
Seat 6: WilliamJBF (button) showed [4s 4d] and won ($4.41) with a full house, Fours full of Fives
Seat 7: seakam (small blind) folded before Flop
Seat 8: caplincove (big blind) folded before Flop
Seat 9: Golsuorsi folded before Flop (didn't bet)



PokerStars Hand #224432736515:  Hold'em No Limit ($0.01/$0.02 USD) - 2021/03/03 17:03:42 PT [2021/03/03 20:03:42 ET]
Table 'McElroy II' 9-max Seat #7 is the button
Seat 1: TheeLandlord ($0.66 in chips) 
Seat 2: Dorex2007 ($1.37 in chips) 
Seat 3: #BNuN€$#36 ($1.05 in chips) 
Seat 4: WR_MU_10 ($0.47 in chips) 
Seat 5: david42161 ($1.36 in chips) 
Seat 6: WilliamJBF ($4.41 in chips) 
Seat 7: seakam ($3.62 in chips) 
Seat 8: caplincove ($4.20 in chips) 
Seat 9: Golsuorsi ($2.13 in chips) 
caplincove: posts small blind $0.01
Golsuorsi: posts big blind $0.02
*** HOLE CARDS ***
Dealt to Dorex2007 [6c Jd]
TheeLandlord said, "fukkkkk"
TheeLandlord: folds 
TheeLandlord said, "nh"
Dorex2007: folds 
#BNuN€$#36: raises $0.02 to $0.04
WR_MU_10: folds 
david42161: calls $0.04
WilliamJBF: folds 
seakam: folds 
caplincove: folds 
Golsuorsi: folds 
*** FLOP *** [Qd 9s As]
#BNuN€$#36: bets $0.04
TheeLandlord said, "if i double barrelled wouldve been same result"
david42161: calls $0.04
*** TURN *** [Qd 9s As] [5s]
TheeLandlord said, "just a coller"
#BNuN€$#36: bets $0.04
david42161: folds 
Uncalled bet ($0.04) returned to #BNuN€$#36
#BNuN€$#36 collected $0.18 from pot
#BNuN€$#36: doesn't show hand 
*** SUMMARY ***
Total pot $0.19 | Rake $0.01 
Board [Qd 9s As 5s]
Seat 1: TheeLandlord folded before Flop (didn't bet)
Seat 2: Dorex2007 folded before Flop (didn't bet)
Seat 3: #BNuN€$#36 collected ($0.18)
Seat 4: WR_MU_10 folded before Flop (didn't bet)
Seat 5: david42161 folded on the Turn
Seat 6: WilliamJBF folded before Flop (didn't bet)
Seat 7: seakam (button) folded before Flop (didn't bet)
Seat 8: caplincove (small blind) folded before Flop
Seat 9: Golsuorsi (big blind) folded before Flop



PokerStars Hand #224432763085:  Hold'em No Limit ($0.01/$0.02 USD) - 2021/03/03 17:04:37 PT [2021/03/03 20:04:37 ET]
Table 'McElroy II' 9-max Seat #8 is the button
Seat 1: TheeLandlord ($2 in chips) 
Seat 2: Dorex2007 ($1.37 in chips) 
Seat 3: #BNuN€$#36 ($1.15 in chips) 
Seat 4: WR_MU_10 ($0.47 in chips) 
Seat 5: david42161 ($1.28 in chips) 
Seat 6: WilliamJBF ($4.41 in chips) 
Seat 7: seakam ($3.62 in chips) 
Seat 8: caplincove ($4.19 in chips) 
Seat 9: Golsuorsi ($2.11 in chips) 
Golsuorsi: posts small blind $0.01
TheeLandlord: posts big blind $0.02
*** HOLE CARDS ***
Dealt to Dorex2007 [2d Jh]
Dorex2007: folds 
#BNuN€$#36: calls $0.02
WR_MU_10: folds 
david42161: raises $0.02 to $0.04
WilliamJBF: calls $0.04
seakam: calls $0.04
caplincove: calls $0.04
Golsuorsi: folds 
TheeLandlord: folds 
#BNuN€$#36: calls $0.02
*** FLOP *** [8c Ks Qh]
#BNuN€$#36: checks 
david42161: checks 
WilliamJBF: checks 
seakam: bets $0.15
caplincove: calls $0.15
#BNuN€$#36: folds 
david42161: folds 
WilliamJBF: folds 
*** TURN *** [8c Ks Qh] [3c]
seakam: bets $0.26
caplincove: calls $0.26
*** RIVER *** [8c Ks Qh 3c] [6s]
seakam: checks 
caplincove: checks 
*** SHOW DOWN ***
seakam: shows [Td Jd] (high card King)
caplincove: shows [Kc 5s] (a pair of Kings)
caplincove collected $1.01 from pot
*** SUMMARY ***
Total pot $1.05 | Rake $0.04 
Board [8c Ks Qh 3c 6s]
Seat 1: TheeLandlord (big blind) folded before Flop
Seat 2: Dorex2007 folded before Flop (didn't bet)
Seat 3: #BNuN€$#36 folded on the Flop
Seat 4: WR_MU_10 folded before Flop (didn't bet)
Seat 5: david42161 folded on the Flop
Seat 6: WilliamJBF folded on the Flop
Seat 7: seakam showed [Td Jd] and lost with high card King
Seat 8: caplincove (button) showed [Kc 5s] and won ($1.01) with a pair of Kings
Seat 9: Golsuorsi (small blind) folded before Flop



PokerStars Hand #224432788185:  Hold'em No Limit ($0.01/$0.02 USD) - 2021/03/03 17:05:50 PT [2021/03/03 20:05:50 ET]
Table 'McElroy II' 9-max Seat #9 is the button
Seat 1: TheeLandlord ($1.98 in chips) 
Seat 2: Dorex2007 ($1.37 in chips) 
Seat 3: #BNuN€$#36 ($1.11 in chips) 
Seat 4: WR_MU_10 ($0.47 in chips) 
Seat 5: david42161 ($1.24 in chips) 
Seat 6: WilliamJBF ($4.37 in chips) 
Seat 7: seakam ($3.17 in chips) 
Seat 8: caplincove ($4.75 in chips) 
Seat 9: Golsuorsi ($2.10 in chips) 
TheeLandlord: posts small blind $0.01
Dorex2007: posts big blind $0.02
*** HOLE CARDS ***
Dealt to Dorex2007 [8h Kc]
#BNuN€$#36: calls $0.02
WR_MU_10: folds 
caplincove said, "gonna have a smoke back in few"
david42161: calls $0.02
WilliamJBF: folds 
seakam: folds 
caplincove: folds 
Golsuorsi: folds 
TheeLandlord: folds 
TheeLandlord said, "ok"
Dorex2007: checks 
*** FLOP *** [Kd 5c 3h]
Dorex2007: checks 
#BNuN€$#36: checks 
david42161: checks 
*** TURN *** [Kd 5c 3h] [6s]
Dorex2007: bets $0.05
#BNuN€$#36: calls $0.05
david42161: folds 
*** RIVER *** [Kd 5c 3h 6s] [Jc]
Dorex2007: bets $0.08
#BNuN€$#36: calls $0.08
*** SHOW DOWN ***
Dorex2007: shows [8h Kc] (a pair of Kings)
#BNuN€$#36: shows [Td Ks] (a pair of Kings - Jack+Ten kicker)
#BNuN€$#36 collected $0.32 from pot
*** SUMMARY ***
Total pot $0.33 | Rake $0.01 
Board [Kd 5c 3h 6s Jc]
Seat 1: TheeLandlord (small blind) folded before Flop
Seat 2: Dorex2007 (big blind) showed [8h Kc] and lost with a pair of Kings
Seat 3: #BNuN€$#36 showed [Td Ks] and won ($0.32) with a pair of Kings
Seat 4: WR_MU_10 folded before Flop (didn't bet)
Seat 5: david42161 folded on the Turn
Seat 6: WilliamJBF folded before Flop (didn't bet)
Seat 7: seakam folded before Flop (didn't bet)
Seat 8: caplincove folded before Flop (didn't bet)
Seat 9: Golsuorsi (button) folded before Flop (didn't bet)



PokerStars Hand #224432811714:  Hold'em No Limit ($0.01/$0.02 USD) - 2021/03/03 17:06:58 PT [2021/03/03 20:06:58 ET]
Table 'McElroy II' 9-max Seat #1 is the button
Seat 1: TheeLandlord ($1.97 in chips) 
Seat 2: Dorex2007 ($1.22 in chips) 
Seat 3: #BNuN€$#36 ($1.28 in chips) 
Seat 4: WR_MU_10 ($0.47 in chips) 
Seat 5: david42161 ($1.22 in chips) 
Seat 6: WilliamJBF ($4.37 in chips) 
Seat 7: seakam ($3.17 in chips) 
Seat 9: Golsuorsi ($2.10 in chips) 
Dorex2007: posts small blind $0.01
#BNuN€$#36: posts big blind $0.02
*** HOLE CARDS ***
Dealt to Dorex2007 [4h Jh]
WR_MU_10: folds 
david42161: raises $0.04 to $0.06
WilliamJBF: folds 
seakam: folds 
Golsuorsi: folds 
TheeLandlord: folds 
Dorex2007: folds 
#BNuN€$#36: calls $0.04
*** FLOP *** [Td 6h Ts]
#BNuN€$#36: checks 
david42161: bets $0.07
TheeLandlord leaves the table
#BNuN€$#36: calls $0.07
*** TURN *** [Td 6h Ts] [5d]
#BNuN€$#36: checks 
david42161: bets $0.08
#BNuN€$#36: folds 
Uncalled bet ($0.08) returned to david42161
david42161 collected $0.26 from pot
david42161: doesn't show hand 
*** SUMMARY ***
Total pot $0.27 | Rake $0.01 
Board [Td 6h Ts 5d]
Seat 1: TheeLandlord (button) folded before Flop (didn't bet)
Seat 2: Dorex2007 (small blind) folded before Flop
Seat 3: #BNuN€$#36 (big blind) folded on the Turn
Seat 4: WR_MU_10 folded before Flop (didn't bet)
Seat 5: david42161 collected ($0.26)
Seat 6: WilliamJBF folded before Flop (didn't bet)
Seat 7: seakam folded before Flop (didn't bet)
Seat 9: Golsuorsi folded before Flop (didn't bet)



PokerStars Hand #224432831829:  Hold'em No Limit ($0.01/$0.02 USD) - 2021/03/03 17:07:57 PT [2021/03/03 20:07:57 ET]
Table 'McElroy II' 9-max Seat #2 is the button
Seat 2: Dorex2007 ($2 in chips) 
Seat 3: #BNuN€$#36 ($1.15 in chips) 
Seat 4: WR_MU_10 ($0.47 in chips) 
Seat 5: david42161 ($1.35 in chips) 
Seat 6: WilliamJBF ($4.37 in chips) 
Seat 7: seakam ($3.17 in chips) 
Seat 9: Golsuorsi ($2.10 in chips) 
#BNuN€$#36: posts small blind $0.01
WR_MU_10: posts big blind $0.02
*** HOLE CARDS ***
Dealt to Dorex2007 [Kc 5s]
david42161: folds 
WilliamJBF: folds 
seakam: folds 
Golsuorsi: folds 
Dorex2007: folds 
#BNuN€$#36: calls $0.01
WR_MU_10: raises $0.06 to $0.08
#BNuN€$#36: folds 
Uncalled bet ($0.06) returned to WR_MU_10
WR_MU_10 collected $0.04 from pot
WR_MU_10: doesn't show hand 
*** SUMMARY ***
Total pot $0.04 | Rake $0 
Seat 2: Dorex2007 (button) folded before Flop (didn't bet)
Seat 3: #BNuN€$#36 (small blind) folded before Flop
Seat 4: WR_MU_10 (big blind) collected ($0.04)
Seat 5: david42161 folded before Flop (didn't bet)
Seat 6: WilliamJBF folded before Flop (didn't bet)
Seat 7: seakam folded before Flop (didn't bet)
Seat 9: Golsuorsi folded before Flop (didn't bet)



PokerStars Hand #224432851562:  Hold'em No Limit ($0.01/$0.02 USD) - 2021/03/03 17:08:27 PT [2021/03/03 20:08:27 ET]
Table 'McElroy II' 9-max Seat #3 is the button
Seat 2: Dorex2007 ($2 in chips) 
Seat 3: #BNuN€$#36 ($1.13 in chips) 
Seat 4: WR_MU_10 ($0.49 in chips) 
Seat 5: david42161 ($1.35 in chips) 
Seat 6: WilliamJBF ($4.37 in chips) 
Seat 7: seakam ($3.17 in chips) 
Seat 9: Golsuorsi ($2.10 in chips) 
WR_MU_10: posts small blind $0.01
david42161: posts big blind $0.02
*** HOLE CARDS ***
Dealt to Dorex2007 [Th Ks]
WilliamJBF: folds 
seakam: calls $0.02
Golsuorsi: folds 
Dorex2007: raises $0.04 to $0.06
#BNuN€$#36: folds 
WR_MU_10: folds 
david42161: folds 
seakam: folds 
Uncalled bet ($0.04) returned to Dorex2007
Dorex2007 collected $0.07 from pot
Dorex2007: doesn't show hand 
*** SUMMARY ***
Total pot $0.07 | Rake $0 
Seat 2: Dorex2007 collected ($0.07)
Seat 3: #BNuN€$#36 (button) folded before Flop (didn't bet)
Seat 4: WR_MU_10 (small blind) folded before Flop
Seat 5: david42161 (big blind) folded before Flop
Seat 6: WilliamJBF folded before Flop (didn't bet)
Seat 7: seakam folded before Flop
Seat 9: Golsuorsi folded before Flop (didn't bet)



PokerStars Hand #224432857866:  Hold'em No Limit ($0.01/$0.02 USD) - 2021/03/03 17:08:46 PT [2021/03/03 20:08:46 ET]
Table 'McElroy II' 9-max Seat #4 is the button
Seat 2: Dorex2007 ($2.05 in chips) 
Seat 3: #BNuN€$#36 ($1.13 in chips) 
Seat 4: WR_MU_10 ($0.48 in chips) 
Seat 5: david42161 ($1.33 in chips) 
Seat 6: WilliamJBF ($4.37 in chips) 
Seat 7: seakam ($3.15 in chips) 
Seat 9: Golsuorsi ($2.10 in chips) 
david42161: posts small blind $0.01
WilliamJBF: posts big blind $0.02
*** HOLE CARDS ***
Dealt to Dorex2007 [Jc Qc]
seakam: raises $0.06 to $0.08
Golsuorsi: folds 
Dorex2007: calls $0.08
#BNuN€$#36: folds 
WR_MU_10: folds 
david42161: raises $0.12 to $0.20
WilliamJBF: folds 
seakam: raises $0.30 to $0.50
Dorex2007: folds 
david42161: raises $0.83 to $1.33 and is all-in
seakam: calls $0.83
*** FLOP *** [6h 9d Ah]
*** TURN *** [6h 9d Ah] [7d]
*** RIVER *** [6h 9d Ah 7d] [As]
*** SHOW DOWN ***
david42161: shows [Qd Qs] (two pair, Aces and Queens)
seakam: shows [Kc Ks] (two pair, Aces and Kings)
seakam collected $2.66 from pot
david42161 cashed out the hand for $0.49
*** SUMMARY ***
Total pot $2.76 | Rake $0.10 
Board [6h 9d Ah 7d As]
Seat 2: Dorex2007 folded before Flop
Seat 3: #BNuN€$#36 folded before Flop (didn't bet)
Seat 4: WR_MU_10 (button) folded before Flop (didn't bet)
Seat 5: david42161 (small blind) showed [Qd Qs] and lost with two pair, Aces and Queens (cashed out).
Seat 6: WilliamJBF (big blind) folded before Flop
Seat 7: seakam showed [Kc Ks] and won ($2.66) with two pair, Aces and Kings
Seat 9: Golsuorsi folded before Flop (didn't bet)



PokerStars Hand #224432874621:  Hold'em No Limit ($0.01/$0.02 USD) - 2021/03/03 17:09:35 PT [2021/03/03 20:09:35 ET]
Table 'McElroy II' 9-max Seat #5 is the button
Seat 2: Dorex2007 ($1.97 in chips) 
Seat 3: #BNuN€$#36 ($1.13 in chips) 
Seat 4: WR_MU_10 ($0.48 in chips) 
Seat 5: david42161 ($0.49 in chips) 
Seat 6: WilliamJBF ($4.35 in chips) 
Seat 7: seakam ($4.48 in chips) 
Seat 9: Golsuorsi ($2.10 in chips) 
WilliamJBF: posts small blind $0.01
seakam: posts big blind $0.02
*** HOLE CARDS ***
Dealt to Dorex2007 [3s 5s]
Golsuorsi: raises $0.04 to $0.06
Dorex2007: folds 
#BNuN€$#36: folds 
WR_MU_10: calls $0.06
david42161: raises $0.21 to $0.27
WilliamJBF: folds 
seakam: folds 
Golsuorsi: raises $0.22 to $0.49
WR_MU_10: folds 
david42161: calls $0.22 and is all-in
*** FLOP *** [Tc Kh 6c]
*** TURN *** [Tc Kh 6c] [7s]
*** RIVER *** [Tc Kh 6c 7s] [4h]
*** SHOW DOWN ***
Golsuorsi: shows [As Qh] (high card Ace)
david42161: shows [Jd 9c] (high card King)
Golsuorsi collected $1.03 from pot
*** SUMMARY ***
Total pot $1.07 | Rake $0.04 
Board [Tc Kh 6c 7s 4h]
Seat 2: Dorex2007 folded before Flop (didn't bet)
Seat 3: #BNuN€$#36 folded before Flop (didn't bet)
Seat 4: WR_MU_10 folded before Flop
Seat 5: david42161 (button) showed [Jd 9c] and lost with high card King
Seat 6: WilliamJBF (small blind) folded before Flop
Seat 7: seakam (big blind) folded before Flop
Seat 9: Golsuorsi showed [As Qh] and won ($1.03) with high card Ace



PokerStars Hand #224432887785:  Hold'em No Limit ($0.01/$0.02 USD) - 2021/03/03 17:10:14 PT [2021/03/03 20:10:14 ET]
Table 'McElroy II' 9-max Seat #6 is the button
Seat 2: Dorex2007 ($1.97 in chips) 
Seat 3: #BNuN€$#36 ($1.13 in chips) 
Seat 4: WR_MU_10 ($0.42 in chips) 
Seat 6: WilliamJBF ($4.34 in chips) 
Seat 7: seakam ($4.46 in chips) 
Seat 8: caplincove ($4.75 in chips) 
Seat 9: Golsuorsi ($2.64 in chips) 
seakam: posts small blind $0.01
caplincove: posts big blind $0.02
*** HOLE CARDS ***
Dealt to Dorex2007 [Kd Kh]
Golsuorsi: folds 
Dorex2007: raises $0.04 to $0.06
frosa9397 joins the table at seat #1 
david42161 leaves the table
#BNuN€$#36: calls $0.06
WR_MU_10: folds 
WilliamJBF: folds 
seakam: folds 
caplincove: calls $0.04
*** FLOP *** [4s 9s Tc]
caplincove: checks 
Dorex2007: bets $0.14
#BNuN€$#36: calls $0.14
caplincove: calls $0.14
*** TURN *** [4s 9s Tc] [Ts]
caplincove: bets $0.59
Dorex2007: folds 
JorgeMan joins the table at seat #5 
#BNuN€$#36: calls $0.59
*** RIVER *** [4s 9s Tc Ts] [4h]
caplincove: bets $0.87
#BNuN€$#36: calls $0.34 and is all-in
Uncalled bet ($0.53) returned to caplincove
*** SHOW DOWN ***
caplincove: shows [Js Qs] (a flush, Queen high)
#BNuN€$#36: shows [Th Jc] (a full house, Tens full of Fours)
#BNuN€$#36 collected $2.38 from pot
*** SUMMARY ***
Total pot $2.47 | Rake $0.09 
Board [4s 9s Tc Ts 4h]
Seat 2: Dorex2007 folded on the Turn
Seat 3: #BNuN€$#36 showed [Th Jc] and won ($2.38) with a full house, Tens full of Fours
Seat 4: WR_MU_10 folded before Flop (didn't bet)
Seat 6: WilliamJBF (button) folded before Flop (didn't bet)
Seat 7: seakam (small blind) folded before Flop
Seat 8: caplincove (big blind) showed [Js Qs] and lost with a flush, Queen high
Seat 9: Golsuorsi folded before Flop (didn't bet)



PokerStars Hand #224432908458:  Hold'em No Limit ($0.01/$0.02 USD) - 2021/03/03 17:11:16 PT [2021/03/03 20:11:16 ET]
Table 'McElroy II' 9-max Seat #7 is the button
Seat 1: frosa9397 ($2 in chips) 
Seat 2: Dorex2007 ($1.77 in chips) 
Seat 3: #BNuN€$#36 ($2.38 in chips) 
Seat 4: WR_MU_10 ($0.42 in chips) 
Seat 5: JorgeMan ($2 in chips) 
Seat 6: WilliamJBF ($4.34 in chips) 
Seat 7: seakam ($4.45 in chips) 
Seat 8: caplincove ($3.62 in chips) 
caplincove: posts small blind $0.01
Golsuorsi: is sitting out 
frosa9397: posts big blind $0.02
JorgeMan: posts big blind $0.02
*** HOLE CARDS ***
Dealt to Dorex2007 [Ks Ad]
Golsuorsi leaves the table
Dorex2007: raises $0.04 to $0.06
caplincove said, "nh"
#BNuN€$#36: calls $0.06
WR_MU_10: folds 
JorgeMan: folds 
WilliamJBF: folds 
seakam: calls $0.06
caplincove: folds 
frosa9397: folds 
*** FLOP *** [8h 7c Kh]
Dorex2007: bets $0.17
#BNuN€$#36: folds 
seakam: folds 
Uncalled bet ($0.17) returned to Dorex2007
Dorex2007 collected $0.22 from pot
Dorex2007: doesn't show hand 
*** SUMMARY ***
Total pot $0.23 | Rake $0.01 
Board [8h 7c Kh]
Seat 1: frosa9397 (big blind) folded before Flop
Seat 2: Dorex2007 collected ($0.22)
Seat 3: #BNuN€$#36 folded on the Flop
Seat 4: WR_MU_10 folded before Flop (didn't bet)
Seat 5: JorgeMan folded before Flop (didn't bet)
Seat 6: WilliamJBF folded before Flop (didn't bet)
Seat 7: seakam (button) folded on the Flop
Seat 8: caplincove (small blind) folded before Flop



PokerStars Hand #224432919510:  Hold'em No Limit ($0.01/$0.02 USD) - 2021/03/03 17:11:48 PT [2021/03/03 20:11:48 ET]
Table 'McElroy II' 9-max Seat #8 is the button
Seat 1: frosa9397 ($1.98 in chips) 
Seat 2: Dorex2007 ($1.93 in chips) 
Seat 3: #BNuN€$#36 ($2.32 in chips) 
Seat 4: WR_MU_10 ($0.42 in chips) 
Seat 5: JorgeMan ($1.98 in chips) 
Seat 6: WilliamJBF ($4.34 in chips) 
Seat 7: seakam ($4.39 in chips) 
Seat 8: caplincove ($3.61 in chips) 
frosa9397: posts small blind $0.01
Dorex2007: posts big blind $0.02
*** HOLE CARDS ***
Dealt to Dorex2007 [8d 7c]
caplincove said, "ill get it back"
#BNuN€$#36: folds 
WR_MU_10: folds 
JorgeMan: folds 
WilliamJBF: raises $0.02 to $0.04
seakam: folds 
caplincove: folds 
frosa9397: folds 
Dorex2007: calls $0.02
*** FLOP *** [8h 2d Qd]
Dorex2007: bets $0.05
WilliamJBF: calls $0.05
*** TURN *** [8h 2d Qd] [Td]
Dorex2007: checks 
WilliamJBF: checks 
*** RIVER *** [8h 2d Qd Td] [6d]
Dorex2007: checks 
WilliamJBF: checks 
*** SHOW DOWN ***
Dorex2007: shows [8d 7c] (a flush, Queen high)
WilliamJBF: mucks hand 
Dorex2007 collected $0.18 from pot
*** SUMMARY ***
Total pot $0.19 | Rake $0.01 
Board [8h 2d Qd Td 6d]
Seat 1: frosa9397 (small blind) folded before Flop
Seat 2: Dorex2007 (big blind) showed [8d 7c] and won ($0.18) with a flush, Queen high
Seat 3: #BNuN€$#36 folded before Flop (didn't bet)
Seat 4: WR_MU_10 folded before Flop (didn't bet)
Seat 5: JorgeMan folded before Flop (didn't bet)
Seat 6: WilliamJBF mucked [Qh Ts]
Seat 7: seakam folded before Flop (didn't bet)
Seat 8: caplincove (button) folded before Flop (didn't bet)



PokerStars Hand #224432941844:  Hold'em No Limit ($0.01/$0.02 USD) - 2021/03/03 17:12:55 PT [2021/03/03 20:12:55 ET]
Table 'McElroy II' 9-max Seat #1 is the button
Seat 1: frosa9397 ($1.97 in chips) 
Seat 2: Dorex2007 ($2.02 in chips) 
Seat 3: #BNuN€$#36 ($2.32 in chips) 
Seat 4: WR_MU_10 ($0.42 in chips) 
Seat 5: JorgeMan ($1.98 in chips) 
Seat 6: WilliamJBF ($4.25 in chips) 
Seat 7: seakam ($4.39 in chips) 
Seat 8: caplincove ($3.61 in chips) 
Dorex2007: posts small blind $0.01
DJ.Flench joins the table at seat #9 
#BNuN€$#36: posts big blind $0.02
*** HOLE CARDS ***
Dealt to Dorex2007 [6h 8s]
WR_MU_10: folds 
JorgeMan: folds 
WilliamJBF: folds 
seakam: raises $0.06 to $0.08
caplincove: folds 
frosa9397: folds 
Dorex2007: folds 
#BNuN€$#36: calls $0.06
*** FLOP *** [4h 6d 6s]
#BNuN€$#36: checks 
seakam: bets $0.08
#BNuN€$#36: folds 
Uncalled bet ($0.08) returned to seakam
seakam collected $0.16 from pot
seakam: doesn't show hand 
*** SUMMARY ***
Total pot $0.17 | Rake $0.01 
Board [4h 6d 6s]
Seat 1: frosa9397 (button) folded before Flop (didn't bet)
Seat 2: Dorex2007 (small blind) folded before Flop
Seat 3: #BNuN€$#36 (big blind) folded on the Flop
Seat 4: WR_MU_10 folded before Flop (didn't bet)
Seat 5: JorgeMan folded before Flop (didn't bet)
Seat 6: WilliamJBF folded before Flop (didn't bet)
Seat 7: seakam collected ($0.16)
Seat 8: caplincove folded before Flop (didn't bet)



PokerStars Hand #224432955503:  Hold'em No Limit ($0.01/$0.02 USD) - 2021/03/03 17:13:35 PT [2021/03/03 20:13:35 ET]
Table 'McElroy II' 9-max Seat #2 is the button
Seat 1: frosa9397 ($1.97 in chips) 
Seat 2: Dorex2007 ($2.01 in chips) 
Seat 3: #BNuN€$#36 ($2.24 in chips) 
Seat 4: WR_MU_10 ($0.42 in chips) 
Seat 5: JorgeMan ($1.98 in chips) 
Seat 6: WilliamJBF ($4.25 in chips) 
Seat 7: seakam ($4.47 in chips) 
Seat 8: caplincove ($3.61 in chips) 
#BNuN€$#36: posts small blind $0.01
WR_MU_10: posts big blind $0.02
DJ.Flench: sits out 
*** HOLE CARDS ***
Dealt to Dorex2007 [2c Js]
JorgeMan: folds 
WilliamJBF: folds 
seakam: folds 
caplincove: calls $0.02
frosa9397: folds 
Dorex2007: folds 
#BNuN€$#36: calls $0.01
WR_MU_10: checks 
*** FLOP *** [Kh 5s Qs]
#BNuN€$#36: checks 
WR_MU_10: checks 
caplincove: bets $0.04
#BNuN€$#36: calls $0.04
WR_MU_10: calls $0.04
*** TURN *** [Kh 5s Qs] [4d]
#BNuN€$#36: checks 
WR_MU_10: checks 
caplincove: checks 
*** RIVER *** [Kh 5s Qs 4d] [Qd]
#BNuN€$#36: checks 
WR_MU_10: checks 
caplincove: checks 
*** SHOW DOWN ***
#BNuN€$#36: shows [3h 3d] (two pair, Queens and Threes)
WR_MU_10: mucks hand 
caplincove: shows [Jd Kd] (two pair, Kings and Queens)
caplincove collected $0.17 from pot
*** SUMMARY ***
Total pot $0.18 | Rake $0.01 
Board [Kh 5s Qs 4d Qd]
Seat 1: frosa9397 folded before Flop (didn't bet)
Seat 2: Dorex2007 (button) folded before Flop (didn't bet)
Seat 3: #BNuN€$#36 (small blind) showed [3h 3d] and lost with two pair, Queens and Threes
Seat 4: WR_MU_10 (big blind) mucked [Jh Th]
Seat 5: JorgeMan folded before Flop (didn't bet)
Seat 6: WilliamJBF folded before Flop (didn't bet)
Seat 7: seakam folded before Flop (didn't bet)
Seat 8: caplincove showed [Jd Kd] and won ($0.17) with two pair, Kings and Queens



PokerStars Hand #224432977676:  Hold'em No Limit ($0.01/$0.02 USD) - 2021/03/03 17:14:41 PT [2021/03/03 20:14:41 ET]
Table 'McElroy II' 9-max Seat #3 is the button
Seat 1: frosa9397 ($1.97 in chips) 
Seat 2: Dorex2007 ($2.01 in chips) 
Seat 3: #BNuN€$#36 ($2.18 in chips) 
Seat 4: WR_MU_10 ($0.36 in chips) 
Seat 5: JorgeMan ($1.98 in chips) 
Seat 6: WilliamJBF ($4.25 in chips) 
Seat 7: seakam ($4.47 in chips) 
Seat 8: caplincove ($3.72 in chips) 
WR_MU_10: posts small blind $0.01
JorgeMan: posts big blind $0.02
DJ.Flench: sits out 
*** HOLE CARDS ***
Dealt to Dorex2007 [Ks 4h]
WilliamJBF: raises $0.02 to $0.04
seakam: folds 
caplincove: folds 
frosa9397: folds 
Dorex2007: folds 
#BNuN€$#36: calls $0.04
WR_MU_10: calls $0.03
JorgeMan: folds 
*** FLOP *** [Ad Jc 8s]
WR_MU_10: checks 
WilliamJBF: checks 
#BNuN€$#36: checks 
*** TURN *** [Ad Jc 8s] [Qh]
WR_MU_10: bets $0.07
WilliamJBF: folds 
#BNuN€$#36: folds 
Uncalled bet ($0.07) returned to WR_MU_10
WR_MU_10 collected $0.14 from pot
WR_MU_10: doesn't show hand 
*** SUMMARY ***
Total pot $0.14 | Rake $0 
Board [Ad Jc 8s Qh]
Seat 1: frosa9397 folded before Flop (didn't bet)
Seat 2: Dorex2007 folded before Flop (didn't bet)
Seat 3: #BNuN€$#36 (button) folded on the Turn
Seat 4: WR_MU_10 (small blind) collected ($0.14)
Seat 5: JorgeMan (big blind) folded before Flop
Seat 6: WilliamJBF folded on the Turn
Seat 7: seakam folded before Flop (didn't bet)
Seat 8: caplincove folded before Flop (didn't bet)



PokerStars Hand #224432993629:  Hold'em No Limit ($0.01/$0.02 USD) - 2021/03/03 17:15:28 PT [2021/03/03 20:15:28 ET]
Table 'McElroy II' 9-max Seat #4 is the button
Seat 1: frosa9397 ($1.97 in chips) 
Seat 2: Dorex2007 ($2.01 in chips) 
Seat 3: #BNuN€$#36 ($2.14 in chips) 
Seat 4: WR_MU_10 ($0.46 in chips) 
Seat 5: JorgeMan ($1.96 in chips) 
Seat 6: WilliamJBF ($4.21 in chips) 
Seat 7: seakam ($4.47 in chips) 
Seat 8: caplincove ($3.72 in chips) 
JorgeMan: posts small blind $0.01
WilliamJBF: posts big blind $0.02
DJ.Flench: sits out 
*** HOLE CARDS ***
Dealt to Dorex2007 [Js Qs]
seakam: folds 
caplincove: calls $0.02
frosa9397: folds 
Dorex2007: raises $0.04 to $0.06
#BNuN€$#36: calls $0.06
WR_MU_10: folds 
JorgeMan: folds 
WilliamJBF: folds 
caplincove: calls $0.04
*** FLOP *** [Ah 8s 9d]
caplincove: checks 
Dorex2007: checks 
#BNuN€$#36: checks 
*** TURN *** [Ah 8s 9d] [2h]
caplincove: bets $0.10
Dorex2007: folds 
#BNuN€$#36: folds 
Uncalled bet ($0.10) returned to caplincove
caplincove collected $0.20 from pot
caplincove: doesn't show hand 
*** SUMMARY ***
Total pot $0.21 | Rake $0.01 
Board [Ah 8s 9d 2h]
Seat 1: frosa9397 folded before Flop (didn't bet)
Seat 2: Dorex2007 folded on the Turn
Seat 3: #BNuN€$#36 folded on the Turn
Seat 4: WR_MU_10 (button) folded before Flop (didn't bet)
Seat 5: JorgeMan (small blind) folded before Flop
Seat 6: WilliamJBF (big blind) folded before Flop
Seat 7: seakam folded before Flop (didn't bet)
Seat 8: caplincove collected ($0.20)



PokerStars Hand #224433013812:  Hold'em No Limit ($0.01/$0.02 USD) - 2021/03/03 17:16:27 PT [2021/03/03 20:16:27 ET]
Table 'McElroy II' 9-max Seat #5 is the button
Seat 1: frosa9397 ($1.97 in chips) 
Seat 2: Dorex2007 ($1.95 in chips) 
Seat 3: #BNuN€$#36 ($2.08 in chips) 
Seat 4: WR_MU_10 ($0.46 in chips) 
Seat 5: JorgeMan ($1.95 in chips) 
Seat 6: WilliamJBF ($4.19 in chips) 
Seat 7: seakam ($4.47 in chips) 
Seat 8: caplincove ($3.86 in chips) 
WilliamJBF: posts small blind $0.01
seakam: posts big blind $0.02
DJ.Flench: sits out 
*** HOLE CARDS ***
Dealt to Dorex2007 [8s 2d]
caplincove: folds 
frosa9397: folds 
Dorex2007: folds 
#BNuN€$#36: folds 
WR_MU_10: folds 
JorgeMan: raises $0.04 to $0.06
WilliamJBF: folds 
seakam: calls $0.04
*** FLOP *** [5d Jh Qh]
seakam: checks 
JorgeMan: checks 
*** TURN *** [5d Jh Qh] [3s]
seakam: checks 
JorgeMan: bets $0.13
seakam: folds 
Uncalled bet ($0.13) returned to JorgeMan
JorgeMan collected $0.13 from pot
JorgeMan: doesn't show hand 
*** SUMMARY ***
Total pot $0.13 | Rake $0 
Board [5d Jh Qh 3s]
Seat 1: frosa9397 folded before Flop (didn't bet)
Seat 2: Dorex2007 folded before Flop (didn't bet)
Seat 3: #BNuN€$#36 folded before Flop (didn't bet)
Seat 4: WR_MU_10 folded before Flop (didn't bet)
Seat 5: JorgeMan (button) collected ($0.13)
Seat 6: WilliamJBF (small blind) folded before Flop
Seat 7: seakam (big blind) folded on the Turn
Seat 8: caplincove folded before Flop (didn't bet)



PokerStars Hand #224433033504:  Hold'em No Limit ($0.01/$0.02 USD) - 2021/03/03 17:17:26 PT [2021/03/03 20:17:26 ET]
Table 'McElroy II' 9-max Seat #6 is the button
Seat 1: frosa9397 ($1.97 in chips) 
Seat 2: Dorex2007 ($1.95 in chips) 
Seat 3: #BNuN€$#36 ($2.08 in chips) 
Seat 4: WR_MU_10 ($0.46 in chips) 
Seat 5: JorgeMan ($2.02 in chips) 
Seat 6: WilliamJBF ($4.18 in chips) 
Seat 7: seakam ($4.41 in chips) 
Seat 8: caplincove ($3.86 in chips) 
seakam: posts small blind $0.01
caplincove: posts big blind $0.02
DJ.Flench: sits out 
*** HOLE CARDS ***
Dealt to Dorex2007 [Ad 4c]
frosa9397: folds 
Dorex2007: folds 
#BNuN€$#36: folds 
WR_MU_10: raises $0.06 to $0.08
JorgeMan has timed out
JorgeMan: folds 
WilliamJBF: calls $0.08
seakam: folds 
caplincove: calls $0.06
*** FLOP *** [7d 8d 9h]
caplincove: checks 
WR_MU_10: bets $0.38 and is all-in
WilliamJBF: folds 
caplincove: folds 
Uncalled bet ($0.38) returned to WR_MU_10
WR_MU_10 collected $0.24 from pot
WR_MU_10: doesn't show hand 
*** SUMMARY ***
Total pot $0.25 | Rake $0.01 
Board [7d 8d 9h]
Seat 1: frosa9397 folded before Flop (didn't bet)
Seat 2: Dorex2007 folded before Flop (didn't bet)
Seat 3: #BNuN€$#36 folded before Flop (didn't bet)
Seat 4: WR_MU_10 collected ($0.24)
Seat 5: JorgeMan folded before Flop (didn't bet)
Seat 6: WilliamJBF (button) folded on the Flop
Seat 7: seakam (small blind) folded before Flop
Seat 8: caplincove (big blind) folded on the Flop



PokerStars Hand #224433051561:  Hold'em No Limit ($0.01/$0.02 USD) - 2021/03/03 17:18:19 PT [2021/03/03 20:18:19 ET]
Table 'McElroy II' 9-max Seat #7 is the button
Seat 1: frosa9397 ($1.97 in chips) 
Seat 2: Dorex2007 ($1.95 in chips) 
Seat 3: #BNuN€$#36 ($2.08 in chips) 
Seat 4: WR_MU_10 ($0.62 in chips) 
Seat 5: JorgeMan ($2.02 in chips) 
Seat 6: WilliamJBF ($4.10 in chips) 
Seat 7: seakam ($4.40 in chips) 
Seat 8: caplincove ($3.78 in chips) 
Seat 9: DJ.Flench ($2 in chips) 
caplincove: posts small blind $0.01
DJ.Flench: posts big blind $0.02
*** HOLE CARDS ***
Dealt to Dorex2007 [Js 7s]
frosa9397: raises $0.02 to $0.04
Dorex2007: folds 
#BNuN€$#36: folds 
WR_MU_10: calls $0.04
JorgeMan: folds 
WilliamJBF: calls $0.04
seakam: folds 
caplincove: calls $0.03
DJ.Flench: folds 
*** FLOP *** [5c 5d 6c]
caplincove: checks 
frosa9397: checks 
WR_MU_10: checks 
WilliamJBF: checks 
*** TURN *** [5c 5d 6c] [4d]
caplincove: checks 
frosa9397: checks 
WR_MU_10: checks 
WilliamJBF: checks 
*** RIVER *** [5c 5d 6c 4d] [3d]
caplincove: checks 
frosa9397: checks 
WR_MU_10: checks 
WilliamJBF: bets $0.17
caplincove: folds 
frosa9397: folds 
WR_MU_10: folds 
Uncalled bet ($0.17) returned to WilliamJBF
WilliamJBF collected $0.17 from pot
*** SUMMARY ***
Total pot $0.18 | Rake $0.01 
Board [5c 5d 6c 4d 3d]
Seat 1: frosa9397 folded on the River
Seat 2: Dorex2007 folded before Flop (didn't bet)
Seat 3: #BNuN€$#36 folded before Flop (didn't bet)
Seat 4: WR_MU_10 folded on the River
Seat 5: JorgeMan folded before Flop (didn't bet)
Seat 6: WilliamJBF collected ($0.17)
Seat 7: seakam (button) folded before Flop (didn't bet)
Seat 8: caplincove (small blind) folded on the River
Seat 9: DJ.Flench (big blind) folded before Flop



PokerStars Hand #224433081423:  Hold'em No Limit ($0.01/$0.02 USD) - 2021/03/03 17:19:30 PT [2021/03/03 20:19:30 ET]
Table 'McElroy II' 9-max Seat #8 is the button
Seat 1: frosa9397 ($1.93 in chips) 
Seat 2: Dorex2007 ($1.95 in chips) 
Seat 3: #BNuN€$#36 ($2.08 in chips) 
Seat 4: WR_MU_10 ($0.58 in chips) 
Seat 5: JorgeMan ($2.02 in chips) 
Seat 6: WilliamJBF ($4.23 in chips) 
Seat 7: seakam ($4.40 in chips) 
Seat 8: caplincove ($3.74 in chips) 
Seat 9: DJ.Flench ($2 in chips) 
DJ.Flench: posts small blind $0.01
frosa9397: posts big blind $0.02
*** HOLE CARDS ***
Dealt to Dorex2007 [Kc 3h]
Dorex2007: folds 
#BNuN€$#36: calls $0.02
WR_MU_10: folds 
JorgeMan: folds 
WilliamJBF: folds 
seakam: folds 
caplincove: calls $0.02
DJ.Flench: calls $0.01
frosa9397: checks 
*** FLOP *** [5c 9h 2d]
DJ.Flench: checks 
frosa9397: checks 
#BNuN€$#36: checks 
caplincove: checks 
*** TURN *** [5c 9h 2d] [Qs]
DJ.Flench: checks 
frosa9397: checks 
#BNuN€$#36: checks 
caplincove: checks 
*** RIVER *** [5c 9h 2d Qs] [9c]
DJ.Flench: checks 
frosa9397: checks 
#BNuN€$#36: checks 
caplincove: checks 
*** SHOW DOWN ***
DJ.Flench: shows [Jh 7s] (a pair of Nines)
frosa9397: shows [7h 2h] (two pair, Nines and Deuces)
#BNuN€$#36: mucks hand 
caplincove: mucks hand 
frosa9397 collected $0.08 from pot
*** SUMMARY ***
Total pot $0.08 | Rake $0 
Board [5c 9h 2d Qs 9c]
Seat 1: frosa9397 (big blind) showed [7h 2h] and won ($0.08) with two pair, Nines and Deuces
Seat 2: Dorex2007 folded before Flop (didn't bet)
Seat 3: #BNuN€$#36 mucked [7d 8h]
Seat 4: WR_MU_10 folded before Flop (didn't bet)
Seat 5: JorgeMan folded before Flop (didn't bet)
Seat 6: WilliamJBF folded before Flop (didn't bet)
Seat 7: seakam folded before Flop (didn't bet)
Seat 8: caplincove (button) mucked [Kh 4d]
Seat 9: DJ.Flench (small blind) showed [Jh 7s] and lost with a pair of Nines



PokerStars Hand #224433106969:  Hold'em No Limit ($0.01/$0.02 USD) - 2021/03/03 17:20:46 PT [2021/03/03 20:20:46 ET]
Table 'McElroy II' 9-max Seat #9 is the button
Seat 1: frosa9397 ($1.99 in chips) 
Seat 2: Dorex2007 ($1.95 in chips) 
Seat 3: #BNuN€$#36 ($2.06 in chips) 
Seat 4: WR_MU_10 ($0.58 in chips) 
Seat 5: JorgeMan ($2.02 in chips) 
Seat 6: WilliamJBF ($4.23 in chips) 
Seat 7: seakam ($4.40 in chips) 
Seat 8: caplincove ($3.72 in chips) 
Seat 9: DJ.Flench ($2 in chips) 
frosa9397: posts small blind $0.01
Dorex2007: posts big blind $0.02
*** HOLE CARDS ***
Dealt to Dorex2007 [9d 3s]
#BNuN€$#36: folds 
WR_MU_10: folds 
JorgeMan: raises $0.04 to $0.06
WilliamJBF: calls $0.06
seakam: folds 
caplincove: calls $0.06
DJ.Flench: folds 
frosa9397: folds 
Dorex2007: folds 
*** FLOP *** [2s 9s 5s]
JorgeMan: checks 
WilliamJBF: checks 
caplincove: checks 
*** TURN *** [2s 9s 5s] [Qd]
JorgeMan: bets $0.13
WilliamJBF: calls $0.13
caplincove: folds 
*** RIVER *** [2s 9s 5s Qd] [7s]
JorgeMan: checks 
WilliamJBF: checks 
*** SHOW DOWN ***
JorgeMan: shows [Ad Qs] (a flush, Queen high)
WilliamJBF: mucks hand 
JorgeMan collected $0.45 from pot
*** SUMMARY ***
Total pot $0.47 | Rake $0.02 
Board [2s 9s 5s Qd 7s]
Seat 1: frosa9397 (small blind) folded before Flop
Seat 2: Dorex2007 (big blind) folded before Flop
Seat 3: #BNuN€$#36 folded before Flop (didn't bet)
Seat 4: WR_MU_10 folded before Flop (didn't bet)
Seat 5: JorgeMan showed [Ad Qs] and won ($0.45) with a flush, Queen high
Seat 6: WilliamJBF mucked [Qc Jh]
Seat 7: seakam folded before Flop (didn't bet)
Seat 8: caplincove folded on the Turn
Seat 9: DJ.Flench (button) folded before Flop (didn't bet)



PokerStars Hand #224433126023:  Hold'em No Limit ($0.01/$0.02 USD) - 2021/03/03 17:21:42 PT [2021/03/03 20:21:42 ET]
Table 'McElroy II' 9-max Seat #1 is the button
Seat 1: frosa9397 ($1.98 in chips) 
Seat 2: Dorex2007 ($1.93 in chips) 
Seat 3: #BNuN€$#36 ($2.06 in chips) 
Seat 4: WR_MU_10 ($0.58 in chips) 
Seat 5: JorgeMan ($2.28 in chips) 
Seat 6: WilliamJBF ($4.04 in chips) 
Seat 7: seakam ($4.40 in chips) 
Seat 8: caplincove ($3.66 in chips) 
Seat 9: DJ.Flench ($2 in chips) 
Dorex2007: posts small blind $0.01
#BNuN€$#36: posts big blind $0.02
*** HOLE CARDS ***
Dealt to Dorex2007 [9s 6h]
WR_MU_10: folds 
JorgeMan: folds 
WilliamJBF: folds 
seakam: raises $0.06 to $0.08
caplincove: folds 
DJ.Flench: folds 
frosa9397: folds 
Dorex2007: folds 
#BNuN€$#36: folds 
Uncalled bet ($0.06) returned to seakam
seakam collected $0.05 from pot
seakam: doesn't show hand 
*** SUMMARY ***
Total pot $0.05 | Rake $0 
Seat 1: frosa9397 (button) folded before Flop (didn't bet)
Seat 2: Dorex2007 (small blind) folded before Flop
Seat 3: #BNuN€$#36 (big blind) folded before Flop
Seat 4: WR_MU_10 folded before Flop (didn't bet)
Seat 5: JorgeMan folded before Flop (didn't bet)
Seat 6: WilliamJBF folded before Flop (didn't bet)
Seat 7: seakam collected ($0.05)
Seat 8: caplincove folded before Flop (didn't bet)
Seat 9: DJ.Flench folded before Flop (didn't bet)



PokerStars Hand #224433136663:  Hold'em No Limit ($0.01/$0.02 USD) - 2021/03/03 17:22:13 PT [2021/03/03 20:22:13 ET]
Table 'McElroy II' 9-max Seat #2 is the button
Seat 1: frosa9397 ($1.98 in chips) 
Seat 2: Dorex2007 ($1.92 in chips) 
Seat 3: #BNuN€$#36 ($2.04 in chips) 
Seat 4: WR_MU_10 ($0.58 in chips) 
Seat 5: JorgeMan ($2.28 in chips) 
Seat 6: WilliamJBF ($4.04 in chips) 
Seat 7: seakam ($4.43 in chips) 
Seat 8: caplincove ($3.66 in chips) 
Seat 9: DJ.Flench ($2 in chips) 
#BNuN€$#36: posts small blind $0.01
WR_MU_10: posts big blind $0.02
*** HOLE CARDS ***
Dealt to Dorex2007 [9c 6d]
JorgeMan: folds 
WilliamJBF: folds 
seakam: raises $0.06 to $0.08
caplincove: folds 
DJ.Flench: folds 
frosa9397: folds 
Dorex2007: folds 
#BNuN€$#36: folds 
WR_MU_10: folds 
Uncalled bet ($0.06) returned to seakam
seakam collected $0.05 from pot
seakam: doesn't show hand 
*** SUMMARY ***
Total pot $0.05 | Rake $0 
Seat 1: frosa9397 folded before Flop (didn't bet)
Seat 2: Dorex2007 (button) folded before Flop (didn't bet)
Seat 3: #BNuN€$#36 (small blind) folded before Flop
Seat 4: WR_MU_10 (big blind) folded before Flop
Seat 5: JorgeMan folded before Flop (didn't bet)
Seat 6: WilliamJBF folded before Flop (didn't bet)
Seat 7: seakam collected ($0.05)
Seat 8: caplincove folded before Flop (didn't bet)
Seat 9: DJ.Flench folded before Flop (didn't bet)



PokerStars Hand #224433153254:  Hold'em No Limit ($0.01/$0.02 USD) - 2021/03/03 17:23:03 PT [2021/03/03 20:23:03 ET]
Table 'McElroy II' 9-max Seat #3 is the button
Seat 1: frosa9397 ($1.98 in chips) 
Seat 2: Dorex2007 ($1.92 in chips) 
Seat 3: #BNuN€$#36 ($2.03 in chips) 
Seat 4: WR_MU_10 ($0.56 in chips) 
Seat 5: JorgeMan ($2.28 in chips) 
Seat 6: WilliamJBF ($4.04 in chips) 
Seat 7: seakam ($4.46 in chips) 
Seat 8: caplincove ($3.66 in chips) 
Seat 9: DJ.Flench ($2 in chips) 
WR_MU_10: posts small blind $0.01
JorgeMan: posts big blind $0.02
*** HOLE CARDS ***
Dealt to Dorex2007 [5h 9h]
WilliamJBF: folds 
seakam: folds 
caplincove: calls $0.02
DJ.Flench: folds 
frosa9397: folds 
Dorex2007: folds 
#BNuN€$#36: folds 
WR_MU_10: calls $0.01
JorgeMan: checks 
*** FLOP *** [Jd Td Jc]
WR_MU_10: checks 
JorgeMan: checks 
caplincove: checks 
*** TURN *** [Jd Td Jc] [2d]
WR_MU_10: checks 
JorgeMan: checks 
caplincove: checks 
*** RIVER *** [Jd Td Jc 2d] [8c]
WR_MU_10: checks 
JorgeMan: bets $0.06
caplincove: folds 
WR_MU_10: calls $0.06
*** SHOW DOWN ***
JorgeMan: shows [6c Ts] (two pair, Jacks and Tens)
WR_MU_10: shows [Th 9s] (two pair, Jacks and Tens - Nine kicker)
WR_MU_10 collected $0.17 from pot
*** SUMMARY ***
Total pot $0.18 | Rake $0.01 
Board [Jd Td Jc 2d 8c]
Seat 1: frosa9397 folded before Flop (didn't bet)
Seat 2: Dorex2007 folded before Flop (didn't bet)
Seat 3: #BNuN€$#36 (button) folded before Flop (didn't bet)
Seat 4: WR_MU_10 (small blind) showed [Th 9s] and won ($0.17) with two pair, Jacks and Tens
Seat 5: JorgeMan (big blind) showed [6c Ts] and lost with two pair, Jacks and Tens
Seat 6: WilliamJBF folded before Flop (didn't bet)
Seat 7: seakam folded before Flop (didn't bet)
Seat 8: caplincove folded on the River
Seat 9: DJ.Flench folded before Flop (didn't bet)



PokerStars Hand #224433186059:  Hold'em No Limit ($0.01/$0.02 USD) - 2021/03/03 17:24:32 PT [2021/03/03 20:24:32 ET]
Table 'McElroy II' 9-max Seat #4 is the button
Seat 1: frosa9397 ($1.98 in chips) 
Seat 2: Dorex2007 ($1.92 in chips) 
Seat 3: #BNuN€$#36 ($2.03 in chips) 
Seat 4: WR_MU_10 ($0.65 in chips) 
Seat 5: JorgeMan ($2.20 in chips) 
Seat 6: WilliamJBF ($4.04 in chips) 
Seat 7: seakam ($4.46 in chips) 
Seat 8: caplincove ($3.64 in chips) 
Seat 9: DJ.Flench ($2 in chips) 
JorgeMan: posts small blind $0.01
WilliamJBF: posts big blind $0.02
*** HOLE CARDS ***
Dealt to Dorex2007 [Jc 6s]
seakam: folds 
caplincove: folds 
DJ.Flench: folds 
frosa9397: raises $0.05 to $0.07
Dorex2007: folds 
#BNuN€$#36: folds 
WR_MU_10: folds 
JorgeMan: folds 
WilliamJBF: folds 
Uncalled bet ($0.05) returned to frosa9397
frosa9397 collected $0.05 from pot
frosa9397: doesn't show hand 
*** SUMMARY ***
Total pot $0.05 | Rake $0 
Seat 1: frosa9397 collected ($0.05)
Seat 2: Dorex2007 folded before Flop (didn't bet)
Seat 3: #BNuN€$#36 folded before Flop (didn't bet)
Seat 4: WR_MU_10 (button) folded before Flop (didn't bet)
Seat 5: JorgeMan (small blind) folded before Flop
Seat 6: WilliamJBF (big blind) folded before Flop
Seat 7: seakam folded before Flop (didn't bet)
Seat 8: caplincove folded before Flop (didn't bet)
Seat 9: DJ.Flench folded before Flop (didn't bet)



PokerStars Hand #224433194052:  Hold'em No Limit ($0.01/$0.02 USD) - 2021/03/03 17:24:56 PT [2021/03/03 20:24:56 ET]
Table 'McElroy II' 9-max Seat #5 is the button
Seat 1: frosa9397 ($2.01 in chips) 
Seat 2: Dorex2007 ($1.92 in chips) 
Seat 3: #BNuN€$#36 ($2.03 in chips) 
Seat 4: WR_MU_10 ($0.65 in chips) 
Seat 5: JorgeMan ($2.19 in chips) 
Seat 6: WilliamJBF ($4.02 in chips) 
Seat 7: seakam ($4.46 in chips) 
Seat 8: caplincove ($3.64 in chips) 
Seat 9: DJ.Flench ($2 in chips) 
WilliamJBF: posts small blind $0.01
seakam: posts big blind $0.02
*** HOLE CARDS ***
Dealt to Dorex2007 [Kh 8d]
caplincove: folds 
DJ.Flench: folds 
frosa9397: folds 
Dorex2007: folds 
#BNuN€$#36: folds 
WR_MU_10: folds 
JorgeMan: raises $0.04 to $0.06
WilliamJBF: folds 
seakam: folds 
Uncalled bet ($0.04) returned to JorgeMan
JorgeMan collected $0.05 from pot
JorgeMan: doesn't show hand 
*** SUMMARY ***
Total pot $0.05 | Rake $0 
Seat 1: frosa9397 folded before Flop (didn't bet)
Seat 2: Dorex2007 folded before Flop (didn't bet)
Seat 3: #BNuN€$#36 folded before Flop (didn't bet)
Seat 4: WR_MU_10 folded before Flop (didn't bet)
Seat 5: JorgeMan (button) collected ($0.05)
Seat 6: WilliamJBF (small blind) folded before Flop
Seat 7: seakam (big blind) folded before Flop
Seat 8: caplincove folded before Flop (didn't bet)
Seat 9: DJ.Flench folded before Flop (didn't bet)



PokerStars Hand #224433201288:  Hold'em No Limit ($0.01/$0.02 USD) - 2021/03/03 17:25:18 PT [2021/03/03 20:25:18 ET]
Table 'McElroy II' 9-max Seat #6 is the button
Seat 1: frosa9397 ($2.01 in chips) 
Seat 2: Dorex2007 ($1.92 in chips) 
Seat 3: #BNuN€$#36 ($2.03 in chips) 
Seat 4: WR_MU_10 ($0.65 in chips) 
Seat 5: JorgeMan ($2.22 in chips) 
Seat 6: WilliamJBF ($4.01 in chips) 
Seat 7: seakam ($4.44 in chips) 
Seat 8: caplincove ($3.64 in chips) 
Seat 9: DJ.Flench ($2 in chips) 
seakam: posts small blind $0.01
caplincove: posts big blind $0.02
*** HOLE CARDS ***
Dealt to Dorex2007 [9c Th]
DJ.Flench: folds 
frosa9397: raises $0.05 to $0.07
Dorex2007: folds 
#BNuN€$#36: folds 
WR_MU_10: folds 
JorgeMan: folds 
WilliamJBF: calls $0.07
seakam: folds 
caplincove: folds 
*** FLOP *** [4c 8s Td]
frosa9397: bets $0.08
WilliamJBF: folds 
Uncalled bet ($0.08) returned to frosa9397
frosa9397 collected $0.16 from pot
frosa9397: doesn't show hand 
*** SUMMARY ***
Total pot $0.17 | Rake $0.01 
Board [4c 8s Td]
Seat 1: frosa9397 collected ($0.16)
Seat 2: Dorex2007 folded before Flop (didn't bet)
Seat 3: #BNuN€$#36 folded before Flop (didn't bet)
Seat 4: WR_MU_10 folded before Flop (didn't bet)
Seat 5: JorgeMan folded before Flop (didn't bet)
Seat 6: WilliamJBF (button) folded on the Flop
Seat 7: seakam (small blind) folded before Flop
Seat 8: caplincove (big blind) folded before Flop
Seat 9: DJ.Flench folded before Flop (didn't bet)



PokerStars Hand #224433212802:  Hold'em No Limit ($0.01/$0.02 USD) - 2021/03/03 17:25:53 PT [2021/03/03 20:25:53 ET]
Table 'McElroy II' 9-max Seat #7 is the button
Seat 1: frosa9397 ($2.10 in chips) 
Seat 2: Dorex2007 ($1.92 in chips) 
Seat 3: #BNuN€$#36 ($2.03 in chips) 
Seat 4: WR_MU_10 ($0.65 in chips) 
Seat 5: JorgeMan ($2.22 in chips) 
Seat 6: WilliamJBF ($3.94 in chips) 
Seat 7: seakam ($4.43 in chips) 
Seat 8: caplincove ($3.62 in chips) 
Seat 9: DJ.Flench ($2 in chips) 
caplincove: posts small blind $0.01
DJ.Flench: posts big blind $0.02
*** HOLE CARDS ***
Dealt to Dorex2007 [9c 5s]
frosa9397: folds 
Dorex2007: folds 
#BNuN€$#36: folds 
WR_MU_10: raises $0.06 to $0.08
JorgeMan: calls $0.08
WilliamJBF: calls $0.08
seakam: folds 
caplincove: folds 
DJ.Flench: folds 
*** FLOP *** [2s Ad 4c]
WR_MU_10: bets $0.17
JorgeMan: folds 
WilliamJBF: folds 
Uncalled bet ($0.17) returned to WR_MU_10
WR_MU_10 collected $0.26 from pot
WR_MU_10: doesn't show hand 
*** SUMMARY ***
Total pot $0.27 | Rake $0.01 
Board [2s Ad 4c]
Seat 1: frosa9397 folded before Flop (didn't bet)
Seat 2: Dorex2007 folded before Flop (didn't bet)
Seat 3: #BNuN€$#36 folded before Flop (didn't bet)
Seat 4: WR_MU_10 collected ($0.26)
Seat 5: JorgeMan folded on the Flop
Seat 6: WilliamJBF folded on the Flop
Seat 7: seakam (button) folded before Flop (didn't bet)
Seat 8: caplincove (small blind) folded before Flop
Seat 9: DJ.Flench (big blind) folded before Flop



PokerStars Hand #224433225765:  Hold'em No Limit ($0.01/$0.02 USD) - 2021/03/03 17:26:31 PT [2021/03/03 20:26:31 ET]
Table 'McElroy II' 9-max Seat #8 is the button
Seat 1: frosa9397 ($2.10 in chips) 
Seat 2: Dorex2007 ($1.92 in chips) 
Seat 3: #BNuN€$#36 ($2.03 in chips) 
Seat 4: WR_MU_10 ($0.83 in chips) 
Seat 5: JorgeMan ($2.14 in chips) 
Seat 6: WilliamJBF ($3.86 in chips) 
Seat 7: seakam ($4.43 in chips) 
Seat 8: caplincove ($3.61 in chips) 
Seat 9: DJ.Flench ($2 in chips) 
DJ.Flench: posts small blind $0.01
frosa9397: posts big blind $0.02
*** HOLE CARDS ***
Dealt to Dorex2007 [Th Ts]
Dorex2007: raises $0.04 to $0.06
#BNuN€$#36: calls $0.06
WR_MU_10: folds 
JorgeMan: folds 
JorgeMan leaves the table
WilliamJBF: folds 
seakam: folds 
caplincove: folds 
DJ.Flench: folds 
frosa9397: folds 
*** FLOP *** [7s 3s Kh]
Dorex2007: bets $0.11
#BNuN€$#36: folds 
Uncalled bet ($0.11) returned to Dorex2007
Dorex2007 collected $0.14 from pot
Dorex2007: doesn't show hand 
*** SUMMARY ***
Total pot $0.15 | Rake $0.01 
Board [7s 3s Kh]
Seat 1: frosa9397 (big blind) folded before Flop
Seat 2: Dorex2007 collected ($0.14)
Seat 3: #BNuN€$#36 folded on the Flop
Seat 4: WR_MU_10 folded before Flop (didn't bet)
Seat 5: JorgeMan folded before Flop (didn't bet)
Seat 6: WilliamJBF folded before Flop (didn't bet)
Seat 7: seakam folded before Flop (didn't bet)
Seat 8: caplincove (button) folded before Flop (didn't bet)
Seat 9: DJ.Flench (small blind) folded before Flop



PokerStars Hand #224433239371:  Hold'em No Limit ($0.01/$0.02 USD) - 2021/03/03 17:27:12 PT [2021/03/03 20:27:12 ET]
Table 'McElroy II' 9-max Seat #9 is the button
Seat 1: frosa9397 ($2.08 in chips) 
Seat 2: Dorex2007 ($2 in chips) 
Seat 3: #BNuN€$#36 ($1.97 in chips) 
Seat 4: WR_MU_10 ($0.83 in chips) 
Seat 6: WilliamJBF ($3.86 in chips) 
Seat 7: seakam ($4.43 in chips) 
Seat 8: caplincove ($3.61 in chips) 
Seat 9: DJ.Flench ($2 in chips) 
frosa9397: posts small blind $0.01
Dorex2007: posts big blind $0.02
*** HOLE CARDS ***
Dealt to Dorex2007 [7c Ac]
#BNuN€$#36: raises $0.02 to $0.04
WR_MU_10: folds 
WilliamJBF: folds 
seakam: folds 
caplincove: calls $0.04
nazzak391 joins the table at seat #5 
DJ.Flench: folds 
frosa9397: folds 
Dorex2007: calls $0.02
*** FLOP *** [3s 8c 3d]
Dorex2007: checks 
#BNuN€$#36: bets $0.04
caplincove: calls $0.04
Dorex2007: folds 
*** TURN *** [3s 8c 3d] [Ks]
#BNuN€$#36: bets $0.06
caplincove: calls $0.06
*** RIVER *** [3s 8c 3d Ks] [7s]
#BNuN€$#36: bets $0.08
caplincove: calls $0.08
*** SHOW DOWN ***
#BNuN€$#36: shows [Js Kc] (two pair, Kings and Threes)
caplincove: shows [Kd 8s] (two pair, Kings and Eights)
caplincove collected $0.47 from pot
*** SUMMARY ***
Total pot $0.49 | Rake $0.02 
Board [3s 8c 3d Ks 7s]
Seat 1: frosa9397 (small blind) folded before Flop
Seat 2: Dorex2007 (big blind) folded on the Flop
Seat 3: #BNuN€$#36 showed [Js Kc] and lost with two pair, Kings and Threes
Seat 4: WR_MU_10 folded before Flop (didn't bet)
Seat 6: WilliamJBF folded before Flop (didn't bet)
Seat 7: seakam folded before Flop (didn't bet)
Seat 8: caplincove showed [Kd 8s] and won ($0.47) with two pair, Kings and Eights
Seat 9: DJ.Flench (button) folded before Flop (didn't bet)



PokerStars Hand #224433256534:  Hold'em No Limit ($0.01/$0.02 USD) - 2021/03/03 17:28:04 PT [2021/03/03 20:28:04 ET]
Table 'McElroy II' 9-max Seat #1 is the button
Seat 1: frosa9397 ($2.07 in chips) 
Seat 2: Dorex2007 ($1.96 in chips) 
Seat 3: #BNuN€$#36 ($1.75 in chips) 
Seat 4: WR_MU_10 ($0.83 in chips) 
Seat 5: nazzak391 ($1.60 in chips) 
Seat 6: WilliamJBF ($3.86 in chips) 
Seat 7: seakam ($4.43 in chips) 
Seat 8: caplincove ($3.86 in chips) 
Seat 9: DJ.Flench ($2 in chips) 
Dorex2007: posts small blind $0.01
#BNuN€$#36: posts big blind $0.02
nazzak391: posts big blind $0.02
*** HOLE CARDS ***
Dealt to Dorex2007 [Kd Jc]
WR_MU_10: folds 
nazzak391: checks 
WilliamJBF: folds 
seakam: folds 
caplincove: calls $0.02
DJ.Flench: folds 
frosa9397: folds 
Dorex2007: calls $0.01
#BNuN€$#36: checks 
*** FLOP *** [8c Ad 9c]
Dorex2007: checks 
#BNuN€$#36: checks 
nazzak391: checks 
caplincove: checks 
*** TURN *** [8c Ad 9c] [Qc]
Dorex2007: checks 
#BNuN€$#36: bets $0.04
nazzak391: folds 
caplincove: calls $0.04
Dorex2007: calls $0.04
*** RIVER *** [8c Ad 9c Qc] [7d]
Dorex2007: checks 
#BNuN€$#36: bets $0.06
caplincove: calls $0.06
Dorex2007: folds 
*** SHOW DOWN ***
#BNuN€$#36: shows [Ks As] (a pair of Aces)
caplincove: mucks hand 
#BNuN€$#36 collected $0.31 from pot
*** SUMMARY ***
Total pot $0.32 | Rake $0.01 
Board [8c Ad 9c Qc 7d]
Seat 1: frosa9397 (button) folded before Flop (didn't bet)
Seat 2: Dorex2007 (small blind) folded on the River
Seat 3: #BNuN€$#36 (big blind) showed [Ks As] and won ($0.31) with a pair of Aces
Seat 4: WR_MU_10 folded before Flop (didn't bet)
Seat 5: nazzak391 folded on the Turn (didn't bet)
Seat 6: WilliamJBF folded before Flop (didn't bet)
Seat 7: seakam folded before Flop (didn't bet)
Seat 8: caplincove mucked [Th Qh]
Seat 9: DJ.Flench folded before Flop (didn't bet)



PokerStars Hand #224433293930:  Hold'em No Limit ($0.01/$0.02 USD) - 2021/03/03 17:29:21 PT [2021/03/03 20:29:21 ET]
Table 'McElroy II' 9-max Seat #2 is the button
Seat 1: frosa9397 ($2.07 in chips) 
Seat 2: Dorex2007 ($1.90 in chips) 
Seat 3: #BNuN€$#36 ($1.94 in chips) 
Seat 4: WR_MU_10 ($0.83 in chips) 
Seat 5: nazzak391 ($1.58 in chips) 
Seat 6: WilliamJBF ($3.86 in chips) 
Seat 7: seakam ($4.43 in chips) 
Seat 8: caplincove ($3.74 in chips) 
Seat 9: DJ.Flench ($2 in chips) 
#BNuN€$#36: posts small blind $0.01
WR_MU_10: posts big blind $0.02
*** HOLE CARDS ***
Dealt to Dorex2007 [5s 4c]
nazzak391: folds 
WilliamJBF: raises $0.02 to $0.04
seakam: folds 
caplincove: folds 
DJ.Flench: folds 
frosa9397: folds 
Dorex2007: folds 
#BNuN€$#36: calls $0.03
WR_MU_10: calls $0.02
*** FLOP *** [7c Ts 8h]
#BNuN€$#36: checks 
WR_MU_10: bets $0.06
WilliamJBF: folds 
#BNuN€$#36: calls $0.06
*** TURN *** [7c Ts 8h] [2c]
#BNuN€$#36: checks 
WR_MU_10: bets $0.13
#BNuN€$#36: folds 
Uncalled bet ($0.13) returned to WR_MU_10
WR_MU_10 collected $0.23 from pot
WR_MU_10: doesn't show hand 
*** SUMMARY ***
Total pot $0.24 | Rake $0.01 
Board [7c Ts 8h 2c]
Seat 1: frosa9397 folded before Flop (didn't bet)
Seat 2: Dorex2007 (button) folded before Flop (didn't bet)
Seat 3: #BNuN€$#36 (small blind) folded on the Turn
Seat 4: WR_MU_10 (big blind) collected ($0.23)
Seat 5: nazzak391 folded before Flop (didn't bet)
Seat 6: WilliamJBF folded on the Flop
Seat 7: seakam folded before Flop (didn't bet)
Seat 8: caplincove folded before Flop (didn't bet)
Seat 9: DJ.Flench folded before Flop (didn't bet)



PokerStars Hand #224433317463:  Hold'em No Limit ($0.01/$0.02 USD) - 2021/03/03 17:30:32 PT [2021/03/03 20:30:32 ET]
Table 'McElroy II' 9-max Seat #3 is the button
Seat 1: frosa9397 ($2.07 in chips) 
Seat 2: Dorex2007 ($1.90 in chips) 
Seat 3: #BNuN€$#36 ($1.84 in chips) 
Seat 4: WR_MU_10 ($0.96 in chips) 
Seat 5: nazzak391 ($1.58 in chips) 
Seat 6: WilliamJBF ($3.82 in chips) 
Seat 7: seakam ($4.43 in chips) 
Seat 8: caplincove ($3.74 in chips) 
Seat 9: DJ.Flench ($2 in chips) 
WR_MU_10: posts small blind $0.01
nazzak391: posts big blind $0.02
*** HOLE CARDS ***
Dealt to Dorex2007 [7d Jc]
WilliamJBF: folds 
seakam: folds 
caplincove: calls $0.02
DJ.Flench: folds 
frosa9397: folds 
Dorex2007: folds 
#BNuN€$#36: calls $0.02
WR_MU_10: folds 
nazzak391: checks 
*** FLOP *** [Qd Th 4h]
nazzak391: checks 
caplincove: checks 
#BNuN€$#36: bets $0.04
nazzak391: calls $0.04
caplincove: folds 
*** TURN *** [Qd Th 4h] [As]
nazzak391: checks 
#BNuN€$#36: checks 
*** RIVER *** [Qd Th 4h As] [3d]
nazzak391: checks 
#BNuN€$#36: bets $0.04
nazzak391: calls $0.04
*** SHOW DOWN ***
#BNuN€$#36: shows [8d Qh] (a pair of Queens)
nazzak391: mucks hand 
#BNuN€$#36 collected $0.22 from pot
*** SUMMARY ***
Total pot $0.23 | Rake $0.01 
Board [Qd Th 4h As 3d]
Seat 1: frosa9397 folded before Flop (didn't bet)
Seat 2: Dorex2007 folded before Flop (didn't bet)
Seat 3: #BNuN€$#36 (button) showed [8d Qh] and won ($0.22) with a pair of Queens
Seat 4: WR_MU_10 (small blind) folded before Flop
Seat 5: nazzak391 (big blind) mucked [Tc 7s]
Seat 6: WilliamJBF folded before Flop (didn't bet)
Seat 7: seakam folded before Flop (didn't bet)
Seat 8: caplincove folded on the Flop
Seat 9: DJ.Flench folded before Flop (didn't bet)



PokerStars Hand #224433340668:  Hold'em No Limit ($0.01/$0.02 USD) - 2021/03/03 17:31:35 PT [2021/03/03 20:31:35 ET]
Table 'McElroy II' 9-max Seat #4 is the button
Seat 1: frosa9397 ($2.07 in chips) 
Seat 2: Dorex2007 ($1.90 in chips) 
Seat 3: #BNuN€$#36 ($1.96 in chips) 
Seat 4: WR_MU_10 ($0.95 in chips) 
Seat 5: nazzak391 ($1.48 in chips) 
Seat 6: WilliamJBF ($3.82 in chips) 
Seat 7: seakam ($4.43 in chips) 
Seat 8: caplincove ($3.72 in chips) 
Seat 9: DJ.Flench ($2 in chips) 
nazzak391: posts small blind $0.01
WilliamJBF: posts big blind $0.02
*** HOLE CARDS ***
Dealt to Dorex2007 [3c Qc]
seakam: folds 
caplincove: calls $0.02
DJ.Flench: folds 
frosa9397: folds 
Dorex2007: folds 
#BNuN€$#36: folds 
WR_MU_10: calls $0.02
nazzak391: calls $0.01
WilliamJBF: checks 
*** FLOP *** [9s 2s 7d]
nazzak391: checks 
WilliamJBF: checks 
caplincove: checks 
WR_MU_10: checks 
*** TURN *** [9s 2s 7d] [5s]
nazzak391: checks 
WilliamJBF: checks 
caplincove: checks 
WR_MU_10: checks 
*** RIVER *** [9s 2s 7d 5s] [7h]
nazzak391: checks 
WilliamJBF: checks 
caplincove: checks 
WR_MU_10: checks 
*** SHOW DOWN ***
nazzak391: shows [Jd 9d] (two pair, Nines and Sevens)
WilliamJBF: mucks hand 
caplincove: mucks hand 
WR_MU_10: mucks hand 
nazzak391 collected $0.08 from pot
*** SUMMARY ***
Total pot $0.08 | Rake $0 
Board [9s 2s 7d 5s 7h]
Seat 1: frosa9397 folded before Flop (didn't bet)
Seat 2: Dorex2007 folded before Flop (didn't bet)
Seat 3: #BNuN€$#36 folded before Flop (didn't bet)
Seat 4: WR_MU_10 (button) mucked [2d Qd]
Seat 5: nazzak391 (small blind) showed [Jd 9d] and won ($0.08) with two pair, Nines and Sevens
Seat 6: WilliamJBF (big blind) mucked [Jc Ks]
Seat 7: seakam folded before Flop (didn't bet)
Seat 8: caplincove mucked [6d Kc]
Seat 9: DJ.Flench folded before Flop (didn't bet)



PokerStars Hand #224433371152:  Hold'em No Limit ($0.01/$0.02 USD) - 2021/03/03 17:32:51 PT [2021/03/03 20:32:51 ET]
Table 'McElroy II' 9-max Seat #5 is the button
Seat 1: frosa9397 ($2.07 in chips) 
Seat 2: Dorex2007 ($1.90 in chips) 
Seat 3: #BNuN€$#36 ($1.96 in chips) 
Seat 4: WR_MU_10 ($0.93 in chips) 
Seat 5: nazzak391 ($1.54 in chips) 
Seat 6: WilliamJBF ($3.80 in chips) 
Seat 7: seakam ($4.43 in chips) 
Seat 8: caplincove ($3.70 in chips) 
Seat 9: DJ.Flench ($2 in chips) 
WilliamJBF: posts small blind $0.01
seakam: posts big blind $0.02
*** HOLE CARDS ***
Dealt to Dorex2007 [Kd 8s]
caplincove has timed out
caplincove: folds 
DJ.Flench: folds 
frosa9397: folds 
Dorex2007: folds 
#BNuN€$#36: calls $0.02
WR_MU_10: folds 
WR_MU_10 leaves the table
nazzak391: folds 
WilliamJBF: calls $0.01
seakam: checks 
*** FLOP *** [Js 5c 2s]
WilliamJBF: checks 
seakam: bets $0.03
Hij@delPOKER joins the table at seat #4 
#BNuN€$#36: folds 
WilliamJBF: folds 
Uncalled bet ($0.03) returned to seakam
seakam collected $0.06 from pot
seakam: doesn't show hand 
*** SUMMARY ***
Total pot $0.06 | Rake $0 
Board [Js 5c 2s]
Seat 1: frosa9397 folded before Flop (didn't bet)
Seat 2: Dorex2007 folded before Flop (didn't bet)
Seat 3: #BNuN€$#36 folded on the Flop
Seat 4: WR_MU_10 folded before Flop (didn't bet)
Seat 5: nazzak391 (button) folded before Flop (didn't bet)
Seat 6: WilliamJBF (small blind) folded on the Flop
Seat 7: seakam (big blind) collected ($0.06)
Seat 8: caplincove folded before Flop (didn't bet)
Seat 9: DJ.Flench folded before Flop (didn't bet)



PokerStars Hand #224433390567:  Hold'em No Limit ($0.01/$0.02 USD) - 2021/03/03 17:33:51 PT [2021/03/03 20:33:51 ET]
Table 'McElroy II' 9-max Seat #6 is the button
Seat 1: frosa9397 ($2.07 in chips) 
Seat 2: Dorex2007 ($1.90 in chips) 
Seat 3: #BNuN€$#36 ($1.94 in chips) 
Seat 5: nazzak391 ($1.54 in chips) 
Seat 6: WilliamJBF ($3.78 in chips) 
Seat 7: seakam ($4.47 in chips) 
Seat 8: caplincove ($3.70 in chips) 
Seat 9: DJ.Flench ($2 in chips) 
seakam: posts small blind $0.01
caplincove: posts big blind $0.02
Hij@delPOKER: sits out 
*** HOLE CARDS ***
Dealt to Dorex2007 [9h Js]
DJ.Flench: folds 
frosa9397: raises $0.05 to $0.07
Dorex2007: folds 
#BNuN€$#36: folds 
nazzak391: calls $0.07
WilliamJBF: folds 
seakam: folds 
caplincove: calls $0.05
*** FLOP *** [2h 7s 6s]
caplincove: checks 
frosa9397: bets $0.12
nazzak391: folds 
caplincove: folds 
Uncalled bet ($0.12) returned to frosa9397
frosa9397 collected $0.21 from pot
frosa9397: doesn't show hand 
*** SUMMARY ***
Total pot $0.22 | Rake $0.01 
Board [2h 7s 6s]
Seat 1: frosa9397 collected ($0.21)
Seat 2: Dorex2007 folded before Flop (didn't bet)
Seat 3: #BNuN€$#36 folded before Flop (didn't bet)
Seat 5: nazzak391 folded on the Flop
Seat 6: WilliamJBF (button) folded before Flop (didn't bet)
Seat 7: seakam (small blind) folded before Flop
Seat 8: caplincove (big blind) folded on the Flop
Seat 9: DJ.Flench folded before Flop (didn't bet)



PokerStars Hand #224433404307:  Hold'em No Limit ($0.01/$0.02 USD) - 2021/03/03 17:34:33 PT [2021/03/03 20:34:33 ET]
Table 'McElroy II' 9-max Seat #7 is the button
Seat 1: frosa9397 ($2.21 in chips) 
Seat 2: Dorex2007 ($1.90 in chips) 
Seat 3: #BNuN€$#36 ($1.94 in chips) 
Seat 5: nazzak391 ($1.47 in chips) 
Seat 6: WilliamJBF ($3.78 in chips) 
Seat 7: seakam ($4.46 in chips) 
Seat 8: caplincove ($3.63 in chips) 
Seat 9: DJ.Flench ($2 in chips) 
caplincove: posts small blind $0.01
DJ.Flench: posts big blind $0.02
Hij@delPOKER: sits out 
*** HOLE CARDS ***
Dealt to Dorex2007 [9s 2s]
frosa9397: folds 
Dorex2007: folds 
#BNuN€$#36: folds 
nazzak391: calls $0.02
WilliamJBF: raises $0.02 to $0.04
seakam: folds 
caplincove: raises $0.04 to $0.08
DJ.Flench: folds 
nazzak391: calls $0.06
WilliamJBF: calls $0.04
*** FLOP *** [2h 8d Jh]
caplincove: checks 
nazzak391: checks 
WilliamJBF: checks 
*** TURN *** [2h 8d Jh] [Jd]
caplincove: checks 
nazzak391: checks 
WilliamJBF: bets $0.13
caplincove: folds 
nazzak391: calls $0.13
*** RIVER *** [2h 8d Jh Jd] [Qc]
nazzak391: checks 
WilliamJBF: checks 
*** SHOW DOWN ***
nazzak391: shows [3h Ah] (a pair of Jacks)
WilliamJBF: shows [Tc 8c] (two pair, Jacks and Eights)
WilliamJBF collected $0.50 from pot
*** SUMMARY ***
Total pot $0.52 | Rake $0.02 
Board [2h 8d Jh Jd Qc]
Seat 1: frosa9397 folded before Flop (didn't bet)
Seat 2: Dorex2007 folded before Flop (didn't bet)
Seat 3: #BNuN€$#36 folded before Flop (didn't bet)
Seat 5: nazzak391 showed [3h Ah] and lost with a pair of Jacks
Seat 6: WilliamJBF showed [Tc 8c] and won ($0.50) with two pair, Jacks and Eights
Seat 7: seakam (button) folded before Flop (didn't bet)
Seat 8: caplincove (small blind) folded on the Turn
Seat 9: DJ.Flench (big blind) folded before Flop



PokerStars Hand #224433433761:  Hold'em No Limit ($0.01/$0.02 USD) - 2021/03/03 17:35:37 PT [2021/03/03 20:35:37 ET]
Table 'McElroy II' 9-max Seat #8 is the button
Seat 1: frosa9397 ($2.21 in chips) 
Seat 2: Dorex2007 ($1.90 in chips) 
Seat 3: #BNuN€$#36 ($1.94 in chips) 
Seat 5: nazzak391 ($1.26 in chips) 
Seat 6: WilliamJBF ($4.07 in chips) 
Seat 7: seakam ($4.46 in chips) 
Seat 8: caplincove ($3.55 in chips) 
Seat 9: DJ.Flench ($2 in chips) 
DJ.Flench: posts small blind $0.01
frosa9397: posts big blind $0.02
Hij@delPOKER: sits out 
*** HOLE CARDS ***
Dealt to Dorex2007 [9d Ks]
Dorex2007: folds 
#BNuN€$#36: raises $0.02 to $0.04
nazzak391: folds 
nazzak391 leaves the table
WilliamJBF: calls $0.04
seakam: folds 
caplincove: folds 
DJ.Flench: folds 
frosa9397: folds 
*** FLOP *** [9h 2h Qc]
#BNuN€$#36: bets $0.10
WilliamJBF: folds 
Uncalled bet ($0.10) returned to #BNuN€$#36
#BNuN€$#36 collected $0.11 from pot
#BNuN€$#36: doesn't show hand 
*** SUMMARY ***
Total pot $0.11 | Rake $0 
Board [9h 2h Qc]
Seat 1: frosa9397 (big blind) folded before Flop
Seat 2: Dorex2007 folded before Flop (didn't bet)
Seat 3: #BNuN€$#36 collected ($0.11)
Seat 5: nazzak391 folded before Flop (didn't bet)
Seat 6: WilliamJBF folded on the Flop
Seat 7: seakam folded before Flop (didn't bet)
Seat 8: caplincove (button) folded before Flop (didn't bet)
Seat 9: DJ.Flench (small blind) folded before Flop



PokerStars Hand #224433445832:  Hold'em No Limit ($0.01/$0.02 USD) - 2021/03/03 17:36:14 PT [2021/03/03 20:36:14 ET]
Table 'McElroy II' 9-max Seat #9 is the button
Seat 1: frosa9397 ($2.19 in chips) 
Seat 2: Dorex2007 ($1.90 in chips) 
Seat 3: #BNuN€$#36 ($2.01 in chips) 
Seat 6: WilliamJBF ($4.03 in chips) 
Seat 7: seakam ($4.46 in chips) 
Seat 8: caplincove ($3.55 in chips) 
Seat 9: DJ.Flench ($2 in chips) 
frosa9397: posts small blind $0.01
Dorex2007: posts big blind $0.02
Hij@delPOKER: sits out 
*** HOLE CARDS ***
Dealt to Dorex2007 [7d 9c]
#BNuN€$#36: calls $0.02
WilliamJBF: folds 
seakam: folds 
caplincove has timed out
caplincove: folds 
DJ.Flench: folds 
arravalero joins the table at seat #5 
frosa9397: calls $0.01
Dorex2007: checks 
*** FLOP *** [2h Kh Ad]
frosa9397: bets $0.04
Dorex2007: folds 
#BNuN€$#36: calls $0.04
*** TURN *** [2h Kh Ad] [3c]
frosa9397: bets $0.07
#BNuN€$#36: calls $0.07
*** RIVER *** [2h Kh Ad 3c] [9s]
frosa9397: checks 
#BNuN€$#36: checks 
*** SHOW DOWN ***
frosa9397: shows [9h 6h] (a pair of Nines)
#BNuN€$#36: shows [As Th] (a pair of Aces)
#BNuN€$#36 collected $0.27 from pot
*** SUMMARY ***
Total pot $0.28 | Rake $0.01 
Board [2h Kh Ad 3c 9s]
Seat 1: frosa9397 (small blind) showed [9h 6h] and lost with a pair of Nines
Seat 2: Dorex2007 (big blind) folded on the Flop
Seat 3: #BNuN€$#36 showed [As Th] and won ($0.27) with a pair of Aces
Seat 6: WilliamJBF folded before Flop (didn't bet)
Seat 7: seakam folded before Flop (didn't bet)
Seat 8: caplincove folded before Flop (didn't bet)
Seat 9: DJ.Flench (button) folded before Flop (didn't bet)



PokerStars Hand #224433465360:  Hold'em No Limit ($0.01/$0.02 USD) - 2021/03/03 17:37:14 PT [2021/03/03 20:37:14 ET]
Table 'McElroy II' 9-max Seat #1 is the button
Seat 1: frosa9397 ($2.06 in chips) 
Seat 2: Dorex2007 ($1.88 in chips) 
Seat 3: #BNuN€$#36 ($2.15 in chips) 
Seat 6: WilliamJBF ($4.03 in chips) 
Seat 7: seakam ($4.46 in chips) 
Seat 9: DJ.Flench ($2 in chips) 
Dorex2007: posts small blind $0.01
#BNuN€$#36: posts big blind $0.02
Hij@delPOKER: sits out 
arravalero: sits out 
*** HOLE CARDS ***
Dealt to Dorex2007 [5s Jd]
WilliamJBF: folds 
seakam: folds 
DJ.Flench: folds 
frosa9397: folds 
Dorex2007: folds 
Uncalled bet ($0.01) returned to #BNuN€$#36
#BNuN€$#36 collected $0.02 from pot
#BNuN€$#36: doesn't show hand 
*** SUMMARY ***
Total pot $0.02 | Rake $0 
Seat 1: frosa9397 (button) folded before Flop (didn't bet)
Seat 2: Dorex2007 (small blind) folded before Flop
Seat 3: #BNuN€$#36 (big blind) collected ($0.02)
Seat 6: WilliamJBF folded before Flop (didn't bet)
Seat 7: seakam folded before Flop (didn't bet)
Seat 9: DJ.Flench folded before Flop (didn't bet)



PokerStars Hand #224433472069:  Hold'em No Limit ($0.01/$0.02 USD) - 2021/03/03 17:37:35 PT [2021/03/03 20:37:35 ET]
Table 'McElroy II' 9-max Seat #2 is the button
Seat 1: frosa9397 ($2.06 in chips) 
Seat 2: Dorex2007 ($1.87 in chips) 
Seat 3: #BNuN€$#36 ($2.16 in chips) 
Seat 4: Hij@delPOKER ($2 in chips) 
Seat 6: WilliamJBF ($4.03 in chips) 
Seat 7: seakam ($4.46 in chips) 
Seat 8: caplincove ($3.55 in chips) 
Seat 9: DJ.Flench ($2 in chips) 
#BNuN€$#36: posts small blind $0.01
Hij@delPOKER: posts big blind $0.02
arravalero: sits out 
*** HOLE CARDS ***
Dealt to Dorex2007 [Kd 8s]
WilliamJBF: raises $0.02 to $0.04
seakam: folds 
caplincove: calls $0.04
DJ.Flench: calls $0.04
frosa9397: folds 
Dorex2007: folds 
#BNuN€$#36: folds 
Hij@delPOKER: folds 
*** FLOP *** [As 6c Kh]
WilliamJBF: checks 
caplincove: checks 
DJ.Flench: bets $0.10
WilliamJBF: calls $0.10
caplincove: folds 
*** TURN *** [As 6c Kh] [5s]
WilliamJBF: checks 
DJ.Flench: bets $0.24
WilliamJBF: folds 
Uncalled bet ($0.24) returned to DJ.Flench
WilliamJBF leaves the table
DJ.Flench collected $0.34 from pot
DJ.Flench: doesn't show hand 
*** SUMMARY ***
Total pot $0.35 | Rake $0.01 
Board [As 6c Kh 5s]
Seat 1: frosa9397 folded before Flop (didn't bet)
Seat 2: Dorex2007 (button) folded before Flop (didn't bet)
Seat 3: #BNuN€$#36 (small blind) folded before Flop
Seat 4: Hij@delPOKER (big blind) folded before Flop
Seat 6: WilliamJBF folded on the Turn
Seat 7: seakam folded before Flop (didn't bet)
Seat 8: caplincove folded on the Flop
Seat 9: DJ.Flench collected ($0.34)



PokerStars Hand #224433494223:  Hold'em No Limit ($0.01/$0.02 USD) - 2021/03/03 17:38:43 PT [2021/03/03 20:38:43 ET]
Table 'McElroy II' 9-max Seat #3 is the button
Seat 1: frosa9397 ($2.06 in chips) 
Seat 2: Dorex2007 ($1.87 in chips) 
Seat 3: #BNuN€$#36 ($2.15 in chips) 
Seat 4: Hij@delPOKER ($2 in chips) 
Seat 5: arravalero ($2 in chips) 
Seat 7: seakam ($4.46 in chips) 
Seat 8: caplincove ($3.51 in chips) 
Seat 9: DJ.Flench ($2.20 in chips) 
Hij@delPOKER: posts small blind $0.01
arravalero: posts big blind $0.02
*** HOLE CARDS ***
Dealt to Dorex2007 [8h Kh]
seakam: folds 
caplincove: calls $0.02
DJ.Flench: folds 
frosa9397: folds 
Dorex2007: calls $0.02
#BNuN€$#36: calls $0.02
Hij@delPOKER: folds 
arravalero: checks 
*** FLOP *** [6c 7c 7s]
arravalero: checks 
caplincove: checks 
Dorex2007: checks 
#BNuN€$#36: checks 
*** TURN *** [6c 7c 7s] [2c]
arravalero: checks 
caplincove: checks 
Dorex2007: checks 
#BNuN€$#36: bets $0.06
arravalero: folds 
caplincove: calls $0.06
Dorex2007: folds 
*** RIVER *** [6c 7c 7s 2c] [8c]
conej joins the table at seat #6 
caplincove: checks 
#BNuN€$#36: checks 
*** SHOW DOWN ***
caplincove: shows [6h Th] (two pair, Sevens and Sixes)
#BNuN€$#36: shows [Kd 7h] (three of a kind, Sevens)
#BNuN€$#36 collected $0.20 from pot
*** SUMMARY ***
Total pot $0.21 | Rake $0.01 
Board [6c 7c 7s 2c 8c]
Seat 1: frosa9397 folded before Flop (didn't bet)
Seat 2: Dorex2007 folded on the Turn
Seat 3: #BNuN€$#36 (button) showed [Kd 7h] and won ($0.20) with three of a kind, Sevens
Seat 4: Hij@delPOKER (small blind) folded before Flop
Seat 5: arravalero (big blind) folded on the Turn
Seat 7: seakam folded before Flop (didn't bet)
Seat 8: caplincove showed [6h Th] and lost with two pair, Sevens and Sixes
Seat 9: DJ.Flench folded before Flop (didn't bet)



PokerStars Hand #224433518068:  Hold'em No Limit ($0.01/$0.02 USD) - 2021/03/03 17:39:58 PT [2021/03/03 20:39:58 ET]
Table 'McElroy II' 9-max Seat #4 is the button
Seat 1: frosa9397 ($2.06 in chips) 
Seat 2: Dorex2007 ($1.85 in chips) 
Seat 3: #BNuN€$#36 ($2.27 in chips) 
Seat 4: Hij@delPOKER ($2 in chips) 
Seat 5: arravalero ($1.98 in chips) 
Seat 6: conej ($2 in chips) 
Seat 7: seakam ($4.46 in chips) 
Seat 8: caplincove ($3.43 in chips) 
Seat 9: DJ.Flench ($2.20 in chips) 
arravalero: posts small blind $0.01
conej: posts big blind $0.02
*** HOLE CARDS ***
Dealt to Dorex2007 [6s 8h]
seakam: folds 
caplincove: folds 
DJ.Flench: folds 
frosa9397: calls $0.02
Dorex2007: folds 
#BNuN€$#36: folds 
Hij@delPOKER: raises $0.10 to $0.12
arravalero: folds 
conej: folds 
frosa9397: folds 
Uncalled bet ($0.10) returned to Hij@delPOKER
Hij@delPOKER collected $0.07 from pot
Hij@delPOKER: doesn't show hand 
*** SUMMARY ***
Total pot $0.07 | Rake $0 
Seat 1: frosa9397 folded before Flop
Seat 2: Dorex2007 folded before Flop (didn't bet)
Seat 3: #BNuN€$#36 folded before Flop (didn't bet)
Seat 4: Hij@delPOKER (button) collected ($0.07)
Seat 5: arravalero (small blind) folded before Flop
Seat 6: conej (big blind) folded before Flop
Seat 7: seakam folded before Flop (didn't bet)
Seat 8: caplincove folded before Flop (didn't bet)
Seat 9: DJ.Flench folded before Flop (didn't bet)



PokerStars Hand #224433529527:  Hold'em No Limit ($0.01/$0.02 USD) - 2021/03/03 17:40:34 PT [2021/03/03 20:40:34 ET]
Table 'McElroy II' 9-max Seat #5 is the button
Seat 1: frosa9397 ($2.04 in chips) 
Seat 2: Dorex2007 ($1.85 in chips) 
Seat 3: #BNuN€$#36 ($2.27 in chips) 
Seat 4: Hij@delPOKER ($2.05 in chips) 
Seat 5: arravalero ($1.97 in chips) 
Seat 6: conej ($1.98 in chips) 
Seat 7: seakam ($4.46 in chips) 
Seat 8: caplincove ($3.43 in chips) 
Seat 9: DJ.Flench ($2.20 in chips) 
conej: posts small blind $0.01
seakam: posts big blind $0.02
*** HOLE CARDS ***
Dealt to Dorex2007 [7d 8s]
caplincove: folds 
DJ.Flench: folds 
frosa9397: folds 
Dorex2007: folds 
#BNuN€$#36: calls $0.02
Hij@delPOKER: folds 
arravalero: calls $0.02
conej: raises $0.08 to $0.10
seakam: folds 
#BNuN€$#36: folds 
arravalero: folds 
Uncalled bet ($0.08) returned to conej
conej collected $0.08 from pot
conej: doesn't show hand 
*** SUMMARY ***
Total pot $0.08 | Rake $0 
Seat 1: frosa9397 folded before Flop (didn't bet)
Seat 2: Dorex2007 folded before Flop (didn't bet)
Seat 3: #BNuN€$#36 folded before Flop
Seat 4: Hij@delPOKER folded before Flop (didn't bet)
Seat 5: arravalero (button) folded before Flop
Seat 6: conej (small blind) collected ($0.08)
Seat 7: seakam (big blind) folded before Flop
Seat 8: caplincove folded before Flop (didn't bet)
Seat 9: DJ.Flench folded before Flop (didn't bet)



PokerStars Hand #224433547917:  Hold'em No Limit ($0.01/$0.02 USD) - 2021/03/03 17:41:19 PT [2021/03/03 20:41:19 ET]
Table 'McElroy II' 9-max Seat #6 is the button
Seat 1: frosa9397 ($2.04 in chips) 
Seat 2: Dorex2007 ($1.85 in chips) 
Seat 3: #BNuN€$#36 ($2.25 in chips) 
Seat 4: Hij@delPOKER ($2.05 in chips) 
Seat 5: arravalero ($1.95 in chips) 
Seat 6: conej ($2.04 in chips) 
Seat 7: seakam ($4.44 in chips) 
Seat 8: caplincove ($3.43 in chips) 
Seat 9: DJ.Flench ($2.20 in chips) 
seakam: posts small blind $0.01
caplincove: posts big blind $0.02
*** HOLE CARDS ***
Dealt to Dorex2007 [7s Ac]
DJ.Flench: raises $0.03 to $0.05
frosa9397: folds 
Dorex2007: folds 
#BNuN€$#36: calls $0.05
Hij@delPOKER: folds 
arravalero: folds 
conej: folds 
seakam: folds 
caplincove: calls $0.03
*** FLOP *** [2c Kd 7d]
caplincove: checks 
DJ.Flench: bets $0.07
#BNuN€$#36: folds 
caplincove: folds 
Uncalled bet ($0.07) returned to DJ.Flench
DJ.Flench collected $0.15 from pot
DJ.Flench: doesn't show hand 
*** SUMMARY ***
Total pot $0.16 | Rake $0.01 
Board [2c Kd 7d]
Seat 1: frosa9397 folded before Flop (didn't bet)
Seat 2: Dorex2007 folded before Flop (didn't bet)
Seat 3: #BNuN€$#36 folded on the Flop
Seat 4: Hij@delPOKER folded before Flop (didn't bet)
Seat 5: arravalero folded before Flop (didn't bet)
Seat 6: conej (button) folded before Flop (didn't bet)
Seat 7: seakam (small blind) folded before Flop
Seat 8: caplincove (big blind) folded on the Flop
Seat 9: DJ.Flench collected ($0.15)



PokerStars Hand #224433565170:  Hold'em No Limit ($0.01/$0.02 USD) - 2021/03/03 17:42:13 PT [2021/03/03 20:42:13 ET]
Table 'McElroy II' 9-max Seat #7 is the button
Seat 1: frosa9397 ($2.04 in chips) 
Seat 2: Dorex2007 ($1.85 in chips) 
Seat 3: #BNuN€$#36 ($2.20 in chips) 
Seat 4: Hij@delPOKER ($2.05 in chips) 
Seat 5: arravalero ($1.95 in chips) 
Seat 6: conej ($2.04 in chips) 
Seat 7: seakam ($4.43 in chips) 
Seat 8: caplincove ($3.38 in chips) 
Seat 9: DJ.Flench ($2.30 in chips) 
caplincove: posts small blind $0.01
DJ.Flench: posts big blind $0.02
*** HOLE CARDS ***
Dealt to Dorex2007 [4c As]
frosa9397: folds 
Dorex2007: folds 
#BNuN€$#36: folds 
Hij@delPOKER: folds 
arravalero: folds 
conej: folds 
seakam: raises $0.06 to $0.08
caplincove: folds 
DJ.Flench: calls $0.06
*** FLOP *** [Tc 4h 4d]
DJ.Flench: checks 
seakam: checks 
*** TURN *** [Tc 4h 4d] [7d]
DJ.Flench: bets $0.11
seakam: calls $0.11
*** RIVER *** [Tc 4h 4d 7d] [7c]
DJ.Flench: checks 
seakam: checks 
*** SHOW DOWN ***
DJ.Flench: shows [Ah Ts] (two pair, Tens and Sevens)
seakam: mucks hand 
DJ.Flench collected $0.38 from pot
*** SUMMARY ***
Total pot $0.39 | Rake $0.01 
Board [Tc 4h 4d 7d 7c]
Seat 1: frosa9397 folded before Flop (didn't bet)
Seat 2: Dorex2007 folded before Flop (didn't bet)
Seat 3: #BNuN€$#36 folded before Flop (didn't bet)
Seat 4: Hij@delPOKER folded before Flop (didn't bet)
Seat 5: arravalero folded before Flop (didn't bet)
Seat 6: conej folded before Flop (didn't bet)
Seat 7: seakam (button) mucked [3d Ad]
Seat 8: caplincove (small blind) folded before Flop
Seat 9: DJ.Flench (big blind) showed [Ah Ts] and won ($0.38) with two pair, Tens and Sevens



PokerStars Hand #224433580092:  Hold'em No Limit ($0.01/$0.02 USD) - 2021/03/03 17:43:00 PT [2021/03/03 20:43:00 ET]
Table 'McElroy II' 9-max Seat #8 is the button
Seat 1: frosa9397 ($2.04 in chips) 
Seat 2: Dorex2007 ($1.85 in chips) 
Seat 3: #BNuN€$#36 ($2.20 in chips) 
Seat 4: Hij@delPOKER ($2.05 in chips) 
Seat 5: arravalero ($1.95 in chips) 
Seat 6: conej ($2.04 in chips) 
Seat 7: seakam ($4.24 in chips) 
Seat 8: caplincove ($3.37 in chips) 
Seat 9: DJ.Flench ($2.49 in chips) 
DJ.Flench: posts small blind $0.01
frosa9397: posts big blind $0.02
*** HOLE CARDS ***
Dealt to Dorex2007 [Jd 8c]
Dorex2007: folds 
#BNuN€$#36: calls $0.02
Hij@delPOKER: calls $0.02
arravalero has timed out
arravalero: folds 
conej: raises $0.10 to $0.12
seakam: folds 
caplincove: folds 
DJ.Flench: folds 
frosa9397: folds 
#BNuN€$#36: folds 
Hij@delPOKER: folds 
Uncalled bet ($0.10) returned to conej
conej collected $0.09 from pot
conej: doesn't show hand 
*** SUMMARY ***
Total pot $0.09 | Rake $0 
Seat 1: frosa9397 (big blind) folded before Flop
Seat 2: Dorex2007 folded before Flop (didn't bet)
Seat 3: #BNuN€$#36 folded before Flop
Seat 4: Hij@delPOKER folded before Flop
Seat 5: arravalero folded before Flop (didn't bet)
Seat 6: conej collected ($0.09)
Seat 7: seakam folded before Flop (didn't bet)
Seat 8: caplincove (button) folded before Flop (didn't bet)
Seat 9: DJ.Flench (small blind) folded before Flop



PokerStars Hand #224433597100:  Hold'em No Limit ($0.01/$0.02 USD) - 2021/03/03 17:43:53 PT [2021/03/03 20:43:53 ET]
Table 'McElroy II' 9-max Seat #9 is the button
Seat 1: frosa9397 ($2.02 in chips) 
Seat 2: Dorex2007 ($1.85 in chips) 
Seat 3: #BNuN€$#36 ($2.18 in chips) 
Seat 4: Hij@delPOKER ($2.03 in chips) 
Seat 5: arravalero ($1.95 in chips) 
Seat 6: conej ($2.11 in chips) 
Seat 7: seakam ($4.24 in chips) 
Seat 9: DJ.Flench ($2.48 in chips) 
frosa9397: posts small blind $0.01
Dorex2007: posts big blind $0.02
*** HOLE CARDS ***
Dealt to Dorex2007 [Jc Js]
#BNuN€$#36: folds 
Hij@delPOKER: folds 
arravalero: folds 
conej: folds 
seakam: folds 
DJ.Flench: raises $0.03 to $0.05
frosa9397: calls $0.04
Dorex2007: raises $0.15 to $0.20
DJ.Flench: folds 
frosa9397: folds 
Uncalled bet ($0.15) returned to Dorex2007
Dorex2007 collected $0.15 from pot
Dorex2007: doesn't show hand 
*** SUMMARY ***
Total pot $0.15 | Rake $0 
Seat 1: frosa9397 (small blind) folded before Flop
Seat 2: Dorex2007 (big blind) collected ($0.15)
Seat 3: #BNuN€$#36 folded before Flop (didn't bet)
Seat 4: Hij@delPOKER folded before Flop (didn't bet)
Seat 5: arravalero folded before Flop (didn't bet)
Seat 6: conej folded before Flop (didn't bet)
Seat 7: seakam folded before Flop (didn't bet)
Seat 9: DJ.Flench (button) folded before Flop



PokerStars Hand #224433614561:  Hold'em No Limit ($0.01/$0.02 USD) - 2021/03/03 17:44:48 PT [2021/03/03 20:44:48 ET]
Table 'McElroy II' 9-max Seat #1 is the button
Seat 1: frosa9397 ($1.97 in chips) 
Seat 2: Dorex2007 ($1.95 in chips) 
Seat 3: #BNuN€$#36 ($2.18 in chips) 
Seat 4: Hij@delPOKER ($2.03 in chips) 
Seat 5: arravalero ($1.95 in chips) 
Seat 6: conej ($2.11 in chips) 
Seat 7: seakam ($4.24 in chips) 
Seat 9: DJ.Flench ($2.43 in chips) 
Dorex2007: posts small blind $0.01
#BNuN€$#36: posts big blind $0.02
*** HOLE CARDS ***
Dealt to Dorex2007 [Qh 5c]
Hij@delPOKER: folds 
arravalero: folds 
conej has timed out
conej: folds 
seakam: folds 
DJ.Flench: raises $0.03 to $0.05
frosa9397: folds 
Dorex2007: folds 
#BNuN€$#36: calls $0.03
*** FLOP *** [6c 6d 4h]
#BNuN€$#36: checks 
DJ.Flench: checks 
*** TURN *** [6c 6d 4h] [Jd]
#BNuN€$#36: checks 
DJ.Flench: bets $0.08
#BNuN€$#36: calls $0.08
*** RIVER *** [6c 6d 4h Jd] [3h]
#BNuN€$#36: checks 
DJ.Flench: checks 
*** SHOW DOWN ***
#BNuN€$#36: shows [Jh Tc] (two pair, Jacks and Sixes)
DJ.Flench: mucks hand 
#BNuN€$#36 collected $0.26 from pot
*** SUMMARY ***
Total pot $0.27 | Rake $0.01 
Board [6c 6d 4h Jd 3h]
Seat 1: frosa9397 (button) folded before Flop (didn't bet)
Seat 2: Dorex2007 (small blind) folded before Flop
Seat 3: #BNuN€$#36 (big blind) showed [Jh Tc] and won ($0.26) with two pair, Jacks and Sixes
Seat 4: Hij@delPOKER folded before Flop (didn't bet)
Seat 5: arravalero folded before Flop (didn't bet)
Seat 6: conej folded before Flop (didn't bet)
Seat 7: seakam folded before Flop (didn't bet)
Seat 9: DJ.Flench mucked [Kh Ac]



PokerStars Hand #224433636173:  Hold'em No Limit ($0.01/$0.02 USD) - 2021/03/03 17:45:56 PT [2021/03/03 20:45:56 ET]
Table 'McElroy II' 9-max Seat #2 is the button
Seat 1: frosa9397 ($1.97 in chips) 
Seat 2: Dorex2007 ($1.94 in chips) 
Seat 3: #BNuN€$#36 ($2.31 in chips) 
Seat 4: Hij@delPOKER ($2.03 in chips) 
Seat 5: arravalero ($1.95 in chips) 
Seat 6: conej ($2.11 in chips) 
Seat 7: seakam ($4.24 in chips) 
Seat 9: DJ.Flench ($2.30 in chips) 
#BNuN€$#36: posts small blind $0.01
Hij@delPOKER: posts big blind $0.02
*** HOLE CARDS ***
Dealt to Dorex2007 [Kh Js]
arravalero: folds 
conej: folds 
seakam: raises $0.06 to $0.08
DJ.Flench: folds 
frosa9397: folds 
Dorex2007: calls $0.08
#BNuN€$#36: folds 
Hij@delPOKER: folds 
*** FLOP *** [Kd 4d Ks]
seakam: bets $0.09
Dorex2007: raises $0.09 to $0.18
seakam: calls $0.09
*** TURN *** [Kd 4d Ks] [9h]
seakam: checks 
Dorex2007: bets $0.27
seakam: calls $0.27
*** RIVER *** [Kd 4d Ks 9h] [Ac]
seakam: checks 
Dorex2007: bets $1.05
seakam: folds 
Uncalled bet ($1.05) returned to Dorex2007
Dorex2007 collected $1.05 from pot
Dorex2007: doesn't show hand 
*** SUMMARY ***
Total pot $1.09 | Rake $0.04 
Board [Kd 4d Ks 9h Ac]
Seat 1: frosa9397 folded before Flop (didn't bet)
Seat 2: Dorex2007 (button) collected ($1.05)
Seat 3: #BNuN€$#36 (small blind) folded before Flop
Seat 4: Hij@delPOKER (big blind) folded before Flop
Seat 5: arravalero folded before Flop (didn't bet)
Seat 6: conej folded before Flop (didn't bet)
Seat 7: seakam folded on the River
Seat 9: DJ.Flench folded before Flop (didn't bet)



PokerStars Hand #224433660198:  Hold'em No Limit ($0.01/$0.02 USD) - 2021/03/03 17:46:59 PT [2021/03/03 20:46:59 ET]
Table 'McElroy II' 9-max Seat #3 is the button
Seat 1: frosa9397 ($1.97 in chips) 
Seat 2: Dorex2007 ($2.46 in chips) 
Seat 3: #BNuN€$#36 ($2.30 in chips) 
Seat 4: Hij@delPOKER ($2.01 in chips) 
Seat 5: arravalero ($1.95 in chips) 
Seat 6: conej ($2.11 in chips) 
Seat 7: seakam ($3.71 in chips) 
Seat 9: DJ.Flench ($2.30 in chips) 
Hij@delPOKER: posts small blind $0.01
arravalero: posts big blind $0.02
*** HOLE CARDS ***
Dealt to Dorex2007 [Jc 7h]
conej has timed out
conej: folds 
seakam: folds 
DJ.Flench: raises $0.03 to $0.05
frosa9397: folds 
Dorex2007: folds 
#BNuN€$#36: calls $0.05
Hij@delPOKER: folds 
arravalero: folds 
*** FLOP *** [7s 6s 9d]
DJ.Flench: checks 
#BNuN€$#36: checks 
*** TURN *** [7s 6s 9d] [8h]
DJ.Flench: checks 
#BNuN€$#36: checks 
*** RIVER *** [7s 6s 9d 8h] [6h]
DJ.Flench: checks 
#BNuN€$#36: bets $0.06
DJ.Flench: folds 
Uncalled bet ($0.06) returned to #BNuN€$#36
#BNuN€$#36 collected $0.13 from pot
#BNuN€$#36: doesn't show hand 
*** SUMMARY ***
Total pot $0.13 | Rake $0 
Board [7s 6s 9d 8h 6h]
Seat 1: frosa9397 folded before Flop (didn't bet)
Seat 2: Dorex2007 folded before Flop (didn't bet)
Seat 3: #BNuN€$#36 (button) collected ($0.13)
Seat 4: Hij@delPOKER (small blind) folded before Flop
Seat 5: arravalero (big blind) folded before Flop
Seat 6: conej folded before Flop (didn't bet)
Seat 7: seakam folded before Flop (didn't bet)
Seat 9: DJ.Flench folded on the River



PokerStars Hand #224433681428:  Hold'em No Limit ($0.01/$0.02 USD) - 2021/03/03 17:48:07 PT [2021/03/03 20:48:07 ET]
Table 'McElroy II' 9-max Seat #4 is the button
Seat 1: frosa9397 ($1.97 in chips) 
Seat 2: Dorex2007 ($2.46 in chips) 
Seat 3: #BNuN€$#36 ($2.38 in chips) 
Seat 4: Hij@delPOKER ($2 in chips) 
Seat 5: arravalero ($1.93 in chips) 
Seat 6: conej ($2.11 in chips) 
Seat 7: seakam ($3.71 in chips) 
Seat 9: DJ.Flench ($2.25 in chips) 
arravalero: posts small blind $0.01
conej: posts big blind $0.02
*** HOLE CARDS ***
Dealt to Dorex2007 [9d Qd]
seakam: folds 
DJ.Flench: folds 
frosa9397: folds 
Dorex2007: calls $0.02
#BNuN€$#36: raises $0.02 to $0.04
Hij@delPOKER: folds 
arravalero: folds 
conej: folds 
Dorex2007: calls $0.02
*** FLOP *** [9c 8s 4s]
Dorex2007: bets $0.11
#BNuN€$#36: folds 
Uncalled bet ($0.11) returned to Dorex2007
Dorex2007 collected $0.11 from pot
Dorex2007: doesn't show hand 
*** SUMMARY ***
Total pot $0.11 | Rake $0 
Board [9c 8s 4s]
Seat 1: frosa9397 folded before Flop (didn't bet)
Seat 2: Dorex2007 collected ($0.11)
Seat 3: #BNuN€$#36 folded on the Flop
Seat 4: Hij@delPOKER (button) folded before Flop (didn't bet)
Seat 5: arravalero (small blind) folded before Flop
Seat 6: conej (big blind) folded before Flop
Seat 7: seakam folded before Flop (didn't bet)
Seat 9: DJ.Flench folded before Flop (didn't bet)



PokerStars Hand #224433692183:  Hold'em No Limit ($0.01/$0.02 USD) - 2021/03/03 17:48:41 PT [2021/03/03 20:48:41 ET]
Table 'McElroy II' 9-max Seat #5 is the button
Seat 1: frosa9397 ($1.97 in chips) 
Seat 2: Dorex2007 ($2.53 in chips) 
Seat 3: #BNuN€$#36 ($2.34 in chips) 
Seat 4: Hij@delPOKER ($2 in chips) 
Seat 5: arravalero ($1.92 in chips) 
Seat 6: conej ($2.09 in chips) 
Seat 7: seakam ($3.71 in chips) 
Seat 9: DJ.Flench ($2.25 in chips) 
conej: posts small blind $0.01
seakam: posts big blind $0.02
*** HOLE CARDS ***
Dealt to Dorex2007 [Jd Qh]
DJ.Flench: folds 
frosa9397: calls $0.02
Dorex2007: calls $0.02
#BNuN€$#36: folds 
Hij@delPOKER: folds 
arravalero: folds 
conej: calls $0.01
seakam: checks 
*** FLOP *** [9h 8d Th]
conej: bets $0.05
seakam: folds 
frosa9397: folds 
Dorex2007: calls $0.05
*** TURN *** [9h 8d Th] [8c]
conej: bets $0.09
Dorex2007: calls $0.09
*** RIVER *** [9h 8d Th 8c] [3s]
conej: checks 
Dorex2007: bets $0.18
conej: calls $0.18
*** SHOW DOWN ***
Dorex2007: shows [Jd Qh] (a straight, Eight to Queen)
conej: mucks hand 
Dorex2007 collected $0.69 from pot
*** SUMMARY ***
Total pot $0.72 | Rake $0.03 
Board [9h 8d Th 8c 3s]
Seat 1: frosa9397 folded on the Flop
Seat 2: Dorex2007 showed [Jd Qh] and won ($0.69) with a straight, Eight to Queen
Seat 3: #BNuN€$#36 folded before Flop (didn't bet)
Seat 4: Hij@delPOKER folded before Flop (didn't bet)
Seat 5: arravalero (button) folded before Flop (didn't bet)
Seat 6: conej (small blind) mucked [Ts 9d]
Seat 7: seakam (big blind) folded on the Flop
Seat 9: DJ.Flench folded before Flop (didn't bet)



PokerStars Hand #224433711025:  Hold'em No Limit ($0.01/$0.02 USD) - 2021/03/03 17:49:42 PT [2021/03/03 20:49:42 ET]
Table 'McElroy II' 9-max Seat #6 is the button
Seat 1: frosa9397 ($1.95 in chips) 
Seat 2: Dorex2007 ($2.88 in chips) 
Seat 3: #BNuN€$#36 ($2.34 in chips) 
Seat 4: Hij@delPOKER ($2 in chips) 
Seat 5: arravalero ($1.92 in chips) 
Seat 6: conej ($1.75 in chips) 
Seat 7: seakam ($3.69 in chips) 
Seat 9: DJ.Flench ($2.25 in chips) 
seakam: posts small blind $0.01
DJ.Flench: posts big blind $0.02
*** HOLE CARDS ***
Dealt to Dorex2007 [4s 5d]
frosa9397: folds 
Dorex2007: folds 
#BNuN€$#36: folds 
Hij@delPOKER: raises $0.08 to $0.10
arravalero: folds 
conej: folds 
seakam: folds 
DJ.Flench: folds 
Uncalled bet ($0.08) returned to Hij@delPOKER
Hij@delPOKER collected $0.05 from pot
Hij@delPOKER: doesn't show hand 
*** SUMMARY ***
Total pot $0.05 | Rake $0 
Seat 1: frosa9397 folded before Flop (didn't bet)
Seat 2: Dorex2007 folded before Flop (didn't bet)
Seat 3: #BNuN€$#36 folded before Flop (didn't bet)
Seat 4: Hij@delPOKER collected ($0.05)
Seat 5: arravalero folded before Flop (didn't bet)
Seat 6: conej (button) folded before Flop (didn't bet)
Seat 7: seakam (small blind) folded before Flop
Seat 9: DJ.Flench (big blind) folded before Flop



PokerStars Hand #224433721610:  Hold'em No Limit ($0.01/$0.02 USD) - 2021/03/03 17:50:14 PT [2021/03/03 20:50:14 ET]
Table 'McElroy II' 9-max Seat #7 is the button
Seat 1: frosa9397 ($1.95 in chips) 
Seat 2: Dorex2007 ($2.88 in chips) 
Seat 3: #BNuN€$#36 ($2.34 in chips) 
Seat 4: Hij@delPOKER ($2.03 in chips) 
Seat 5: arravalero ($1.92 in chips) 
Seat 6: conej ($1.75 in chips) 
Seat 7: seakam ($3.68 in chips) 
Seat 9: DJ.Flench ($2.23 in chips) 
DJ.Flench: posts small blind $0.01
frosa9397: posts big blind $0.02
*** HOLE CARDS ***
Dealt to Dorex2007 [8s 2d]
Dorex2007: folds 
#BNuN€$#36: calls $0.02
Hij@delPOKER: raises $0.10 to $0.12
arravalero: folds 
conej: folds 
seakam: folds 
DJ.Flench: calls $0.11
frosa9397: folds 
#BNuN€$#36: folds 
*** FLOP *** [4s Jd Jh]
DJ.Flench: checks 
Hij@delPOKER: bets $0.09
DJ.Flench: folds 
Uncalled bet ($0.09) returned to Hij@delPOKER
Hij@delPOKER collected $0.27 from pot
Hij@delPOKER: doesn't show hand 
*** SUMMARY ***
Total pot $0.28 | Rake $0.01 
Board [4s Jd Jh]
Seat 1: frosa9397 (big blind) folded before Flop
Seat 2: Dorex2007 folded before Flop (didn't bet)
Seat 3: #BNuN€$#36 folded before Flop
Seat 4: Hij@delPOKER collected ($0.27)
Seat 5: arravalero folded before Flop (didn't bet)
Seat 6: conej folded before Flop (didn't bet)
Seat 7: seakam (button) folded before Flop (didn't bet)
Seat 9: DJ.Flench (small blind) folded on the Flop



PokerStars Hand #224433737794:  Hold'em No Limit ($0.01/$0.02 USD) - 2021/03/03 17:51:07 PT [2021/03/03 20:51:07 ET]
Table 'McElroy II' 9-max Seat #9 is the button
Seat 1: frosa9397 ($1.93 in chips) 
Seat 2: Dorex2007 ($2.88 in chips) 
Seat 3: #BNuN€$#36 ($2.32 in chips) 
Seat 4: Hij@delPOKER ($2.18 in chips) 
Seat 5: arravalero ($1.92 in chips) 
Seat 6: conej ($1.75 in chips) 
Seat 7: seakam ($3.68 in chips) 
Seat 9: DJ.Flench ($2.11 in chips) 
frosa9397: posts small blind $0.01
Dorex2007: posts big blind $0.02
caplincove: sits out 
*** HOLE CARDS ***
Dealt to Dorex2007 [7c 7s]
#BNuN€$#36: calls $0.02
Hij@delPOKER: folds 
arravalero: folds 
conej: folds 
seakam: folds 
DJ.Flench: folds 
frosa9397: calls $0.01
Dorex2007: checks 
*** FLOP *** [8d Kd 3s]
frosa9397: checks 
Dorex2007: checks 
#BNuN€$#36: checks 
*** TURN *** [8d Kd 3s] [4c]
frosa9397: checks 
Dorex2007: checks 
#BNuN€$#36: checks 
*** RIVER *** [8d Kd 3s 4c] [6c]
frosa9397: checks 
Dorex2007: checks 
#BNuN€$#36: checks 
*** SHOW DOWN ***
frosa9397: shows [9h Ad] (high card Ace)
Dorex2007: shows [7c 7s] (a pair of Sevens)
#BNuN€$#36: mucks hand 
Dorex2007 collected $0.06 from pot
*** SUMMARY ***
Total pot $0.06 | Rake $0 
Board [8d Kd 3s 4c 6c]
Seat 1: frosa9397 (small blind) showed [9h Ad] and lost with high card Ace
Seat 2: Dorex2007 (big blind) showed [7c 7s] and won ($0.06) with a pair of Sevens
Seat 3: #BNuN€$#36 mucked [Ah 7h]
Seat 4: Hij@delPOKER folded before Flop (didn't bet)
Seat 5: arravalero folded before Flop (didn't bet)
Seat 6: conej folded before Flop (didn't bet)
Seat 7: seakam folded before Flop (didn't bet)
Seat 9: DJ.Flench (button) folded before Flop (didn't bet)



PokerStars Hand #224433770595:  Hold'em No Limit ($0.01/$0.02 USD) - 2021/03/03 17:52:20 PT [2021/03/03 20:52:20 ET]
Table 'McElroy II' 9-max Seat #1 is the button
Seat 1: frosa9397 ($1.91 in chips) 
Seat 2: Dorex2007 ($2.92 in chips) 
Seat 3: #BNuN€$#36 ($2.30 in chips) 
Seat 4: Hij@delPOKER ($2.18 in chips) 
Seat 5: arravalero ($1.92 in chips) 
Seat 6: conej ($1.75 in chips) 
Seat 7: seakam ($3.68 in chips) 
Seat 8: caplincove ($3.37 in chips) 
Seat 9: DJ.Flench ($2.11 in chips) 
Dorex2007: posts small blind $0.01
#BNuN€$#36: posts big blind $0.02
caplincove: posts small & big blinds $0.03
*** HOLE CARDS ***
Dealt to Dorex2007 [Jh Ts]
Hij@delPOKER: folds 
arravalero: folds 
conej: folds 
seakam: folds 
caplincove: checks 
DJ.Flench: folds 
frosa9397: folds 
Dorex2007: calls $0.01
#BNuN€$#36: checks 
*** FLOP *** [5c 3s 8c]
Dorex2007: checks 
#BNuN€$#36: checks 
caplincove: checks 
*** TURN *** [5c 3s 8c] [5d]
Dorex2007: bets $0.07
#BNuN€$#36: folds 
caplincove: folds 
Uncalled bet ($0.07) returned to Dorex2007
Dorex2007 collected $0.07 from pot
Dorex2007: doesn't show hand 
*** SUMMARY ***
Total pot $0.07 | Rake $0 
Board [5c 3s 8c 5d]
Seat 1: frosa9397 (button) folded before Flop (didn't bet)
Seat 2: Dorex2007 (small blind) collected ($0.07)
Seat 3: #BNuN€$#36 (big blind) folded on the Turn
Seat 4: Hij@delPOKER folded before Flop (didn't bet)
Seat 5: arravalero folded before Flop (didn't bet)
Seat 6: conej folded before Flop (didn't bet)
Seat 7: seakam folded before Flop (didn't bet)
Seat 8: caplincove folded on the Turn (didn't bet)
Seat 9: DJ.Flench folded before Flop (didn't bet)



PokerStars Hand #224433786613:  Hold'em No Limit ($0.01/$0.02 USD) - 2021/03/03 17:53:10 PT [2021/03/03 20:53:10 ET]
Table 'McElroy II' 9-max Seat #2 is the button
Seat 1: frosa9397 ($1.91 in chips) 
Seat 2: Dorex2007 ($2.97 in chips) 
Seat 3: #BNuN€$#36 ($2.28 in chips) 
Seat 4: Hij@delPOKER ($2.18 in chips) 
Seat 5: arravalero ($1.92 in chips) 
Seat 6: conej ($1.75 in chips) 
Seat 7: seakam ($3.68 in chips) 
Seat 8: caplincove ($3.34 in chips) 
Seat 9: DJ.Flench ($2.11 in chips) 
#BNuN€$#36: posts small blind $0.01
Hij@delPOKER: posts big blind $0.02
*** HOLE CARDS ***
Dealt to Dorex2007 [7d Th]
arravalero: folds 
conej: folds 
seakam: folds 
caplincove: folds 
DJ.Flench: folds 
frosa9397: folds 
Dorex2007: folds 
#BNuN€$#36: calls $0.01
Hij@delPOKER: raises $0.02 to $0.04
#BNuN€$#36: calls $0.02
*** FLOP *** [5h 8d 9h]
#BNuN€$#36: checks 
Hij@delPOKER: checks 
*** TURN *** [5h 8d 9h] [6d]
#BNuN€$#36: bets $0.04
Hij@delPOKER: folds 
Uncalled bet ($0.04) returned to #BNuN€$#36
#BNuN€$#36 collected $0.08 from pot
#BNuN€$#36: doesn't show hand 
*** SUMMARY ***
Total pot $0.08 | Rake $0 
Board [5h 8d 9h 6d]
Seat 1: frosa9397 folded before Flop (didn't bet)
Seat 2: Dorex2007 (button) folded before Flop (didn't bet)
Seat 3: #BNuN€$#36 (small blind) collected ($0.08)
Seat 4: Hij@delPOKER (big blind) folded on the Turn
Seat 5: arravalero folded before Flop (didn't bet)
Seat 6: conej folded before Flop (didn't bet)
Seat 7: seakam folded before Flop (didn't bet)
Seat 8: caplincove folded before Flop (didn't bet)
Seat 9: DJ.Flench folded before Flop (didn't bet)



PokerStars Hand #224433810100:  Hold'em No Limit ($0.01/$0.02 USD) - 2021/03/03 17:54:13 PT [2021/03/03 20:54:13 ET]
Table 'McElroy II' 9-max Seat #3 is the button
Seat 1: frosa9397 ($1.91 in chips) 
Seat 2: Dorex2007 ($2.97 in chips) 
Seat 3: #BNuN€$#36 ($2.32 in chips) 
Seat 4: Hij@delPOKER ($2.14 in chips) 
Seat 5: arravalero ($1.92 in chips) 
Seat 6: conej ($1.75 in chips) 
Seat 7: seakam ($3.68 in chips) 
Seat 8: caplincove ($3.34 in chips) 
Seat 9: DJ.Flench ($2.11 in chips) 
Hij@delPOKER: posts small blind $0.01
arravalero: posts big blind $0.02
*** HOLE CARDS ***
Dealt to Dorex2007 [8s 3h]
conej: folds 
seakam: folds 
caplincove: raises $0.04 to $0.06
DJ.Flench: folds 
frosa9397: folds 
Dorex2007: folds 
#BNuN€$#36: calls $0.06
Hij@delPOKER: folds 
arravalero: folds 
*** FLOP *** [8h 5h Qc]
caplincove: checks 
#BNuN€$#36: bets $0.04
caplincove: calls $0.04
*** TURN *** [8h 5h Qc] [8d]
caplincove: checks 
#BNuN€$#36: bets $0.06
caplincove: folds 
Uncalled bet ($0.06) returned to #BNuN€$#36
#BNuN€$#36 collected $0.22 from pot
#BNuN€$#36: doesn't show hand 
*** SUMMARY ***
Total pot $0.23 | Rake $0.01 
Board [8h 5h Qc 8d]
Seat 1: frosa9397 folded before Flop (didn't bet)
Seat 2: Dorex2007 folded before Flop (didn't bet)
Seat 3: #BNuN€$#36 (button) collected ($0.22)
Seat 4: Hij@delPOKER (small blind) folded before Flop
Seat 5: arravalero (big blind) folded before Flop
Seat 6: conej folded before Flop (didn't bet)
Seat 7: seakam folded before Flop (didn't bet)
Seat 8: caplincove folded on the Turn
Seat 9: DJ.Flench folded before Flop (didn't bet)



PokerStars Hand #224433828418:  Hold'em No Limit ($0.01/$0.02 USD) - 2021/03/03 17:55:12 PT [2021/03/03 20:55:12 ET]
Table 'McElroy II' 9-max Seat #4 is the button
Seat 1: frosa9397 ($1.91 in chips) 
Seat 2: Dorex2007 ($2.97 in chips) 
Seat 3: #BNuN€$#36 ($2.44 in chips) 
Seat 4: Hij@delPOKER ($2.13 in chips) 
Seat 5: arravalero ($1.90 in chips) 
Seat 6: conej ($1.75 in chips) 
Seat 7: seakam ($3.68 in chips) 
Seat 8: caplincove ($3.24 in chips) 
Seat 9: DJ.Flench ($2.11 in chips) 
arravalero: posts small blind $0.01
conej: posts big blind $0.02
*** HOLE CARDS ***
Dealt to Dorex2007 [3c Qh]
seakam: folds 
caplincove: folds 
DJ.Flench: folds 
frosa9397: calls $0.02
Dorex2007: folds 
#BNuN€$#36: folds 
Hij@delPOKER: folds 
arravalero: folds 
conej: checks 
*** FLOP *** [5h 7d 6h]
conej: checks 
frosa9397: bets $0.04
conej: folds 
Uncalled bet ($0.04) returned to frosa9397
frosa9397 collected $0.05 from pot
frosa9397: doesn't show hand 
*** SUMMARY ***
Total pot $0.05 | Rake $0 
Board [5h 7d 6h]
Seat 1: frosa9397 collected ($0.05)
Seat 2: Dorex2007 folded before Flop (didn't bet)
Seat 3: #BNuN€$#36 folded before Flop (didn't bet)
Seat 4: Hij@delPOKER (button) folded before Flop (didn't bet)
Seat 5: arravalero (small blind) folded before Flop
Seat 6: conej (big blind) folded on the Flop
Seat 7: seakam folded before Flop (didn't bet)
Seat 8: caplincove folded before Flop (didn't bet)
Seat 9: DJ.Flench folded before Flop (didn't bet)



PokerStars Hand #224433838304:  Hold'em No Limit ($0.01/$0.02 USD) - 2021/03/03 17:55:52 PT [2021/03/03 20:55:52 ET]
Table 'McElroy II' 9-max Seat #5 is the button
Seat 1: frosa9397 ($1.94 in chips) 
Seat 2: Dorex2007 ($2.97 in chips) 
Seat 3: #BNuN€$#36 ($2.44 in chips) 
Seat 4: Hij@delPOKER ($2.13 in chips) 
Seat 5: arravalero ($1.89 in chips) 
Seat 6: conej ($1.73 in chips) 
Seat 7: seakam ($3.68 in chips) 
Seat 8: caplincove ($3.24 in chips) 
Seat 9: DJ.Flench ($2.11 in chips) 
conej: posts small blind $0.01
seakam: posts big blind $0.02
*** HOLE CARDS ***
Dealt to Dorex2007 [3s Ad]
caplincove: folds 
DJ.Flench: folds 
frosa9397: folds 
Dorex2007: folds 
#BNuN€$#36: folds 
Hij@delPOKER: raises $0.04 to $0.06
arravalero: folds 
conej: folds 
seakam: raises $0.16 to $0.22
Hij@delPOKER: folds 
Uncalled bet ($0.16) returned to seakam
seakam collected $0.13 from pot
seakam: doesn't show hand 
*** SUMMARY ***
Total pot $0.13 | Rake $0 
Seat 1: frosa9397 folded before Flop (didn't bet)
Seat 2: Dorex2007 folded before Flop (didn't bet)
Seat 3: #BNuN€$#36 folded before Flop (didn't bet)
Seat 4: Hij@delPOKER folded before Flop
Seat 5: arravalero (button) folded before Flop (didn't bet)
Seat 6: conej (small blind) folded before Flop
Seat 7: seakam (big blind) collected ($0.13)
Seat 8: caplincove folded before Flop (didn't bet)
Seat 9: DJ.Flench folded before Flop (didn't bet)



PokerStars Hand #224433848214:  Hold'em No Limit ($0.01/$0.02 USD) - 2021/03/03 17:56:32 PT [2021/03/03 20:56:32 ET]
Table 'McElroy II' 9-max Seat #6 is the button
Seat 1: frosa9397 ($1.94 in chips) 
Seat 2: Dorex2007 ($2.97 in chips) 
Seat 3: #BNuN€$#36 ($2.44 in chips) 
Seat 4: Hij@delPOKER ($2.07 in chips) 
Seat 5: arravalero ($1.89 in chips) 
Seat 6: conej ($1.72 in chips) 
Seat 7: seakam ($3.75 in chips) 
Seat 8: caplincove ($3.24 in chips) 
Seat 9: DJ.Flench ($2.11 in chips) 
seakam: posts small blind $0.01
caplincove: posts big blind $0.02
*** HOLE CARDS ***
Dealt to Dorex2007 [As 4c]
DJ.Flench: folds 
frosa9397: calls $0.02
Dorex2007: folds 
#BNuN€$#36: calls $0.02
Hij@delPOKER: raises $0.16 to $0.18
arravalero: calls $0.18
conej: calls $0.18
seakam: folds 
caplincove: folds 
frosa9397: folds 
#BNuN€$#36: folds 
*** FLOP *** [5s Js Kc]
Hij@delPOKER: bets $0.19
arravalero: calls $0.19
conej: calls $0.19
*** TURN *** [5s Js Kc] [2d]
Hij@delPOKER: bets $0.38
arravalero: calls $0.38
conej: calls $0.38
*** RIVER *** [5s Js Kc 2d] [3h]
Hij@delPOKER: bets $1.32 and is all-in
arravalero: calls $1.14 and is all-in
conej: folds 
Uncalled bet ($0.18) returned to Hij@delPOKER
*** SHOW DOWN ***
Hij@delPOKER: shows [Kd Ac] (a pair of Kings)
arravalero: shows [Ks Ah] (a pair of Kings)
Hij@delPOKER collected $2.22 from pot
arravalero collected $2.22 from pot
*** SUMMARY ***
Total pot $4.60 | Rake $0.16 
Board [5s Js Kc 2d 3h]
Seat 1: frosa9397 folded before Flop
Seat 2: Dorex2007 folded before Flop (didn't bet)
Seat 3: #BNuN€$#36 folded before Flop
Seat 4: Hij@delPOKER showed [Kd Ac] and won ($2.22) with a pair of Kings
Seat 5: arravalero showed [Ks Ah] and won ($2.22) with a pair of Kings
Seat 6: conej (button) folded on the River
Seat 7: seakam (small blind) folded before Flop
Seat 8: caplincove (big blind) folded before Flop
Seat 9: DJ.Flench folded before Flop (didn't bet)



PokerStars Hand #224433872900:  Hold'em No Limit ($0.01/$0.02 USD) - 2021/03/03 17:58:12 PT [2021/03/03 20:58:12 ET]
Table 'McElroy II' 9-max Seat #7 is the button
Seat 1: frosa9397 ($1.92 in chips) 
Seat 2: Dorex2007 ($2.97 in chips) 
Seat 3: #BNuN€$#36 ($2.42 in chips) 
Seat 4: Hij@delPOKER ($2.40 in chips) 
Seat 5: arravalero ($2.22 in chips) 
Seat 6: conej ($0.97 in chips) 
Seat 7: seakam ($3.74 in chips) 
Seat 8: caplincove ($3.22 in chips) 
Seat 9: DJ.Flench ($2.11 in chips) 
caplincove: posts small blind $0.01
DJ.Flench: posts big blind $0.02
*** HOLE CARDS ***
Dealt to Dorex2007 [5s 3d]
frosa9397: folds 
Dorex2007: folds 
#BNuN€$#36: folds 
Hij@delPOKER: folds 
arravalero: folds 
conej: folds 
seakam: folds 
caplincove: calls $0.01
DJ.Flench: checks 
*** FLOP *** [Kh 6s 3c]
caplincove: checks 
DJ.Flench: bets $0.03
caplincove: folds 
Uncalled bet ($0.03) returned to DJ.Flench
DJ.Flench collected $0.04 from pot
DJ.Flench: doesn't show hand 
*** SUMMARY ***
Total pot $0.04 | Rake $0 
Board [Kh 6s 3c]
Seat 1: frosa9397 folded before Flop (didn't bet)
Seat 2: Dorex2007 folded before Flop (didn't bet)
Seat 3: #BNuN€$#36 folded before Flop (didn't bet)
Seat 4: Hij@delPOKER folded before Flop (didn't bet)
Seat 5: arravalero folded before Flop (didn't bet)
Seat 6: conej folded before Flop (didn't bet)
Seat 7: seakam (button) folded before Flop (didn't bet)
Seat 8: caplincove (small blind) folded on the Flop
Seat 9: DJ.Flench (big blind) collected ($0.04)



PokerStars Hand #224433880193:  Hold'em No Limit ($0.01/$0.02 USD) - 2021/03/03 17:58:41 PT [2021/03/03 20:58:41 ET]
Table 'McElroy II' 9-max Seat #8 is the button
Seat 1: frosa9397 ($1.92 in chips) 
Seat 2: Dorex2007 ($2.97 in chips) 
Seat 3: #BNuN€$#36 ($2.42 in chips) 
Seat 4: Hij@delPOKER ($2.40 in chips) 
Seat 5: arravalero ($2.22 in chips) 
Seat 6: conej ($0.97 in chips) 
Seat 7: seakam ($3.74 in chips) 
Seat 8: caplincove ($3.20 in chips) 
Seat 9: DJ.Flench ($2.13 in chips) 
DJ.Flench: posts small blind $0.01
frosa9397: posts big blind $0.02
*** HOLE CARDS ***
Dealt to Dorex2007 [5s 8c]
Dorex2007: folds 
#BNuN€$#36: raises $0.04 to $0.06
Hij@delPOKER: folds 
arravalero: folds 
conej: folds 
seakam: folds 
caplincove: folds 
DJ.Flench: folds 
frosa9397: calls $0.04
*** FLOP *** [Tc 4c 8d]
frosa9397: checks 
#BNuN€$#36: bets $0.08
frosa9397: folds 
Uncalled bet ($0.08) returned to #BNuN€$#36
#BNuN€$#36 collected $0.13 from pot
#BNuN€$#36: doesn't show hand 
*** SUMMARY ***
Total pot $0.13 | Rake $0 
Board [Tc 4c 8d]
Seat 1: frosa9397 (big blind) folded on the Flop
Seat 2: Dorex2007 folded before Flop (didn't bet)
Seat 3: #BNuN€$#36 collected ($0.13)
Seat 4: Hij@delPOKER folded before Flop (didn't bet)
Seat 5: arravalero folded before Flop (didn't bet)
Seat 6: conej folded before Flop (didn't bet)
Seat 7: seakam folded before Flop (didn't bet)
Seat 8: caplincove (button) folded before Flop (didn't bet)
Seat 9: DJ.Flench (small blind) folded before Flop



