PokerStars Hand #232088557119:  Hold'em No Limit ($0.01/$0.02 USD) - 2021/12/09 19:20:31 PT [2021/12/09 22:20:31 ET]
Table 'Segin' 9-max Seat #8 is the button
Seat 2: Aemstro ($3.59 in chips) 
Seat 3: NelSer777 ($5.01 in chips) 
Seat 4: DimaShalo ($3.27 in chips) 
Seat 5: bob4tier ($2.32 in chips) 
Seat 6: Dorex2007 ($2 in chips) 
Seat 8: shurik-ass ($2 in chips) 
Seat 9: kanatakk ($2.31 in chips) 
kanatakk: posts small blind $0.01
Aemstro: posts big blind $0.02
Dorex2007: posts big blind $0.02
*** HOLE CARDS ***
Dealt to Dorex2007 [4d Jd]
NelSer777: folds 
DimaShalo: folds 
bob4tier: folds 
Dorex2007: checks 
shurik-ass: raises $0.06 to $0.08
kanatakk: calls $0.07
Aemstro: calls $0.06
Dorex2007: folds 
*** FLOP *** [Qc 3d 3c]
kanatakk: checks 
Aemstro: checks 
shurik-ass: bets $0.15
kanatakk: calls $0.15
Aemstro: folds 
*** TURN *** [Qc 3d 3c] [2h]
ViniciusERC* joins the table at seat #1 
kanatakk: checks 
shurik-ass: bets $0.24
kanatakk: calls $0.24
*** RIVER *** [Qc 3d 3c 2h] [8s]
kanatakk: bets $0.75
shurik-ass: folds 
Uncalled bet ($0.75) returned to kanatakk
kanatakk collected $1 from pot
kanatakk: doesn't show hand 
*** SUMMARY ***
Total pot $1.04 | Rake $0.04 
Board [Qc 3d 3c 2h 8s]
Seat 2: Aemstro (big blind) folded on the Flop
Seat 3: NelSer777 folded before Flop (didn't bet)
Seat 4: DimaShalo folded before Flop (didn't bet)
Seat 5: bob4tier folded before Flop (didn't bet)
Seat 6: Dorex2007 folded before Flop (didn't bet)
Seat 8: shurik-ass (button) folded on the River
Seat 9: kanatakk (small blind) collected ($1)



PokerStars Hand #232088574728:  Hold'em No Limit ($0.01/$0.02 USD) - 2021/12/09 19:21:54 PT [2021/12/09 22:21:54 ET]
Table 'Segin' 9-max Seat #9 is the button
Seat 2: Aemstro ($3.51 in chips) 
Seat 3: NelSer777 ($5.01 in chips) 
Seat 4: DimaShalo ($3.27 in chips) 
Seat 5: bob4tier ($2.32 in chips) 
Seat 6: Dorex2007 ($2 in chips) 
Seat 8: shurik-ass ($2 in chips) 
Seat 9: kanatakk ($2.84 in chips) 
Aemstro: posts small blind $0.01
NelSer777: posts big blind $0.02
*** HOLE CARDS ***
Dealt to Dorex2007 [7c 7d]
DimaShalo: raises $0.04 to $0.06
bob4tier: folds 
Dorex2007: calls $0.06
shurik-ass: calls $0.06
kanatakk: folds 
Aemstro: folds 
NelSer777: raises $0.25 to $0.31
DimaShalo: calls $0.25
Dorex2007: folds 
shurik-ass: folds 
*** FLOP *** [5h 8c 6h]
NelSer777: bets $0.36
DimaShalo: folds 
Uncalled bet ($0.36) returned to NelSer777
NelSer777 collected $0.72 from pot
NelSer777: doesn't show hand 
*** SUMMARY ***
Total pot $0.75 | Rake $0.03 
Board [5h 8c 6h]
Seat 2: Aemstro (small blind) folded before Flop
Seat 3: NelSer777 (big blind) collected ($0.72)
Seat 4: DimaShalo folded on the Flop
Seat 5: bob4tier folded before Flop (didn't bet)
Seat 6: Dorex2007 folded before Flop
Seat 8: shurik-ass folded before Flop
Seat 9: kanatakk (button) folded before Flop (didn't bet)



PokerStars Hand #232088584248:  Hold'em No Limit ($0.01/$0.02 USD) - 2021/12/09 19:22:39 PT [2021/12/09 22:22:39 ET]
Table 'Segin' 9-max Seat #2 is the button
Seat 2: Aemstro ($3.50 in chips) 
Seat 3: NelSer777 ($5.42 in chips) 
Seat 4: DimaShalo ($2.96 in chips) 
Seat 5: bob4tier ($2.32 in chips) 
Seat 6: Dorex2007 ($2 in chips) 
Seat 8: shurik-ass ($2 in chips) 
Seat 9: kanatakk ($2.84 in chips) 
NelSer777: posts small blind $0.01
DimaShalo: posts big blind $0.02
ViniciusERC*: sits out 
*** HOLE CARDS ***
Dealt to Dorex2007 [5d 5c]
bob4tier: folds 
Dorex2007: calls $0.02
shurik-ass: folds 
kanatakk: folds 
Aemstro: raises $0.04 to $0.06
NelSer777: folds 
DimaShalo: folds 
Dorex2007: calls $0.04
*** FLOP *** [Ad 3s 7d]
Dorex2007: bets $0.14
Aemstro: folds 
Uncalled bet ($0.14) returned to Dorex2007
Dorex2007 collected $0.14 from pot
Dorex2007: doesn't show hand 
*** SUMMARY ***
Total pot $0.15 | Rake $0.01 
Board [Ad 3s 7d]
Seat 2: Aemstro (button) folded on the Flop
Seat 3: NelSer777 (small blind) folded before Flop
Seat 4: DimaShalo (big blind) folded before Flop
Seat 5: bob4tier folded before Flop (didn't bet)
Seat 6: Dorex2007 collected ($0.14)
Seat 8: shurik-ass folded before Flop (didn't bet)
Seat 9: kanatakk folded before Flop (didn't bet)



PokerStars Hand #232088589718:  Hold'em No Limit ($0.01/$0.02 USD) - 2021/12/09 19:23:04 PT [2021/12/09 22:23:04 ET]
Table 'Segin' 9-max Seat #3 is the button
Seat 2: Aemstro ($3.44 in chips) 
Seat 3: NelSer777 ($5.41 in chips) 
Seat 4: DimaShalo ($2.94 in chips) 
Seat 5: bob4tier ($2.32 in chips) 
Seat 6: Dorex2007 ($2.08 in chips) 
Seat 8: shurik-ass ($2 in chips) 
Seat 9: kanatakk ($2.84 in chips) 
DimaShalo: posts small blind $0.01
bob4tier: posts big blind $0.02
ViniciusERC*: sits out 
*** HOLE CARDS ***
Dealt to Dorex2007 [Th 9d]
Dorex2007: folds 
shurik-ass: folds 
kanatakk has timed out
kanatakk: folds 
Aemstro: folds 
NelSer777: folds 
DimaShalo: folds 
Uncalled bet ($0.01) returned to bob4tier
bob4tier collected $0.02 from pot
bob4tier: doesn't show hand 
*** SUMMARY ***
Total pot $0.02 | Rake $0 
Seat 2: Aemstro folded before Flop (didn't bet)
Seat 3: NelSer777 (button) folded before Flop (didn't bet)
Seat 4: DimaShalo (small blind) folded before Flop
Seat 5: bob4tier (big blind) collected ($0.02)
Seat 6: Dorex2007 folded before Flop (didn't bet)
Seat 8: shurik-ass folded before Flop (didn't bet)
Seat 9: kanatakk folded before Flop (didn't bet)



PokerStars Hand #232088594300:  Hold'em No Limit ($0.01/$0.02 USD) - 2021/12/09 19:23:26 PT [2021/12/09 22:23:26 ET]
Table 'Segin' 9-max Seat #4 is the button
Seat 2: Aemstro ($3.44 in chips) 
Seat 3: NelSer777 ($5.41 in chips) 
Seat 4: DimaShalo ($2.93 in chips) 
Seat 5: bob4tier ($2.33 in chips) 
Seat 6: Dorex2007 ($2.08 in chips) 
Seat 8: shurik-ass ($2 in chips) 
bob4tier: posts small blind $0.01
Dorex2007: posts big blind $0.02
ViniciusERC*: sits out 
*** HOLE CARDS ***
Dealt to Dorex2007 [5d Td]
shurik-ass: folds 
Aemstro: folds 
NelSer777: folds 
DimaShalo: folds 
bob4tier: folds 
Uncalled bet ($0.01) returned to Dorex2007
Dorex2007 collected $0.02 from pot
Dorex2007: doesn't show hand 
*** SUMMARY ***
Total pot $0.02 | Rake $0 
Seat 2: Aemstro folded before Flop (didn't bet)
Seat 3: NelSer777 folded before Flop (didn't bet)
Seat 4: DimaShalo (button) folded before Flop (didn't bet)
Seat 5: bob4tier (small blind) folded before Flop
Seat 6: Dorex2007 (big blind) collected ($0.02)
Seat 8: shurik-ass folded before Flop (didn't bet)



PokerStars Hand #232088597416:  Hold'em No Limit ($0.01/$0.02 USD) - 2021/12/09 19:23:41 PT [2021/12/09 22:23:41 ET]
Table 'Segin' 9-max Seat #5 is the button
Seat 2: Aemstro ($3.44 in chips) 
Seat 3: NelSer777 ($5.41 in chips) 
Seat 4: DimaShalo ($2.93 in chips) 
Seat 5: bob4tier ($2.32 in chips) 
Seat 6: Dorex2007 ($2.09 in chips) 
Seat 8: shurik-ass ($2 in chips) 
Seat 9: kanatakk ($2.84 in chips) 
Dorex2007: posts small blind $0.01
shurik-ass: posts big blind $0.02
ViniciusERC*: sits out 
*** HOLE CARDS ***
Dealt to Dorex2007 [Ah Kh]
kanatakk: folds 
Aemstro: folds 
NelSer777: folds 
DimaShalo: calls $0.02
bob4tier: calls $0.02
Dorex2007: raises $0.08 to $0.10
shurik-ass: folds 
DimaShalo: folds 
bob4tier: calls $0.08
*** FLOP *** [Jd 2s Qs]
Dorex2007: bets $0.23
bob4tier: calls $0.23
*** TURN *** [Jd 2s Qs] [4s]
Dorex2007: bets $0.68
bob4tier: folds 
Uncalled bet ($0.68) returned to Dorex2007
Dorex2007 collected $0.68 from pot
Geoios leaves the table
Dorex2007: doesn't show hand 
*** SUMMARY ***
Total pot $0.70 | Rake $0.02 
Board [Jd 2s Qs 4s]
Seat 2: Aemstro folded before Flop (didn't bet)
Seat 3: NelSer777 folded before Flop (didn't bet)
Seat 4: DimaShalo folded before Flop
Seat 5: bob4tier (button) folded on the Turn
Seat 6: Dorex2007 (small blind) collected ($0.68)
Seat 8: shurik-ass (big blind) folded before Flop
Seat 9: kanatakk folded before Flop (didn't bet)



PokerStars Hand #232088605349:  Hold'em No Limit ($0.01/$0.02 USD) - 2021/12/09 19:24:19 PT [2021/12/09 22:24:19 ET]
Table 'Segin' 9-max Seat #6 is the button
Seat 2: Aemstro ($3.44 in chips) 
Seat 3: NelSer777 ($5.41 in chips) 
Seat 4: DimaShalo ($2.91 in chips) 
Seat 5: bob4tier ($1.99 in chips) 
Seat 6: Dorex2007 ($2.44 in chips) 
Seat 8: shurik-ass ($2 in chips) 
Seat 9: kanatakk ($2.84 in chips) 
shurik-ass: posts small blind $0.01
kanatakk: posts big blind $0.02
ViniciusERC*: sits out 
*** HOLE CARDS ***
Dealt to Dorex2007 [4h 3s]
Aemstro: folds 
NelSer777: folds 
DimaShalo: folds 
bob4tier: folds 
Dorex2007: folds 
shurik-ass: folds 
Uncalled bet ($0.01) returned to kanatakk
kanatakk collected $0.02 from pot
kanatakk: doesn't show hand 
*** SUMMARY ***
Total pot $0.02 | Rake $0 
Seat 2: Aemstro folded before Flop (didn't bet)
Seat 3: NelSer777 folded before Flop (didn't bet)
Seat 4: DimaShalo folded before Flop (didn't bet)
Seat 5: bob4tier folded before Flop (didn't bet)
Seat 6: Dorex2007 (button) folded before Flop (didn't bet)
Seat 8: shurik-ass (small blind) folded before Flop
Seat 9: kanatakk (big blind) collected ($0.02)



PokerStars Hand #232088607490:  Hold'em No Limit ($0.01/$0.02 USD) - 2021/12/09 19:24:29 PT [2021/12/09 22:24:29 ET]
Table 'Segin' 9-max Seat #8 is the button
Seat 1: ViniciusERC* ($0.80 in chips) 
Seat 2: Aemstro ($3.44 in chips) 
Seat 3: NelSer777 ($5.41 in chips) 
Seat 4: DimaShalo ($2.91 in chips) 
Seat 5: bob4tier ($1.99 in chips) 
Seat 6: Dorex2007 ($2.44 in chips) 
Seat 8: shurik-ass ($2 in chips) 
Seat 9: kanatakk ($2.85 in chips) 
kanatakk: posts small blind $0.01
ViniciusERC*: posts big blind $0.02
*** HOLE CARDS ***
Dealt to Dorex2007 [4d Qc]
Aemstro: folds 
NelSer777: folds 
DimaShalo: folds 
bob4tier: folds 
Dorex2007: folds 
shurik-ass: folds 
kanatakk: raises $0.06 to $0.08
ViniciusERC*: folds 
Uncalled bet ($0.06) returned to kanatakk
kanatakk collected $0.04 from pot
kanatakk: doesn't show hand 
*** SUMMARY ***
Total pot $0.04 | Rake $0 
Seat 1: ViniciusERC* (big blind) folded before Flop
Seat 2: Aemstro folded before Flop (didn't bet)
Seat 3: NelSer777 folded before Flop (didn't bet)
Seat 4: DimaShalo folded before Flop (didn't bet)
Seat 5: bob4tier folded before Flop (didn't bet)
Seat 6: Dorex2007 folded before Flop (didn't bet)
Seat 8: shurik-ass (button) folded before Flop (didn't bet)
Seat 9: kanatakk (small blind) collected ($0.04)



PokerStars Hand #232088612930:  Hold'em No Limit ($0.01/$0.02 USD) - 2021/12/09 19:24:55 PT [2021/12/09 22:24:55 ET]
Table 'Segin' 9-max Seat #9 is the button
Seat 1: ViniciusERC* ($0.78 in chips) 
Seat 2: Aemstro ($3.44 in chips) 
Seat 3: NelSer777 ($5.41 in chips) 
Seat 4: DimaShalo ($2.91 in chips) 
Seat 5: bob4tier ($1.99 in chips) 
Seat 6: Dorex2007 ($2.44 in chips) 
Seat 8: shurik-ass ($2 in chips) 
Seat 9: kanatakk ($2.87 in chips) 
ViniciusERC*: posts small blind $0.01
Aemstro: posts big blind $0.02
*** HOLE CARDS ***
Dealt to Dorex2007 [7c 7h]
NelSer777: folds 
DimaShalo: folds 
bob4tier: folds 
Dorex2007: raises $0.02 to $0.04
shurik-ass: folds 
kanatakk: folds 
ViniciusERC*: calls $0.03
Aemstro: folds 
*** FLOP *** [Qd 9s Kc]
rich_patti69 joins the table at seat #7 
ViniciusERC*: checks 
Dorex2007: checks 
*** TURN *** [Qd 9s Kc] [Qs]
ViniciusERC*: checks 
Dorex2007: bets $0.07
ViniciusERC*: folds 
Uncalled bet ($0.07) returned to Dorex2007
Dorex2007 collected $0.10 from pot
Dorex2007: doesn't show hand 
*** SUMMARY ***
Total pot $0.10 | Rake $0 
Board [Qd 9s Kc Qs]
Seat 1: ViniciusERC* (small blind) folded on the Turn
Seat 2: Aemstro (big blind) folded before Flop
Seat 3: NelSer777 folded before Flop (didn't bet)
Seat 4: DimaShalo folded before Flop (didn't bet)
Seat 5: bob4tier folded before Flop (didn't bet)
Seat 6: Dorex2007 collected ($0.10)
Seat 8: shurik-ass folded before Flop (didn't bet)
Seat 9: kanatakk (button) folded before Flop (didn't bet)



PokerStars Hand #232088621551:  Hold'em No Limit ($0.01/$0.02 USD) - 2021/12/09 19:25:36 PT [2021/12/09 22:25:36 ET]
Table 'Segin' 9-max Seat #1 is the button
Seat 1: ViniciusERC* ($0.74 in chips) 
Seat 2: Aemstro ($3.42 in chips) 
Seat 3: NelSer777 ($5.41 in chips) 
Seat 4: DimaShalo ($2.91 in chips) 
Seat 5: bob4tier ($1.99 in chips) 
Seat 6: Dorex2007 ($2.50 in chips) 
Seat 8: shurik-ass ($2 in chips) 
Seat 9: kanatakk ($2.87 in chips) 
Aemstro: posts small blind $0.01
NelSer777: posts big blind $0.02
rich_patti69: sits out 
*** HOLE CARDS ***
Dealt to Dorex2007 [7h Kc]
DimaShalo: folds 
bob4tier: raises $0.06 to $0.08
Dorex2007: folds 
shurik-ass: calls $0.08
kanatakk: folds 
ViniciusERC*: folds 
Aemstro: folds 
NelSer777: folds 
*** FLOP *** [8h 5d Qh]
bob4tier: bets $0.18
shurik-ass: raises $0.18 to $0.36
bob4tier: raises $1.55 to $1.91 and is all-in
shurik-ass: folds 
Uncalled bet ($1.55) returned to bob4tier
bob4tier collected $0.88 from pot
bob4tier: doesn't show hand 
*** SUMMARY ***
Total pot $0.91 | Rake $0.03 
Board [8h 5d Qh]
Seat 1: ViniciusERC* (button) folded before Flop (didn't bet)
Seat 2: Aemstro (small blind) folded before Flop
Seat 3: NelSer777 (big blind) folded before Flop
Seat 4: DimaShalo folded before Flop (didn't bet)
Seat 5: bob4tier collected ($0.88)
Seat 6: Dorex2007 folded before Flop (didn't bet)
Seat 8: shurik-ass folded on the Flop
Seat 9: kanatakk folded before Flop (didn't bet)



PokerStars Hand #232088630211:  Hold'em No Limit ($0.01/$0.02 USD) - 2021/12/09 19:26:19 PT [2021/12/09 22:26:19 ET]
Table 'Segin' 9-max Seat #2 is the button
Seat 1: ViniciusERC* ($0.74 in chips) 
Seat 2: Aemstro ($3.41 in chips) 
Seat 3: NelSer777 ($5.39 in chips) 
Seat 4: DimaShalo ($2.91 in chips) 
Seat 5: bob4tier ($2.43 in chips) 
Seat 6: Dorex2007 ($2.50 in chips) 
Seat 7: rich_patti69 ($2 in chips) 
Seat 8: shurik-ass ($2 in chips) 
Seat 9: kanatakk ($2.87 in chips) 
NelSer777: posts small blind $0.01
DimaShalo: posts big blind $0.02
rich_patti69: posts big blind $0.02
*** HOLE CARDS ***
Dealt to Dorex2007 [6s 7c]
bob4tier: folds 
Dorex2007: folds 
rich_patti69: raises $0.05 to $0.07
shurik-ass: folds 
kanatakk: folds 
ViniciusERC*: folds 
Aemstro: folds 
NelSer777: folds 
DimaShalo: folds 
Uncalled bet ($0.05) returned to rich_patti69
rich_patti69 collected $0.05 from pot
*** SUMMARY ***
Total pot $0.05 | Rake $0 
Seat 1: ViniciusERC* folded before Flop (didn't bet)
Seat 2: Aemstro (button) folded before Flop (didn't bet)
Seat 3: NelSer777 (small blind) folded before Flop
Seat 4: DimaShalo (big blind) folded before Flop
Seat 5: bob4tier folded before Flop (didn't bet)
Seat 6: Dorex2007 folded before Flop (didn't bet)
Seat 7: rich_patti69 collected ($0.05)
Seat 8: shurik-ass folded before Flop (didn't bet)
Seat 9: kanatakk folded before Flop (didn't bet)



PokerStars Hand #232088634398:  Hold'em No Limit ($0.01/$0.02 USD) - 2021/12/09 19:26:39 PT [2021/12/09 22:26:39 ET]
Table 'Segin' 9-max Seat #3 is the button
Seat 1: ViniciusERC* ($0.74 in chips) 
Seat 2: Aemstro ($3.41 in chips) 
Seat 3: NelSer777 ($5.38 in chips) 
Seat 4: DimaShalo ($2.89 in chips) 
Seat 5: bob4tier ($2.43 in chips) 
Seat 6: Dorex2007 ($2.50 in chips) 
Seat 7: rich_patti69 ($2.03 in chips) 
Seat 8: shurik-ass ($2 in chips) 
Seat 9: kanatakk ($2.87 in chips) 
DimaShalo: posts small blind $0.01
bob4tier: posts big blind $0.02
*** HOLE CARDS ***
Dealt to Dorex2007 [Ts Qd]
Dorex2007: folds 
rich_patti69: calls $0.02
shurik-ass: folds 
kanatakk: folds 
ViniciusERC*: folds 
Aemstro: folds 
NelSer777: folds 
DimaShalo: raises $0.05 to $0.07
bob4tier: folds 
rich_patti69: calls $0.05
*** FLOP *** [9d 2s 2h]
DimaShalo: bets $0.10
rich_patti69: folds 
Uncalled bet ($0.10) returned to DimaShalo
DimaShalo collected $0.15 from pot
DimaShalo: doesn't show hand 
*** SUMMARY ***
Total pot $0.16 | Rake $0.01 
Board [9d 2s 2h]
Seat 1: ViniciusERC* folded before Flop (didn't bet)
Seat 2: Aemstro folded before Flop (didn't bet)
Seat 3: NelSer777 (button) folded before Flop (didn't bet)
Seat 4: DimaShalo (small blind) collected ($0.15)
Seat 5: bob4tier (big blind) folded before Flop
Seat 6: Dorex2007 folded before Flop (didn't bet)
Seat 7: rich_patti69 folded on the Flop
Seat 8: shurik-ass folded before Flop (didn't bet)
Seat 9: kanatakk folded before Flop (didn't bet)



PokerStars Hand #232088651119:  Hold'em No Limit ($0.01/$0.02 USD) - 2021/12/09 19:27:08 PT [2021/12/09 22:27:08 ET]
Table 'Segin' 9-max Seat #4 is the button
Seat 1: ViniciusERC* ($0.74 in chips) 
Seat 2: Aemstro ($3.41 in chips) 
Seat 3: NelSer777 ($5.38 in chips) 
Seat 4: DimaShalo ($2.97 in chips) 
Seat 5: bob4tier ($2.41 in chips) 
Seat 6: Dorex2007 ($2.50 in chips) 
Seat 7: rich_patti69 ($1.96 in chips) 
Seat 8: shurik-ass ($2 in chips) 
Seat 9: kanatakk ($2.87 in chips) 
bob4tier: posts small blind $0.01
Dorex2007: posts big blind $0.02
*** HOLE CARDS ***
Dealt to Dorex2007 [8h Tc]
rich_patti69: folds 
shurik-ass: folds 
kanatakk: folds 
ViniciusERC*: folds 
Aemstro: folds 
NelSer777: folds 
DimaShalo: folds 
bob4tier: calls $0.01
Dorex2007: checks 
*** FLOP *** [8d 5c 2c]
bob4tier: checks 
Dorex2007: bets $0.08
bob4tier: folds 
Uncalled bet ($0.08) returned to Dorex2007
Dorex2007 collected $0.04 from pot
Dorex2007: doesn't show hand 
*** SUMMARY ***
Total pot $0.04 | Rake $0 
Board [8d 5c 2c]
Seat 1: ViniciusERC* folded before Flop (didn't bet)
Seat 2: Aemstro folded before Flop (didn't bet)
Seat 3: NelSer777 folded before Flop (didn't bet)
Seat 4: DimaShalo (button) folded before Flop (didn't bet)
Seat 5: bob4tier (small blind) folded on the Flop
Seat 6: Dorex2007 (big blind) collected ($0.04)
Seat 7: rich_patti69 folded before Flop (didn't bet)
Seat 8: shurik-ass folded before Flop (didn't bet)
Seat 9: kanatakk folded before Flop (didn't bet)



PokerStars Hand #232088659160:  Hold'em No Limit ($0.01/$0.02 USD) - 2021/12/09 19:27:47 PT [2021/12/09 22:27:47 ET]
Table 'Segin' 9-max Seat #5 is the button
Seat 1: ViniciusERC* ($0.74 in chips) 
Seat 2: Aemstro ($3.41 in chips) 
Seat 3: NelSer777 ($5.38 in chips) 
Seat 4: DimaShalo ($2.97 in chips) 
Seat 5: bob4tier ($2.39 in chips) 
Seat 6: Dorex2007 ($2.52 in chips) 
Seat 7: rich_patti69 ($1.96 in chips) 
Seat 8: shurik-ass ($2 in chips) 
Seat 9: kanatakk ($2.87 in chips) 
Dorex2007: posts small blind $0.01
rich_patti69: posts big blind $0.02
*** HOLE CARDS ***
Dealt to Dorex2007 [8d Qh]
shurik-ass: folds 
kanatakk: folds 
ViniciusERC*: folds 
Aemstro: raises $0.04 to $0.06
NelSer777: calls $0.06
DimaShalo: folds 
bob4tier: folds 
Dorex2007: folds 
rich_patti69: folds 
*** FLOP *** [5c 2h Td]
Aemstro: bets $0.04
shurik-ass leaves the table
NelSer777: calls $0.04
*** TURN *** [5c 2h Td] [8s]
Aemstro: bets $0.10
KINGW0LF85 joins the table at seat #8 
NelSer777: folds 
Uncalled bet ($0.10) returned to Aemstro
Aemstro collected $0.22 from pot
Aemstro: doesn't show hand 
*** SUMMARY ***
Total pot $0.23 | Rake $0.01 
Board [5c 2h Td 8s]
Seat 1: ViniciusERC* folded before Flop (didn't bet)
Seat 2: Aemstro collected ($0.22)
Seat 3: NelSer777 folded on the Turn
Seat 4: DimaShalo folded before Flop (didn't bet)
Seat 5: bob4tier (button) folded before Flop (didn't bet)
Seat 6: Dorex2007 (small blind) folded before Flop
Seat 7: rich_patti69 (big blind) folded before Flop
Seat 8: shurik-ass folded before Flop (didn't bet)
Seat 9: kanatakk folded before Flop (didn't bet)



PokerStars Hand #232088668638:  Hold'em No Limit ($0.01/$0.02 USD) - 2021/12/09 19:28:33 PT [2021/12/09 22:28:33 ET]
Table 'Segin' 9-max Seat #6 is the button
Seat 1: ViniciusERC* ($0.74 in chips) 
Seat 2: Aemstro ($3.53 in chips) 
Seat 3: NelSer777 ($5.28 in chips) 
Seat 4: DimaShalo ($2.97 in chips) 
Seat 5: bob4tier ($2.39 in chips) 
Seat 6: Dorex2007 ($2.51 in chips) 
Seat 7: rich_patti69 ($1.94 in chips) 
Seat 8: KINGW0LF85 ($0.80 in chips) 
Seat 9: kanatakk ($2.87 in chips) 
rich_patti69: posts small blind $0.01
KINGW0LF85: posts big blind $0.02
*** HOLE CARDS ***
Dealt to Dorex2007 [6h Js]
kanatakk: folds 
ViniciusERC*: folds 
Aemstro: raises $0.04 to $0.06
NelSer777: calls $0.06
DimaShalo: folds 
bob4tier: calls $0.06
Dorex2007: folds 
rich_patti69: folds 
KINGW0LF85: folds 
*** FLOP *** [Qs Ks 3s]
Aemstro: checks 
NelSer777: checks 
bob4tier: bets $0.20
Aemstro: folds 
NelSer777: folds 
Uncalled bet ($0.20) returned to bob4tier
bob4tier collected $0.20 from pot
bob4tier: doesn't show hand 
*** SUMMARY ***
Total pot $0.21 | Rake $0.01 
Board [Qs Ks 3s]
Seat 1: ViniciusERC* folded before Flop (didn't bet)
Seat 2: Aemstro folded on the Flop
Seat 3: NelSer777 folded on the Flop
Seat 4: DimaShalo folded before Flop (didn't bet)
Seat 5: bob4tier collected ($0.20)
Seat 6: Dorex2007 (button) folded before Flop (didn't bet)
Seat 7: rich_patti69 (small blind) folded before Flop
Seat 8: KINGW0LF85 (big blind) folded before Flop
Seat 9: kanatakk folded before Flop (didn't bet)



PokerStars Hand #232088677001:  Hold'em No Limit ($0.01/$0.02 USD) - 2021/12/09 19:29:15 PT [2021/12/09 22:29:15 ET]
Table 'Segin' 9-max Seat #7 is the button
Seat 1: ViniciusERC* ($0.74 in chips) 
Seat 2: Aemstro ($3.47 in chips) 
Seat 3: NelSer777 ($5.22 in chips) 
Seat 4: DimaShalo ($2.97 in chips) 
Seat 5: bob4tier ($2.53 in chips) 
Seat 6: Dorex2007 ($2.51 in chips) 
Seat 7: rich_patti69 ($1.93 in chips) 
Seat 8: KINGW0LF85 ($0.78 in chips) 
Seat 9: kanatakk ($2.87 in chips) 
KINGW0LF85: posts small blind $0.01
kanatakk: posts big blind $0.02
*** HOLE CARDS ***
Dealt to Dorex2007 [Qd 7d]
ViniciusERC*: raises $0.02 to $0.04
Aemstro: folds 
NelSer777: folds 
DimaShalo: calls $0.04
bob4tier: folds 
Dorex2007: folds 
rich_patti69: calls $0.04
KINGW0LF85: folds 
kanatakk: calls $0.02
*** FLOP *** [4h Js 2h]
kanatakk: checks 
ViniciusERC*: checks 
DimaShalo: bets $0.11
rich_patti69: folds 
kanatakk: folds 
ViniciusERC*: folds 
Uncalled bet ($0.11) returned to DimaShalo
DimaShalo collected $0.16 from pot
DimaShalo: doesn't show hand 
*** SUMMARY ***
Total pot $0.17 | Rake $0.01 
Board [4h Js 2h]
Seat 1: ViniciusERC* folded on the Flop
Seat 2: Aemstro folded before Flop (didn't bet)
Seat 3: NelSer777 folded before Flop (didn't bet)
Seat 4: DimaShalo collected ($0.16)
Seat 5: bob4tier folded before Flop (didn't bet)
Seat 6: Dorex2007 folded before Flop (didn't bet)
Seat 7: rich_patti69 (button) folded on the Flop
Seat 8: KINGW0LF85 (small blind) folded before Flop
Seat 9: kanatakk (big blind) folded on the Flop



PokerStars Hand #232088683605:  Hold'em No Limit ($0.01/$0.02 USD) - 2021/12/09 19:29:47 PT [2021/12/09 22:29:47 ET]
Table 'Segin' 9-max Seat #8 is the button
Seat 1: ViniciusERC* ($0.70 in chips) 
Seat 2: Aemstro ($3.47 in chips) 
Seat 3: NelSer777 ($5.22 in chips) 
Seat 4: DimaShalo ($3.09 in chips) 
Seat 5: bob4tier ($2.53 in chips) 
Seat 6: Dorex2007 ($2.51 in chips) 
Seat 7: rich_patti69 ($1.89 in chips) 
Seat 8: KINGW0LF85 ($0.77 in chips) 
Seat 9: kanatakk ($2.83 in chips) 
kanatakk: posts small blind $0.01
ViniciusERC*: posts big blind $0.02
*** HOLE CARDS ***
Dealt to Dorex2007 [9s Ad]
Aemstro: folds 
NelSer777: folds 
DimaShalo: folds 
bob4tier: folds 
Dorex2007: folds 
rich_patti69: folds 
KINGW0LF85: raises $0.04 to $0.06
kanatakk: folds 
ViniciusERC*: folds 
Uncalled bet ($0.04) returned to KINGW0LF85
KINGW0LF85 collected $0.05 from pot
KINGW0LF85: doesn't show hand 
*** SUMMARY ***
Total pot $0.05 | Rake $0 
Seat 1: ViniciusERC* (big blind) folded before Flop
Seat 2: Aemstro folded before Flop (didn't bet)
Seat 3: NelSer777 folded before Flop (didn't bet)
Seat 4: DimaShalo folded before Flop (didn't bet)
Seat 5: bob4tier folded before Flop (didn't bet)
Seat 6: Dorex2007 folded before Flop (didn't bet)
Seat 7: rich_patti69 folded before Flop (didn't bet)
Seat 8: KINGW0LF85 (button) collected ($0.05)
Seat 9: kanatakk (small blind) folded before Flop



PokerStars Hand #232088687922:  Hold'em No Limit ($0.01/$0.02 USD) - 2021/12/09 19:30:08 PT [2021/12/09 22:30:08 ET]
Table 'Segin' 9-max Seat #9 is the button
Seat 1: ViniciusERC* ($0.68 in chips) 
Seat 2: Aemstro ($3.47 in chips) 
Seat 3: NelSer777 ($5.22 in chips) 
Seat 4: DimaShalo ($3.09 in chips) 
Seat 5: bob4tier ($2.53 in chips) 
Seat 6: Dorex2007 ($2.51 in chips) 
Seat 7: rich_patti69 ($1.89 in chips) 
Seat 8: KINGW0LF85 ($0.80 in chips) 
Seat 9: kanatakk ($2.82 in chips) 
ViniciusERC*: posts small blind $0.01
Aemstro: posts big blind $0.02
*** HOLE CARDS ***
Dealt to Dorex2007 [6s 8c]
NelSer777: folds 
DimaShalo: folds 
bob4tier: calls $0.02
Dorex2007: folds 
rich_patti69: folds 
KINGW0LF85: folds 
kanatakk: folds 
ViniciusERC*: calls $0.01
Aemstro: checks 
*** FLOP *** [5h 7d Qh]
ViniciusERC*: bets $0.04
Aemstro: folds 
bob4tier: calls $0.04
*** TURN *** [5h 7d Qh] [4d]
ViniciusERC*: bets $0.10
bob4tier: folds 
Uncalled bet ($0.10) returned to ViniciusERC*
ViniciusERC* collected $0.14 from pot
ViniciusERC*: doesn't show hand 
*** SUMMARY ***
Total pot $0.14 | Rake $0 
Board [5h 7d Qh 4d]
Seat 1: ViniciusERC* (small blind) collected ($0.14)
Seat 2: Aemstro (big blind) folded on the Flop
Seat 3: NelSer777 folded before Flop (didn't bet)
Seat 4: DimaShalo folded before Flop (didn't bet)
Seat 5: bob4tier folded on the Turn
Seat 6: Dorex2007 folded before Flop (didn't bet)
Seat 7: rich_patti69 folded before Flop (didn't bet)
Seat 8: KINGW0LF85 folded before Flop (didn't bet)
Seat 9: kanatakk (button) folded before Flop (didn't bet)



PokerStars Hand #232088697970:  Hold'em No Limit ($0.01/$0.02 USD) - 2021/12/09 19:30:58 PT [2021/12/09 22:30:58 ET]
Table 'Segin' 9-max Seat #1 is the button
Seat 1: ViniciusERC* ($0.76 in chips) 
Seat 2: Aemstro ($3.45 in chips) 
Seat 3: NelSer777 ($5.22 in chips) 
Seat 4: DimaShalo ($3.09 in chips) 
Seat 5: bob4tier ($2.47 in chips) 
Seat 6: Dorex2007 ($2.51 in chips) 
Seat 7: rich_patti69 ($1.89 in chips) 
Seat 8: KINGW0LF85 ($0.80 in chips) 
Seat 9: kanatakk ($2.82 in chips) 
Aemstro: posts small blind $0.01
NelSer777: posts big blind $0.02
*** HOLE CARDS ***
Dealt to Dorex2007 [Kd Qd]
DimaShalo: folds 
bob4tier: folds 
Dorex2007: raises $0.02 to $0.04
rich_patti69: folds 
KINGW0LF85: folds 
kanatakk: folds 
ViniciusERC*: folds 
Aemstro: calls $0.03
NelSer777: folds 
*** FLOP *** [Qc Ad 7h]
Aemstro: checks 
Dorex2007: bets $0.07
Aemstro: calls $0.07
*** TURN *** [Qc Ad 7h] [Ts]
Aemstro: checks 
Dorex2007: checks 
*** RIVER *** [Qc Ad 7h Ts] [8d]
Aemstro: bets $0.08
Dorex2007: calls $0.08
*** SHOW DOWN ***
Aemstro: shows [2c Ac] (a pair of Aces)
Dorex2007: mucks hand 
Aemstro collected $0.39 from pot
*** SUMMARY ***
Total pot $0.40 | Rake $0.01 
Board [Qc Ad 7h Ts 8d]
Seat 1: ViniciusERC* (button) folded before Flop (didn't bet)
Seat 2: Aemstro (small blind) showed [2c Ac] and won ($0.39) with a pair of Aces
Seat 3: NelSer777 (big blind) folded before Flop
Seat 4: DimaShalo folded before Flop (didn't bet)
Seat 5: bob4tier folded before Flop (didn't bet)
Seat 6: Dorex2007 mucked [Kd Qd]
Seat 7: rich_patti69 folded before Flop (didn't bet)
Seat 8: KINGW0LF85 folded before Flop (didn't bet)
Seat 9: kanatakk folded before Flop (didn't bet)



PokerStars Hand #232088705829:  Hold'em No Limit ($0.01/$0.02 USD) - 2021/12/09 19:31:36 PT [2021/12/09 22:31:36 ET]
Table 'Segin' 9-max Seat #2 is the button
Seat 1: ViniciusERC* ($0.76 in chips) 
Seat 2: Aemstro ($3.65 in chips) 
Seat 3: NelSer777 ($5.20 in chips) 
Seat 4: DimaShalo ($3.09 in chips) 
Seat 5: bob4tier ($2.47 in chips) 
Seat 6: Dorex2007 ($2.32 in chips) 
Seat 7: rich_patti69 ($1.89 in chips) 
Seat 8: KINGW0LF85 ($0.80 in chips) 
Seat 9: kanatakk ($2.82 in chips) 
NelSer777: posts small blind $0.01
DimaShalo: posts big blind $0.02
*** HOLE CARDS ***
Dealt to Dorex2007 [2c Ad]
bob4tier: folds 
Dorex2007: folds 
rich_patti69: calls $0.02
KINGW0LF85: raises $0.04 to $0.06
kanatakk: folds 
ViniciusERC*: folds 
Aemstro: folds 
NelSer777: folds 
DimaShalo: folds 
rich_patti69: calls $0.04
*** FLOP *** [3d 8s 7h]
rich_patti69: checks 
KINGW0LF85: bets $0.07
rich_patti69: calls $0.07
*** TURN *** [3d 8s 7h] [Jd]
rich_patti69: checks 
KINGW0LF85: bets $0.28
rich_patti69: raises $0.28 to $0.56
KINGW0LF85: calls $0.28
*** RIVER *** [3d 8s 7h Jd] [Kc]
rich_patti69: checks 
KINGW0LF85: checks 
*** SHOW DOWN ***
rich_patti69: shows [6h 8d] (a pair of Eights)
KINGW0LF85: shows [Td Tc] (a pair of Tens)
KINGW0LF85 collected $1.36 from pot
*** SUMMARY ***
Total pot $1.41 | Rake $0.05 
Board [3d 8s 7h Jd Kc]
Seat 1: ViniciusERC* folded before Flop (didn't bet)
Seat 2: Aemstro (button) folded before Flop (didn't bet)
Seat 3: NelSer777 (small blind) folded before Flop
Seat 4: DimaShalo (big blind) folded before Flop
Seat 5: bob4tier folded before Flop (didn't bet)
Seat 6: Dorex2007 folded before Flop (didn't bet)
Seat 7: rich_patti69 showed [6h 8d] and lost with a pair of Eights
Seat 8: KINGW0LF85 showed [Td Tc] and won ($1.36) with a pair of Tens
Seat 9: kanatakk folded before Flop (didn't bet)



PokerStars Hand #232088716019:  Hold'em No Limit ($0.01/$0.02 USD) - 2021/12/09 19:32:26 PT [2021/12/09 22:32:26 ET]
Table 'Segin' 9-max Seat #3 is the button
Seat 1: ViniciusERC* ($0.76 in chips) 
Seat 2: Aemstro ($3.65 in chips) 
Seat 3: NelSer777 ($5.19 in chips) 
Seat 4: DimaShalo ($3.07 in chips) 
Seat 5: bob4tier ($2.47 in chips) 
Seat 6: Dorex2007 ($2.32 in chips) 
Seat 7: rich_patti69 ($1.20 in chips) 
Seat 8: KINGW0LF85 ($1.47 in chips) 
Seat 9: kanatakk ($2.82 in chips) 
DimaShalo: posts small blind $0.01
bob4tier: posts big blind $0.02
*** HOLE CARDS ***
Dealt to Dorex2007 [Qs 7c]
Dorex2007: folds 
rich_patti69: folds 
KINGW0LF85: raises $0.04 to $0.06
kanatakk: calls $0.06
ViniciusERC*: calls $0.06
Aemstro: folds 
NelSer777: folds 
DimaShalo: folds 
bob4tier: calls $0.04
*** FLOP *** [Qh Kh 7h]
bob4tier: checks 
KINGW0LF85: bets $0.06
kanatakk: calls $0.06
ViniciusERC*: calls $0.06
bob4tier: calls $0.06
*** TURN *** [Qh Kh 7h] [5h]
bob4tier: checks 
KINGW0LF85: checks 
kanatakk: checks 
ViniciusERC*: checks 
*** RIVER *** [Qh Kh 7h 5h] [8h]
bob4tier: checks 
KINGW0LF85: bets $0.24
kanatakk: calls $0.24
ViniciusERC*: raises $0.40 to $0.64 and is all-in
bob4tier: folds 
KINGW0LF85: calls $0.40
kanatakk: folds 
*** SHOW DOWN ***
ViniciusERC*: shows [Jd Ah] (a flush, Ace high)
KINGW0LF85: shows [Tc 9d] (a flush, King high)
ViniciusERC* collected $1.94 from pot
*** SUMMARY ***
Total pot $2.01 | Rake $0.07 
Board [Qh Kh 7h 5h 8h]
Seat 1: ViniciusERC* showed [Jd Ah] and won ($1.94) with a flush, Ace high
Seat 2: Aemstro folded before Flop (didn't bet)
Seat 3: NelSer777 (button) folded before Flop (didn't bet)
Seat 4: DimaShalo (small blind) folded before Flop
Seat 5: bob4tier (big blind) folded on the River
Seat 6: Dorex2007 folded before Flop (didn't bet)
Seat 7: rich_patti69 folded before Flop (didn't bet)
Seat 8: KINGW0LF85 showed [Tc 9d] and lost with a flush, King high
Seat 9: kanatakk folded on the River



PokerStars Hand #232088734325:  Hold'em No Limit ($0.01/$0.02 USD) - 2021/12/09 19:33:55 PT [2021/12/09 22:33:55 ET]
Table 'Segin' 9-max Seat #4 is the button
Seat 1: ViniciusERC* ($1.94 in chips) 
Seat 2: Aemstro ($3.65 in chips) 
Seat 3: NelSer777 ($5.19 in chips) 
Seat 4: DimaShalo ($3.06 in chips) 
Seat 5: bob4tier ($2.35 in chips) 
Seat 6: Dorex2007 ($2.32 in chips) 
Seat 7: rich_patti69 ($1.20 in chips) 
Seat 8: KINGW0LF85 ($0.71 in chips) 
Seat 9: kanatakk ($2.46 in chips) 
bob4tier: posts small blind $0.01
Dorex2007: posts big blind $0.02
*** HOLE CARDS ***
Dealt to Dorex2007 [5c 5h]
rich_patti69: calls $0.02
KINGW0LF85: raises $0.06 to $0.08
kanatakk: folds 
ViniciusERC*: folds 
Aemstro: folds 
NelSer777: folds 
DimaShalo: folds 
bob4tier: folds 
Dorex2007: calls $0.06
rich_patti69: calls $0.06
*** FLOP *** [5d 6s 8h]
Dorex2007: checks 
rich_patti69: checks 
KINGW0LF85: bets $0.10
Dorex2007: raises $0.20 to $0.30
rich_patti69: folds 
KINGW0LF85: calls $0.20
*** TURN *** [5d 6s 8h] [7c]
Dorex2007: bets $0.82
KINGW0LF85: calls $0.33 and is all-in
Uncalled bet ($0.49) returned to Dorex2007
*** RIVER *** [5d 6s 8h 7c] [4c]
*** SHOW DOWN ***
Dorex2007: shows [5c 5h] (a straight, Four to Eight)
KINGW0LF85: shows [9d Ad] (a straight, Five to Nine)
KINGW0LF85 collected $1.46 from pot
Dorex2007 cashed out the hand for $0.39
*** SUMMARY ***
Total pot $1.51 | Rake $0.05 
Board [5d 6s 8h 7c 4c]
Seat 1: ViniciusERC* folded before Flop (didn't bet)
Seat 2: Aemstro folded before Flop (didn't bet)
Seat 3: NelSer777 folded before Flop (didn't bet)
Seat 4: DimaShalo (button) folded before Flop (didn't bet)
Seat 5: bob4tier (small blind) folded before Flop
Seat 6: Dorex2007 (big blind) showed [5c 5h] and lost with a straight, Four to Eight (cashed out).
Seat 7: rich_patti69 folded on the Flop
Seat 8: KINGW0LF85 showed [9d Ad] and won ($1.46) with a straight, Five to Nine
Seat 9: kanatakk folded before Flop (didn't bet)



PokerStars Hand #232088747355:  Hold'em No Limit ($0.01/$0.02 USD) - 2021/12/09 19:35:00 PT [2021/12/09 22:35:00 ET]
Table 'Segin' 9-max Seat #5 is the button
Seat 1: ViniciusERC* ($1.94 in chips) 
Seat 2: Aemstro ($3.65 in chips) 
Seat 3: NelSer777 ($5.19 in chips) 
Seat 4: DimaShalo ($3.06 in chips) 
Seat 5: bob4tier ($2.34 in chips) 
Seat 6: Dorex2007 ($2 in chips) 
Seat 7: rich_patti69 ($1.12 in chips) 
Seat 8: KINGW0LF85 ($1.46 in chips) 
Seat 9: kanatakk ($2.46 in chips) 
Dorex2007: posts small blind $0.01
rich_patti69: posts big blind $0.02
*** HOLE CARDS ***
Dealt to Dorex2007 [Ts Ah]
KINGW0LF85: folds 
kanatakk: folds 
ViniciusERC*: folds 
Aemstro: folds 
NelSer777: raises $0.04 to $0.06
DimaShalo: calls $0.06
bob4tier: folds 
Dorex2007: calls $0.05
rich_patti69: calls $0.04
*** FLOP *** [9c 3s 2h]
Dorex2007: checks 
rich_patti69: checks 
NelSer777: checks 
DimaShalo: checks 
*** TURN *** [9c 3s 2h] [Qh]
Dorex2007: bets $0.12
rich_patti69: folds 
NelSer777: raises $0.12 to $0.24
DimaShalo: folds 
Dorex2007: calls $0.12
*** RIVER *** [9c 3s 2h Qh] [Qd]
Dorex2007: bets $0.35
NelSer777: raises $0.70 to $1.05
Dorex2007: folds 
Uncalled bet ($0.70) returned to NelSer777
NelSer777 collected $1.37 from pot
NelSer777: doesn't show hand 
*** SUMMARY ***
Total pot $1.42 | Rake $0.05 
Board [9c 3s 2h Qh Qd]
Seat 1: ViniciusERC* folded before Flop (didn't bet)
Seat 2: Aemstro folded before Flop (didn't bet)
Seat 3: NelSer777 collected ($1.37)
Seat 4: DimaShalo folded on the Turn
Seat 5: bob4tier (button) folded before Flop (didn't bet)
Seat 6: Dorex2007 (small blind) folded on the River
Seat 7: rich_patti69 (big blind) folded on the Turn
Seat 8: KINGW0LF85 folded before Flop (didn't bet)
Seat 9: kanatakk folded before Flop (didn't bet)



PokerStars Hand #232088765501:  Hold'em No Limit ($0.01/$0.02 USD) - 2021/12/09 19:36:29 PT [2021/12/09 22:36:29 ET]
Table 'Segin' 9-max Seat #6 is the button
Seat 1: ViniciusERC* ($1.94 in chips) 
Seat 2: Aemstro ($3.65 in chips) 
Seat 3: NelSer777 ($5.91 in chips) 
Seat 4: DimaShalo ($3 in chips) 
Seat 5: bob4tier ($2.34 in chips) 
Seat 6: Dorex2007 ($2 in chips) 
Seat 7: rich_patti69 ($1.06 in chips) 
Seat 8: KINGW0LF85 ($1.46 in chips) 
Seat 9: kanatakk ($2.46 in chips) 
rich_patti69: posts small blind $0.01
KINGW0LF85: posts big blind $0.02
*** HOLE CARDS ***
Dealt to Dorex2007 [7h As]
kanatakk: folds 
ViniciusERC*: folds 
Aemstro: raises $0.04 to $0.06
NelSer777: folds 
DimaShalo: folds 
bob4tier: folds 
Dorex2007: folds 
rich_patti69: folds 
KINGW0LF85: raises $0.06 to $0.12
Aemstro: calls $0.06
*** FLOP *** [3s 8d 2h]
KINGW0LF85: bets $0.16
Aemstro: calls $0.16
*** TURN *** [3s 8d 2h] [5h]
KINGW0LF85: bets $0.55
Aemstro: calls $0.55
*** RIVER *** [3s 8d 2h 5h] [6c]
KINGW0LF85: bets $0.63 and is all-in
Aemstro: folds 
Uncalled bet ($0.63) returned to KINGW0LF85
KINGW0LF85 collected $1.61 from pot
KINGW0LF85: doesn't show hand 
*** SUMMARY ***
Total pot $1.67 | Rake $0.06 
Board [3s 8d 2h 5h 6c]
Seat 1: ViniciusERC* folded before Flop (didn't bet)
Seat 2: Aemstro folded on the River
Seat 3: NelSer777 folded before Flop (didn't bet)
Seat 4: DimaShalo folded before Flop (didn't bet)
Seat 5: bob4tier folded before Flop (didn't bet)
Seat 6: Dorex2007 (button) folded before Flop (didn't bet)
Seat 7: rich_patti69 (small blind) folded before Flop
Seat 8: KINGW0LF85 (big blind) collected ($1.61)
Seat 9: kanatakk folded before Flop (didn't bet)



PokerStars Hand #232088779234:  Hold'em No Limit ($0.01/$0.02 USD) - 2021/12/09 19:37:37 PT [2021/12/09 22:37:37 ET]
Table 'Segin' 9-max Seat #7 is the button
Seat 1: ViniciusERC* ($1.94 in chips) 
Seat 2: Aemstro ($2.82 in chips) 
Seat 3: NelSer777 ($5.91 in chips) 
Seat 4: DimaShalo ($3 in chips) 
Seat 5: bob4tier ($2.34 in chips) 
Seat 6: Dorex2007 ($2 in chips) 
Seat 7: rich_patti69 ($1.05 in chips) 
Seat 8: KINGW0LF85 ($2.24 in chips) 
Seat 9: kanatakk ($2.46 in chips) 
KINGW0LF85: posts small blind $0.01
kanatakk: posts big blind $0.02
*** HOLE CARDS ***
Dealt to Dorex2007 [Th 6d]
ViniciusERC*: raises $0.02 to $0.04
Aemstro: folds 
NelSer777: folds 
DimaShalo: raises $0.08 to $0.12
bob4tier: folds 
Dorex2007: folds 
rich_patti69: folds 
KINGW0LF85: folds 
kanatakk: folds 
ViniciusERC*: calls $0.08
*** FLOP *** [8c 6s Ac]
ViniciusERC*: checks 
DimaShalo: checks 
*** TURN *** [8c 6s Ac] [2h]
ViniciusERC*: checks 
DimaShalo: checks 
*** RIVER *** [8c 6s Ac 2h] [Jh]
ViniciusERC*: bets $0.13
DimaShalo: folds 
Uncalled bet ($0.13) returned to ViniciusERC*
ViniciusERC* collected $0.26 from pot
ViniciusERC*: doesn't show hand 
*** SUMMARY ***
Total pot $0.27 | Rake $0.01 
Board [8c 6s Ac 2h Jh]
Seat 1: ViniciusERC* collected ($0.26)
Seat 2: Aemstro folded before Flop (didn't bet)
Seat 3: NelSer777 folded before Flop (didn't bet)
Seat 4: DimaShalo folded on the River
Seat 5: bob4tier folded before Flop (didn't bet)
Seat 6: Dorex2007 folded before Flop (didn't bet)
Seat 7: rich_patti69 (button) folded before Flop (didn't bet)
Seat 8: KINGW0LF85 (small blind) folded before Flop
Seat 9: kanatakk (big blind) folded before Flop



PokerStars Hand #232088787607:  Hold'em No Limit ($0.01/$0.02 USD) - 2021/12/09 19:38:19 PT [2021/12/09 22:38:19 ET]
Table 'Segin' 9-max Seat #8 is the button
Seat 1: ViniciusERC* ($2.08 in chips) 
Seat 2: Aemstro ($2.82 in chips) 
Seat 3: NelSer777 ($5.91 in chips) 
Seat 4: DimaShalo ($2.88 in chips) 
Seat 5: bob4tier ($2.34 in chips) 
Seat 6: Dorex2007 ($2 in chips) 
Seat 7: rich_patti69 ($1.05 in chips) 
Seat 8: KINGW0LF85 ($2.23 in chips) 
Seat 9: kanatakk ($2.44 in chips) 
kanatakk: posts small blind $0.01
ViniciusERC*: posts big blind $0.02
*** HOLE CARDS ***
Dealt to Dorex2007 [Jc 3h]
Aemstro: folds 
NelSer777: raises $0.04 to $0.06
DimaShalo: folds 
bob4tier: folds 
Dorex2007: folds 
rich_patti69: calls $0.06
KINGW0LF85: folds 
kanatakk: calls $0.05
ViniciusERC*: folds 
*** FLOP *** [Ah 5c 5d]
kanatakk: checks 
NelSer777: checks 
rich_patti69: checks 
*** TURN *** [Ah 5c 5d] [Ts]
kanatakk: checks 
NelSer777: checks 
rich_patti69: checks 
*** RIVER *** [Ah 5c 5d Ts] [6c]
kanatakk: checks 
NelSer777: bets $0.06
rich_patti69: calls $0.06
kanatakk: folds 
*** SHOW DOWN ***
NelSer777: shows [Js Jd] (two pair, Jacks and Fives)
rich_patti69: mucks hand 
NelSer777 collected $0.31 from pot
*** SUMMARY ***
Total pot $0.32 | Rake $0.01 
Board [Ah 5c 5d Ts 6c]
Seat 1: ViniciusERC* (big blind) folded before Flop
Seat 2: Aemstro folded before Flop (didn't bet)
Seat 3: NelSer777 showed [Js Jd] and won ($0.31) with two pair, Jacks and Fives
Seat 4: DimaShalo folded before Flop (didn't bet)
Seat 5: bob4tier folded before Flop (didn't bet)
Seat 6: Dorex2007 folded before Flop (didn't bet)
Seat 7: rich_patti69 mucked [Th Kh]
Seat 8: KINGW0LF85 (button) folded before Flop (didn't bet)
Seat 9: kanatakk (small blind) folded on the River



PokerStars Hand #232088797893:  Hold'em No Limit ($0.01/$0.02 USD) - 2021/12/09 19:39:11 PT [2021/12/09 22:39:11 ET]
Table 'Segin' 9-max Seat #9 is the button
Seat 1: ViniciusERC* ($2.06 in chips) 
Seat 2: Aemstro ($2.82 in chips) 
Seat 3: NelSer777 ($6.10 in chips) 
Seat 4: DimaShalo ($2.88 in chips) 
Seat 5: bob4tier ($2.34 in chips) 
Seat 6: Dorex2007 ($2 in chips) 
Seat 7: rich_patti69 ($0.93 in chips) 
Seat 8: KINGW0LF85 ($2.23 in chips) 
Seat 9: kanatakk ($2.38 in chips) 
ViniciusERC*: posts small blind $0.01
Aemstro: posts big blind $0.02
*** HOLE CARDS ***
Dealt to Dorex2007 [8s Ts]
NelSer777: folds 
DimaShalo: raises $0.04 to $0.06
bob4tier: calls $0.06
Dorex2007: folds 
rich_patti69: folds 
KINGW0LF85: folds 
kanatakk: folds 
ViniciusERC*: folds 
Aemstro: folds 
*** FLOP *** [9h 5c 2d]
DimaShalo: checks 
bob4tier: bets $0.14
DimaShalo: folds 
Uncalled bet ($0.14) returned to bob4tier
bob4tier collected $0.14 from pot
bob4tier: doesn't show hand 
*** SUMMARY ***
Total pot $0.15 | Rake $0.01 
Board [9h 5c 2d]
Seat 1: ViniciusERC* (small blind) folded before Flop
Seat 2: Aemstro (big blind) folded before Flop
Seat 3: NelSer777 folded before Flop (didn't bet)
Seat 4: DimaShalo folded on the Flop
Seat 5: bob4tier collected ($0.14)
Seat 6: Dorex2007 folded before Flop (didn't bet)
Seat 7: rich_patti69 folded before Flop (didn't bet)
Seat 8: KINGW0LF85 folded before Flop (didn't bet)
Seat 9: kanatakk (button) folded before Flop (didn't bet)



PokerStars Hand #232088804412:  Hold'em No Limit ($0.01/$0.02 USD) - 2021/12/09 19:39:44 PT [2021/12/09 22:39:44 ET]
Table 'Segin' 9-max Seat #1 is the button
Seat 1: ViniciusERC* ($2.05 in chips) 
Seat 2: Aemstro ($2.80 in chips) 
Seat 3: NelSer777 ($6.10 in chips) 
Seat 4: DimaShalo ($2.82 in chips) 
Seat 5: bob4tier ($2.42 in chips) 
Seat 6: Dorex2007 ($2 in chips) 
Seat 7: rich_patti69 ($0.93 in chips) 
Seat 8: KINGW0LF85 ($2.23 in chips) 
Seat 9: kanatakk ($2.38 in chips) 
Aemstro: posts small blind $0.01
NelSer777: posts big blind $0.02
*** HOLE CARDS ***
Dealt to Dorex2007 [6c 8c]
DimaShalo: folds 
bob4tier: folds 
Dorex2007: folds 
rich_patti69: calls $0.02
KINGW0LF85: folds 
kanatakk: folds 
ViniciusERC*: calls $0.02
Aemstro: folds 
NelSer777: raises $0.07 to $0.09
rich_patti69: calls $0.07
ViniciusERC*: calls $0.07
*** FLOP *** [7d Kh Tc]
NelSer777: bets $0.08
rich_patti69: folds 
ViniciusERC*: calls $0.08
*** TURN *** [7d Kh Tc] [Qd]
NelSer777: checks 
ViniciusERC*: checks 
*** RIVER *** [7d Kh Tc Qd] [5s]
NelSer777: checks 
ViniciusERC*: bets $0.20
NelSer777: folds 
Uncalled bet ($0.20) returned to ViniciusERC*
ViniciusERC* collected $0.42 from pot
ViniciusERC*: doesn't show hand 
*** SUMMARY ***
Total pot $0.44 | Rake $0.02 
Board [7d Kh Tc Qd 5s]
Seat 1: ViniciusERC* (button) collected ($0.42)
Seat 2: Aemstro (small blind) folded before Flop
Seat 3: NelSer777 (big blind) folded on the River
Seat 4: DimaShalo folded before Flop (didn't bet)
Seat 5: bob4tier folded before Flop (didn't bet)
Seat 6: Dorex2007 folded before Flop (didn't bet)
Seat 7: rich_patti69 folded on the Flop
Seat 8: KINGW0LF85 folded before Flop (didn't bet)
Seat 9: kanatakk folded before Flop (didn't bet)



PokerStars Hand #232088830816:  Hold'em No Limit ($0.01/$0.02 USD) - 2021/12/09 19:40:44 PT [2021/12/09 22:40:44 ET]
Table 'Segin' 9-max Seat #2 is the button
Seat 1: ViniciusERC* ($2.30 in chips) 
Seat 2: Aemstro ($2.79 in chips) 
Seat 3: NelSer777 ($5.93 in chips) 
Seat 4: DimaShalo ($2.82 in chips) 
Seat 5: bob4tier ($2.42 in chips) 
Seat 6: Dorex2007 ($2 in chips) 
Seat 7: rich_patti69 ($0.84 in chips) 
Seat 8: KINGW0LF85 ($2.23 in chips) 
Seat 9: kanatakk ($2.38 in chips) 
NelSer777: posts small blind $0.01
DimaShalo: posts big blind $0.02
*** HOLE CARDS ***
Dealt to Dorex2007 [8c 4c]
bob4tier: folds 
Dorex2007: folds 
rich_patti69: calls $0.02
KINGW0LF85: raises $0.06 to $0.08
kanatakk: folds 
ViniciusERC*: folds 
Aemstro: folds 
NelSer777: folds 
DimaShalo: folds 
rich_patti69: calls $0.06
*** FLOP *** [Qh 9h 5h]
rich_patti69: checks 
KINGW0LF85: bets $0.18
rich_patti69: calls $0.18
*** TURN *** [Qh 9h 5h] [Jd]
rich_patti69: checks 
KINGW0LF85: checks 
*** RIVER *** [Qh 9h 5h Jd] [Kd]
rich_patti69: checks 
KINGW0LF85: checks 
*** SHOW DOWN ***
rich_patti69: shows [Ac As] (a pair of Aces)
KINGW0LF85: mucks hand 
rich_patti69 collected $0.53 from pot
*** SUMMARY ***
Total pot $0.55 | Rake $0.02 
Board [Qh 9h 5h Jd Kd]
Seat 1: ViniciusERC* folded before Flop (didn't bet)
Seat 2: Aemstro (button) folded before Flop (didn't bet)
Seat 3: NelSer777 (small blind) folded before Flop
Seat 4: DimaShalo (big blind) folded before Flop
Seat 5: bob4tier folded before Flop (didn't bet)
Seat 6: Dorex2007 folded before Flop (didn't bet)
Seat 7: rich_patti69 showed [Ac As] and won ($0.53) with a pair of Aces
Seat 8: KINGW0LF85 mucked [Ad 8h]
Seat 9: kanatakk folded before Flop (didn't bet)



PokerStars Hand #232088838813:  Hold'em No Limit ($0.01/$0.02 USD) - 2021/12/09 19:41:24 PT [2021/12/09 22:41:24 ET]
Table 'Segin' 9-max Seat #3 is the button
Seat 1: ViniciusERC* ($2.30 in chips) 
Seat 2: Aemstro ($2.79 in chips) 
Seat 3: NelSer777 ($5.92 in chips) 
Seat 4: DimaShalo ($2.80 in chips) 
Seat 5: bob4tier ($2.42 in chips) 
Seat 6: Dorex2007 ($2 in chips) 
Seat 7: rich_patti69 ($1.11 in chips) 
Seat 8: KINGW0LF85 ($1.97 in chips) 
Seat 9: kanatakk ($2.38 in chips) 
DimaShalo: posts small blind $0.01
bob4tier: posts big blind $0.02
*** HOLE CARDS ***
Dealt to Dorex2007 [4c 4d]
Dorex2007: calls $0.02
rich_patti69: folds 
KINGW0LF85: raises $0.08 to $0.10
kanatakk: folds 
ViniciusERC*: folds 
Aemstro: folds 
NelSer777: folds 
DimaShalo: folds 
bob4tier: folds 
Dorex2007: folds 
Uncalled bet ($0.08) returned to KINGW0LF85
KINGW0LF85 collected $0.07 from pot
KINGW0LF85: doesn't show hand 
*** SUMMARY ***
Total pot $0.07 | Rake $0 
Seat 1: ViniciusERC* folded before Flop (didn't bet)
Seat 2: Aemstro folded before Flop (didn't bet)
Seat 3: NelSer777 (button) folded before Flop (didn't bet)
Seat 4: DimaShalo (small blind) folded before Flop
Seat 5: bob4tier (big blind) folded before Flop
Seat 6: Dorex2007 folded before Flop
Seat 7: rich_patti69 folded before Flop (didn't bet)
Seat 8: KINGW0LF85 collected ($0.07)
Seat 9: kanatakk folded before Flop (didn't bet)



PokerStars Hand #232088844540:  Hold'em No Limit ($0.01/$0.02 USD) - 2021/12/09 19:41:53 PT [2021/12/09 22:41:53 ET]
Table 'Segin' 9-max Seat #4 is the button
Seat 1: ViniciusERC* ($2.30 in chips) 
Seat 2: Aemstro ($2.79 in chips) 
Seat 3: NelSer777 ($5.92 in chips) 
Seat 4: DimaShalo ($2.79 in chips) 
Seat 5: bob4tier ($2.40 in chips) 
Seat 6: Dorex2007 ($2 in chips) 
Seat 7: rich_patti69 ($1.11 in chips) 
Seat 8: KINGW0LF85 ($2.02 in chips) 
Seat 9: kanatakk ($2.38 in chips) 
bob4tier: posts small blind $0.01
Dorex2007: posts big blind $0.02
*** HOLE CARDS ***
Dealt to Dorex2007 [5s 5d]
rich_patti69: folds 
KINGW0LF85: folds 
kanatakk: raises $0.04 to $0.06
ViniciusERC*: folds 
Aemstro: folds 
NelSer777: folds 
DimaShalo: calls $0.06
bob4tier: folds 
Dorex2007: calls $0.04
*** FLOP *** [8s 7c Qh]
Dorex2007: checks 
kanatakk: checks 
DimaShalo: checks 
*** TURN *** [8s 7c Qh] [7s]
Dorex2007: bets $0.09
kanatakk: folds 
DimaShalo: folds 
Uncalled bet ($0.09) returned to Dorex2007
Dorex2007 collected $0.18 from pot
Dorex2007: doesn't show hand 
*** SUMMARY ***
Total pot $0.19 | Rake $0.01 
Board [8s 7c Qh 7s]
Seat 1: ViniciusERC* folded before Flop (didn't bet)
Seat 2: Aemstro folded before Flop (didn't bet)
Seat 3: NelSer777 folded before Flop (didn't bet)
Seat 4: DimaShalo (button) folded on the Turn
Seat 5: bob4tier (small blind) folded before Flop
Seat 6: Dorex2007 (big blind) collected ($0.18)
Seat 7: rich_patti69 folded before Flop (didn't bet)
Seat 8: KINGW0LF85 folded before Flop (didn't bet)
Seat 9: kanatakk folded on the Turn



PokerStars Hand #232088853436:  Hold'em No Limit ($0.01/$0.02 USD) - 2021/12/09 19:42:38 PT [2021/12/09 22:42:38 ET]
Table 'Segin' 9-max Seat #5 is the button
Seat 1: ViniciusERC* ($2.30 in chips) 
Seat 2: Aemstro ($2.79 in chips) 
Seat 3: NelSer777 ($5.92 in chips) 
Seat 4: DimaShalo ($2.73 in chips) 
Seat 5: bob4tier ($2.39 in chips) 
Seat 6: Dorex2007 ($2.12 in chips) 
Seat 7: rich_patti69 ($1.11 in chips) 
Seat 8: KINGW0LF85 ($2.02 in chips) 
Seat 9: kanatakk ($2.32 in chips) 
Dorex2007: posts small blind $0.01
rich_patti69: posts big blind $0.02
*** HOLE CARDS ***
Dealt to Dorex2007 [4h 4s]
KINGW0LF85: folds 
kanatakk: folds 
ViniciusERC*: calls $0.02
Aemstro: folds 
NelSer777: folds 
DimaShalo: folds 
bob4tier has timed out
bob4tier: folds 
Dorex2007: calls $0.01
rich_patti69: checks 
*** FLOP *** [6c 8s 5c]
Dorex2007: checks 
rich_patti69: checks 
ViniciusERC*: checks 
*** TURN *** [6c 8s 5c] [7h]
Dorex2007: bets $0.06
rich_patti69: folds 
ViniciusERC*: folds 
Uncalled bet ($0.06) returned to Dorex2007
Dorex2007 collected $0.06 from pot
Dorex2007: doesn't show hand 
*** SUMMARY ***
Total pot $0.06 | Rake $0 
Board [6c 8s 5c 7h]
Seat 1: ViniciusERC* folded on the Turn
Seat 2: Aemstro folded before Flop (didn't bet)
Seat 3: NelSer777 folded before Flop (didn't bet)
Seat 4: DimaShalo folded before Flop (didn't bet)
Seat 5: bob4tier (button) folded before Flop (didn't bet)
Seat 6: Dorex2007 (small blind) collected ($0.06)
Seat 7: rich_patti69 (big blind) folded on the Turn
Seat 8: KINGW0LF85 folded before Flop (didn't bet)
Seat 9: kanatakk folded before Flop (didn't bet)



PokerStars Hand #232088861718:  Hold'em No Limit ($0.01/$0.02 USD) - 2021/12/09 19:43:21 PT [2021/12/09 22:43:21 ET]
Table 'Segin' 9-max Seat #6 is the button
Seat 1: ViniciusERC* ($2.28 in chips) 
Seat 2: Aemstro ($2.79 in chips) 
Seat 3: NelSer777 ($5.92 in chips) 
Seat 4: DimaShalo ($2.73 in chips) 
Seat 5: bob4tier ($2.39 in chips) 
Seat 6: Dorex2007 ($2.16 in chips) 
Seat 7: rich_patti69 ($1.09 in chips) 
Seat 8: KINGW0LF85 ($2.02 in chips) 
Seat 9: kanatakk ($2.32 in chips) 
rich_patti69: posts small blind $0.01
KINGW0LF85: posts big blind $0.02
*** HOLE CARDS ***
Dealt to Dorex2007 [9c As]
kanatakk: folds 
ViniciusERC*: folds 
Aemstro: folds 
NelSer777: folds 
DimaShalo: folds 
bob4tier: folds 
Dorex2007: folds 
rich_patti69: folds 
Uncalled bet ($0.01) returned to KINGW0LF85
KINGW0LF85 collected $0.02 from pot
KINGW0LF85: doesn't show hand 
*** SUMMARY ***
Total pot $0.02 | Rake $0 
Seat 1: ViniciusERC* folded before Flop (didn't bet)
Seat 2: Aemstro folded before Flop (didn't bet)
Seat 3: NelSer777 folded before Flop (didn't bet)
Seat 4: DimaShalo folded before Flop (didn't bet)
Seat 5: bob4tier folded before Flop (didn't bet)
Seat 6: Dorex2007 (button) folded before Flop (didn't bet)
Seat 7: rich_patti69 (small blind) folded before Flop
Seat 8: KINGW0LF85 (big blind) collected ($0.02)
Seat 9: kanatakk folded before Flop (didn't bet)



PokerStars Hand #232088866817:  Hold'em No Limit ($0.01/$0.02 USD) - 2021/12/09 19:43:47 PT [2021/12/09 22:43:47 ET]
Table 'Segin' 9-max Seat #7 is the button
Seat 1: ViniciusERC* ($2.28 in chips) 
Seat 2: Aemstro ($2.79 in chips) 
Seat 3: NelSer777 ($5.92 in chips) 
Seat 4: DimaShalo ($2.73 in chips) 
Seat 5: bob4tier ($2.39 in chips) 
Seat 6: Dorex2007 ($2.16 in chips) 
Seat 7: rich_patti69 ($1.08 in chips) 
Seat 8: KINGW0LF85 ($2.03 in chips) 
Seat 9: kanatakk ($2.32 in chips) 
KINGW0LF85: posts small blind $0.01
kanatakk: posts big blind $0.02
*** HOLE CARDS ***
Dealt to Dorex2007 [Qs 7c]
ViniciusERC*: folds 
Aemstro: folds 
NelSer777: folds 
DimaShalo: folds 
bob4tier: calls $0.02
Dorex2007: folds 
rich_patti69: folds 
KINGW0LF85: calls $0.01
kanatakk: checks 
*** FLOP *** [Th Jh Tc]
KINGW0LF85: checks 
kanatakk: checks 
bob4tier: checks 
*** TURN *** [Th Jh Tc] [Ts]
KINGW0LF85: checks 
kanatakk: checks 
bob4tier: checks 
*** RIVER *** [Th Jh Tc Ts] [Qd]
KINGW0LF85: checks 
kanatakk: checks 
bob4tier: checks 
*** SHOW DOWN ***
KINGW0LF85: shows [3d Kc] (three of a kind, Tens)
kanatakk: shows [2h Ac] (three of a kind, Tens - Ace kicker)
bob4tier: shows [6d Ad] (three of a kind, Tens)
kanatakk collected $0.03 from pot
bob4tier collected $0.03 from pot
*** SUMMARY ***
Total pot $0.06 | Rake $0 
Board [Th Jh Tc Ts Qd]
Seat 1: ViniciusERC* folded before Flop (didn't bet)
Seat 2: Aemstro folded before Flop (didn't bet)
Seat 3: NelSer777 folded before Flop (didn't bet)
Seat 4: DimaShalo folded before Flop (didn't bet)
Seat 5: bob4tier showed [6d Ad] and won ($0.03) with three of a kind, Tens
Seat 6: Dorex2007 folded before Flop (didn't bet)
Seat 7: rich_patti69 (button) folded before Flop (didn't bet)
Seat 8: KINGW0LF85 (small blind) showed [3d Kc] and lost with three of a kind, Tens
Seat 9: kanatakk (big blind) showed [2h Ac] and won ($0.03) with three of a kind, Tens



PokerStars Hand #232088880869:  Hold'em No Limit ($0.01/$0.02 USD) - 2021/12/09 19:44:20 PT [2021/12/09 22:44:20 ET]
Table 'Segin' 9-max Seat #8 is the button
Seat 1: ViniciusERC* ($2.28 in chips) 
Seat 2: Aemstro ($2.79 in chips) 
Seat 3: NelSer777 ($5.92 in chips) 
Seat 4: DimaShalo ($2.73 in chips) 
Seat 5: bob4tier ($2.40 in chips) 
Seat 6: Dorex2007 ($2.16 in chips) 
Seat 7: rich_patti69 ($1.08 in chips) 
Seat 8: KINGW0LF85 ($2.01 in chips) 
Seat 9: kanatakk ($2.33 in chips) 
kanatakk: posts small blind $0.01
ViniciusERC*: posts big blind $0.02
*** HOLE CARDS ***
Dealt to Dorex2007 [2h 5d]
Aemstro: folds 
NelSer777: folds 
DimaShalo: folds 
bob4tier: folds 
Dorex2007: folds 
rich_patti69: folds 
KINGW0LF85: raises $0.04 to $0.06
kanatakk: calls $0.05
ViniciusERC*: folds 
*** FLOP *** [8c Qs Ad]
kanatakk: checks 
KINGW0LF85: bets $0.06
kanatakk: calls $0.06
*** TURN *** [8c Qs Ad] [Ks]
kanatakk: checks 
KINGW0LF85: bets $0.10
kanatakk: folds 
Uncalled bet ($0.10) returned to KINGW0LF85
kanatakk leaves the table
KINGW0LF85 collected $0.25 from pot
KINGW0LF85: doesn't show hand 
*** SUMMARY ***
Total pot $0.26 | Rake $0.01 
Board [8c Qs Ad Ks]
Seat 1: ViniciusERC* (big blind) folded before Flop
Seat 2: Aemstro folded before Flop (didn't bet)
Seat 3: NelSer777 folded before Flop (didn't bet)
Seat 4: DimaShalo folded before Flop (didn't bet)
Seat 5: bob4tier folded before Flop (didn't bet)
Seat 6: Dorex2007 folded before Flop (didn't bet)
Seat 7: rich_patti69 folded before Flop (didn't bet)
Seat 8: KINGW0LF85 (button) collected ($0.25)
Seat 9: kanatakk (small blind) folded on the Turn



PokerStars Hand #232088890301:  Hold'em No Limit ($0.01/$0.02 USD) - 2021/12/09 19:45:08 PT [2021/12/09 22:45:08 ET]
Table 'Segin' 9-max Seat #1 is the button
Seat 1: ViniciusERC* ($2.26 in chips) 
Seat 2: Aemstro ($2.79 in chips) 
Seat 3: NelSer777 ($5.92 in chips) 
Seat 4: DimaShalo ($2.73 in chips) 
Seat 5: bob4tier ($2.40 in chips) 
Seat 6: Dorex2007 ($2.16 in chips) 
Seat 7: rich_patti69 ($1.08 in chips) 
Seat 8: KINGW0LF85 ($2.14 in chips) 
Aemstro: posts small blind $0.01
NelSer777: posts big blind $0.02
*** HOLE CARDS ***
Dealt to Dorex2007 [As 4d]
DimaShalo: folds 
bob4tier: folds 
Dorex2007: folds 
rich_patti69: calls $0.02
KINGW0LF85: raises $0.04 to $0.06
ViniciusERC*: folds 
Aemstro: calls $0.05
NelSer777: folds 
rich_patti69: calls $0.04
*** FLOP *** [7d 2s 9c]
Aemstro: checks 
rich_patti69: checks 
KINGW0LF85: bets $0.10
Aemstro: calls $0.10
rich_patti69: folds 
*** TURN *** [7d 2s 9c] [Kc]
Aemstro: checks 
KINGW0LF85: checks 
*** RIVER *** [7d 2s 9c Kc] [7h]
Aemstro: bets $0.10
KINGW0LF85: folds 
Uncalled bet ($0.10) returned to Aemstro
Aemstro collected $0.39 from pot
Aemstro: doesn't show hand 
*** SUMMARY ***
Total pot $0.40 | Rake $0.01 
Board [7d 2s 9c Kc 7h]
Seat 1: ViniciusERC* (button) folded before Flop (didn't bet)
Seat 2: Aemstro (small blind) collected ($0.39)
Seat 3: NelSer777 (big blind) folded before Flop
Seat 4: DimaShalo folded before Flop (didn't bet)
Seat 5: bob4tier folded before Flop (didn't bet)
Seat 6: Dorex2007 folded before Flop (didn't bet)
Seat 7: rich_patti69 folded on the Flop
Seat 8: KINGW0LF85 folded on the River



PokerStars Hand #232088900890:  Hold'em No Limit ($0.01/$0.02 USD) - 2021/12/09 19:46:04 PT [2021/12/09 22:46:04 ET]
Table 'Segin' 9-max Seat #2 is the button
Seat 1: ViniciusERC* ($2.26 in chips) 
Seat 2: Aemstro ($3.02 in chips) 
Seat 3: NelSer777 ($5.90 in chips) 
Seat 4: DimaShalo ($2.73 in chips) 
Seat 5: bob4tier ($2.40 in chips) 
Seat 6: Dorex2007 ($2.16 in chips) 
Seat 7: rich_patti69 ($1.02 in chips) 
Seat 8: KINGW0LF85 ($1.98 in chips) 
NelSer777: posts small blind $0.01
DimaShalo: posts big blind $0.02
*** HOLE CARDS ***
Dealt to Dorex2007 [Ks Kc]
bob4tier: folds 
Dorex2007: raises $0.04 to $0.06
rich_patti69: folds 
KINGW0LF85: calls $0.06
ViniciusERC*: folds 
Aemstro: folds 
NelSer777: folds 
DimaShalo: folds 
*** FLOP *** [9h As 2h]
Dorex2007: checks 
KINGW0LF85: bets $0.10
Dorex2007: calls $0.10
*** TURN *** [9h As 2h] [Jh]
Dorex2007: checks 
KINGW0LF85: checks 
*** RIVER *** [9h As 2h Jh] [Jd]
Dorex2007: bets $0.42
KINGW0LF85: folds 
Uncalled bet ($0.42) returned to Dorex2007
Dorex2007 collected $0.34 from pot
Dorex2007: doesn't show hand 
*** SUMMARY ***
Total pot $0.35 | Rake $0.01 
Board [9h As 2h Jh Jd]
Seat 1: ViniciusERC* folded before Flop (didn't bet)
Seat 2: Aemstro (button) folded before Flop (didn't bet)
Seat 3: NelSer777 (small blind) folded before Flop
Seat 4: DimaShalo (big blind) folded before Flop
Seat 5: bob4tier folded before Flop (didn't bet)
Seat 6: Dorex2007 collected ($0.34)
Seat 7: rich_patti69 folded before Flop (didn't bet)
Seat 8: KINGW0LF85 folded on the River



PokerStars Hand #232088909770:  Hold'em No Limit ($0.01/$0.02 USD) - 2021/12/09 19:46:49 PT [2021/12/09 22:46:49 ET]
Table 'Segin' 9-max Seat #3 is the button
Seat 1: ViniciusERC* ($2.26 in chips) 
Seat 2: Aemstro ($3.02 in chips) 
Seat 3: NelSer777 ($5.89 in chips) 
Seat 4: DimaShalo ($2.71 in chips) 
Seat 5: bob4tier ($2.40 in chips) 
Seat 6: Dorex2007 ($2.34 in chips) 
Seat 7: rich_patti69 ($1.02 in chips) 
Seat 8: KINGW0LF85 ($1.82 in chips) 
DimaShalo: posts small blind $0.01
bob4tier: posts big blind $0.02
*** HOLE CARDS ***
Dealt to Dorex2007 [Qh Qd]
Dorex2007: raises $0.02 to $0.04
rich_patti69: folds 
KINGW0LF85: calls $0.04
ViniciusERC*: folds 
Aemstro: calls $0.04
NelSer777: calls $0.04
DimaShalo: folds 
bob4tier: folds 
*** FLOP *** [Jd 3c Js]
Dorex2007: checks 
KINGW0LF85: bets $0.18
Aemstro: folds 
NelSer777: folds 
Dorex2007: folds 
Uncalled bet ($0.18) returned to KINGW0LF85
KINGW0LF85 collected $0.18 from pot
KINGW0LF85: doesn't show hand 
*** SUMMARY ***
Total pot $0.19 | Rake $0.01 
Board [Jd 3c Js]
Seat 1: ViniciusERC* folded before Flop (didn't bet)
Seat 2: Aemstro folded on the Flop
Seat 3: NelSer777 (button) folded on the Flop
Seat 4: DimaShalo (small blind) folded before Flop
Seat 5: bob4tier (big blind) folded before Flop
Seat 6: Dorex2007 folded on the Flop
Seat 7: rich_patti69 folded before Flop (didn't bet)
Seat 8: KINGW0LF85 collected ($0.18)



PokerStars Hand #232088916474:  Hold'em No Limit ($0.01/$0.02 USD) - 2021/12/09 19:47:24 PT [2021/12/09 22:47:24 ET]
Table 'Segin' 9-max Seat #4 is the button
Seat 1: ViniciusERC* ($2.26 in chips) 
Seat 2: Aemstro ($2.98 in chips) 
Seat 3: NelSer777 ($5.85 in chips) 
Seat 4: DimaShalo ($2.70 in chips) 
Seat 5: bob4tier ($2.38 in chips) 
Seat 6: Dorex2007 ($2.30 in chips) 
Seat 7: rich_patti69 ($1.02 in chips) 
Seat 8: KINGW0LF85 ($1.96 in chips) 
bob4tier: posts small blind $0.01
Dorex2007: posts big blind $0.02
*** HOLE CARDS ***
Dealt to Dorex2007 [3c 6d]
rich_patti69: folds 
KINGW0LF85: folds 
ViniciusERC*: folds 
Aemstro: folds 
NelSer777: folds 
DimaShalo: folds 
bob4tier: folds 
Uncalled bet ($0.01) returned to Dorex2007
Dorex2007 collected $0.02 from pot
Dorex2007: doesn't show hand 
*** SUMMARY ***
Total pot $0.02 | Rake $0 
Seat 1: ViniciusERC* folded before Flop (didn't bet)
Seat 2: Aemstro folded before Flop (didn't bet)
Seat 3: NelSer777 folded before Flop (didn't bet)
Seat 4: DimaShalo (button) folded before Flop (didn't bet)
Seat 5: bob4tier (small blind) folded before Flop
Seat 6: Dorex2007 (big blind) collected ($0.02)
Seat 7: rich_patti69 folded before Flop (didn't bet)
Seat 8: KINGW0LF85 folded before Flop (didn't bet)



PokerStars Hand #232088919285:  Hold'em No Limit ($0.01/$0.02 USD) - 2021/12/09 19:47:38 PT [2021/12/09 22:47:38 ET]
Table 'Segin' 9-max Seat #5 is the button
Seat 1: ViniciusERC* ($2.26 in chips) 
Seat 2: Aemstro ($2.98 in chips) 
Seat 3: NelSer777 ($5.85 in chips) 
Seat 4: DimaShalo ($2.70 in chips) 
Seat 5: bob4tier ($2.37 in chips) 
Seat 6: Dorex2007 ($2.31 in chips) 
Seat 7: rich_patti69 ($1.02 in chips) 
Seat 8: KINGW0LF85 ($1.96 in chips) 
Dorex2007: posts small blind $0.01
rich_patti69: posts big blind $0.02
*** HOLE CARDS ***
Dealt to Dorex2007 [Ad 8d]
KINGW0LF85: raises $0.04 to $0.06
Sgora96 joins the table at seat #9 
ViniciusERC*: folds 
Aemstro: folds 
NelSer777: folds 
DimaShalo: folds 
bob4tier: folds 
Dorex2007: folds 
rich_patti69: calls $0.04
*** FLOP *** [Kh Js Qs]
rich_patti69: checks 
KINGW0LF85: bets $0.07
rich_patti69: folds 
Uncalled bet ($0.07) returned to KINGW0LF85
KINGW0LF85 collected $0.13 from pot
KINGW0LF85: doesn't show hand 
*** SUMMARY ***
Total pot $0.13 | Rake $0 
Board [Kh Js Qs]
Seat 1: ViniciusERC* folded before Flop (didn't bet)
Seat 2: Aemstro folded before Flop (didn't bet)
Seat 3: NelSer777 folded before Flop (didn't bet)
Seat 4: DimaShalo folded before Flop (didn't bet)
Seat 5: bob4tier (button) folded before Flop (didn't bet)
Seat 6: Dorex2007 (small blind) folded before Flop
Seat 7: rich_patti69 (big blind) folded on the Flop
Seat 8: KINGW0LF85 collected ($0.13)



PokerStars Hand #232088925159:  Hold'em No Limit ($0.01/$0.02 USD) - 2021/12/09 19:48:09 PT [2021/12/09 22:48:09 ET]
Table 'Segin' 9-max Seat #6 is the button
Seat 1: ViniciusERC* ($2.26 in chips) 
Seat 2: Aemstro ($2.98 in chips) 
Seat 3: NelSer777 ($5.85 in chips) 
Seat 4: DimaShalo ($2.70 in chips) 
Seat 5: bob4tier ($2.37 in chips) 
Seat 6: Dorex2007 ($2.30 in chips) 
Seat 7: rich_patti69 ($0.96 in chips) 
Seat 8: KINGW0LF85 ($2.03 in chips) 
Seat 9: Sgora96 ($1.15 in chips) 
rich_patti69: posts small blind $0.01
KINGW0LF85: posts big blind $0.02
Sgora96: posts big blind $0.02
*** HOLE CARDS ***
Dealt to Dorex2007 [8d Ac]
Sgora96: raises $0.46 to $0.48
ViniciusERC*: folds 
Aemstro: folds 
NelSer777: folds 
DimaShalo: folds 
bob4tier: folds 
Dorex2007: folds 
rich_patti69: folds 
KINGW0LF85: folds 
Uncalled bet ($0.46) returned to Sgora96
Sgora96 collected $0.05 from pot
Sgora96: doesn't show hand 
*** SUMMARY ***
Total pot $0.05 | Rake $0 
Seat 1: ViniciusERC* folded before Flop (didn't bet)
Seat 2: Aemstro folded before Flop (didn't bet)
Seat 3: NelSer777 folded before Flop (didn't bet)
Seat 4: DimaShalo folded before Flop (didn't bet)
Seat 5: bob4tier folded before Flop (didn't bet)
Seat 6: Dorex2007 (button) folded before Flop (didn't bet)
Seat 7: rich_patti69 (small blind) folded before Flop
Seat 8: KINGW0LF85 (big blind) folded before Flop
Seat 9: Sgora96 collected ($0.05)



PokerStars Hand #232088928591:  Hold'em No Limit ($0.01/$0.02 USD) - 2021/12/09 19:48:27 PT [2021/12/09 22:48:27 ET]
Table 'Segin' 9-max Seat #7 is the button
Seat 1: ViniciusERC* ($2.26 in chips) 
Seat 2: Aemstro ($2.98 in chips) 
Seat 3: NelSer777 ($5.85 in chips) 
Seat 4: DimaShalo ($2.70 in chips) 
Seat 5: bob4tier ($2.37 in chips) 
Seat 6: Dorex2007 ($2.30 in chips) 
Seat 7: rich_patti69 ($0.95 in chips) 
Seat 8: KINGW0LF85 ($2.01 in chips) 
Seat 9: Sgora96 ($1.18 in chips) 
KINGW0LF85: posts small blind $0.01
Sgora96: posts big blind $0.02
*** HOLE CARDS ***
Dealt to Dorex2007 [4s Kd]
ViniciusERC*: folds 
Aemstro: raises $0.02 to $0.04
NelSer777: folds 
DimaShalo: raises $0.08 to $0.12
bob4tier: folds 
Dorex2007: folds 
rich_patti69: calls $0.12
KINGW0LF85: folds 
Sgora96: folds 
Aemstro: calls $0.08
*** FLOP *** [3d Kc 8h]
Aemstro: checks 
DimaShalo: bets $0.25
rich_patti69: folds 
Aemstro: folds 
Uncalled bet ($0.25) returned to DimaShalo
DimaShalo collected $0.38 from pot
DimaShalo: doesn't show hand 
*** SUMMARY ***
Total pot $0.39 | Rake $0.01 
Board [3d Kc 8h]
Seat 1: ViniciusERC* folded before Flop (didn't bet)
Seat 2: Aemstro folded on the Flop
Seat 3: NelSer777 folded before Flop (didn't bet)
Seat 4: DimaShalo collected ($0.38)
Seat 5: bob4tier folded before Flop (didn't bet)
Seat 6: Dorex2007 folded before Flop (didn't bet)
Seat 7: rich_patti69 (button) folded on the Flop
Seat 8: KINGW0LF85 (small blind) folded before Flop
Seat 9: Sgora96 (big blind) folded before Flop



PokerStars Hand #232088933339:  Hold'em No Limit ($0.01/$0.02 USD) - 2021/12/09 19:48:51 PT [2021/12/09 22:48:51 ET]
Table 'Segin' 9-max Seat #8 is the button
Seat 1: ViniciusERC* ($2.26 in chips) 
Seat 2: Aemstro ($2.86 in chips) 
Seat 3: NelSer777 ($5.85 in chips) 
Seat 4: DimaShalo ($2.96 in chips) 
Seat 5: bob4tier ($2.37 in chips) 
Seat 6: Dorex2007 ($2.30 in chips) 
Seat 7: rich_patti69 ($0.83 in chips) 
Seat 8: KINGW0LF85 ($2 in chips) 
Seat 9: Sgora96 ($1.16 in chips) 
Sgora96: posts small blind $0.01
ViniciusERC*: posts big blind $0.02
*** HOLE CARDS ***
Dealt to Dorex2007 [7s 9s]
Aemstro: folds 
NelSer777: folds 
DimaShalo: raises $0.04 to $0.06
bob4tier: folds 
Dorex2007: folds 
rich_patti69: calls $0.06
KINGW0LF85: calls $0.06
Sgora96: folds 
ViniciusERC*: calls $0.04
*** FLOP *** [7h Js 2h]
ViniciusERC*: checks 
DimaShalo: bets $0.16
rich_patti69: folds 
KINGW0LF85: folds 
ViniciusERC*: calls $0.16
*** TURN *** [7h Js 2h] [Qh]
ViniciusERC*: checks 
DimaShalo: checks 
*** RIVER *** [7h Js 2h Qh] [8d]
ViniciusERC*: checks 
DimaShalo: checks 
*** SHOW DOWN ***
ViniciusERC*: shows [Jc 9c] (a pair of Jacks)
DimaShalo: shows [Ad Jd] (a pair of Jacks - Ace kicker)
DimaShalo collected $0.55 from pot
*** SUMMARY ***
Total pot $0.57 | Rake $0.02 
Board [7h Js 2h Qh 8d]
Seat 1: ViniciusERC* (big blind) showed [Jc 9c] and lost with a pair of Jacks
Seat 2: Aemstro folded before Flop (didn't bet)
Seat 3: NelSer777 folded before Flop (didn't bet)
Seat 4: DimaShalo showed [Ad Jd] and won ($0.55) with a pair of Jacks
Seat 5: bob4tier folded before Flop (didn't bet)
Seat 6: Dorex2007 folded before Flop (didn't bet)
Seat 7: rich_patti69 folded on the Flop
Seat 8: KINGW0LF85 (button) folded on the Flop
Seat 9: Sgora96 (small blind) folded before Flop



PokerStars Hand #232088944280:  Hold'em No Limit ($0.01/$0.02 USD) - 2021/12/09 19:49:49 PT [2021/12/09 22:49:49 ET]
Table 'Segin' 9-max Seat #9 is the button
Seat 1: ViniciusERC* ($2.04 in chips) 
Seat 2: Aemstro ($2.86 in chips) 
Seat 3: NelSer777 ($5.85 in chips) 
Seat 4: DimaShalo ($3.29 in chips) 
Seat 5: bob4tier ($2.37 in chips) 
Seat 6: Dorex2007 ($2.30 in chips) 
Seat 7: rich_patti69 ($0.77 in chips) 
Seat 8: KINGW0LF85 ($1.94 in chips) 
Seat 9: Sgora96 ($1.15 in chips) 
ViniciusERC*: posts small blind $0.01
Aemstro: posts big blind $0.02
*** HOLE CARDS ***
Dealt to Dorex2007 [9h Qs]
NelSer777: folds 
DimaShalo: folds 
bob4tier: folds 
Dorex2007: folds 
rich_patti69: raises $0.05 to $0.07
KINGW0LF85: calls $0.07
Sgora96: raises $0.31 to $0.38
ViniciusERC*: folds 
Aemstro: folds 
rich_patti69: raises $0.39 to $0.77 and is all-in
KINGW0LF85: folds 
Sgora96: calls $0.39
*** FLOP *** [Kd 4s 4d]
*** TURN *** [Kd 4s 4d] [9s]
*** RIVER *** [Kd 4s 4d 9s] [Jh]
*** SHOW DOWN ***
rich_patti69: shows [3h 3s] (two pair, Fours and Threes)
Sgora96: shows [Ac Ad] (two pair, Aces and Fours)
Sgora96 collected $1.58 from pot
*** SUMMARY ***
Total pot $1.64 | Rake $0.06 
Board [Kd 4s 4d 9s Jh]
Seat 1: ViniciusERC* (small blind) folded before Flop
Seat 2: Aemstro (big blind) folded before Flop
Seat 3: NelSer777 folded before Flop (didn't bet)
Seat 4: DimaShalo folded before Flop (didn't bet)
Seat 5: bob4tier folded before Flop (didn't bet)
Seat 6: Dorex2007 folded before Flop (didn't bet)
Seat 7: rich_patti69 showed [3h 3s] and lost with two pair, Fours and Threes
Seat 8: KINGW0LF85 folded before Flop
Seat 9: Sgora96 (button) showed [Ac Ad] and won ($1.58) with two pair, Aces and Fours



PokerStars Hand #232088951252:  Hold'em No Limit ($0.01/$0.02 USD) - 2021/12/09 19:50:25 PT [2021/12/09 22:50:25 ET]
Table 'Segin' 9-max Seat #1 is the button
Seat 1: ViniciusERC* ($2.03 in chips) 
Seat 2: Aemstro ($2.84 in chips) 
Seat 3: NelSer777 ($5.85 in chips) 
Seat 4: DimaShalo ($3.29 in chips) 
Seat 5: bob4tier ($2.37 in chips) 
Seat 6: Dorex2007 ($2.30 in chips) 
Seat 8: KINGW0LF85 ($1.87 in chips) 
Seat 9: Sgora96 ($1.96 in chips) 
Aemstro: posts small blind $0.01
NelSer777: posts big blind $0.02
*** HOLE CARDS ***
Dealt to Dorex2007 [4d Kh]
DimaShalo: folds 
bob4tier has timed out
bob4tier: folds 
Dorex2007: folds 
KINGW0LF85: raises $0.04 to $0.06
Sgora96: folds 
ViniciusERC*: folds 
Aemstro: folds 
NelSer777: folds 
Uncalled bet ($0.04) returned to KINGW0LF85
KINGW0LF85 collected $0.05 from pot
KINGW0LF85: doesn't show hand 
*** SUMMARY ***
Total pot $0.05 | Rake $0 
Seat 1: ViniciusERC* (button) folded before Flop (didn't bet)
Seat 2: Aemstro (small blind) folded before Flop
Seat 3: NelSer777 (big blind) folded before Flop
Seat 4: DimaShalo folded before Flop (didn't bet)
Seat 5: bob4tier folded before Flop (didn't bet)
Seat 6: Dorex2007 folded before Flop (didn't bet)
Seat 8: KINGW0LF85 collected ($0.05)
Seat 9: Sgora96 folded before Flop (didn't bet)



PokerStars Hand #232088955730:  Hold'em No Limit ($0.01/$0.02 USD) - 2021/12/09 19:50:49 PT [2021/12/09 22:50:49 ET]
Table 'Segin' 9-max Seat #2 is the button
Seat 1: ViniciusERC* ($2.03 in chips) 
Seat 2: Aemstro ($2.83 in chips) 
Seat 3: NelSer777 ($5.83 in chips) 
Seat 4: DimaShalo ($3.29 in chips) 
Seat 6: Dorex2007 ($2.30 in chips) 
Seat 7: rich_patti69 ($2 in chips) 
Seat 8: KINGW0LF85 ($1.90 in chips) 
Seat 9: Sgora96 ($1.96 in chips) 
NelSer777: posts small blind $0.01
DimaShalo: posts big blind $0.02
*** HOLE CARDS ***
Dealt to Dorex2007 [9c 6h]
Dorex2007: folds 
rich_patti69: folds 
KINGW0LF85: raises $0.04 to $0.06
Sgora96: raises $0.32 to $0.38
ViniciusERC*: folds 
Aemstro: folds 
NelSer777: calls $0.37
DimaShalo: folds 
KINGW0LF85: folds 
*** FLOP *** [5c 7h 4c]
NelSer777: checks 
Sgora96: bets $0.58
NelSer777: folds 
Uncalled bet ($0.58) returned to Sgora96
Sgora96 collected $0.81 from pot
Sgora96: doesn't show hand 
*** SUMMARY ***
Total pot $0.84 | Rake $0.03 
Board [5c 7h 4c]
Seat 1: ViniciusERC* folded before Flop (didn't bet)
Seat 2: Aemstro (button) folded before Flop (didn't bet)
Seat 3: NelSer777 (small blind) folded on the Flop
Seat 4: DimaShalo (big blind) folded before Flop
Seat 6: Dorex2007 folded before Flop (didn't bet)
Seat 7: rich_patti69 folded before Flop (didn't bet)
Seat 8: KINGW0LF85 folded before Flop
Seat 9: Sgora96 collected ($0.81)



PokerStars Hand #232088963237:  Hold'em No Limit ($0.01/$0.02 USD) - 2021/12/09 19:51:29 PT [2021/12/09 22:51:29 ET]
Table 'Segin' 9-max Seat #3 is the button
Seat 1: ViniciusERC* ($2.03 in chips) 
Seat 2: Aemstro ($2.83 in chips) 
Seat 3: NelSer777 ($5.45 in chips) 
Seat 4: DimaShalo ($3.27 in chips) 
Seat 5: bob4tier ($2.37 in chips) 
Seat 6: Dorex2007 ($2.30 in chips) 
Seat 7: rich_patti69 ($2 in chips) 
Seat 8: KINGW0LF85 ($1.84 in chips) 
Seat 9: Sgora96 ($2.39 in chips) 
DimaShalo: posts small blind $0.01
bob4tier: posts big blind $0.02
*** HOLE CARDS ***
Dealt to Dorex2007 [Ac Qh]
Dorex2007: raises $0.04 to $0.06
rich_patti69: folds 
KINGW0LF85: folds 
Sgora96: calls $0.06
ViniciusERC*: calls $0.06
Aemstro: raises $0.12 to $0.18
NelSer777: folds 
DimaShalo: folds 
bob4tier: folds 
Dorex2007: calls $0.12
Sgora96: calls $0.12
ViniciusERC*: calls $0.12
*** FLOP *** [2d Td 3d]
Dorex2007: checks 
Sgora96: checks 
ViniciusERC*: checks 
Aemstro: checks 
*** TURN *** [2d Td 3d] [7s]
Dorex2007: checks 
Sgora96: checks 
ViniciusERC*: checks 
Aemstro: bets $0.14
Dorex2007: folds 
Sgora96: calls $0.14
ViniciusERC*: folds 
*** RIVER *** [2d Td 3d 7s] [3s]
Sgora96: bets $0.99
Aemstro: folds 
Uncalled bet ($0.99) returned to Sgora96
Sgora96 collected $0.99 from pot
Sgora96: doesn't show hand 
*** SUMMARY ***
Total pot $1.03 | Rake $0.04 
Board [2d Td 3d 7s 3s]
Seat 1: ViniciusERC* folded on the Turn
Seat 2: Aemstro folded on the River
Seat 3: NelSer777 (button) folded before Flop (didn't bet)
Seat 4: DimaShalo (small blind) folded before Flop
Seat 5: bob4tier (big blind) folded before Flop
Seat 6: Dorex2007 folded on the Turn
Seat 7: rich_patti69 folded before Flop (didn't bet)
Seat 8: KINGW0LF85 folded before Flop (didn't bet)
Seat 9: Sgora96 collected ($0.99)



PokerStars Hand #232088982950:  Hold'em No Limit ($0.01/$0.02 USD) - 2021/12/09 19:53:11 PT [2021/12/09 22:53:11 ET]
Table 'Segin' 9-max Seat #4 is the button
Seat 1: ViniciusERC* ($1.85 in chips) 
Seat 2: Aemstro ($2.51 in chips) 
Seat 3: NelSer777 ($5.45 in chips) 
Seat 4: DimaShalo ($3.26 in chips) 
Seat 5: bob4tier ($2.35 in chips) 
Seat 6: Dorex2007 ($2.12 in chips) 
Seat 7: rich_patti69 ($2 in chips) 
Seat 8: KINGW0LF85 ($1.84 in chips) 
Seat 9: Sgora96 ($3.06 in chips) 
bob4tier: posts small blind $0.01
Dorex2007: posts big blind $0.02
*** HOLE CARDS ***
Dealt to Dorex2007 [6d 3s]
rich_patti69: calls $0.02
KINGW0LF85: calls $0.02
Sgora96: calls $0.02
ViniciusERC*: folds 
Aemstro: folds 
NelSer777: raises $0.02 to $0.04
DimaShalo: folds 
bob4tier: folds 
Dorex2007: folds 
rich_patti69: calls $0.02
KINGW0LF85: calls $0.02
Sgora96: calls $0.02
*** FLOP *** [9d 3c Ah]
rich_patti69: checks 
KINGW0LF85: checks 
Sgora96: bets $0.42
NelSer777: folds 
rich_patti69: folds 
KINGW0LF85: folds 
Uncalled bet ($0.42) returned to Sgora96
Sgora96 collected $0.18 from pot
Sgora96: doesn't show hand 
*** SUMMARY ***
Total pot $0.19 | Rake $0.01 
Board [9d 3c Ah]
Seat 1: ViniciusERC* folded before Flop (didn't bet)
Seat 2: Aemstro folded before Flop (didn't bet)
Seat 3: NelSer777 folded on the Flop
Seat 4: DimaShalo (button) folded before Flop (didn't bet)
Seat 5: bob4tier (small blind) folded before Flop
Seat 6: Dorex2007 (big blind) folded before Flop
Seat 7: rich_patti69 folded on the Flop
Seat 8: KINGW0LF85 folded on the Flop
Seat 9: Sgora96 collected ($0.18)



PokerStars Hand #232088994006:  Hold'em No Limit ($0.01/$0.02 USD) - 2021/12/09 19:54:09 PT [2021/12/09 22:54:09 ET]
Table 'Segin' 9-max Seat #5 is the button
Seat 1: ViniciusERC* ($1.85 in chips) 
Seat 2: Aemstro ($2.51 in chips) 
Seat 3: NelSer777 ($5.41 in chips) 
Seat 4: DimaShalo ($3.26 in chips) 
Seat 5: bob4tier ($2.34 in chips) 
Seat 6: Dorex2007 ($2.10 in chips) 
Seat 7: rich_patti69 ($1.96 in chips) 
Seat 8: KINGW0LF85 ($1.80 in chips) 
Seat 9: Sgora96 ($3.20 in chips) 
Dorex2007: posts small blind $0.01
rich_patti69: posts big blind $0.02
*** HOLE CARDS ***
Dealt to Dorex2007 [2c 6h]
KINGW0LF85: folds 
Sgora96: folds 
Sgora96 leaves the table
ViniciusERC*: folds 
Aemstro: raises $0.04 to $0.06
NelSer777: folds 
DimaShalo: folds 
bob4tier: folds 
Dorex2007: folds 
rich_patti69: folds 
Uncalled bet ($0.04) returned to Aemstro
Aemstro collected $0.05 from pot
Aemstro: doesn't show hand 
*** SUMMARY ***
Total pot $0.05 | Rake $0 
Seat 1: ViniciusERC* folded before Flop (didn't bet)
Seat 2: Aemstro collected ($0.05)
Seat 3: NelSer777 folded before Flop (didn't bet)
Seat 4: DimaShalo folded before Flop (didn't bet)
Seat 5: bob4tier (button) folded before Flop (didn't bet)
Seat 6: Dorex2007 (small blind) folded before Flop
Seat 7: rich_patti69 (big blind) folded before Flop
Seat 8: KINGW0LF85 folded before Flop (didn't bet)
Seat 9: Sgora96 folded before Flop (didn't bet)



PokerStars Hand #232088997569:  Hold'em No Limit ($0.01/$0.02 USD) - 2021/12/09 19:54:28 PT [2021/12/09 22:54:28 ET]
Table 'Segin' 9-max Seat #6 is the button
Seat 1: ViniciusERC* ($1.85 in chips) 
Seat 2: Aemstro ($2.54 in chips) 
Seat 3: NelSer777 ($5.41 in chips) 
Seat 4: DimaShalo ($3.26 in chips) 
Seat 5: bob4tier ($2.34 in chips) 
Seat 6: Dorex2007 ($2.09 in chips) 
Seat 7: rich_patti69 ($1.94 in chips) 
Seat 8: KINGW0LF85 ($1.80 in chips) 
rich_patti69: posts small blind $0.01
KINGW0LF85: posts big blind $0.02
*** HOLE CARDS ***
Dealt to Dorex2007 [Jh Js]
ViniciusERC*: folds 
Aemstro: folds 
NelSer777: folds 
DimaShalo: folds 
bob4tier: folds 
Dorex2007: raises $0.04 to $0.06
rich_patti69: folds 
KINGW0LF85: calls $0.04
*** FLOP *** [As 4h 9s]
KINGW0LF85: bets $0.13
Dorex2007: calls $0.13
*** TURN *** [As 4h 9s] [6c]
KINGW0LF85: bets $0.38
Dorex2007: calls $0.38
*** RIVER *** [As 4h 9s 6c] [6h]
Aemstro is disconnected 
KINGW0LF85: bets $1.23 and is all-in
Dorex2007: folds 
Uncalled bet ($1.23) returned to KINGW0LF85
KINGW0LF85 collected $1.11 from pot
KINGW0LF85: doesn't show hand 
*** SUMMARY ***
Total pot $1.15 | Rake $0.04 
Board [As 4h 9s 6c 6h]
Seat 1: ViniciusERC* folded before Flop (didn't bet)
Seat 2: Aemstro folded before Flop (didn't bet)
Seat 3: NelSer777 folded before Flop (didn't bet)
Seat 4: DimaShalo folded before Flop (didn't bet)
Seat 5: bob4tier folded before Flop (didn't bet)
Seat 6: Dorex2007 (button) folded on the River
Seat 7: rich_patti69 (small blind) folded before Flop
Seat 8: KINGW0LF85 (big blind) collected ($1.11)



PokerStars Hand #232089007152:  Hold'em No Limit ($0.01/$0.02 USD) - 2021/12/09 19:55:22 PT [2021/12/09 22:55:22 ET]
Table 'Segin' 9-max Seat #7 is the button
Seat 1: ViniciusERC* ($1.85 in chips) 
Seat 2: Aemstro ($2.54 in chips) 
Seat 3: NelSer777 ($5.41 in chips) 
Seat 4: DimaShalo ($3.26 in chips) 
Seat 5: bob4tier ($2.34 in chips) 
Seat 6: Dorex2007 ($2 in chips) 
Seat 7: rich_patti69 ($1.93 in chips) 
Seat 8: KINGW0LF85 ($2.34 in chips) 
KINGW0LF85: posts small blind $0.01
ViniciusERC*: posts big blind $0.02
*** HOLE CARDS ***
Dealt to Dorex2007 [9h Jc]
Aemstro: folds 
NelSer777: raises $0.02 to $0.04
DimaShalo: folds 
bob4tier: folds 
Dorex2007: folds 
rich_patti69: calls $0.04
KINGW0LF85: raises $0.02 to $0.06
ViniciusERC*: folds 
NelSer777: calls $0.02
rich_patti69: calls $0.02
*** FLOP *** [Kc 4s Ts]
KINGW0LF85: bets $0.12
NelSer777: folds 
rich_patti69: calls $0.12
*** TURN *** [Kc 4s Ts] [Ah]
KINGW0LF85: bets $0.42
rich_patti69: calls $0.42
*** RIVER *** [Kc 4s Ts Ah] [Kd]
Gogsman joins the table at seat #9 
KINGW0LF85: checks 
rich_patti69: bets $1.24
KINGW0LF85: calls $1.24
*** SHOW DOWN ***
rich_patti69: shows [Ks Js] (three of a kind, Kings)
KINGW0LF85: mucks hand 
rich_patti69 collected $3.63 from pot
*** SUMMARY ***
Total pot $3.76 | Rake $0.13 
Board [Kc 4s Ts Ah Kd]
Seat 1: ViniciusERC* (big blind) folded before Flop
Seat 2: Aemstro folded before Flop (didn't bet)
Seat 3: NelSer777 folded on the Flop
Seat 4: DimaShalo folded before Flop (didn't bet)
Seat 5: bob4tier folded before Flop (didn't bet)
Seat 6: Dorex2007 folded before Flop (didn't bet)
Seat 7: rich_patti69 (button) showed [Ks Js] and won ($3.63) with three of a kind, Kings
Seat 8: KINGW0LF85 (small blind) mucked [Td Ad]



PokerStars Hand #232089016873:  Hold'em No Limit ($0.01/$0.02 USD) - 2021/12/09 19:56:24 PT [2021/12/09 22:56:24 ET]
Table 'Segin' 9-max Seat #8 is the button
Seat 1: ViniciusERC* ($1.83 in chips) 
Seat 2: Aemstro ($2.54 in chips) 
Seat 4: DimaShalo ($3.26 in chips) 
Seat 5: bob4tier ($2.34 in chips) 
Seat 6: Dorex2007 ($2 in chips) 
Seat 7: rich_patti69 ($3.72 in chips) 
Seat 8: KINGW0LF85 ($0.50 in chips) 
ViniciusERC*: posts small blind $0.01
Aemstro: posts big blind $0.02
*** HOLE CARDS ***
Dealt to Dorex2007 [5c 9d]
DimaShalo: calls $0.02
bob4tier: folds 
Dorex2007: folds 
rich_patti69: calls $0.02
KINGW0LF85: raises $0.10 to $0.12
ViniciusERC*: folds 
Aemstro: calls $0.10
DimaShalo: folds 
rich_patti69: calls $0.10
*** FLOP *** [Kh 2s 4c]
Aemstro: checks 
rich_patti69: checks 
KINGW0LF85: bets $0.38 and is all-in
Aemstro: folds 
rich_patti69: folds 
Uncalled bet ($0.38) returned to KINGW0LF85
KINGW0LF85 collected $0.38 from pot
KINGW0LF85: doesn't show hand 
*** SUMMARY ***
Total pot $0.39 | Rake $0.01 
Board [Kh 2s 4c]
Seat 1: ViniciusERC* (small blind) folded before Flop
Seat 2: Aemstro (big blind) folded on the Flop
Seat 4: DimaShalo folded before Flop
Seat 5: bob4tier folded before Flop (didn't bet)
Seat 6: Dorex2007 folded before Flop (didn't bet)
Seat 7: rich_patti69 folded on the Flop
Seat 8: KINGW0LF85 (button) collected ($0.38)



PokerStars Hand #232089032789:  Hold'em No Limit ($0.01/$0.02 USD) - 2021/12/09 19:57:09 PT [2021/12/09 22:57:09 ET]
Table 'Segin' 9-max Seat #1 is the button
Seat 1: ViniciusERC* ($1.82 in chips) 
Seat 2: Aemstro ($2.42 in chips) 
Seat 4: DimaShalo ($3.24 in chips) 
Seat 5: bob4tier ($2.34 in chips) 
Seat 6: Dorex2007 ($2 in chips) 
Seat 7: rich_patti69 ($3.60 in chips) 
Seat 8: KINGW0LF85 ($0.76 in chips) 
Aemstro: posts small blind $0.01
DimaShalo: posts big blind $0.02
Gogsman: sits out 
*** HOLE CARDS ***
Dealt to Dorex2007 [9c Ad]
bob4tier: calls $0.02
Dorex2007: folds 
rich_patti69: folds 
KINGW0LF85: calls $0.02
ViniciusERC*: calls $0.02
Aemstro: folds 
DimaShalo: checks 
*** FLOP *** [4d Qh Tc]
DimaShalo: checks 
bob4tier: checks 
KINGW0LF85: bets $0.09
ViniciusERC*: folds 
DimaShalo: folds 
bob4tier: folds 
Uncalled bet ($0.09) returned to KINGW0LF85
KINGW0LF85 collected $0.09 from pot
KINGW0LF85: doesn't show hand 
*** SUMMARY ***
Total pot $0.09 | Rake $0 
Board [4d Qh Tc]
Seat 1: ViniciusERC* (button) folded on the Flop
Seat 2: Aemstro (small blind) folded before Flop
Seat 4: DimaShalo (big blind) folded on the Flop
Seat 5: bob4tier folded on the Flop
Seat 6: Dorex2007 folded before Flop (didn't bet)
Seat 7: rich_patti69 folded before Flop (didn't bet)
Seat 8: KINGW0LF85 collected ($0.09)



PokerStars Hand #232089037729:  Hold'em No Limit ($0.01/$0.02 USD) - 2021/12/09 19:57:40 PT [2021/12/09 22:57:40 ET]
Table 'Segin' 9-max Seat #2 is the button
Seat 1: ViniciusERC* ($1.80 in chips) 
Seat 2: Aemstro ($2.41 in chips) 
Seat 4: DimaShalo ($3.22 in chips) 
Seat 6: Dorex2007 ($2 in chips) 
Seat 7: rich_patti69 ($3.60 in chips) 
Seat 8: KINGW0LF85 ($0.83 in chips) 
Seat 9: Gogsman ($1 in chips) 
DimaShalo: posts small blind $0.01
bob4tier: is sitting out 
Dorex2007: posts big blind $0.02
Gogsman: posts big blind $0.02
*** HOLE CARDS ***
Dealt to Dorex2007 [Ks Ah]
rich_patti69: folds 
KINGW0LF85: folds 
Gogsman: checks 
bob4tier leaves the table
ViniciusERC*: folds 
Lefou1323 joins the table at seat #5 
Aemstro has timed out
Aemstro: folds 
DimaShalo: folds 
Aemstro is disconnected 
Dorex2007: checks 
*** FLOP *** [Tc 2c 4h]
Dorex2007: checks 
Gogsman: checks 
*** TURN *** [Tc 2c 4h] [8c]
Dorex2007: checks 
Gogsman: checks 
*** RIVER *** [Tc 2c 4h 8c] [Ts]
Dorex2007: checks 
Gogsman: checks 
*** SHOW DOWN ***
Dorex2007: shows [Ks Ah] (a pair of Tens)
Gogsman: mucks hand 
Dorex2007 collected $0.05 from pot
*** SUMMARY ***
Total pot $0.05 | Rake $0 
Board [Tc 2c 4h 8c Ts]
Seat 1: ViniciusERC* folded before Flop (didn't bet)
Seat 2: Aemstro (button) folded before Flop (didn't bet)
Seat 4: DimaShalo (small blind) folded before Flop
Seat 6: Dorex2007 (big blind) showed [Ks Ah] and won ($0.05) with a pair of Tens
Seat 7: rich_patti69 folded before Flop (didn't bet)
Seat 8: KINGW0LF85 folded before Flop (didn't bet)
Seat 9: Gogsman mucked [Jd 3c]



PokerStars Hand #232089049069:  Hold'em No Limit ($0.01/$0.02 USD) - 2021/12/09 19:58:52 PT [2021/12/09 22:58:52 ET]
Table 'Segin' 9-max Seat #4 is the button
Seat 1: ViniciusERC* ($1.80 in chips) 
Seat 2: Aemstro ($2.41 in chips) 
Seat 4: DimaShalo ($3.21 in chips) 
Seat 6: Dorex2007 ($2.03 in chips) 
Seat 7: rich_patti69 ($3.60 in chips) 
Seat 8: KINGW0LF85 ($0.83 in chips) 
Seat 9: Gogsman ($0.98 in chips) 
Dorex2007: posts small blind $0.01
rich_patti69: posts big blind $0.02
*** HOLE CARDS ***
Dealt to Dorex2007 [6c 4d]
KINGW0LF85: raises $0.04 to $0.06
Gogsman is disconnected 
Aemstro is disconnected 
Gogsman has timed out while being disconnected
Gogsman: folds 
ViniciusERC*: folds 
Aemstro has timed out while disconnected
Aemstro: folds 
DimaShalo: folds 
Dorex2007: folds 
rich_patti69: calls $0.04
*** FLOP *** [Jc 2h 3h]
rich_patti69: checks 
KINGW0LF85: bets $0.06
rich_patti69: folds 
Uncalled bet ($0.06) returned to KINGW0LF85
KINGW0LF85 collected $0.13 from pot
KINGW0LF85: doesn't show hand 
*** SUMMARY ***
Total pot $0.13 | Rake $0 
Board [Jc 2h 3h]
Seat 1: ViniciusERC* folded before Flop (didn't bet)
Seat 2: Aemstro folded before Flop (didn't bet)
Seat 4: DimaShalo (button) folded before Flop (didn't bet)
Seat 6: Dorex2007 (small blind) folded before Flop
Seat 7: rich_patti69 (big blind) folded on the Flop
Seat 8: KINGW0LF85 collected ($0.13)
Seat 9: Gogsman folded before Flop (didn't bet)



PokerStars Hand #232089058932:  Hold'em No Limit ($0.01/$0.02 USD) - 2021/12/09 19:59:54 PT [2021/12/09 22:59:54 ET]
Table 'Segin' 9-max Seat #6 is the button
Seat 1: ViniciusERC* ($1.80 in chips) 
Seat 4: DimaShalo ($3.21 in chips) 
Seat 5: Lefou1323 ($2 in chips) 
Seat 6: Dorex2007 ($2.02 in chips) 
Seat 7: rich_patti69 ($3.54 in chips) 
Seat 8: KINGW0LF85 ($0.90 in chips) 
Seat 9: Gogsman ($0.98 in chips) 
rich_patti69: posts small blind $0.01
KINGW0LF85: posts big blind $0.02
Lefou1323: posts big blind $0.02
*** HOLE CARDS ***
Dealt to Dorex2007 [9s 6c]
Gogsman: calls $0.02
ViniciusERC*: calls $0.02
DimaShalo: folds 
Lefou1323: checks 
Dorex2007: folds 
rich_patti69: folds 
KINGW0LF85: raises $0.08 to $0.10
Gogsman: calls $0.08
ViniciusERC*: calls $0.08
Lefou1323: calls $0.08
*** FLOP *** [Th 9c Jd]
KINGW0LF85: bets $0.40
Gogsman: raises $0.40 to $0.80
ViniciusERC*: folds 
Lefou1323: calls $0.80
KINGW0LF85: calls $0.40 and is all-in
*** TURN *** [Th 9c Jd] [Qd]
Gogsman: bets $0.02
Lefou1323: calls $0.02
*** RIVER *** [Th 9c Jd Qd] [9h]
Gogsman: bets $0.02
Lefou1323: calls $0.02
*** SHOW DOWN ***
Gogsman: shows [Tc 7h] (two pair, Tens and Nines)
Lefou1323: shows [7s Jc] (two pair, Jacks and Nines)
Lefou1323 collected $0.08 from side pot
KINGW0LF85: shows [Td Ts] (a full house, Tens full of Nines)
KINGW0LF85 collected $2.71 from main pot
*** SUMMARY ***
Total pot $2.89 Main pot $2.71. Side pot $0.08. | Rake $0.10 
Board [Th 9c Jd Qd 9h]
Seat 1: ViniciusERC* folded on the Flop
Seat 4: DimaShalo folded before Flop (didn't bet)
Seat 5: Lefou1323 showed [7s Jc] and won ($0.08) with two pair, Jacks and Nines
Seat 6: Dorex2007 (button) folded before Flop (didn't bet)
Seat 7: rich_patti69 (small blind) folded before Flop
Seat 8: KINGW0LF85 (big blind) showed [Td Ts] and won ($2.71) with a full house, Tens full of Nines
Seat 9: Gogsman showed [Tc 7h] and lost with two pair, Tens and Nines



PokerStars Hand #232089071638:  Hold'em No Limit ($0.01/$0.02 USD) - 2021/12/09 20:01:07 PT [2021/12/09 23:01:07 ET]
Table 'Segin' 9-max Seat #7 is the button
Seat 1: ViniciusERC* ($1.70 in chips) 
Seat 2: Aemstro ($2.41 in chips) 
Seat 4: DimaShalo ($3.21 in chips) 
Seat 5: Lefou1323 ($1.14 in chips) 
Seat 6: Dorex2007 ($2.02 in chips) 
Seat 7: rich_patti69 ($3.53 in chips) 
Seat 8: KINGW0LF85 ($2.71 in chips) 
Seat 9: Gogsman ($0.04 in chips) 
KINGW0LF85: posts small blind $0.01
Gogsman: posts big blind $0.02
*** HOLE CARDS ***
Dealt to Dorex2007 [9s 3c]
ViniciusERC*: folds 
Aemstro: folds 
DimaShalo: folds 
Lefou1323: calls $0.02
Dorex2007: folds 
rich_patti69: folds 
KINGW0LF85: raises $0.04 to $0.06
Gogsman: calls $0.02 and is all-in
Lefou1323: calls $0.04
*** FLOP *** [Qh Ad 5h]
KINGW0LF85: bets $0.15
Lefou1323: folds 
Uncalled bet ($0.15) returned to KINGW0LF85
*** TURN *** [Qh Ad 5h] [3s]
*** RIVER *** [Qh Ad 5h 3s] [4c]
*** SHOW DOWN ***
KINGW0LF85: shows [Ah Th] (a pair of Aces)
KINGW0LF85 collected $0.03 from side pot
Gogsman: shows [8d 8c] (a pair of Eights)
KINGW0LF85 collected $0.12 from main pot
*** SUMMARY ***
Total pot $0.16 Main pot $0.12. Side pot $0.03. | Rake $0.01 
Board [Qh Ad 5h 3s 4c]
Seat 1: ViniciusERC* folded before Flop (didn't bet)
Seat 2: Aemstro folded before Flop (didn't bet)
Seat 4: DimaShalo folded before Flop (didn't bet)
Seat 5: Lefou1323 folded on the Flop
Seat 6: Dorex2007 folded before Flop (didn't bet)
Seat 7: rich_patti69 (button) folded before Flop (didn't bet)
Seat 8: KINGW0LF85 (small blind) showed [Ah Th] and won ($0.15) with a pair of Aces
Seat 9: Gogsman (big blind) showed [8d 8c] and lost with a pair of Eights



PokerStars Hand #232089079301:  Hold'em No Limit ($0.01/$0.02 USD) - 2021/12/09 20:01:49 PT [2021/12/09 23:01:49 ET]
Table 'Segin' 9-max Seat #8 is the button
Seat 1: ViniciusERC* ($1.70 in chips) 
Seat 2: Aemstro ($2.41 in chips) 
Seat 4: DimaShalo ($3.21 in chips) 
Seat 5: Lefou1323 ($1.08 in chips) 
Seat 6: Dorex2007 ($2.02 in chips) 
Seat 7: rich_patti69 ($3.53 in chips) 
Seat 8: KINGW0LF85 ($2.80 in chips) 
ViniciusERC*: posts small blind $0.01
Aemstro: posts big blind $0.02
*** HOLE CARDS ***
Dealt to Dorex2007 [6d 8c]
DimaShalo: folds 
Lefou1323: folds 
Dorex2007: folds 
rich_patti69: raises $0.04 to $0.06
KINGW0LF85: calls $0.06
ViniciusERC*: folds 
Aemstro: folds 
*** FLOP *** [As Jd 4s]
rich_patti69: bets $0.10
KINGW0LF85: calls $0.10
*** TURN *** [As Jd 4s] [7c]
rich_patti69: bets $0.34
KINGW0LF85: folds 
Uncalled bet ($0.34) returned to rich_patti69
rich_patti69 collected $0.34 from pot
*** SUMMARY ***
Total pot $0.35 | Rake $0.01 
Board [As Jd 4s 7c]
Seat 1: ViniciusERC* (small blind) folded before Flop
Seat 2: Aemstro (big blind) folded before Flop
Seat 4: DimaShalo folded before Flop (didn't bet)
Seat 5: Lefou1323 folded before Flop (didn't bet)
Seat 6: Dorex2007 folded before Flop (didn't bet)
Seat 7: rich_patti69 collected ($0.34)
Seat 8: KINGW0LF85 (button) folded on the Turn



PokerStars Hand #232089086069:  Hold'em No Limit ($0.01/$0.02 USD) - 2021/12/09 20:02:25 PT [2021/12/09 23:02:25 ET]
Table 'Segin' 9-max Seat #1 is the button
Seat 1: ViniciusERC* ($1.69 in chips) 
Seat 2: Aemstro ($2.39 in chips) 
Seat 3: NelSer777 ($5.35 in chips) 
Seat 4: DimaShalo ($3.21 in chips) 
Seat 5: Lefou1323 ($1.08 in chips) 
Seat 6: Dorex2007 ($2.02 in chips) 
Seat 7: rich_patti69 ($3.71 in chips) 
Seat 8: KINGW0LF85 ($2.64 in chips) 
Aemstro: posts small blind $0.01
NelSer777: posts big blind $0.02
*** HOLE CARDS ***
Dealt to Dorex2007 [5h Qs]
DimaShalo: folds 
Lefou1323: folds 
Dorex2007: folds 
rich_patti69: folds 
KINGW0LF85: raises $0.04 to $0.06
ViniciusERC*: folds 
Aemstro: folds 
NelSer777: folds 
Uncalled bet ($0.04) returned to KINGW0LF85
KINGW0LF85 collected $0.05 from pot
KINGW0LF85: doesn't show hand 
*** SUMMARY ***
Total pot $0.05 | Rake $0 
Seat 1: ViniciusERC* (button) folded before Flop (didn't bet)
Seat 2: Aemstro (small blind) folded before Flop
Seat 3: NelSer777 (big blind) folded before Flop
Seat 4: DimaShalo folded before Flop (didn't bet)
Seat 5: Lefou1323 folded before Flop (didn't bet)
Seat 6: Dorex2007 folded before Flop (didn't bet)
Seat 7: rich_patti69 folded before Flop (didn't bet)
Seat 8: KINGW0LF85 collected ($0.05)



PokerStars Hand #232089088663:  Hold'em No Limit ($0.01/$0.02 USD) - 2021/12/09 20:02:39 PT [2021/12/09 23:02:39 ET]
Table 'Segin' 9-max Seat #2 is the button
Seat 1: ViniciusERC* ($1.69 in chips) 
Seat 2: Aemstro ($2.38 in chips) 
Seat 3: NelSer777 ($5.33 in chips) 
Seat 4: DimaShalo ($3.21 in chips) 
Seat 5: Lefou1323 ($1.08 in chips) 
Seat 6: Dorex2007 ($2.02 in chips) 
Seat 7: rich_patti69 ($3.71 in chips) 
Seat 8: KINGW0LF85 ($2.67 in chips) 
NelSer777: posts small blind $0.01
DimaShalo: posts big blind $0.02
*** HOLE CARDS ***
Dealt to Dorex2007 [As Ad]
Lefou1323: calls $0.02
Dorex2007: raises $0.04 to $0.06
rich_patti69: folds 
KINGW0LF85: folds 
ViniciusERC*: folds 
Aemstro: folds 
NelSer777: folds 
DimaShalo: folds 
Lefou1323: calls $0.04
*** FLOP *** [Jh Qc Kh]
Lefou1323: checks 
Dorex2007: bets $0.14
Lefou1323: folds 
Uncalled bet ($0.14) returned to Dorex2007
Dorex2007 collected $0.14 from pot
Dorex2007: doesn't show hand 
*** SUMMARY ***
Total pot $0.15 | Rake $0.01 
Board [Jh Qc Kh]
Seat 1: ViniciusERC* folded before Flop (didn't bet)
Seat 2: Aemstro (button) folded before Flop (didn't bet)
Seat 3: NelSer777 (small blind) folded before Flop
Seat 4: DimaShalo (big blind) folded before Flop
Seat 5: Lefou1323 folded on the Flop
Seat 6: Dorex2007 collected ($0.14)
Seat 7: rich_patti69 folded before Flop (didn't bet)
Seat 8: KINGW0LF85 folded before Flop (didn't bet)



PokerStars Hand #232089093456:  Hold'em No Limit ($0.01/$0.02 USD) - 2021/12/09 20:03:04 PT [2021/12/09 23:03:04 ET]
Table 'Segin' 9-max Seat #3 is the button
Seat 1: ViniciusERC* ($1.69 in chips) 
Seat 2: Aemstro ($2.38 in chips) 
Seat 3: NelSer777 ($5.32 in chips) 
Seat 4: DimaShalo ($3.19 in chips) 
Seat 5: Lefou1323 ($1.02 in chips) 
Seat 6: Dorex2007 ($2.10 in chips) 
Seat 7: rich_patti69 ($3.71 in chips) 
Seat 8: KINGW0LF85 ($2.67 in chips) 
DimaShalo: posts small blind $0.01
Lefou1323: posts big blind $0.02
*** HOLE CARDS ***
Dealt to Dorex2007 [9d Tc]
Dorex2007: folds 
rich_patti69: folds 
KINGW0LF85: folds 
ViniciusERC*: folds 
Aemstro: folds 
NelSer777: folds 
DimaShalo: folds 
Uncalled bet ($0.01) returned to Lefou1323
Lefou1323 collected $0.02 from pot
Lefou1323: doesn't show hand 
*** SUMMARY ***
Total pot $0.02 | Rake $0 
Seat 1: ViniciusERC* folded before Flop (didn't bet)
Seat 2: Aemstro folded before Flop (didn't bet)
Seat 3: NelSer777 (button) folded before Flop (didn't bet)
Seat 4: DimaShalo (small blind) folded before Flop
Seat 5: Lefou1323 (big blind) collected ($0.02)
Seat 6: Dorex2007 folded before Flop (didn't bet)
Seat 7: rich_patti69 folded before Flop (didn't bet)
Seat 8: KINGW0LF85 folded before Flop (didn't bet)



PokerStars Hand #232089096163:  Hold'em No Limit ($0.01/$0.02 USD) - 2021/12/09 20:03:19 PT [2021/12/09 23:03:19 ET]
Table 'Segin' 9-max Seat #4 is the button
Seat 1: ViniciusERC* ($1.69 in chips) 
Seat 2: Aemstro ($2.38 in chips) 
Seat 3: NelSer777 ($5.32 in chips) 
Seat 4: DimaShalo ($3.18 in chips) 
Seat 5: Lefou1323 ($1.03 in chips) 
Seat 6: Dorex2007 ($2.10 in chips) 
Seat 7: rich_patti69 ($3.71 in chips) 
Seat 8: KINGW0LF85 ($2.67 in chips) 
Lefou1323: posts small blind $0.01
Dorex2007: posts big blind $0.02
*** HOLE CARDS ***
Dealt to Dorex2007 [Qs Jh]
rich_patti69: folds 
KINGW0LF85: raises $0.04 to $0.06
ViniciusERC*: calls $0.06
Aemstro: folds 
NelSer777: folds 
DimaShalo: calls $0.06
Lefou1323: calls $0.05
Gogsman leaves the table
Dorex2007: calls $0.04
*** FLOP *** [6c 2h 9d]
Lefou1323: bets $0.06
Dorex2007: folds 
KINGW0LF85: raises $0.14 to $0.20
ViniciusERC*: folds 
DimaShalo: folds 
Didovista joins the table at seat #9 
Lefou1323: calls $0.14
*** TURN *** [6c 2h 9d] [8h]
Lefou1323: checks 
KINGW0LF85: bets $0.68
Lefou1323: raises $0.09 to $0.77 and is all-in
KINGW0LF85: calls $0.09
*** RIVER *** [6c 2h 9d 8h] [7h]
*** SHOW DOWN ***
Lefou1323: shows [8c Jd] (a pair of Eights)
KINGW0LF85: shows [7d 7c] (three of a kind, Sevens)
KINGW0LF85 collected $2.16 from pot
*** SUMMARY ***
Total pot $2.24 | Rake $0.08 
Board [6c 2h 9d 8h 7h]
Seat 1: ViniciusERC* folded on the Flop
Seat 2: Aemstro folded before Flop (didn't bet)
Seat 3: NelSer777 folded before Flop (didn't bet)
Seat 4: DimaShalo (button) folded on the Flop
Seat 5: Lefou1323 (small blind) showed [8c Jd] and lost with a pair of Eights
Seat 6: Dorex2007 (big blind) folded on the Flop
Seat 7: rich_patti69 folded before Flop (didn't bet)
Seat 8: KINGW0LF85 showed [7d 7c] and won ($2.16) with three of a kind, Sevens



PokerStars Hand #232089108414:  Hold'em No Limit ($0.01/$0.02 USD) - 2021/12/09 20:04:24 PT [2021/12/09 23:04:24 ET]
Table 'Segin' 9-max Seat #6 is the button
Seat 1: ViniciusERC* ($1.63 in chips) 
Seat 2: Aemstro ($2.38 in chips) 
Seat 3: NelSer777 ($5.32 in chips) 
Seat 4: DimaShalo ($3.12 in chips) 
Seat 6: Dorex2007 ($2.04 in chips) 
Seat 7: rich_patti69 ($3.71 in chips) 
Seat 8: KINGW0LF85 ($3.80 in chips) 
Seat 9: Didovista ($0.80 in chips) 
rich_patti69: posts small blind $0.01
KINGW0LF85: posts big blind $0.02
Didovista: posts big blind $0.02
*** HOLE CARDS ***
Dealt to Dorex2007 [8d Kd]
Didovista: checks 
ViniciusERC*: folds 
Aemstro: folds 
NelSer777: folds 
Lefou1323 is disconnected 
DimaShalo: raises $0.05 to $0.07
Dorex2007: folds 
rich_patti69: calls $0.06
KINGW0LF85: folds 
Didovista: calls $0.05
*** FLOP *** [9h 2c 6s]
rich_patti69: checks 
Didovista: bets $0.73 and is all-in
DimaShalo: folds 
rich_patti69: folds 
Uncalled bet ($0.73) returned to Didovista
Didovista collected $0.22 from pot
Didovista: doesn't show hand 
*** SUMMARY ***
Total pot $0.23 | Rake $0.01 
Board [9h 2c 6s]
Seat 1: ViniciusERC* folded before Flop (didn't bet)
Seat 2: Aemstro folded before Flop (didn't bet)
Seat 3: NelSer777 folded before Flop (didn't bet)
Seat 4: DimaShalo folded on the Flop
Seat 6: Dorex2007 (button) folded before Flop (didn't bet)
Seat 7: rich_patti69 (small blind) folded on the Flop
Seat 8: KINGW0LF85 (big blind) folded before Flop
Seat 9: Didovista collected ($0.22)



PokerStars Hand #232089115573:  Hold'em No Limit ($0.01/$0.02 USD) - 2021/12/09 20:05:02 PT [2021/12/09 23:05:02 ET]
Table 'Segin' 9-max Seat #7 is the button
Seat 1: ViniciusERC* ($1.63 in chips) 
Seat 2: Aemstro ($2.38 in chips) 
Seat 3: NelSer777 ($5.32 in chips) 
Seat 4: DimaShalo ($3.05 in chips) 
Seat 6: Dorex2007 ($2.04 in chips) 
Seat 7: rich_patti69 ($3.64 in chips) 
Seat 8: KINGW0LF85 ($3.78 in chips) 
Seat 9: Didovista ($0.95 in chips) 
KINGW0LF85: posts small blind $0.01
Didovista: posts big blind $0.02
*** HOLE CARDS ***
Dealt to Dorex2007 [Tc 7s]
ViniciusERC*: calls $0.02
Aemstro: folds 
NelSer777: folds 
DimaShalo: folds 
Dorex2007: folds 
rich_patti69: calls $0.02
KINGW0LF85: calls $0.01
Didovista: checks 
*** FLOP *** [Ad Kh Ac]
KINGW0LF85: checks 
Didovista: checks 
ViniciusERC*: checks 
rich_patti69: checks 
*** TURN *** [Ad Kh Ac] [6c]
KINGW0LF85: bets $0.08
Didovista: folds 
ViniciusERC*: folds 
rich_patti69: calls $0.08
*** RIVER *** [Ad Kh Ac 6c] [2c]
KINGW0LF85: bets $0.23
rich_patti69: calls $0.23
*** SHOW DOWN ***
KINGW0LF85: shows [9d As] (three of a kind, Aces)
rich_patti69: shows [Ah Qs] (three of a kind, Aces - King+Queen kicker)
rich_patti69 collected $0.68 from pot
*** SUMMARY ***
Total pot $0.70 | Rake $0.02 
Board [Ad Kh Ac 6c 2c]
Seat 1: ViniciusERC* folded on the Turn
Seat 2: Aemstro folded before Flop (didn't bet)
Seat 3: NelSer777 folded before Flop (didn't bet)
Seat 4: DimaShalo folded before Flop (didn't bet)
Seat 6: Dorex2007 folded before Flop (didn't bet)
Seat 7: rich_patti69 (button) showed [Ah Qs] and won ($0.68) with three of a kind, Aces
Seat 8: KINGW0LF85 (small blind) showed [9d As] and lost with three of a kind, Aces
Seat 9: Didovista (big blind) folded on the Turn



PokerStars Hand #232089131745:  Hold'em No Limit ($0.01/$0.02 USD) - 2021/12/09 20:05:50 PT [2021/12/09 23:05:50 ET]
Table 'Segin' 9-max Seat #8 is the button
Seat 1: ViniciusERC* ($1.61 in chips) 
Seat 2: Aemstro ($2.38 in chips) 
Seat 3: NelSer777 ($5.32 in chips) 
Seat 4: DimaShalo ($3.05 in chips) 
Seat 6: Dorex2007 ($2.04 in chips) 
Seat 7: rich_patti69 ($3.99 in chips) 
Seat 8: KINGW0LF85 ($3.45 in chips) 
Seat 9: Didovista ($0.93 in chips) 
Didovista: posts small blind $0.01
ViniciusERC*: posts big blind $0.02
*** HOLE CARDS ***
Dealt to Dorex2007 [Ah 8d]
Aemstro: folds 
NelSer777: folds 
DimaShalo: folds 
Dorex2007: folds 
rich_patti69: raises $0.04 to $0.06
KINGW0LF85: folds 
Didovista: calls $0.05
ViniciusERC*: folds 
*** FLOP *** [4d 6s 6c]
Didovista: checks 
rich_patti69: checks 
*** TURN *** [4d 6s 6c] [As]
Didovista: bets $0.02
rich_patti69: raises $0.02 to $0.04
Didovista: raises $0.83 to $0.87 and is all-in
rich_patti69: calls $0.83
*** RIVER *** [4d 6s 6c As] [Ks]
*** SHOW DOWN ***
Didovista: shows [6d Ac] (a full house, Sixes full of Aces)
rich_patti69: shows [Ad Kc] (two pair, Aces and Kings)
Didovista collected $1.81 from pot
rich_patti69 cashed out the hand for $0.02
*** SUMMARY ***
Total pot $1.88 | Rake $0.07 
Board [4d 6s 6c As Ks]
Seat 1: ViniciusERC* (big blind) folded before Flop
Seat 2: Aemstro folded before Flop (didn't bet)
Seat 3: NelSer777 folded before Flop (didn't bet)
Seat 4: DimaShalo folded before Flop (didn't bet)
Seat 6: Dorex2007 folded before Flop (didn't bet)
Seat 7: rich_patti69 showed [Ad Kc] and lost with two pair, Aces and Kings (cashed out).
Seat 8: KINGW0LF85 (button) folded before Flop (didn't bet)
Seat 9: Didovista (small blind) showed [6d Ac] and won ($1.81) with a full house, Sixes full of Aces



PokerStars Hand #232089139500:  Hold'em No Limit ($0.01/$0.02 USD) - 2021/12/09 20:06:31 PT [2021/12/09 23:06:31 ET]
Table 'Segin' 9-max Seat #9 is the button
Seat 1: ViniciusERC* ($1.59 in chips) 
Seat 2: Aemstro ($2.38 in chips) 
Seat 3: NelSer777 ($5.32 in chips) 
Seat 4: DimaShalo ($3.05 in chips) 
Seat 6: Dorex2007 ($2.04 in chips) 
Seat 7: rich_patti69 ($3.08 in chips) 
Seat 8: KINGW0LF85 ($3.45 in chips) 
Seat 9: Didovista ($1.81 in chips) 
ViniciusERC*: posts small blind $0.01
Aemstro: posts big blind $0.02
*** HOLE CARDS ***
Dealt to Dorex2007 [Jd Th]
NelSer777: folds 
DimaShalo: calls $0.02
Dorex2007: folds 
rich_patti69: folds 
KINGW0LF85: raises $0.04 to $0.06
Didovista: calls $0.06
ViniciusERC*: folds 
Aemstro: folds 
DimaShalo: calls $0.04
*** FLOP *** [Js 5h 5d]
ViniciusERC* leaves the table
DimaShalo: checks 
KINGW0LF85: bets $0.12
Didovista: folds 
DimaShalo: folds 
Uncalled bet ($0.12) returned to KINGW0LF85
KINGW0LF85 collected $0.20 from pot
KINGW0LF85: doesn't show hand 
*** SUMMARY ***
Total pot $0.21 | Rake $0.01 
Board [Js 5h 5d]
Seat 1: ViniciusERC* (small blind) folded before Flop
Seat 2: Aemstro (big blind) folded before Flop
Seat 3: NelSer777 folded before Flop (didn't bet)
Seat 4: DimaShalo folded on the Flop
Seat 6: Dorex2007 folded before Flop (didn't bet)
Seat 7: rich_patti69 folded before Flop (didn't bet)
Seat 8: KINGW0LF85 collected ($0.20)
Seat 9: Didovista (button) folded on the Flop



PokerStars Hand #232089146104:  Hold'em No Limit ($0.01/$0.02 USD) - 2021/12/09 20:07:06 PT [2021/12/09 23:07:06 ET]
Table 'Segin' 9-max Seat #2 is the button
Seat 2: Aemstro ($2.36 in chips) 
Seat 3: NelSer777 ($5.32 in chips) 
Seat 4: DimaShalo ($2.99 in chips) 
Seat 6: Dorex2007 ($2.04 in chips) 
Seat 7: rich_patti69 ($3.08 in chips) 
Seat 8: KINGW0LF85 ($3.59 in chips) 
Seat 9: Didovista ($1.75 in chips) 
NelSer777: posts small blind $0.01
DimaShalo: posts big blind $0.02
*** HOLE CARDS ***
Dealt to Dorex2007 [9h 8s]
Dorex2007: folds 
rich_patti69: raises $0.04 to $0.06
KINGW0LF85: folds 
Didovista: folds 
Didovista leaves the table
Aemstro: folds 
NelSer777: folds 
DimaShalo: folds 
Uncalled bet ($0.04) returned to rich_patti69
rich_patti69 collected $0.05 from pot
*** SUMMARY ***
Total pot $0.05 | Rake $0 
Seat 2: Aemstro (button) folded before Flop (didn't bet)
Seat 3: NelSer777 (small blind) folded before Flop
Seat 4: DimaShalo (big blind) folded before Flop
Seat 6: Dorex2007 folded before Flop (didn't bet)
Seat 7: rich_patti69 collected ($0.05)
Seat 8: KINGW0LF85 folded before Flop (didn't bet)
Seat 9: Didovista folded before Flop (didn't bet)



PokerStars Hand #232089148706:  Hold'em No Limit ($0.01/$0.02 USD) - 2021/12/09 20:07:20 PT [2021/12/09 23:07:20 ET]
Table 'Segin' 9-max Seat #3 is the button
Seat 2: Aemstro ($2.36 in chips) 
Seat 3: NelSer777 ($5.31 in chips) 
Seat 4: DimaShalo ($2.97 in chips) 
Seat 6: Dorex2007 ($2.04 in chips) 
Seat 7: rich_patti69 ($3.11 in chips) 
Seat 8: KINGW0LF85 ($3.59 in chips) 
DimaShalo: posts small blind $0.01
Dorex2007: posts big blind $0.02
*** HOLE CARDS ***
Dealt to Dorex2007 [2h 9s]
rich_patti69: folds 
KINGW0LF85: folds 
Aemstro: folds 
NelSer777: folds 
DimaShalo: folds 
Uncalled bet ($0.01) returned to Dorex2007
Dorex2007 collected $0.02 from pot
Dorex2007: doesn't show hand 
*** SUMMARY ***
Total pot $0.02 | Rake $0 
Seat 2: Aemstro folded before Flop (didn't bet)
Seat 3: NelSer777 (button) folded before Flop (didn't bet)
Seat 4: DimaShalo (small blind) folded before Flop
Seat 6: Dorex2007 (big blind) collected ($0.02)
Seat 7: rich_patti69 folded before Flop (didn't bet)
Seat 8: KINGW0LF85 folded before Flop (didn't bet)



PokerStars Hand #232089150791:  Hold'em No Limit ($0.01/$0.02 USD) - 2021/12/09 20:07:31 PT [2021/12/09 23:07:31 ET]
Table 'Segin' 9-max Seat #4 is the button
Seat 2: Aemstro ($2.36 in chips) 
Seat 3: NelSer777 ($5.31 in chips) 
Seat 4: DimaShalo ($2.96 in chips) 
Seat 6: Dorex2007 ($2.05 in chips) 
Seat 7: rich_patti69 ($3.11 in chips) 
Seat 8: KINGW0LF85 ($3.59 in chips) 
Dorex2007: posts small blind $0.01
rich_patti69: posts big blind $0.02
*** HOLE CARDS ***
Dealt to Dorex2007 [Kc Ah]
KINGW0LF85: folds 
Aemstro: folds 
NelSer777: folds 
DimaShalo: folds 
Dorex2007: raises $0.04 to $0.06
rich_patti69: folds 
Uncalled bet ($0.04) returned to Dorex2007
Dorex2007 collected $0.04 from pot
Dorex2007: doesn't show hand 
*** SUMMARY ***
Total pot $0.04 | Rake $0 
Seat 2: Aemstro folded before Flop (didn't bet)
Seat 3: NelSer777 folded before Flop (didn't bet)
Seat 4: DimaShalo (button) folded before Flop (didn't bet)
Seat 6: Dorex2007 (small blind) collected ($0.04)
Seat 7: rich_patti69 (big blind) folded before Flop
Seat 8: KINGW0LF85 folded before Flop (didn't bet)



PokerStars Hand #232089155158:  Hold'em No Limit ($0.01/$0.02 USD) - 2021/12/09 20:07:55 PT [2021/12/09 23:07:55 ET]
Table 'Segin' 9-max Seat #6 is the button
Seat 2: Aemstro ($2.36 in chips) 
Seat 3: NelSer777 ($5.31 in chips) 
Seat 4: DimaShalo ($2.96 in chips) 
Seat 6: Dorex2007 ($2.07 in chips) 
Seat 7: rich_patti69 ($3.09 in chips) 
Seat 8: KINGW0LF85 ($3.59 in chips) 
rich_patti69: posts small blind $0.01
KINGW0LF85: posts big blind $0.02
*** HOLE CARDS ***
Dealt to Dorex2007 [9c Jd]
Aemstro: folds 
NelSer777: folds 
DimaShalo: folds 
Dorex2007: folds 
rich_patti69: folds 
Uncalled bet ($0.01) returned to KINGW0LF85
KINGW0LF85 collected $0.02 from pot
KINGW0LF85: doesn't show hand 
*** SUMMARY ***
Total pot $0.02 | Rake $0 
Seat 2: Aemstro folded before Flop (didn't bet)
Seat 3: NelSer777 folded before Flop (didn't bet)
Seat 4: DimaShalo folded before Flop (didn't bet)
Seat 6: Dorex2007 (button) folded before Flop (didn't bet)
Seat 7: rich_patti69 (small blind) folded before Flop
Seat 8: KINGW0LF85 (big blind) collected ($0.02)



PokerStars Hand #232089157155:  Hold'em No Limit ($0.01/$0.02 USD) - 2021/12/09 20:08:05 PT [2021/12/09 23:08:05 ET]
Table 'Segin' 9-max Seat #7 is the button
Seat 2: Aemstro ($2.36 in chips) 
Seat 3: NelSer777 ($5.31 in chips) 
Seat 4: DimaShalo ($2.96 in chips) 
Seat 6: Dorex2007 ($2.07 in chips) 
Seat 7: rich_patti69 ($3.08 in chips) 
Seat 8: KINGW0LF85 ($3.60 in chips) 
KINGW0LF85: posts small blind $0.01
Aemstro: posts big blind $0.02
*** HOLE CARDS ***
Dealt to Dorex2007 [5d 8s]
NelSer777: folds 
DimaShalo: folds 
Dorex2007: folds 
rich_patti69: calls $0.02
KINGW0LF85: raises $0.06 to $0.08
Aemstro: folds 
rich_patti69: calls $0.06
*** FLOP *** [Kd 6d Td]
KINGW0LF85: bets $0.10
rich_patti69: calls $0.10
*** TURN *** [Kd 6d Td] [Qh]
KINGW0LF85: checks 
rich_patti69: checks 
*** RIVER *** [Kd 6d Td Qh] [2h]
KINGW0LF85: bets $0.19
rich_patti69: calls $0.19
*** SHOW DOWN ***
KINGW0LF85: shows [Ah Ks] (a pair of Kings)
rich_patti69: mucks hand 
KINGW0LF85 collected $0.73 from pot
*** SUMMARY ***
Total pot $0.76 | Rake $0.03 
Board [Kd 6d Td Qh 2h]
Seat 2: Aemstro (big blind) folded before Flop
Seat 3: NelSer777 folded before Flop (didn't bet)
Seat 4: DimaShalo folded before Flop (didn't bet)
Seat 6: Dorex2007 folded before Flop (didn't bet)
Seat 7: rich_patti69 (button) mucked [Ad 7c]
Seat 8: KINGW0LF85 (small blind) showed [Ah Ks] and won ($0.73) with a pair of Kings



PokerStars Hand #232089168311:  Hold'em No Limit ($0.01/$0.02 USD) - 2021/12/09 20:09:05 PT [2021/12/09 23:09:05 ET]
Table 'Segin' 9-max Seat #8 is the button
Seat 2: Aemstro ($2.34 in chips) 
Seat 3: NelSer777 ($5.31 in chips) 
Seat 4: DimaShalo ($2.96 in chips) 
Seat 6: Dorex2007 ($2.07 in chips) 
Seat 7: rich_patti69 ($2.71 in chips) 
Seat 8: KINGW0LF85 ($3.96 in chips) 
Aemstro: posts small blind $0.01
NelSer777: posts big blind $0.02
*** HOLE CARDS ***
Dealt to Dorex2007 [8d 9d]
DimaShalo: folds 
Dorex2007: raises $0.02 to $0.04
rich_patti69: folds 
KINGW0LF85: calls $0.04
Aemstro: folds 
NelSer777: folds 
*** FLOP *** [Qc Td Kc]
Dorex2007: checks 
KINGW0LF85: bets $0.11
Dorex2007: folds 
Uncalled bet ($0.11) returned to KINGW0LF85
KINGW0LF85 collected $0.11 from pot
KINGW0LF85: doesn't show hand 
*** SUMMARY ***
Total pot $0.11 | Rake $0 
Board [Qc Td Kc]
Seat 2: Aemstro (small blind) folded before Flop
Seat 3: NelSer777 (big blind) folded before Flop
Seat 4: DimaShalo folded before Flop (didn't bet)
Seat 6: Dorex2007 folded on the Flop
Seat 7: rich_patti69 folded before Flop (didn't bet)
Seat 8: KINGW0LF85 (button) collected ($0.11)



PokerStars Hand #232089175887:  Hold'em No Limit ($0.01/$0.02 USD) - 2021/12/09 20:09:45 PT [2021/12/09 23:09:45 ET]
Table 'Segin' 9-max Seat #2 is the button
Seat 2: Aemstro ($2.33 in chips) 
Seat 3: NelSer777 ($5.29 in chips) 
Seat 4: DimaShalo ($2.96 in chips) 
Seat 6: Dorex2007 ($2.03 in chips) 
Seat 7: rich_patti69 ($2.71 in chips) 
Seat 8: KINGW0LF85 ($4.03 in chips) 
NelSer777: posts small blind $0.01
DimaShalo: posts big blind $0.02
*** HOLE CARDS ***
Dealt to Dorex2007 [Tc Th]
Dorex2007: raises $0.04 to $0.06
rich_patti69: folds 
KINGW0LF85: calls $0.06
Aemstro: folds 
NelSer777: folds 
DimaShalo: calls $0.04
*** FLOP *** [3h 3d 6s]
DimaShalo: checks 
Dorex2007: bets $0.18
KINGW0LF85: folds 
DimaShalo: folds 
Uncalled bet ($0.18) returned to Dorex2007
Dorex2007 collected $0.18 from pot
Dorex2007: doesn't show hand 
*** SUMMARY ***
Total pot $0.19 | Rake $0.01 
Board [3h 3d 6s]
Seat 2: Aemstro (button) folded before Flop (didn't bet)
Seat 3: NelSer777 (small blind) folded before Flop
Seat 4: DimaShalo (big blind) folded on the Flop
Seat 6: Dorex2007 collected ($0.18)
Seat 7: rich_patti69 folded before Flop (didn't bet)
Seat 8: KINGW0LF85 folded on the Flop



PokerStars Hand #232089180201:  Hold'em No Limit ($0.01/$0.02 USD) - 2021/12/09 20:10:09 PT [2021/12/09 23:10:09 ET]
Table 'Segin' 9-max Seat #3 is the button
Seat 2: Aemstro ($2.33 in chips) 
Seat 3: NelSer777 ($5.28 in chips) 
Seat 4: DimaShalo ($2.90 in chips) 
Seat 6: Dorex2007 ($2.15 in chips) 
Seat 7: rich_patti69 ($2.71 in chips) 
Seat 8: KINGW0LF85 ($3.97 in chips) 
DimaShalo: posts small blind $0.01
Dorex2007: posts big blind $0.02
*** HOLE CARDS ***
Dealt to Dorex2007 [3h 4c]
rich_patti69: folds 
KINGW0LF85: calls $0.02
Aemstro: folds 
NelSer777: folds 
DimaShalo: calls $0.01
Dorex2007: checks 
*** FLOP *** [2d 3d 2h]
DimaShalo: checks 
Dorex2007: checks 
KINGW0LF85: bets $0.06
DimaShalo: folds 
Dorex2007: raises $0.12 to $0.18
KINGW0LF85: calls $0.12
*** TURN *** [2d 3d 2h] [Th]
Dorex2007: checks 
KINGW0LF85: checks 
*** RIVER *** [2d 3d 2h Th] [Kd]
Dorex2007: bets $0.27
KINGW0LF85: folds 
Uncalled bet ($0.27) returned to Dorex2007
Dorex2007 collected $0.41 from pot
Dorex2007: doesn't show hand 
*** SUMMARY ***
Total pot $0.42 | Rake $0.01 
Board [2d 3d 2h Th Kd]
Seat 2: Aemstro folded before Flop (didn't bet)
Seat 3: NelSer777 (button) folded before Flop (didn't bet)
Seat 4: DimaShalo (small blind) folded on the Flop
Seat 6: Dorex2007 (big blind) collected ($0.41)
Seat 7: rich_patti69 folded before Flop (didn't bet)
Seat 8: KINGW0LF85 folded on the River



PokerStars Hand #232089188049:  Hold'em No Limit ($0.01/$0.02 USD) - 2021/12/09 20:10:52 PT [2021/12/09 23:10:52 ET]
Table 'Segin' 9-max Seat #4 is the button
Seat 2: Aemstro ($2.33 in chips) 
Seat 3: NelSer777 ($5.28 in chips) 
Seat 4: DimaShalo ($2.88 in chips) 
Seat 6: Dorex2007 ($2.36 in chips) 
Seat 7: rich_patti69 ($2.71 in chips) 
Seat 8: KINGW0LF85 ($3.77 in chips) 
Dorex2007: posts small blind $0.01
rich_patti69: posts big blind $0.02
*** HOLE CARDS ***
Dealt to Dorex2007 [4h Js]
KINGW0LF85: folds 
Aemstro: folds 
NelSer777: folds 
DimaShalo: folds 
Dorex2007: folds 
Uncalled bet ($0.01) returned to rich_patti69
rich_patti69 collected $0.02 from pot
*** SUMMARY ***
Total pot $0.02 | Rake $0 
Seat 2: Aemstro folded before Flop (didn't bet)
Seat 3: NelSer777 folded before Flop (didn't bet)
Seat 4: DimaShalo (button) folded before Flop (didn't bet)
Seat 6: Dorex2007 (small blind) folded before Flop
Seat 7: rich_patti69 (big blind) collected ($0.02)
Seat 8: KINGW0LF85 folded before Flop (didn't bet)



PokerStars Hand #232089190106:  Hold'em No Limit ($0.01/$0.02 USD) - 2021/12/09 20:11:03 PT [2021/12/09 23:11:03 ET]
Table 'Segin' 9-max Seat #6 is the button
Seat 2: Aemstro ($2.33 in chips) 
Seat 3: NelSer777 ($5.28 in chips) 
Seat 4: DimaShalo ($2.88 in chips) 
Seat 6: Dorex2007 ($2.35 in chips) 
Seat 7: rich_patti69 ($2.72 in chips) 
Seat 8: KINGW0LF85 ($3.77 in chips) 
rich_patti69: posts small blind $0.01
KINGW0LF85: posts big blind $0.02
*** HOLE CARDS ***
Dealt to Dorex2007 [5h Ac]
Aemstro: folds 
NelSer777: folds 
DimaShalo: folds 
Dorex2007: folds 
rich_patti69: raises $0.04 to $0.06
KINGW0LF85: calls $0.04
*** FLOP *** [9c 4c Kh]
rich_patti69: bets $0.06
KINGW0LF85: folds 
Uncalled bet ($0.06) returned to rich_patti69
rich_patti69 collected $0.12 from pot
*** SUMMARY ***
Total pot $0.12 | Rake $0 
Board [9c 4c Kh]
Seat 2: Aemstro folded before Flop (didn't bet)
Seat 3: NelSer777 folded before Flop (didn't bet)
Seat 4: DimaShalo folded before Flop (didn't bet)
Seat 6: Dorex2007 (button) folded before Flop (didn't bet)
Seat 7: rich_patti69 (small blind) collected ($0.12)
Seat 8: KINGW0LF85 (big blind) folded on the Flop



PokerStars Hand #232089194305:  Hold'em No Limit ($0.01/$0.02 USD) - 2021/12/09 20:11:26 PT [2021/12/09 23:11:26 ET]
Table 'Segin' 9-max Seat #7 is the button
Seat 2: Aemstro ($2.33 in chips) 
Seat 3: NelSer777 ($5.28 in chips) 
Seat 4: DimaShalo ($2.88 in chips) 
Seat 6: Dorex2007 ($2.35 in chips) 
Seat 7: rich_patti69 ($2.78 in chips) 
Seat 8: KINGW0LF85 ($3.71 in chips) 
KINGW0LF85: posts small blind $0.01
Aemstro: posts big blind $0.02
*** HOLE CARDS ***
Dealt to Dorex2007 [Jc Qc]
NelSer777: folds 
DimaShalo: folds 
Dorex2007: raises $0.02 to $0.04
rich_patti69: folds 
KINGW0LF85: folds 
Aemstro: raises $0.08 to $0.12
Dorex2007: calls $0.08
*** FLOP *** [9c 7d 8d]
Aemstro: bets $0.06
Dorex2007: calls $0.06
*** TURN *** [9c 7d 8d] [Kd]
Aemstro: checks 
Dorex2007: bets $0.18
Aemstro: folds 
Uncalled bet ($0.18) returned to Dorex2007
Dorex2007 collected $0.36 from pot
Dorex2007: doesn't show hand 
*** SUMMARY ***
Total pot $0.37 | Rake $0.01 
Board [9c 7d 8d Kd]
Seat 2: Aemstro (big blind) folded on the Turn
Seat 3: NelSer777 folded before Flop (didn't bet)
Seat 4: DimaShalo folded before Flop (didn't bet)
Seat 6: Dorex2007 collected ($0.36)
Seat 7: rich_patti69 (button) folded before Flop (didn't bet)
Seat 8: KINGW0LF85 (small blind) folded before Flop



PokerStars Hand #232089201081:  Hold'em No Limit ($0.01/$0.02 USD) - 2021/12/09 20:12:03 PT [2021/12/09 23:12:03 ET]
Table 'Segin' 9-max Seat #8 is the button
Seat 2: Aemstro ($2.15 in chips) 
Seat 3: NelSer777 ($5.28 in chips) 
Seat 4: DimaShalo ($2.88 in chips) 
Seat 6: Dorex2007 ($2.53 in chips) 
Seat 7: rich_patti69 ($2.78 in chips) 
Seat 8: KINGW0LF85 ($3.70 in chips) 
Aemstro: posts small blind $0.01
NelSer777: posts big blind $0.02
*** HOLE CARDS ***
Dealt to Dorex2007 [9h 6s]
DimaShalo: folds 
Dorex2007: folds 
rich_patti69: calls $0.02
KINGW0LF85: folds 
Aemstro: folds 
NelSer777 is disconnected 
NelSer777 is connected 
NelSer777: checks 
*** FLOP *** [5h 2d Jd]
NelSer777: checks 
rich_patti69: bets $0.05
NelSer777: folds 
Uncalled bet ($0.05) returned to rich_patti69
rich_patti69 collected $0.05 from pot
*** SUMMARY ***
Total pot $0.05 | Rake $0 
Board [5h 2d Jd]
Seat 2: Aemstro (small blind) folded before Flop
Seat 3: NelSer777 (big blind) folded on the Flop
Seat 4: DimaShalo folded before Flop (didn't bet)
Seat 6: Dorex2007 folded before Flop (didn't bet)
Seat 7: rich_patti69 collected ($0.05)
Seat 8: KINGW0LF85 (button) folded before Flop (didn't bet)



PokerStars Hand #232089213552:  Hold'em No Limit ($0.01/$0.02 USD) - 2021/12/09 20:13:11 PT [2021/12/09 23:13:11 ET]
Table 'Segin' 9-max Seat #2 is the button
Seat 2: Aemstro ($2.14 in chips) 
Seat 3: NelSer777 ($5.26 in chips) 
Seat 4: DimaShalo ($2.88 in chips) 
Seat 6: Dorex2007 ($2.53 in chips) 
Seat 7: rich_patti69 ($2.81 in chips) 
Seat 8: KINGW0LF85 ($3.70 in chips) 
NelSer777: posts small blind $0.01
DimaShalo: posts big blind $0.02
*** HOLE CARDS ***
Dealt to Dorex2007 [8s 3d]
Dorex2007: folds 
rich_patti69: folds 
KINGW0LF85: raises $0.04 to $0.06
Aemstro: folds 
NelSer777: folds 
DimaShalo: folds 
Uncalled bet ($0.04) returned to KINGW0LF85
KINGW0LF85 collected $0.05 from pot
KINGW0LF85: doesn't show hand 
*** SUMMARY ***
Total pot $0.05 | Rake $0 
Seat 2: Aemstro (button) folded before Flop (didn't bet)
Seat 3: NelSer777 (small blind) folded before Flop
Seat 4: DimaShalo (big blind) folded before Flop
Seat 6: Dorex2007 folded before Flop (didn't bet)
Seat 7: rich_patti69 folded before Flop (didn't bet)
Seat 8: KINGW0LF85 collected ($0.05)



PokerStars Hand #232089233807:  Hold'em No Limit ($0.01/$0.02 USD) - 2021/12/09 20:15:07 PT [2021/12/09 23:15:07 ET]
Table 'Segin' 9-max Seat #7 is the button
Seat 2: Aemstro ($2.17 in chips) 
Seat 3: NelSer777 ($5.25 in chips) 
Seat 6: Dorex2007 ($2.53 in chips) 
Seat 7: rich_patti69 ($5.38 in chips) 
Seat 8: KINGW0LF85 ($0.94 in chips) 
KINGW0LF85: posts small blind $0.01
Aemstro: posts big blind $0.02
Dorex2007: posts small & big blinds $0.03
*** HOLE CARDS ***
Dealt to Dorex2007 [5s Kh]
NelSer777: folds 
Dorex2007: checks 
rich_patti69: folds 
KINGW0LF85: calls $0.01
Aemstro: checks 
*** FLOP *** [7s Jd 9c]
KINGW0LF85: checks 
Aemstro: checks 
Dorex2007: checks 
*** TURN *** [7s Jd 9c] [6s]
KINGW0LF85: bets $0.07
Aemstro: folds 
Dorex2007: folds 
Uncalled bet ($0.07) returned to KINGW0LF85
KINGW0LF85 collected $0.07 from pot
KINGW0LF85: doesn't show hand 
*** SUMMARY ***
Total pot $0.07 | Rake $0 
Board [7s Jd 9c 6s]
Seat 2: Aemstro (big blind) folded on the Turn
Seat 3: NelSer777 folded before Flop (didn't bet)
Seat 6: Dorex2007 folded on the Turn (didn't bet)
Seat 7: rich_patti69 (button) folded before Flop (didn't bet)
Seat 8: KINGW0LF85 (small blind) collected ($0.07)



PokerStars Hand #232089239909:  Hold'em No Limit ($0.01/$0.02 USD) - 2021/12/09 20:15:41 PT [2021/12/09 23:15:41 ET]
Table 'Segin' 9-max Seat #8 is the button
Seat 2: Aemstro ($2.15 in chips) 
Seat 3: NelSer777 ($5.25 in chips) 
Seat 6: Dorex2007 ($2.50 in chips) 
Seat 7: rich_patti69 ($5.38 in chips) 
Seat 8: KINGW0LF85 ($0.99 in chips) 
Aemstro: posts small blind $0.01
NelSer777: posts big blind $0.02
*** HOLE CARDS ***
Dealt to Dorex2007 [8d Kh]
Dorex2007: folds 
rich_patti69: folds 
KINGW0LF85: raises $0.04 to $0.06
Aemstro: folds 
NelSer777: folds 
Uncalled bet ($0.04) returned to KINGW0LF85
KINGW0LF85 collected $0.05 from pot
KINGW0LF85: doesn't show hand 
*** SUMMARY ***
Total pot $0.05 | Rake $0 
Seat 2: Aemstro (small blind) folded before Flop
Seat 3: NelSer777 (big blind) folded before Flop
Seat 6: Dorex2007 folded before Flop (didn't bet)
Seat 7: rich_patti69 folded before Flop (didn't bet)
Seat 8: KINGW0LF85 (button) collected ($0.05)



PokerStars Hand #232089242080:  Hold'em No Limit ($0.01/$0.02 USD) - 2021/12/09 20:15:52 PT [2021/12/09 23:15:52 ET]
Table 'Segin' 9-max Seat #2 is the button
Seat 2: Aemstro ($2.14 in chips) 
Seat 3: NelSer777 ($5.23 in chips) 
Seat 6: Dorex2007 ($2.50 in chips) 
Seat 7: rich_patti69 ($5.38 in chips) 
Seat 8: KINGW0LF85 ($1.02 in chips) 
NelSer777: posts small blind $0.01
Dorex2007: posts big blind $0.02
*** HOLE CARDS ***
Dealt to Dorex2007 [Kh Kc]
rich_patti69: folds 
KINGW0LF85: folds 
Aemstro: raises $0.04 to $0.06
NelSer777: folds 
Dorex2007: raises $0.10 to $0.16
Aemstro: calls $0.10
*** FLOP *** [3s 6c Jc]
Dorex2007: checks 
Aemstro: checks 
*** TURN *** [3s 6c Jc] [4d]
Dorex2007: bets $0.32
Aemstro: folds 
Uncalled bet ($0.32) returned to Dorex2007
Dorex2007 collected $0.32 from pot
Dorex2007: doesn't show hand 
*** SUMMARY ***
Total pot $0.33 | Rake $0.01 
Board [3s 6c Jc 4d]
Seat 2: Aemstro (button) folded on the Turn
Seat 3: NelSer777 (small blind) folded before Flop
Seat 6: Dorex2007 (big blind) collected ($0.32)
Seat 7: rich_patti69 folded before Flop (didn't bet)
Seat 8: KINGW0LF85 folded before Flop (didn't bet)



PokerStars Hand #232089249337:  Hold'em No Limit ($0.01/$0.02 USD) - 2021/12/09 20:16:31 PT [2021/12/09 23:16:31 ET]
Table 'Segin' 9-max Seat #3 is the button
Seat 2: Aemstro ($1.98 in chips) 
Seat 3: NelSer777 ($5.22 in chips) 
Seat 6: Dorex2007 ($2.66 in chips) 
Seat 7: rich_patti69 ($5.38 in chips) 
Seat 8: KINGW0LF85 ($1.02 in chips) 
Dorex2007: posts small blind $0.01
rich_patti69: posts big blind $0.02
*** HOLE CARDS ***
Dealt to Dorex2007 [3d 7s]
KINGW0LF85: raises $0.04 to $0.06
Aemstro: raises $0.12 to $0.18
NelSer777: folds 
Dorex2007: folds 
rich_patti69: calls $0.16
KINGW0LF85: folds 
*** FLOP *** [Td Qc 8d]
rich_patti69: checks 
Aemstro: bets $0.16
rich_patti69: raises $0.73 to $0.89
Aemstro: folds 
Uncalled bet ($0.73) returned to rich_patti69
rich_patti69 collected $0.72 from pot
*** SUMMARY ***
Total pot $0.75 | Rake $0.03 
Board [Td Qc 8d]
Seat 2: Aemstro folded on the Flop
Seat 3: NelSer777 (button) folded before Flop (didn't bet)
Seat 6: Dorex2007 (small blind) folded before Flop
Seat 7: rich_patti69 (big blind) collected ($0.72)
Seat 8: KINGW0LF85 folded before Flop



PokerStars Hand #232089256632:  Hold'em No Limit ($0.01/$0.02 USD) - 2021/12/09 20:17:12 PT [2021/12/09 23:17:12 ET]
Table 'Segin' 9-max Seat #6 is the button
Seat 2: Aemstro ($1.64 in chips) 
Seat 3: NelSer777 ($5.22 in chips) 
Seat 6: Dorex2007 ($2.65 in chips) 
Seat 7: rich_patti69 ($5.76 in chips) 
Seat 8: KINGW0LF85 ($0.96 in chips) 
rich_patti69: posts small blind $0.01
KINGW0LF85: posts big blind $0.02
*** HOLE CARDS ***
Dealt to Dorex2007 [Qc Qs]
Aemstro: folds 
NelSer777: folds 
Dorex2007: raises $0.04 to $0.06
rich_patti69: folds 
KINGW0LF85: raises $0.04 to $0.10
Dorex2007: raises $2.55 to $2.65 and is all-in
KINGW0LF85: calls $0.86 and is all-in
Uncalled bet ($1.69) returned to Dorex2007
rich_patti69 leaves the table
*** FLOP *** [7h Kh 4h]
*** TURN *** [7h Kh 4h] [5c]
*** RIVER *** [7h Kh 4h 5c] [3c]
*** SHOW DOWN ***
KINGW0LF85: shows [As Jh] (high card Ace)
Dorex2007: shows [Qc Qs] (a pair of Queens)
Dorex2007 cashed out the hand for $1.31 | Cash Out Fee $0.01
*** SUMMARY ***
Total pot $1.93 | Rake $0.07 
Board [7h Kh 4h 5c 3c]
Seat 2: Aemstro folded before Flop (didn't bet)
Seat 3: NelSer777 folded before Flop (didn't bet)
Seat 6: Dorex2007 (button) showed [Qc Qs] and won ($1.86) with a pair of Queens (pot not awarded as player cashed out)
Seat 7: rich_patti69 (small blind) folded before Flop
Seat 8: KINGW0LF85 (big blind) showed [As Jh] and lost with high card Ace



PokerStars Hand #232089262327:  Hold'em No Limit ($0.01/$0.02 USD) - 2021/12/09 20:17:43 PT [2021/12/09 23:17:43 ET]
Table 'Segin' 9-max Seat #2 is the button
Seat 2: Aemstro ($2 in chips) 
Seat 3: NelSer777 ($5.22 in chips) 
Seat 6: Dorex2007 ($3 in chips) 
NelSer777: posts small blind $0.01
Dorex2007: posts big blind $0.02
*** HOLE CARDS ***
Dealt to Dorex2007 [9s 8h]
Aemstro: folds 
NelSer777: folds 
Uncalled bet ($0.01) returned to Dorex2007
Dorex2007 collected $0.02 from pot
Dorex2007: doesn't show hand 
KINGW0LF85 leaves the table
*** SUMMARY ***
Total pot $0.02 | Rake $0 
Seat 2: Aemstro (button) folded before Flop (didn't bet)
Seat 3: NelSer777 (small blind) folded before Flop
Seat 6: Dorex2007 (big blind) collected ($0.02)



PokerStars Hand #232089263536:  Hold'em No Limit ($0.01/$0.02 USD) - 2021/12/09 20:17:49 PT [2021/12/09 23:17:49 ET]
Table 'Segin' 9-max Seat #3 is the button
Seat 2: Aemstro ($2 in chips) 
Seat 3: NelSer777 ($5.21 in chips) 
Seat 6: Dorex2007 ($3.01 in chips) 
Dorex2007: posts small blind $0.01
Aemstro: posts big blind $0.02
*** HOLE CARDS ***
Dealt to Dorex2007 [4c Jh]
NelSer777: raises $0.04 to $0.06
Dorex2007: raises $0.04 to $0.10
Aemstro: folds 
NelSer777: calls $0.04
*** FLOP *** [Ac Ah 6c]
Dorex2007: checks 
NelSer777: bets $0.11
Dorex2007: folds 
Uncalled bet ($0.11) returned to NelSer777
NelSer777 collected $0.21 from pot
NelSer777: doesn't show hand 
*** SUMMARY ***
Total pot $0.22 | Rake $0.01 
Board [Ac Ah 6c]
Seat 2: Aemstro (big blind) folded before Flop
Seat 3: NelSer777 (button) collected ($0.21)
Seat 6: Dorex2007 (small blind) folded on the Flop



PokerStars Hand #232089267557:  Hold'em No Limit ($0.01/$0.02 USD) - 2021/12/09 20:18:11 PT [2021/12/09 23:18:11 ET]
Table 'Segin' 9-max Seat #6 is the button
Seat 2: Aemstro ($1.98 in chips) 
Seat 3: NelSer777 ($5.32 in chips) 
Seat 6: Dorex2007 ($2.91 in chips) 
Aemstro: posts small blind $0.01
NelSer777: posts big blind $0.02
*** HOLE CARDS ***
Dealt to Dorex2007 [2d 7h]
Dorex2007: folds 
Aemstro: folds 
Uncalled bet ($0.01) returned to NelSer777
NelSer777 collected $0.02 from pot
NelSer777: doesn't show hand 
*** SUMMARY ***
Total pot $0.02 | Rake $0 
Seat 2: Aemstro (small blind) folded before Flop
Seat 3: NelSer777 (big blind) collected ($0.02)
Seat 6: Dorex2007 (button) folded before Flop (didn't bet)



PokerStars Hand #232089269325:  Hold'em No Limit ($0.01/$0.02 USD) - 2021/12/09 20:18:21 PT [2021/12/09 23:18:21 ET]
Table 'Segin' 9-max Seat #2 is the button
Seat 2: Aemstro ($1.97 in chips) 
Seat 3: NelSer777 ($5.33 in chips) 
Seat 6: Dorex2007 ($2.91 in chips) 
NelSer777: posts small blind $0.01
Dorex2007: posts big blind $0.02
*** HOLE CARDS ***
Dealt to Dorex2007 [8h 2d]
Aemstro: raises $0.04 to $0.06
NelSer777: calls $0.05
Dorex2007: folds 
*** FLOP *** [Js 7s 4d]
NelSer777: checks 
Aemstro: checks 
*** TURN *** [Js 7s 4d] [6s]
NelSer777: bets $0.07
Aemstro: calls $0.07
*** RIVER *** [Js 7s 4d 6s] [Ah]
NelSer777: bets $0.27
Aemstro: folds 
Uncalled bet ($0.27) returned to NelSer777
NelSer777 collected $0.27 from pot
NelSer777: doesn't show hand 
*** SUMMARY ***
Total pot $0.28 | Rake $0.01 
Board [Js 7s 4d 6s Ah]
Seat 2: Aemstro (button) folded on the River
Seat 3: NelSer777 (small blind) collected ($0.27)
Seat 6: Dorex2007 (big blind) folded before Flop



PokerStars Hand #232089273048:  Hold'em No Limit ($0.01/$0.02 USD) - 2021/12/09 20:18:42 PT [2021/12/09 23:18:42 ET]
Table 'Segin' 9-max Seat #3 is the button
Seat 2: Aemstro ($1.84 in chips) 
Seat 3: NelSer777 ($5.47 in chips) 
Seat 6: Dorex2007 ($2.89 in chips) 
Dorex2007: posts small blind $0.01
Aemstro: posts big blind $0.02
*** HOLE CARDS ***
Dealt to Dorex2007 [5s Jh]
NelSer777: folds 
Dorex2007: calls $0.01
Aemstro: checks 
*** FLOP *** [2s Ad Qs]
Dorex2007: checks 
Aemstro: checks 
*** TURN *** [2s Ad Qs] [Ac]
Dorex2007: checks 
Aemstro: checks 
*** RIVER *** [2s Ad Qs Ac] [7c]
Dorex2007: bets $0.04
Aemstro: calls $0.04
*** SHOW DOWN ***
Dorex2007: shows [5s Jh] (a pair of Aces)
Aemstro: shows [7d Jc] (two pair, Aces and Sevens)
Aemstro collected $0.12 from pot
*** SUMMARY ***
Total pot $0.12 | Rake $0 
Board [2s Ad Qs Ac 7c]
Seat 2: Aemstro (big blind) showed [7d Jc] and won ($0.12) with two pair, Aces and Sevens
Seat 3: NelSer777 (button) folded before Flop (didn't bet)
Seat 6: Dorex2007 (small blind) showed [5s Jh] and lost with a pair of Aces



PokerStars Hand #232089277428:  Hold'em No Limit ($0.01/$0.02 USD) - 2021/12/09 20:19:06 PT [2021/12/09 23:19:06 ET]
Table 'Segin' 9-max Seat #6 is the button
Seat 2: Aemstro ($1.90 in chips) 
Seat 3: NelSer777 ($5.47 in chips) 
Seat 6: Dorex2007 ($2.83 in chips) 
Aemstro: posts small blind $0.01
NelSer777: posts big blind $0.02
DimaShalo: sits out 
*** HOLE CARDS ***
Dealt to Dorex2007 [9d 2s]
Dorex2007: folds 
Aemstro: folds 
Uncalled bet ($0.01) returned to NelSer777
NelSer777 collected $0.02 from pot
NelSer777: doesn't show hand 
*** SUMMARY ***
Total pot $0.02 | Rake $0 
Seat 2: Aemstro (small blind) folded before Flop
Seat 3: NelSer777 (big blind) collected ($0.02)
Seat 6: Dorex2007 (button) folded before Flop (didn't bet)



