PokerStars Hand #230709074866:  Hold'em No Limit ($0.01/$0.02 USD) - 2021/10/18 12:17:55 PT [2021/10/18 15:17:55 ET]
Table 'Laverna III' 9-max Seat #2 is the button
Seat 1: Directive4 ($0.89 in chips) 
Seat 2: Tobiz89 ($2 in chips) 
Seat 3: Alis505 ($2.41 in chips) 
Seat 4: Schneegestber ($2.27 in chips) 
Seat 6: bobrishka ($0.27 in chips) 
Seat 7: MichaZimb ($2 in chips) 
Seat 8: vas.fegaris ($0.78 in chips) 
Seat 9: Dorex2007 ($2 in chips) 
Alis505: posts small blind $0.01
Schneegestber: posts big blind $0.02
Dorex2007: posts big blind $0.02
*** HOLE CARDS ***
Dealt to Dorex2007 [Ad Jh]
bobrishka: folds 
MichaZimb: folds 
vas.fegaris: folds 
Dorex2007: raises $0.04 to $0.06
Directive4: folds 
Tobiz89: folds 
Alis505: folds 
Schneegestber: calls $0.04
*** FLOP *** [7s 6s 7h]
Schneegestber: checks 
Dorex2007: checks 
*** TURN *** [7s 6s 7h] [5s]
Schneegestber: bets $0.02
Dorex2007: folds 
Uncalled bet ($0.02) returned to Schneegestber
Schneegestber collected $0.13 from pot
Schneegestber: doesn't show hand 
*** SUMMARY ***
Total pot $0.13 | Rake $0 
Board [7s 6s 7h 5s]
Seat 1: Directive4 folded before Flop (didn't bet)
Seat 2: Tobiz89 (button) folded before Flop (didn't bet)
Seat 3: Alis505 (small blind) folded before Flop
Seat 4: Schneegestber (big blind) collected ($0.13)
Seat 6: bobrishka folded before Flop (didn't bet)
Seat 7: MichaZimb folded before Flop (didn't bet)
Seat 8: vas.fegaris folded before Flop (didn't bet)
Seat 9: Dorex2007 folded on the Turn



PokerStars Hand #230709097104:  Hold'em No Limit ($0.01/$0.02 USD) - 2021/10/18 12:18:37 PT [2021/10/18 15:18:37 ET]
Table 'Laverna III' 9-max Seat #3 is the button
Seat 1: Directive4 ($0.89 in chips) 
Seat 2: Tobiz89 ($2 in chips) 
Seat 3: Alis505 ($2.40 in chips) 
Seat 4: Schneegestber ($2.34 in chips) 
Seat 5: Admiral_Berl ($4.16 in chips) 
Seat 6: bobrishka ($0.27 in chips) 
Seat 7: MichaZimb ($2 in chips) 
Seat 8: vas.fegaris ($0.78 in chips) 
Seat 9: Dorex2007 ($2 in chips) 
Schneegestber: posts small blind $0.01
Admiral_Berl: posts big blind $0.02
*** HOLE CARDS ***
Dealt to Dorex2007 [3c Ah]
bobrishka: folds 
MichaZimb: folds 
vas.fegaris: folds 
Dorex2007: folds 
Directive4 has timed out
Directive4: folds 
Tobiz89: folds 
Alis505: raises $0.04 to $0.06
Schneegestber: calls $0.05
Admiral_Berl: folds 
*** FLOP *** [7s 8h 9c]
Schneegestber: checks 
Alis505: checks 
*** TURN *** [7s 8h 9c] [Th]
Schneegestber: checks 
Alis505: checks 
*** RIVER *** [7s 8h 9c Th] [9h]
Schneegestber: bets $0.04
Alis505: folds 
Uncalled bet ($0.04) returned to Schneegestber
Schneegestber collected $0.14 from pot
Schneegestber: doesn't show hand 
*** SUMMARY ***
Total pot $0.14 | Rake $0 
Board [7s 8h 9c Th 9h]
Seat 1: Directive4 folded before Flop (didn't bet)
Seat 2: Tobiz89 folded before Flop (didn't bet)
Seat 3: Alis505 (button) folded on the River
Seat 4: Schneegestber (small blind) collected ($0.14)
Seat 5: Admiral_Berl (big blind) folded before Flop
Seat 6: bobrishka folded before Flop (didn't bet)
Seat 7: MichaZimb folded before Flop (didn't bet)
Seat 8: vas.fegaris folded before Flop (didn't bet)
Seat 9: Dorex2007 folded before Flop (didn't bet)



PokerStars Hand #230709134911:  Hold'em No Limit ($0.01/$0.02 USD) - 2021/10/18 12:19:42 PT [2021/10/18 15:19:42 ET]
Table 'Laverna III' 9-max Seat #4 is the button
Seat 1: Directive4 ($0.89 in chips) 
Seat 2: Tobiz89 ($2 in chips) 
Seat 3: Alis505 ($2.34 in chips) 
Seat 4: Schneegestber ($2.42 in chips) 
Seat 5: Admiral_Berl ($4.14 in chips) 
Seat 6: bobrishka ($0.27 in chips) 
Seat 7: MichaZimb ($2 in chips) 
Seat 8: vas.fegaris ($0.78 in chips) 
Seat 9: Dorex2007 ($2 in chips) 
Admiral_Berl: posts small blind $0.01
bobrishka: posts big blind $0.02
*** HOLE CARDS ***
Dealt to Dorex2007 [Kd Jh]
MichaZimb: folds 
vas.fegaris: folds 
Dorex2007: folds 
Directive4 has timed out
Directive4: folds 
Tobiz89: folds 
Alis505 has timed out
Alis505: folds 
Schneegestber: calls $0.02
Admiral_Berl: calls $0.01
bobrishka: checks 
*** FLOP *** [Ts 5c 3d]
Admiral_Berl: checks 
bobrishka: checks 
Schneegestber: checks 
*** TURN *** [Ts 5c 3d] [Qs]
Admiral_Berl: bets $0.06
bobrishka: folds 
Schneegestber: folds 
Uncalled bet ($0.06) returned to Admiral_Berl
Admiral_Berl collected $0.06 from pot
Admiral_Berl: doesn't show hand 
*** SUMMARY ***
Total pot $0.06 | Rake $0 
Board [Ts 5c 3d Qs]
Seat 1: Directive4 folded before Flop (didn't bet)
Seat 2: Tobiz89 folded before Flop (didn't bet)
Seat 3: Alis505 folded before Flop (didn't bet)
Seat 4: Schneegestber (button) folded on the Turn
Seat 5: Admiral_Berl (small blind) collected ($0.06)
Seat 6: bobrishka (big blind) folded on the Turn
Seat 7: MichaZimb folded before Flop (didn't bet)
Seat 8: vas.fegaris folded before Flop (didn't bet)
Seat 9: Dorex2007 folded before Flop (didn't bet)



PokerStars Hand #230709163159:  Hold'em No Limit ($0.01/$0.02 USD) - 2021/10/18 12:20:34 PT [2021/10/18 15:20:34 ET]
Table 'Laverna III' 9-max Seat #5 is the button
Seat 1: Directive4 ($0.89 in chips) 
Seat 2: Tobiz89 ($2 in chips) 
Seat 3: Alis505 ($2.34 in chips) 
Seat 4: Schneegestber ($2.40 in chips) 
Seat 5: Admiral_Berl ($4.18 in chips) 
Seat 6: bobrishka ($0.25 in chips) 
Seat 7: MichaZimb ($2 in chips) 
Seat 8: vas.fegaris ($0.78 in chips) 
Seat 9: Dorex2007 ($2 in chips) 
bobrishka: posts small blind $0.01
MichaZimb: posts big blind $0.02
*** HOLE CARDS ***
Dealt to Dorex2007 [7c 3c]
vas.fegaris: folds 
Dorex2007: folds 
Directive4: raises $0.04 to $0.06
Tobiz89: folds 
Alis505: folds 
Schneegestber: calls $0.06
Admiral_Berl: folds 
bobrishka: folds 
MichaZimb: folds 
*** FLOP *** [3d 6h Jc]
Directive4: bets $0.07
Schneegestber: calls $0.07
*** TURN *** [3d 6h Jc] [Jd]
Directive4: bets $0.14
Schneegestber: calls $0.14
*** RIVER *** [3d 6h Jc Jd] [Ts]
Directive4: checks 
Schneegestber: bets $2.13 and is all-in
Directive4: folds 
Uncalled bet ($2.13) returned to Schneegestber
Schneegestber collected $0.55 from pot
Schneegestber: doesn't show hand 
*** SUMMARY ***
Total pot $0.57 | Rake $0.02 
Board [3d 6h Jc Jd Ts]
Seat 1: Directive4 folded on the River
Seat 2: Tobiz89 folded before Flop (didn't bet)
Seat 3: Alis505 folded before Flop (didn't bet)
Seat 4: Schneegestber collected ($0.55)
Seat 5: Admiral_Berl (button) folded before Flop (didn't bet)
Seat 6: bobrishka (small blind) folded before Flop
Seat 7: MichaZimb (big blind) folded before Flop
Seat 8: vas.fegaris folded before Flop (didn't bet)
Seat 9: Dorex2007 folded before Flop (didn't bet)



PokerStars Hand #230709191265:  Hold'em No Limit ($0.01/$0.02 USD) - 2021/10/18 12:21:26 PT [2021/10/18 15:21:26 ET]
Table 'Laverna III' 9-max Seat #6 is the button
Seat 1: Directive4 ($0.62 in chips) 
Seat 2: Tobiz89 ($2 in chips) 
Seat 3: Alis505 ($2.34 in chips) 
Seat 4: Schneegestber ($2.68 in chips) 
Seat 5: Admiral_Berl ($4.18 in chips) 
Seat 6: bobrishka ($0.24 in chips) 
Seat 7: MichaZimb ($2 in chips) 
Seat 8: vas.fegaris ($0.78 in chips) 
Seat 9: Dorex2007 ($2 in chips) 
MichaZimb: posts small blind $0.01
vas.fegaris: posts big blind $0.02
*** HOLE CARDS ***
Dealt to Dorex2007 [3c Qs]
Dorex2007: folds 
Directive4: folds 
Tobiz89: folds 
Alis505: folds 
Schneegestber: calls $0.02
Admiral_Berl: calls $0.02
bobrishka: calls $0.02
MichaZimb: calls $0.01
vas.fegaris: checks 
*** FLOP *** [9s 3d 6c]
MichaZimb: checks 
vas.fegaris: checks 
Schneegestber: bets $0.02
Admiral_Berl: calls $0.02
bobrishka: calls $0.02
MichaZimb: folds 
vas.fegaris: folds 
*** TURN *** [9s 3d 6c] [Jc]
Schneegestber: checks 
Admiral_Berl: checks 
bobrishka: checks 
*** RIVER *** [9s 3d 6c Jc] [8c]
Schneegestber: checks 
Admiral_Berl: checks 
bobrishka: checks 
*** SHOW DOWN ***
Schneegestber: shows [Qd 2d] (high card Queen)
Admiral_Berl: shows [9d Td] (a pair of Nines)
bobrishka: shows [9h Ts] (a pair of Nines)
Admiral_Berl collected $0.08 from pot
bobrishka collected $0.07 from pot
*** SUMMARY ***
Total pot $0.16 | Rake $0.01 
Board [9s 3d 6c Jc 8c]
Seat 1: Directive4 folded before Flop (didn't bet)
Seat 2: Tobiz89 folded before Flop (didn't bet)
Seat 3: Alis505 folded before Flop (didn't bet)
Seat 4: Schneegestber showed [Qd 2d] and lost with high card Queen
Seat 5: Admiral_Berl showed [9d Td] and won ($0.08) with a pair of Nines
Seat 6: bobrishka (button) showed [9h Ts] and won ($0.07) with a pair of Nines
Seat 7: MichaZimb (small blind) folded on the Flop
Seat 8: vas.fegaris (big blind) folded on the Flop
Seat 9: Dorex2007 folded before Flop (didn't bet)



PokerStars Hand #230709223340:  Hold'em No Limit ($0.01/$0.02 USD) - 2021/10/18 12:22:25 PT [2021/10/18 15:22:25 ET]
Table 'Laverna III' 9-max Seat #7 is the button
Seat 1: Directive4 ($0.62 in chips) 
Seat 2: Tobiz89 ($2 in chips) 
Seat 3: Alis505 ($2.34 in chips) 
Seat 4: Schneegestber ($2.64 in chips) 
Seat 5: Admiral_Berl ($4.22 in chips) 
Seat 6: bobrishka ($0.27 in chips) 
Seat 7: MichaZimb ($2 in chips) 
Seat 8: vas.fegaris ($0.76 in chips) 
Seat 9: Dorex2007 ($2 in chips) 
vas.fegaris: posts small blind $0.01
Dorex2007: posts big blind $0.02
*** HOLE CARDS ***
Dealt to Dorex2007 [Qd Th]
Directive4: folds 
Tobiz89: folds 
Alis505: calls $0.02
Schneegestber: calls $0.02
Admiral_Berl: folds 
bobrishka: calls $0.02
MichaZimb: folds 
vas.fegaris: folds 
Dorex2007: raises $0.04 to $0.06
Alis505: calls $0.04
Schneegestber: calls $0.04
bobrishka: calls $0.04
*** FLOP *** [6h 6c 6s]
Dorex2007: checks 
Alis505: checks 
Schneegestber: checks 
bobrishka: bets $0.02
Dorex2007: calls $0.02
Alis505: folds 
Schneegestber: calls $0.02
*** TURN *** [6h 6c 6s] [9c]
Dorex2007: checks 
Schneegestber: bets $0.02
bobrishka: calls $0.02
Dorex2007: calls $0.02
*** RIVER *** [6h 6c 6s 9c] [Qs]
Dorex2007: checks 
Schneegestber: bets $0.08
bobrishka: folds 
Dorex2007: calls $0.08
*** SHOW DOWN ***
Schneegestber: shows [9s Js] (a full house, Sixes full of Nines)
Dorex2007: shows [Qd Th] (a full house, Sixes full of Queens)
Dorex2007 collected $0.51 from pot
*** SUMMARY ***
Total pot $0.53 | Rake $0.02 
Board [6h 6c 6s 9c Qs]
Seat 1: Directive4 folded before Flop (didn't bet)
Seat 2: Tobiz89 folded before Flop (didn't bet)
Seat 3: Alis505 folded on the Flop
Seat 4: Schneegestber showed [9s Js] and lost with a full house, Sixes full of Nines
Seat 5: Admiral_Berl folded before Flop (didn't bet)
Seat 6: bobrishka folded on the River
Seat 7: MichaZimb (button) folded before Flop (didn't bet)
Seat 8: vas.fegaris (small blind) folded before Flop
Seat 9: Dorex2007 (big blind) showed [Qd Th] and won ($0.51) with a full house, Sixes full of Queens



PokerStars Hand #230709265311:  Hold'em No Limit ($0.01/$0.02 USD) - 2021/10/18 12:23:42 PT [2021/10/18 15:23:42 ET]
Table 'Laverna III' 9-max Seat #8 is the button
Seat 1: Directive4 ($0.62 in chips) 
Seat 2: Tobiz89 ($2 in chips) 
Seat 3: Alis505 ($2.28 in chips) 
Seat 4: Schneegestber ($2.46 in chips) 
Seat 5: Admiral_Berl ($4.22 in chips) 
Seat 6: bobrishka ($0.17 in chips) 
Seat 7: MichaZimb ($2 in chips) 
Seat 8: vas.fegaris ($0.75 in chips) 
Seat 9: Dorex2007 ($2.33 in chips) 
Dorex2007: posts small blind $0.01
Directive4: posts big blind $0.02
*** HOLE CARDS ***
Dealt to Dorex2007 [Ah 5c]
Tobiz89: folds 
Alis505: folds 
Schneegestber: calls $0.02
Admiral_Berl: folds 
bobrishka: folds 
MichaZimb: folds 
vas.fegaris: folds 
Dorex2007: calls $0.01
Directive4: checks 
*** FLOP *** [2h 6d 5d]
Dorex2007: bets $0.06
Directive4: calls $0.06
Schneegestber: folds 
*** TURN *** [2h 6d 5d] [9h]
Dorex2007: bets $0.09
Directive4: calls $0.09
*** RIVER *** [2h 6d 5d 9h] [2c]
Dorex2007: bets $0.18
Directive4: folds 
Uncalled bet ($0.18) returned to Dorex2007
Dorex2007 collected $0.35 from pot
Dorex2007: doesn't show hand 
*** SUMMARY ***
Total pot $0.36 | Rake $0.01 
Board [2h 6d 5d 9h 2c]
Seat 1: Directive4 (big blind) folded on the River
Seat 2: Tobiz89 folded before Flop (didn't bet)
Seat 3: Alis505 folded before Flop (didn't bet)
Seat 4: Schneegestber folded on the Flop
Seat 5: Admiral_Berl folded before Flop (didn't bet)
Seat 6: bobrishka folded before Flop (didn't bet)
Seat 7: MichaZimb folded before Flop (didn't bet)
Seat 8: vas.fegaris (button) folded before Flop (didn't bet)
Seat 9: Dorex2007 (small blind) collected ($0.35)



PokerStars Hand #230709294494:  Hold'em No Limit ($0.01/$0.02 USD) - 2021/10/18 12:24:36 PT [2021/10/18 15:24:36 ET]
Table 'Laverna III' 9-max Seat #9 is the button
Seat 1: Directive4 ($0.45 in chips) 
Seat 2: Tobiz89 ($2 in chips) 
Seat 3: Alis505 ($2.28 in chips) 
Seat 4: Schneegestber ($2.44 in chips) 
Seat 5: Admiral_Berl ($4.22 in chips) 
Seat 6: bobrishka ($0.17 in chips) 
Seat 7: MichaZimb ($2 in chips) 
Seat 8: vas.fegaris ($0.75 in chips) 
Seat 9: Dorex2007 ($2.51 in chips) 
Directive4: posts small blind $0.01
Tobiz89: posts big blind $0.02
*** HOLE CARDS ***
Dealt to Dorex2007 [7s Jh]
Alis505: folds 
Schneegestber: calls $0.02
Admiral_Berl: folds 
bobrishka: calls $0.02
MichaZimb: folds 
vas.fegaris: calls $0.02
Dorex2007: folds 
Directive4: folds 
Tobiz89: checks 
*** FLOP *** [Kd 4d 4c]
Tobiz89: checks 
Schneegestber: checks 
bobrishka: checks 
vas.fegaris: checks 
*** TURN *** [Kd 4d 4c] [3h]
Tobiz89: checks 
Schneegestber: bets $0.02
bobrishka: folds 
vas.fegaris: calls $0.02
Tobiz89: folds 
*** RIVER *** [Kd 4d 4c 3h] [Ac]
Schneegestber: bets $0.02
vas.fegaris: calls $0.02
*** SHOW DOWN ***
Schneegestber: shows [Td Qc] (a pair of Fours)
vas.fegaris: shows [6s 6d] (two pair, Sixes and Fours)
vas.fegaris collected $0.16 from pot
*** SUMMARY ***
Total pot $0.17 | Rake $0.01 
Board [Kd 4d 4c 3h Ac]
Seat 1: Directive4 (small blind) folded before Flop
Seat 2: Tobiz89 (big blind) folded on the Turn
Seat 3: Alis505 folded before Flop (didn't bet)
Seat 4: Schneegestber showed [Td Qc] and lost with a pair of Fours
Seat 5: Admiral_Berl folded before Flop (didn't bet)
Seat 6: bobrishka folded on the Turn
Seat 7: MichaZimb folded before Flop (didn't bet)
Seat 8: vas.fegaris showed [6s 6d] and won ($0.16) with two pair, Sixes and Fours
Seat 9: Dorex2007 (button) folded before Flop (didn't bet)



PokerStars Hand #230709322234:  Hold'em No Limit ($0.01/$0.02 USD) - 2021/10/18 12:25:27 PT [2021/10/18 15:25:27 ET]
Table 'Laverna III' 9-max Seat #1 is the button
Seat 1: Directive4 ($0.44 in chips) 
Seat 2: Tobiz89 ($2 in chips) 
Seat 3: Alis505 ($2.28 in chips) 
Seat 4: Schneegestber ($2.38 in chips) 
Seat 5: Admiral_Berl ($4.22 in chips) 
Seat 6: bobrishka ($0.15 in chips) 
Seat 7: MichaZimb ($2 in chips) 
Seat 8: vas.fegaris ($0.85 in chips) 
Seat 9: Dorex2007 ($2.51 in chips) 
Tobiz89: posts small blind $0.01
Alis505: posts big blind $0.02
*** HOLE CARDS ***
Dealt to Dorex2007 [9h Ks]
Schneegestber: calls $0.02
Admiral_Berl: folds 
bobrishka: folds 
MichaZimb: folds 
vas.fegaris: folds 
Dorex2007: folds 
Directive4: raises $0.42 to $0.44 and is all-in
Tobiz89: folds 
Alis505: folds 
Schneegestber: calls $0.42
*** FLOP *** [Tc 5h 7h]
*** TURN *** [Tc 5h 7h] [3s]
*** RIVER *** [Tc 5h 7h 3s] [3h]
*** SHOW DOWN ***
Schneegestber: shows [Qd Jd] (a pair of Threes)
Directive4: shows [4c 4s] (two pair, Fours and Threes)
Directive4 collected $0.88 from pot
*** SUMMARY ***
Total pot $0.91 | Rake $0.03 
Board [Tc 5h 7h 3s 3h]
Seat 1: Directive4 (button) showed [4c 4s] and won ($0.88) with two pair, Fours and Threes
Seat 2: Tobiz89 (small blind) folded before Flop
Seat 3: Alis505 (big blind) folded before Flop
Seat 4: Schneegestber showed [Qd Jd] and lost with a pair of Threes
Seat 5: Admiral_Berl folded before Flop (didn't bet)
Seat 6: bobrishka folded before Flop (didn't bet)
Seat 7: MichaZimb folded before Flop (didn't bet)
Seat 8: vas.fegaris folded before Flop (didn't bet)
Seat 9: Dorex2007 folded before Flop (didn't bet)



PokerStars Hand #230709342246:  Hold'em No Limit ($0.01/$0.02 USD) - 2021/10/18 12:26:04 PT [2021/10/18 15:26:04 ET]
Table 'Laverna III' 9-max Seat #2 is the button
Seat 1: Directive4 ($0.88 in chips) 
Seat 2: Tobiz89 ($2 in chips) 
Seat 3: Alis505 ($2.26 in chips) 
Seat 4: Schneegestber ($1.94 in chips) 
Seat 5: Admiral_Berl ($4.22 in chips) 
Seat 6: bobrishka ($0.15 in chips) 
Seat 7: MichaZimb ($2 in chips) 
Seat 8: vas.fegaris ($0.85 in chips) 
Seat 9: Dorex2007 ($2.51 in chips) 
Alis505: posts small blind $0.01
Schneegestber: posts big blind $0.02
*** HOLE CARDS ***
Dealt to Dorex2007 [9c Qs]
Admiral_Berl: folds 
bobrishka: folds 
MichaZimb: folds 
vas.fegaris: folds 
Dorex2007: folds 
Directive4: folds 
Tobiz89: folds 
Alis505: calls $0.01
Schneegestber: raises $0.02 to $0.04
Alis505: calls $0.02
*** FLOP *** [Kh Qc 2s]
Alis505: checks 
Schneegestber: bets $0.02
Alis505: raises $0.06 to $0.08
Schneegestber: folds 
Uncalled bet ($0.06) returned to Alis505
Alis505 collected $0.12 from pot
Alis505: doesn't show hand 
*** SUMMARY ***
Total pot $0.12 | Rake $0 
Board [Kh Qc 2s]
Seat 1: Directive4 folded before Flop (didn't bet)
Seat 2: Tobiz89 (button) folded before Flop (didn't bet)
Seat 3: Alis505 (small blind) collected ($0.12)
Seat 4: Schneegestber (big blind) folded on the Flop
Seat 5: Admiral_Berl folded before Flop (didn't bet)
Seat 6: bobrishka folded before Flop (didn't bet)
Seat 7: MichaZimb folded before Flop (didn't bet)
Seat 8: vas.fegaris folded before Flop (didn't bet)
Seat 9: Dorex2007 folded before Flop (didn't bet)



PokerStars Hand #230709360355:  Hold'em No Limit ($0.01/$0.02 USD) - 2021/10/18 12:26:38 PT [2021/10/18 15:26:38 ET]
Table 'Laverna III' 9-max Seat #3 is the button
Seat 1: Directive4 ($0.88 in chips) 
Seat 2: Tobiz89 ($2 in chips) 
Seat 3: Alis505 ($2.32 in chips) 
Seat 4: Schneegestber ($1.88 in chips) 
Seat 5: Admiral_Berl ($4.22 in chips) 
Seat 6: bobrishka ($0.15 in chips) 
Seat 7: MichaZimb ($2 in chips) 
Seat 8: vas.fegaris ($0.85 in chips) 
Seat 9: Dorex2007 ($2.51 in chips) 
Schneegestber: posts small blind $0.01
Admiral_Berl: posts big blind $0.02
*** HOLE CARDS ***
Dealt to Dorex2007 [Ad 4d]
bobrishka: calls $0.02
MichaZimb: folds 
vas.fegaris: calls $0.02
Dorex2007: folds 
Directive4: folds 
Tobiz89: folds 
Alis505: calls $0.02
Schneegestber: calls $0.01
Admiral_Berl: checks 
*** FLOP *** [6s 4s Ks]
Schneegestber: checks 
Admiral_Berl: checks 
bobrishka: checks 
vas.fegaris: checks 
Alis505: bets $0.10
Schneegestber: folds 
Admiral_Berl: folds 
bobrishka: raises $0.03 to $0.13 and is all-in
vas.fegaris: folds 
Alis505: calls $0.03
*** TURN *** [6s 4s Ks] [Kc]
*** RIVER *** [6s 4s Ks Kc] [8d]
*** SHOW DOWN ***
bobrishka: shows [6h 6c] (a full house, Sixes full of Kings)
Alis505: shows [3s 7s] (a flush, King high)
bobrishka collected $0.35 from pot
Alis505 cashed out the hand for $0.23
*** SUMMARY ***
Total pot $0.36 | Rake $0.01 
Board [6s 4s Ks Kc 8d]
Seat 1: Directive4 folded before Flop (didn't bet)
Seat 2: Tobiz89 folded before Flop (didn't bet)
Seat 3: Alis505 (button) showed [3s 7s] and lost with a flush, King high (cashed out).
Seat 4: Schneegestber (small blind) folded on the Flop
Seat 5: Admiral_Berl (big blind) folded on the Flop
Seat 6: bobrishka showed [6h 6c] and won ($0.35) with a full house, Sixes full of Kings
Seat 7: MichaZimb folded before Flop (didn't bet)
Seat 8: vas.fegaris folded on the Flop
Seat 9: Dorex2007 folded before Flop (didn't bet)



PokerStars Hand #230709403075:  Hold'em No Limit ($0.01/$0.02 USD) - 2021/10/18 12:27:57 PT [2021/10/18 15:27:57 ET]
Table 'Laverna III' 9-max Seat #4 is the button
Seat 1: Directive4 ($0.88 in chips) 
Seat 2: Tobiz89 ($2 in chips) 
Seat 3: Alis505 ($2.40 in chips) 
Seat 4: Schneegestber ($1.86 in chips) 
Seat 5: Admiral_Berl ($4.20 in chips) 
Seat 6: bobrishka ($0.35 in chips) 
Seat 7: MichaZimb ($2 in chips) 
Seat 8: vas.fegaris ($0.83 in chips) 
Seat 9: Dorex2007 ($2.51 in chips) 
Admiral_Berl: posts small blind $0.01
bobrishka: posts big blind $0.02
*** HOLE CARDS ***
Dealt to Dorex2007 [5d 6h]
MichaZimb: folds 
vas.fegaris: raises $0.02 to $0.04
Dorex2007: folds 
Directive4: folds 
Tobiz89: folds 
Alis505: folds 
Schneegestber: calls $0.04
Admiral_Berl: folds 
bobrishka: calls $0.02
*** FLOP *** [Qc Jd 6c]
bobrishka: checks 
vas.fegaris: checks 
Schneegestber: checks 
*** TURN *** [Qc Jd 6c] [5h]
bobrishka: checks 
vas.fegaris: checks 
Schneegestber: bets $0.02
bobrishka: folds 
vas.fegaris: calls $0.02
*** RIVER *** [Qc Jd 6c 5h] [5s]
vas.fegaris: checks 
Schneegestber: bets $0.04
vas.fegaris: calls $0.04
*** SHOW DOWN ***
Schneegestber: shows [Ah Js] (two pair, Jacks and Fives)
vas.fegaris: mucks hand 
Schneegestber collected $0.24 from pot
*** SUMMARY ***
Total pot $0.25 | Rake $0.01 
Board [Qc Jd 6c 5h 5s]
Seat 1: Directive4 folded before Flop (didn't bet)
Seat 2: Tobiz89 folded before Flop (didn't bet)
Seat 3: Alis505 folded before Flop (didn't bet)
Seat 4: Schneegestber (button) showed [Ah Js] and won ($0.24) with two pair, Jacks and Fives
Seat 5: Admiral_Berl (small blind) folded before Flop
Seat 6: bobrishka (big blind) folded on the Turn
Seat 7: MichaZimb folded before Flop (didn't bet)
Seat 8: vas.fegaris mucked [9c 9d]
Seat 9: Dorex2007 folded before Flop (didn't bet)



PokerStars Hand #230709437565:  Hold'em No Limit ($0.01/$0.02 USD) - 2021/10/18 12:29:01 PT [2021/10/18 15:29:01 ET]
Table 'Laverna III' 9-max Seat #5 is the button
Seat 1: Directive4 ($0.88 in chips) 
Seat 2: Tobiz89 ($2 in chips) 
Seat 3: Alis505 ($2.40 in chips) 
Seat 4: Schneegestber ($2 in chips) 
Seat 5: Admiral_Berl ($4.19 in chips) 
Seat 6: bobrishka ($0.31 in chips) 
Seat 7: MichaZimb ($2 in chips) 
Seat 8: vas.fegaris ($0.73 in chips) 
Seat 9: Dorex2007 ($2.51 in chips) 
bobrishka: posts small blind $0.01
MichaZimb: posts big blind $0.02
*** HOLE CARDS ***
Dealt to Dorex2007 [Ks 3d]
vas.fegaris: folds 
Dorex2007: folds 
Directive4: folds 
Tobiz89: folds 
Alis505: folds 
Schneegestber: calls $0.02
Admiral_Berl: folds 
bobrishka: calls $0.01
MichaZimb: checks 
*** FLOP *** [Ac 8s 6d]
bobrishka: checks 
MichaZimb: bets $0.02
Schneegestber: folds 
bobrishka: folds 
Uncalled bet ($0.02) returned to MichaZimb
MichaZimb collected $0.06 from pot
*** SUMMARY ***
Total pot $0.06 | Rake $0 
Board [Ac 8s 6d]
Seat 1: Directive4 folded before Flop (didn't bet)
Seat 2: Tobiz89 folded before Flop (didn't bet)
Seat 3: Alis505 folded before Flop (didn't bet)
Seat 4: Schneegestber folded on the Flop
Seat 5: Admiral_Berl (button) folded before Flop (didn't bet)
Seat 6: bobrishka (small blind) folded on the Flop
Seat 7: MichaZimb (big blind) collected ($0.06)
Seat 8: vas.fegaris folded before Flop (didn't bet)
Seat 9: Dorex2007 folded before Flop (didn't bet)



PokerStars Hand #230709455818:  Hold'em No Limit ($0.01/$0.02 USD) - 2021/10/18 12:29:36 PT [2021/10/18 15:29:36 ET]
Table 'Laverna III' 9-max Seat #6 is the button
Seat 1: Directive4 ($0.88 in chips) 
Seat 2: Tobiz89 ($2 in chips) 
Seat 3: Alis505 ($2.40 in chips) 
Seat 4: Schneegestber ($1.98 in chips) 
Seat 5: Admiral_Berl ($4.19 in chips) 
Seat 6: bobrishka ($0.29 in chips) 
Seat 7: MichaZimb ($2.04 in chips) 
Seat 8: vas.fegaris ($0.73 in chips) 
Seat 9: Dorex2007 ($2.51 in chips) 
MichaZimb: posts small blind $0.01
vas.fegaris: posts big blind $0.02
*** HOLE CARDS ***
Dealt to Dorex2007 [9h 6h]
Dorex2007: folds 
Directive4 has timed out
Directive4: folds 
Tobiz89: folds 
Alis505: folds 
Schneegestber: calls $0.02
Admiral_Berl: folds 
bobrishka: folds 
MichaZimb: folds 
vas.fegaris: checks 
*** FLOP *** [Ks 4s Jc]
vas.fegaris: checks 
Schneegestber: checks 
*** TURN *** [Ks 4s Jc] [4h]
vas.fegaris: checks 
Schneegestber: checks 
*** RIVER *** [Ks 4s Jc 4h] [Kh]
vas.fegaris: checks 
Schneegestber: bets $1.96 and is all-in
vas.fegaris: folds 
Uncalled bet ($1.96) returned to Schneegestber
Schneegestber collected $0.05 from pot
Schneegestber: doesn't show hand 
*** SUMMARY ***
Total pot $0.05 | Rake $0 
Board [Ks 4s Jc 4h Kh]
Seat 1: Directive4 folded before Flop (didn't bet)
Seat 2: Tobiz89 folded before Flop (didn't bet)
Seat 3: Alis505 folded before Flop (didn't bet)
Seat 4: Schneegestber collected ($0.05)
Seat 5: Admiral_Berl folded before Flop (didn't bet)
Seat 6: bobrishka (button) folded before Flop (didn't bet)
Seat 7: MichaZimb (small blind) folded before Flop
Seat 8: vas.fegaris (big blind) folded on the River
Seat 9: Dorex2007 folded before Flop (didn't bet)



PokerStars Hand #230709480017:  Hold'em No Limit ($0.01/$0.02 USD) - 2021/10/18 12:30:21 PT [2021/10/18 15:30:21 ET]
Table 'Laverna III' 9-max Seat #7 is the button
Seat 1: Directive4 ($0.88 in chips) 
Seat 2: Tobiz89 ($2 in chips) 
Seat 3: Alis505 ($2.40 in chips) 
Seat 4: Schneegestber ($2.01 in chips) 
Seat 5: Admiral_Berl ($4.19 in chips) 
Seat 6: bobrishka ($0.29 in chips) 
Seat 7: MichaZimb ($2.03 in chips) 
Seat 8: vas.fegaris ($0.71 in chips) 
Seat 9: Dorex2007 ($2.51 in chips) 
vas.fegaris: posts small blind $0.01
Dorex2007: posts big blind $0.02
*** HOLE CARDS ***
Dealt to Dorex2007 [Ts Kh]
Directive4: folds 
Tobiz89: folds 
Alis505: folds 
Schneegestber: calls $0.02
Admiral_Berl: folds 
bobrishka: folds 
MichaZimb: folds 
vas.fegaris: folds 
Dorex2007: checks 
*** FLOP *** [Qs 5s Kd]
Dorex2007: bets $0.10
Schneegestber: calls $0.10
*** TURN *** [Qs 5s Kd] [Qd]
Dorex2007: bets $0.16
Schneegestber: calls $0.16
*** RIVER *** [Qs 5s Kd Qd] [Ac]
Dorex2007: checks 
Schneegestber: bets $1.73 and is all-in
Dorex2007: folds 
Uncalled bet ($1.73) returned to Schneegestber
Schneegestber collected $0.55 from pot
Schneegestber: doesn't show hand 
*** SUMMARY ***
Total pot $0.57 | Rake $0.02 
Board [Qs 5s Kd Qd Ac]
Seat 1: Directive4 folded before Flop (didn't bet)
Seat 2: Tobiz89 folded before Flop (didn't bet)
Seat 3: Alis505 folded before Flop (didn't bet)
Seat 4: Schneegestber collected ($0.55)
Seat 5: Admiral_Berl folded before Flop (didn't bet)
Seat 6: bobrishka folded before Flop (didn't bet)
Seat 7: MichaZimb (button) folded before Flop (didn't bet)
Seat 8: vas.fegaris (small blind) folded before Flop
Seat 9: Dorex2007 (big blind) folded on the River



PokerStars Hand #230709514093:  Hold'em No Limit ($0.01/$0.02 USD) - 2021/10/18 12:31:24 PT [2021/10/18 15:31:24 ET]
Table 'Laverna III' 9-max Seat #8 is the button
Seat 1: Directive4 ($0.88 in chips) 
Seat 2: Tobiz89 ($2 in chips) 
Seat 3: Alis505 ($2.40 in chips) 
Seat 4: Schneegestber ($2.28 in chips) 
Seat 5: Admiral_Berl ($4.19 in chips) 
Seat 6: bobrishka ($0.29 in chips) 
Seat 7: MichaZimb ($2.03 in chips) 
Seat 8: vas.fegaris ($0.70 in chips) 
Seat 9: Dorex2007 ($2.23 in chips) 
Dorex2007: posts small blind $0.01
Directive4: posts big blind $0.02
*** HOLE CARDS ***
Dealt to Dorex2007 [8c 4h]
Tobiz89: folds 
Alis505: folds 
Schneegestber: calls $0.02
Admiral_Berl: calls $0.02
bobrishka: folds 
MichaZimb: folds 
vas.fegaris: calls $0.02
Dorex2007: folds 
Directive4: checks 
*** FLOP *** [2c 5s 6c]
Directive4: checks 
Schneegestber: checks 
Admiral_Berl: checks 
vas.fegaris: bets $0.08
Directive4: folds 
Schneegestber: calls $0.08
Admiral_Berl: folds 
*** TURN *** [2c 5s 6c] [9d]
Schneegestber: bets $0.02
vas.fegaris: raises $0.58 to $0.60 and is all-in
Schneegestber: folds 
Uncalled bet ($0.58) returned to vas.fegaris
vas.fegaris collected $0.28 from pot
vas.fegaris: doesn't show hand 
*** SUMMARY ***
Total pot $0.29 | Rake $0.01 
Board [2c 5s 6c 9d]
Seat 1: Directive4 (big blind) folded on the Flop
Seat 2: Tobiz89 folded before Flop (didn't bet)
Seat 3: Alis505 folded before Flop (didn't bet)
Seat 4: Schneegestber folded on the Turn
Seat 5: Admiral_Berl folded on the Flop
Seat 6: bobrishka folded before Flop (didn't bet)
Seat 7: MichaZimb folded before Flop (didn't bet)
Seat 8: vas.fegaris (button) collected ($0.28)
Seat 9: Dorex2007 (small blind) folded before Flop



PokerStars Hand #230709549814:  Hold'em No Limit ($0.01/$0.02 USD) - 2021/10/18 12:32:32 PT [2021/10/18 15:32:32 ET]
Table 'Laverna III' 9-max Seat #9 is the button
Seat 1: Directive4 ($0.86 in chips) 
Seat 2: Tobiz89 ($2 in chips) 
Seat 3: Alis505 ($2.40 in chips) 
Seat 4: Schneegestber ($2.16 in chips) 
Seat 5: Admiral_Berl ($4.17 in chips) 
Seat 6: bobrishka ($0.29 in chips) 
Seat 7: MichaZimb ($2.03 in chips) 
Seat 8: vas.fegaris ($0.86 in chips) 
Seat 9: Dorex2007 ($2.22 in chips) 
Directive4: posts small blind $0.01
Tobiz89: posts big blind $0.02
*** HOLE CARDS ***
Dealt to Dorex2007 [5c Jc]
Alis505: folds 
Schneegestber: calls $0.02
Admiral_Berl: folds 
bobrishka: folds 
MichaZimb: calls $0.02
vas.fegaris: folds 
Dorex2007: folds 
Directive4: folds 
Tobiz89: raises $0.10 to $0.12
Schneegestber: folds 
MichaZimb: folds 
Uncalled bet ($0.10) returned to Tobiz89
Tobiz89 collected $0.07 from pot
Tobiz89: doesn't show hand 
*** SUMMARY ***
Total pot $0.07 | Rake $0 
Seat 1: Directive4 (small blind) folded before Flop
Seat 2: Tobiz89 (big blind) collected ($0.07)
Seat 3: Alis505 folded before Flop (didn't bet)
Seat 4: Schneegestber folded before Flop
Seat 5: Admiral_Berl folded before Flop (didn't bet)
Seat 6: bobrishka folded before Flop (didn't bet)
Seat 7: MichaZimb folded before Flop
Seat 8: vas.fegaris folded before Flop (didn't bet)
Seat 9: Dorex2007 (button) folded before Flop (didn't bet)



PokerStars Hand #230709567312:  Hold'em No Limit ($0.01/$0.02 USD) - 2021/10/18 12:33:06 PT [2021/10/18 15:33:06 ET]
Table 'Laverna III' 9-max Seat #1 is the button
Seat 1: Directive4 ($0.85 in chips) 
Seat 2: Tobiz89 ($2.05 in chips) 
Seat 3: Alis505 ($2.40 in chips) 
Seat 4: Schneegestber ($2.14 in chips) 
Seat 5: Admiral_Berl ($4.17 in chips) 
Seat 6: bobrishka ($0.29 in chips) 
Seat 7: MichaZimb ($2.01 in chips) 
Seat 8: vas.fegaris ($0.86 in chips) 
Seat 9: Dorex2007 ($2.22 in chips) 
Tobiz89: posts small blind $0.01
Alis505: posts big blind $0.02
*** HOLE CARDS ***
Dealt to Dorex2007 [Jh Qs]
Schneegestber: calls $0.02
Admiral_Berl: folds 
bobrishka: folds 
MichaZimb: folds 
vas.fegaris: folds 
Dorex2007: raises $0.04 to $0.06
Directive4: folds 
Tobiz89: folds 
Alis505: calls $0.04
Schneegestber: calls $0.04
*** FLOP *** [8h Kd 9s]
Alis505: checks 
Schneegestber: checks 
Dorex2007: checks 
*** TURN *** [8h Kd 9s] [As]
Alis505: bets $0.12
Schneegestber: folds 
Dorex2007: folds 
Uncalled bet ($0.12) returned to Alis505
Alis505 collected $0.18 from pot
Alis505: doesn't show hand 
*** SUMMARY ***
Total pot $0.19 | Rake $0.01 
Board [8h Kd 9s As]
Seat 1: Directive4 (button) folded before Flop (didn't bet)
Seat 2: Tobiz89 (small blind) folded before Flop
Seat 3: Alis505 (big blind) collected ($0.18)
Seat 4: Schneegestber folded on the Turn
Seat 5: Admiral_Berl folded before Flop (didn't bet)
Seat 6: bobrishka folded before Flop (didn't bet)
Seat 7: MichaZimb folded before Flop (didn't bet)
Seat 8: vas.fegaris folded before Flop (didn't bet)
Seat 9: Dorex2007 folded on the Turn



PokerStars Hand #230709587042:  Hold'em No Limit ($0.01/$0.02 USD) - 2021/10/18 12:33:44 PT [2021/10/18 15:33:44 ET]
Table 'Laverna III' 9-max Seat #2 is the button
Seat 1: Directive4 ($0.85 in chips) 
Seat 2: Tobiz89 ($2.04 in chips) 
Seat 3: Alis505 ($2.52 in chips) 
Seat 4: Schneegestber ($2.08 in chips) 
Seat 5: Admiral_Berl ($4.17 in chips) 
Seat 6: bobrishka ($0.29 in chips) 
Seat 7: MichaZimb ($2.01 in chips) 
Seat 8: vas.fegaris ($0.86 in chips) 
Seat 9: Dorex2007 ($2.16 in chips) 
Alis505: posts small blind $0.01
Schneegestber: posts big blind $0.02
*** HOLE CARDS ***
Dealt to Dorex2007 [7c 8s]
Admiral_Berl: folds 
bobrishka: folds 
MichaZimb: folds 
vas.fegaris: folds 
Dorex2007: folds 
Directive4: folds 
Tobiz89: raises $0.03 to $0.05
Alis505: folds 
Schneegestber: calls $0.03
*** FLOP *** [6d Ah 3c]
Schneegestber: checks 
Tobiz89: bets $0.08
Schneegestber: calls $0.08
*** TURN *** [6d Ah 3c] [Qh]
Schneegestber: bets $0.02
Tobiz89: raises $0.22 to $0.24
Schneegestber: folds 
Uncalled bet ($0.22) returned to Tobiz89
Tobiz89 collected $0.30 from pot
Tobiz89: doesn't show hand 
*** SUMMARY ***
Total pot $0.31 | Rake $0.01 
Board [6d Ah 3c Qh]
Seat 1: Directive4 folded before Flop (didn't bet)
Seat 2: Tobiz89 (button) collected ($0.30)
Seat 3: Alis505 (small blind) folded before Flop
Seat 4: Schneegestber (big blind) folded on the Turn
Seat 5: Admiral_Berl folded before Flop (didn't bet)
Seat 6: bobrishka folded before Flop (didn't bet)
Seat 7: MichaZimb folded before Flop (didn't bet)
Seat 8: vas.fegaris folded before Flop (didn't bet)
Seat 9: Dorex2007 folded before Flop (didn't bet)



PokerStars Hand #230709621254:  Hold'em No Limit ($0.01/$0.02 USD) - 2021/10/18 12:34:46 PT [2021/10/18 15:34:46 ET]
Table 'Laverna III' 9-max Seat #3 is the button
Seat 1: Directive4 ($0.85 in chips) 
Seat 2: Tobiz89 ($2.19 in chips) 
Seat 3: Alis505 ($2.51 in chips) 
Seat 4: Schneegestber ($1.93 in chips) 
Seat 5: Admiral_Berl ($4.17 in chips) 
Seat 6: bobrishka ($0.29 in chips) 
Seat 7: MichaZimb ($2.01 in chips) 
Seat 8: vas.fegaris ($0.86 in chips) 
Seat 9: Dorex2007 ($2.16 in chips) 
Schneegestber: posts small blind $0.01
Admiral_Berl: posts big blind $0.02
*** HOLE CARDS ***
Dealt to Dorex2007 [Kc Qc]
bobrishka: folds 
MichaZimb: folds 
vas.fegaris: folds 
Dorex2007: raises $0.04 to $0.06
Directive4: folds 
Tobiz89: folds 
Alis505: calls $0.06
Schneegestber: folds 
Admiral_Berl: folds 
*** FLOP *** [Qd Jd 6s]
Dorex2007: bets $0.14
Alis505: calls $0.14
*** TURN *** [Qd Jd 6s] [9h]
Dorex2007: bets $1.96 and is all-in
Alis505: calls $1.96
*** RIVER *** [Qd Jd 6s 9h] [3s]
*** SHOW DOWN ***
Dorex2007: shows [Kc Qc] (a pair of Queens)
Alis505: shows [Ks Ts] (a straight, Nine to King)
Alis505 cashed out the hand for $4.01 | Cash Out Fee $0.04
Dorex2007 cashed out the hand for $0.15
*** SUMMARY ***
Total pot $4.35 | Rake $0.15 
Board [Qd Jd 6s 9h 3s]
Seat 1: Directive4 folded before Flop (didn't bet)
Seat 2: Tobiz89 folded before Flop (didn't bet)
Seat 3: Alis505 (button) showed [Ks Ts] and won ($4.20) with a straight, Nine to King (pot not awarded as player cashed out)
Seat 4: Schneegestber (small blind) folded before Flop
Seat 5: Admiral_Berl (big blind) folded before Flop
Seat 6: bobrishka folded before Flop (didn't bet)
Seat 7: MichaZimb folded before Flop (didn't bet)
Seat 8: vas.fegaris folded before Flop (didn't bet)
Seat 9: Dorex2007 showed [Kc Qc] and lost with a pair of Queens (cashed out).



PokerStars Hand #230709657140:  Hold'em No Limit ($0.01/$0.02 USD) - 2021/10/18 12:35:50 PT [2021/10/18 15:35:50 ET]
Table 'Laverna III' 9-max Seat #4 is the button
Seat 1: Directive4 ($0.85 in chips) 
Seat 2: Tobiz89 ($2.19 in chips) 
Seat 3: Alis505 ($4.36 in chips) 
Seat 4: Schneegestber ($1.92 in chips) 
Seat 5: Admiral_Berl ($4.15 in chips) 
Seat 6: bobrishka ($0.29 in chips) 
Seat 7: MichaZimb ($2.01 in chips) 
Seat 8: vas.fegaris ($0.86 in chips) 
Seat 9: Dorex2007 ($2 in chips) 
Admiral_Berl: posts small blind $0.01
bobrishka: posts big blind $0.02
*** HOLE CARDS ***
Dealt to Dorex2007 [9s Tc]
MichaZimb: folds 
vas.fegaris: calls $0.02
Dorex2007: folds 
Directive4: folds 
Tobiz89: folds 
Alis505: folds 
Schneegestber: calls $0.02
Admiral_Berl: folds 
bobrishka: checks 
*** FLOP *** [Ks Jd 9c]
bobrishka: checks 
vas.fegaris: checks 
Schneegestber: bets $0.02
bobrishka: folds 
vas.fegaris: folds 
Uncalled bet ($0.02) returned to Schneegestber
Schneegestber collected $0.07 from pot
Schneegestber: doesn't show hand 
*** SUMMARY ***
Total pot $0.07 | Rake $0 
Board [Ks Jd 9c]
Seat 1: Directive4 folded before Flop (didn't bet)
Seat 2: Tobiz89 folded before Flop (didn't bet)
Seat 3: Alis505 folded before Flop (didn't bet)
Seat 4: Schneegestber (button) collected ($0.07)
Seat 5: Admiral_Berl (small blind) folded before Flop
Seat 6: bobrishka (big blind) folded on the Flop
Seat 7: MichaZimb folded before Flop (didn't bet)
Seat 8: vas.fegaris folded on the Flop
Seat 9: Dorex2007 folded before Flop (didn't bet)



PokerStars Hand #230709675428:  Hold'em No Limit ($0.01/$0.02 USD) - 2021/10/18 12:36:25 PT [2021/10/18 15:36:25 ET]
Table 'Laverna III' 9-max Seat #5 is the button
Seat 1: Directive4 ($0.85 in chips) 
Seat 2: Tobiz89 ($2.19 in chips) 
Seat 3: Alis505 ($4.36 in chips) 
Seat 4: Schneegestber ($1.97 in chips) 
Seat 5: Admiral_Berl ($4.14 in chips) 
Seat 6: bobrishka ($0.27 in chips) 
Seat 7: MichaZimb ($2.01 in chips) 
Seat 8: vas.fegaris ($0.84 in chips) 
Seat 9: Dorex2007 ($2 in chips) 
bobrishka: posts small blind $0.01
MichaZimb: posts big blind $0.02
*** HOLE CARDS ***
Dealt to Dorex2007 [9s 2h]
vas.fegaris: folds 
Dorex2007: folds 
Directive4 has timed out
Directive4: folds 
Tobiz89: raises $0.04 to $0.06
Alis505: folds 
Schneegestber: folds 
Admiral_Berl: folds 
bobrishka: folds 
MichaZimb: folds 
Uncalled bet ($0.04) returned to Tobiz89
Tobiz89 collected $0.05 from pot
Tobiz89: doesn't show hand 
*** SUMMARY ***
Total pot $0.05 | Rake $0 
Seat 1: Directive4 folded before Flop (didn't bet)
Seat 2: Tobiz89 collected ($0.05)
Seat 3: Alis505 folded before Flop (didn't bet)
Seat 4: Schneegestber folded before Flop (didn't bet)
Seat 5: Admiral_Berl (button) folded before Flop (didn't bet)
Seat 6: bobrishka (small blind) folded before Flop
Seat 7: MichaZimb (big blind) folded before Flop
Seat 8: vas.fegaris folded before Flop (didn't bet)
Seat 9: Dorex2007 folded before Flop (didn't bet)



PokerStars Hand #230709692810:  Hold'em No Limit ($0.01/$0.02 USD) - 2021/10/18 12:36:57 PT [2021/10/18 15:36:57 ET]
Table 'Laverna III' 9-max Seat #6 is the button
Seat 1: Directive4 ($0.85 in chips) 
Seat 2: Tobiz89 ($2.22 in chips) 
Seat 3: Alis505 ($4.36 in chips) 
Seat 4: Schneegestber ($1.97 in chips) 
Seat 5: Admiral_Berl ($4.14 in chips) 
Seat 6: bobrishka ($0.26 in chips) 
Seat 7: MichaZimb ($2 in chips) 
Seat 8: vas.fegaris ($0.84 in chips) 
Seat 9: Dorex2007 ($2 in chips) 
MichaZimb: posts small blind $0.01
vas.fegaris: posts big blind $0.02
*** HOLE CARDS ***
Dealt to Dorex2007 [6h 5s]
Dorex2007: folds 
Directive4: folds 
Tobiz89: folds 
Alis505: calls $0.02
Schneegestber: calls $0.02
Admiral_Berl: folds 
bobrishka: calls $0.02
MichaZimb: folds 
vas.fegaris: checks 
*** FLOP *** [Jh 8h 2d]
vas.fegaris: bets $0.04
Alis505: calls $0.04
Schneegestber: folds 
bobrishka: folds 
*** TURN *** [Jh 8h 2d] [8s]
vas.fegaris: checks 
Alis505: checks 
*** RIVER *** [Jh 8h 2d 8s] [Ks]
vas.fegaris: checks 
Alis505: checks 
*** SHOW DOWN ***
vas.fegaris: shows [Js Kc] (two pair, Kings and Jacks)
Alis505: mucks hand 
vas.fegaris collected $0.16 from pot
*** SUMMARY ***
Total pot $0.17 | Rake $0.01 
Board [Jh 8h 2d 8s Ks]
Seat 1: Directive4 folded before Flop (didn't bet)
Seat 2: Tobiz89 folded before Flop (didn't bet)
Seat 3: Alis505 mucked [Kh Th]
Seat 4: Schneegestber folded on the Flop
Seat 5: Admiral_Berl folded before Flop (didn't bet)
Seat 6: bobrishka (button) folded on the Flop
Seat 7: MichaZimb (small blind) folded before Flop
Seat 8: vas.fegaris (big blind) showed [Js Kc] and won ($0.16) with two pair, Kings and Jacks
Seat 9: Dorex2007 folded before Flop (didn't bet)



PokerStars Hand #230709721820:  Hold'em No Limit ($0.01/$0.02 USD) - 2021/10/18 12:37:51 PT [2021/10/18 15:37:51 ET]
Table 'Laverna III' 9-max Seat #7 is the button
Seat 1: Directive4 ($0.85 in chips) 
Seat 2: Tobiz89 ($2.22 in chips) 
Seat 3: Alis505 ($4.30 in chips) 
Seat 4: Schneegestber ($1.95 in chips) 
Seat 5: Admiral_Berl ($4.14 in chips) 
Seat 6: bobrishka ($0.24 in chips) 
Seat 7: MichaZimb ($2 in chips) 
Seat 8: vas.fegaris ($0.94 in chips) 
Seat 9: Dorex2007 ($2 in chips) 
vas.fegaris: posts small blind $0.01
Dorex2007: posts big blind $0.02
*** HOLE CARDS ***
Dealt to Dorex2007 [4c 8s]
Directive4 has timed out
Directive4: folds 
Tobiz89: folds 
Alis505: folds 
Schneegestber: calls $0.02
Admiral_Berl: folds 
bobrishka: folds 
MichaZimb: folds 
vas.fegaris: folds 
Dorex2007: checks 
*** FLOP *** [4h Kh Jc]
Dorex2007: checks 
Schneegestber: checks 
*** TURN *** [4h Kh Jc] [5d]
Dorex2007: checks 
Schneegestber: checks 
*** RIVER *** [4h Kh Jc 5d] [Tc]
Dorex2007: bets $0.03
Schneegestber: raises $0.07 to $0.10
Dorex2007: folds 
Uncalled bet ($0.07) returned to Schneegestber
Schneegestber collected $0.11 from pot
Schneegestber: doesn't show hand 
*** SUMMARY ***
Total pot $0.11 | Rake $0 
Board [4h Kh Jc 5d Tc]
Seat 1: Directive4 folded before Flop (didn't bet)
Seat 2: Tobiz89 folded before Flop (didn't bet)
Seat 3: Alis505 folded before Flop (didn't bet)
Seat 4: Schneegestber collected ($0.11)
Seat 5: Admiral_Berl folded before Flop (didn't bet)
Seat 6: bobrishka folded before Flop (didn't bet)
Seat 7: MichaZimb (button) folded before Flop (didn't bet)
Seat 8: vas.fegaris (small blind) folded before Flop
Seat 9: Dorex2007 (big blind) folded on the River



PokerStars Hand #230709764452:  Hold'em No Limit ($0.01/$0.02 USD) - 2021/10/18 12:38:59 PT [2021/10/18 15:38:59 ET]
Table 'Laverna III' 9-max Seat #8 is the button
Seat 2: Tobiz89 ($2.22 in chips) 
Seat 3: Alis505 ($4.30 in chips) 
Seat 4: Schneegestber ($2.01 in chips) 
Seat 5: Admiral_Berl ($4.14 in chips) 
Seat 6: bobrishka ($0.24 in chips) 
Seat 7: MichaZimb ($2 in chips) 
Seat 8: vas.fegaris ($0.93 in chips) 
Seat 9: Dorex2007 ($2 in chips) 
Dorex2007: posts small blind $0.01
Tobiz89: posts big blind $0.02
*** HOLE CARDS ***
Dealt to Dorex2007 [5s Tc]
Alis505: folds 
Schneegestber: calls $0.02
Admiral_Berl: folds 
bobrishka has timed out
bobrishka: folds 
MichaZimb: raises $0.12 to $0.14
vas.fegaris: folds 
Dorex2007: folds 
Tobiz89: calls $0.12
Schneegestber: folds 
*** FLOP *** [Ah 8d 4d]
Tobiz89: checks 
MichaZimb: bets $0.30
Tobiz89: folds 
Uncalled bet ($0.30) returned to MichaZimb
MichaZimb collected $0.30 from pot
*** SUMMARY ***
Total pot $0.31 | Rake $0.01 
Board [Ah 8d 4d]
Seat 2: Tobiz89 (big blind) folded on the Flop
Seat 3: Alis505 folded before Flop (didn't bet)
Seat 4: Schneegestber folded before Flop
Seat 5: Admiral_Berl folded before Flop (didn't bet)
Seat 6: bobrishka folded before Flop (didn't bet)
Seat 7: MichaZimb collected ($0.30)
Seat 8: vas.fegaris (button) folded before Flop (didn't bet)
Seat 9: Dorex2007 (small blind) folded before Flop



PokerStars Hand #230709792557:  Hold'em No Limit ($0.01/$0.02 USD) - 2021/10/18 12:39:51 PT [2021/10/18 15:39:51 ET]
Table 'Laverna III' 9-max Seat #9 is the button
Seat 2: Tobiz89 ($2.08 in chips) 
Seat 3: Alis505 ($4.30 in chips) 
Seat 4: Schneegestber ($1.99 in chips) 
Seat 5: Admiral_Berl ($4.14 in chips) 
Seat 6: bobrishka ($0.24 in chips) 
Seat 7: MichaZimb ($2.16 in chips) 
Seat 8: vas.fegaris ($0.93 in chips) 
Seat 9: Dorex2007 ($2 in chips) 
Tobiz89: posts small blind $0.01
Alis505: posts big blind $0.02
*** HOLE CARDS ***
Dealt to Dorex2007 [7h 8h]
Schneegestber: calls $0.02
Admiral_Berl: calls $0.02
bobrishka: folds 
MichaZimb: folds 
Directive4 leaves the table
vas.fegaris: folds 
Dorex2007: calls $0.02
Tobiz89: folds 
Alis505: checks 
*** FLOP *** [8c Qs Js]
Alis505: checks 
Schneegestber: bets $0.02
Admiral_Berl: calls $0.02
Dorex2007: calls $0.02
Alis505: folds 
*** TURN *** [8c Qs Js] [Td]
Schneegestber: bets $0.02
Admiral_Berl: folds 
Dorex2007: calls $0.02
*** RIVER *** [8c Qs Js Td] [7c]
cuba19722 joins the table at seat #1 
Schneegestber: bets $0.10
Dorex2007: calls $0.10
*** SHOW DOWN ***
Schneegestber: shows [9d As] (a straight, Eight to Queen)
Dorex2007: mucks hand 
Schneegestber collected $0.38 from pot
*** SUMMARY ***
Total pot $0.39 | Rake $0.01 
Board [8c Qs Js Td 7c]
Seat 2: Tobiz89 (small blind) folded before Flop
Seat 3: Alis505 (big blind) folded on the Flop
Seat 4: Schneegestber showed [9d As] and won ($0.38) with a straight, Eight to Queen
Seat 5: Admiral_Berl folded on the Turn
Seat 6: bobrishka folded before Flop (didn't bet)
Seat 7: MichaZimb folded before Flop (didn't bet)
Seat 8: vas.fegaris folded before Flop (didn't bet)
Seat 9: Dorex2007 (button) mucked [7h 8h]



PokerStars Hand #230709844341:  Hold'em No Limit ($0.01/$0.02 USD) - 2021/10/18 12:41:11 PT [2021/10/18 15:41:11 ET]
Table 'Laverna III' 9-max Seat #2 is the button
Seat 1: cuba19722 ($1.72 in chips) 
Seat 2: Tobiz89 ($2.07 in chips) 
Seat 3: Alis505 ($4.28 in chips) 
Seat 4: Schneegestber ($2.21 in chips) 
Seat 5: Admiral_Berl ($4.10 in chips) 
Seat 6: bobrishka ($0.24 in chips) 
Seat 7: MichaZimb ($2.16 in chips) 
Seat 8: vas.fegaris ($0.93 in chips) 
Seat 9: Dorex2007 ($2 in chips) 
Alis505: posts small blind $0.01
Schneegestber: posts big blind $0.02
cuba19722: posts big blind $0.02
*** HOLE CARDS ***
Dealt to Dorex2007 [7s 7h]
Admiral_Berl: folds 
bobrishka: calls $0.02
MichaZimb: calls $0.02
vas.fegaris: calls $0.02
Dorex2007: calls $0.02
cuba19722: checks 
Tobiz89: raises $0.16 to $0.18
Alis505: folds 
Schneegestber: folds 
bobrishka: folds 
MichaZimb: folds 
vas.fegaris: folds 
Dorex2007: folds 
cuba19722: folds 
Uncalled bet ($0.16) returned to Tobiz89
Tobiz89 collected $0.15 from pot
Tobiz89: doesn't show hand 
*** SUMMARY ***
Total pot $0.15 | Rake $0 
Seat 1: cuba19722 folded before Flop (didn't bet)
Seat 2: Tobiz89 (button) collected ($0.15)
Seat 3: Alis505 (small blind) folded before Flop
Seat 4: Schneegestber (big blind) folded before Flop
Seat 5: Admiral_Berl folded before Flop (didn't bet)
Seat 6: bobrishka folded before Flop
Seat 7: MichaZimb folded before Flop
Seat 8: vas.fegaris folded before Flop
Seat 9: Dorex2007 folded before Flop



PokerStars Hand #230709865220:  Hold'em No Limit ($0.01/$0.02 USD) - 2021/10/18 12:41:50 PT [2021/10/18 15:41:50 ET]
Table 'Laverna III' 9-max Seat #3 is the button
Seat 1: cuba19722 ($1.70 in chips) 
Seat 2: Tobiz89 ($2.20 in chips) 
Seat 3: Alis505 ($4.27 in chips) 
Seat 4: Schneegestber ($2.19 in chips) 
Seat 5: Admiral_Berl ($4.10 in chips) 
Seat 6: bobrishka ($0.22 in chips) 
Seat 7: MichaZimb ($2.14 in chips) 
Seat 8: vas.fegaris ($0.91 in chips) 
Seat 9: Dorex2007 ($2 in chips) 
Schneegestber: posts small blind $0.01
Admiral_Berl: posts big blind $0.02
*** HOLE CARDS ***
Dealt to Dorex2007 [Qd As]
bobrishka: folds 
MichaZimb: folds 
vas.fegaris: folds 
Dorex2007: raises $0.04 to $0.06
cuba19722: calls $0.06
Tobiz89: folds 
Alis505: calls $0.06
Schneegestber: folds 
Admiral_Berl: folds 
*** FLOP *** [Qh Ts 6d]
Dorex2007: checks 
cuba19722: bets $0.16
Alis505: calls $0.16
Dorex2007: calls $0.16
*** TURN *** [Qh Ts 6d] [8c]
Dorex2007: checks 
cuba19722: checks 
Alis505: checks 
*** RIVER *** [Qh Ts 6d 8c] [5c]
Dorex2007: checks 
cuba19722: checks 
Alis505: checks 
*** SHOW DOWN ***
Dorex2007: shows [Qd As] (a pair of Queens)
cuba19722: shows [Qs Th] (two pair, Queens and Tens)
Alis505: mucks hand 
cuba19722 collected $0.67 from pot
*** SUMMARY ***
Total pot $0.69 | Rake $0.02 
Board [Qh Ts 6d 8c 5c]
Seat 1: cuba19722 showed [Qs Th] and won ($0.67) with two pair, Queens and Tens
Seat 2: Tobiz89 folded before Flop (didn't bet)
Seat 3: Alis505 (button) mucked [9d Ks]
Seat 4: Schneegestber (small blind) folded before Flop
Seat 5: Admiral_Berl (big blind) folded before Flop
Seat 6: bobrishka folded before Flop (didn't bet)
Seat 7: MichaZimb folded before Flop (didn't bet)
Seat 8: vas.fegaris folded before Flop (didn't bet)
Seat 9: Dorex2007 showed [Qd As] and lost with a pair of Queens



PokerStars Hand #230709895559:  Hold'em No Limit ($0.01/$0.02 USD) - 2021/10/18 12:42:47 PT [2021/10/18 15:42:47 ET]
Table 'Laverna III' 9-max Seat #4 is the button
Seat 1: cuba19722 ($2.15 in chips) 
Seat 2: Tobiz89 ($2.20 in chips) 
Seat 3: Alis505 ($4.05 in chips) 
Seat 4: Schneegestber ($2.18 in chips) 
Seat 5: Admiral_Berl ($4.08 in chips) 
Seat 6: bobrishka ($0.22 in chips) 
Seat 7: MichaZimb ($2.14 in chips) 
Seat 8: vas.fegaris ($0.91 in chips) 
Seat 9: Dorex2007 ($2 in chips) 
Admiral_Berl: posts small blind $0.01
bobrishka: posts big blind $0.02
*** HOLE CARDS ***
Dealt to Dorex2007 [8c 5s]
MichaZimb: folds 
vas.fegaris: folds 
Dorex2007: folds 
cuba19722: folds 
Tobiz89: folds 
Alis505: raises $0.04 to $0.06
Schneegestber: calls $0.06
Admiral_Berl: folds 
bobrishka: folds 
*** FLOP *** [Jc 7s Ad]
Alis505: bets $0.14
Schneegestber: calls $0.14
*** TURN *** [Jc 7s Ad] [Tc]
Alis505: checks 
Schneegestber: bets $0.04
Alis505: calls $0.04
*** RIVER *** [Jc 7s Ad Tc] [As]
Alis505: checks 
Schneegestber: bets $0.10
Alis505: calls $0.10
*** SHOW DOWN ***
Schneegestber: shows [Td Js] (two pair, Aces and Jacks)
Alis505: shows [Ac Kc] (three of a kind, Aces)
Alis505 collected $0.69 from pot
*** SUMMARY ***
Total pot $0.71 | Rake $0.02 
Board [Jc 7s Ad Tc As]
Seat 1: cuba19722 folded before Flop (didn't bet)
Seat 2: Tobiz89 folded before Flop (didn't bet)
Seat 3: Alis505 showed [Ac Kc] and won ($0.69) with three of a kind, Aces
Seat 4: Schneegestber (button) showed [Td Js] and lost with two pair, Aces and Jacks
Seat 5: Admiral_Berl (small blind) folded before Flop
Seat 6: bobrishka (big blind) folded before Flop
Seat 7: MichaZimb folded before Flop (didn't bet)
Seat 8: vas.fegaris folded before Flop (didn't bet)
Seat 9: Dorex2007 folded before Flop (didn't bet)



PokerStars Hand #230709930458:  Hold'em No Limit ($0.01/$0.02 USD) - 2021/10/18 12:43:53 PT [2021/10/18 15:43:53 ET]
Table 'Laverna III' 9-max Seat #5 is the button
Seat 1: cuba19722 ($2.15 in chips) 
Seat 2: Tobiz89 ($2.20 in chips) 
Seat 3: Alis505 ($4.40 in chips) 
Seat 4: Schneegestber ($1.84 in chips) 
Seat 5: Admiral_Berl ($4.07 in chips) 
Seat 6: bobrishka ($0.20 in chips) 
Seat 7: MichaZimb ($2.14 in chips) 
Seat 8: vas.fegaris ($0.91 in chips) 
Seat 9: Dorex2007 ($2 in chips) 
bobrishka: posts small blind $0.01
MichaZimb: posts big blind $0.02
*** HOLE CARDS ***
Dealt to Dorex2007 [Ac 7h]
vas.fegaris: folds 
Dorex2007: folds 
cuba19722: calls $0.02
Tobiz89: folds 
Alis505: folds 
Schneegestber: calls $0.02
Admiral_Berl: folds 
bobrishka: calls $0.01
MichaZimb: checks 
*** FLOP *** [Ah Ts 7s]
bobrishka: checks 
MichaZimb: checks 
cuba19722: checks 
Schneegestber: checks 
*** TURN *** [Ah Ts 7s] [6s]
bobrishka: checks 
MichaZimb: bets $0.03
cuba19722: folds 
Schneegestber: calls $0.03
bobrishka: folds 
*** RIVER *** [Ah Ts 7s 6s] [5d]
MichaZimb: checks 
Schneegestber: bets $0.02
MichaZimb: folds 
Uncalled bet ($0.02) returned to Schneegestber
Schneegestber collected $0.14 from pot
Schneegestber: doesn't show hand 
*** SUMMARY ***
Total pot $0.14 | Rake $0 
Board [Ah Ts 7s 6s 5d]
Seat 1: cuba19722 folded on the Turn
Seat 2: Tobiz89 folded before Flop (didn't bet)
Seat 3: Alis505 folded before Flop (didn't bet)
Seat 4: Schneegestber collected ($0.14)
Seat 5: Admiral_Berl (button) folded before Flop (didn't bet)
Seat 6: bobrishka (small blind) folded on the Turn
Seat 7: MichaZimb (big blind) folded on the River
Seat 8: vas.fegaris folded before Flop (didn't bet)
Seat 9: Dorex2007 folded before Flop (didn't bet)



PokerStars Hand #230709962872:  Hold'em No Limit ($0.01/$0.02 USD) - 2021/10/18 12:44:54 PT [2021/10/18 15:44:54 ET]
Table 'Laverna III' 9-max Seat #6 is the button
Seat 1: cuba19722 ($2.13 in chips) 
Seat 2: Tobiz89 ($2.20 in chips) 
Seat 3: Alis505 ($4.40 in chips) 
Seat 4: Schneegestber ($1.93 in chips) 
Seat 5: Admiral_Berl ($4.07 in chips) 
Seat 6: bobrishka ($0.18 in chips) 
Seat 7: MichaZimb ($2.09 in chips) 
Seat 8: vas.fegaris ($0.91 in chips) 
Seat 9: Dorex2007 ($2 in chips) 
MichaZimb: posts small blind $0.01
vas.fegaris: posts big blind $0.02
*** HOLE CARDS ***
Dealt to Dorex2007 [6d 4d]
Dorex2007: folds 
cuba19722: calls $0.02
Tobiz89: folds 
Alis505: calls $0.02
Schneegestber: calls $0.02
Admiral_Berl: folds 
bobrishka: folds 
MichaZimb: folds 
vas.fegaris: checks 
*** FLOP *** [8s 4s Qd]
vas.fegaris: checks 
cuba19722: checks 
Alis505: checks 
Schneegestber: bets $0.02
vas.fegaris: folds 
cuba19722: calls $0.02
Alis505: calls $0.02
*** TURN *** [8s 4s Qd] [9d]
cuba19722: checks 
Alis505: checks 
Schneegestber: bets $0.02
cuba19722: calls $0.02
Alis505: folds 
*** RIVER *** [8s 4s Qd 9d] [9c]
cuba19722: checks 
Schneegestber: bets $0.10
cuba19722: folds 
Uncalled bet ($0.10) returned to Schneegestber
Schneegestber collected $0.18 from pot
Schneegestber: doesn't show hand 
*** SUMMARY ***
Total pot $0.19 | Rake $0.01 
Board [8s 4s Qd 9d 9c]
Seat 1: cuba19722 folded on the River
Seat 2: Tobiz89 folded before Flop (didn't bet)
Seat 3: Alis505 folded on the Turn
Seat 4: Schneegestber collected ($0.18)
Seat 5: Admiral_Berl folded before Flop (didn't bet)
Seat 6: bobrishka (button) folded before Flop (didn't bet)
Seat 7: MichaZimb (small blind) folded before Flop
Seat 8: vas.fegaris (big blind) folded on the Flop
Seat 9: Dorex2007 folded before Flop (didn't bet)



PokerStars Hand #230709997153:  Hold'em No Limit ($0.01/$0.02 USD) - 2021/10/18 12:45:59 PT [2021/10/18 15:45:59 ET]
Table 'Laverna III' 9-max Seat #7 is the button
Seat 1: cuba19722 ($2.07 in chips) 
Seat 2: Tobiz89 ($2.20 in chips) 
Seat 3: Alis505 ($4.36 in chips) 
Seat 4: Schneegestber ($2.05 in chips) 
Seat 5: Admiral_Berl ($4.07 in chips) 
Seat 6: bobrishka ($0.18 in chips) 
Seat 7: MichaZimb ($2.08 in chips) 
Seat 8: vas.fegaris ($0.89 in chips) 
Seat 9: Dorex2007 ($2 in chips) 
vas.fegaris: posts small blind $0.01
Dorex2007: posts big blind $0.02
*** HOLE CARDS ***
Dealt to Dorex2007 [5h 7s]
cuba19722: calls $0.02
Tobiz89: folds 
Alis505: calls $0.02
Schneegestber: calls $0.02
Admiral_Berl: calls $0.02
bobrishka: calls $0.02
MichaZimb: folds 
vas.fegaris: calls $0.01
Dorex2007: checks 
*** FLOP *** [Kc 5c Td]
vas.fegaris: bets $0.07
Dorex2007: folds 
cuba19722: folds 
Alis505: calls $0.07
Schneegestber: folds 
Admiral_Berl: folds 
bobrishka: folds 
*** TURN *** [Kc 5c Td] [Th]
vas.fegaris: checks 
Alis505: bets $0.16
vas.fegaris: folds 
Uncalled bet ($0.16) returned to Alis505
Alis505 collected $0.27 from pot
Alis505: doesn't show hand 
*** SUMMARY ***
Total pot $0.28 | Rake $0.01 
Board [Kc 5c Td Th]
Seat 1: cuba19722 folded on the Flop
Seat 2: Tobiz89 folded before Flop (didn't bet)
Seat 3: Alis505 collected ($0.27)
Seat 4: Schneegestber folded on the Flop
Seat 5: Admiral_Berl folded on the Flop
Seat 6: bobrishka folded on the Flop
Seat 7: MichaZimb (button) folded before Flop (didn't bet)
Seat 8: vas.fegaris (small blind) folded on the Turn
Seat 9: Dorex2007 (big blind) folded on the Flop



PokerStars Hand #230710024215:  Hold'em No Limit ($0.01/$0.02 USD) - 2021/10/18 12:46:50 PT [2021/10/18 15:46:50 ET]
Table 'Laverna III' 9-max Seat #8 is the button
Seat 1: cuba19722 ($2.05 in chips) 
Seat 2: Tobiz89 ($2.20 in chips) 
Seat 3: Alis505 ($4.54 in chips) 
Seat 4: Schneegestber ($2.03 in chips) 
Seat 5: Admiral_Berl ($4.05 in chips) 
Seat 6: bobrishka ($0.16 in chips) 
Seat 7: MichaZimb ($2.08 in chips) 
Seat 8: vas.fegaris ($0.80 in chips) 
Seat 9: Dorex2007 ($2 in chips) 
Dorex2007: posts small blind $0.01
cuba19722: posts big blind $0.02
*** HOLE CARDS ***
Dealt to Dorex2007 [3c Qh]
Tobiz89: folds 
Alis505: calls $0.02
Schneegestber has timed out
Schneegestber: folds 
Admiral_Berl: folds 
bobrishka: folds 
MichaZimb: folds 
vas.fegaris: folds 
Dorex2007: calls $0.01
cuba19722: checks 
*** FLOP *** [9s 7h Kc]
Dorex2007: checks 
cuba19722: checks 
Alis505: checks 
*** TURN *** [9s 7h Kc] [Kd]
Dorex2007: checks 
cuba19722: checks 
Alis505: checks 
*** RIVER *** [9s 7h Kc Kd] [7d]
Dorex2007: checks 
cuba19722: checks 
Alis505: checks 
*** SHOW DOWN ***
Dorex2007: shows [3c Qh] (two pair, Kings and Sevens)
cuba19722: mucks hand 
Alis505: mucks hand 
Dorex2007 collected $0.06 from pot
*** SUMMARY ***
Total pot $0.06 | Rake $0 
Board [9s 7h Kc Kd 7d]
Seat 1: cuba19722 (big blind) mucked [2d 6d]
Seat 2: Tobiz89 folded before Flop (didn't bet)
Seat 3: Alis505 mucked [4h 6h]
Seat 4: Schneegestber folded before Flop (didn't bet)
Seat 5: Admiral_Berl folded before Flop (didn't bet)
Seat 6: bobrishka folded before Flop (didn't bet)
Seat 7: MichaZimb folded before Flop (didn't bet)
Seat 8: vas.fegaris (button) folded before Flop (didn't bet)
Seat 9: Dorex2007 (small blind) showed [3c Qh] and won ($0.06) with two pair, Kings and Sevens



PokerStars Hand #230710059327:  Hold'em No Limit ($0.01/$0.02 USD) - 2021/10/18 12:47:56 PT [2021/10/18 15:47:56 ET]
Table 'Laverna III' 9-max Seat #9 is the button
Seat 1: cuba19722 ($2.03 in chips) 
Seat 2: Tobiz89 ($2.20 in chips) 
Seat 3: Alis505 ($4.52 in chips) 
Seat 4: Schneegestber ($2.03 in chips) 
Seat 5: Admiral_Berl ($4.05 in chips) 
Seat 6: bobrishka ($0.16 in chips) 
Seat 7: MichaZimb ($2.08 in chips) 
Seat 8: vas.fegaris ($0.80 in chips) 
Seat 9: Dorex2007 ($2.04 in chips) 
cuba19722: posts small blind $0.01
Tobiz89: posts big blind $0.02
*** HOLE CARDS ***
Dealt to Dorex2007 [Tc Kh]
Alis505: folds 
Schneegestber: calls $0.02
Admiral_Berl: folds 
bobrishka: folds 
MichaZimb: folds 
vas.fegaris: folds 
Dorex2007: folds 
cuba19722: calls $0.01
Tobiz89: checks 
*** FLOP *** [6d Qh Kc]
cuba19722: checks 
Tobiz89: checks 
Schneegestber: bets $0.02
cuba19722: calls $0.02
Tobiz89: folds 
*** TURN *** [6d Qh Kc] [5h]
cuba19722: checks 
Schneegestber: bets $0.10
cuba19722: folds 
Uncalled bet ($0.10) returned to Schneegestber
Schneegestber collected $0.10 from pot
Schneegestber: doesn't show hand 
*** SUMMARY ***
Total pot $0.10 | Rake $0 
Board [6d Qh Kc 5h]
Seat 1: cuba19722 (small blind) folded on the Turn
Seat 2: Tobiz89 (big blind) folded on the Flop
Seat 3: Alis505 folded before Flop (didn't bet)
Seat 4: Schneegestber collected ($0.10)
Seat 5: Admiral_Berl folded before Flop (didn't bet)
Seat 6: bobrishka folded before Flop (didn't bet)
Seat 7: MichaZimb folded before Flop (didn't bet)
Seat 8: vas.fegaris folded before Flop (didn't bet)
Seat 9: Dorex2007 (button) folded before Flop (didn't bet)



PokerStars Hand #230710096664:  Hold'em No Limit ($0.01/$0.02 USD) - 2021/10/18 12:48:52 PT [2021/10/18 15:48:52 ET]
Table 'Laverna III' 9-max Seat #1 is the button
Seat 1: cuba19722 ($1.99 in chips) 
Seat 2: Tobiz89 ($2.18 in chips) 
Seat 3: Alis505 ($4.52 in chips) 
Seat 4: Schneegestber ($2.09 in chips) 
Seat 5: Admiral_Berl ($4.05 in chips) 
Seat 6: bobrishka ($0.16 in chips) 
Seat 7: MichaZimb ($2.08 in chips) 
Seat 8: vas.fegaris ($0.80 in chips) 
Seat 9: Dorex2007 ($2.04 in chips) 
Tobiz89: posts small blind $0.01
Alis505: posts big blind $0.02
*** HOLE CARDS ***
Dealt to Dorex2007 [7s 8s]
Schneegestber: calls $0.02
Admiral_Berl: folds 
bobrishka: raises $0.14 to $0.16 and is all-in
MichaZimb: folds 
vas.fegaris: folds 
Dorex2007: folds 
cuba19722: folds 
Tobiz89: folds 
Alis505: calls $0.14
Schneegestber: calls $0.14
*** FLOP *** [2c Jc 5h]
Alis505: checks 
Schneegestber: bets $0.02
Alis505: raises $0.44 to $0.46
Schneegestber: folds 
Uncalled bet ($0.44) returned to Alis505
*** TURN *** [2c Jc 5h] [6c]
*** RIVER *** [2c Jc 5h 6c] [9h]
*** SHOW DOWN ***
Alis505: shows [5c 5s] (three of a kind, Fives)
bobrishka: shows [Kh Kc] (a pair of Kings)
Alis505 cashed out the hand for $0.46
*** SUMMARY ***
Total pot $0.53 Main pot $0.47. Side pot $0.04. | Rake $0.02 
Board [2c Jc 5h 6c 9h]
Seat 1: cuba19722 (button) folded before Flop (didn't bet)
Seat 2: Tobiz89 (small blind) folded before Flop
Seat 3: Alis505 (big blind) showed [5c 5s] and won ($0.51) with three of a kind, Fives (pot not awarded as player cashed out)
Seat 4: Schneegestber folded on the Flop
Seat 5: Admiral_Berl folded before Flop (didn't bet)
Seat 6: bobrishka showed [Kh Kc] and lost with a pair of Kings
Seat 7: MichaZimb folded before Flop (didn't bet)
Seat 8: vas.fegaris folded before Flop (didn't bet)
Seat 9: Dorex2007 folded before Flop (didn't bet)



PokerStars Hand #230710128268:  Hold'em No Limit ($0.01/$0.02 USD) - 2021/10/18 12:49:51 PT [2021/10/18 15:49:51 ET]
Table 'Laverna III' 9-max Seat #2 is the button
Seat 1: cuba19722 ($1.99 in chips) 
Seat 2: Tobiz89 ($2.17 in chips) 
Seat 3: Alis505 ($4.80 in chips) 
Seat 4: Schneegestber ($1.91 in chips) 
Seat 5: Admiral_Berl ($4.05 in chips) 
Seat 7: MichaZimb ($2.08 in chips) 
Seat 8: vas.fegaris ($0.80 in chips) 
Seat 9: Dorex2007 ($2.04 in chips) 
Alis505: posts small blind $0.01
Schneegestber: posts big blind $0.02
*** HOLE CARDS ***
Dealt to Dorex2007 [6d Th]
Admiral_Berl: folds 
MichaZimb: folds 
vas.fegaris: folds 
Dorex2007: folds 
cuba19722: folds 
Tobiz89: folds 
Alis505: calls $0.01
Schneegestber: checks 
*** FLOP *** [8h 7d 8d]
Alis505: checks 
bobrishka leaves the table
Schneegestber: checks 
*** TURN *** [8h 7d 8d] [3c]
Alis505: checks 
Schneegestber: bets $0.02
Alis505: folds 
Uncalled bet ($0.02) returned to Schneegestber
Vito1088 joins the table at seat #6 
Schneegestber collected $0.04 from pot
Schneegestber: doesn't show hand 
*** SUMMARY ***
Total pot $0.04 | Rake $0 
Board [8h 7d 8d 3c]
Seat 1: cuba19722 folded before Flop (didn't bet)
Seat 2: Tobiz89 (button) folded before Flop (didn't bet)
Seat 3: Alis505 (small blind) folded on the Turn
Seat 4: Schneegestber (big blind) collected ($0.04)
Seat 5: Admiral_Berl folded before Flop (didn't bet)
Seat 7: MichaZimb folded before Flop (didn't bet)
Seat 8: vas.fegaris folded before Flop (didn't bet)
Seat 9: Dorex2007 folded before Flop (didn't bet)



PokerStars Hand #230710149736:  Hold'em No Limit ($0.01/$0.02 USD) - 2021/10/18 12:50:31 PT [2021/10/18 15:50:31 ET]
Table 'Laverna III' 9-max Seat #3 is the button
Seat 1: cuba19722 ($1.99 in chips) 
Seat 2: Tobiz89 ($2.17 in chips) 
Seat 3: Alis505 ($4.78 in chips) 
Seat 4: Schneegestber ($1.93 in chips) 
Seat 5: Admiral_Berl ($4.05 in chips) 
Seat 7: MichaZimb ($2.08 in chips) 
Seat 8: vas.fegaris ($0.80 in chips) 
Seat 9: Dorex2007 ($2.04 in chips) 
Schneegestber: posts small blind $0.01
Admiral_Berl: posts big blind $0.02
Vito1088 is connected 
Vito1088: sits out 
*** HOLE CARDS ***
Dealt to Dorex2007 [Qs Js]
MichaZimb: folds 
vas.fegaris: folds 
Dorex2007: raises $0.04 to $0.06
cuba19722: folds 
Tobiz89: folds 
Alis505: raises $0.18 to $0.24
Schneegestber: folds 
Admiral_Berl: folds 
Dorex2007: folds 
Uncalled bet ($0.18) returned to Alis505
Alis505 collected $0.15 from pot
Alis505: doesn't show hand 
*** SUMMARY ***
Total pot $0.15 | Rake $0 
Seat 1: cuba19722 folded before Flop (didn't bet)
Seat 2: Tobiz89 folded before Flop (didn't bet)
Seat 3: Alis505 (button) collected ($0.15)
Seat 4: Schneegestber (small blind) folded before Flop
Seat 5: Admiral_Berl (big blind) folded before Flop
Seat 7: MichaZimb folded before Flop (didn't bet)
Seat 8: vas.fegaris folded before Flop (didn't bet)
Seat 9: Dorex2007 folded before Flop



PokerStars Hand #230710167097:  Hold'em No Limit ($0.01/$0.02 USD) - 2021/10/18 12:51:04 PT [2021/10/18 15:51:04 ET]
Table 'Laverna III' 9-max Seat #4 is the button
Seat 1: cuba19722 ($1.99 in chips) 
Seat 2: Tobiz89 ($2.17 in chips) 
Seat 3: Alis505 ($4.87 in chips) 
Seat 4: Schneegestber ($1.92 in chips) 
Seat 5: Admiral_Berl ($4.03 in chips) 
Seat 6: Vito1088 ($0.80 in chips) 
Seat 7: MichaZimb ($2.08 in chips) 
Seat 8: vas.fegaris ($0.80 in chips) 
Seat 9: Dorex2007 ($2 in chips) 
Admiral_Berl: posts small blind $0.01
Vito1088: posts big blind $0.02
*** HOLE CARDS ***
Dealt to Dorex2007 [Ks Js]
MichaZimb: folds 
vas.fegaris: folds 
Dorex2007: raises $0.02 to $0.04
cuba19722: folds 
Tobiz89: folds 
Alis505: calls $0.04
Schneegestber: calls $0.04
Admiral_Berl: folds 
Vito1088: calls $0.02
*** FLOP *** [Jd Kc 4d]
Vito1088: checks 
Dorex2007: checks 
Alis505: checks 
Schneegestber: bets $0.02
Vito1088: calls $0.02
Dorex2007: calls $0.02
Alis505: calls $0.02
*** TURN *** [Jd Kc 4d] [Tc]
Vito1088: checks 
Dorex2007: checks 
Alis505: checks 
Schneegestber: bets $0.02
Vito1088: raises $0.08 to $0.10
Dorex2007: calls $0.10
Alis505: calls $0.10
Schneegestber: folds 
*** RIVER *** [Jd Kc 4d Tc] [8s]
Vito1088: checks 
Dorex2007: checks 
Alis505: checks 
*** SHOW DOWN ***
Vito1088: shows [Qc 2d] (high card King)
Dorex2007: shows [Ks Js] (two pair, Kings and Jacks)
Alis505: mucks hand 
Dorex2007 collected $0.55 from pot
*** SUMMARY ***
Total pot $0.57 | Rake $0.02 
Board [Jd Kc 4d Tc 8s]
Seat 1: cuba19722 folded before Flop (didn't bet)
Seat 2: Tobiz89 folded before Flop (didn't bet)
Seat 3: Alis505 mucked [Ad 7d]
Seat 4: Schneegestber (button) folded on the Turn
Seat 5: Admiral_Berl (small blind) folded before Flop
Seat 6: Vito1088 (big blind) showed [Qc 2d] and lost with high card King
Seat 7: MichaZimb folded before Flop (didn't bet)
Seat 8: vas.fegaris folded before Flop (didn't bet)
Seat 9: Dorex2007 showed [Ks Js] and won ($0.55) with two pair, Kings and Jacks



PokerStars Hand #230710200104:  Hold'em No Limit ($0.01/$0.02 USD) - 2021/10/18 12:52:07 PT [2021/10/18 15:52:07 ET]
Table 'Laverna III' 9-max Seat #5 is the button
Seat 1: cuba19722 ($1.99 in chips) 
Seat 2: Tobiz89 ($2.17 in chips) 
Seat 3: Alis505 ($4.71 in chips) 
Seat 4: Schneegestber ($1.84 in chips) 
Seat 5: Admiral_Berl ($4.02 in chips) 
Seat 6: Vito1088 ($0.64 in chips) 
Seat 7: MichaZimb ($2.08 in chips) 
Seat 8: vas.fegaris ($0.80 in chips) 
Seat 9: Dorex2007 ($2.39 in chips) 
Vito1088: posts small blind $0.01
MichaZimb: posts big blind $0.02
*** HOLE CARDS ***
Dealt to Dorex2007 [7h 5c]
vas.fegaris: folds 
Dorex2007: folds 
cuba19722: calls $0.02
Tobiz89: folds 
Alis505: folds 
Schneegestber: calls $0.02
Admiral_Berl: folds 
Vito1088: raises $0.08 to $0.10
MichaZimb: folds 
cuba19722: calls $0.08
Schneegestber: folds 
*** FLOP *** [Jh 3s 4c]
Vito1088: bets $0.16
cuba19722: calls $0.16
*** TURN *** [Jh 3s 4c] [2d]
Vito1088: checks 
cuba19722: checks 
*** RIVER *** [Jh 3s 4c 2d] [8s]
Vito1088: bets $0.27
cuba19722: calls $0.27
*** SHOW DOWN ***
Vito1088: shows [As 7c] (high card Ace)
cuba19722: shows [Ad 2h] (a pair of Deuces)
cuba19722 collected $1.06 from pot
*** SUMMARY ***
Total pot $1.10 | Rake $0.04 
Board [Jh 3s 4c 2d 8s]
Seat 1: cuba19722 showed [Ad 2h] and won ($1.06) with a pair of Deuces
Seat 2: Tobiz89 folded before Flop (didn't bet)
Seat 3: Alis505 folded before Flop (didn't bet)
Seat 4: Schneegestber folded before Flop
Seat 5: Admiral_Berl (button) folded before Flop (didn't bet)
Seat 6: Vito1088 (small blind) showed [As 7c] and lost with high card Ace
Seat 7: MichaZimb (big blind) folded before Flop
Seat 8: vas.fegaris folded before Flop (didn't bet)
Seat 9: Dorex2007 folded before Flop (didn't bet)



PokerStars Hand #230710226096:  Hold'em No Limit ($0.01/$0.02 USD) - 2021/10/18 12:52:56 PT [2021/10/18 15:52:56 ET]
Table 'Laverna III' 9-max Seat #6 is the button
Seat 1: cuba19722 ($2.52 in chips) 
Seat 2: Tobiz89 ($2.17 in chips) 
Seat 3: Alis505 ($4.71 in chips) 
Seat 4: Schneegestber ($1.82 in chips) 
Seat 5: Admiral_Berl ($4.02 in chips) 
Seat 6: Vito1088 ($0.11 in chips) 
Seat 7: MichaZimb ($2.06 in chips) 
Seat 8: vas.fegaris ($0.80 in chips) 
Seat 9: Dorex2007 ($2.39 in chips) 
MichaZimb: posts small blind $0.01
vas.fegaris: posts big blind $0.02
*** HOLE CARDS ***
Dealt to Dorex2007 [5d 5c]
Dorex2007: raises $0.02 to $0.04
cuba19722: calls $0.04
Tobiz89: folds 
Alis505: folds 
Schneegestber: calls $0.04
Admiral_Berl: folds 
Vito1088: folds 
MichaZimb: folds 
vas.fegaris: folds 
*** FLOP *** [Qd 2h Ts]
Dorex2007: checks 
cuba19722: checks 
Schneegestber: bets $0.02
Dorex2007: calls $0.02
cuba19722: calls $0.02
*** TURN *** [Qd 2h Ts] [9h]
Dorex2007: checks 
cuba19722: checks 
Schneegestber: checks 
*** RIVER *** [Qd 2h Ts 9h] [9d]
Dorex2007: checks 
cuba19722: checks 
Schneegestber: bets $0.16
Dorex2007: folds 
cuba19722: folds 
Uncalled bet ($0.16) returned to Schneegestber
Schneegestber collected $0.20 from pot
Schneegestber: doesn't show hand 
*** SUMMARY ***
Total pot $0.21 | Rake $0.01 
Board [Qd 2h Ts 9h 9d]
Seat 1: cuba19722 folded on the River
Seat 2: Tobiz89 folded before Flop (didn't bet)
Seat 3: Alis505 folded before Flop (didn't bet)
Seat 4: Schneegestber collected ($0.20)
Seat 5: Admiral_Berl folded before Flop (didn't bet)
Seat 6: Vito1088 (button) folded before Flop (didn't bet)
Seat 7: MichaZimb (small blind) folded before Flop
Seat 8: vas.fegaris (big blind) folded before Flop
Seat 9: Dorex2007 folded on the River



PokerStars Hand #230710261909:  Hold'em No Limit ($0.01/$0.02 USD) - 2021/10/18 12:54:05 PT [2021/10/18 15:54:05 ET]
Table 'Laverna III' 9-max Seat #7 is the button
Seat 1: cuba19722 ($2.46 in chips) 
Seat 2: Tobiz89 ($2.17 in chips) 
Seat 3: Alis505 ($4.71 in chips) 
Seat 4: Schneegestber ($1.96 in chips) 
Seat 5: Admiral_Berl ($4.02 in chips) 
Seat 6: Vito1088 ($0.11 in chips) 
Seat 7: MichaZimb ($2.05 in chips) 
Seat 8: vas.fegaris ($0.78 in chips) 
Seat 9: Dorex2007 ($2.33 in chips) 
vas.fegaris: posts small blind $0.01
Dorex2007: posts big blind $0.02
*** HOLE CARDS ***
Dealt to Dorex2007 [Kc 5h]
cuba19722: calls $0.02
Tobiz89: folds 
Alis505: calls $0.02
Schneegestber: folds 
Admiral_Berl: folds 
Vito1088: calls $0.02
MichaZimb: calls $0.02
vas.fegaris: folds 
Dorex2007: checks 
*** FLOP *** [7d 5c Qc]
Dorex2007: checks 
cuba19722: checks 
Alis505: checks 
Vito1088: bets $0.09 and is all-in
MichaZimb: raises $0.09 to $0.18
Dorex2007: folds 
cuba19722: folds 
Alis505: folds 
Uncalled bet ($0.09) returned to MichaZimb
*** TURN *** [7d 5c Qc] [3s]
*** RIVER *** [7d 5c Qc 3s] [8d]
*** SHOW DOWN ***
Vito1088: shows [8c 3c] (two pair, Eights and Threes)
MichaZimb: shows [5s 5d] (three of a kind, Fives)
MichaZimb collected $0.28 from pot
*** SUMMARY ***
Total pot $0.29 | Rake $0.01 
Board [7d 5c Qc 3s 8d]
Seat 1: cuba19722 folded on the Flop
Seat 2: Tobiz89 folded before Flop (didn't bet)
Seat 3: Alis505 folded on the Flop
Seat 4: Schneegestber folded before Flop (didn't bet)
Seat 5: Admiral_Berl folded before Flop (didn't bet)
Seat 6: Vito1088 showed [8c 3c] and lost with two pair, Eights and Threes
Seat 7: MichaZimb (button) showed [5s 5d] and won ($0.28) with three of a kind, Fives
Seat 8: vas.fegaris (small blind) folded before Flop
Seat 9: Dorex2007 (big blind) folded on the Flop



PokerStars Hand #230710296866:  Hold'em No Limit ($0.01/$0.02 USD) - 2021/10/18 12:55:11 PT [2021/10/18 15:55:11 ET]
Table 'Laverna III' 9-max Seat #8 is the button
Seat 1: cuba19722 ($2.44 in chips) 
Seat 2: Tobiz89 ($2.17 in chips) 
Seat 3: Alis505 ($4.69 in chips) 
Seat 4: Schneegestber ($1.96 in chips) 
Seat 5: Admiral_Berl ($4.02 in chips) 
Seat 7: MichaZimb ($2.22 in chips) 
Seat 8: vas.fegaris ($0.77 in chips) 
Seat 9: Dorex2007 ($2.31 in chips) 
Dorex2007: posts small blind $0.01
cuba19722: posts big blind $0.02
*** HOLE CARDS ***
Dealt to Dorex2007 [Ah 5c]
Tobiz89: folds 
Alis505 has timed out
Alis505: folds 
Schneegestber: folds 
Admiral_Berl: folds 
MichaZimb: folds 
vas.fegaris: folds 
Dorex2007: calls $0.01
cuba19722: checks 
*** FLOP *** [7h As Js]
Dorex2007: checks 
cuba19722: checks 
*** TURN *** [7h As Js] [5s]
Dorex2007: checks 
cuba19722: checks 
*** RIVER *** [7h As Js 5s] [4h]
Dorex2007: checks 
cuba19722: checks 
*** SHOW DOWN ***
Dorex2007: shows [Ah 5c] (two pair, Aces and Fives)
cuba19722: mucks hand 
Dorex2007 collected $0.04 from pot
*** SUMMARY ***
Total pot $0.04 | Rake $0 
Board [7h As Js 5s 4h]
Seat 1: cuba19722 (big blind) mucked [Qd 9h]
Seat 2: Tobiz89 folded before Flop (didn't bet)
Seat 3: Alis505 folded before Flop (didn't bet)
Seat 4: Schneegestber folded before Flop (didn't bet)
Seat 5: Admiral_Berl folded before Flop (didn't bet)
Seat 7: MichaZimb folded before Flop (didn't bet)
Seat 8: vas.fegaris (button) folded before Flop (didn't bet)
Seat 9: Dorex2007 (small blind) showed [Ah 5c] and won ($0.04) with two pair, Aces and Fives



PokerStars Hand #230710311536:  Hold'em No Limit ($0.01/$0.02 USD) - 2021/10/18 12:55:50 PT [2021/10/18 15:55:50 ET]
Table 'Laverna III' 9-max Seat #9 is the button
Seat 1: cuba19722 ($2.42 in chips) 
Seat 2: Tobiz89 ($2.17 in chips) 
Seat 3: Alis505 ($4.69 in chips) 
Seat 4: Schneegestber ($1.96 in chips) 
Seat 5: Admiral_Berl ($4.02 in chips) 
Seat 6: Vito1088 ($0.80 in chips) 
Seat 7: MichaZimb ($2.22 in chips) 
Seat 8: vas.fegaris ($0.77 in chips) 
Seat 9: Dorex2007 ($2.33 in chips) 
cuba19722: posts small blind $0.01
Tobiz89: posts big blind $0.02
*** HOLE CARDS ***
Dealt to Dorex2007 [Ts 3c]
Alis505: folds 
Schneegestber: calls $0.02
Admiral_Berl: folds 
Vito1088: folds 
MichaZimb: folds 
vas.fegaris: folds 
Dorex2007: folds 
cuba19722: calls $0.01
Tobiz89: checks 
*** FLOP *** [Ah 3d Jh]
cuba19722: checks 
Tobiz89: checks 
Schneegestber: checks 
*** TURN *** [Ah 3d Jh] [9d]
cuba19722: checks 
Tobiz89: checks 
Schneegestber: bets $0.02
cuba19722: folds 
Tobiz89: folds 
Uncalled bet ($0.02) returned to Schneegestber
Schneegestber collected $0.06 from pot
Schneegestber: doesn't show hand 
*** SUMMARY ***
Total pot $0.06 | Rake $0 
Board [Ah 3d Jh 9d]
Seat 1: cuba19722 (small blind) folded on the Turn
Seat 2: Tobiz89 (big blind) folded on the Turn
Seat 3: Alis505 folded before Flop (didn't bet)
Seat 4: Schneegestber collected ($0.06)
Seat 5: Admiral_Berl folded before Flop (didn't bet)
Seat 6: Vito1088 folded before Flop (didn't bet)
Seat 7: MichaZimb folded before Flop (didn't bet)
Seat 8: vas.fegaris folded before Flop (didn't bet)
Seat 9: Dorex2007 (button) folded before Flop (didn't bet)



PokerStars Hand #230710329332:  Hold'em No Limit ($0.01/$0.02 USD) - 2021/10/18 12:56:36 PT [2021/10/18 15:56:36 ET]
Table 'Laverna III' 9-max Seat #1 is the button
Seat 1: cuba19722 ($2.40 in chips) 
Seat 2: Tobiz89 ($2.15 in chips) 
Seat 3: Alis505 ($4.69 in chips) 
Seat 4: Schneegestber ($2 in chips) 
Seat 5: Admiral_Berl ($4.02 in chips) 
Seat 6: Vito1088 ($0.80 in chips) 
Seat 7: MichaZimb ($2.22 in chips) 
Seat 8: vas.fegaris ($0.77 in chips) 
Seat 9: Dorex2007 ($2.33 in chips) 
Tobiz89: posts small blind $0.01
Alis505: posts big blind $0.02
*** HOLE CARDS ***
Dealt to Dorex2007 [Kc Js]
Schneegestber: raises $0.02 to $0.04
Admiral_Berl: folds 
Vito1088: calls $0.04
MichaZimb: folds 
vas.fegaris: folds 
Dorex2007: calls $0.04
cuba19722: calls $0.04
Tobiz89: calls $0.03
Alis505: calls $0.02
*** FLOP *** [Jc Td 7d]
Tobiz89: checks 
Alis505: checks 
Schneegestber: checks 
Vito1088: checks 
Dorex2007: bets $0.12
cuba19722: folds 
Tobiz89: folds 
Alis505: folds 
Schneegestber: folds 
Vito1088: folds 
Uncalled bet ($0.12) returned to Dorex2007
Dorex2007 collected $0.23 from pot
Alis505 leaves the table
Dorex2007: doesn't show hand 
*** SUMMARY ***
Total pot $0.24 | Rake $0.01 
Board [Jc Td 7d]
Seat 1: cuba19722 (button) folded on the Flop
Seat 2: Tobiz89 (small blind) folded on the Flop
Seat 3: Alis505 (big blind) folded on the Flop
Seat 4: Schneegestber folded on the Flop
Seat 5: Admiral_Berl folded before Flop (didn't bet)
Seat 6: Vito1088 folded on the Flop
Seat 7: MichaZimb folded before Flop (didn't bet)
Seat 8: vas.fegaris folded before Flop (didn't bet)
Seat 9: Dorex2007 collected ($0.23)



PokerStars Hand #230710354803:  Hold'em No Limit ($0.01/$0.02 USD) - 2021/10/18 12:57:43 PT [2021/10/18 15:57:43 ET]
Table 'Laverna III' 9-max Seat #2 is the button
Seat 1: cuba19722 ($2.36 in chips) 
Seat 2: Tobiz89 ($2.11 in chips) 
Seat 4: Schneegestber ($1.96 in chips) 
Seat 5: Admiral_Berl ($4.02 in chips) 
Seat 6: Vito1088 ($0.76 in chips) 
Seat 7: MichaZimb ($2.22 in chips) 
Seat 8: vas.fegaris ($0.77 in chips) 
Seat 9: Dorex2007 ($2.52 in chips) 
Schneegestber: posts small blind $0.01
Admiral_Berl: posts big blind $0.02
*** HOLE CARDS ***
Dealt to Dorex2007 [2c 8c]
Vito1088: folds 
MichaZimb: folds 
vas.fegaris: folds 
Dorex2007: folds 
cuba19722: folds 
Tobiz89: folds 
Schneegestber: calls $0.01
Admiral_Berl: checks 
*** FLOP *** [9d 6h 7s]
Schneegestber: checks 
Admiral_Berl: checks 
*** TURN *** [9d 6h 7s] [Qh]
Schneegestber: bets $0.02
Admiral_Berl: folds 
Uncalled bet ($0.02) returned to Schneegestber
Schneegestber collected $0.04 from pot
Schneegestber: doesn't show hand 
*** SUMMARY ***
Total pot $0.04 | Rake $0 
Board [9d 6h 7s Qh]
Seat 1: cuba19722 folded before Flop (didn't bet)
Seat 2: Tobiz89 (button) folded before Flop (didn't bet)
Seat 4: Schneegestber (small blind) collected ($0.04)
Seat 5: Admiral_Berl (big blind) folded on the Turn
Seat 6: Vito1088 folded before Flop (didn't bet)
Seat 7: MichaZimb folded before Flop (didn't bet)
Seat 8: vas.fegaris folded before Flop (didn't bet)
Seat 9: Dorex2007 folded before Flop (didn't bet)



PokerStars Hand #230710371166:  Hold'em No Limit ($0.01/$0.02 USD) - 2021/10/18 12:58:25 PT [2021/10/18 15:58:25 ET]
Table 'Laverna III' 9-max Seat #4 is the button
Seat 1: cuba19722 ($2.36 in chips) 
Seat 2: Tobiz89 ($2.11 in chips) 
Seat 4: Schneegestber ($1.98 in chips) 
Seat 5: Admiral_Berl ($4 in chips) 
Seat 6: Vito1088 ($0.76 in chips) 
Seat 7: MichaZimb ($2.22 in chips) 
Seat 8: vas.fegaris ($0.77 in chips) 
Seat 9: Dorex2007 ($2.52 in chips) 
Admiral_Berl: posts small blind $0.01
Vito1088: posts big blind $0.02
*** HOLE CARDS ***
Dealt to Dorex2007 [7d 9d]
MichaZimb: folds 
vas.fegaris: folds 
Dorex2007: calls $0.02
cuba19722: folds 
Tobiz89: folds 
Schneegestber: calls $0.02
Admiral_Berl: folds 
Oax1 joins the table at seat #3 
Vito1088: checks 
*** FLOP *** [Qh 8d 2c]
Vito1088: checks 
Dorex2007: checks 
Schneegestber: checks 
*** TURN *** [Qh 8d 2c] [6d]
Vito1088: checks 
Dorex2007: bets $0.07
Schneegestber: raises $0.07 to $0.14
Vito1088: folds 
Dorex2007: calls $0.07
*** RIVER *** [Qh 8d 2c 6d] [Th]
Dorex2007: checks 
Schneegestber: bets $0.20
Dorex2007: raises $0.37 to $0.57
Schneegestber: raises $1.25 to $1.82 and is all-in
Dorex2007: calls $1.25
*** SHOW DOWN ***
Schneegestber: shows [Qd Tc] (two pair, Queens and Tens)
Dorex2007: shows [7d 9d] (a straight, Six to Ten)
Dorex2007 collected $3.85 from pot
*** SUMMARY ***
Total pot $3.99 | Rake $0.14 
Board [Qh 8d 2c 6d Th]
Seat 1: cuba19722 folded before Flop (didn't bet)
Seat 2: Tobiz89 folded before Flop (didn't bet)
Seat 4: Schneegestber (button) showed [Qd Tc] and lost with two pair, Queens and Tens
Seat 5: Admiral_Berl (small blind) folded before Flop
Seat 6: Vito1088 (big blind) folded on the Turn
Seat 7: MichaZimb folded before Flop (didn't bet)
Seat 8: vas.fegaris folded before Flop (didn't bet)
Seat 9: Dorex2007 showed [7d 9d] and won ($3.85) with a straight, Six to Ten



PokerStars Hand #230710404745:  Hold'em No Limit ($0.01/$0.02 USD) - 2021/10/18 12:59:52 PT [2021/10/18 15:59:52 ET]
Table 'Laverna III' 9-max Seat #5 is the button
Seat 1: cuba19722 ($2.36 in chips) 
Seat 2: Tobiz89 ($2.11 in chips) 
Seat 3: Oax1 ($1 in chips) 
Seat 5: Admiral_Berl ($3.99 in chips) 
Seat 6: Vito1088 ($0.74 in chips) 
Seat 7: MichaZimb ($2.22 in chips) 
Seat 8: vas.fegaris ($0.77 in chips) 
Seat 9: Dorex2007 ($4.39 in chips) 
Vito1088: posts small blind $0.01
MichaZimb: posts big blind $0.02
Oax1: posts big blind $0.02
*** HOLE CARDS ***
Dealt to Dorex2007 [5c Qc]
vas.fegaris: folds 
Dorex2007: folds 
cuba19722: calls $0.02
Tobiz89: raises $0.10 to $0.12
Oax1: folds 
Admiral_Berl: folds 
Vito1088: folds 
MichaZimb: folds 
cuba19722: calls $0.10
*** FLOP *** [9c 3h Ac]
cuba19722: checks 
Schneegestber leaves the table
Tobiz89: bets $0.21
yjqian23 joins the table at seat #4 
cuba19722: raises $0.45 to $0.66
Tobiz89: folds 
Uncalled bet ($0.45) returned to cuba19722
cuba19722 collected $0.69 from pot
cuba19722: doesn't show hand 
*** SUMMARY ***
Total pot $0.71 | Rake $0.02 
Board [9c 3h Ac]
Seat 1: cuba19722 collected ($0.69)
Seat 2: Tobiz89 folded on the Flop
Seat 3: Oax1 folded before Flop (didn't bet)
Seat 5: Admiral_Berl (button) folded before Flop (didn't bet)
Seat 6: Vito1088 (small blind) folded before Flop
Seat 7: MichaZimb (big blind) folded before Flop
Seat 8: vas.fegaris folded before Flop (didn't bet)
Seat 9: Dorex2007 folded before Flop (didn't bet)



PokerStars Hand #230710422836:  Hold'em No Limit ($0.01/$0.02 USD) - 2021/10/18 13:00:37 PT [2021/10/18 16:00:37 ET]
Table 'Laverna III' 9-max Seat #6 is the button
Seat 1: cuba19722 ($2.72 in chips) 
Seat 2: Tobiz89 ($2 in chips) 
Seat 3: Oax1 ($0.98 in chips) 
Seat 5: Admiral_Berl ($3.99 in chips) 
Seat 6: Vito1088 ($0.73 in chips) 
Seat 7: MichaZimb ($2.20 in chips) 
Seat 8: vas.fegaris ($0.77 in chips) 
Seat 9: Dorex2007 ($4.39 in chips) 
MichaZimb: posts small blind $0.01
vas.fegaris: posts big blind $0.02
yjqian23: sits out 
*** HOLE CARDS ***
Dealt to Dorex2007 [Ac Qh]
Dorex2007: raises $0.02 to $0.04
cuba19722: folds 
Tobiz89: raises $0.02 to $0.06
Oax1: folds 
Admiral_Berl: calls $0.06
Vito1088: calls $0.06
MichaZimb: folds 
vas.fegaris: folds 
Dorex2007: calls $0.02
*** FLOP *** [Jh 8h 8c]
Dorex2007: checks 
Tobiz89: checks 
Admiral_Berl: bets $0.26
Vito1088: folds 
Dorex2007: folds 
Tobiz89: folds 
Uncalled bet ($0.26) returned to Admiral_Berl
Admiral_Berl collected $0.26 from pot
Admiral_Berl: doesn't show hand 
*** SUMMARY ***
Total pot $0.27 | Rake $0.01 
Board [Jh 8h 8c]
Seat 1: cuba19722 folded before Flop (didn't bet)
Seat 2: Tobiz89 folded on the Flop
Seat 3: Oax1 folded before Flop (didn't bet)
Seat 5: Admiral_Berl collected ($0.26)
Seat 6: Vito1088 (button) folded on the Flop
Seat 7: MichaZimb (small blind) folded before Flop
Seat 8: vas.fegaris (big blind) folded before Flop
Seat 9: Dorex2007 folded on the Flop



PokerStars Hand #230710452933:  Hold'em No Limit ($0.01/$0.02 USD) - 2021/10/18 13:01:43 PT [2021/10/18 16:01:43 ET]
Table 'Laverna III' 9-max Seat #7 is the button
Seat 1: cuba19722 ($2.72 in chips) 
Seat 2: Tobiz89 ($2 in chips) 
Seat 3: Oax1 ($0.98 in chips) 
Seat 4: yjqian23 ($2 in chips) 
Seat 5: Admiral_Berl ($4.19 in chips) 
Seat 6: Vito1088 ($0.67 in chips) 
Seat 7: MichaZimb ($2.19 in chips) 
Seat 8: vas.fegaris ($0.75 in chips) 
Seat 9: Dorex2007 ($4.33 in chips) 
vas.fegaris: posts small blind $0.01
Dorex2007: posts big blind $0.02
yjqian23: posts big blind $0.02
*** HOLE CARDS ***
Dealt to Dorex2007 [4d Qs]
cuba19722: calls $0.02
Tobiz89: folds 
Oax1: folds 
yjqian23: checks 
Admiral_Berl: calls $0.02
Vito1088: raises $0.02 to $0.04
MichaZimb: folds 
vas.fegaris: folds 
Dorex2007: calls $0.02
cuba19722: calls $0.02
yjqian23: folds 
Admiral_Berl: calls $0.02
*** FLOP *** [9c Ah 7c]
Dorex2007: checks 
cuba19722: checks 
Admiral_Berl: checks 
Vito1088: bets $0.18
Dorex2007: folds 
cuba19722: calls $0.18
Admiral_Berl: folds 
*** TURN *** [9c Ah 7c] [7s]
cuba19722: checks 
Vito1088: bets $0.45 and is all-in
cuba19722: folds 
Uncalled bet ($0.45) returned to Vito1088
Vito1088 collected $0.53 from pot
Vito1088: doesn't show hand 
*** SUMMARY ***
Total pot $0.55 | Rake $0.02 
Board [9c Ah 7c 7s]
Seat 1: cuba19722 folded on the Turn
Seat 2: Tobiz89 folded before Flop (didn't bet)
Seat 3: Oax1 folded before Flop (didn't bet)
Seat 4: yjqian23 folded before Flop (didn't bet)
Seat 5: Admiral_Berl folded on the Flop
Seat 6: Vito1088 collected ($0.53)
Seat 7: MichaZimb (button) folded before Flop (didn't bet)
Seat 8: vas.fegaris (small blind) folded before Flop
Seat 9: Dorex2007 (big blind) folded on the Flop



PokerStars Hand #230710484523:  Hold'em No Limit ($0.01/$0.02 USD) - 2021/10/18 13:02:45 PT [2021/10/18 16:02:45 ET]
Table 'Laverna III' 9-max Seat #8 is the button
Seat 1: cuba19722 ($2.50 in chips) 
Seat 2: Tobiz89 ($2 in chips) 
Seat 3: Oax1 ($0.98 in chips) 
Seat 4: yjqian23 ($1.98 in chips) 
Seat 5: Admiral_Berl ($4.15 in chips) 
Seat 6: Vito1088 ($0.98 in chips) 
Seat 7: MichaZimb ($2.19 in chips) 
Seat 8: vas.fegaris ($0.74 in chips) 
Seat 9: Dorex2007 ($4.29 in chips) 
Dorex2007: posts small blind $0.01
cuba19722: posts big blind $0.02
*** HOLE CARDS ***
Dealt to Dorex2007 [3s 7d]
Tobiz89: raises $0.04 to $0.06
Oax1: folds 
yjqian23: calls $0.06
Admiral_Berl: folds 
Vito1088: folds 
MichaZimb: folds 
vas.fegaris: folds 
Dorex2007: folds 
cuba19722: calls $0.04
*** FLOP *** [6c 8h 9h]
cuba19722: checks 
Tobiz89: checks 
yjqian23: bets $0.02
cuba19722: calls $0.02
Tobiz89: calls $0.02
*** TURN *** [6c 8h 9h] [9c]
cuba19722: checks 
Tobiz89: checks 
yjqian23: checks 
*** RIVER *** [6c 8h 9h 9c] [2d]
cuba19722: checks 
Tobiz89: checks 
yjqian23: checks 
*** SHOW DOWN ***
cuba19722: shows [Jh 4s] (a pair of Nines)
Tobiz89: shows [5s 5d] (two pair, Nines and Fives)
yjqian23: mucks hand 
Tobiz89 collected $0.24 from pot
*** SUMMARY ***
Total pot $0.25 | Rake $0.01 
Board [6c 8h 9h 9c 2d]
Seat 1: cuba19722 (big blind) showed [Jh 4s] and lost with a pair of Nines
Seat 2: Tobiz89 showed [5s 5d] and won ($0.24) with two pair, Nines and Fives
Seat 3: Oax1 folded before Flop (didn't bet)
Seat 4: yjqian23 mucked [Ad Td]
Seat 5: Admiral_Berl folded before Flop (didn't bet)
Seat 6: Vito1088 folded before Flop (didn't bet)
Seat 7: MichaZimb folded before Flop (didn't bet)
Seat 8: vas.fegaris (button) folded before Flop (didn't bet)
Seat 9: Dorex2007 (small blind) folded before Flop



PokerStars Hand #230710525549:  Hold'em No Limit ($0.01/$0.02 USD) - 2021/10/18 13:04:03 PT [2021/10/18 16:04:03 ET]
Table 'Laverna III' 9-max Seat #9 is the button
Seat 1: cuba19722 ($2.42 in chips) 
Seat 2: Tobiz89 ($2.16 in chips) 
Seat 3: Oax1 ($0.98 in chips) 
Seat 4: yjqian23 ($1.90 in chips) 
Seat 5: Admiral_Berl ($4.15 in chips) 
Seat 6: Vito1088 ($0.98 in chips) 
Seat 7: MichaZimb ($2.19 in chips) 
Seat 8: vas.fegaris ($0.74 in chips) 
Seat 9: Dorex2007 ($4.28 in chips) 
cuba19722: posts small blind $0.01
Tobiz89: posts big blind $0.02
*** HOLE CARDS ***
Dealt to Dorex2007 [Kh 9h]
Oax1: folds 
yjqian23: folds 
Admiral_Berl: folds 
Vito1088: folds 
MichaZimb: folds 
vas.fegaris: folds 
Dorex2007: raises $0.04 to $0.06
cuba19722: calls $0.05
Tobiz89: folds 
*** FLOP *** [Ac As 3d]
cuba19722: checks 
Dorex2007: bets $0.14
cuba19722: calls $0.14
*** TURN *** [Ac As 3d] [3c]
cuba19722: checks 
Dorex2007: checks 
*** RIVER *** [Ac As 3d 3c] [5h]
cuba19722: bets $0.24
Dorex2007: calls $0.24
*** SHOW DOWN ***
cuba19722: shows [Qc Ad] (a full house, Aces full of Threes)
Dorex2007: mucks hand 
cuba19722 collected $0.87 from pot
*** SUMMARY ***
Total pot $0.90 | Rake $0.03 
Board [Ac As 3d 3c 5h]
Seat 1: cuba19722 (small blind) showed [Qc Ad] and won ($0.87) with a full house, Aces full of Threes
Seat 2: Tobiz89 (big blind) folded before Flop
Seat 3: Oax1 folded before Flop (didn't bet)
Seat 4: yjqian23 folded before Flop (didn't bet)
Seat 5: Admiral_Berl folded before Flop (didn't bet)
Seat 6: Vito1088 folded before Flop (didn't bet)
Seat 7: MichaZimb folded before Flop (didn't bet)
Seat 8: vas.fegaris folded before Flop (didn't bet)
Seat 9: Dorex2007 (button) mucked [Kh 9h]



PokerStars Hand #230710546412:  Hold'em No Limit ($0.01/$0.02 USD) - 2021/10/18 13:04:43 PT [2021/10/18 16:04:43 ET]
Table 'Laverna III' 9-max Seat #1 is the button
Seat 1: cuba19722 ($2.85 in chips) 
Seat 2: Tobiz89 ($2.14 in chips) 
Seat 3: Oax1 ($0.98 in chips) 
Seat 4: yjqian23 ($1.90 in chips) 
Seat 5: Admiral_Berl ($4.15 in chips) 
Seat 6: Vito1088 ($0.98 in chips) 
Seat 7: MichaZimb ($2.19 in chips) 
Seat 8: vas.fegaris ($0.74 in chips) 
Seat 9: Dorex2007 ($3.84 in chips) 
Tobiz89: posts small blind $0.01
Oax1: posts big blind $0.02
*** HOLE CARDS ***
Dealt to Dorex2007 [9h 5c]
yjqian23: folds 
Admiral_Berl: folds 
Vito1088: folds 
MichaZimb: folds 
vas.fegaris: calls $0.02
Dorex2007: folds 
cuba19722: raises $0.14 to $0.16
Tobiz89: folds 
Oax1: folds 
vas.fegaris: folds 
Uncalled bet ($0.14) returned to cuba19722
cuba19722 collected $0.07 from pot
cuba19722: doesn't show hand 
*** SUMMARY ***
Total pot $0.07 | Rake $0 
Seat 1: cuba19722 (button) collected ($0.07)
Seat 2: Tobiz89 (small blind) folded before Flop
Seat 3: Oax1 (big blind) folded before Flop
Seat 4: yjqian23 folded before Flop (didn't bet)
Seat 5: Admiral_Berl folded before Flop (didn't bet)
Seat 6: Vito1088 folded before Flop (didn't bet)
Seat 7: MichaZimb folded before Flop (didn't bet)
Seat 8: vas.fegaris folded before Flop
Seat 9: Dorex2007 folded before Flop (didn't bet)



PokerStars Hand #230710563095:  Hold'em No Limit ($0.01/$0.02 USD) - 2021/10/18 13:05:14 PT [2021/10/18 16:05:14 ET]
Table 'Laverna III' 9-max Seat #2 is the button
Seat 1: cuba19722 ($2.90 in chips) 
Seat 2: Tobiz89 ($2.13 in chips) 
Seat 3: Oax1 ($0.96 in chips) 
Seat 4: yjqian23 ($1.90 in chips) 
Seat 5: Admiral_Berl ($4.15 in chips) 
Seat 6: Vito1088 ($0.98 in chips) 
Seat 7: MichaZimb ($2.19 in chips) 
Seat 8: vas.fegaris ($0.72 in chips) 
Seat 9: Dorex2007 ($3.84 in chips) 
Oax1: posts small blind $0.01
yjqian23: posts big blind $0.02
*** HOLE CARDS ***
Dealt to Dorex2007 [Kd 4c]
Admiral_Berl: folds 
Vito1088: raises $0.04 to $0.06
MichaZimb: folds 
vas.fegaris: folds 
Dorex2007: folds 
cuba19722: calls $0.06
Tobiz89: folds 
Oax1: folds 
yjqian23: folds 
*** FLOP *** [9s Ts 5d]
Vito1088: bets $0.14
cuba19722: calls $0.14
*** TURN *** [9s Ts 5d] [3d]
Vito1088: bets $0.20
cuba19722: folds 
Uncalled bet ($0.20) returned to Vito1088
Vito1088 collected $0.41 from pot
Vito1088: doesn't show hand 
*** SUMMARY ***
Total pot $0.43 | Rake $0.02 
Board [9s Ts 5d 3d]
Seat 1: cuba19722 folded on the Turn
Seat 2: Tobiz89 (button) folded before Flop (didn't bet)
Seat 3: Oax1 (small blind) folded before Flop
Seat 4: yjqian23 (big blind) folded before Flop
Seat 5: Admiral_Berl folded before Flop (didn't bet)
Seat 6: Vito1088 collected ($0.41)
Seat 7: MichaZimb folded before Flop (didn't bet)
Seat 8: vas.fegaris folded before Flop (didn't bet)
Seat 9: Dorex2007 folded before Flop (didn't bet)



PokerStars Hand #230710588614:  Hold'em No Limit ($0.01/$0.02 USD) - 2021/10/18 13:06:03 PT [2021/10/18 16:06:03 ET]
Table 'Laverna III' 9-max Seat #3 is the button
Seat 1: cuba19722 ($2.70 in chips) 
Seat 2: Tobiz89 ($2.13 in chips) 
Seat 3: Oax1 ($0.95 in chips) 
Seat 4: yjqian23 ($1.88 in chips) 
Seat 5: Admiral_Berl ($4.15 in chips) 
Seat 6: Vito1088 ($1.19 in chips) 
Seat 7: MichaZimb ($2.19 in chips) 
Seat 8: vas.fegaris ($0.72 in chips) 
Seat 9: Dorex2007 ($3.84 in chips) 
yjqian23: posts small blind $0.01
Admiral_Berl: posts big blind $0.02
*** HOLE CARDS ***
Dealt to Dorex2007 [9c 9h]
Vito1088: raises $0.04 to $0.06
MichaZimb: folds 
vas.fegaris: folds 
Dorex2007: calls $0.06
cuba19722: calls $0.06
Tobiz89: folds 
Oax1: folds 
yjqian23: folds 
Admiral_Berl: folds 
*** FLOP *** [7c 3h 8d]
Vito1088: checks 
Dorex2007: bets $0.20
cuba19722: folds 
Vito1088: folds 
Uncalled bet ($0.20) returned to Dorex2007
Dorex2007 collected $0.20 from pot
Dorex2007: doesn't show hand 
*** SUMMARY ***
Total pot $0.21 | Rake $0.01 
Board [7c 3h 8d]
Seat 1: cuba19722 folded on the Flop
Seat 2: Tobiz89 folded before Flop (didn't bet)
Seat 3: Oax1 (button) folded before Flop (didn't bet)
Seat 4: yjqian23 (small blind) folded before Flop
Seat 5: Admiral_Berl (big blind) folded before Flop
Seat 6: Vito1088 folded on the Flop
Seat 7: MichaZimb folded before Flop (didn't bet)
Seat 8: vas.fegaris folded before Flop (didn't bet)
Seat 9: Dorex2007 collected ($0.20)



PokerStars Hand #230710609797:  Hold'em No Limit ($0.01/$0.02 USD) - 2021/10/18 13:06:43 PT [2021/10/18 16:06:43 ET]
Table 'Laverna III' 9-max Seat #4 is the button
Seat 1: cuba19722 ($2.64 in chips) 
Seat 2: Tobiz89 ($2.13 in chips) 
Seat 3: Oax1 ($0.95 in chips) 
Seat 4: yjqian23 ($1.87 in chips) 
Seat 5: Admiral_Berl ($4.13 in chips) 
Seat 6: Vito1088 ($1.13 in chips) 
Seat 7: MichaZimb ($2.19 in chips) 
Seat 8: vas.fegaris ($0.72 in chips) 
Seat 9: Dorex2007 ($3.98 in chips) 
Admiral_Berl: posts small blind $0.01
Vito1088: posts big blind $0.02
*** HOLE CARDS ***
Dealt to Dorex2007 [Qd Ah]
MichaZimb: folds 
vas.fegaris: folds 
Dorex2007: raises $0.02 to $0.04
cuba19722: folds 
Tobiz89: folds 
Oax1: folds 
yjqian23: calls $0.04
Admiral_Berl: folds 
Vito1088: calls $0.02
*** FLOP *** [Tc 6d 2s]
Vito1088: bets $0.08
Dorex2007: folds 
yjqian23: calls $0.08
*** TURN *** [Tc 6d 2s] [6c]
Vito1088: bets $0.18
yjqian23: calls $0.18
*** RIVER *** [Tc 6d 2s 6c] [Kh]
Vito1088: bets $0.31
yjqian23: calls $0.31
*** SHOW DOWN ***
Vito1088: shows [Ks 2c] (two pair, Kings and Sixes)
yjqian23: mucks hand 
Vito1088 collected $1.23 from pot
*** SUMMARY ***
Total pot $1.27 | Rake $0.04 
Board [Tc 6d 2s 6c Kh]
Seat 1: cuba19722 folded before Flop (didn't bet)
Seat 2: Tobiz89 folded before Flop (didn't bet)
Seat 3: Oax1 folded before Flop (didn't bet)
Seat 4: yjqian23 (button) mucked [Qc Qs]
Seat 5: Admiral_Berl (small blind) folded before Flop
Seat 6: Vito1088 (big blind) showed [Ks 2c] and won ($1.23) with two pair, Kings and Sixes
Seat 7: MichaZimb folded before Flop (didn't bet)
Seat 8: vas.fegaris folded before Flop (didn't bet)
Seat 9: Dorex2007 folded on the Flop



PokerStars Hand #230710637298:  Hold'em No Limit ($0.01/$0.02 USD) - 2021/10/18 13:07:35 PT [2021/10/18 16:07:35 ET]
Table 'Laverna III' 9-max Seat #5 is the button
Seat 1: cuba19722 ($2.64 in chips) 
Seat 2: Tobiz89 ($2.13 in chips) 
Seat 3: Oax1 ($0.95 in chips) 
Seat 4: yjqian23 ($1.26 in chips) 
Seat 5: Admiral_Berl ($4.12 in chips) 
Seat 6: Vito1088 ($1.75 in chips) 
Seat 7: MichaZimb ($2.19 in chips) 
Seat 8: vas.fegaris ($0.72 in chips) 
Seat 9: Dorex2007 ($3.94 in chips) 
Vito1088: posts small blind $0.01
MichaZimb: posts big blind $0.02
*** HOLE CARDS ***
Dealt to Dorex2007 [Tc 9d]
vas.fegaris: folds 
Dorex2007: folds 
cuba19722: calls $0.02
Tobiz89: folds 
Oax1: folds 
yjqian23: calls $0.02
Admiral_Berl: folds 
Vito1088: raises $0.02 to $0.04
MichaZimb: folds 
cuba19722: calls $0.02
yjqian23: calls $0.02
*** FLOP *** [Ah 2s 2d]
Vito1088: bets $0.08
cuba19722: folds 
yjqian23: calls $0.08
*** TURN *** [Ah 2s 2d] [3d]
Vito1088: bets $0.20
yjqian23: raises $0.20 to $0.40
Vito1088: calls $0.20
*** RIVER *** [Ah 2s 2d 3d] [Td]
Vito1088: bets $0.53
yjqian23: raises $0.21 to $0.74 and is all-in
Vito1088: calls $0.21
*** SHOW DOWN ***
yjqian23: shows [9s Ac] (two pair, Aces and Deuces)
Vito1088: shows [Qd Jd] (a flush, Queen high)
Vito1088 collected $2.49 from pot
*** SUMMARY ***
Total pot $2.58 | Rake $0.09 
Board [Ah 2s 2d 3d Td]
Seat 1: cuba19722 folded on the Flop
Seat 2: Tobiz89 folded before Flop (didn't bet)
Seat 3: Oax1 folded before Flop (didn't bet)
Seat 4: yjqian23 showed [9s Ac] and lost with two pair, Aces and Deuces
Seat 5: Admiral_Berl (button) folded before Flop (didn't bet)
Seat 6: Vito1088 (small blind) showed [Qd Jd] and won ($2.49) with a flush, Queen high
Seat 7: MichaZimb (big blind) folded before Flop
Seat 8: vas.fegaris folded before Flop (didn't bet)
Seat 9: Dorex2007 folded before Flop (didn't bet)



PokerStars Hand #230710672093:  Hold'em No Limit ($0.01/$0.02 USD) - 2021/10/18 13:08:42 PT [2021/10/18 16:08:42 ET]
Table 'Laverna III' 9-max Seat #6 is the button
Seat 1: cuba19722 ($2.60 in chips) 
Seat 2: Tobiz89 ($2.13 in chips) 
Seat 3: Oax1 ($0.95 in chips) 
Seat 5: Admiral_Berl ($4.12 in chips) 
Seat 6: Vito1088 ($2.98 in chips) 
Seat 7: MichaZimb ($2.17 in chips) 
Seat 8: vas.fegaris ($0.72 in chips) 
Seat 9: Dorex2007 ($3.94 in chips) 
MichaZimb: posts small blind $0.01
vas.fegaris: posts big blind $0.02
*** HOLE CARDS ***
Dealt to Dorex2007 [2d 3d]
Dorex2007: folds 
cuba19722: calls $0.02
yjqian23 leaves the table
Tobiz89: raises $0.08 to $0.10
Oax1: folds 
Admiral_Berl: folds 
Vito1088: folds 
MichaZimb: folds 
Ajim007 joins the table at seat #4 
vas.fegaris: folds 
cuba19722: folds 
Uncalled bet ($0.08) returned to Tobiz89
Tobiz89 collected $0.07 from pot
Tobiz89: doesn't show hand 
*** SUMMARY ***
Total pot $0.07 | Rake $0 
Seat 1: cuba19722 folded before Flop
Seat 2: Tobiz89 collected ($0.07)
Seat 3: Oax1 folded before Flop (didn't bet)
Seat 5: Admiral_Berl folded before Flop (didn't bet)
Seat 6: Vito1088 (button) folded before Flop (didn't bet)
Seat 7: MichaZimb (small blind) folded before Flop
Seat 8: vas.fegaris (big blind) folded before Flop
Seat 9: Dorex2007 folded before Flop (didn't bet)



PokerStars Hand #230710684357:  Hold'em No Limit ($0.01/$0.02 USD) - 2021/10/18 13:09:05 PT [2021/10/18 16:09:05 ET]
Table 'Laverna III' 9-max Seat #7 is the button
Seat 1: cuba19722 ($2.58 in chips) 
Seat 2: Tobiz89 ($2.18 in chips) 
Seat 3: Oax1 ($0.95 in chips) 
Seat 5: Admiral_Berl ($4.12 in chips) 
Seat 6: Vito1088 ($2.98 in chips) 
Seat 7: MichaZimb ($2.16 in chips) 
Seat 8: vas.fegaris ($0.70 in chips) 
Seat 9: Dorex2007 ($3.94 in chips) 
vas.fegaris: posts small blind $0.01
Dorex2007: posts big blind $0.02
Ajim007: sits out 
*** HOLE CARDS ***
Dealt to Dorex2007 [7d 8h]
cuba19722: folds 
Tobiz89: folds 
Oax1: calls $0.02
Admiral_Berl: folds 
Vito1088: folds 
MichaZimb: calls $0.02
vas.fegaris: folds 
Dorex2007: checks 
*** FLOP *** [Kh 7s Qh]
Dorex2007: checks 
Oax1: checks 
MichaZimb: checks 
*** TURN *** [Kh 7s Qh] [2d]
Dorex2007: checks 
Oax1: checks 
MichaZimb: checks 
*** RIVER *** [Kh 7s Qh 2d] [7h]
Dorex2007: bets $0.07
Oax1: folds 
MichaZimb: folds 
Uncalled bet ($0.07) returned to Dorex2007
Dorex2007 collected $0.07 from pot
Dorex2007: doesn't show hand 
*** SUMMARY ***
Total pot $0.07 | Rake $0 
Board [Kh 7s Qh 2d 7h]
Seat 1: cuba19722 folded before Flop (didn't bet)
Seat 2: Tobiz89 folded before Flop (didn't bet)
Seat 3: Oax1 folded on the River
Seat 5: Admiral_Berl folded before Flop (didn't bet)
Seat 6: Vito1088 folded before Flop (didn't bet)
Seat 7: MichaZimb (button) folded on the River
Seat 8: vas.fegaris (small blind) folded before Flop
Seat 9: Dorex2007 (big blind) collected ($0.07)



PokerStars Hand #230710714638:  Hold'em No Limit ($0.01/$0.02 USD) - 2021/10/18 13:10:04 PT [2021/10/18 16:10:04 ET]
Table 'Laverna III' 9-max Seat #8 is the button
Seat 1: cuba19722 ($2.58 in chips) 
Seat 2: Tobiz89 ($2.18 in chips) 
Seat 3: Oax1 ($0.93 in chips) 
Seat 5: Admiral_Berl ($4.12 in chips) 
Seat 6: Vito1088 ($2.98 in chips) 
Seat 7: MichaZimb ($2.14 in chips) 
Seat 8: vas.fegaris ($0.69 in chips) 
Seat 9: Dorex2007 ($3.99 in chips) 
Dorex2007: posts small blind $0.01
cuba19722: posts big blind $0.02
Ajim007: sits out 
*** HOLE CARDS ***
Dealt to Dorex2007 [Jd 3c]
Tobiz89: raises $0.04 to $0.06
Oax1: folds 
Admiral_Berl: folds 
Vito1088: folds 
MichaZimb: folds 
vas.fegaris: folds 
Dorex2007: folds 
cuba19722: calls $0.04
*** FLOP *** [Ac 6c Ks]
cuba19722: checks 
Tobiz89: bets $0.10
cuba19722: calls $0.10
*** TURN *** [Ac 6c Ks] [3d]
cuba19722: checks 
Tobiz89: bets $0.18
cuba19722: calls $0.18
*** RIVER *** [Ac 6c Ks 3d] [7d]
cuba19722: checks 
Tobiz89: checks 
*** SHOW DOWN ***
cuba19722: shows [8c Tc] (high card Ace)
Tobiz89: shows [Ad Js] (a pair of Aces)
Tobiz89 collected $0.67 from pot
*** SUMMARY ***
Total pot $0.69 | Rake $0.02 
Board [Ac 6c Ks 3d 7d]
Seat 1: cuba19722 (big blind) showed [8c Tc] and lost with high card Ace
Seat 2: Tobiz89 showed [Ad Js] and won ($0.67) with a pair of Aces
Seat 3: Oax1 folded before Flop (didn't bet)
Seat 5: Admiral_Berl folded before Flop (didn't bet)
Seat 6: Vito1088 folded before Flop (didn't bet)
Seat 7: MichaZimb folded before Flop (didn't bet)
Seat 8: vas.fegaris (button) folded before Flop (didn't bet)
Seat 9: Dorex2007 (small blind) folded before Flop



PokerStars Hand #230710733946:  Hold'em No Limit ($0.01/$0.02 USD) - 2021/10/18 13:10:42 PT [2021/10/18 16:10:42 ET]
Table 'Laverna III' 9-max Seat #9 is the button
Seat 1: cuba19722 ($2.24 in chips) 
Seat 2: Tobiz89 ($2.51 in chips) 
Seat 3: Oax1 ($0.93 in chips) 
Seat 5: Admiral_Berl ($4.12 in chips) 
Seat 6: Vito1088 ($2.98 in chips) 
Seat 7: MichaZimb ($2.14 in chips) 
Seat 8: vas.fegaris ($0.69 in chips) 
Seat 9: Dorex2007 ($3.98 in chips) 
cuba19722: posts small blind $0.01
Tobiz89: posts big blind $0.02
Ajim007: sits out 
*** HOLE CARDS ***
Dealt to Dorex2007 [Th 2s]
Oax1: folds 
Admiral_Berl: raises $0.06 to $0.08
Vito1088: folds 
MichaZimb: folds 
vas.fegaris: folds 
Vito1088 leaves the table
Dorex2007: folds 
cuba19722: calls $0.07
Tobiz89: raises $0.26 to $0.34
alestilo_21 joins the table at seat #6 
Admiral_Berl: folds 
cuba19722: folds 
Uncalled bet ($0.26) returned to Tobiz89
Tobiz89 collected $0.24 from pot
Tobiz89: doesn't show hand 
*** SUMMARY ***
Total pot $0.24 | Rake $0 
Seat 1: cuba19722 (small blind) folded before Flop
Seat 2: Tobiz89 (big blind) collected ($0.24)
Seat 3: Oax1 folded before Flop (didn't bet)
Seat 5: Admiral_Berl folded before Flop
Seat 6: Vito1088 folded before Flop (didn't bet)
Seat 7: MichaZimb folded before Flop (didn't bet)
Seat 8: vas.fegaris folded before Flop (didn't bet)
Seat 9: Dorex2007 (button) folded before Flop (didn't bet)



PokerStars Hand #230710750392:  Hold'em No Limit ($0.01/$0.02 USD) - 2021/10/18 13:11:14 PT [2021/10/18 16:11:14 ET]
Table 'Laverna III' 9-max Seat #1 is the button
Seat 1: cuba19722 ($2.16 in chips) 
Seat 2: Tobiz89 ($2.67 in chips) 
Seat 3: Oax1 ($0.93 in chips) 
Seat 5: Admiral_Berl ($4.04 in chips) 
Seat 7: MichaZimb ($2.14 in chips) 
Seat 8: vas.fegaris ($0.69 in chips) 
Seat 9: Dorex2007 ($3.98 in chips) 
Tobiz89: posts small blind $0.01
Oax1: posts big blind $0.02
Ajim007: sits out 
alestilo_21: sits out 
*** HOLE CARDS ***
Dealt to Dorex2007 [Qs 7c]
Admiral_Berl: folds 
MichaZimb: folds 
vas.fegaris: folds 
Dorex2007: folds 
cuba19722: folds 
Tobiz89: raises $0.04 to $0.06
Oax1: folds 
Uncalled bet ($0.04) returned to Tobiz89
Tobiz89 collected $0.04 from pot
Tobiz89: doesn't show hand 
*** SUMMARY ***
Total pot $0.04 | Rake $0 
Seat 1: cuba19722 (button) folded before Flop (didn't bet)
Seat 2: Tobiz89 (small blind) collected ($0.04)
Seat 3: Oax1 (big blind) folded before Flop
Seat 5: Admiral_Berl folded before Flop (didn't bet)
Seat 7: MichaZimb folded before Flop (didn't bet)
Seat 8: vas.fegaris folded before Flop (didn't bet)
Seat 9: Dorex2007 folded before Flop (didn't bet)



PokerStars Hand #230710768217:  Hold'em No Limit ($0.01/$0.02 USD) - 2021/10/18 13:11:48 PT [2021/10/18 16:11:48 ET]
Table 'Laverna III' 9-max Seat #2 is the button
Seat 1: cuba19722 ($2.16 in chips) 
Seat 2: Tobiz89 ($2.69 in chips) 
Seat 3: Oax1 ($0.91 in chips) 
Seat 4: Ajim007 ($1 in chips) 
Seat 5: Admiral_Berl ($4.04 in chips) 
Seat 7: MichaZimb ($2.14 in chips) 
Seat 8: vas.fegaris ($0.69 in chips) 
Seat 9: Dorex2007 ($3.98 in chips) 
Oax1: posts small blind $0.01
Ajim007: posts big blind $0.02
alestilo_21: sits out 
*** HOLE CARDS ***
Dealt to Dorex2007 [Td 2c]
Admiral_Berl: folds 
MichaZimb: folds 
vas.fegaris: folds 
Dorex2007: folds 
cuba19722: calls $0.02
Tobiz89: folds 
Oax1: calls $0.01
Ajim007: checks 
*** FLOP *** [Kh 8s 2s]
Oax1: checks 
Ajim007: checks 
cuba19722: checks 
*** TURN *** [Kh 8s 2s] [Ac]
Oax1: checks 
Ajim007: checks 
cuba19722: checks 
*** RIVER *** [Kh 8s 2s Ac] [7h]
Oax1: checks 
Ajim007: checks 
cuba19722: checks 
*** SHOW DOWN ***
Oax1: shows [Qd 9d] (high card Ace)
Ajim007: shows [Kd 4d] (a pair of Kings)
cuba19722: mucks hand 
Ajim007 collected $0.06 from pot
*** SUMMARY ***
Total pot $0.06 | Rake $0 
Board [Kh 8s 2s Ac 7h]
Seat 1: cuba19722 mucked [4s Js]
Seat 2: Tobiz89 (button) folded before Flop (didn't bet)
Seat 3: Oax1 (small blind) showed [Qd 9d] and lost with high card Ace
Seat 4: Ajim007 (big blind) showed [Kd 4d] and won ($0.06) with a pair of Kings
Seat 5: Admiral_Berl folded before Flop (didn't bet)
Seat 7: MichaZimb folded before Flop (didn't bet)
Seat 8: vas.fegaris folded before Flop (didn't bet)
Seat 9: Dorex2007 folded before Flop (didn't bet)



PokerStars Hand #230710797632:  Hold'em No Limit ($0.01/$0.02 USD) - 2021/10/18 13:12:45 PT [2021/10/18 16:12:45 ET]
Table 'Laverna III' 9-max Seat #3 is the button
Seat 1: cuba19722 ($2.14 in chips) 
Seat 2: Tobiz89 ($2.69 in chips) 
Seat 3: Oax1 ($0.89 in chips) 
Seat 4: Ajim007 ($1.04 in chips) 
Seat 5: Admiral_Berl ($4.04 in chips) 
Seat 7: MichaZimb ($2.14 in chips) 
Seat 8: vas.fegaris ($0.69 in chips) 
Seat 9: Dorex2007 ($3.98 in chips) 
Ajim007: posts small blind $0.01
Admiral_Berl: posts big blind $0.02
alestilo_21: sits out 
*** HOLE CARDS ***
Dealt to Dorex2007 [Kd Tc]
MichaZimb: folds 
vas.fegaris: folds 
Dorex2007: calls $0.02
cuba19722: folds 
Tobiz89: folds 
Oax1: calls $0.02
Ajim007: calls $0.01
Admiral_Berl: checks 
*** FLOP *** [5d Td 2h]
Ajim007: checks 
Admiral_Berl: checks 
Dorex2007: bets $0.12
Oax1: calls $0.12
Ajim007: calls $0.12
Admiral_Berl: folds 
*** TURN *** [5d Td 2h] [9c]
Ajim007: checks 
Dorex2007: bets $3.84 and is all-in
Oax1: folds 
Ajim007: folds 
Uncalled bet ($3.84) returned to Dorex2007
Dorex2007 collected $0.42 from pot
Dorex2007: doesn't show hand 
*** SUMMARY ***
Total pot $0.44 | Rake $0.02 
Board [5d Td 2h 9c]
Seat 1: cuba19722 folded before Flop (didn't bet)
Seat 2: Tobiz89 folded before Flop (didn't bet)
Seat 3: Oax1 (button) folded on the Turn
Seat 4: Ajim007 (small blind) folded on the Turn
Seat 5: Admiral_Berl (big blind) folded on the Flop
Seat 7: MichaZimb folded before Flop (didn't bet)
Seat 8: vas.fegaris folded before Flop (didn't bet)
Seat 9: Dorex2007 collected ($0.42)



PokerStars Hand #230710847070:  Hold'em No Limit ($0.01/$0.02 USD) - 2021/10/18 13:14:22 PT [2021/10/18 16:14:22 ET]
Table 'Laverna III' 9-max Seat #4 is the button
Seat 1: cuba19722 ($2.14 in chips) 
Seat 2: Tobiz89 ($2.69 in chips) 
Seat 3: Oax1 ($0.75 in chips) 
Seat 4: Ajim007 ($0.90 in chips) 
Seat 5: Admiral_Berl ($4.02 in chips) 
Seat 6: alestilo_21 ($1 in chips) 
Seat 7: MichaZimb ($2.14 in chips) 
Seat 8: vas.fegaris ($0.69 in chips) 
Seat 9: Dorex2007 ($4.26 in chips) 
Admiral_Berl: posts small blind $0.01
alestilo_21: posts big blind $0.02
*** HOLE CARDS ***
Dealt to Dorex2007 [Kc Kd]
MichaZimb: folds 
vas.fegaris: folds 
Dorex2007: raises $0.04 to $0.06
cuba19722: calls $0.06
Tobiz89: calls $0.06
Oax1: folds 
Ajim007: calls $0.06
Admiral_Berl: folds 
alestilo_21: folds 
*** FLOP *** [Ac Qd 6d]
Dorex2007: checks 
cuba19722: checks 
Tobiz89: bets $0.20
Ajim007: raises $0.64 to $0.84 and is all-in
Dorex2007: folds 
cuba19722: folds 
Tobiz89: folds 
Uncalled bet ($0.64) returned to Ajim007
Ajim007 collected $0.65 from pot
Ajim007: doesn't show hand 
*** SUMMARY ***
Total pot $0.67 | Rake $0.02 
Board [Ac Qd 6d]
Seat 1: cuba19722 folded on the Flop
Seat 2: Tobiz89 folded on the Flop
Seat 3: Oax1 folded before Flop (didn't bet)
Seat 4: Ajim007 (button) collected ($0.65)
Seat 5: Admiral_Berl (small blind) folded before Flop
Seat 6: alestilo_21 (big blind) folded before Flop
Seat 7: MichaZimb folded before Flop (didn't bet)
Seat 8: vas.fegaris folded before Flop (didn't bet)
Seat 9: Dorex2007 folded on the Flop



PokerStars Hand #230710866611:  Hold'em No Limit ($0.01/$0.02 USD) - 2021/10/18 13:15:00 PT [2021/10/18 16:15:00 ET]
Table 'Laverna III' 9-max Seat #5 is the button
Seat 1: cuba19722 ($2.08 in chips) 
Seat 2: Tobiz89 ($2.43 in chips) 
Seat 3: Oax1 ($0.75 in chips) 
Seat 4: Ajim007 ($1.29 in chips) 
Seat 5: Admiral_Berl ($4.01 in chips) 
Seat 6: alestilo_21 ($0.98 in chips) 
Seat 7: MichaZimb ($2.14 in chips) 
Seat 8: vas.fegaris ($0.69 in chips) 
Seat 9: Dorex2007 ($4.20 in chips) 
alestilo_21: posts small blind $0.01
MichaZimb: posts big blind $0.02
*** HOLE CARDS ***
Dealt to Dorex2007 [Qc Ah]
vas.fegaris: folds 
Dorex2007: raises $0.02 to $0.04
cuba19722: calls $0.04
Tobiz89: folds 
Oax1: folds 
Ajim007: folds 
Admiral_Berl: folds 
alestilo_21: raises $0.16 to $0.20
MichaZimb: folds 
Dorex2007: folds 
cuba19722: raises $1.88 to $2.08 and is all-in
alestilo_21: calls $0.78 and is all-in
Uncalled bet ($1.10) returned to cuba19722
cuba19722 has timed out
*** FLOP *** [2s 9c 8d]
*** TURN *** [2s 9c 8d] [Qh]
*** RIVER *** [2s 9c 8d Qh] [5h]
*** SHOW DOWN ***
alestilo_21: shows [Kh Ad] (high card Ace)
cuba19722: shows [8h 8s] (three of a kind, Eights)
cuba19722 collected $1.95 from pot
*** SUMMARY ***
Total pot $2.02 | Rake $0.07 
Board [2s 9c 8d Qh 5h]
Seat 1: cuba19722 showed [8h 8s] and won ($1.95) with three of a kind, Eights
Seat 2: Tobiz89 folded before Flop (didn't bet)
Seat 3: Oax1 folded before Flop (didn't bet)
Seat 4: Ajim007 folded before Flop (didn't bet)
Seat 5: Admiral_Berl (button) folded before Flop (didn't bet)
Seat 6: alestilo_21 (small blind) showed [Kh Ad] and lost with high card Ace
Seat 7: MichaZimb (big blind) folded before Flop
Seat 8: vas.fegaris folded before Flop (didn't bet)
Seat 9: Dorex2007 folded before Flop



PokerStars Hand #230710892234:  Hold'em No Limit ($0.01/$0.02 USD) - 2021/10/18 13:15:49 PT [2021/10/18 16:15:49 ET]
Table 'Laverna III' 9-max Seat #7 is the button
Seat 1: cuba19722 ($3.05 in chips) 
Seat 2: Tobiz89 ($2.43 in chips) 
Seat 3: Oax1 ($0.75 in chips) 
Seat 4: Ajim007 ($1.29 in chips) 
Seat 5: Admiral_Berl ($4.01 in chips) 
Seat 7: MichaZimb ($2.12 in chips) 
Seat 8: vas.fegaris ($0.69 in chips) 
Seat 9: Dorex2007 ($4.16 in chips) 
vas.fegaris: posts small blind $0.01
alestilo_21 leaves the table
Dorex2007: posts big blind $0.02
*** HOLE CARDS ***
Dealt to Dorex2007 [Jd Ah]
cuba19722: folds 
Tobiz89: folds 
Oax1: folds 
Ajim007: calls $0.02
Admiral_Berl: calls $0.02
MichaZimb: folds 
vas.fegaris: folds 
Dorex2007: raises $0.14 to $0.16
Ajim007: calls $0.14
Admiral_Berl: folds 
*** FLOP *** [7c Ks Ad]
Dorex2007: bets $0.34
Ajim007: calls $0.34
*** TURN *** [7c Ks Ad] [8h]
Dorex2007: bets $0.99
Ajim007: calls $0.79 and is all-in
Uncalled bet ($0.20) returned to Dorex2007
DavidScatino joins the table at seat #6 
*** RIVER *** [7c Ks Ad 8h] [5d]
*** SHOW DOWN ***
Dorex2007: shows [Jd Ah] (a pair of Aces)
Ajim007: shows [Kh 6h] (a pair of Kings)
Dorex2007 collected $2.52 from pot
*** SUMMARY ***
Total pot $2.61 | Rake $0.09 
Board [7c Ks Ad 8h 5d]
Seat 1: cuba19722 folded before Flop (didn't bet)
Seat 2: Tobiz89 folded before Flop (didn't bet)
Seat 3: Oax1 folded before Flop (didn't bet)
Seat 4: Ajim007 showed [Kh 6h] and lost with a pair of Kings
Seat 5: Admiral_Berl folded before Flop
Seat 7: MichaZimb (button) folded before Flop (didn't bet)
Seat 8: vas.fegaris (small blind) folded before Flop
Seat 9: Dorex2007 (big blind) showed [Jd Ah] and won ($2.52) with a pair of Aces



PokerStars Hand #230710919121:  Hold'em No Limit ($0.01/$0.02 USD) - 2021/10/18 13:16:41 PT [2021/10/18 16:16:41 ET]
Table 'Laverna III' 9-max Seat #8 is the button
Seat 1: cuba19722 ($3.05 in chips) 
Seat 2: Tobiz89 ($2.43 in chips) 
Seat 3: Oax1 ($0.75 in chips) 
Seat 5: Admiral_Berl ($3.99 in chips) 
Seat 6: DavidScatino ($2 in chips) 
Seat 7: MichaZimb ($2.12 in chips) 
Seat 8: vas.fegaris ($0.68 in chips) 
Seat 9: Dorex2007 ($5.39 in chips) 
Dorex2007: posts small blind $0.01
cuba19722: posts big blind $0.02
DavidScatino: posts big blind $0.02
*** HOLE CARDS ***
Dealt to Dorex2007 [8h 7h]
Tobiz89: folds 
Oax1: folds 
Ajim007 leaves the table
Admiral_Berl: folds 
DavidScatino: checks 
MichaZimb: folds 
vas.fegaris: folds 
Dorex2007: calls $0.01
cuba19722: checks 
*** FLOP *** [7d Jh 5c]
Dorex2007: checks 
cuba19722: checks 
pekka0055 joins the table at seat #4 
DavidScatino: checks 
*** TURN *** [7d Jh 5c] [3c]
Dorex2007: checks 
cuba19722: checks 
DavidScatino: bets $0.03
Dorex2007: calls $0.03
cuba19722: calls $0.03
*** RIVER *** [7d Jh 5c 3c] [4c]
Dorex2007: checks 
cuba19722: checks 
DavidScatino: bets $0.14
Dorex2007: folds 
cuba19722: calls $0.14
*** SHOW DOWN ***
DavidScatino: shows [Kh 2h] (high card King)
cuba19722: shows [As 2c] (a straight, Ace to Five)
cuba19722 collected $0.41 from pot
*** SUMMARY ***
Total pot $0.43 | Rake $0.02 
Board [7d Jh 5c 3c 4c]
Seat 1: cuba19722 (big blind) showed [As 2c] and won ($0.41) with a straight, Ace to Five
Seat 2: Tobiz89 folded before Flop (didn't bet)
Seat 3: Oax1 folded before Flop (didn't bet)
Seat 5: Admiral_Berl folded before Flop (didn't bet)
Seat 6: DavidScatino showed [Kh 2h] and lost with high card King
Seat 7: MichaZimb folded before Flop (didn't bet)
Seat 8: vas.fegaris (button) folded before Flop (didn't bet)
Seat 9: Dorex2007 (small blind) folded on the River



PokerStars Hand #230710952454:  Hold'em No Limit ($0.01/$0.02 USD) - 2021/10/18 13:17:36 PT [2021/10/18 16:17:36 ET]
Table 'Laverna III' 9-max Seat #9 is the button
Seat 1: cuba19722 ($3.27 in chips) 
Seat 2: Tobiz89 ($2.43 in chips) 
Seat 3: Oax1 ($0.75 in chips) 
Seat 5: Admiral_Berl ($3.99 in chips) 
Seat 6: DavidScatino ($1.81 in chips) 
Seat 7: MichaZimb ($2.12 in chips) 
Seat 8: vas.fegaris ($0.68 in chips) 
Seat 9: Dorex2007 ($5.34 in chips) 
cuba19722: posts small blind $0.01
Tobiz89: posts big blind $0.02
pekka0055: sits out 
*** HOLE CARDS ***
Dealt to Dorex2007 [4s Ah]
Oax1: folds 
Admiral_Berl: folds 
DavidScatino: folds 
MichaZimb: folds 
vas.fegaris: folds 
Dorex2007: folds 
cuba19722: calls $0.01
Tobiz89: checks 
*** FLOP *** [2s 4d Qd]
cuba19722: checks 
Tobiz89: checks 
*** TURN *** [2s 4d Qd] [3d]
cuba19722: checks 
Tobiz89: checks 
*** RIVER *** [2s 4d Qd 3d] [6h]
cuba19722: checks 
Tobiz89: checks 
*** SHOW DOWN ***
cuba19722: shows [As Kh] (high card Ace)
Tobiz89: shows [9c 4c] (a pair of Fours)
Tobiz89 collected $0.04 from pot
*** SUMMARY ***
Total pot $0.04 | Rake $0 
Board [2s 4d Qd 3d 6h]
Seat 1: cuba19722 (small blind) showed [As Kh] and lost with high card Ace
Seat 2: Tobiz89 (big blind) showed [9c 4c] and won ($0.04) with a pair of Fours
Seat 3: Oax1 folded before Flop (didn't bet)
Seat 5: Admiral_Berl folded before Flop (didn't bet)
Seat 6: DavidScatino folded before Flop (didn't bet)
Seat 7: MichaZimb folded before Flop (didn't bet)
Seat 8: vas.fegaris folded before Flop (didn't bet)
Seat 9: Dorex2007 (button) folded before Flop (didn't bet)



PokerStars Hand #230710971704:  Hold'em No Limit ($0.01/$0.02 USD) - 2021/10/18 13:18:13 PT [2021/10/18 16:18:13 ET]
Table 'Laverna III' 9-max Seat #1 is the button
Seat 1: cuba19722 ($3.25 in chips) 
Seat 2: Tobiz89 ($2.45 in chips) 
Seat 3: Oax1 ($0.75 in chips) 
Seat 5: Admiral_Berl ($3.99 in chips) 
Seat 6: DavidScatino ($1.81 in chips) 
Seat 7: MichaZimb ($2.12 in chips) 
Seat 8: vas.fegaris ($0.68 in chips) 
Seat 9: Dorex2007 ($5.34 in chips) 
Tobiz89: posts small blind $0.01
Oax1: posts big blind $0.02
pekka0055: sits out 
*** HOLE CARDS ***
Dealt to Dorex2007 [7c 8s]
Admiral_Berl: calls $0.02
DavidScatino: calls $0.02
MichaZimb: folds 
vas.fegaris has timed out
vas.fegaris: folds 
Dorex2007: folds 
cuba19722: calls $0.02
Tobiz89: calls $0.01
vas.fegaris is disconnected 
Oax1: checks 
*** FLOP *** [5h Qc 3h]
Tobiz89: bets $0.08
Oax1: folds 
Admiral_Berl: calls $0.08
DavidScatino: folds 
cuba19722: calls $0.08
*** TURN *** [5h Qc 3h] [Qs]
Tobiz89: bets $0.18
Admiral_Berl: calls $0.18
cuba19722: folds 
*** RIVER *** [5h Qc 3h Qs] [Tc]
Tobiz89: checks 
Admiral_Berl: checks 
*** SHOW DOWN ***
Tobiz89: shows [Qh Jh] (three of a kind, Queens)
Admiral_Berl: mucks hand 
Tobiz89 collected $0.68 from pot
*** SUMMARY ***
Total pot $0.70 | Rake $0.02 
Board [5h Qc 3h Qs Tc]
Seat 1: cuba19722 (button) folded on the Turn
Seat 2: Tobiz89 (small blind) showed [Qh Jh] and won ($0.68) with three of a kind, Queens
Seat 3: Oax1 (big blind) folded on the Flop
Seat 5: Admiral_Berl mucked [Kc Kd]
Seat 6: DavidScatino folded on the Flop
Seat 7: MichaZimb folded before Flop (didn't bet)
Seat 8: vas.fegaris folded before Flop (didn't bet)
Seat 9: Dorex2007 folded before Flop (didn't bet)



PokerStars Hand #230711004567:  Hold'em No Limit ($0.01/$0.02 USD) - 2021/10/18 13:19:16 PT [2021/10/18 16:19:16 ET]
Table 'Laverna III' 9-max Seat #2 is the button
Seat 1: cuba19722 ($3.15 in chips) 
Seat 2: Tobiz89 ($2.85 in chips) 
Seat 3: Oax1 ($0.73 in chips) 
Seat 4: pekka0055 ($2 in chips) 
Seat 5: Admiral_Berl ($3.71 in chips) 
Seat 6: DavidScatino ($1.79 in chips) 
Seat 7: MichaZimb ($2.12 in chips) 
Seat 9: Dorex2007 ($5.34 in chips) 
Oax1: posts small blind $0.01
pekka0055: posts big blind $0.02
*** HOLE CARDS ***
Dealt to Dorex2007 [Td 4c]
Admiral_Berl: folds 
DavidScatino: folds 
MichaZimb: folds 
Dorex2007: folds 
cuba19722: calls $0.02
Tobiz89: raises $0.08 to $0.10
Oax1: folds 
pekka0055: folds 
cuba19722: calls $0.08
*** FLOP *** [2d 4h 9c]
cuba19722: checks 
Tobiz89: bets $0.17
cuba19722: calls $0.17
*** TURN *** [2d 4h 9c] [8h]
cuba19722: checks 
Tobiz89: checks 
*** RIVER *** [2d 4h 9c 8h] [As]
cuba19722: bets $0.22
Tobiz89: folds 
Uncalled bet ($0.22) returned to cuba19722
cuba19722 collected $0.55 from pot
cuba19722: doesn't show hand 
*** SUMMARY ***
Total pot $0.57 | Rake $0.02 
Board [2d 4h 9c 8h As]
Seat 1: cuba19722 collected ($0.55)
Seat 2: Tobiz89 (button) folded on the River
Seat 3: Oax1 (small blind) folded before Flop
Seat 4: pekka0055 (big blind) folded before Flop
Seat 5: Admiral_Berl folded before Flop (didn't bet)
Seat 6: DavidScatino folded before Flop (didn't bet)
Seat 7: MichaZimb folded before Flop (didn't bet)
Seat 9: Dorex2007 folded before Flop (didn't bet)



PokerStars Hand #230711039094:  Hold'em No Limit ($0.01/$0.02 USD) - 2021/10/18 13:20:23 PT [2021/10/18 16:20:23 ET]
Table 'Laverna III' 9-max Seat #3 is the button
Seat 1: cuba19722 ($3.43 in chips) 
Seat 2: Tobiz89 ($2.58 in chips) 
Seat 3: Oax1 ($0.72 in chips) 
Seat 4: pekka0055 ($1.98 in chips) 
Seat 5: Admiral_Berl ($3.71 in chips) 
Seat 6: DavidScatino ($1.79 in chips) 
Seat 7: MichaZimb ($2.12 in chips) 
Seat 8: vas.fegaris ($0.68 in chips) 
Seat 9: Dorex2007 ($5.34 in chips) 
pekka0055: posts small blind $0.01
Admiral_Berl: posts big blind $0.02
*** HOLE CARDS ***
Dealt to Dorex2007 [Th 4h]
DavidScatino: folds 
MichaZimb: raises $0.02 to $0.04
vas.fegaris: calls $0.04
Dorex2007: folds 
cuba19722: folds 
Tobiz89: folds 
Oax1: calls $0.04
pekka0055: folds 
Admiral_Berl: folds 
*** FLOP *** [2s 2h 3c]
MichaZimb: checks 
vas.fegaris: checks 
Oax1: checks 
*** TURN *** [2s 2h 3c] [7s]
MichaZimb: checks 
vas.fegaris: bets $0.06
Oax1: folds 
MichaZimb: folds 
Uncalled bet ($0.06) returned to vas.fegaris
vas.fegaris collected $0.14 from pot
vas.fegaris: doesn't show hand 
*** SUMMARY ***
Total pot $0.15 | Rake $0.01 
Board [2s 2h 3c 7s]
Seat 1: cuba19722 folded before Flop (didn't bet)
Seat 2: Tobiz89 folded before Flop (didn't bet)
Seat 3: Oax1 (button) folded on the Turn
Seat 4: pekka0055 (small blind) folded before Flop
Seat 5: Admiral_Berl (big blind) folded before Flop
Seat 6: DavidScatino folded before Flop (didn't bet)
Seat 7: MichaZimb folded on the Turn
Seat 8: vas.fegaris collected ($0.14)
Seat 9: Dorex2007 folded before Flop (didn't bet)



PokerStars Hand #230711059985:  Hold'em No Limit ($0.01/$0.02 USD) - 2021/10/18 13:21:03 PT [2021/10/18 16:21:03 ET]
Table 'Laverna III' 9-max Seat #4 is the button
Seat 1: cuba19722 ($3.43 in chips) 
Seat 2: Tobiz89 ($2.58 in chips) 
Seat 3: Oax1 ($0.68 in chips) 
Seat 4: pekka0055 ($1.97 in chips) 
Seat 5: Admiral_Berl ($3.69 in chips) 
Seat 6: DavidScatino ($1.79 in chips) 
Seat 7: MichaZimb ($2.08 in chips) 
Seat 8: vas.fegaris ($0.78 in chips) 
Seat 9: Dorex2007 ($5.34 in chips) 
Admiral_Berl: posts small blind $0.01
DavidScatino: posts big blind $0.02
*** HOLE CARDS ***
Dealt to Dorex2007 [Ts 7h]
MichaZimb: folds 
vas.fegaris: calls $0.02
Dorex2007: folds 
cuba19722: folds 
Tobiz89: folds 
Oax1: folds 
pekka0055: folds 
Admiral_Berl: folds 
DavidScatino: checks 
*** FLOP *** [3c 4c Th]
DavidScatino: checks 
vas.fegaris: bets $0.02
DavidScatino: folds 
Uncalled bet ($0.02) returned to vas.fegaris
vas.fegaris collected $0.05 from pot
vas.fegaris: doesn't show hand 
*** SUMMARY ***
Total pot $0.05 | Rake $0 
Board [3c 4c Th]
Seat 1: cuba19722 folded before Flop (didn't bet)
Seat 2: Tobiz89 folded before Flop (didn't bet)
Seat 3: Oax1 folded before Flop (didn't bet)
Seat 4: pekka0055 (button) folded before Flop (didn't bet)
Seat 5: Admiral_Berl (small blind) folded before Flop
Seat 6: DavidScatino (big blind) folded on the Flop
Seat 7: MichaZimb folded before Flop (didn't bet)
Seat 8: vas.fegaris collected ($0.05)
Seat 9: Dorex2007 folded before Flop (didn't bet)



PokerStars Hand #230711074842:  Hold'em No Limit ($0.01/$0.02 USD) - 2021/10/18 13:21:31 PT [2021/10/18 16:21:31 ET]
Table 'Laverna III' 9-max Seat #5 is the button
Seat 1: cuba19722 ($3.43 in chips) 
Seat 2: Tobiz89 ($2.58 in chips) 
Seat 3: Oax1 ($0.68 in chips) 
Seat 4: pekka0055 ($1.97 in chips) 
Seat 5: Admiral_Berl ($3.68 in chips) 
Seat 6: DavidScatino ($1.77 in chips) 
Seat 7: MichaZimb ($2.08 in chips) 
Seat 8: vas.fegaris ($0.81 in chips) 
Seat 9: Dorex2007 ($5.34 in chips) 
DavidScatino: posts small blind $0.01
MichaZimb: posts big blind $0.02
*** HOLE CARDS ***
Dealt to Dorex2007 [Jc 8s]
vas.fegaris: folds 
Dorex2007: folds 
cuba19722: folds 
Tobiz89: folds 
Oax1: folds 
pekka0055: folds 
Admiral_Berl: folds 
DavidScatino: folds 
Uncalled bet ($0.01) returned to MichaZimb
MichaZimb collected $0.02 from pot
*** SUMMARY ***
Total pot $0.02 | Rake $0 
Seat 1: cuba19722 folded before Flop (didn't bet)
Seat 2: Tobiz89 folded before Flop (didn't bet)
Seat 3: Oax1 folded before Flop (didn't bet)
Seat 4: pekka0055 folded before Flop (didn't bet)
Seat 5: Admiral_Berl (button) folded before Flop (didn't bet)
Seat 6: DavidScatino (small blind) folded before Flop
Seat 7: MichaZimb (big blind) collected ($0.02)
Seat 8: vas.fegaris folded before Flop (didn't bet)
Seat 9: Dorex2007 folded before Flop (didn't bet)



PokerStars Hand #230711081877:  Hold'em No Limit ($0.01/$0.02 USD) - 2021/10/18 13:21:45 PT [2021/10/18 16:21:45 ET]
Table 'Laverna III' 9-max Seat #6 is the button
Seat 1: cuba19722 ($3.43 in chips) 
Seat 2: Tobiz89 ($2.58 in chips) 
Seat 3: Oax1 ($0.68 in chips) 
Seat 4: pekka0055 ($1.97 in chips) 
Seat 5: Admiral_Berl ($3.68 in chips) 
Seat 6: DavidScatino ($1.76 in chips) 
Seat 7: MichaZimb ($2.09 in chips) 
Seat 8: vas.fegaris ($0.81 in chips) 
Seat 9: Dorex2007 ($5.34 in chips) 
MichaZimb: posts small blind $0.01
vas.fegaris: posts big blind $0.02
*** HOLE CARDS ***
Dealt to Dorex2007 [4c 6s]
Dorex2007: folds 
cuba19722: folds 
Tobiz89: folds 
Oax1: raises $0.02 to $0.04
pekka0055: folds 
Admiral_Berl: folds 
DavidScatino: folds 
MichaZimb: folds 
vas.fegaris: folds 
Uncalled bet ($0.02) returned to Oax1
Oax1 collected $0.05 from pot
*** SUMMARY ***
Total pot $0.05 | Rake $0 
Seat 1: cuba19722 folded before Flop (didn't bet)
Seat 2: Tobiz89 folded before Flop (didn't bet)
Seat 3: Oax1 collected ($0.05)
Seat 4: pekka0055 folded before Flop (didn't bet)
Seat 5: Admiral_Berl folded before Flop (didn't bet)
Seat 6: DavidScatino (button) folded before Flop (didn't bet)
Seat 7: MichaZimb (small blind) folded before Flop
Seat 8: vas.fegaris (big blind) folded before Flop
Seat 9: Dorex2007 folded before Flop (didn't bet)



PokerStars Hand #230711091072:  Hold'em No Limit ($0.01/$0.02 USD) - 2021/10/18 13:22:03 PT [2021/10/18 16:22:03 ET]
Table 'Laverna III' 9-max Seat #7 is the button
Seat 1: cuba19722 ($3.43 in chips) 
Seat 2: Tobiz89 ($2.58 in chips) 
Seat 3: Oax1 ($0.71 in chips) 
Seat 4: pekka0055 ($1.97 in chips) 
Seat 5: Admiral_Berl ($3.68 in chips) 
Seat 6: DavidScatino ($1.76 in chips) 
Seat 7: MichaZimb ($2.08 in chips) 
Seat 8: vas.fegaris ($0.79 in chips) 
Seat 9: Dorex2007 ($5.34 in chips) 
vas.fegaris: posts small blind $0.01
Dorex2007: posts big blind $0.02
*** HOLE CARDS ***
Dealt to Dorex2007 [Th 8d]
cuba19722: folds 
Tobiz89: folds 
Oax1: folds 
pekka0055: raises $0.04 to $0.06
Admiral_Berl: folds 
DavidScatino: folds 
MichaZimb: folds 
vas.fegaris: folds 
Dorex2007: folds 
Uncalled bet ($0.04) returned to pekka0055
pekka0055 collected $0.05 from pot
pekka0055: doesn't show hand 
*** SUMMARY ***
Total pot $0.05 | Rake $0 
Seat 1: cuba19722 folded before Flop (didn't bet)
Seat 2: Tobiz89 folded before Flop (didn't bet)
Seat 3: Oax1 folded before Flop (didn't bet)
Seat 4: pekka0055 collected ($0.05)
Seat 5: Admiral_Berl folded before Flop (didn't bet)
Seat 6: DavidScatino folded before Flop (didn't bet)
Seat 7: MichaZimb (button) folded before Flop (didn't bet)
Seat 8: vas.fegaris (small blind) folded before Flop
Seat 9: Dorex2007 (big blind) folded before Flop



PokerStars Hand #230711101819:  Hold'em No Limit ($0.01/$0.02 USD) - 2021/10/18 13:22:23 PT [2021/10/18 16:22:23 ET]
Table 'Laverna III' 9-max Seat #8 is the button
Seat 1: cuba19722 ($3.43 in chips) 
Seat 2: Tobiz89 ($2.58 in chips) 
Seat 3: Oax1 ($0.71 in chips) 
Seat 4: pekka0055 ($2 in chips) 
Seat 5: Admiral_Berl ($3.68 in chips) 
Seat 6: DavidScatino ($1.76 in chips) 
Seat 7: MichaZimb ($2.08 in chips) 
Seat 8: vas.fegaris ($0.78 in chips) 
Seat 9: Dorex2007 ($5.32 in chips) 
Dorex2007: posts small blind $0.01
cuba19722: posts big blind $0.02
*** HOLE CARDS ***
Dealt to Dorex2007 [Qc 7h]
Tobiz89: raises $0.04 to $0.06
Oax1: calls $0.06
pekka0055: folds 
Admiral_Berl: folds 
DavidScatino: calls $0.06
MichaZimb: folds 
vas.fegaris: folds 
Dorex2007: folds 
cuba19722: calls $0.04
*** FLOP *** [8d 5d Jh]
cuba19722: checks 
Tobiz89: bets $0.18
Oax1: calls $0.18
DavidScatino: calls $0.18
cuba19722: calls $0.18
*** TURN *** [8d 5d Jh] [Ah]
cuba19722: checks 
Tobiz89: bets $0.52
Oax1: calls $0.47 and is all-in
DavidScatino: calls $0.52
cuba19722: folds 
*** RIVER *** [8d 5d Jh Ah] [Ac]
Tobiz89: bets $1
DavidScatino: folds 
Uncalled bet ($1) returned to Tobiz89
*** SHOW DOWN ***
Tobiz89: shows [Ad Qd] (three of a kind, Aces)
Tobiz89 collected $0.09 from side pot
Oax1: shows [Jc Qh] (two pair, Aces and Jacks)
Tobiz89 collected $2.30 from main pot
*** SUMMARY ***
Total pot $2.48 Main pot $2.30. Side pot $0.09. | Rake $0.09 
Board [8d 5d Jh Ah Ac]
Seat 1: cuba19722 (big blind) folded on the Turn
Seat 2: Tobiz89 showed [Ad Qd] and won ($2.39) with three of a kind, Aces
Seat 3: Oax1 showed [Jc Qh] and lost with two pair, Aces and Jacks
Seat 4: pekka0055 folded before Flop (didn't bet)
Seat 5: Admiral_Berl folded before Flop (didn't bet)
Seat 6: DavidScatino folded on the River
Seat 7: MichaZimb folded before Flop (didn't bet)
Seat 8: vas.fegaris (button) folded before Flop (didn't bet)
Seat 9: Dorex2007 (small blind) folded before Flop



PokerStars Hand #230711145340:  Hold'em No Limit ($0.01/$0.02 USD) - 2021/10/18 13:23:48 PT [2021/10/18 16:23:48 ET]
Table 'Laverna III' 9-max Seat #9 is the button
Seat 1: cuba19722 ($3.19 in chips) 
Seat 2: Tobiz89 ($4.21 in chips) 
Seat 4: pekka0055 ($2 in chips) 
Seat 5: Admiral_Berl ($3.68 in chips) 
Seat 6: DavidScatino ($1 in chips) 
Seat 7: MichaZimb ($2.08 in chips) 
Seat 8: vas.fegaris ($0.78 in chips) 
Seat 9: Dorex2007 ($5.31 in chips) 
cuba19722: posts small blind $0.01
Tobiz89: posts big blind $0.02
*** HOLE CARDS ***
Dealt to Dorex2007 [8d 3s]
pekka0055: raises $0.02 to $0.04
Admiral_Berl: folds 
DavidScatino: calls $0.04
MichaZimb: folds 
vas.fegaris: calls $0.04
Dorex2007: folds 
cuba19722: calls $0.03
Tobiz89: raises $0.20 to $0.24
pekka0055: folds 
DavidScatino: calls $0.20
vas.fegaris: folds 
cuba19722: calls $0.20
*** FLOP *** [Jc 4h 7d]
cuba19722: checks 
Tobiz89: bets $0.39
DavidScatino: raises $0.37 to $0.76 and is all-in
cuba19722: folds 
Tobiz89: calls $0.37
*** TURN *** [Jc 4h 7d] [2s]
*** RIVER *** [Jc 4h 7d 2s] [Kh]
*** SHOW DOWN ***
Tobiz89: shows [Ks Kd] (three of a kind, Kings)
DavidScatino: shows [Td 9d] (high card King)
Tobiz89 collected $2.24 from pot
*** SUMMARY ***
Total pot $2.32 | Rake $0.08 
Board [Jc 4h 7d 2s Kh]
Seat 1: cuba19722 (small blind) folded on the Flop
Seat 2: Tobiz89 (big blind) showed [Ks Kd] and won ($2.24) with three of a kind, Kings
Seat 4: pekka0055 folded before Flop
Seat 5: Admiral_Berl folded before Flop (didn't bet)
Seat 6: DavidScatino showed [Td 9d] and lost with high card King
Seat 7: MichaZimb folded before Flop (didn't bet)
Seat 8: vas.fegaris folded before Flop
Seat 9: Dorex2007 (button) folded before Flop (didn't bet)



PokerStars Hand #230711172454:  Hold'em No Limit ($0.01/$0.02 USD) - 2021/10/18 13:24:40 PT [2021/10/18 16:24:40 ET]
Table 'Laverna III' 9-max Seat #1 is the button
Seat 1: cuba19722 ($2.95 in chips) 
Seat 2: Tobiz89 ($5.45 in chips) 
Seat 3: Oax1 ($1 in chips) 
Seat 4: pekka0055 ($1.96 in chips) 
Seat 5: Admiral_Berl ($3.68 in chips) 
Seat 7: MichaZimb ($2.08 in chips) 
Seat 8: vas.fegaris ($0.74 in chips) 
Seat 9: Dorex2007 ($5.31 in chips) 
Tobiz89: posts small blind $0.01
Oax1: posts big blind $0.02
*** HOLE CARDS ***
Dealt to Dorex2007 [8d 5h]
pekka0055: folds 
Admiral_Berl: folds 
DavidScatino leaves the table
MichaZimb: raises $0.02 to $0.04
kleines_svw joins the table at seat #6 
vas.fegaris: calls $0.04
Dorex2007: folds 
cuba19722: folds 
Tobiz89: folds 
Oax1: calls $0.02
*** FLOP *** [Qs 3d 7c]
Oax1: checks 
MichaZimb: checks 
vas.fegaris: checks 
*** TURN *** [Qs 3d 7c] [Qc]
Oax1: checks 
MichaZimb: checks 
vas.fegaris: bets $0.04
Oax1: folds 
MichaZimb: calls $0.04
*** RIVER *** [Qs 3d 7c Qc] [Jc]
MichaZimb: checks 
vas.fegaris: checks 
*** SHOW DOWN ***
MichaZimb: shows [Ac 6c] (a flush, Ace high)
vas.fegaris: mucks hand 
MichaZimb collected $0.20 from pot
*** SUMMARY ***
Total pot $0.21 | Rake $0.01 
Board [Qs 3d 7c Qc Jc]
Seat 1: cuba19722 (button) folded before Flop (didn't bet)
Seat 2: Tobiz89 (small blind) folded before Flop
Seat 3: Oax1 (big blind) folded on the Turn
Seat 4: pekka0055 folded before Flop (didn't bet)
Seat 5: Admiral_Berl folded before Flop (didn't bet)
Seat 7: MichaZimb showed [Ac 6c] and won ($0.20) with a flush, Ace high
Seat 8: vas.fegaris mucked [Ad Jh]
Seat 9: Dorex2007 folded before Flop (didn't bet)



PokerStars Hand #230711204352:  Hold'em No Limit ($0.01/$0.02 USD) - 2021/10/18 13:25:42 PT [2021/10/18 16:25:42 ET]
Table 'Laverna III' 9-max Seat #2 is the button
Seat 1: cuba19722 ($2.95 in chips) 
Seat 2: Tobiz89 ($5.44 in chips) 
Seat 3: Oax1 ($0.96 in chips) 
Seat 4: pekka0055 ($1.96 in chips) 
Seat 5: Admiral_Berl ($3.68 in chips) 
Seat 7: MichaZimb ($2.20 in chips) 
Seat 8: vas.fegaris ($0.66 in chips) 
Seat 9: Dorex2007 ($5.31 in chips) 
Oax1: posts small blind $0.01
pekka0055: posts big blind $0.02
kleines_svw: sits out 
*** HOLE CARDS ***
Dealt to Dorex2007 [2s 3h]
Admiral_Berl: folds 
MichaZimb: folds 
vas.fegaris: folds 
Dorex2007: folds 
cuba19722: calls $0.02
Tobiz89: raises $0.08 to $0.10
Oax1: folds 
pekka0055: folds 
cuba19722: calls $0.08
*** FLOP *** [8c Qd 4d]
cuba19722: checks 
Tobiz89: bets $0.17
cuba19722: calls $0.17
*** TURN *** [8c Qd 4d] [8s]
cuba19722: checks 
Tobiz89: checks 
*** RIVER *** [8c Qd 4d 8s] [Kd]
cuba19722: checks 
Tobiz89: bets $0.30
cuba19722: calls $0.30
*** SHOW DOWN ***
Tobiz89: shows [Ks Js] (two pair, Kings and Eights)
cuba19722: shows [Kc Ts] (two pair, Kings and Eights)
cuba19722 collected $0.57 from pot
Tobiz89 collected $0.56 from pot
*** SUMMARY ***
Total pot $1.17 | Rake $0.04 
Board [8c Qd 4d 8s Kd]
Seat 1: cuba19722 showed [Kc Ts] and won ($0.57) with two pair, Kings and Eights
Seat 2: Tobiz89 (button) showed [Ks Js] and won ($0.56) with two pair, Kings and Eights
Seat 3: Oax1 (small blind) folded before Flop
Seat 4: pekka0055 (big blind) folded before Flop
Seat 5: Admiral_Berl folded before Flop (didn't bet)
Seat 7: MichaZimb folded before Flop (didn't bet)
Seat 8: vas.fegaris folded before Flop (didn't bet)
Seat 9: Dorex2007 folded before Flop (didn't bet)



PokerStars Hand #230711235683:  Hold'em No Limit ($0.01/$0.02 USD) - 2021/10/18 13:26:43 PT [2021/10/18 16:26:43 ET]
Table 'Laverna III' 9-max Seat #3 is the button
Seat 1: cuba19722 ($2.95 in chips) 
Seat 2: Tobiz89 ($5.43 in chips) 
Seat 3: Oax1 ($0.95 in chips) 
Seat 4: pekka0055 ($1.94 in chips) 
Seat 5: Admiral_Berl ($3.68 in chips) 
Seat 7: MichaZimb ($2.20 in chips) 
Seat 8: vas.fegaris ($0.66 in chips) 
Seat 9: Dorex2007 ($5.31 in chips) 
pekka0055: posts small blind $0.01
Admiral_Berl: posts big blind $0.02
kleines_svw: sits out 
*** HOLE CARDS ***
Dealt to Dorex2007 [6c Qd]
MichaZimb: folds 
vas.fegaris: folds 
Dorex2007: folds 
cuba19722: calls $0.02
Tobiz89: folds 
Oax1: folds 
pekka0055: folds 
Admiral_Berl: checks 
*** FLOP *** [9c Ts Kc]
Admiral_Berl: checks 
cuba19722: checks 
*** TURN *** [9c Ts Kc] [7d]
Admiral_Berl: checks 
cuba19722: checks 
*** RIVER *** [9c Ts Kc 7d] [As]
Admiral_Berl: checks 
cuba19722: checks 
*** SHOW DOWN ***
Admiral_Berl: shows [3d Td] (a pair of Tens)
cuba19722: shows [9h Th] (two pair, Tens and Nines)
cuba19722 collected $0.05 from pot
*** SUMMARY ***
Total pot $0.05 | Rake $0 
Board [9c Ts Kc 7d As]
Seat 1: cuba19722 showed [9h Th] and won ($0.05) with two pair, Tens and Nines
Seat 2: Tobiz89 folded before Flop (didn't bet)
Seat 3: Oax1 (button) folded before Flop (didn't bet)
Seat 4: pekka0055 (small blind) folded before Flop
Seat 5: Admiral_Berl (big blind) showed [3d Td] and lost with a pair of Tens
Seat 7: MichaZimb folded before Flop (didn't bet)
Seat 8: vas.fegaris folded before Flop (didn't bet)
Seat 9: Dorex2007 folded before Flop (didn't bet)



PokerStars Hand #230711260349:  Hold'em No Limit ($0.01/$0.02 USD) - 2021/10/18 13:27:30 PT [2021/10/18 16:27:30 ET]
Table 'Laverna III' 9-max Seat #4 is the button
Seat 2: Tobiz89 ($5.43 in chips) 
Seat 3: Oax1 ($0.95 in chips) 
Seat 4: pekka0055 ($1.93 in chips) 
Seat 5: Admiral_Berl ($3.66 in chips) 
Seat 6: kleines_svw ($2 in chips) 
Seat 7: MichaZimb ($2.20 in chips) 
Seat 8: vas.fegaris ($0.66 in chips) 
Seat 9: Dorex2007 ($5.31 in chips) 
Admiral_Berl: posts small blind $0.01
kleines_svw: posts big blind $0.02
*** HOLE CARDS ***
Dealt to Dorex2007 [6s Th]
MichaZimb: folds 
vas.fegaris: raises $0.02 to $0.04
Dorex2007: folds 
Tobiz89: folds 
Oax1: calls $0.04
pekka0055: calls $0.04
Admiral_Berl: calls $0.03
kleines_svw: folds 
*** FLOP *** [2h Kh 2d]
Admiral_Berl: checks 
vas.fegaris: checks 
Oax1: checks 
pekka0055: bets $0.09
Admiral_Berl: folds 
vas.fegaris: folds 
Oax1: folds 
Uncalled bet ($0.09) returned to pekka0055
pekka0055 collected $0.17 from pot
pekka0055: doesn't show hand 
*** SUMMARY ***
Total pot $0.18 | Rake $0.01 
Board [2h Kh 2d]
Seat 2: Tobiz89 folded before Flop (didn't bet)
Seat 3: Oax1 folded on the Flop
Seat 4: pekka0055 (button) collected ($0.17)
Seat 5: Admiral_Berl (small blind) folded on the Flop
Seat 6: kleines_svw (big blind) folded before Flop
Seat 7: MichaZimb folded before Flop (didn't bet)
Seat 8: vas.fegaris folded on the Flop
Seat 9: Dorex2007 folded before Flop (didn't bet)



PokerStars Hand #230711287972:  Hold'em No Limit ($0.01/$0.02 USD) - 2021/10/18 13:28:24 PT [2021/10/18 16:28:24 ET]
Table 'Laverna III' 9-max Seat #5 is the button
Seat 2: Tobiz89 ($5.43 in chips) 
Seat 3: Oax1 ($0.91 in chips) 
Seat 4: pekka0055 ($2.06 in chips) 
Seat 5: Admiral_Berl ($3.62 in chips) 
Seat 6: kleines_svw ($1.98 in chips) 
Seat 7: MichaZimb ($2.20 in chips) 
Seat 8: vas.fegaris ($0.62 in chips) 
Seat 9: Dorex2007 ($5.31 in chips) 
kleines_svw: posts small blind $0.01
MichaZimb: posts big blind $0.02
*** HOLE CARDS ***
Dealt to Dorex2007 [2h 7c]
vas.fegaris: folds 
Dorex2007: folds 
Tobiz89: folds 
Oax1: folds 
pekka0055: folds 
Admiral_Berl: folds 
kleines_svw: calls $0.01
MichaZimb: checks 
*** FLOP *** [4c Ac 5h]
kleines_svw: checks 
MichaZimb: checks 
*** TURN *** [4c Ac 5h] [4d]
kleines_svw: bets $0.06
MichaZimb: folds 
Uncalled bet ($0.06) returned to kleines_svw
kleines_svw collected $0.04 from pot
kleines_svw: doesn't show hand 
*** SUMMARY ***
Total pot $0.04 | Rake $0 
Board [4c Ac 5h 4d]
Seat 2: Tobiz89 folded before Flop (didn't bet)
Seat 3: Oax1 folded before Flop (didn't bet)
Seat 4: pekka0055 folded before Flop (didn't bet)
Seat 5: Admiral_Berl (button) folded before Flop (didn't bet)
Seat 6: kleines_svw (small blind) collected ($0.04)
Seat 7: MichaZimb (big blind) folded on the Turn
Seat 8: vas.fegaris folded before Flop (didn't bet)
Seat 9: Dorex2007 folded before Flop (didn't bet)



PokerStars Hand #230711312196:  Hold'em No Limit ($0.01/$0.02 USD) - 2021/10/18 13:29:12 PT [2021/10/18 16:29:12 ET]
Table 'Laverna III' 9-max Seat #6 is the button
Seat 2: Tobiz89 ($5.43 in chips) 
Seat 3: Oax1 ($0.91 in chips) 
Seat 4: pekka0055 ($2.06 in chips) 
Seat 5: Admiral_Berl ($3.62 in chips) 
Seat 6: kleines_svw ($2 in chips) 
Seat 7: MichaZimb ($2.18 in chips) 
Seat 8: vas.fegaris ($0.62 in chips) 
Seat 9: Dorex2007 ($5.31 in chips) 
MichaZimb: posts small blind $0.01
vas.fegaris: posts big blind $0.02
*** HOLE CARDS ***
Dealt to Dorex2007 [4h Ks]
Dorex2007: folds 
Tobiz89: folds 
Oax1: folds 
pekka0055: folds 
Admiral_Berl: folds 
kleines_svw: raises $0.02 to $0.04
MichaZimb: raises $0.10 to $0.14
vas.fegaris: folds 
kleines_svw: folds 
Uncalled bet ($0.10) returned to MichaZimb
MichaZimb collected $0.10 from pot
*** SUMMARY ***
Total pot $0.10 | Rake $0 
Seat 2: Tobiz89 folded before Flop (didn't bet)
Seat 3: Oax1 folded before Flop (didn't bet)
Seat 4: pekka0055 folded before Flop (didn't bet)
Seat 5: Admiral_Berl folded before Flop (didn't bet)
Seat 6: kleines_svw (button) folded before Flop
Seat 7: MichaZimb (small blind) collected ($0.10)
Seat 8: vas.fegaris (big blind) folded before Flop
Seat 9: Dorex2007 folded before Flop (didn't bet)



PokerStars Hand #230711326092:  Hold'em No Limit ($0.01/$0.02 USD) - 2021/10/18 13:29:39 PT [2021/10/18 16:29:39 ET]
Table 'Laverna III' 9-max Seat #7 is the button
Seat 2: Tobiz89 ($5.43 in chips) 
Seat 3: Oax1 ($0.91 in chips) 
Seat 4: pekka0055 ($2.06 in chips) 
Seat 5: Admiral_Berl ($3.62 in chips) 
Seat 6: kleines_svw ($1.96 in chips) 
Seat 7: MichaZimb ($2.24 in chips) 
Seat 8: vas.fegaris ($0.60 in chips) 
Seat 9: Dorex2007 ($5.31 in chips) 
vas.fegaris: posts small blind $0.01
Dorex2007: posts big blind $0.02
*** HOLE CARDS ***
Dealt to Dorex2007 [3h 9d]
Tobiz89: folds 
Oax1: folds 
pekka0055: folds 
Admiral_Berl: folds 
kleines_svw: raises $0.05 to $0.07
MichaZimb: raises $0.17 to $0.24
vas.fegaris: folds 
Dorex2007: folds 
kleines_svw: calls $0.17
*** FLOP *** [2d Kd 7c]
kleines_svw: checks 
MichaZimb: bets $0.20
kleines_svw: folds 
Uncalled bet ($0.20) returned to MichaZimb
MichaZimb collected $0.49 from pot
*** SUMMARY ***
Total pot $0.51 | Rake $0.02 
Board [2d Kd 7c]
Seat 2: Tobiz89 folded before Flop (didn't bet)
Seat 3: Oax1 folded before Flop (didn't bet)
Seat 4: pekka0055 folded before Flop (didn't bet)
Seat 5: Admiral_Berl folded before Flop (didn't bet)
Seat 6: kleines_svw folded on the Flop
Seat 7: MichaZimb (button) collected ($0.49)
Seat 8: vas.fegaris (small blind) folded before Flop
Seat 9: Dorex2007 (big blind) folded before Flop



PokerStars Hand #230711348448:  Hold'em No Limit ($0.01/$0.02 USD) - 2021/10/18 13:30:14 PT [2021/10/18 16:30:14 ET]
Table 'Laverna III' 9-max Seat #8 is the button
Seat 2: Tobiz89 ($5.43 in chips) 
Seat 3: Oax1 ($0.91 in chips) 
Seat 4: pekka0055 ($2.06 in chips) 
Seat 5: Admiral_Berl ($3.62 in chips) 
Seat 6: kleines_svw ($1.72 in chips) 
Seat 7: MichaZimb ($2.49 in chips) 
Seat 8: vas.fegaris ($0.59 in chips) 
Seat 9: Dorex2007 ($5.29 in chips) 
Dorex2007: posts small blind $0.01
Tobiz89: posts big blind $0.02
*** HOLE CARDS ***
Dealt to Dorex2007 [As Ad]
Oax1: raises $0.02 to $0.04
pekka0055: folds 
Admiral_Berl: folds 
kleines_svw: folds 
MichaZimb: folds 
vas.fegaris: folds 
Dorex2007: raises $0.06 to $0.10
Tobiz89: folds 
Oax1: calls $0.06
*** FLOP *** [Td Jc Th]
Dorex2007: checks 
Oax1: checks 
*** TURN *** [Td Jc Th] [Jh]
Dorex2007: checks 
Oax1: checks 
*** RIVER *** [Td Jc Th Jh] [Js]
Dorex2007: bets $0.21
Oax1: calls $0.21
*** SHOW DOWN ***
Dorex2007: shows [As Ad] (a full house, Jacks full of Aces)
Oax1: mucks hand 
Dorex2007 collected $0.62 from pot
*** SUMMARY ***
Total pot $0.64 | Rake $0.02 
Board [Td Jc Th Jh Js]
Seat 2: Tobiz89 (big blind) folded before Flop
Seat 3: Oax1 mucked [Ks Qh]
Seat 4: pekka0055 folded before Flop (didn't bet)
Seat 5: Admiral_Berl folded before Flop (didn't bet)
Seat 6: kleines_svw folded before Flop (didn't bet)
Seat 7: MichaZimb folded before Flop (didn't bet)
Seat 8: vas.fegaris (button) folded before Flop (didn't bet)
Seat 9: Dorex2007 (small blind) showed [As Ad] and won ($0.62) with a full house, Jacks full of Aces



PokerStars Hand #230711379619:  Hold'em No Limit ($0.01/$0.02 USD) - 2021/10/18 13:31:15 PT [2021/10/18 16:31:15 ET]
Table 'Laverna III' 9-max Seat #9 is the button
Seat 2: Tobiz89 ($5.41 in chips) 
Seat 3: Oax1 ($0.60 in chips) 
Seat 4: pekka0055 ($2.06 in chips) 
Seat 5: Admiral_Berl ($3.62 in chips) 
Seat 6: kleines_svw ($1.72 in chips) 
Seat 7: MichaZimb ($2.49 in chips) 
Seat 8: vas.fegaris ($0.59 in chips) 
Seat 9: Dorex2007 ($5.60 in chips) 
Tobiz89: posts small blind $0.01
Oax1: posts big blind $0.02
*** HOLE CARDS ***
Dealt to Dorex2007 [Kc Jh]
pekka0055: folds 
Admiral_Berl: folds 
kleines_svw: folds 
MichaZimb: raises $0.02 to $0.04
vas.fegaris: folds 
Dorex2007: calls $0.04
Tobiz89: folds 
Oax1: calls $0.02
*** FLOP *** [4d 8c As]
Oax1: checks 
MichaZimb: checks 
Dorex2007: checks 
*** TURN *** [4d 8c As] [4h]
Oax1: checks 
MichaZimb: checks 
Dorex2007: checks 
*** RIVER *** [4d 8c As 4h] [3h]
Oax1: checks 
MichaZimb: checks 
Dorex2007: checks 
*** SHOW DOWN ***
Oax1: shows [9d 6d] (a pair of Fours)
MichaZimb: shows [3s 6s] (two pair, Fours and Threes)
Dorex2007: mucks hand 
MichaZimb collected $0.13 from pot
*** SUMMARY ***
Total pot $0.13 | Rake $0 
Board [4d 8c As 4h 3h]
Seat 2: Tobiz89 (small blind) folded before Flop
Seat 3: Oax1 (big blind) showed [9d 6d] and lost with a pair of Fours
Seat 4: pekka0055 folded before Flop (didn't bet)
Seat 5: Admiral_Berl folded before Flop (didn't bet)
Seat 6: kleines_svw folded before Flop (didn't bet)
Seat 7: MichaZimb showed [3s 6s] and won ($0.13) with two pair, Fours and Threes
Seat 8: vas.fegaris folded before Flop (didn't bet)
Seat 9: Dorex2007 (button) mucked [Kc Jh]



