PokerStars Hand #231276806389:  Hold'em No Limit ($0.01/$0.02 USD) - 2021/11/09 15:01:16 PT [2021/11/09 18:01:16 ET]
Table 'Adelaide' 9-max Seat #3 is the button
Seat 1: oblivionreX ($2 in chips) 
Seat 2: Dorex2007 ($2 in chips) 
Seat 3: Derevtsssova ($6.38 in chips) 
Seat 4: leo-kerchner ($2.07 in chips) 
Seat 5: jeff1524 ($0.63 in chips) 
Seat 6: Inc4ognito ($2 in chips) 
Seat 7: Husden ($1.51 in chips) 
Seat 8: Kupec Danila ($0.80 in chips) 
Seat 9: elhalovakr ($2 in chips) 
leo-kerchner: posts small blind $0.01
jeff1524: posts big blind $0.02
Dorex2007: posts big blind $0.02
*** HOLE CARDS ***
Dealt to Dorex2007 [8h 5h]
Inc4ognito: folds 
Husden: folds 
Kupec Danila: folds 
elhalovakr: folds 
oblivionreX: folds 
Dorex2007: checks 
Derevtsssova: raises $0.04 to $0.06
leo-kerchner: calls $0.05
jeff1524: folds 
Dorex2007: calls $0.04
*** FLOP *** [5c 3c 7s]
leo-kerchner: checks 
Dorex2007: bets $0.19
Derevtsssova: folds 
leo-kerchner: folds 
Uncalled bet ($0.19) returned to Dorex2007
Dorex2007 collected $0.19 from pot
Dorex2007: doesn't show hand 
*** SUMMARY ***
Total pot $0.20 | Rake $0.01 
Board [5c 3c 7s]
Seat 1: oblivionreX folded before Flop (didn't bet)
Seat 2: Dorex2007 collected ($0.19)
Seat 3: Derevtsssova (button) folded on the Flop
Seat 4: leo-kerchner (small blind) folded on the Flop
Seat 5: jeff1524 (big blind) folded before Flop
Seat 6: Inc4ognito folded before Flop (didn't bet)
Seat 7: Husden folded before Flop (didn't bet)
Seat 8: Kupec Danila folded before Flop (didn't bet)
Seat 9: elhalovakr folded before Flop (didn't bet)



PokerStars Hand #231276827518:  Hold'em No Limit ($0.01/$0.02 USD) - 2021/11/09 15:02:12 PT [2021/11/09 18:02:12 ET]
Table 'Adelaide' 9-max Seat #4 is the button
Seat 1: oblivionreX ($2 in chips) 
Seat 2: Dorex2007 ($2.13 in chips) 
Seat 3: Derevtsssova ($6.32 in chips) 
Seat 4: leo-kerchner ($2.01 in chips) 
Seat 5: jeff1524 ($0.61 in chips) 
Seat 6: Inc4ognito ($2 in chips) 
Seat 7: Husden ($1.51 in chips) 
Seat 8: Kupec Danila ($0.80 in chips) 
Seat 9: elhalovakr ($2 in chips) 
jeff1524: posts small blind $0.01
Inc4ognito: posts big blind $0.02
*** HOLE CARDS ***
Dealt to Dorex2007 [5d 4d]
Husden: folds 
Kupec Danila: folds 
elhalovakr: folds 
oblivionreX: folds 
Dorex2007: calls $0.02
Derevtsssova: folds 
leo-kerchner: folds 
jeff1524: folds 
Inc4ognito: checks 
*** FLOP *** [Ad Qh 2c]
Inc4ognito: checks 
Dorex2007: checks 
*** TURN *** [Ad Qh 2c] [Ac]
Inc4ognito: bets $0.02
Dorex2007: folds 
Uncalled bet ($0.02) returned to Inc4ognito
Inc4ognito collected $0.05 from pot
Inc4ognito: doesn't show hand 
*** SUMMARY ***
Total pot $0.05 | Rake $0 
Board [Ad Qh 2c Ac]
Seat 1: oblivionreX folded before Flop (didn't bet)
Seat 2: Dorex2007 folded on the Turn
Seat 3: Derevtsssova folded before Flop (didn't bet)
Seat 4: leo-kerchner (button) folded before Flop (didn't bet)
Seat 5: jeff1524 (small blind) folded before Flop
Seat 6: Inc4ognito (big blind) collected ($0.05)
Seat 7: Husden folded before Flop (didn't bet)
Seat 8: Kupec Danila folded before Flop (didn't bet)
Seat 9: elhalovakr folded before Flop (didn't bet)



PokerStars Hand #231276849836:  Hold'em No Limit ($0.01/$0.02 USD) - 2021/11/09 15:03:09 PT [2021/11/09 18:03:09 ET]
Table 'Adelaide' 9-max Seat #5 is the button
Seat 1: oblivionreX ($2 in chips) 
Seat 2: Dorex2007 ($2.11 in chips) 
Seat 3: Derevtsssova ($6.32 in chips) 
Seat 4: leo-kerchner ($2.01 in chips) 
Seat 5: jeff1524 ($0.60 in chips) 
Seat 6: Inc4ognito ($2.03 in chips) 
Seat 7: Husden ($1.51 in chips) 
Seat 8: Kupec Danila ($0.80 in chips) 
Seat 9: elhalovakr ($2 in chips) 
Inc4ognito: posts small blind $0.01
Husden: posts big blind $0.02
*** HOLE CARDS ***
Dealt to Dorex2007 [8d Kh]
Kupec Danila: raises $0.04 to $0.06
elhalovakr: folds 
oblivionreX: folds 
Dorex2007: folds 
Derevtsssova: calls $0.06
leo-kerchner: calls $0.06
jeff1524: folds 
Inc4ognito: folds 
Husden: folds 
*** FLOP *** [Ad Kd 6s]
Kupec Danila: bets $0.07
Derevtsssova: calls $0.07
leo-kerchner: folds 
*** TURN *** [Ad Kd 6s] [9d]
Kupec Danila: checks 
Derevtsssova: checks 
*** RIVER *** [Ad Kd 6s 9d] [3c]
Kupec Danila: checks 
Derevtsssova: checks 
*** SHOW DOWN ***
Kupec Danila: shows [Js Td] (high card Ace)
Derevtsssova: shows [Th Kc] (a pair of Kings)
Derevtsssova collected $0.34 from pot
*** SUMMARY ***
Total pot $0.35 | Rake $0.01 
Board [Ad Kd 6s 9d 3c]
Seat 1: oblivionreX folded before Flop (didn't bet)
Seat 2: Dorex2007 folded before Flop (didn't bet)
Seat 3: Derevtsssova showed [Th Kc] and won ($0.34) with a pair of Kings
Seat 4: leo-kerchner folded on the Flop
Seat 5: jeff1524 (button) folded before Flop (didn't bet)
Seat 6: Inc4ognito (small blind) folded before Flop
Seat 7: Husden (big blind) folded before Flop
Seat 8: Kupec Danila showed [Js Td] and lost with high card Ace
Seat 9: elhalovakr folded before Flop (didn't bet)



PokerStars Hand #231276868658:  Hold'em No Limit ($0.01/$0.02 USD) - 2021/11/09 15:03:58 PT [2021/11/09 18:03:58 ET]
Table 'Adelaide' 9-max Seat #6 is the button
Seat 1: oblivionreX ($2 in chips) 
Seat 2: Dorex2007 ($2.11 in chips) 
Seat 3: Derevtsssova ($6.53 in chips) 
Seat 4: leo-kerchner ($1.95 in chips) 
Seat 5: jeff1524 ($0.60 in chips) 
Seat 6: Inc4ognito ($2.02 in chips) 
Seat 7: Husden ($1.49 in chips) 
Seat 8: Kupec Danila ($0.80 in chips) 
Seat 9: elhalovakr ($2 in chips) 
Husden: posts small blind $0.01
Kupec Danila: posts big blind $0.02
*** HOLE CARDS ***
Dealt to Dorex2007 [4h Qh]
elhalovakr: folds 
oblivionreX: folds 
Dorex2007: folds 
Derevtsssova: folds 
leo-kerchner: folds 
jeff1524: raises $0.02 to $0.04
Inc4ognito: folds 
Husden: calls $0.03
Kupec Danila: calls $0.02
*** FLOP *** [Jc Ks 3d]
Husden: checks 
Kupec Danila: checks 
jeff1524: bets $0.04
Husden: folds 
Kupec Danila: calls $0.04
*** TURN *** [Jc Ks 3d] [Kc]
Kupec Danila: checks 
jeff1524: bets $0.06
Kupec Danila: folds 
Uncalled bet ($0.06) returned to jeff1524
jeff1524 collected $0.19 from pot
*** SUMMARY ***
Total pot $0.20 | Rake $0.01 
Board [Jc Ks 3d Kc]
Seat 1: oblivionreX folded before Flop (didn't bet)
Seat 2: Dorex2007 folded before Flop (didn't bet)
Seat 3: Derevtsssova folded before Flop (didn't bet)
Seat 4: leo-kerchner folded before Flop (didn't bet)
Seat 5: jeff1524 collected ($0.19)
Seat 6: Inc4ognito (button) folded before Flop (didn't bet)
Seat 7: Husden (small blind) folded on the Flop
Seat 8: Kupec Danila (big blind) folded on the Turn
Seat 9: elhalovakr folded before Flop (didn't bet)



PokerStars Hand #231276895803:  Hold'em No Limit ($0.01/$0.02 USD) - 2021/11/09 15:05:07 PT [2021/11/09 18:05:07 ET]
Table 'Adelaide' 9-max Seat #7 is the button
Seat 1: oblivionreX ($2 in chips) 
Seat 2: Dorex2007 ($2.11 in chips) 
Seat 3: Derevtsssova ($6.53 in chips) 
Seat 4: leo-kerchner ($1.95 in chips) 
Seat 5: jeff1524 ($0.71 in chips) 
Seat 6: Inc4ognito ($2.02 in chips) 
Seat 7: Husden ($1.45 in chips) 
Seat 8: Kupec Danila ($0.80 in chips) 
Seat 9: elhalovakr ($2 in chips) 
Kupec Danila: posts small blind $0.01
elhalovakr: posts big blind $0.02
*** HOLE CARDS ***
Dealt to Dorex2007 [6s 5d]
oblivionreX: folds 
Dorex2007: folds 
Derevtsssova: folds 
leo-kerchner: folds 
jeff1524: folds 
Inc4ognito: folds 
Husden: folds 
Kupec Danila: folds 
Uncalled bet ($0.01) returned to elhalovakr
elhalovakr collected $0.02 from pot
*** SUMMARY ***
Total pot $0.02 | Rake $0 
Seat 1: oblivionreX folded before Flop (didn't bet)
Seat 2: Dorex2007 folded before Flop (didn't bet)
Seat 3: Derevtsssova folded before Flop (didn't bet)
Seat 4: leo-kerchner folded before Flop (didn't bet)
Seat 5: jeff1524 folded before Flop (didn't bet)
Seat 6: Inc4ognito folded before Flop (didn't bet)
Seat 7: Husden (button) folded before Flop (didn't bet)
Seat 8: Kupec Danila (small blind) folded before Flop
Seat 9: elhalovakr (big blind) collected ($0.02)



PokerStars Hand #231276904541:  Hold'em No Limit ($0.01/$0.02 USD) - 2021/11/09 15:05:29 PT [2021/11/09 18:05:29 ET]
Table 'Adelaide' 9-max Seat #8 is the button
Seat 1: oblivionreX ($2 in chips) 
Seat 2: Dorex2007 ($2.11 in chips) 
Seat 3: Derevtsssova ($6.53 in chips) 
Seat 4: leo-kerchner ($1.95 in chips) 
Seat 5: jeff1524 ($0.71 in chips) 
Seat 6: Inc4ognito ($2.02 in chips) 
Seat 7: Husden ($1.45 in chips) 
Seat 8: Kupec Danila ($0.80 in chips) 
Seat 9: elhalovakr ($2.01 in chips) 
elhalovakr: posts small blind $0.01
oblivionreX: posts big blind $0.02
*** HOLE CARDS ***
Dealt to Dorex2007 [7h Ac]
Dorex2007: folds 
Derevtsssova: folds 
leo-kerchner: folds 
jeff1524: folds 
Inc4ognito: folds 
Husden: folds 
Kupec Danila: raises $0.04 to $0.06
elhalovakr: folds 
oblivionreX: calls $0.04
*** FLOP *** [3c 5d 3h]
oblivionreX: checks 
Kupec Danila: bets $0.04
oblivionreX: folds 
Uncalled bet ($0.04) returned to Kupec Danila
Kupec Danila collected $0.13 from pot
*** SUMMARY ***
Total pot $0.13 | Rake $0 
Board [3c 5d 3h]
Seat 1: oblivionreX (big blind) folded on the Flop
Seat 2: Dorex2007 folded before Flop (didn't bet)
Seat 3: Derevtsssova folded before Flop (didn't bet)
Seat 4: leo-kerchner folded before Flop (didn't bet)
Seat 5: jeff1524 folded before Flop (didn't bet)
Seat 6: Inc4ognito folded before Flop (didn't bet)
Seat 7: Husden folded before Flop (didn't bet)
Seat 8: Kupec Danila (button) collected ($0.13)
Seat 9: elhalovakr (small blind) folded before Flop



PokerStars Hand #231276917478:  Hold'em No Limit ($0.01/$0.02 USD) - 2021/11/09 15:06:03 PT [2021/11/09 18:06:03 ET]
Table 'Adelaide' 9-max Seat #9 is the button
Seat 1: oblivionreX ($1.94 in chips) 
Seat 2: Dorex2007 ($2.11 in chips) 
Seat 3: Derevtsssova ($6.53 in chips) 
Seat 4: leo-kerchner ($1.95 in chips) 
Seat 5: jeff1524 ($0.71 in chips) 
Seat 6: Inc4ognito ($2.02 in chips) 
Seat 7: Husden ($1.45 in chips) 
Seat 8: Kupec Danila ($0.87 in chips) 
Seat 9: elhalovakr ($2 in chips) 
oblivionreX: posts small blind $0.01
Dorex2007: posts big blind $0.02
*** HOLE CARDS ***
Dealt to Dorex2007 [Td 2d]
Derevtsssova: raises $0.04 to $0.06
leo-kerchner: folds 
jeff1524: folds 
Inc4ognito: folds 
Husden: folds 
Kupec Danila: calls $0.06
elhalovakr: folds 
oblivionreX: folds 
Dorex2007: folds 
*** FLOP *** [5s 7s Th]
Derevtsssova: checks 
Kupec Danila: bets $0.14
Derevtsssova: calls $0.14
*** TURN *** [5s 7s Th] [3d]
Derevtsssova: checks 
Kupec Danila: bets $0.67 and is all-in
Derevtsssova: folds 
Uncalled bet ($0.67) returned to Kupec Danila
Kupec Danila collected $0.41 from pot
*** SUMMARY ***
Total pot $0.43 | Rake $0.02 
Board [5s 7s Th 3d]
Seat 1: oblivionreX (small blind) folded before Flop
Seat 2: Dorex2007 (big blind) folded before Flop
Seat 3: Derevtsssova folded on the Turn
Seat 4: leo-kerchner folded before Flop (didn't bet)
Seat 5: jeff1524 folded before Flop (didn't bet)
Seat 6: Inc4ognito folded before Flop (didn't bet)
Seat 7: Husden folded before Flop (didn't bet)
Seat 8: Kupec Danila collected ($0.41)
Seat 9: elhalovakr (button) folded before Flop (didn't bet)



PokerStars Hand #231276934480:  Hold'em No Limit ($0.01/$0.02 USD) - 2021/11/09 15:06:47 PT [2021/11/09 18:06:47 ET]
Table 'Adelaide' 9-max Seat #1 is the button
Seat 1: oblivionreX ($2 in chips) 
Seat 2: Dorex2007 ($2.09 in chips) 
Seat 3: Derevtsssova ($6.33 in chips) 
Seat 4: leo-kerchner ($1.95 in chips) 
Seat 5: jeff1524 ($0.71 in chips) 
Seat 6: Inc4ognito ($2.02 in chips) 
Seat 7: Husden ($1.45 in chips) 
Seat 8: Kupec Danila ($1.08 in chips) 
Seat 9: elhalovakr ($2 in chips) 
Dorex2007: posts small blind $0.01
Derevtsssova: posts big blind $0.02
*** HOLE CARDS ***
Dealt to Dorex2007 [9d 7s]
leo-kerchner: folds 
jeff1524: folds 
Inc4ognito: folds 
Husden: folds 
Kupec Danila: raises $0.04 to $0.06
elhalovakr: folds 
oblivionreX: folds 
Dorex2007: folds 
Derevtsssova: folds 
Uncalled bet ($0.04) returned to Kupec Danila
Kupec Danila collected $0.05 from pot
*** SUMMARY ***
Total pot $0.05 | Rake $0 
Seat 1: oblivionreX (button) folded before Flop (didn't bet)
Seat 2: Dorex2007 (small blind) folded before Flop
Seat 3: Derevtsssova (big blind) folded before Flop
Seat 4: leo-kerchner folded before Flop (didn't bet)
Seat 5: jeff1524 folded before Flop (didn't bet)
Seat 6: Inc4ognito folded before Flop (didn't bet)
Seat 7: Husden folded before Flop (didn't bet)
Seat 8: Kupec Danila collected ($0.05)
Seat 9: elhalovakr folded before Flop (didn't bet)



PokerStars Hand #231276943646:  Hold'em No Limit ($0.01/$0.02 USD) - 2021/11/09 15:07:10 PT [2021/11/09 18:07:10 ET]
Table 'Adelaide' 9-max Seat #2 is the button
Seat 1: oblivionreX ($2 in chips) 
Seat 2: Dorex2007 ($2.08 in chips) 
Seat 3: Derevtsssova ($6.31 in chips) 
Seat 4: leo-kerchner ($1.95 in chips) 
Seat 5: jeff1524 ($0.71 in chips) 
Seat 6: Inc4ognito ($2.02 in chips) 
Seat 7: Husden ($1.45 in chips) 
Seat 8: Kupec Danila ($1.11 in chips) 
Seat 9: elhalovakr ($2 in chips) 
Derevtsssova: posts small blind $0.01
leo-kerchner: posts big blind $0.02
*** HOLE CARDS ***
Dealt to Dorex2007 [4s Tc]
jeff1524: raises $0.02 to $0.04
Inc4ognito: folds 
Husden: folds 
Kupec Danila: folds 
elhalovakr: folds 
oblivionreX: folds 
Dorex2007: folds 
Derevtsssova: folds 
leo-kerchner: calls $0.02
*** FLOP *** [3s 5h 4h]
leo-kerchner: checks 
jeff1524: bets $0.04
leo-kerchner: calls $0.04
*** TURN *** [3s 5h 4h] [8h]
leo-kerchner: checks 
jeff1524: bets $0.10
leo-kerchner: calls $0.10
*** RIVER *** [3s 5h 4h 8h] [9d]
leo-kerchner: checks 
jeff1524: bets $0.18
leo-kerchner: calls $0.18
*** SHOW DOWN ***
jeff1524: shows [Jh Ah] (a flush, Ace high)
leo-kerchner: mucks hand 
jeff1524 collected $0.70 from pot
*** SUMMARY ***
Total pot $0.73 | Rake $0.03 
Board [3s 5h 4h 8h 9d]
Seat 1: oblivionreX folded before Flop (didn't bet)
Seat 2: Dorex2007 (button) folded before Flop (didn't bet)
Seat 3: Derevtsssova (small blind) folded before Flop
Seat 4: leo-kerchner (big blind) mucked [5s 6d]
Seat 5: jeff1524 showed [Jh Ah] and won ($0.70) with a flush, Ace high
Seat 6: Inc4ognito folded before Flop (didn't bet)
Seat 7: Husden folded before Flop (didn't bet)
Seat 8: Kupec Danila folded before Flop (didn't bet)
Seat 9: elhalovakr folded before Flop (didn't bet)



PokerStars Hand #231276975532:  Hold'em No Limit ($0.01/$0.02 USD) - 2021/11/09 15:08:33 PT [2021/11/09 18:08:33 ET]
Table 'Adelaide' 9-max Seat #3 is the button
Seat 1: oblivionreX ($2 in chips) 
Seat 2: Dorex2007 ($2.08 in chips) 
Seat 3: Derevtsssova ($6.30 in chips) 
Seat 4: leo-kerchner ($1.59 in chips) 
Seat 5: jeff1524 ($1.05 in chips) 
Seat 6: Inc4ognito ($2.02 in chips) 
Seat 7: Husden ($1.45 in chips) 
Seat 8: Kupec Danila ($1.11 in chips) 
Seat 9: elhalovakr ($2 in chips) 
leo-kerchner: posts small blind $0.01
jeff1524: posts big blind $0.02
*** HOLE CARDS ***
Dealt to Dorex2007 [4h Ah]
Inc4ognito: raises $0.04 to $0.06
Husden: folds 
Kupec Danila: folds 
elhalovakr: calls $0.06
oblivionreX: folds 
Dorex2007: folds 
Derevtsssova: calls $0.06
leo-kerchner: folds 
jeff1524: calls $0.04
*** FLOP *** [6h Kd 5c]
jeff1524: checks 
Inc4ognito: checks 
elhalovakr: checks 
Derevtsssova: checks 
*** TURN *** [6h Kd 5c] [Qs]
jeff1524: checks 
Inc4ognito: checks 
elhalovakr: checks 
Derevtsssova: bets $0.12
jeff1524: folds 
Inc4ognito: calls $0.12
elhalovakr: folds 
*** RIVER *** [6h Kd 5c Qs] [Ad]
Inc4ognito: bets $0.14
Derevtsssova: folds 
Uncalled bet ($0.14) returned to Inc4ognito
Inc4ognito collected $0.47 from pot
Inc4ognito: doesn't show hand 
*** SUMMARY ***
Total pot $0.49 | Rake $0.02 
Board [6h Kd 5c Qs Ad]
Seat 1: oblivionreX folded before Flop (didn't bet)
Seat 2: Dorex2007 folded before Flop (didn't bet)
Seat 3: Derevtsssova (button) folded on the River
Seat 4: leo-kerchner (small blind) folded before Flop
Seat 5: jeff1524 (big blind) folded on the Turn
Seat 6: Inc4ognito collected ($0.47)
Seat 7: Husden folded before Flop (didn't bet)
Seat 8: Kupec Danila folded before Flop (didn't bet)
Seat 9: elhalovakr folded on the Turn



PokerStars Hand #231277013926:  Hold'em No Limit ($0.01/$0.02 USD) - 2021/11/09 15:10:11 PT [2021/11/09 18:10:11 ET]
Table 'Adelaide' 9-max Seat #4 is the button
Seat 1: oblivionreX ($2 in chips) 
Seat 2: Dorex2007 ($2.08 in chips) 
Seat 3: Derevtsssova ($6.12 in chips) 
Seat 4: leo-kerchner ($1.58 in chips) 
Seat 5: jeff1524 ($0.99 in chips) 
Seat 6: Inc4ognito ($2.31 in chips) 
Seat 7: Husden ($1.45 in chips) 
Seat 8: Kupec Danila ($1.11 in chips) 
Seat 9: elhalovakr ($1.94 in chips) 
jeff1524: posts small blind $0.01
Inc4ognito: posts big blind $0.02
*** HOLE CARDS ***
Dealt to Dorex2007 [8s 5c]
Husden: folds 
Kupec Danila: folds 
elhalovakr: folds 
oblivionreX: folds 
Dorex2007: folds 
Derevtsssova: folds 
leo-kerchner: folds 
jeff1524: raises $0.02 to $0.04
Inc4ognito: calls $0.02
*** FLOP *** [6c Jc 6h]
jeff1524: bets $0.04
Inc4ognito: calls $0.04
*** TURN *** [6c Jc 6h] [Kh]
leo-kerchner leaves the table
jeff1524: checks 
Inc4ognito: checks 
*** RIVER *** [6c Jc 6h Kh] [4h]
jeff1524: checks 
Inc4ognito: bets $0.06
jeff1524: folds 
Uncalled bet ($0.06) returned to Inc4ognito
Inc4ognito collected $0.15 from pot
Inc4ognito: doesn't show hand 
*** SUMMARY ***
Total pot $0.16 | Rake $0.01 
Board [6c Jc 6h Kh 4h]
Seat 1: oblivionreX folded before Flop (didn't bet)
Seat 2: Dorex2007 folded before Flop (didn't bet)
Seat 3: Derevtsssova folded before Flop (didn't bet)
Seat 4: leo-kerchner (button) folded before Flop (didn't bet)
Seat 5: jeff1524 (small blind) folded on the River
Seat 6: Inc4ognito (big blind) collected ($0.15)
Seat 7: Husden folded before Flop (didn't bet)
Seat 8: Kupec Danila folded before Flop (didn't bet)
Seat 9: elhalovakr folded before Flop (didn't bet)



PokerStars Hand #231277054965:  Hold'em No Limit ($0.01/$0.02 USD) - 2021/11/09 15:11:36 PT [2021/11/09 18:11:36 ET]
Table 'Adelaide' 9-max Seat #5 is the button
Seat 1: oblivionreX ($2 in chips) 
Seat 2: Dorex2007 ($2.08 in chips) 
Seat 3: Derevtsssova ($6.12 in chips) 
Seat 5: jeff1524 ($0.91 in chips) 
Seat 6: Inc4ognito ($2.38 in chips) 
Seat 8: Kupec Danila ($1.11 in chips) 
Seat 9: elhalovakr ($1.94 in chips) 
Inc4ognito: posts small blind $0.01
Husden: is sitting out 
Kupec Danila: posts big blind $0.02
*** HOLE CARDS ***
Dealt to Dorex2007 [3c Jd]
elhalovakr: folds 
oblivionreX: raises $0.04 to $0.06
Dorex2007: folds 
Derevtsssova: folds 
jeff1524: calls $0.06
Inc4ognito: folds 
Kupec Danila: folds 
*** FLOP *** [5s 2s Ad]
oblivionreX: bets $0.06
jeff1524: calls $0.06
*** TURN *** [5s 2s Ad] [Js]
oblivionreX: checks 
Husden leaves the table
jeff1524: bets $0.08
oblivionreX: folds 
Uncalled bet ($0.08) returned to jeff1524
jeff1524 collected $0.26 from pot
*** SUMMARY ***
Total pot $0.27 | Rake $0.01 
Board [5s 2s Ad Js]
Seat 1: oblivionreX folded on the Turn
Seat 2: Dorex2007 folded before Flop (didn't bet)
Seat 3: Derevtsssova folded before Flop (didn't bet)
Seat 5: jeff1524 (button) collected ($0.26)
Seat 6: Inc4ognito (small blind) folded before Flop
Seat 8: Kupec Danila (big blind) folded before Flop
Seat 9: elhalovakr folded before Flop (didn't bet)



PokerStars Hand #231277074551:  Hold'em No Limit ($0.01/$0.02 USD) - 2021/11/09 15:12:27 PT [2021/11/09 18:12:27 ET]
Table 'Adelaide' 9-max Seat #6 is the button
Seat 1: oblivionreX ($1.88 in chips) 
Seat 2: Dorex2007 ($2.08 in chips) 
Seat 3: Derevtsssova ($6.12 in chips) 
Seat 5: jeff1524 ($1.05 in chips) 
Seat 6: Inc4ognito ($2.37 in chips) 
Seat 8: Kupec Danila ($1.09 in chips) 
Seat 9: elhalovakr ($1.94 in chips) 
Kupec Danila: posts small blind $0.01
elhalovakr: posts big blind $0.02
*** HOLE CARDS ***
Dealt to Dorex2007 [3d Ad]
oblivionreX: folds 
Dorex2007: calls $0.02
Derevtsssova: folds 
jeff1524: folds 
Inc4ognito: folds 
Kupec Danila: calls $0.01
elhalovakr: checks 
*** FLOP *** [Qs Jh 5h]
Kupec Danila: checks 
elhalovakr: checks 
Dorex2007: checks 
*** TURN *** [Qs Jh 5h] [4c]
Kupec Danila: checks 
elhalovakr: checks 
Dorex2007: checks 
*** RIVER *** [Qs Jh 5h 4c] [Tc]
Kupec Danila: checks 
elhalovakr: checks 
Dorex2007: checks 
*** SHOW DOWN ***
Kupec Danila: shows [Ks 2d] (high card King)
elhalovakr: mucks hand 
Dorex2007: shows [3d Ad] (high card Ace)
Dorex2007 collected $0.06 from pot
*** SUMMARY ***
Total pot $0.06 | Rake $0 
Board [Qs Jh 5h 4c Tc]
Seat 1: oblivionreX folded before Flop (didn't bet)
Seat 2: Dorex2007 showed [3d Ad] and won ($0.06) with high card Ace
Seat 3: Derevtsssova folded before Flop (didn't bet)
Seat 5: jeff1524 folded before Flop (didn't bet)
Seat 6: Inc4ognito (button) folded before Flop (didn't bet)
Seat 8: Kupec Danila (small blind) showed [Ks 2d] and lost with high card King
Seat 9: elhalovakr (big blind) mucked [9d 3c]



PokerStars Hand #231277091935:  Hold'em No Limit ($0.01/$0.02 USD) - 2021/11/09 15:13:12 PT [2021/11/09 18:13:12 ET]
Table 'Adelaide' 9-max Seat #8 is the button
Seat 1: oblivionreX ($2 in chips) 
Seat 2: Dorex2007 ($2.12 in chips) 
Seat 3: Derevtsssova ($6.12 in chips) 
Seat 5: jeff1524 ($1.05 in chips) 
Seat 6: Inc4ognito ($2.37 in chips) 
Seat 8: Kupec Danila ($1.07 in chips) 
Seat 9: elhalovakr ($2 in chips) 
elhalovakr: posts small blind $0.01
oblivionreX: posts big blind $0.02
*** HOLE CARDS ***
Dealt to Dorex2007 [4d 8c]
Dorex2007: folds 
Derevtsssova: raises $0.04 to $0.06
jeff1524: folds 
Inc4ognito: calls $0.06
Kupec Danila: calls $0.06
elhalovakr: folds 
oblivionreX: folds 
*** FLOP *** [Jh 9c 9s]
Derevtsssova: checks 
Inc4ognito: checks 
Kupec Danila: checks 
*** TURN *** [Jh 9c 9s] [2s]
Derevtsssova: bets $0.10
Inc4ognito: folds 
Kupec Danila: folds 
Uncalled bet ($0.10) returned to Derevtsssova
Derevtsssova collected $0.20 from pot
Derevtsssova: doesn't show hand 
*** SUMMARY ***
Total pot $0.21 | Rake $0.01 
Board [Jh 9c 9s 2s]
Seat 1: oblivionreX (big blind) folded before Flop
Seat 2: Dorex2007 folded before Flop (didn't bet)
Seat 3: Derevtsssova collected ($0.20)
Seat 5: jeff1524 folded before Flop (didn't bet)
Seat 6: Inc4ognito folded on the Turn
Seat 8: Kupec Danila (button) folded on the Turn
Seat 9: elhalovakr (small blind) folded before Flop



PokerStars Hand #231277113793:  Hold'em No Limit ($0.01/$0.02 USD) - 2021/11/09 15:14:10 PT [2021/11/09 18:14:10 ET]
Table 'Adelaide' 9-max Seat #9 is the button
Seat 1: oblivionreX ($1.98 in chips) 
Seat 2: Dorex2007 ($2.12 in chips) 
Seat 3: Derevtsssova ($6.26 in chips) 
Seat 5: jeff1524 ($1.05 in chips) 
Seat 6: Inc4ognito ($2.31 in chips) 
Seat 8: Kupec Danila ($1.01 in chips) 
Seat 9: elhalovakr ($2 in chips) 
oblivionreX: posts small blind $0.01
Dorex2007: posts big blind $0.02
*** HOLE CARDS ***
Dealt to Dorex2007 [Ah 2h]
Derevtsssova: folds 
jeff1524: folds 
Inc4ognito: folds 
Kupec Danila: folds 
elhalovakr: folds 
oblivionreX: calls $0.01
Dorex2007: checks 
*** FLOP *** [6d 8s Qs]
oblivionreX: checks 
Dorex2007: checks 
*** TURN *** [6d 8s Qs] [2d]
oblivionreX: checks 
Dorex2007: checks 
*** RIVER *** [6d 8s Qs 2d] [Kc]
oblivionreX: checks 
Dorex2007: checks 
*** SHOW DOWN ***
oblivionreX: shows [9c 7h] (high card King)
Dorex2007: shows [Ah 2h] (a pair of Deuces)
Dorex2007 collected $0.04 from pot
*** SUMMARY ***
Total pot $0.04 | Rake $0 
Board [6d 8s Qs 2d Kc]
Seat 1: oblivionreX (small blind) showed [9c 7h] and lost with high card King
Seat 2: Dorex2007 (big blind) showed [Ah 2h] and won ($0.04) with a pair of Deuces
Seat 3: Derevtsssova folded before Flop (didn't bet)
Seat 5: jeff1524 folded before Flop (didn't bet)
Seat 6: Inc4ognito folded before Flop (didn't bet)
Seat 8: Kupec Danila folded before Flop (didn't bet)
Seat 9: elhalovakr (button) folded before Flop (didn't bet)



PokerStars Hand #231277128247:  Hold'em No Limit ($0.01/$0.02 USD) - 2021/11/09 15:14:48 PT [2021/11/09 18:14:48 ET]
Table 'Adelaide' 9-max Seat #1 is the button
Seat 1: oblivionreX ($1.96 in chips) 
Seat 2: Dorex2007 ($2.14 in chips) 
Seat 3: Derevtsssova ($6.26 in chips) 
Seat 5: jeff1524 ($1.05 in chips) 
Seat 6: Inc4ognito ($2.31 in chips) 
Seat 8: Kupec Danila ($1.01 in chips) 
Seat 9: elhalovakr ($2 in chips) 
Dorex2007: posts small blind $0.01
Derevtsssova: posts big blind $0.02
*** HOLE CARDS ***
Dealt to Dorex2007 [8c 3d]
jeff1524: folds 
Inc4ognito: folds 
Kupec Danila has timed out
Kupec Danila: folds 
elhalovakr: folds 
oblivionreX: raises $0.04 to $0.06
Dorex2007: folds 
Derevtsssova: raises $6.20 to $6.26 and is all-in
oblivionreX: folds 
Uncalled bet ($6.20) returned to Derevtsssova
Derevtsssova collected $0.13 from pot
Derevtsssova: doesn't show hand 
*** SUMMARY ***
Total pot $0.13 | Rake $0 
Seat 1: oblivionreX (button) folded before Flop
Seat 2: Dorex2007 (small blind) folded before Flop
Seat 3: Derevtsssova (big blind) collected ($0.13)
Seat 5: jeff1524 folded before Flop (didn't bet)
Seat 6: Inc4ognito folded before Flop (didn't bet)
Seat 8: Kupec Danila folded before Flop (didn't bet)
Seat 9: elhalovakr folded before Flop (didn't bet)



PokerStars Hand #231277148394:  Hold'em No Limit ($0.01/$0.02 USD) - 2021/11/09 15:15:17 PT [2021/11/09 18:15:17 ET]
Table 'Adelaide' 9-max Seat #2 is the button
Seat 1: oblivionreX ($1.90 in chips) 
Seat 2: Dorex2007 ($2.13 in chips) 
Seat 3: Derevtsssova ($6.33 in chips) 
Seat 5: jeff1524 ($1.05 in chips) 
Seat 6: Inc4ognito ($2.31 in chips) 
Seat 8: Kupec Danila ($1.01 in chips) 
Seat 9: elhalovakr ($2 in chips) 
Derevtsssova: posts small blind $0.01
jeff1524: posts big blind $0.02
*** HOLE CARDS ***
Dealt to Dorex2007 [7s Td]
Inc4ognito: folds 
Kupec Danila: raises $0.04 to $0.06
elhalovakr: folds 
oblivionreX: folds 
Dorex2007: folds 
Derevtsssova: folds 
jeff1524: calls $0.04
*** FLOP *** [9d 6d 2h]
jeff1524: checks 
Kupec Danila: bets $0.04
jeff1524: folds 
Uncalled bet ($0.04) returned to Kupec Danila
Kupec Danila collected $0.13 from pot
*** SUMMARY ***
Total pot $0.13 | Rake $0 
Board [9d 6d 2h]
Seat 1: oblivionreX folded before Flop (didn't bet)
Seat 2: Dorex2007 (button) folded before Flop (didn't bet)
Seat 3: Derevtsssova (small blind) folded before Flop
Seat 5: jeff1524 (big blind) folded on the Flop
Seat 6: Inc4ognito folded before Flop (didn't bet)
Seat 8: Kupec Danila collected ($0.13)
Seat 9: elhalovakr folded before Flop (didn't bet)



PokerStars Hand #231277163821:  Hold'em No Limit ($0.01/$0.02 USD) - 2021/11/09 15:15:57 PT [2021/11/09 18:15:57 ET]
Table 'Adelaide' 9-max Seat #3 is the button
Seat 1: oblivionreX ($2 in chips) 
Seat 2: Dorex2007 ($2.13 in chips) 
Seat 3: Derevtsssova ($6.32 in chips) 
Seat 5: jeff1524 ($0.99 in chips) 
Seat 6: Inc4ognito ($2.31 in chips) 
Seat 8: Kupec Danila ($1.08 in chips) 
Seat 9: elhalovakr ($2 in chips) 
jeff1524: posts small blind $0.01
Inc4ognito: posts big blind $0.02
*** HOLE CARDS ***
Dealt to Dorex2007 [Jh 3d]
Kupec Danila: folds 
elhalovakr: raises $0.04 to $0.06
oblivionreX: folds 
Dorex2007: folds 
Derevtsssova: folds 
jeff1524: folds 
Inc4ognito: folds 
Uncalled bet ($0.04) returned to elhalovakr
elhalovakr collected $0.05 from pot
*** SUMMARY ***
Total pot $0.05 | Rake $0 
Seat 1: oblivionreX folded before Flop (didn't bet)
Seat 2: Dorex2007 folded before Flop (didn't bet)
Seat 3: Derevtsssova (button) folded before Flop (didn't bet)
Seat 5: jeff1524 (small blind) folded before Flop
Seat 6: Inc4ognito (big blind) folded before Flop
Seat 8: Kupec Danila folded before Flop (didn't bet)
Seat 9: elhalovakr collected ($0.05)



PokerStars Hand #231277172090:  Hold'em No Limit ($0.01/$0.02 USD) - 2021/11/09 15:16:19 PT [2021/11/09 18:16:19 ET]
Table 'Adelaide' 9-max Seat #5 is the button
Seat 1: oblivionreX ($2 in chips) 
Seat 2: Dorex2007 ($2.13 in chips) 
Seat 3: Derevtsssova ($6.32 in chips) 
Seat 5: jeff1524 ($0.98 in chips) 
Seat 6: Inc4ognito ($2.29 in chips) 
Seat 8: Kupec Danila ($1.08 in chips) 
Seat 9: elhalovakr ($2.03 in chips) 
Inc4ognito: posts small blind $0.01
Kupec Danila: posts big blind $0.02
*** HOLE CARDS ***
Dealt to Dorex2007 [2c Kh]
elhalovakr: folds 
oblivionreX: folds 
Dorex2007: folds 
Derevtsssova: folds 
jeff1524 has timed out
jeff1524: folds 
Inc4ognito: folds 
Uncalled bet ($0.01) returned to Kupec Danila
Kupec Danila collected $0.02 from pot
*** SUMMARY ***
Total pot $0.02 | Rake $0 
Seat 1: oblivionreX folded before Flop (didn't bet)
Seat 2: Dorex2007 folded before Flop (didn't bet)
Seat 3: Derevtsssova folded before Flop (didn't bet)
Seat 5: jeff1524 (button) folded before Flop (didn't bet)
Seat 6: Inc4ognito (small blind) folded before Flop
Seat 8: Kupec Danila (big blind) collected ($0.02)
Seat 9: elhalovakr folded before Flop (didn't bet)



PokerStars Hand #231277181130:  Hold'em No Limit ($0.01/$0.02 USD) - 2021/11/09 15:16:42 PT [2021/11/09 18:16:42 ET]
Table 'Adelaide' 9-max Seat #6 is the button
Seat 1: oblivionreX ($2 in chips) 
Seat 2: Dorex2007 ($2.13 in chips) 
Seat 3: Derevtsssova ($6.32 in chips) 
Seat 6: Inc4ognito ($2.28 in chips) 
Seat 8: Kupec Danila ($1.09 in chips) 
Kupec Danila: posts small blind $0.01
elhalovakr: is sitting out 
oblivionreX: posts big blind $0.02
*** HOLE CARDS ***
Dealt to Dorex2007 [As Qs]
Dorex2007: raises $0.04 to $0.06
Derevtsssova: folds 
Inc4ognito: folds 
Kupec Danila: folds 
oblivionreX: calls $0.04
*** FLOP *** [8s 7c 2s]
oblivionreX: checks 
IldeRider01 joins the table at seat #4 
Dorex2007: bets $0.13
wesker555 joins the table at seat #7 
oblivionreX: folds 
Uncalled bet ($0.13) returned to Dorex2007
Dorex2007 collected $0.13 from pot
Dorex2007: doesn't show hand 
*** SUMMARY ***
Total pot $0.13 | Rake $0 
Board [8s 7c 2s]
Seat 1: oblivionreX (big blind) folded on the Flop
Seat 2: Dorex2007 collected ($0.13)
Seat 3: Derevtsssova folded before Flop (didn't bet)
Seat 6: Inc4ognito (button) folded before Flop (didn't bet)
Seat 8: Kupec Danila (small blind) folded before Flop



PokerStars Hand #231277190618:  Hold'em No Limit ($0.01/$0.02 USD) - 2021/11/09 15:17:08 PT [2021/11/09 18:17:08 ET]
Table 'Adelaide' 9-max Seat #8 is the button
Seat 1: oblivionreX ($1.94 in chips) 
Seat 2: Dorex2007 ($2.20 in chips) 
Seat 3: Derevtsssova ($6.32 in chips) 
Seat 4: IldeRider01 ($2 in chips) 
Seat 5: jeff1524 ($0.98 in chips) 
Seat 6: Inc4ognito ($2.28 in chips) 
Seat 8: Kupec Danila ($1.08 in chips) 
oblivionreX: posts small blind $0.01
Dorex2007: posts big blind $0.02
IldeRider01: posts big blind $0.02
wesker555: sits out 
*** HOLE CARDS ***
Dealt to Dorex2007 [3s 2d]
Derevtsssova: folds 
IldeRider01: checks 
jeff1524: folds 
Inc4ognito: folds 
Kupec Danila: calls $0.02
oblivionreX: folds 
Dorex2007: checks 
*** FLOP *** [8h As 5s]
Dorex2007: checks 
IldeRider01: checks 
Kupec Danila: checks 
*** TURN *** [8h As 5s] [Kc]
Dorex2007: checks 
IldeRider01: bets $0.07
Kupec Danila: folds 
Dorex2007: folds 
Uncalled bet ($0.07) returned to IldeRider01
IldeRider01 collected $0.07 from pot
IldeRider01: doesn't show hand 
*** SUMMARY ***
Total pot $0.07 | Rake $0 
Board [8h As 5s Kc]
Seat 1: oblivionreX (small blind) folded before Flop
Seat 2: Dorex2007 (big blind) folded on the Turn
Seat 3: Derevtsssova folded before Flop (didn't bet)
Seat 4: IldeRider01 collected ($0.07)
Seat 5: jeff1524 folded before Flop (didn't bet)
Seat 6: Inc4ognito folded before Flop (didn't bet)
Seat 8: Kupec Danila (button) folded on the Turn



PokerStars Hand #231277205663:  Hold'em No Limit ($0.01/$0.02 USD) - 2021/11/09 15:17:47 PT [2021/11/09 18:17:47 ET]
Table 'Adelaide' 9-max Seat #1 is the button
Seat 1: oblivionreX ($1.93 in chips) 
Seat 2: Dorex2007 ($2.18 in chips) 
Seat 3: Derevtsssova ($6.32 in chips) 
Seat 4: IldeRider01 ($2.05 in chips) 
Seat 5: jeff1524 ($0.98 in chips) 
Seat 6: Inc4ognito ($2.28 in chips) 
Seat 8: Kupec Danila ($1.06 in chips) 
Dorex2007: posts small blind $0.01
Derevtsssova: posts big blind $0.02
wesker555: sits out 
*** HOLE CARDS ***
Dealt to Dorex2007 [8s 8d]
IldeRider01: folds 
jeff1524: folds 
Inc4ognito: folds 
Kupec Danila: folds 
oblivionreX: raises $0.04 to $0.06
Dorex2007: raises $0.12 to $0.18
Derevtsssova: folds 
oblivionreX: folds 
Uncalled bet ($0.12) returned to Dorex2007
Dorex2007 collected $0.14 from pot
Dorex2007: doesn't show hand 
*** SUMMARY ***
Total pot $0.14 | Rake $0 
Seat 1: oblivionreX (button) folded before Flop
Seat 2: Dorex2007 (small blind) collected ($0.14)
Seat 3: Derevtsssova (big blind) folded before Flop
Seat 4: IldeRider01 folded before Flop (didn't bet)
Seat 5: jeff1524 folded before Flop (didn't bet)
Seat 6: Inc4ognito folded before Flop (didn't bet)
Seat 8: Kupec Danila folded before Flop (didn't bet)



PokerStars Hand #231277215988:  Hold'em No Limit ($0.01/$0.02 USD) - 2021/11/09 15:18:15 PT [2021/11/09 18:18:15 ET]
Table 'Adelaide' 9-max Seat #2 is the button
Seat 1: oblivionreX ($1.87 in chips) 
Seat 2: Dorex2007 ($2.26 in chips) 
Seat 3: Derevtsssova ($6.30 in chips) 
Seat 4: IldeRider01 ($2.05 in chips) 
Seat 5: jeff1524 ($0.98 in chips) 
Seat 6: Inc4ognito ($2.28 in chips) 
Seat 8: Kupec Danila ($1.06 in chips) 
Derevtsssova: posts small blind $0.01
IldeRider01: posts big blind $0.02
wesker555: sits out 
*** HOLE CARDS ***
Dealt to Dorex2007 [Jc Kd]
elhalovakr leaves the table
jeff1524: folds 
yjqian23 joins the table at seat #9 
Inc4ognito: folds 
Kupec Danila: folds 
oblivionreX: folds 
Dorex2007: raises $0.04 to $0.06
Derevtsssova: calls $0.05
IldeRider01: calls $0.04
*** FLOP *** [2d 7d Ks]
Derevtsssova: checks 
IldeRider01: checks 
Dorex2007: bets $0.22
Derevtsssova: folds 
IldeRider01: folds 
Uncalled bet ($0.22) returned to Dorex2007
Dorex2007 collected $0.17 from pot
Dorex2007: doesn't show hand 
*** SUMMARY ***
Total pot $0.18 | Rake $0.01 
Board [2d 7d Ks]
Seat 1: oblivionreX folded before Flop (didn't bet)
Seat 2: Dorex2007 (button) collected ($0.17)
Seat 3: Derevtsssova (small blind) folded on the Flop
Seat 4: IldeRider01 (big blind) folded on the Flop
Seat 5: jeff1524 folded before Flop (didn't bet)
Seat 6: Inc4ognito folded before Flop (didn't bet)
Seat 8: Kupec Danila folded before Flop (didn't bet)



PokerStars Hand #231277232463:  Hold'em No Limit ($0.01/$0.02 USD) - 2021/11/09 15:18:59 PT [2021/11/09 18:18:59 ET]
Table 'Adelaide' 9-max Seat #3 is the button
Seat 1: oblivionreX ($2 in chips) 
Seat 2: Dorex2007 ($2.37 in chips) 
Seat 3: Derevtsssova ($6.24 in chips) 
Seat 4: IldeRider01 ($1.99 in chips) 
Seat 5: jeff1524 ($0.98 in chips) 
Seat 6: Inc4ognito ($2.28 in chips) 
Seat 8: Kupec Danila ($1.06 in chips) 
Seat 9: yjqian23 ($2 in chips) 
IldeRider01: posts small blind $0.01
jeff1524: posts big blind $0.02
wesker555: sits out 
yjqian23: posts big blind $0.02
*** HOLE CARDS ***
Dealt to Dorex2007 [5d 3s]
Inc4ognito: folds 
Kupec Danila: folds 
yjqian23: checks 
oblivionreX: folds 
Dorex2007: folds 
Derevtsssova: raises $0.05 to $0.07
IldeRider01: folds 
jeff1524: folds 
yjqian23: folds 
Uncalled bet ($0.05) returned to Derevtsssova
Derevtsssova collected $0.07 from pot
Derevtsssova: doesn't show hand 
*** SUMMARY ***
Total pot $0.07 | Rake $0 
Seat 1: oblivionreX folded before Flop (didn't bet)
Seat 2: Dorex2007 folded before Flop (didn't bet)
Seat 3: Derevtsssova (button) collected ($0.07)
Seat 4: IldeRider01 (small blind) folded before Flop
Seat 5: jeff1524 (big blind) folded before Flop
Seat 6: Inc4ognito folded before Flop (didn't bet)
Seat 8: Kupec Danila folded before Flop (didn't bet)
Seat 9: yjqian23 folded before Flop (didn't bet)



PokerStars Hand #231277243566:  Hold'em No Limit ($0.01/$0.02 USD) - 2021/11/09 15:19:29 PT [2021/11/09 18:19:29 ET]
Table 'Adelaide' 9-max Seat #4 is the button
Seat 1: oblivionreX ($2 in chips) 
Seat 2: Dorex2007 ($2.37 in chips) 
Seat 3: Derevtsssova ($6.29 in chips) 
Seat 4: IldeRider01 ($1.98 in chips) 
Seat 5: jeff1524 ($0.96 in chips) 
Seat 6: Inc4ognito ($2.28 in chips) 
Seat 8: Kupec Danila ($1.06 in chips) 
Seat 9: yjqian23 ($1.98 in chips) 
jeff1524: posts small blind $0.01
Inc4ognito: posts big blind $0.02
wesker555: sits out 
*** HOLE CARDS ***
Dealt to Dorex2007 [7s 7d]
Kupec Danila: folds 
yjqian23: folds 
oblivionreX: folds 
Dorex2007: calls $0.02
Derevtsssova: calls $0.02
IldeRider01: raises $0.02 to $0.04
jeff1524: folds 
Inc4ognito: folds 
Dorex2007: calls $0.02
Derevtsssova: calls $0.02
*** FLOP *** [8c 6d 8s]
Dorex2007: checks 
Derevtsssova: checks 
IldeRider01: checks 
*** TURN *** [8c 6d 8s] [9s]
Dorex2007: bets $0.14
Derevtsssova: calls $0.14
IldeRider01: calls $0.14
*** RIVER *** [8c 6d 8s 9s] [6c]
Dorex2007: checks 
Derevtsssova: checks 
IldeRider01: checks 
*** SHOW DOWN ***
Dorex2007: shows [7s 7d] (two pair, Eights and Sevens)
Derevtsssova: mucks hand 
IldeRider01: mucks hand 
Dorex2007 collected $0.55 from pot
*** SUMMARY ***
Total pot $0.57 | Rake $0.02 
Board [8c 6d 8s 9s 6c]
Seat 1: oblivionreX folded before Flop (didn't bet)
Seat 2: Dorex2007 showed [7s 7d] and won ($0.55) with two pair, Eights and Sevens
Seat 3: Derevtsssova mucked [Ad 7h]
Seat 4: IldeRider01 (button) mucked [5h 5s]
Seat 5: jeff1524 (small blind) folded before Flop
Seat 6: Inc4ognito (big blind) folded before Flop
Seat 8: Kupec Danila folded before Flop (didn't bet)
Seat 9: yjqian23 folded before Flop (didn't bet)



PokerStars Hand #231277269992:  Hold'em No Limit ($0.01/$0.02 USD) - 2021/11/09 15:20:40 PT [2021/11/09 18:20:40 ET]
Table 'Adelaide' 9-max Seat #5 is the button
Seat 1: oblivionreX ($2 in chips) 
Seat 2: Dorex2007 ($2.74 in chips) 
Seat 3: Derevtsssova ($6.11 in chips) 
Seat 4: IldeRider01 ($1.80 in chips) 
Seat 5: jeff1524 ($0.95 in chips) 
Seat 6: Inc4ognito ($2.26 in chips) 
Seat 7: wesker555 ($0.80 in chips) 
Seat 8: Kupec Danila ($1.06 in chips) 
Seat 9: yjqian23 ($1.98 in chips) 
Inc4ognito: posts small blind $0.01
wesker555: posts big blind $0.02
*** HOLE CARDS ***
Dealt to Dorex2007 [As 5d]
Kupec Danila: folds 
yjqian23: folds 
oblivionreX has timed out
oblivionreX: folds 
Dorex2007: folds 
Derevtsssova: folds 
IldeRider01: folds 
jeff1524: raises $0.02 to $0.04
Inc4ognito: calls $0.03
wesker555: folds 
*** FLOP *** [6d 5s 4h]
Inc4ognito: checks 
jeff1524: bets $0.04
Inc4ognito: calls $0.04
*** TURN *** [6d 5s 4h] [Qd]
Inc4ognito: checks 
jeff1524: checks 
*** RIVER *** [6d 5s 4h Qd] [8d]
Inc4ognito: checks 
jeff1524: bets $0.10
Inc4ognito: folds 
Uncalled bet ($0.10) returned to jeff1524
jeff1524 collected $0.17 from pot
*** SUMMARY ***
Total pot $0.18 | Rake $0.01 
Board [6d 5s 4h Qd 8d]
Seat 1: oblivionreX folded before Flop (didn't bet)
Seat 2: Dorex2007 folded before Flop (didn't bet)
Seat 3: Derevtsssova folded before Flop (didn't bet)
Seat 4: IldeRider01 folded before Flop (didn't bet)
Seat 5: jeff1524 (button) collected ($0.17)
Seat 6: Inc4ognito (small blind) folded on the River
Seat 7: wesker555 (big blind) folded before Flop
Seat 8: Kupec Danila folded before Flop (didn't bet)
Seat 9: yjqian23 folded before Flop (didn't bet)



PokerStars Hand #231277303395:  Hold'em No Limit ($0.01/$0.02 USD) - 2021/11/09 15:22:10 PT [2021/11/09 18:22:10 ET]
Table 'Adelaide' 9-max Seat #6 is the button
Seat 1: oblivionreX ($2 in chips) 
Seat 2: Dorex2007 ($2.74 in chips) 
Seat 3: Derevtsssova ($6.11 in chips) 
Seat 4: IldeRider01 ($2 in chips) 
Seat 5: jeff1524 ($1.04 in chips) 
Seat 6: Inc4ognito ($2.18 in chips) 
Seat 7: wesker555 ($0.78 in chips) 
Seat 8: Kupec Danila ($1.06 in chips) 
Seat 9: yjqian23 ($1.98 in chips) 
wesker555: posts small blind $0.01
Kupec Danila: posts big blind $0.02
*** HOLE CARDS ***
Dealt to Dorex2007 [Kd 2h]
yjqian23: calls $0.02
IldeRider01 is disconnected 
oblivionreX: folds 
Dorex2007: folds 
Derevtsssova: raises $0.07 to $0.09
IldeRider01: folds 
jeff1524: folds 
Inc4ognito: folds 
wesker555: folds 
Kupec Danila: folds 
yjqian23: folds 
Uncalled bet ($0.07) returned to Derevtsssova
Derevtsssova collected $0.07 from pot
Derevtsssova: doesn't show hand 
*** SUMMARY ***
Total pot $0.07 | Rake $0 
Seat 1: oblivionreX folded before Flop (didn't bet)
Seat 2: Dorex2007 folded before Flop (didn't bet)
Seat 3: Derevtsssova collected ($0.07)
Seat 4: IldeRider01 folded before Flop (didn't bet)
Seat 5: jeff1524 folded before Flop (didn't bet)
Seat 6: Inc4ognito (button) folded before Flop (didn't bet)
Seat 7: wesker555 (small blind) folded before Flop
Seat 8: Kupec Danila (big blind) folded before Flop
Seat 9: yjqian23 folded before Flop



PokerStars Hand #231277314826:  Hold'em No Limit ($0.01/$0.02 USD) - 2021/11/09 15:22:41 PT [2021/11/09 18:22:41 ET]
Table 'Adelaide' 9-max Seat #7 is the button
Seat 1: oblivionreX ($2 in chips) 
Seat 2: Dorex2007 ($2.74 in chips) 
Seat 3: Derevtsssova ($6.16 in chips) 
Seat 4: IldeRider01 ($2 in chips) 
Seat 5: jeff1524 ($1.04 in chips) 
Seat 6: Inc4ognito ($2.18 in chips) 
Seat 7: wesker555 ($0.77 in chips) 
Seat 8: Kupec Danila ($1.04 in chips) 
Seat 9: yjqian23 ($1.96 in chips) 
Kupec Danila: posts small blind $0.01
yjqian23: posts big blind $0.02
*** HOLE CARDS ***
Dealt to Dorex2007 [Ac 6h]
oblivionreX: folds 
Dorex2007: folds 
Derevtsssova: folds 
IldeRider01: folds 
jeff1524: folds 
Inc4ognito: folds 
wesker555: calls $0.02
Kupec Danila: raises $0.06 to $0.08
yjqian23: folds 
wesker555: calls $0.06
*** FLOP *** [5d 4s Td]
Kupec Danila: bets $0.06
wesker555: calls $0.06
*** TURN *** [5d 4s Td] [7c]
Kupec Danila: checks 
wesker555: bets $0.20
Kupec Danila: calls $0.20
*** RIVER *** [5d 4s Td 7c] [Qh]
Kupec Danila: checks 
wesker555: checks 
*** SHOW DOWN ***
Kupec Danila: shows [5s Ah] (a pair of Fives)
wesker555: shows [Kd 7d] (a pair of Sevens)
wesker555 collected $0.68 from pot
*** SUMMARY ***
Total pot $0.70 | Rake $0.02 
Board [5d 4s Td 7c Qh]
Seat 1: oblivionreX folded before Flop (didn't bet)
Seat 2: Dorex2007 folded before Flop (didn't bet)
Seat 3: Derevtsssova folded before Flop (didn't bet)
Seat 4: IldeRider01 folded before Flop (didn't bet)
Seat 5: jeff1524 folded before Flop (didn't bet)
Seat 6: Inc4ognito folded before Flop (didn't bet)
Seat 7: wesker555 (button) showed [Kd 7d] and won ($0.68) with a pair of Sevens
Seat 8: Kupec Danila (small blind) showed [5s Ah] and lost with a pair of Fives
Seat 9: yjqian23 (big blind) folded before Flop



PokerStars Hand #231277336804:  Hold'em No Limit ($0.01/$0.02 USD) - 2021/11/09 15:23:41 PT [2021/11/09 18:23:41 ET]
Table 'Adelaide' 9-max Seat #8 is the button
Seat 1: oblivionreX ($2 in chips) 
Seat 2: Dorex2007 ($2.74 in chips) 
Seat 3: Derevtsssova ($6.16 in chips) 
Seat 4: IldeRider01 ($2 in chips) 
Seat 5: jeff1524 ($1.04 in chips) 
Seat 6: Inc4ognito ($2.18 in chips) 
Seat 7: wesker555 ($1.11 in chips) 
Seat 8: Kupec Danila ($0.80 in chips) 
Seat 9: yjqian23 ($1.94 in chips) 
yjqian23: posts small blind $0.01
oblivionreX: posts big blind $0.02
*** HOLE CARDS ***
Dealt to Dorex2007 [Kc 8h]
Dorex2007: folds 
Derevtsssova: folds 
IldeRider01: folds 
jeff1524: raises $0.02 to $0.04
Inc4ognito: folds 
wesker555: folds 
Kupec Danila: calls $0.04
yjqian23: calls $0.03
oblivionreX: folds 
*** FLOP *** [2h 5c 9c]
yjqian23: checks 
jeff1524: checks 
Kupec Danila: bets $0.76 and is all-in
yjqian23: folds 
jeff1524: folds 
Uncalled bet ($0.76) returned to Kupec Danila
Kupec Danila collected $0.14 from pot
*** SUMMARY ***
Total pot $0.14 | Rake $0 
Board [2h 5c 9c]
Seat 1: oblivionreX (big blind) folded before Flop
Seat 2: Dorex2007 folded before Flop (didn't bet)
Seat 3: Derevtsssova folded before Flop (didn't bet)
Seat 4: IldeRider01 folded before Flop (didn't bet)
Seat 5: jeff1524 folded on the Flop
Seat 6: Inc4ognito folded before Flop (didn't bet)
Seat 7: wesker555 folded before Flop (didn't bet)
Seat 8: Kupec Danila (button) collected ($0.14)
Seat 9: yjqian23 (small blind) folded on the Flop



PokerStars Hand #231277354817:  Hold'em No Limit ($0.01/$0.02 USD) - 2021/11/09 15:24:30 PT [2021/11/09 18:24:30 ET]
Table 'Adelaide' 9-max Seat #9 is the button
Seat 1: oblivionreX ($1.98 in chips) 
Seat 2: Dorex2007 ($2.74 in chips) 
Seat 3: Derevtsssova ($6.16 in chips) 
Seat 4: IldeRider01 ($2 in chips) 
Seat 5: jeff1524 ($1 in chips) 
Seat 6: Inc4ognito ($2.18 in chips) 
Seat 7: wesker555 ($1.11 in chips) 
Seat 8: Kupec Danila ($0.90 in chips) 
Seat 9: yjqian23 ($1.90 in chips) 
oblivionreX: posts small blind $0.01
Dorex2007: posts big blind $0.02
*** HOLE CARDS ***
Dealt to Dorex2007 [2h Ac]
Derevtsssova: folds 
IldeRider01: folds 
jeff1524: raises $0.02 to $0.04
Inc4ognito: folds 
wesker555: folds 
Kupec Danila: folds 
yjqian23: folds 
oblivionreX: folds 
Dorex2007: folds 
Uncalled bet ($0.02) returned to jeff1524
jeff1524 collected $0.05 from pot
*** SUMMARY ***
Total pot $0.05 | Rake $0 
Seat 1: oblivionreX (small blind) folded before Flop
Seat 2: Dorex2007 (big blind) folded before Flop
Seat 3: Derevtsssova folded before Flop (didn't bet)
Seat 4: IldeRider01 folded before Flop (didn't bet)
Seat 5: jeff1524 collected ($0.05)
Seat 6: Inc4ognito folded before Flop (didn't bet)
Seat 7: wesker555 folded before Flop (didn't bet)
Seat 8: Kupec Danila folded before Flop (didn't bet)
Seat 9: yjqian23 (button) folded before Flop (didn't bet)



PokerStars Hand #231277361615:  Hold'em No Limit ($0.01/$0.02 USD) - 2021/11/09 15:24:48 PT [2021/11/09 18:24:48 ET]
Table 'Adelaide' 9-max Seat #1 is the button
Seat 1: oblivionreX ($1.97 in chips) 
Seat 2: Dorex2007 ($2.72 in chips) 
Seat 3: Derevtsssova ($6.16 in chips) 
Seat 4: IldeRider01 ($2 in chips) 
Seat 5: jeff1524 ($1.03 in chips) 
Seat 6: Inc4ognito ($2.18 in chips) 
Seat 7: wesker555 ($1.11 in chips) 
Seat 8: Kupec Danila ($0.90 in chips) 
Seat 9: yjqian23 ($1.90 in chips) 
Dorex2007: posts small blind $0.01
Derevtsssova: posts big blind $0.02
*** HOLE CARDS ***
Dealt to Dorex2007 [7h 4d]
IldeRider01 has timed out
IldeRider01: folds 
jeff1524: folds 
Inc4ognito: folds 
wesker555: calls $0.02
Kupec Danila: folds 
yjqian23: calls $0.02
oblivionreX: folds 
Dorex2007: folds 
Derevtsssova: checks 
*** FLOP *** [8d 8c Tc]
Derevtsssova: checks 
wesker555: checks 
yjqian23: bets $0.02
Derevtsssova: folds 
wesker555: calls $0.02
*** TURN *** [8d 8c Tc] [4c]
wesker555: checks 
yjqian23: bets $0.11
wesker555: calls $0.11
*** RIVER *** [8d 8c Tc 4c] [Qh]
wesker555: checks 
yjqian23: bets $0.02
wesker555: raises $0.04 to $0.06
yjqian23: raises $0.94 to $1
wesker555: calls $0.90 and is all-in
Uncalled bet ($0.04) returned to yjqian23
*** SHOW DOWN ***
yjqian23: shows [9c Ac] (a flush, Ace high)
wesker555: shows [8h Jd] (three of a kind, Eights)
yjqian23 collected $2.17 from pot
*** SUMMARY ***
Total pot $2.25 | Rake $0.08 
Board [8d 8c Tc 4c Qh]
Seat 1: oblivionreX (button) folded before Flop (didn't bet)
Seat 2: Dorex2007 (small blind) folded before Flop
Seat 3: Derevtsssova (big blind) folded on the Flop
Seat 4: IldeRider01 folded before Flop (didn't bet)
Seat 5: jeff1524 folded before Flop (didn't bet)
Seat 6: Inc4ognito folded before Flop (didn't bet)
Seat 7: wesker555 showed [8h Jd] and lost with three of a kind, Eights
Seat 8: Kupec Danila folded before Flop (didn't bet)
Seat 9: yjqian23 showed [9c Ac] and won ($2.17) with a flush, Ace high



PokerStars Hand #231277386220:  Hold'em No Limit ($0.01/$0.02 USD) - 2021/11/09 15:25:54 PT [2021/11/09 18:25:54 ET]
Table 'Adelaide' 9-max Seat #2 is the button
Seat 1: oblivionreX ($1.97 in chips) 
Seat 2: Dorex2007 ($2.71 in chips) 
Seat 3: Derevtsssova ($6.14 in chips) 
Seat 4: IldeRider01 ($2 in chips) 
Seat 5: jeff1524 ($1.03 in chips) 
Seat 6: Inc4ognito ($2.18 in chips) 
Seat 8: Kupec Danila ($0.90 in chips) 
Seat 9: yjqian23 ($2.96 in chips) 
Derevtsssova: posts small blind $0.01
IldeRider01: posts big blind $0.02
*** HOLE CARDS ***
Dealt to Dorex2007 [Qs Ad]
jeff1524: raises $0.02 to $0.04
Inc4ognito: folds 
Kupec Danila: folds 
yjqian23: folds 
yjqian23 leaves the table
oblivionreX: folds 
Boomz25 joins the table at seat #9 
Dorex2007: calls $0.04
Derevtsssova: calls $0.03
IldeRider01: calls $0.02
*** FLOP *** [2h 8c 6s]
Derevtsssova: checks 
IldeRider01: checks 
jeff1524: checks 
Dorex2007: checks 
*** TURN *** [2h 8c 6s] [4s]
Derevtsssova: bets $0.07
IldeRider01: folds 
jeff1524: folds 
Dorex2007: folds 
Uncalled bet ($0.07) returned to Derevtsssova
Derevtsssova collected $0.15 from pot
Derevtsssova: doesn't show hand 
*** SUMMARY ***
Total pot $0.16 | Rake $0.01 
Board [2h 8c 6s 4s]
Seat 1: oblivionreX folded before Flop (didn't bet)
Seat 2: Dorex2007 (button) folded on the Turn
Seat 3: Derevtsssova (small blind) collected ($0.15)
Seat 4: IldeRider01 (big blind) folded on the Turn
Seat 5: jeff1524 folded on the Turn
Seat 6: Inc4ognito folded before Flop (didn't bet)
Seat 8: Kupec Danila folded before Flop (didn't bet)
Seat 9: yjqian23 folded before Flop (didn't bet)



PokerStars Hand #231277405127:  Hold'em No Limit ($0.01/$0.02 USD) - 2021/11/09 15:26:46 PT [2021/11/09 18:26:46 ET]
Table 'Adelaide' 9-max Seat #3 is the button
Seat 1: oblivionreX ($1.97 in chips) 
Seat 2: Dorex2007 ($2.67 in chips) 
Seat 3: Derevtsssova ($6.25 in chips) 
Seat 4: IldeRider01 ($1.96 in chips) 
Seat 5: jeff1524 ($0.99 in chips) 
Seat 6: Inc4ognito ($2.18 in chips) 
Seat 7: wesker555 ($0.80 in chips) 
Seat 8: Kupec Danila ($0.90 in chips) 
IldeRider01: posts small blind $0.01
jeff1524: posts big blind $0.02
Boomz25: sits out 
*** HOLE CARDS ***
Dealt to Dorex2007 [6h Qc]
Inc4ognito: raises $0.03 to $0.05
wesker555: folds 
Kupec Danila: raises $0.13 to $0.18
oblivionreX: folds 
Dorex2007: folds 
Derevtsssova: folds 
IldeRider01: folds 
jeff1524: folds 
Inc4ognito: raises $0.39 to $0.57
Kupec Danila: raises $0.33 to $0.90 and is all-in
Inc4ognito: calls $0.33
jeff1524 leaves the table
*** FLOP *** [5s 2s 8s]
*** TURN *** [5s 2s 8s] [7s]
*** RIVER *** [5s 2s 8s 7s] [9h]
*** SHOW DOWN ***
Inc4ognito: shows [Kd As] (a flush, Ace high)
Kupec Danila: shows [Tc Th] (a pair of Tens)
Inc4ognito collected $1.77 from pot
Kupec Danila cashed out the hand for $1 | Cash Out Fee $0.01
*** SUMMARY ***
Total pot $1.83 | Rake $0.06 
Board [5s 2s 8s 7s 9h]
Seat 1: oblivionreX folded before Flop (didn't bet)
Seat 2: Dorex2007 folded before Flop (didn't bet)
Seat 3: Derevtsssova (button) folded before Flop (didn't bet)
Seat 4: IldeRider01 (small blind) folded before Flop
Seat 5: jeff1524 (big blind) folded before Flop
Seat 6: Inc4ognito showed [Kd As] and won ($1.77) with a flush, Ace high
Seat 7: wesker555 folded before Flop (didn't bet)
Seat 8: Kupec Danila showed [Tc Th] and lost with a pair of Tens (cashed out).



PokerStars Hand #231277417791:  Hold'em No Limit ($0.01/$0.02 USD) - 2021/11/09 15:27:20 PT [2021/11/09 18:27:20 ET]
Table 'Adelaide' 9-max Seat #4 is the button
Seat 1: oblivionreX ($1.97 in chips) 
Seat 2: Dorex2007 ($2.67 in chips) 
Seat 3: Derevtsssova ($6.25 in chips) 
Seat 4: IldeRider01 ($1.95 in chips) 
Seat 6: Inc4ognito ($3.05 in chips) 
Seat 7: wesker555 ($0.80 in chips) 
Seat 8: Kupec Danila ($1 in chips) 
Inc4ognito: posts small blind $0.01
wesker555: posts big blind $0.02
Boomz25: sits out 
*** HOLE CARDS ***
Dealt to Dorex2007 [Qs Kd]
Kupec Danila: folds 
oblivionreX: raises $0.04 to $0.06
Dorex2007: raises $0.08 to $0.14
Derevtsssova: folds 
IldeRider01: calls $0.14
Inc4ognito: folds 
wesker555: folds 
oblivionreX: folds 
*** FLOP *** [As Kh 7c]
Dorex2007: checks 
IldeRider01: checks 
*** TURN *** [As Kh 7c] [8s]
Dorex2007: checks 
IldeRider01: checks 
*** RIVER *** [As Kh 7c 8s] [Js]
Dorex2007: bets $0.24
IldeRider01: folds 
Uncalled bet ($0.24) returned to Dorex2007
Dorex2007 collected $0.36 from pot
Dorex2007: doesn't show hand 
*** SUMMARY ***
Total pot $0.37 | Rake $0.01 
Board [As Kh 7c 8s Js]
Seat 1: oblivionreX folded before Flop
Seat 2: Dorex2007 collected ($0.36)
Seat 3: Derevtsssova folded before Flop (didn't bet)
Seat 4: IldeRider01 (button) folded on the River
Seat 6: Inc4ognito (small blind) folded before Flop
Seat 7: wesker555 (big blind) folded before Flop
Seat 8: Kupec Danila folded before Flop (didn't bet)



PokerStars Hand #231277434989:  Hold'em No Limit ($0.01/$0.02 USD) - 2021/11/09 15:28:07 PT [2021/11/09 18:28:07 ET]
Table 'Adelaide' 9-max Seat #6 is the button
Seat 1: oblivionreX ($2 in chips) 
Seat 2: Dorex2007 ($2.89 in chips) 
Seat 3: Derevtsssova ($6.25 in chips) 
Seat 4: IldeRider01 ($1.81 in chips) 
Seat 6: Inc4ognito ($3.04 in chips) 
Seat 7: wesker555 ($0.78 in chips) 
Seat 8: Kupec Danila ($1 in chips) 
wesker555: posts small blind $0.01
Kupec Danila: posts big blind $0.02
Boomz25: sits out 
*** HOLE CARDS ***
Dealt to Dorex2007 [7d Th]
oblivionreX: folds 
Dorex2007: folds 
Derevtsssova: folds 
IldeRider01: folds 
Inc4ognito: raises $0.04 to $0.06
wesker555: calls $0.05
Kupec Danila: calls $0.04
*** FLOP *** [Ad 9d Tc]
wesker555: checks 
IldeRider01 leaves the table
Kupec Danila: checks 
Inc4ognito: bets $0.10
wesker555: calls $0.10
Kupec Danila: folds 
*** TURN *** [Ad 9d Tc] [Kd]
wesker555: checks 
Inc4ognito: checks 
*** RIVER *** [Ad 9d Tc Kd] [Ac]
wesker555: checks 
Inc4ognito: bets $0.25
wesker555: folds 
Uncalled bet ($0.25) returned to Inc4ognito
Inc4ognito collected $0.37 from pot
Inc4ognito: doesn't show hand 
*** SUMMARY ***
Total pot $0.38 | Rake $0.01 
Board [Ad 9d Tc Kd Ac]
Seat 1: oblivionreX folded before Flop (didn't bet)
Seat 2: Dorex2007 folded before Flop (didn't bet)
Seat 3: Derevtsssova folded before Flop (didn't bet)
Seat 4: IldeRider01 folded before Flop (didn't bet)
Seat 6: Inc4ognito (button) collected ($0.37)
Seat 7: wesker555 (small blind) folded on the River
Seat 8: Kupec Danila (big blind) folded on the Flop



PokerStars Hand #231277471255:  Hold'em No Limit ($0.01/$0.02 USD) - 2021/11/09 15:29:21 PT [2021/11/09 18:29:21 ET]
Table 'Adelaide' 9-max Seat #7 is the button
Seat 1: oblivionreX ($2 in chips) 
Seat 2: Dorex2007 ($2.89 in chips) 
Seat 3: Derevtsssova ($6.25 in chips) 
Seat 6: Inc4ognito ($3.25 in chips) 
Seat 7: wesker555 ($0.62 in chips) 
Seat 8: Kupec Danila ($0.94 in chips) 
Seat 9: Boomz25 ($2 in chips) 
Kupec Danila: posts small blind $0.01
Boomz25: posts big blind $0.02
*** HOLE CARDS ***
Dealt to Dorex2007 [Kh 6h]
oblivionreX has timed out
oblivionreX: folds 
Dorex2007: folds 
Derevtsssova: folds 
Inc4ognito: folds 
wesker555: calls $0.02
Kupec Danila: raises $0.22 to $0.24
Boomz25: folds 
wesker555: folds 
Uncalled bet ($0.22) returned to Kupec Danila
Kupec Danila collected $0.06 from pot
*** SUMMARY ***
Total pot $0.06 | Rake $0 
Seat 1: oblivionreX folded before Flop (didn't bet)
Seat 2: Dorex2007 folded before Flop (didn't bet)
Seat 3: Derevtsssova folded before Flop (didn't bet)
Seat 6: Inc4ognito folded before Flop (didn't bet)
Seat 7: wesker555 (button) folded before Flop
Seat 8: Kupec Danila (small blind) collected ($0.06)
Seat 9: Boomz25 (big blind) folded before Flop



PokerStars Hand #231277479921:  Hold'em No Limit ($0.01/$0.02 USD) - 2021/11/09 15:29:45 PT [2021/11/09 18:29:45 ET]
Table 'Adelaide' 9-max Seat #8 is the button
Seat 2: Dorex2007 ($2.89 in chips) 
Seat 3: Derevtsssova ($6.25 in chips) 
Seat 6: Inc4ognito ($3.25 in chips) 
Seat 7: wesker555 ($0.60 in chips) 
Seat 8: Kupec Danila ($0.98 in chips) 
Seat 9: Boomz25 ($1.98 in chips) 
Boomz25: posts small blind $0.01
Dorex2007: posts big blind $0.02
*** HOLE CARDS ***
Dealt to Dorex2007 [5h 2h]
Derevtsssova: folds 
Inc4ognito: folds 
wesker555: folds 
Kupec Danila: folds 
Boomz25: folds 
Uncalled bet ($0.01) returned to Dorex2007
Dorex2007 collected $0.02 from pot
Dorex2007: doesn't show hand 
*** SUMMARY ***
Total pot $0.02 | Rake $0 
Seat 2: Dorex2007 (big blind) collected ($0.02)
Seat 3: Derevtsssova folded before Flop (didn't bet)
Seat 6: Inc4ognito folded before Flop (didn't bet)
Seat 7: wesker555 folded before Flop (didn't bet)
Seat 8: Kupec Danila (button) folded before Flop (didn't bet)
Seat 9: Boomz25 (small blind) folded before Flop



PokerStars Hand #231277484433:  Hold'em No Limit ($0.01/$0.02 USD) - 2021/11/09 15:29:57 PT [2021/11/09 18:29:57 ET]
Table 'Adelaide' 9-max Seat #9 is the button
Seat 2: Dorex2007 ($2.90 in chips) 
Seat 3: Derevtsssova ($6.25 in chips) 
Seat 6: Inc4ognito ($3.25 in chips) 
Seat 7: wesker555 ($0.60 in chips) 
Seat 8: Kupec Danila ($0.98 in chips) 
Seat 9: Boomz25 ($1.97 in chips) 
Dorex2007: posts small blind $0.01
Derevtsssova: posts big blind $0.02
*** HOLE CARDS ***
Dealt to Dorex2007 [Kd 7c]
Inc4ognito: folds 
wesker555: folds 
Kupec Danila: folds 
Boomz25: calls $0.02
PedaleurdeCharm joins the table at seat #4 
Dorex2007: calls $0.01
Derevtsssova: raises $0.04 to $0.06
Boomz25: calls $0.04
Dorex2007: folds 
*** FLOP *** [As 4s 4d]
Derevtsssova: bets $0.09
Boomz25: folds 
Uncalled bet ($0.09) returned to Derevtsssova
Derevtsssova collected $0.14 from pot
Derevtsssova: doesn't show hand 
*** SUMMARY ***
Total pot $0.14 | Rake $0 
Board [As 4s 4d]
Seat 2: Dorex2007 (small blind) folded before Flop
Seat 3: Derevtsssova (big blind) collected ($0.14)
Seat 6: Inc4ognito folded before Flop (didn't bet)
Seat 7: wesker555 folded before Flop (didn't bet)
Seat 8: Kupec Danila folded before Flop (didn't bet)
Seat 9: Boomz25 (button) folded on the Flop



PokerStars Hand #231277501951:  Hold'em No Limit ($0.01/$0.02 USD) - 2021/11/09 15:30:45 PT [2021/11/09 18:30:45 ET]
Table 'Adelaide' 9-max Seat #2 is the button
Seat 1: oblivionreX ($2 in chips) 
Seat 2: Dorex2007 ($2.88 in chips) 
Seat 3: Derevtsssova ($6.33 in chips) 
Seat 4: PedaleurdeCharm ($2 in chips) 
Seat 6: Inc4ognito ($3.25 in chips) 
Seat 7: wesker555 ($0.60 in chips) 
Seat 8: Kupec Danila ($0.98 in chips) 
Seat 9: Boomz25 ($1.91 in chips) 
Derevtsssova: posts small blind $0.01
PedaleurdeCharm: posts big blind $0.02
oblivionreX: posts small & big blinds $0.03
*** HOLE CARDS ***
Dealt to Dorex2007 [8c Kc]
Inc4ognito: folds 
wesker555: folds 
Kupec Danila: folds 
Boomz25: folds 
oblivionreX: raises $0.04 to $0.06
Dorex2007: calls $0.06
Derevtsssova: folds 
PedaleurdeCharm has timed out
PedaleurdeCharm: folds 
*** FLOP *** [Jd 2d As]
oblivionreX: checks 
Dorex2007: checks 
*** TURN *** [Jd 2d As] [3s]
oblivionreX: checks 
Dorex2007: checks 
*** RIVER *** [Jd 2d As 3s] [5d]
oblivionreX: bets $0.05
Dorex2007: folds 
Uncalled bet ($0.05) returned to oblivionreX
oblivionreX collected $0.15 from pot
oblivionreX: doesn't show hand 
*** SUMMARY ***
Total pot $0.16 | Rake $0.01 
Board [Jd 2d As 3s 5d]
Seat 1: oblivionreX collected ($0.15)
Seat 2: Dorex2007 (button) folded on the River
Seat 3: Derevtsssova (small blind) folded before Flop
Seat 4: PedaleurdeCharm (big blind) folded before Flop
Seat 6: Inc4ognito folded before Flop (didn't bet)
Seat 7: wesker555 folded before Flop (didn't bet)
Seat 8: Kupec Danila folded before Flop (didn't bet)
Seat 9: Boomz25 folded before Flop (didn't bet)



PokerStars Hand #231277524911:  Hold'em No Limit ($0.01/$0.02 USD) - 2021/11/09 15:31:47 PT [2021/11/09 18:31:47 ET]
Table 'Adelaide' 9-max Seat #3 is the button
Seat 1: oblivionreX ($2.08 in chips) 
Seat 2: Dorex2007 ($2.82 in chips) 
Seat 3: Derevtsssova ($6.32 in chips) 
Seat 6: Inc4ognito ($3.25 in chips) 
Seat 7: wesker555 ($0.60 in chips) 
Seat 8: Kupec Danila ($0.98 in chips) 
Seat 9: Boomz25 ($1.91 in chips) 
Inc4ognito: posts small blind $0.01
wesker555: posts big blind $0.02
*** HOLE CARDS ***
Dealt to Dorex2007 [3h 4h]
Amore494 joins the table at seat #5 
Amore494 leaves the table
Kupec Danila: raises $0.04 to $0.06
Boomz25: folds 
oblivionreX: folds 
Dorex2007: folds 
Derevtsssova: folds 
Inc4ognito: calls $0.05
wesker555: calls $0.04
*** FLOP *** [Ts 8s 9s]
PedaleurdeCharm is disconnected 
Inc4ognito: checks 
wesker555: bets $0.06
Kupec Danila: raises $0.86 to $0.92 and is all-in
Inc4ognito: calls $0.92
wesker555: folds 
*** TURN *** [Ts 8s 9s] [9c]
*** RIVER *** [Ts 8s 9s 9c] [6s]
*** SHOW DOWN ***
Inc4ognito: shows [As Tc] (a flush, Ace high)
Kupec Danila: shows [Qh Jh] (a straight, Eight to Queen)
Inc4ognito collected $2.01 from pot
Kupec Danila cashed out the hand for $1.21 | Cash Out Fee $0.01
*** SUMMARY ***
Total pot $2.08 | Rake $0.07 
Board [Ts 8s 9s 9c 6s]
Seat 1: oblivionreX folded before Flop (didn't bet)
Seat 2: Dorex2007 folded before Flop (didn't bet)
Seat 3: Derevtsssova (button) folded before Flop (didn't bet)
Seat 6: Inc4ognito (small blind) showed [As Tc] and won ($2.01) with a flush, Ace high
Seat 7: wesker555 (big blind) folded on the Flop
Seat 8: Kupec Danila showed [Qh Jh] and lost with a straight, Eight to Queen (cashed out).
Seat 9: Boomz25 folded before Flop (didn't bet)



PokerStars Hand #231277540724:  Hold'em No Limit ($0.01/$0.02 USD) - 2021/11/09 15:32:30 PT [2021/11/09 18:32:30 ET]
Table 'Adelaide' 9-max Seat #6 is the button
Seat 1: oblivionreX ($2.08 in chips) 
Seat 2: Dorex2007 ($2.82 in chips) 
Seat 3: Derevtsssova ($6.32 in chips) 
Seat 6: Inc4ognito ($4.28 in chips) 
Seat 7: wesker555 ($0.48 in chips) 
Seat 8: Kupec Danila ($1.21 in chips) 
Seat 9: Boomz25 ($1.91 in chips) 
wesker555: posts small blind $0.01
Kupec Danila: posts big blind $0.02
*** HOLE CARDS ***
Dealt to Dorex2007 [7d As]
Boomz25: folds 
oblivionreX: folds 
Dorex2007: folds 
Derevtsssova: folds 
Inc4ognito: folds 
wesker555: folds 
Uncalled bet ($0.01) returned to Kupec Danila
Kupec Danila collected $0.02 from pot
*** SUMMARY ***
Total pot $0.02 | Rake $0 
Seat 1: oblivionreX folded before Flop (didn't bet)
Seat 2: Dorex2007 folded before Flop (didn't bet)
Seat 3: Derevtsssova folded before Flop (didn't bet)
Seat 6: Inc4ognito (button) folded before Flop (didn't bet)
Seat 7: wesker555 (small blind) folded before Flop
Seat 8: Kupec Danila (big blind) collected ($0.02)
Seat 9: Boomz25 folded before Flop (didn't bet)



PokerStars Hand #231277544554:  Hold'em No Limit ($0.01/$0.02 USD) - 2021/11/09 15:32:41 PT [2021/11/09 18:32:41 ET]
Table 'Adelaide' 9-max Seat #7 is the button
Seat 1: oblivionreX ($2.08 in chips) 
Seat 2: Dorex2007 ($2.82 in chips) 
Seat 3: Derevtsssova ($6.32 in chips) 
Seat 6: Inc4ognito ($4.28 in chips) 
Seat 7: wesker555 ($0.47 in chips) 
Seat 8: Kupec Danila ($1.22 in chips) 
Seat 9: Boomz25 ($1.91 in chips) 
Kupec Danila: posts small blind $0.01
Boomz25: posts big blind $0.02
*** HOLE CARDS ***
Dealt to Dorex2007 [Kh Ac]
oblivionreX: folds 
Dorex2007: raises $0.02 to $0.04
Derevtsssova: folds 
Inc4ognito: folds 
wesker555: calls $0.04
Kupec Danila: folds 
Boomz25: folds 
*** FLOP *** [5d Ad 3d]
Dorex2007: bets $0.11
wesker555: folds 
Uncalled bet ($0.11) returned to Dorex2007
Dorex2007 collected $0.11 from pot
Dorex2007: doesn't show hand 
*** SUMMARY ***
Total pot $0.11 | Rake $0 
Board [5d Ad 3d]
Seat 1: oblivionreX folded before Flop (didn't bet)
Seat 2: Dorex2007 collected ($0.11)
Seat 3: Derevtsssova folded before Flop (didn't bet)
Seat 6: Inc4ognito folded before Flop (didn't bet)
Seat 7: wesker555 (button) folded on the Flop
Seat 8: Kupec Danila (small blind) folded before Flop
Seat 9: Boomz25 (big blind) folded before Flop



PokerStars Hand #231277557723:  Hold'em No Limit ($0.01/$0.02 USD) - 2021/11/09 15:33:17 PT [2021/11/09 18:33:17 ET]
Table 'Adelaide' 9-max Seat #8 is the button
Seat 1: oblivionreX ($2.08 in chips) 
Seat 2: Dorex2007 ($2.89 in chips) 
Seat 3: Derevtsssova ($6.32 in chips) 
Seat 6: Inc4ognito ($4.28 in chips) 
Seat 7: wesker555 ($0.43 in chips) 
Seat 8: Kupec Danila ($1.21 in chips) 
Seat 9: Boomz25 ($1.89 in chips) 
Boomz25: posts small blind $0.01
oblivionreX: posts big blind $0.02
PedaleurdeCharm: sits out 
*** HOLE CARDS ***
Dealt to Dorex2007 [5h 7h]
Dorex2007: folds 
Derevtsssova: raises $0.04 to $0.06
Inc4ognito: folds 
wesker555: calls $0.06
Kupec Danila: calls $0.06
Boomz25: raises $1.83 to $1.89 and is all-in
oblivionreX: folds 
Derevtsssova: folds 
wesker555: calls $0.37 and is all-in
Kupec Danila: folds 
Uncalled bet ($1.46) returned to Boomz25
*** FLOP *** [2d 4s 3s]
*** TURN *** [2d 4s 3s] [Ts]
*** RIVER *** [2d 4s 3s Ts] [Tc]
*** SHOW DOWN ***
Boomz25: shows [Ks Kh] (two pair, Kings and Tens)
wesker555: shows [Qh Td] (three of a kind, Tens)
wesker555 collected $0.96 from pot
Boomz25 cashed out the hand for $0.82 | Cash Out Fee $0.01
*** SUMMARY ***
Total pot $1 | Rake $0.04 
Board [2d 4s 3s Ts Tc]
Seat 1: oblivionreX (big blind) folded before Flop
Seat 2: Dorex2007 folded before Flop (didn't bet)
Seat 3: Derevtsssova folded before Flop
Seat 6: Inc4ognito folded before Flop (didn't bet)
Seat 7: wesker555 showed [Qh Td] and won ($0.96) with three of a kind, Tens
Seat 8: Kupec Danila (button) folded before Flop
Seat 9: Boomz25 (small blind) showed [Ks Kh] and lost with two pair, Kings and Tens (cashed out).



PokerStars Hand #231277571933:  Hold'em No Limit ($0.01/$0.02 USD) - 2021/11/09 15:33:55 PT [2021/11/09 18:33:55 ET]
Table 'Adelaide' 9-max Seat #9 is the button
Seat 1: oblivionreX ($2.06 in chips) 
Seat 2: Dorex2007 ($2.89 in chips) 
Seat 3: Derevtsssova ($6.26 in chips) 
Seat 6: Inc4ognito ($4.28 in chips) 
Seat 7: wesker555 ($0.96 in chips) 
Seat 8: Kupec Danila ($1.15 in chips) 
Seat 9: Boomz25 ($2.28 in chips) 
oblivionreX: posts small blind $0.01
Dorex2007: posts big blind $0.02
PedaleurdeCharm: sits out 
*** HOLE CARDS ***
Dealt to Dorex2007 [Jd Ac]
Derevtsssova: raises $0.04 to $0.06
Inc4ognito: folds 
wesker555: folds 
Kupec Danila: calls $0.06
Boomz25: folds 
oblivionreX: folds 
Dorex2007: calls $0.04
*** FLOP *** [5h 4s 9s]
Dorex2007: checks 
Derevtsssova: checks 
Kupec Danila: bets $0.14
Dorex2007: folds 
Derevtsssova: folds 
Uncalled bet ($0.14) returned to Kupec Danila
Kupec Danila collected $0.18 from pot
*** SUMMARY ***
Total pot $0.19 | Rake $0.01 
Board [5h 4s 9s]
Seat 1: oblivionreX (small blind) folded before Flop
Seat 2: Dorex2007 (big blind) folded on the Flop
Seat 3: Derevtsssova folded on the Flop
Seat 6: Inc4ognito folded before Flop (didn't bet)
Seat 7: wesker555 folded before Flop (didn't bet)
Seat 8: Kupec Danila collected ($0.18)
Seat 9: Boomz25 (button) folded before Flop (didn't bet)



PokerStars Hand #231277585158:  Hold'em No Limit ($0.01/$0.02 USD) - 2021/11/09 15:34:31 PT [2021/11/09 18:34:31 ET]
Table 'Adelaide' 9-max Seat #1 is the button
Seat 1: oblivionreX ($2.05 in chips) 
Seat 2: Dorex2007 ($2.83 in chips) 
Seat 3: Derevtsssova ($6.20 in chips) 
Seat 6: Inc4ognito ($4.28 in chips) 
Seat 7: wesker555 ($0.96 in chips) 
Seat 8: Kupec Danila ($1.27 in chips) 
Seat 9: Boomz25 ($2.28 in chips) 
Dorex2007: posts small blind $0.01
Derevtsssova: posts big blind $0.02
PedaleurdeCharm: sits out 
*** HOLE CARDS ***
Dealt to Dorex2007 [6h 8s]
Cid s2 joins the table at seat #5 
Inc4ognito: raises $0.02 to $0.04
wesker555: calls $0.04
Kupec Danila: folds 
Boomz25: calls $0.04
oblivionreX: folds 
Dorex2007: folds 
Derevtsssova: calls $0.02
*** FLOP *** [6s 2d Jc]
Derevtsssova: checks 
Inc4ognito: checks 
wesker555: bets $0.04
Boomz25: raises $0.04 to $0.08
Derevtsssova: calls $0.08
Inc4ognito: folds 
wesker555: calls $0.04
*** TURN *** [6s 2d Jc] [Td]
Derevtsssova: checks 
wesker555: checks 
Boomz25: checks 
*** RIVER *** [6s 2d Jc Td] [Ad]
Derevtsssova: checks 
wesker555: bets $0.10
Boomz25: calls $0.10
Derevtsssova: folds 
*** SHOW DOWN ***
wesker555: shows [Qs Ks] (a straight, Ten to Ace)
Boomz25: mucks hand 
wesker555 collected $0.59 from pot
*** SUMMARY ***
Total pot $0.61 | Rake $0.02 
Board [6s 2d Jc Td Ad]
Seat 1: oblivionreX (button) folded before Flop (didn't bet)
Seat 2: Dorex2007 (small blind) folded before Flop
Seat 3: Derevtsssova (big blind) folded on the River
Seat 6: Inc4ognito folded on the Flop
Seat 7: wesker555 showed [Qs Ks] and won ($0.59) with a straight, Ten to Ace
Seat 8: Kupec Danila folded before Flop (didn't bet)
Seat 9: Boomz25 mucked [Jd Ah]



PokerStars Hand #231277607625:  Hold'em No Limit ($0.01/$0.02 USD) - 2021/11/09 15:35:33 PT [2021/11/09 18:35:33 ET]
Table 'Adelaide' 9-max Seat #2 is the button
Seat 1: oblivionreX ($2.05 in chips) 
Seat 2: Dorex2007 ($2.82 in chips) 
Seat 3: Derevtsssova ($6.08 in chips) 
Seat 4: PedaleurdeCharm ($1.98 in chips) 
Seat 6: Inc4ognito ($4.24 in chips) 
Seat 7: wesker555 ($1.33 in chips) 
Seat 8: Kupec Danila ($1.27 in chips) 
Seat 9: Boomz25 ($2.06 in chips) 
Derevtsssova: posts small blind $0.01
PedaleurdeCharm: posts big blind $0.02
Cid s2: sits out 
*** HOLE CARDS ***
Dealt to Dorex2007 [Qh Th]
Inc4ognito: folds 
wesker555: folds 
Kupec Danila: raises $0.04 to $0.06
Boomz25: folds 
oblivionreX: folds 
Dorex2007: calls $0.06
Derevtsssova: folds 
PedaleurdeCharm: calls $0.04
*** FLOP *** [9d 4s 2c]
PedaleurdeCharm: checks 
Kupec Danila: checks 
Dorex2007: bets $0.12
PedaleurdeCharm: folds 
Kupec Danila: folds 
Uncalled bet ($0.12) returned to Dorex2007
Dorex2007 collected $0.18 from pot
Dorex2007: doesn't show hand 
*** SUMMARY ***
Total pot $0.19 | Rake $0.01 
Board [9d 4s 2c]
Seat 1: oblivionreX folded before Flop (didn't bet)
Seat 2: Dorex2007 (button) collected ($0.18)
Seat 3: Derevtsssova (small blind) folded before Flop
Seat 4: PedaleurdeCharm (big blind) folded on the Flop
Seat 6: Inc4ognito folded before Flop (didn't bet)
Seat 7: wesker555 folded before Flop (didn't bet)
Seat 8: Kupec Danila folded on the Flop
Seat 9: Boomz25 folded before Flop (didn't bet)



PokerStars Hand #231277635068:  Hold'em No Limit ($0.01/$0.02 USD) - 2021/11/09 15:36:49 PT [2021/11/09 18:36:49 ET]
Table 'Adelaide' 9-max Seat #3 is the button
Seat 1: oblivionreX ($2.05 in chips) 
Seat 2: Dorex2007 ($2.94 in chips) 
Seat 3: Derevtsssova ($6.07 in chips) 
Seat 4: PedaleurdeCharm ($1.92 in chips) 
Seat 5: Cid s2 ($0.80 in chips) 
Seat 6: Inc4ognito ($4.24 in chips) 
Seat 7: wesker555 ($1.33 in chips) 
Seat 8: Kupec Danila ($1.21 in chips) 
Seat 9: Boomz25 ($2.06 in chips) 
PedaleurdeCharm: posts small blind $0.01
Cid s2: posts big blind $0.02
*** HOLE CARDS ***
Dealt to Dorex2007 [5c 4c]
Inc4ognito: folds 
wesker555: folds 
Kupec Danila: folds 
Boomz25: folds 
oblivionreX: raises $0.04 to $0.06
Dorex2007: folds 
Derevtsssova: folds 
PedaleurdeCharm: raises $0.04 to $0.10
Cid s2: folds 
oblivionreX: calls $0.04
*** FLOP *** [8d Jh As]
PedaleurdeCharm is disconnected 
PedaleurdeCharm has timed out
PedaleurdeCharm: checks 
oblivionreX: checks 
*** TURN *** [8d Jh As] [4h]
PedaleurdeCharm: bets $0.11
oblivionreX: folds 
Uncalled bet ($0.11) returned to PedaleurdeCharm
PedaleurdeCharm collected $0.21 from pot
*** SUMMARY ***
Total pot $0.22 | Rake $0.01 
Board [8d Jh As 4h]
Seat 1: oblivionreX folded on the Turn
Seat 2: Dorex2007 folded before Flop (didn't bet)
Seat 3: Derevtsssova (button) folded before Flop (didn't bet)
Seat 4: PedaleurdeCharm (small blind) collected ($0.21)
Seat 5: Cid s2 (big blind) folded before Flop
Seat 6: Inc4ognito folded before Flop (didn't bet)
Seat 7: wesker555 folded before Flop (didn't bet)
Seat 8: Kupec Danila folded before Flop (didn't bet)
Seat 9: Boomz25 folded before Flop (didn't bet)



PokerStars Hand #231277675567:  Hold'em No Limit ($0.01/$0.02 USD) - 2021/11/09 15:38:41 PT [2021/11/09 18:38:41 ET]
Table 'Adelaide' 9-max Seat #4 is the button
Seat 1: oblivionreX ($1.95 in chips) 
Seat 2: Dorex2007 ($2.94 in chips) 
Seat 3: Derevtsssova ($6.07 in chips) 
Seat 4: PedaleurdeCharm ($2.03 in chips) 
Seat 5: Cid s2 ($0.78 in chips) 
Seat 6: Inc4ognito ($4.24 in chips) 
Seat 7: wesker555 ($1.33 in chips) 
Seat 8: Kupec Danila ($1.21 in chips) 
Seat 9: Boomz25 ($2.06 in chips) 
Cid s2: posts small blind $0.01
Inc4ognito: posts big blind $0.02
*** HOLE CARDS ***
Dealt to Dorex2007 [7d 6c]
wesker555 has timed out
wesker555: folds 
Kupec Danila: folds 
Boomz25: folds 
oblivionreX: folds 
Dorex2007: folds 
Derevtsssova: raises $0.04 to $0.06
PedaleurdeCharm: folds 
Cid s2: folds 
Inc4ognito: folds 
Uncalled bet ($0.04) returned to Derevtsssova
Derevtsssova collected $0.05 from pot
Derevtsssova: doesn't show hand 
*** SUMMARY ***
Total pot $0.05 | Rake $0 
Seat 1: oblivionreX folded before Flop (didn't bet)
Seat 2: Dorex2007 folded before Flop (didn't bet)
Seat 3: Derevtsssova collected ($0.05)
Seat 4: PedaleurdeCharm (button) folded before Flop (didn't bet)
Seat 5: Cid s2 (small blind) folded before Flop
Seat 6: Inc4ognito (big blind) folded before Flop
Seat 7: wesker555 folded before Flop (didn't bet)
Seat 8: Kupec Danila folded before Flop (didn't bet)
Seat 9: Boomz25 folded before Flop (didn't bet)



PokerStars Hand #231277685451:  Hold'em No Limit ($0.01/$0.02 USD) - 2021/11/09 15:39:08 PT [2021/11/09 18:39:08 ET]
Table 'Adelaide' 9-max Seat #5 is the button
Seat 1: oblivionreX ($2 in chips) 
Seat 2: Dorex2007 ($2.94 in chips) 
Seat 3: Derevtsssova ($6.10 in chips) 
Seat 4: PedaleurdeCharm ($2.03 in chips) 
Seat 5: Cid s2 ($0.77 in chips) 
Seat 6: Inc4ognito ($4.22 in chips) 
Seat 8: Kupec Danila ($1.21 in chips) 
Seat 9: Boomz25 ($2.06 in chips) 
Inc4ognito: posts small blind $0.01
wesker555: is sitting out 
Kupec Danila: posts big blind $0.02
*** HOLE CARDS ***
Dealt to Dorex2007 [6s Qd]
Boomz25: folds 
oblivionreX: folds 
Dorex2007: folds 
wesker555 leaves the table
Derevtsssova: raises $0.04 to $0.06
PedaleurdeCharm: folds 
Cid s2: calls $0.06
Inc4ognito: folds 
European1000 joins the table at seat #7 
Kupec Danila: raises $0.19 to $0.25
Derevtsssova: folds 
Cid s2: calls $0.19
*** FLOP *** [9d 5h 2s]
Kupec Danila: bets $0.55
Cid s2: calls $0.52 and is all-in
Uncalled bet ($0.03) returned to Kupec Danila
*** TURN *** [9d 5h 2s] [Ks]
*** RIVER *** [9d 5h 2s Ks] [Ac]
*** SHOW DOWN ***
Kupec Danila: shows [Ad 4c] (a pair of Aces)
Cid s2: shows [Js Jd] (a pair of Jacks)
Cid s2 cashed out the hand for $1.09 | Cash Out Fee $0.01
Kupec Danila cashed out the hand for $0.45
*** SUMMARY ***
Total pot $1.61 | Rake $0.06 
Board [9d 5h 2s Ks Ac]
Seat 1: oblivionreX folded before Flop (didn't bet)
Seat 2: Dorex2007 folded before Flop (didn't bet)
Seat 3: Derevtsssova folded before Flop
Seat 4: PedaleurdeCharm folded before Flop (didn't bet)
Seat 5: Cid s2 (button) showed [Js Jd] and lost with a pair of Jacks (cashed out).
Seat 6: Inc4ognito (small blind) folded before Flop
Seat 8: Kupec Danila (big blind) showed [Ad 4c] and won ($1.55) with a pair of Aces (pot not awarded as player cashed out)
Seat 9: Boomz25 folded before Flop (didn't bet)



PokerStars Hand #231277715460:  Hold'em No Limit ($0.01/$0.02 USD) - 2021/11/09 15:40:04 PT [2021/11/09 18:40:04 ET]
Table 'Adelaide' 9-max Seat #6 is the button
Seat 1: oblivionreX ($2 in chips) 
Seat 2: Dorex2007 ($2.94 in chips) 
Seat 3: Derevtsssova ($6.04 in chips) 
Seat 4: PedaleurdeCharm ($2.03 in chips) 
Seat 5: Cid s2 ($1.09 in chips) 
Seat 6: Inc4ognito ($4.21 in chips) 
Seat 8: Kupec Danila ($0.89 in chips) 
Seat 9: Boomz25 ($2.06 in chips) 
Kupec Danila: posts small blind $0.01
Boomz25: posts big blind $0.02
*** HOLE CARDS ***
Dealt to Dorex2007 [Js 5d]
oblivionreX: folds 
Dorex2007: folds 
Derevtsssova: folds 
PedaleurdeCharm: folds 
Cid s2: calls $0.02
Inc4ognito: calls $0.02
Kupec Danila: raises $0.22 to $0.24
Boomz25: folds 
Cid s2: folds 
Inc4ognito: folds 
Uncalled bet ($0.22) returned to Kupec Danila
Kupec Danila collected $0.08 from pot
*** SUMMARY ***
Total pot $0.08 | Rake $0 
Seat 1: oblivionreX folded before Flop (didn't bet)
Seat 2: Dorex2007 folded before Flop (didn't bet)
Seat 3: Derevtsssova folded before Flop (didn't bet)
Seat 4: PedaleurdeCharm folded before Flop (didn't bet)
Seat 5: Cid s2 folded before Flop
Seat 6: Inc4ognito (button) folded before Flop
Seat 8: Kupec Danila (small blind) collected ($0.08)
Seat 9: Boomz25 (big blind) folded before Flop



PokerStars Hand #231277728412:  Hold'em No Limit ($0.01/$0.02 USD) - 2021/11/09 15:40:41 PT [2021/11/09 18:40:41 ET]
Table 'Adelaide' 9-max Seat #8 is the button
Seat 1: oblivionreX ($2 in chips) 
Seat 2: Dorex2007 ($2.94 in chips) 
Seat 3: Derevtsssova ($6.04 in chips) 
Seat 4: PedaleurdeCharm ($2.03 in chips) 
Seat 5: Cid s2 ($1.07 in chips) 
Seat 6: Inc4ognito ($4.19 in chips) 
Seat 7: European1000 ($1.60 in chips) 
Seat 8: Kupec Danila ($0.95 in chips) 
Seat 9: Boomz25 ($2.04 in chips) 
Boomz25: posts small blind $0.01
oblivionreX: posts big blind $0.02
European1000: posts big blind $0.02
*** HOLE CARDS ***
Dealt to Dorex2007 [Js 2d]
Dorex2007: folds 
Derevtsssova: raises $0.07 to $0.09
PedaleurdeCharm: folds 
Cid s2: folds 
Inc4ognito: folds 
European1000: folds 
Kupec Danila: folds 
Boomz25: folds 
oblivionreX: folds 
Uncalled bet ($0.07) returned to Derevtsssova
Derevtsssova collected $0.07 from pot
Derevtsssova: doesn't show hand 
*** SUMMARY ***
Total pot $0.07 | Rake $0 
Seat 1: oblivionreX (big blind) folded before Flop
Seat 2: Dorex2007 folded before Flop (didn't bet)
Seat 3: Derevtsssova collected ($0.07)
Seat 4: PedaleurdeCharm folded before Flop (didn't bet)
Seat 5: Cid s2 folded before Flop (didn't bet)
Seat 6: Inc4ognito folded before Flop (didn't bet)
Seat 7: European1000 folded before Flop (didn't bet)
Seat 8: Kupec Danila (button) folded before Flop (didn't bet)
Seat 9: Boomz25 (small blind) folded before Flop



PokerStars Hand #231277738127:  Hold'em No Limit ($0.01/$0.02 USD) - 2021/11/09 15:41:08 PT [2021/11/09 18:41:08 ET]
Table 'Adelaide' 9-max Seat #9 is the button
Seat 1: oblivionreX ($1.98 in chips) 
Seat 2: Dorex2007 ($2.94 in chips) 
Seat 3: Derevtsssova ($6.09 in chips) 
Seat 4: PedaleurdeCharm ($2.03 in chips) 
Seat 5: Cid s2 ($1.07 in chips) 
Seat 6: Inc4ognito ($4.19 in chips) 
Seat 7: European1000 ($1.58 in chips) 
Seat 8: Kupec Danila ($0.95 in chips) 
Seat 9: Boomz25 ($2.03 in chips) 
oblivionreX: posts small blind $0.01
Dorex2007: posts big blind $0.02
*** HOLE CARDS ***
Dealt to Dorex2007 [Tc Ah]
Derevtsssova: folds 
PedaleurdeCharm: folds 
Cid s2: raises $0.02 to $0.04
Inc4ognito: folds 
European1000: folds 
Kupec Danila: raises $0.44 to $0.48
Boomz25: folds 
oblivionreX: folds 
Dorex2007: folds 
Cid s2: raises $0.59 to $1.07 and is all-in
Kupec Danila: calls $0.47 and is all-in
Uncalled bet ($0.12) returned to Cid s2
*** FLOP *** [Jd 9c Ts]
*** TURN *** [Jd 9c Ts] [2c]
*** RIVER *** [Jd 9c Ts 2c] [3c]
*** SHOW DOWN ***
Cid s2: shows [Ac 3h] (a pair of Threes)
Kupec Danila: shows [Jh Jc] (three of a kind, Jacks)
Cid s2 cashed out the hand for $0.53 | Cash Out Fee $0.01
Kupec Danila cashed out the hand for $1.31 | Cash Out Fee $0.01
*** SUMMARY ***
Total pot $1.93 | Rake $0.07 
Board [Jd 9c Ts 2c 3c]
Seat 1: oblivionreX (small blind) folded before Flop
Seat 2: Dorex2007 (big blind) folded before Flop
Seat 3: Derevtsssova folded before Flop (didn't bet)
Seat 4: PedaleurdeCharm folded before Flop (didn't bet)
Seat 5: Cid s2 showed [Ac 3h] and lost with a pair of Threes (cashed out).
Seat 6: Inc4ognito folded before Flop (didn't bet)
Seat 7: European1000 folded before Flop (didn't bet)
Seat 8: Kupec Danila showed [Jh Jc] and won ($1.86) with three of a kind, Jacks (pot not awarded as player cashed out)
Seat 9: Boomz25 (button) folded before Flop (didn't bet)



PokerStars Hand #231277755827:  Hold'em No Limit ($0.01/$0.02 USD) - 2021/11/09 15:41:58 PT [2021/11/09 18:41:58 ET]
Table 'Adelaide' 9-max Seat #1 is the button
Seat 1: oblivionreX ($1.97 in chips) 
Seat 2: Dorex2007 ($2.92 in chips) 
Seat 3: Derevtsssova ($6.09 in chips) 
Seat 4: PedaleurdeCharm ($2.03 in chips) 
Seat 5: Cid s2 ($0.65 in chips) 
Seat 6: Inc4ognito ($4.19 in chips) 
Seat 7: European1000 ($1.58 in chips) 
Seat 8: Kupec Danila ($1.31 in chips) 
Seat 9: Boomz25 ($2.03 in chips) 
Dorex2007: posts small blind $0.01
Derevtsssova: posts big blind $0.02
*** HOLE CARDS ***
Dealt to Dorex2007 [Ks 4d]
PedaleurdeCharm has timed out
PedaleurdeCharm: folds 
Cid s2: folds 
Inc4ognito: folds 
European1000: raises $0.06 to $0.08
Kupec Danila: folds 
Boomz25: folds 
oblivionreX: folds 
Dorex2007: folds 
Derevtsssova: folds 
Uncalled bet ($0.06) returned to European1000
European1000 collected $0.05 from pot
European1000: doesn't show hand 
*** SUMMARY ***
Total pot $0.05 | Rake $0 
Seat 1: oblivionreX (button) folded before Flop (didn't bet)
Seat 2: Dorex2007 (small blind) folded before Flop
Seat 3: Derevtsssova (big blind) folded before Flop
Seat 4: PedaleurdeCharm folded before Flop (didn't bet)
Seat 5: Cid s2 folded before Flop (didn't bet)
Seat 6: Inc4ognito folded before Flop (didn't bet)
Seat 7: European1000 collected ($0.05)
Seat 8: Kupec Danila folded before Flop (didn't bet)
Seat 9: Boomz25 folded before Flop (didn't bet)



PokerStars Hand #231277767253:  Hold'em No Limit ($0.01/$0.02 USD) - 2021/11/09 15:42:31 PT [2021/11/09 18:42:31 ET]
Table 'Adelaide' 9-max Seat #2 is the button
Seat 1: oblivionreX ($1.97 in chips) 
Seat 2: Dorex2007 ($2.91 in chips) 
Seat 3: Derevtsssova ($6.07 in chips) 
Seat 5: Cid s2 ($0.65 in chips) 
Seat 7: European1000 ($1.61 in chips) 
Seat 8: Kupec Danila ($1.31 in chips) 
Seat 9: Boomz25 ($2.03 in chips) 
Derevtsssova: posts small blind $0.01
Cid s2: posts big blind $0.02
*** HOLE CARDS ***
Dealt to Dorex2007 [8d 8h]
European1000: calls $0.02
Kupec Danila: folds 
Boomz25: folds 
oblivionreX: raises $0.05 to $0.07
Dorex2007: calls $0.07
Derevtsssova: calls $0.06
Cid s2: folds 
European1000: calls $0.05
*** FLOP *** [Jc Jd Qh]
Derevtsssova: checks 
European1000: checks 
oblivionreX: checks 
Dorex2007: bets $0.29
Derevtsssova: folds 
European1000: folds 
oblivionreX: folds 
Uncalled bet ($0.29) returned to Dorex2007
Dorex2007 collected $0.29 from pot
Dorex2007: doesn't show hand 
*** SUMMARY ***
Total pot $0.30 | Rake $0.01 
Board [Jc Jd Qh]
Seat 1: oblivionreX folded on the Flop
Seat 2: Dorex2007 (button) collected ($0.29)
Seat 3: Derevtsssova (small blind) folded on the Flop
Seat 5: Cid s2 (big blind) folded before Flop
Seat 7: European1000 folded on the Flop
Seat 8: Kupec Danila folded before Flop (didn't bet)
Seat 9: Boomz25 folded before Flop (didn't bet)



PokerStars Hand #231277790729:  Hold'em No Limit ($0.01/$0.02 USD) - 2021/11/09 15:43:38 PT [2021/11/09 18:43:38 ET]
Table 'Adelaide' 9-max Seat #3 is the button
Seat 1: oblivionreX ($1.90 in chips) 
Seat 2: Dorex2007 ($3.13 in chips) 
Seat 3: Derevtsssova ($6 in chips) 
Seat 5: Cid s2 ($0.63 in chips) 
Seat 7: European1000 ($1.54 in chips) 
Seat 8: Kupec Danila ($1.31 in chips) 
Seat 9: Boomz25 ($2.03 in chips) 
Cid s2: posts small blind $0.01
European1000: posts big blind $0.02
*** HOLE CARDS ***
Dealt to Dorex2007 [7c 5c]
Kupec Danila: folds 
Boomz25: folds 
oblivionreX: folds 
Dorex2007: folds 
Derevtsssova: folds 
Cid s2: calls $0.01
European1000: checks 
*** FLOP *** [5s Jd 2s]
Cid s2: bets $0.02
European1000: folds 
Uncalled bet ($0.02) returned to Cid s2
Cid s2 collected $0.04 from pot
Cid s2: doesn't show hand 
*** SUMMARY ***
Total pot $0.04 | Rake $0 
Board [5s Jd 2s]
Seat 1: oblivionreX folded before Flop (didn't bet)
Seat 2: Dorex2007 folded before Flop (didn't bet)
Seat 3: Derevtsssova (button) folded before Flop (didn't bet)
Seat 5: Cid s2 (small blind) collected ($0.04)
Seat 7: European1000 (big blind) folded on the Flop
Seat 8: Kupec Danila folded before Flop (didn't bet)
Seat 9: Boomz25 folded before Flop (didn't bet)



PokerStars Hand #231277804077:  Hold'em No Limit ($0.01/$0.02 USD) - 2021/11/09 15:44:15 PT [2021/11/09 18:44:15 ET]
Table 'Adelaide' 9-max Seat #5 is the button
Seat 1: oblivionreX ($2 in chips) 
Seat 2: Dorex2007 ($3.13 in chips) 
Seat 3: Derevtsssova ($6 in chips) 
Seat 5: Cid s2 ($0.65 in chips) 
Seat 7: European1000 ($1.52 in chips) 
Seat 8: Kupec Danila ($1.31 in chips) 
European1000: posts small blind $0.01
Kupec Danila: posts big blind $0.02
PedaleurdeCharm: sits out 
*** HOLE CARDS ***
Dealt to Dorex2007 [3d 7d]
Boomz25 is disconnected 
oblivionreX: folds 
Dorex2007: folds 
Derevtsssova: folds 
Cid s2: folds 
European1000: calls $0.01
Kupec Danila: raises $1.29 to $1.31 and is all-in
European1000: folds 
Uncalled bet ($1.29) returned to Kupec Danila
Kupec Danila collected $0.04 from pot
*** SUMMARY ***
Total pot $0.04 | Rake $0 
Seat 1: oblivionreX folded before Flop (didn't bet)
Seat 2: Dorex2007 folded before Flop (didn't bet)
Seat 3: Derevtsssova folded before Flop (didn't bet)
Seat 5: Cid s2 (button) folded before Flop (didn't bet)
Seat 7: European1000 (small blind) folded before Flop
Seat 8: Kupec Danila (big blind) collected ($0.04)



PokerStars Hand #231277809958:  Hold'em No Limit ($0.01/$0.02 USD) - 2021/11/09 15:44:33 PT [2021/11/09 18:44:33 ET]
Table 'Adelaide' 9-max Seat #7 is the button
Seat 1: oblivionreX ($2 in chips) 
Seat 2: Dorex2007 ($3.13 in chips) 
Seat 3: Derevtsssova ($6 in chips) 
Seat 5: Cid s2 ($0.65 in chips) 
Seat 7: European1000 ($1.50 in chips) 
Seat 8: Kupec Danila ($1.33 in chips) 
Kupec Danila: posts small blind $0.01
oblivionreX: posts big blind $0.02
PedaleurdeCharm: sits out 
*** HOLE CARDS ***
Dealt to Dorex2007 [Kh 8s]
Dorex2007: folds 
Derevtsssova: raises $0.05 to $0.07
Cid s2: folds 
European1000: folds 
Kupec Danila: folds 
oblivionreX: folds 
Uncalled bet ($0.05) returned to Derevtsssova
Derevtsssova collected $0.05 from pot
Derevtsssova: doesn't show hand 
*** SUMMARY ***
Total pot $0.05 | Rake $0 
Seat 1: oblivionreX (big blind) folded before Flop
Seat 2: Dorex2007 folded before Flop (didn't bet)
Seat 3: Derevtsssova collected ($0.05)
Seat 5: Cid s2 folded before Flop (didn't bet)
Seat 7: European1000 (button) folded before Flop (didn't bet)
Seat 8: Kupec Danila (small blind) folded before Flop



PokerStars Hand #231277819950:  Hold'em No Limit ($0.01/$0.02 USD) - 2021/11/09 15:45:01 PT [2021/11/09 18:45:01 ET]
Table 'Adelaide' 9-max Seat #8 is the button
Seat 1: oblivionreX ($1.98 in chips) 
Seat 2: Dorex2007 ($3.13 in chips) 
Seat 3: Derevtsssova ($6.03 in chips) 
Seat 5: Cid s2 ($0.65 in chips) 
Seat 7: European1000 ($1.50 in chips) 
Seat 8: Kupec Danila ($1.32 in chips) 
oblivionreX: posts small blind $0.01
Dorex2007: posts big blind $0.02
PedaleurdeCharm: sits out 
Inc4ognito: sits out 
*** HOLE CARDS ***
Dealt to Dorex2007 [Ac Kc]
Derevtsssova: folds 
Cid s2: raises $0.02 to $0.04
European1000: folds 
Kupec Danila: folds 
oblivionreX: folds 
Dorex2007: raises $0.08 to $0.12
Cid s2: calls $0.08
*** FLOP *** [Kh 8h 9d]
Dorex2007: bets $0.24
Cid s2: raises $0.29 to $0.53 and is all-in
Dorex2007: calls $0.29
*** TURN *** [Kh 8h 9d] [5s]
*** RIVER *** [Kh 8h 9d 5s] [8c]
*** SHOW DOWN ***
Dorex2007: shows [Ac Kc] (two pair, Kings and Eights)
Cid s2: shows [8s 9s] (a full house, Eights full of Nines)
Cid s2 cashed out the hand for $0.92 | Cash Out Fee $0.01
*** SUMMARY ***
Total pot $1.31 | Rake $0.05 
Board [Kh 8h 9d 5s 8c]
Seat 1: oblivionreX (small blind) folded before Flop
Seat 2: Dorex2007 (big blind) showed [Ac Kc] and lost with two pair, Kings and Eights
Seat 3: Derevtsssova folded before Flop (didn't bet)
Seat 5: Cid s2 showed [8s 9s] and won ($1.26) with a full house, Eights full of Nines (pot not awarded as player cashed out)
Seat 7: European1000 folded before Flop (didn't bet)
Seat 8: Kupec Danila (button) folded before Flop (didn't bet)



PokerStars Hand #231277841914:  Hold'em No Limit ($0.01/$0.02 USD) - 2021/11/09 15:46:04 PT [2021/11/09 18:46:04 ET]
Table 'Adelaide' 9-max Seat #1 is the button
Seat 1: oblivionreX ($1.97 in chips) 
Seat 2: Dorex2007 ($2.48 in chips) 
Seat 3: Derevtsssova ($6.03 in chips) 
Seat 5: Cid s2 ($0.92 in chips) 
Seat 7: European1000 ($1.50 in chips) 
Seat 8: Kupec Danila ($1.32 in chips) 
Dorex2007: posts small blind $0.01
Derevtsssova: posts big blind $0.02
PedaleurdeCharm: sits out 
Inc4ognito: sits out 
*** HOLE CARDS ***
Dealt to Dorex2007 [6s 4s]
Cid s2: folds 
European1000: folds 
Kupec Danila: folds 
oblivionreX: folds 
Dorex2007: folds 
Uncalled bet ($0.01) returned to Derevtsssova
Derevtsssova collected $0.02 from pot
Derevtsssova: doesn't show hand 
*** SUMMARY ***
Total pot $0.02 | Rake $0 
Seat 1: oblivionreX (button) folded before Flop (didn't bet)
Seat 2: Dorex2007 (small blind) folded before Flop
Seat 3: Derevtsssova (big blind) collected ($0.02)
Seat 5: Cid s2 folded before Flop (didn't bet)
Seat 7: European1000 folded before Flop (didn't bet)
Seat 8: Kupec Danila folded before Flop (didn't bet)



PokerStars Hand #231277847945:  Hold'em No Limit ($0.01/$0.02 USD) - 2021/11/09 15:46:22 PT [2021/11/09 18:46:22 ET]
Table 'Adelaide' 9-max Seat #2 is the button
Seat 1: oblivionreX ($1.97 in chips) 
Seat 2: Dorex2007 ($2.47 in chips) 
Seat 3: Derevtsssova ($6.04 in chips) 
Seat 4: PedaleurdeCharm ($2.03 in chips) 
Seat 5: Cid s2 ($0.92 in chips) 
Seat 7: European1000 ($1.50 in chips) 
Seat 8: Kupec Danila ($1.32 in chips) 
Derevtsssova: posts small blind $0.01
PedaleurdeCharm: posts big blind $0.02
Inc4ognito: sits out 
*** HOLE CARDS ***
Dealt to Dorex2007 [Jh 2c]
Cid s2: raises $0.02 to $0.04
European1000: folds 
Kupec Danila: folds 
oblivionreX: calls $0.04
Dorex2007: folds 
Derevtsssova: folds 
PedaleurdeCharm: calls $0.02
*** FLOP *** [Ah 7d 7h]
PedaleurdeCharm: checks 
Cid s2: checks 
oblivionreX: checks 
*** TURN *** [Ah 7d 7h] [8s]
PedaleurdeCharm has timed out
PedaleurdeCharm: checks 
Cid s2: checks 
oblivionreX: checks 
*** RIVER *** [Ah 7d 7h 8s] [3d]
PedaleurdeCharm has timed out
PedaleurdeCharm: checks 
Cid s2: checks 
oblivionreX: checks 
*** SHOW DOWN ***
PedaleurdeCharm: shows [Ad 6h] (two pair, Aces and Sevens)
Cid s2: mucks hand 
oblivionreX: mucks hand 
PedaleurdeCharm collected $0.13 from pot
*** SUMMARY ***
Total pot $0.13 | Rake $0 
Board [Ah 7d 7h 8s 3d]
Seat 1: oblivionreX mucked [Qs 9s]
Seat 2: Dorex2007 (button) folded before Flop (didn't bet)
Seat 3: Derevtsssova (small blind) folded before Flop
Seat 4: PedaleurdeCharm (big blind) showed [Ad 6h] and won ($0.13) with two pair, Aces and Sevens
Seat 5: Cid s2 mucked [4s 6s]
Seat 7: European1000 folded before Flop (didn't bet)
Seat 8: Kupec Danila folded before Flop (didn't bet)



PokerStars Hand #231277880807:  Hold'em No Limit ($0.01/$0.02 USD) - 2021/11/09 15:47:56 PT [2021/11/09 18:47:56 ET]
Table 'Adelaide' 9-max Seat #3 is the button
Seat 1: oblivionreX ($1.93 in chips) 
Seat 2: Dorex2007 ($2.47 in chips) 
Seat 3: Derevtsssova ($6.03 in chips) 
Seat 4: PedaleurdeCharm ($2.12 in chips) 
Seat 5: Cid s2 ($0.88 in chips) 
Seat 7: European1000 ($1.50 in chips) 
Seat 8: Kupec Danila ($1.32 in chips) 
PedaleurdeCharm: posts small blind $0.01
Cid s2: posts big blind $0.02
Inc4ognito: sits out 
*** HOLE CARDS ***
Dealt to Dorex2007 [8c Ad]
European1000: folds 
Kupec Danila: folds 
oblivionreX: folds 
Dorex2007: folds 
Derevtsssova: folds 
PedaleurdeCharm: raises $0.02 to $0.04
Cid s2: calls $0.02
*** FLOP *** [8h Qc Td]
PedaleurdeCharm: bets $0.02
Cid s2: calls $0.02
*** TURN *** [8h Qc Td] [9s]
PedaleurdeCharm has timed out
PedaleurdeCharm: checks 
Cid s2: checks 
*** RIVER *** [8h Qc Td 9s] [Kd]
PedaleurdeCharm: checks 
Cid s2: bets $0.06
PedaleurdeCharm: folds 
Uncalled bet ($0.06) returned to Cid s2
Cid s2 collected $0.12 from pot
Cid s2: doesn't show hand 
*** SUMMARY ***
Total pot $0.12 | Rake $0 
Board [8h Qc Td 9s Kd]
Seat 1: oblivionreX folded before Flop (didn't bet)
Seat 2: Dorex2007 folded before Flop (didn't bet)
Seat 3: Derevtsssova (button) folded before Flop (didn't bet)
Seat 4: PedaleurdeCharm (small blind) folded on the River
Seat 5: Cid s2 (big blind) collected ($0.12)
Seat 7: European1000 folded before Flop (didn't bet)
Seat 8: Kupec Danila folded before Flop (didn't bet)



PokerStars Hand #231277908560:  Hold'em No Limit ($0.01/$0.02 USD) - 2021/11/09 15:49:17 PT [2021/11/09 18:49:17 ET]
Table 'Adelaide' 9-max Seat #4 is the button
Seat 1: oblivionreX ($2 in chips) 
Seat 2: Dorex2007 ($2.47 in chips) 
Seat 3: Derevtsssova ($6.03 in chips) 
Seat 4: PedaleurdeCharm ($2.06 in chips) 
Seat 5: Cid s2 ($0.94 in chips) 
Seat 6: Inc4ognito ($4.19 in chips) 
Seat 7: European1000 ($1.50 in chips) 
Seat 8: Kupec Danila ($1.32 in chips) 
Cid s2: posts small blind $0.01
Inc4ognito: posts big blind $0.02
*** HOLE CARDS ***
Dealt to Dorex2007 [3c 7c]
European1000: calls $0.02
Kupec Danila: folds 
oblivionreX: folds 
Dorex2007: folds 
Derevtsssova: raises $0.04 to $0.06
PedaleurdeCharm: folds 
Cid s2: raises $0.04 to $0.10
Inc4ognito: folds 
European1000: calls $0.08
Derevtsssova: calls $0.04
*** FLOP *** [Ad 7h 2s]
Cid s2: bets $0.16
European1000: folds 
Derevtsssova: folds 
Uncalled bet ($0.16) returned to Cid s2
Cid s2 collected $0.31 from pot
Cid s2: doesn't show hand 
*** SUMMARY ***
Total pot $0.32 | Rake $0.01 
Board [Ad 7h 2s]
Seat 1: oblivionreX folded before Flop (didn't bet)
Seat 2: Dorex2007 folded before Flop (didn't bet)
Seat 3: Derevtsssova folded on the Flop
Seat 4: PedaleurdeCharm (button) folded before Flop (didn't bet)
Seat 5: Cid s2 (small blind) collected ($0.31)
Seat 6: Inc4ognito (big blind) folded before Flop
Seat 7: European1000 folded on the Flop
Seat 8: Kupec Danila folded before Flop (didn't bet)



PokerStars Hand #231277923936:  Hold'em No Limit ($0.01/$0.02 USD) - 2021/11/09 15:50:01 PT [2021/11/09 18:50:01 ET]
Table 'Adelaide' 9-max Seat #5 is the button
Seat 1: oblivionreX ($2 in chips) 
Seat 2: Dorex2007 ($2.47 in chips) 
Seat 3: Derevtsssova ($5.93 in chips) 
Seat 4: PedaleurdeCharm ($2.06 in chips) 
Seat 5: Cid s2 ($1.15 in chips) 
Seat 6: Inc4ognito ($4.17 in chips) 
Seat 7: European1000 ($1.40 in chips) 
Seat 8: Kupec Danila ($1.32 in chips) 
Inc4ognito: posts small blind $0.01
European1000: posts big blind $0.02
*** HOLE CARDS ***
Dealt to Dorex2007 [Jc 6s]
Kupec Danila: folds 
oblivionreX: folds 
Dorex2007: folds 
Derevtsssova: folds 
PedaleurdeCharm: folds 
Cid s2: raises $0.02 to $0.04
Inc4ognito: folds 
European1000: calls $0.02
*** FLOP *** [7h 6d Ad]
European1000: checks 
Cid s2: bets $0.05
European1000: folds 
Uncalled bet ($0.05) returned to Cid s2
Cid s2 collected $0.09 from pot
Cid s2: doesn't show hand 
*** SUMMARY ***
Total pot $0.09 | Rake $0 
Board [7h 6d Ad]
Seat 1: oblivionreX folded before Flop (didn't bet)
Seat 2: Dorex2007 folded before Flop (didn't bet)
Seat 3: Derevtsssova folded before Flop (didn't bet)
Seat 4: PedaleurdeCharm folded before Flop (didn't bet)
Seat 5: Cid s2 (button) collected ($0.09)
Seat 6: Inc4ognito (small blind) folded before Flop
Seat 7: European1000 (big blind) folded on the Flop
Seat 8: Kupec Danila folded before Flop (didn't bet)



PokerStars Hand #231277933857:  Hold'em No Limit ($0.01/$0.02 USD) - 2021/11/09 15:50:30 PT [2021/11/09 18:50:30 ET]
Table 'Adelaide' 9-max Seat #6 is the button
Seat 1: oblivionreX ($2 in chips) 
Seat 2: Dorex2007 ($2.47 in chips) 
Seat 3: Derevtsssova ($5.93 in chips) 
Seat 4: PedaleurdeCharm ($2.06 in chips) 
Seat 5: Cid s2 ($1.20 in chips) 
Seat 6: Inc4ognito ($4.16 in chips) 
Seat 7: European1000 ($1.36 in chips) 
Seat 8: Kupec Danila ($1.32 in chips) 
European1000: posts small blind $0.01
Kupec Danila: posts big blind $0.02
*** HOLE CARDS ***
Dealt to Dorex2007 [Qh 7c]
oblivionreX: folds 
Dorex2007: folds 
Derevtsssova has timed out
Derevtsssova: folds 
PedaleurdeCharm is disconnected 
PedaleurdeCharm has timed out while disconnected
PedaleurdeCharm: folds 
Cid s2: folds 
Inc4ognito: folds 
European1000: folds 
Uncalled bet ($0.01) returned to Kupec Danila
Kupec Danila collected $0.02 from pot
*** SUMMARY ***
Total pot $0.02 | Rake $0 
Seat 1: oblivionreX folded before Flop (didn't bet)
Seat 2: Dorex2007 folded before Flop (didn't bet)
Seat 3: Derevtsssova folded before Flop (didn't bet)
Seat 4: PedaleurdeCharm folded before Flop (didn't bet)
Seat 5: Cid s2 folded before Flop (didn't bet)
Seat 6: Inc4ognito (button) folded before Flop (didn't bet)
Seat 7: European1000 (small blind) folded before Flop
Seat 8: Kupec Danila (big blind) collected ($0.02)



PokerStars Hand #231277947462:  Hold'em No Limit ($0.01/$0.02 USD) - 2021/11/09 15:51:10 PT [2021/11/09 18:51:10 ET]
Table 'Adelaide' 9-max Seat #7 is the button
Seat 1: oblivionreX ($2 in chips) 
Seat 2: Dorex2007 ($2.47 in chips) 
Seat 3: Derevtsssova ($5.93 in chips) 
Seat 5: Cid s2 ($1.20 in chips) 
Seat 6: Inc4ognito ($4.16 in chips) 
Seat 7: European1000 ($1.35 in chips) 
Seat 8: Kupec Danila ($1.33 in chips) 
Kupec Danila: posts small blind $0.01
oblivionreX: posts big blind $0.02
*** HOLE CARDS ***
Dealt to Dorex2007 [3s 8c]
Dorex2007: folds 
Derevtsssova: folds 
Cid s2: folds 
Inc4ognito: raises $0.04 to $0.06
European1000: folds 
Kupec Danila: raises $0.14 to $0.20
oblivionreX: folds 
Inc4ognito: raises $0.42 to $0.62
Kupec Danila: calls $0.42
*** FLOP *** [As Jc 8h]
Kupec Danila: bets $0.71 and is all-in
Inc4ognito: folds 
Uncalled bet ($0.71) returned to Kupec Danila
Kupec Danila collected $1.22 from pot
*** SUMMARY ***
Total pot $1.26 | Rake $0.04 
Board [As Jc 8h]
Seat 1: oblivionreX (big blind) folded before Flop
Seat 2: Dorex2007 folded before Flop (didn't bet)
Seat 3: Derevtsssova folded before Flop (didn't bet)
Seat 5: Cid s2 folded before Flop (didn't bet)
Seat 6: Inc4ognito folded on the Flop
Seat 7: European1000 (button) folded before Flop (didn't bet)
Seat 8: Kupec Danila (small blind) collected ($1.22)



PokerStars Hand #231277960944:  Hold'em No Limit ($0.01/$0.02 USD) - 2021/11/09 15:51:50 PT [2021/11/09 18:51:50 ET]
Table 'Adelaide' 9-max Seat #8 is the button
Seat 1: oblivionreX ($1.98 in chips) 
Seat 2: Dorex2007 ($2.47 in chips) 
Seat 5: Cid s2 ($1.20 in chips) 
Seat 6: Inc4ognito ($3.54 in chips) 
Seat 7: European1000 ($1.35 in chips) 
Seat 8: Kupec Danila ($1.93 in chips) 
oblivionreX: posts small blind $0.01
Dorex2007: posts big blind $0.02
*** HOLE CARDS ***
Dealt to Dorex2007 [8c Ah]
Cid s2: folds 
Inc4ognito: folds 
European1000: folds 
Kupec Danila: folds 
oblivionreX: raises $0.04 to $0.06
Dorex2007: folds 
Uncalled bet ($0.04) returned to oblivionreX
oblivionreX collected $0.04 from pot
oblivionreX: doesn't show hand 
*** SUMMARY ***
Total pot $0.04 | Rake $0 
Seat 1: oblivionreX (small blind) collected ($0.04)
Seat 2: Dorex2007 (big blind) folded before Flop
Seat 5: Cid s2 folded before Flop (didn't bet)
Seat 6: Inc4ognito folded before Flop (didn't bet)
Seat 7: European1000 folded before Flop (didn't bet)
Seat 8: Kupec Danila (button) folded before Flop (didn't bet)



PokerStars Hand #231277966763:  Hold'em No Limit ($0.01/$0.02 USD) - 2021/11/09 15:52:07 PT [2021/11/09 18:52:07 ET]
Table 'Adelaide' 9-max Seat #1 is the button
Seat 1: oblivionreX ($2 in chips) 
Seat 2: Dorex2007 ($2.45 in chips) 
Seat 5: Cid s2 ($1.20 in chips) 
Seat 6: Inc4ognito ($3.54 in chips) 
Seat 7: European1000 ($1.35 in chips) 
Seat 8: Kupec Danila ($1.93 in chips) 
Dorex2007: posts small blind $0.01
Cid s2: posts big blind $0.02
*** HOLE CARDS ***
Dealt to Dorex2007 [Qs 4s]
Inc4ognito has timed out
Inc4ognito: folds 
European1000: folds 
Kupec Danila: folds 
oblivionreX: raises $0.04 to $0.06
Dorex2007: folds 
Cid s2: calls $0.04
*** FLOP *** [8d 9s 3s]
Cid s2: checks 
oblivionreX: bets $0.07
Cid s2: folds 
Uncalled bet ($0.07) returned to oblivionreX
oblivionreX collected $0.13 from pot
oblivionreX: doesn't show hand 
*** SUMMARY ***
Total pot $0.13 | Rake $0 
Board [8d 9s 3s]
Seat 1: oblivionreX (button) collected ($0.13)
Seat 2: Dorex2007 (small blind) folded before Flop
Seat 5: Cid s2 (big blind) folded on the Flop
Seat 6: Inc4ognito folded before Flop (didn't bet)
Seat 7: European1000 folded before Flop (didn't bet)
Seat 8: Kupec Danila folded before Flop (didn't bet)



PokerStars Hand #231277977366:  Hold'em No Limit ($0.01/$0.02 USD) - 2021/11/09 15:52:38 PT [2021/11/09 18:52:38 ET]
Table 'Adelaide' 9-max Seat #2 is the button
Seat 1: oblivionreX ($2.07 in chips) 
Seat 2: Dorex2007 ($2.44 in chips) 
Seat 5: Cid s2 ($1.14 in chips) 
Seat 6: Inc4ognito ($3.54 in chips) 
Seat 7: European1000 ($1.35 in chips) 
Seat 8: Kupec Danila ($1.93 in chips) 
Cid s2: posts small blind $0.01
Inc4ognito: posts big blind $0.02
*** HOLE CARDS ***
Dealt to Dorex2007 [3h 5d]
European1000: folds 
Kupec Danila: folds 
oblivionreX: raises $0.04 to $0.06
Dorex2007: folds 
Cid s2: folds 
Inc4ognito: calls $0.04
*** FLOP *** [Kc 4s 8s]
Inc4ognito: checks 
oblivionreX: bets $0.05
Inc4ognito: folds 
Uncalled bet ($0.05) returned to oblivionreX
oblivionreX collected $0.13 from pot
oblivionreX: doesn't show hand 
*** SUMMARY ***
Total pot $0.13 | Rake $0 
Board [Kc 4s 8s]
Seat 1: oblivionreX collected ($0.13)
Seat 2: Dorex2007 (button) folded before Flop (didn't bet)
Seat 5: Cid s2 (small blind) folded before Flop
Seat 6: Inc4ognito (big blind) folded on the Flop
Seat 7: European1000 folded before Flop (didn't bet)
Seat 8: Kupec Danila folded before Flop (didn't bet)



PokerStars Hand #231277987199:  Hold'em No Limit ($0.01/$0.02 USD) - 2021/11/09 15:53:07 PT [2021/11/09 18:53:07 ET]
Table 'Adelaide' 9-max Seat #5 is the button
Seat 1: oblivionreX ($2.14 in chips) 
Seat 2: Dorex2007 ($2.44 in chips) 
Seat 5: Cid s2 ($1.13 in chips) 
Seat 6: Inc4ognito ($3.48 in chips) 
Seat 7: European1000 ($1.35 in chips) 
Seat 8: Kupec Danila ($1.93 in chips) 
Inc4ognito: posts small blind $0.01
European1000: posts big blind $0.02
*** HOLE CARDS ***
Dealt to Dorex2007 [4d 3d]
Kupec Danila: raises $0.04 to $0.06
oblivionreX: folds 
Dorex2007: folds 
Cid s2: folds 
Inc4ognito: folds 
European1000: calls $0.04
*** FLOP *** [5h Js 8h]
European1000: bets $0.08
Kupec Danila: folds 
Uncalled bet ($0.08) returned to European1000
European1000 collected $0.13 from pot
European1000: doesn't show hand 
*** SUMMARY ***
Total pot $0.13 | Rake $0 
Board [5h Js 8h]
Seat 1: oblivionreX folded before Flop (didn't bet)
Seat 2: Dorex2007 folded before Flop (didn't bet)
Seat 5: Cid s2 (button) folded before Flop (didn't bet)
Seat 6: Inc4ognito (small blind) folded before Flop
Seat 7: European1000 (big blind) collected ($0.13)
Seat 8: Kupec Danila folded on the Flop



PokerStars Hand #231277996477:  Hold'em No Limit ($0.01/$0.02 USD) - 2021/11/09 15:53:34 PT [2021/11/09 18:53:34 ET]
Table 'Adelaide' 9-max Seat #6 is the button
Seat 1: oblivionreX ($2.14 in chips) 
Seat 2: Dorex2007 ($2.44 in chips) 
Seat 5: Cid s2 ($1.13 in chips) 
Seat 6: Inc4ognito ($3.47 in chips) 
Seat 7: European1000 ($1.42 in chips) 
Seat 8: Kupec Danila ($1.87 in chips) 
European1000: posts small blind $0.01
Kupec Danila: posts big blind $0.02
*** HOLE CARDS ***
Dealt to Dorex2007 [7c Kc]
oblivionreX: folds 
Dorex2007: folds 
Cid s2: folds 
Inc4ognito: folds 
European1000: folds 
Uncalled bet ($0.01) returned to Kupec Danila
Kupec Danila collected $0.02 from pot
*** SUMMARY ***
Total pot $0.02 | Rake $0 
Seat 1: oblivionreX folded before Flop (didn't bet)
Seat 2: Dorex2007 folded before Flop (didn't bet)
Seat 5: Cid s2 folded before Flop (didn't bet)
Seat 6: Inc4ognito (button) folded before Flop (didn't bet)
Seat 7: European1000 (small blind) folded before Flop
Seat 8: Kupec Danila (big blind) collected ($0.02)



PokerStars Hand #231278001598:  Hold'em No Limit ($0.01/$0.02 USD) - 2021/11/09 15:53:49 PT [2021/11/09 18:53:49 ET]
Table 'Adelaide' 9-max Seat #7 is the button
Seat 1: oblivionreX ($2.14 in chips) 
Seat 2: Dorex2007 ($2.44 in chips) 
Seat 5: Cid s2 ($1.13 in chips) 
Seat 6: Inc4ognito ($3.47 in chips) 
Seat 7: European1000 ($1.41 in chips) 
Seat 8: Kupec Danila ($1.88 in chips) 
Kupec Danila: posts small blind $0.01
oblivionreX: posts big blind $0.02
*** HOLE CARDS ***
Dealt to Dorex2007 [6h 3h]
Dorex2007: folds 
Cid s2: folds 
Inc4ognito: folds 
European1000: folds 
Kupec Danila: raises $0.04 to $0.06
oblivionreX: calls $0.04
*** FLOP *** [2c Qd 9h]
Kupec Danila: checks 
oblivionreX: bets $0.06
Boomz25 leaves the table
Kupec Danila: folds 
Uncalled bet ($0.06) returned to oblivionreX
oblivionreX collected $0.12 from pot
oblivionreX: doesn't show hand 
*** SUMMARY ***
Total pot $0.12 | Rake $0 
Board [2c Qd 9h]
Seat 1: oblivionreX (big blind) collected ($0.12)
Seat 2: Dorex2007 folded before Flop (didn't bet)
Seat 5: Cid s2 folded before Flop (didn't bet)
Seat 6: Inc4ognito folded before Flop (didn't bet)
Seat 7: European1000 (button) folded before Flop (didn't bet)
Seat 8: Kupec Danila (small blind) folded on the Flop



PokerStars Hand #231278015710:  Hold'em No Limit ($0.01/$0.02 USD) - 2021/11/09 15:54:31 PT [2021/11/09 18:54:31 ET]
Table 'Adelaide' 9-max Seat #8 is the button
Seat 1: oblivionreX ($2.20 in chips) 
Seat 2: Dorex2007 ($2.44 in chips) 
Seat 5: Cid s2 ($1.13 in chips) 
Seat 6: Inc4ognito ($3.47 in chips) 
Seat 7: European1000 ($1.41 in chips) 
Seat 8: Kupec Danila ($1.82 in chips) 
oblivionreX: posts small blind $0.01
Dorex2007: posts big blind $0.02
*** HOLE CARDS ***
Dealt to Dorex2007 [3c 6c]
20comer20x joins the table at seat #9 
Cid s2: raises $0.02 to $0.04
Inc4ognito: folds 
European1000: folds 
Kupec Danila: folds 
oblivionreX: folds 
Dorex2007: folds 
Uncalled bet ($0.02) returned to Cid s2
Cid s2 collected $0.05 from pot
Cid s2: doesn't show hand 
*** SUMMARY ***
Total pot $0.05 | Rake $0 
Seat 1: oblivionreX (small blind) folded before Flop
Seat 2: Dorex2007 (big blind) folded before Flop
Seat 5: Cid s2 collected ($0.05)
Seat 6: Inc4ognito folded before Flop (didn't bet)
Seat 7: European1000 folded before Flop (didn't bet)
Seat 8: Kupec Danila (button) folded before Flop (didn't bet)



PokerStars Hand #231278022847:  Hold'em No Limit ($0.01/$0.02 USD) - 2021/11/09 15:54:53 PT [2021/11/09 18:54:53 ET]
Table 'Adelaide' 9-max Seat #1 is the button
Seat 1: oblivionreX ($2.19 in chips) 
Seat 2: Dorex2007 ($2.42 in chips) 
Seat 5: Cid s2 ($1.16 in chips) 
Seat 6: Inc4ognito ($3.47 in chips) 
Seat 7: European1000 ($1.41 in chips) 
Seat 8: Kupec Danila ($1.82 in chips) 
Seat 9: 20comer20x ($2 in chips) 
Dorex2007: posts small blind $0.01
Cid s2: posts big blind $0.02
20comer20x: posts big blind $0.02
*** HOLE CARDS ***
Dealt to Dorex2007 [Ad 8d]
Inc4ognito: folds 
European1000: folds 
Kupec Danila: folds 
20comer20x: checks 
oblivionreX: raises $0.05 to $0.07
Dorex2007: calls $0.06
Cid s2: folds 
20comer20x: folds 
*** FLOP *** [Tc 5s Js]
Dorex2007: checks 
oblivionreX: checks 
*** TURN *** [Tc 5s Js] [4c]
Dorex2007: checks 
oblivionreX: bets $0.06
Dorex2007: folds 
Uncalled bet ($0.06) returned to oblivionreX
oblivionreX collected $0.17 from pot
oblivionreX: doesn't show hand 
*** SUMMARY ***
Total pot $0.18 | Rake $0.01 
Board [Tc 5s Js 4c]
Seat 1: oblivionreX (button) collected ($0.17)
Seat 2: Dorex2007 (small blind) folded on the Turn
Seat 5: Cid s2 (big blind) folded before Flop
Seat 6: Inc4ognito folded before Flop (didn't bet)
Seat 7: European1000 folded before Flop (didn't bet)
Seat 8: Kupec Danila folded before Flop (didn't bet)
Seat 9: 20comer20x folded before Flop (didn't bet)



PokerStars Hand #231278038236:  Hold'em No Limit ($0.01/$0.02 USD) - 2021/11/09 15:55:46 PT [2021/11/09 18:55:46 ET]
Table 'Adelaide' 9-max Seat #2 is the button
Seat 1: oblivionreX ($2.29 in chips) 
Seat 2: Dorex2007 ($2.35 in chips) 
Seat 5: Cid s2 ($1.14 in chips) 
Seat 6: Inc4ognito ($3.47 in chips) 
Seat 7: European1000 ($1.41 in chips) 
Seat 8: Kupec Danila ($1.82 in chips) 
Seat 9: 20comer20x ($1.98 in chips) 
Cid s2: posts small blind $0.01
Inc4ognito: posts big blind $0.02
*** HOLE CARDS ***
Dealt to Dorex2007 [Ah Qs]
European1000: folds 
Kupec Danila: folds 
20comer20x has timed out
20comer20x: folds 
oblivionreX: folds 
Dorex2007: raises $0.04 to $0.06
Cid s2: folds 
Inc4ognito: calls $0.04
*** FLOP *** [9c Ad Ac]
Inc4ognito: checks 
Dorex2007: bets $0.09
Inc4ognito: folds 
Uncalled bet ($0.09) returned to Dorex2007
Dorex2007 collected $0.13 from pot
Dorex2007: doesn't show hand 
*** SUMMARY ***
Total pot $0.13 | Rake $0 
Board [9c Ad Ac]
Seat 1: oblivionreX folded before Flop (didn't bet)
Seat 2: Dorex2007 (button) collected ($0.13)
Seat 5: Cid s2 (small blind) folded before Flop
Seat 6: Inc4ognito (big blind) folded on the Flop
Seat 7: European1000 folded before Flop (didn't bet)
Seat 8: Kupec Danila folded before Flop (didn't bet)
Seat 9: 20comer20x folded before Flop (didn't bet)



PokerStars Hand #231278049905:  Hold'em No Limit ($0.01/$0.02 USD) - 2021/11/09 15:56:29 PT [2021/11/09 18:56:29 ET]
Table 'Adelaide' 9-max Seat #5 is the button
Seat 1: oblivionreX ($2.29 in chips) 
Seat 2: Dorex2007 ($2.42 in chips) 
Seat 5: Cid s2 ($1.13 in chips) 
Seat 6: Inc4ognito ($3.41 in chips) 
Seat 7: European1000 ($1.41 in chips) 
Seat 8: Kupec Danila ($1.82 in chips) 
Seat 9: 20comer20x ($1.98 in chips) 
Inc4ognito: posts small blind $0.01
European1000: posts big blind $0.02
*** HOLE CARDS ***
Dealt to Dorex2007 [Jd 6d]
Kupec Danila: folds 
20comer20x has timed out
20comer20x: folds 
oblivionreX: raises $0.04 to $0.06
Dorex2007: folds 
Cid s2: calls $0.06
Inc4ognito: folds 
European1000: folds 
*** FLOP *** [9h 6h Qd]
oblivionreX: checks 
Cid s2: checks 
*** TURN *** [9h 6h Qd] [8d]
oblivionreX: checks 
Cid s2: checks 
*** RIVER *** [9h 6h Qd 8d] [Ts]
oblivionreX: checks 
Cid s2: checks 
*** SHOW DOWN ***
oblivionreX: shows [2c 2d] (a pair of Deuces)
Cid s2: mucks hand 
oblivionreX collected $0.14 from pot
*** SUMMARY ***
Total pot $0.15 | Rake $0.01 
Board [9h 6h Qd 8d Ts]
Seat 1: oblivionreX showed [2c 2d] and won ($0.14) with a pair of Deuces
Seat 2: Dorex2007 folded before Flop (didn't bet)
Seat 5: Cid s2 (button) mucked [Ac 3h]
Seat 6: Inc4ognito (small blind) folded before Flop
Seat 7: European1000 (big blind) folded before Flop
Seat 8: Kupec Danila folded before Flop (didn't bet)
Seat 9: 20comer20x folded before Flop (didn't bet)



PokerStars Hand #231278062913:  Hold'em No Limit ($0.01/$0.02 USD) - 2021/11/09 15:57:17 PT [2021/11/09 18:57:17 ET]
Table 'Adelaide' 9-max Seat #6 is the button
Seat 1: oblivionreX ($2.37 in chips) 
Seat 2: Dorex2007 ($2.42 in chips) 
Seat 5: Cid s2 ($1.07 in chips) 
Seat 6: Inc4ognito ($3.40 in chips) 
Seat 7: European1000 ($1.39 in chips) 
Seat 8: Kupec Danila ($1.82 in chips) 
European1000: posts small blind $0.01
Kupec Danila: posts big blind $0.02
*** HOLE CARDS ***
Dealt to Dorex2007 [Th 5h]
oblivionreX: folds 
Dorex2007: folds 
Cid s2: raises $0.02 to $0.04
Inc4ognito: folds 
European1000: calls $0.03
Kupec Danila: calls $0.02
*** FLOP *** [Jd Kc Jh]
European1000: bets $0.06
Kupec Danila: folds 
Cid s2: raises $0.12 to $0.18
European1000: folds 
Uncalled bet ($0.12) returned to Cid s2
Cid s2 collected $0.23 from pot
Cid s2: doesn't show hand 
*** SUMMARY ***
Total pot $0.24 | Rake $0.01 
Board [Jd Kc Jh]
Seat 1: oblivionreX folded before Flop (didn't bet)
Seat 2: Dorex2007 folded before Flop (didn't bet)
Seat 5: Cid s2 collected ($0.23)
Seat 6: Inc4ognito (button) folded before Flop (didn't bet)
Seat 7: European1000 (small blind) folded on the Flop
Seat 8: Kupec Danila (big blind) folded on the Flop



PokerStars Hand #231278073602:  Hold'em No Limit ($0.01/$0.02 USD) - 2021/11/09 15:57:57 PT [2021/11/09 18:57:57 ET]
Table 'Adelaide' 9-max Seat #7 is the button
Seat 1: oblivionreX ($2.37 in chips) 
Seat 2: Dorex2007 ($2.42 in chips) 
Seat 5: Cid s2 ($1.20 in chips) 
Seat 6: Inc4ognito ($3.40 in chips) 
Seat 7: European1000 ($1.29 in chips) 
Seat 8: Kupec Danila ($1.78 in chips) 
Kupec Danila: posts small blind $0.01
oblivionreX: posts big blind $0.02
*** HOLE CARDS ***
Dealt to Dorex2007 [Ks 6s]
Dorex2007: folds 
Cid s2: calls $0.02
Inc4ognito: raises $0.07 to $0.09
European1000: folds 
Kupec Danila: folds 
oblivionreX: folds 
Cid s2: calls $0.07
*** FLOP *** [Kd 4h 5c]
Cid s2: checks 
Inc4ognito: checks 
*** TURN *** [Kd 4h 5c] [Kh]
Cid s2: checks 
Inc4ognito: bets $0.10
Cid s2: calls $0.10
*** RIVER *** [Kd 4h 5c Kh] [Td]
PedaleurdeCharm is disconnected 
Cid s2: checks 
Inc4ognito: checks 
*** SHOW DOWN ***
Cid s2: shows [3c 2c] (a pair of Kings)
Inc4ognito: shows [Ts Qd] (two pair, Kings and Tens)
Inc4ognito collected $0.40 from pot
*** SUMMARY ***
Total pot $0.41 | Rake $0.01 
Board [Kd 4h 5c Kh Td]
Seat 1: oblivionreX (big blind) folded before Flop
Seat 2: Dorex2007 folded before Flop (didn't bet)
Seat 5: Cid s2 showed [3c 2c] and lost with a pair of Kings
Seat 6: Inc4ognito showed [Ts Qd] and won ($0.40) with two pair, Kings and Tens
Seat 7: European1000 (button) folded before Flop (didn't bet)
Seat 8: Kupec Danila (small blind) folded before Flop



PokerStars Hand #231278086364:  Hold'em No Limit ($0.01/$0.02 USD) - 2021/11/09 15:58:44 PT [2021/11/09 18:58:44 ET]
Table 'Adelaide' 9-max Seat #8 is the button
Seat 1: oblivionreX ($2.35 in chips) 
Seat 2: Dorex2007 ($2.42 in chips) 
Seat 6: Inc4ognito ($3.61 in chips) 
Seat 7: European1000 ($1.29 in chips) 
Seat 8: Kupec Danila ($1.77 in chips) 
oblivionreX: posts small blind $0.01
Dorex2007: posts big blind $0.02
*** HOLE CARDS ***
Dealt to Dorex2007 [7s 7c]
Inc4ognito: folds 
Derevtsssova is disconnected 
European1000: folds 
Kupec Danila: raises $0.04 to $0.06
oblivionreX: folds 
Dorex2007: raises $2.36 to $2.42 and is all-in
Kupec Danila: calls $1.71 and is all-in
Uncalled bet ($0.65) returned to Dorex2007
*** FLOP *** [Qh Kc 4h]
*** TURN *** [Qh Kc 4h] [8d]
*** RIVER *** [Qh Kc 4h 8d] [Js]
*** SHOW DOWN ***
Dorex2007: shows [7s 7c] (a pair of Sevens)
Kupec Danila: shows [9c 9s] (a pair of Nines)
Kupec Danila cashed out the hand for $2.79 | Cash Out Fee $0.03
*** SUMMARY ***
Total pot $3.55 | Rake $0.12 
Board [Qh Kc 4h 8d Js]
Seat 1: oblivionreX (small blind) folded before Flop
Seat 2: Dorex2007 (big blind) showed [7s 7c] and lost with a pair of Sevens
Seat 6: Inc4ognito folded before Flop (didn't bet)
Seat 7: European1000 folded before Flop (didn't bet)
Seat 8: Kupec Danila (button) showed [9c 9s] and won ($3.43) with a pair of Nines (pot not awarded as player cashed out)



PokerStars Hand #231278095573:  Hold'em No Limit ($0.01/$0.02 USD) - 2021/11/09 15:59:19 PT [2021/11/09 18:59:19 ET]
Table 'Adelaide' 9-max Seat #1 is the button
Seat 1: oblivionreX ($2.34 in chips) 
Seat 2: Dorex2007 ($2 in chips) 
Seat 6: Inc4ognito ($3.61 in chips) 
Seat 7: European1000 ($1.29 in chips) 
Seat 8: Kupec Danila ($2.79 in chips) 
Dorex2007: posts small blind $0.01
Inc4ognito: posts big blind $0.02
20comer20x: sits out 
*** HOLE CARDS ***
Dealt to Dorex2007 [3s 5c]
European1000: folds 
Kupec Danila: folds 
oblivionreX: folds 
Dorex2007: folds 
Uncalled bet ($0.01) returned to Inc4ognito
Inc4ognito collected $0.02 from pot
Inc4ognito: doesn't show hand 
*** SUMMARY ***
Total pot $0.02 | Rake $0 
Seat 1: oblivionreX (button) folded before Flop (didn't bet)
Seat 2: Dorex2007 (small blind) folded before Flop
Seat 6: Inc4ognito (big blind) collected ($0.02)
Seat 7: European1000 folded before Flop (didn't bet)
Seat 8: Kupec Danila folded before Flop (didn't bet)



PokerStars Hand #231278098192:  Hold'em No Limit ($0.01/$0.02 USD) - 2021/11/09 15:59:28 PT [2021/11/09 18:59:28 ET]
Table 'Adelaide' 9-max Seat #2 is the button
Seat 1: oblivionreX ($2.34 in chips) 
Seat 2: Dorex2007 ($2 in chips) 
Seat 6: Inc4ognito ($3.62 in chips) 
Seat 7: European1000 ($1.29 in chips) 
Seat 8: Kupec Danila ($2.79 in chips) 
Seat 9: 20comer20x ($1.98 in chips) 
Inc4ognito: posts small blind $0.01
European1000: posts big blind $0.02
20comer20x: posts small & big blinds $0.03
*** HOLE CARDS ***
Dealt to Dorex2007 [Qc Jc]
Kupec Danila: calls $0.02
20comer20x: checks 
oblivionreX: folds 
Dorex2007: calls $0.02
Inc4ognito: folds 
European1000: checks 
*** FLOP *** [Ts 5d 3s]
European1000: checks 
Kupec Danila: checks 
Cid s2 leaves the table
20comer20x: checks 
Dorex2007: checks 
*** TURN *** [Ts 5d 3s] [Kh]
European1000: checks 
Kupec Danila: bets $0.06
20comer20x: folds 
Dorex2007: calls $0.06
European1000: folds 
*** RIVER *** [Ts 5d 3s Kh] [5h]
Kupec Danila: checks 
Dorex2007: bets $0.21
Kupec Danila: calls $0.21
*** SHOW DOWN ***
Dorex2007: shows [Qc Jc] (a pair of Fives)
Kupec Danila: shows [Kc 7c] (two pair, Kings and Fives)
Kupec Danila collected $0.62 from pot
*** SUMMARY ***
Total pot $0.64 | Rake $0.02 
Board [Ts 5d 3s Kh 5h]
Seat 1: oblivionreX folded before Flop (didn't bet)
Seat 2: Dorex2007 (button) showed [Qc Jc] and lost with a pair of Fives
Seat 6: Inc4ognito (small blind) folded before Flop
Seat 7: European1000 (big blind) folded on the Turn
Seat 8: Kupec Danila showed [Kc 7c] and won ($0.62) with two pair, Kings and Fives
Seat 9: 20comer20x folded on the Turn (didn't bet)



