PokerStars Hand #224034520917:  Hold'em No Limit ($0.01/$0.02 USD) - 2021/02/20 11:31:03 PT [2021/02/20 14:31:03 ET]
Table 'Kiess V' 9-max Seat #8 is the button
Seat 1: xxxxxxxx_br ($0.36 in chips) 
Seat 2: Dorex2007 ($1.50 in chips) 
Seat 3: Antonsha07 ($2.10 in chips) 
Seat 4: Mike Grib ($2.76 in chips) 
Seat 5: idealét1-2 ($2.63 in chips) 
Seat 7: leon220871 ($2.96 in chips) 
Seat 8: 77SLAVA7 ($2.63 in chips) 
Seat 9: BanneyB ($1.93 in chips) 
BanneyB: posts small blind $0.01
xxxxxxxx_br: posts big blind $0.02
Dorex2007: posts big blind $0.02
*** HOLE CARDS ***
Dealt to Dorex2007 [7h 8s]
Dorex2007: checks 
Antonsha07: folds 
Mike Grib: folds 
idealét1-2: calls $0.02
leon220871: folds 
77SLAVA7: folds 
BanneyB: calls $0.01
xxxxxxxx_br: checks 
*** FLOP *** [5s Td 6h]
BanneyB: checks 
xxxxxxxx_br: checks 
Dorex2007: checks 
idealét1-2: checks 
*** TURN *** [5s Td 6h] [3h]
BanneyB: checks 
xxxxxxxx_br: checks 
Dorex2007: checks 
idealét1-2: bets $0.12
BanneyB: folds 
xxxxxxxx_br: folds 
Dorex2007: calls $0.12
*** RIVER *** [5s Td 6h 3h] [3c]
Dorex2007: checks 
idealét1-2: checks 
*** SHOW DOWN ***
Dorex2007: shows [7h 8s] (a pair of Threes)
idealét1-2: shows [Qd 6s] (two pair, Sixes and Threes)
idealét1-2 collected $0.31 from pot
*** SUMMARY ***
Total pot $0.32 | Rake $0.01 
Board [5s Td 6h 3h 3c]
Seat 1: xxxxxxxx_br (big blind) folded on the Turn
Seat 2: Dorex2007 showed [7h 8s] and lost with a pair of Threes
Seat 3: Antonsha07 folded before Flop (didn't bet)
Seat 4: Mike Grib folded before Flop (didn't bet)
Seat 5: idealét1-2 showed [Qd 6s] and won ($0.31) with two pair, Sixes and Threes
Seat 7: leon220871 folded before Flop (didn't bet)
Seat 8: 77SLAVA7 (button) folded before Flop (didn't bet)
Seat 9: BanneyB (small blind) folded on the Turn



PokerStars Hand #224034579309:  Hold'em No Limit ($0.01/$0.02 USD) - 2021/02/20 11:32:24 PT [2021/02/20 14:32:24 ET]
Table 'Kiess V' 9-max Seat #9 is the button
Seat 1: xxxxxxxx_br ($0.34 in chips) 
Seat 2: Dorex2007 ($1.36 in chips) 
Seat 3: Antonsha07 ($2.10 in chips) 
Seat 4: Mike Grib ($2.76 in chips) 
Seat 5: idealét1-2 ($2.80 in chips) 
Seat 7: leon220871 ($2.96 in chips) 
Seat 8: 77SLAVA7 ($2.63 in chips) 
Seat 9: BanneyB ($1.91 in chips) 
xxxxxxxx_br: posts small blind $0.01
Dorex2007: posts big blind $0.02
*** HOLE CARDS ***
Dealt to Dorex2007 [Ad Js]
Antonsha07 has timed out
Antonsha07: folds 
Mike Grib: folds 
idealét1-2: folds 
leon220871: folds 
77SLAVA7: folds 
BanneyB: folds 
xxxxxxxx_br: calls $0.01
Dorex2007: checks 
*** FLOP *** [2c Qc Jd]
xxxxxxxx_br: checks 
Dorex2007: bets $0.04
xxxxxxxx_br: folds 
Uncalled bet ($0.04) returned to Dorex2007
Dorex2007 collected $0.04 from pot
Dorex2007: doesn't show hand 
*** SUMMARY ***
Total pot $0.04 | Rake $0 
Board [2c Qc Jd]
Seat 1: xxxxxxxx_br (small blind) folded on the Flop
Seat 2: Dorex2007 (big blind) collected ($0.04)
Seat 3: Antonsha07 folded before Flop (didn't bet)
Seat 4: Mike Grib folded before Flop (didn't bet)
Seat 5: idealét1-2 folded before Flop (didn't bet)
Seat 7: leon220871 folded before Flop (didn't bet)
Seat 8: 77SLAVA7 folded before Flop (didn't bet)
Seat 9: BanneyB (button) folded before Flop (didn't bet)



PokerStars Hand #224034616972:  Hold'em No Limit ($0.01/$0.02 USD) - 2021/02/20 11:33:16 PT [2021/02/20 14:33:16 ET]
Table 'Kiess V' 9-max Seat #1 is the button
Seat 1: xxxxxxxx_br ($0.32 in chips) 
Seat 2: Dorex2007 ($1.38 in chips) 
Seat 3: Antonsha07 ($2.10 in chips) 
Seat 4: Mike Grib ($2.76 in chips) 
Seat 5: idealét1-2 ($2.80 in chips) 
Seat 7: leon220871 ($2.96 in chips) 
Seat 8: 77SLAVA7 ($2.63 in chips) 
Seat 9: BanneyB ($1.91 in chips) 
Dorex2007: posts small blind $0.01
Antonsha07: posts big blind $0.02
*** HOLE CARDS ***
Dealt to Dorex2007 [Tc 8c]
Mike Grib: raises $0.04 to $0.06
idealét1-2: calls $0.06
leon220871: folds 
77SLAVA7: folds 
BanneyB: calls $0.06
xxxxxxxx_br has timed out
xxxxxxxx_br: folds 
Dorex2007: folds 
Antonsha07: folds 
*** FLOP *** [8s As Ac]
Mike Grib: checks 
idealét1-2: checks 
BanneyB: bets $0.06
Mike Grib: folds 
idealét1-2: folds 
Uncalled bet ($0.06) returned to BanneyB
BanneyB collected $0.20 from pot
BanneyB: doesn't show hand 
*** SUMMARY ***
Total pot $0.21 | Rake $0.01 
Board [8s As Ac]
Seat 1: xxxxxxxx_br (button) folded before Flop (didn't bet)
Seat 2: Dorex2007 (small blind) folded before Flop
Seat 3: Antonsha07 (big blind) folded before Flop
Seat 4: Mike Grib folded on the Flop
Seat 5: idealét1-2 folded on the Flop
Seat 7: leon220871 folded before Flop (didn't bet)
Seat 8: 77SLAVA7 folded before Flop (didn't bet)
Seat 9: BanneyB collected ($0.20)



PokerStars Hand #224034652116:  Hold'em No Limit ($0.01/$0.02 USD) - 2021/02/20 11:34:04 PT [2021/02/20 14:34:04 ET]
Table 'Kiess V' 9-max Seat #2 is the button
Seat 1: xxxxxxxx_br ($0.32 in chips) 
Seat 2: Dorex2007 ($1.37 in chips) 
Seat 3: Antonsha07 ($2.08 in chips) 
Seat 5: idealét1-2 ($2.74 in chips) 
Seat 7: leon220871 ($2.96 in chips) 
Seat 8: 77SLAVA7 ($2.63 in chips) 
Seat 9: BanneyB ($2.05 in chips) 
Antonsha07: posts small blind $0.01
Mike Grib: is sitting out 
Mike Grib leaves the table
idealét1-2: posts big blind $0.02
*** HOLE CARDS ***
Dealt to Dorex2007 [Jc 9s]
leon220871: folds 
77SLAVA7: folds 
BanneyB: folds 
xxxxxxxx_br: folds 
Dorex2007: folds 
Antonsha07: raises $0.03 to $0.05
idealét1-2: folds 
Uncalled bet ($0.03) returned to Antonsha07
Antonsha07 collected $0.04 from pot
Antonsha07: doesn't show hand 
*** SUMMARY ***
Total pot $0.04 | Rake $0 
Seat 1: xxxxxxxx_br folded before Flop (didn't bet)
Seat 2: Dorex2007 (button) folded before Flop (didn't bet)
Seat 3: Antonsha07 (small blind) collected ($0.04)
Seat 5: idealét1-2 (big blind) folded before Flop
Seat 7: leon220871 folded before Flop (didn't bet)
Seat 8: 77SLAVA7 folded before Flop (didn't bet)
Seat 9: BanneyB folded before Flop (didn't bet)



PokerStars Hand #224034661998:  Hold'em No Limit ($0.01/$0.02 USD) - 2021/02/20 11:34:18 PT [2021/02/20 14:34:18 ET]
Table 'Kiess V' 9-max Seat #3 is the button
Seat 1: xxxxxxxx_br ($0.32 in chips) 
Seat 2: Dorex2007 ($1.37 in chips) 
Seat 3: Antonsha07 ($2.10 in chips) 
Seat 5: idealét1-2 ($2.72 in chips) 
Seat 7: leon220871 ($2.96 in chips) 
Seat 8: 77SLAVA7 ($2.63 in chips) 
Seat 9: BanneyB ($2.05 in chips) 
idealét1-2: posts small blind $0.01
leon220871: posts big blind $0.02
*** HOLE CARDS ***
Dealt to Dorex2007 [8c 6h]
77SLAVA7: folds 
BanneyB: folds 
ANIMATOR777 joins the table at seat #4 
xxxxxxxx_br has timed out
xxxxxxxx_br: folds 
Dorex2007: folds 
Antonsha07: calls $0.02
idealét1-2: folds 
leon220871: checks 
*** FLOP *** [Kc 4h 5d]
leon220871: checks 
Antonsha07: checks 
*** TURN *** [Kc 4h 5d] [Qd]
leon220871: checks 
Antonsha07: bets $0.04
leon220871: folds 
Uncalled bet ($0.04) returned to Antonsha07
Antonsha07 collected $0.05 from pot
Antonsha07: doesn't show hand 
*** SUMMARY ***
Total pot $0.05 | Rake $0 
Board [Kc 4h 5d Qd]
Seat 1: xxxxxxxx_br folded before Flop (didn't bet)
Seat 2: Dorex2007 folded before Flop (didn't bet)
Seat 3: Antonsha07 (button) collected ($0.05)
Seat 5: idealét1-2 (small blind) folded before Flop
Seat 7: leon220871 (big blind) folded on the Turn
Seat 8: 77SLAVA7 folded before Flop (didn't bet)
Seat 9: BanneyB folded before Flop (didn't bet)



PokerStars Hand #224034699468:  Hold'em No Limit ($0.01/$0.02 USD) - 2021/02/20 11:35:10 PT [2021/02/20 14:35:10 ET]
Table 'Kiess V' 9-max Seat #5 is the button
Seat 1: xxxxxxxx_br ($0.32 in chips) 
Seat 2: Dorex2007 ($1.37 in chips) 
Seat 3: Antonsha07 ($2.13 in chips) 
Seat 5: idealét1-2 ($2.71 in chips) 
Seat 7: leon220871 ($2.94 in chips) 
Seat 8: 77SLAVA7 ($2.63 in chips) 
Seat 9: BanneyB ($2.05 in chips) 
leon220871: posts small blind $0.01
77SLAVA7: posts big blind $0.02
ANIMATOR777: sits out 
*** HOLE CARDS ***
Dealt to Dorex2007 [3c Kh]
BanneyB: folds 
xxxxxxxx_br: folds 
Dorex2007: folds 
Antonsha07: folds 
idealét1-2: calls $0.02
leon220871: calls $0.01
77SLAVA7: checks 
*** FLOP *** [3h Ah 6c]
leon220871: checks 
77SLAVA7: checks 
idealét1-2: bets $0.08
leon220871: folds 
77SLAVA7: folds 
Uncalled bet ($0.08) returned to idealét1-2
idealét1-2 collected $0.06 from pot
*** SUMMARY ***
Total pot $0.06 | Rake $0 
Board [3h Ah 6c]
Seat 1: xxxxxxxx_br folded before Flop (didn't bet)
Seat 2: Dorex2007 folded before Flop (didn't bet)
Seat 3: Antonsha07 folded before Flop (didn't bet)
Seat 5: idealét1-2 (button) collected ($0.06)
Seat 7: leon220871 (small blind) folded on the Flop
Seat 8: 77SLAVA7 (big blind) folded on the Flop
Seat 9: BanneyB folded before Flop (didn't bet)



PokerStars Hand #224034740215:  Hold'em No Limit ($0.01/$0.02 USD) - 2021/02/20 11:36:06 PT [2021/02/20 14:36:06 ET]
Table 'Kiess V' 9-max Seat #7 is the button
Seat 1: xxxxxxxx_br ($0.32 in chips) 
Seat 2: Dorex2007 ($1.37 in chips) 
Seat 3: Antonsha07 ($2.13 in chips) 
Seat 5: idealét1-2 ($2.75 in chips) 
Seat 7: leon220871 ($2.92 in chips) 
Seat 8: 77SLAVA7 ($2.61 in chips) 
Seat 9: BanneyB ($2.05 in chips) 
77SLAVA7: posts small blind $0.01
BanneyB: posts big blind $0.02
ANIMATOR777: sits out 
*** HOLE CARDS ***
Dealt to Dorex2007 [3h 8c]
xxxxxxxx_br: calls $0.02
Dorex2007: folds 
Antonsha07: folds 
idealét1-2: folds 
leon220871: calls $0.02
77SLAVA7: folds 
BanneyB: checks 
*** FLOP *** [Jc 7s 8s]
BanneyB: bets $0.06
xxxxxxxx_br: folds 
leon220871: folds 
Uncalled bet ($0.06) returned to BanneyB
BanneyB collected $0.07 from pot
BanneyB: doesn't show hand 
*** SUMMARY ***
Total pot $0.07 | Rake $0 
Board [Jc 7s 8s]
Seat 1: xxxxxxxx_br folded on the Flop
Seat 2: Dorex2007 folded before Flop (didn't bet)
Seat 3: Antonsha07 folded before Flop (didn't bet)
Seat 5: idealét1-2 folded before Flop (didn't bet)
Seat 7: leon220871 (button) folded on the Flop
Seat 8: 77SLAVA7 (small blind) folded before Flop
Seat 9: BanneyB (big blind) collected ($0.07)



PokerStars Hand #224034761399:  Hold'em No Limit ($0.01/$0.02 USD) - 2021/02/20 11:36:35 PT [2021/02/20 14:36:35 ET]
Table 'Kiess V' 9-max Seat #8 is the button
Seat 2: Dorex2007 ($1.37 in chips) 
Seat 3: Antonsha07 ($2.13 in chips) 
Seat 5: idealét1-2 ($2.75 in chips) 
Seat 7: leon220871 ($2.90 in chips) 
Seat 8: 77SLAVA7 ($2.60 in chips) 
Seat 9: BanneyB ($2.10 in chips) 
BanneyB: posts small blind $0.01
Dorex2007: posts big blind $0.02
ANIMATOR777: sits out 
*** HOLE CARDS ***
Dealt to Dorex2007 [Ac 8c]
Antonsha07: raises $0.04 to $0.06
idealét1-2: folds 
leon220871: folds 
77SLAVA7: folds 
BanneyB: folds 
Dorex2007: folds 
Uncalled bet ($0.04) returned to Antonsha07
Antonsha07 collected $0.05 from pot
Antonsha07: doesn't show hand 
*** SUMMARY ***
Total pot $0.05 | Rake $0 
Seat 2: Dorex2007 (big blind) folded before Flop
Seat 3: Antonsha07 collected ($0.05)
Seat 5: idealét1-2 folded before Flop (didn't bet)
Seat 7: leon220871 folded before Flop (didn't bet)
Seat 8: 77SLAVA7 (button) folded before Flop (didn't bet)
Seat 9: BanneyB (small blind) folded before Flop



PokerStars Hand #224034769126:  Hold'em No Limit ($0.01/$0.02 USD) - 2021/02/20 11:36:46 PT [2021/02/20 14:36:46 ET]
Table 'Kiess V' 9-max Seat #9 is the button
Seat 2: Dorex2007 ($1.35 in chips) 
Seat 3: Antonsha07 ($2.16 in chips) 
Seat 5: idealét1-2 ($2.75 in chips) 
Seat 7: leon220871 ($2.90 in chips) 
Seat 8: 77SLAVA7 ($2.60 in chips) 
Seat 9: BanneyB ($2.09 in chips) 
Dorex2007: posts small blind $0.01
Antonsha07: posts big blind $0.02
ANIMATOR777: sits out 
*** HOLE CARDS ***
Dealt to Dorex2007 [2s 5c]
idealét1-2: folds 
leon220871: folds 
77SLAVA7: folds 
BanneyB: calls $0.02
Dorex2007: folds 
Antonsha07: checks 
*** FLOP *** [Kh 7h 9h]
Antonsha07: checks 
BanneyB: checks 
*** TURN *** [Kh 7h 9h] [Ts]
Antonsha07: checks 
BanneyB: bets $0.05
Antonsha07: folds 
Uncalled bet ($0.05) returned to BanneyB
BanneyB collected $0.05 from pot
BanneyB: doesn't show hand 
*** SUMMARY ***
Total pot $0.05 | Rake $0 
Board [Kh 7h 9h Ts]
Seat 2: Dorex2007 (small blind) folded before Flop
Seat 3: Antonsha07 (big blind) folded on the Turn
Seat 5: idealét1-2 folded before Flop (didn't bet)
Seat 7: leon220871 folded before Flop (didn't bet)
Seat 8: 77SLAVA7 folded before Flop (didn't bet)
Seat 9: BanneyB (button) collected ($0.05)



PokerStars Hand #224034809426:  Hold'em No Limit ($0.01/$0.02 USD) - 2021/02/20 11:37:36 PT [2021/02/20 14:37:36 ET]
Table 'Kiess V' 9-max Seat #2 is the button
Seat 2: Dorex2007 ($1.34 in chips) 
Seat 3: Antonsha07 ($2.14 in chips) 
Seat 4: ANIMATOR777 ($1.60 in chips) 
Seat 5: idealét1-2 ($2.75 in chips) 
Seat 7: leon220871 ($2.90 in chips) 
Seat 8: 77SLAVA7 ($2.60 in chips) 
Seat 9: BanneyB ($2.12 in chips) 
Antonsha07: posts small blind $0.01
ANIMATOR777: posts big blind $0.02
truceskates: sits out 
*** HOLE CARDS ***
Dealt to Dorex2007 [Th Ac]
idealét1-2: calls $0.02
leon220871: calls $0.02
77SLAVA7: folds 
BanneyB: folds 
Dorex2007: raises $0.02 to $0.04
Antonsha07: folds 
ANIMATOR777: calls $0.02
idealét1-2: calls $0.02
leon220871: calls $0.02
*** FLOP *** [Kh 5s 7d]
ANIMATOR777: checks 
idealét1-2: checks 
leon220871: bets $0.10
Dorex2007: folds 
ANIMATOR777: calls $0.10
idealét1-2: folds 
*** TURN *** [Kh 5s 7d] [8c]
ANIMATOR777: checks 
leon220871: bets $0.18
ANIMATOR777: calls $0.18
*** RIVER *** [Kh 5s 7d 8c] [7c]
ANIMATOR777: bets $0.70
leon220871: folds 
Uncalled bet ($0.70) returned to ANIMATOR777
ANIMATOR777 collected $0.70 from pot
ANIMATOR777: doesn't show hand 
*** SUMMARY ***
Total pot $0.73 | Rake $0.03 
Board [Kh 5s 7d 8c 7c]
Seat 2: Dorex2007 (button) folded on the Flop
Seat 3: Antonsha07 (small blind) folded before Flop
Seat 4: ANIMATOR777 (big blind) collected ($0.70)
Seat 5: idealét1-2 folded on the Flop
Seat 7: leon220871 folded on the River
Seat 8: 77SLAVA7 folded before Flop (didn't bet)
Seat 9: BanneyB folded before Flop (didn't bet)



PokerStars Hand #224034874754:  Hold'em No Limit ($0.01/$0.02 USD) - 2021/02/20 11:39:07 PT [2021/02/20 14:39:07 ET]
Table 'Kiess V' 9-max Seat #3 is the button
Seat 2: Dorex2007 ($1.30 in chips) 
Seat 3: Antonsha07 ($2.13 in chips) 
Seat 4: ANIMATOR777 ($1.98 in chips) 
Seat 5: idealét1-2 ($2.71 in chips) 
Seat 7: leon220871 ($2.58 in chips) 
Seat 8: 77SLAVA7 ($2.60 in chips) 
Seat 9: BanneyB ($2.12 in chips) 
ANIMATOR777: posts small blind $0.01
idealét1-2: posts big blind $0.02
truceskates: sits out 
*** HOLE CARDS ***
Dealt to Dorex2007 [6d Jh]
leon220871: folds 
77SLAVA7: folds 
BanneyB: folds 
Dorex2007: folds 
Antonsha07: folds 
ANIMATOR777: calls $0.01
idealét1-2: raises $0.06 to $0.08
ANIMATOR777: folds 
Uncalled bet ($0.06) returned to idealét1-2
idealét1-2 collected $0.04 from pot
*** SUMMARY ***
Total pot $0.04 | Rake $0 
Seat 2: Dorex2007 folded before Flop (didn't bet)
Seat 3: Antonsha07 (button) folded before Flop (didn't bet)
Seat 4: ANIMATOR777 (small blind) folded before Flop
Seat 5: idealét1-2 (big blind) collected ($0.04)
Seat 7: leon220871 folded before Flop (didn't bet)
Seat 8: 77SLAVA7 folded before Flop (didn't bet)
Seat 9: BanneyB folded before Flop (didn't bet)



PokerStars Hand #224034887492:  Hold'em No Limit ($0.01/$0.02 USD) - 2021/02/20 11:39:24 PT [2021/02/20 14:39:24 ET]
Table 'Kiess V' 9-max Seat #4 is the button
Seat 2: Dorex2007 ($1.30 in chips) 
Seat 3: Antonsha07 ($2.13 in chips) 
Seat 4: ANIMATOR777 ($1.96 in chips) 
Seat 5: idealét1-2 ($2.73 in chips) 
Seat 6: truceskates ($1.97 in chips) 
Seat 7: leon220871 ($2.58 in chips) 
Seat 8: 77SLAVA7 ($2.60 in chips) 
Seat 9: BanneyB ($2.12 in chips) 
idealét1-2: posts small blind $0.01
truceskates: posts big blind $0.02
*** HOLE CARDS ***
Dealt to Dorex2007 [Ts 3d]
leon220871: folds 
77SLAVA7: folds 
BanneyB: folds 
Dorex2007: folds 
Antonsha07: raises $0.03 to $0.05
ANIMATOR777: folds 
idealét1-2: calls $0.04
truceskates: folds 
*** FLOP *** [Kd Ks 6d]
idealét1-2: checks 
Antonsha07: checks 
*** TURN *** [Kd Ks 6d] [8d]
idealét1-2: checks 
Antonsha07: bets $0.06
idealét1-2: folds 
Uncalled bet ($0.06) returned to Antonsha07
Antonsha07 collected $0.12 from pot
Antonsha07: doesn't show hand 
*** SUMMARY ***
Total pot $0.12 | Rake $0 
Board [Kd Ks 6d 8d]
Seat 2: Dorex2007 folded before Flop (didn't bet)
Seat 3: Antonsha07 collected ($0.12)
Seat 4: ANIMATOR777 (button) folded before Flop (didn't bet)
Seat 5: idealét1-2 (small blind) folded on the Turn
Seat 6: truceskates (big blind) folded before Flop
Seat 7: leon220871 folded before Flop (didn't bet)
Seat 8: 77SLAVA7 folded before Flop (didn't bet)
Seat 9: BanneyB folded before Flop (didn't bet)



PokerStars Hand #224034910819:  Hold'em No Limit ($0.01/$0.02 USD) - 2021/02/20 11:39:57 PT [2021/02/20 14:39:57 ET]
Table 'Kiess V' 9-max Seat #5 is the button
Seat 2: Dorex2007 ($1.30 in chips) 
Seat 3: Antonsha07 ($2.20 in chips) 
Seat 4: ANIMATOR777 ($1.96 in chips) 
Seat 5: idealét1-2 ($2.68 in chips) 
Seat 6: truceskates ($1.95 in chips) 
Seat 7: leon220871 ($2.58 in chips) 
Seat 8: 77SLAVA7 ($2.60 in chips) 
Seat 9: BanneyB ($2.12 in chips) 
truceskates: posts small blind $0.01
leon220871: posts big blind $0.02
*** HOLE CARDS ***
Dealt to Dorex2007 [7d Ad]
77SLAVA7: folds 
BanneyB: folds 
Dorex2007: calls $0.02
Antonsha07: folds 
ANIMATOR777: calls $0.02
idealét1-2: folds 
truceskates: folds 
leon220871: checks 
*** FLOP *** [9s Ac 6h]
leon220871: bets $0.06
Dorex2007: calls $0.06
ANIMATOR777: folds 
*** TURN *** [9s Ac 6h] [Js]
leon220871: bets $0.10
Dorex2007: calls $0.10
*** RIVER *** [9s Ac 6h Js] [Ts]
leon220871: checks 
Dorex2007: bets $0.19
leon220871: calls $0.19
*** SHOW DOWN ***
Dorex2007: shows [7d Ad] (a pair of Aces)
leon220871: shows [As Jd] (two pair, Aces and Jacks)
leon220871 collected $0.74 from pot
*** SUMMARY ***
Total pot $0.77 | Rake $0.03 
Board [9s Ac 6h Js Ts]
Seat 2: Dorex2007 showed [7d Ad] and lost with a pair of Aces
Seat 3: Antonsha07 folded before Flop (didn't bet)
Seat 4: ANIMATOR777 folded on the Flop
Seat 5: idealét1-2 (button) folded before Flop (didn't bet)
Seat 6: truceskates (small blind) folded before Flop
Seat 7: leon220871 (big blind) showed [As Jd] and won ($0.74) with two pair, Aces and Jacks
Seat 8: 77SLAVA7 folded before Flop (didn't bet)
Seat 9: BanneyB folded before Flop (didn't bet)



PokerStars Hand #224034961877:  Hold'em No Limit ($0.01/$0.02 USD) - 2021/02/20 11:41:01 PT [2021/02/20 14:41:01 ET]
Table 'Kiess V' 9-max Seat #6 is the button
Seat 2: Dorex2007 ($0.93 in chips) 
Seat 3: Antonsha07 ($2.20 in chips) 
Seat 4: ANIMATOR777 ($1.94 in chips) 
Seat 5: idealét1-2 ($2.68 in chips) 
Seat 6: truceskates ($1.94 in chips) 
Seat 7: leon220871 ($2.95 in chips) 
Seat 8: 77SLAVA7 ($2.60 in chips) 
Seat 9: BanneyB ($2.12 in chips) 
leon220871: posts small blind $0.01
77SLAVA7: posts big blind $0.02
xxxxxxxx_br: sits out 
*** HOLE CARDS ***
Dealt to Dorex2007 [5h 3c]
BanneyB: folds 
Dorex2007: folds 
Antonsha07: folds 
ANIMATOR777: raises $0.06 to $0.08
idealét1-2: folds 
truceskates: folds 
leon220871: folds 
77SLAVA7: folds 
Uncalled bet ($0.06) returned to ANIMATOR777
ANIMATOR777 collected $0.05 from pot
ANIMATOR777: doesn't show hand 
*** SUMMARY ***
Total pot $0.05 | Rake $0 
Seat 2: Dorex2007 folded before Flop (didn't bet)
Seat 3: Antonsha07 folded before Flop (didn't bet)
Seat 4: ANIMATOR777 collected ($0.05)
Seat 5: idealét1-2 folded before Flop (didn't bet)
Seat 6: truceskates (button) folded before Flop (didn't bet)
Seat 7: leon220871 (small blind) folded before Flop
Seat 8: 77SLAVA7 (big blind) folded before Flop
Seat 9: BanneyB folded before Flop (didn't bet)



