PokerStars Hand #223698220983:  Hold'em No Limit ($0.01/$0.02 USD) - 2021/02/11 13:58:09 PT [2021/02/11 16:58:09 ET]
Table 'Bellona II' 9-max Seat #7 is the button
Seat 1: Rybka89 ($1.80 in chips) 
Seat 2: doubled8ck ($2.21 in chips) 
Seat 3: pdiddly22 ($1.86 in chips) 
Seat 4: GloriousDark ($4.06 in chips) 
Seat 5: DenyLi ($2.10 in chips) 
Seat 6: Tom0fas ($3.81 in chips) 
Seat 7: keisariq ($2.71 in chips) 
Seat 8: Crappz ($2 in chips) 
Seat 9: Dorex2007 ($1.50 in chips) 
Crappz: posts small blind $0.01
Dorex2007: posts big blind $0.02
*** HOLE CARDS ***
Dealt to Dorex2007 [3c 4c]
Rybka89: folds 
doubled8ck: folds 
pdiddly22: folds 
GloriousDark: folds 
DenyLi: folds 
Tom0fas: folds 
keisariq: raises $0.04 to $0.06
Crappz: folds 
Dorex2007: folds 
Uncalled bet ($0.04) returned to keisariq
keisariq collected $0.05 from pot
keisariq: doesn't show hand 
*** SUMMARY ***
Total pot $0.05 | Rake $0 
Seat 1: Rybka89 folded before Flop (didn't bet)
Seat 2: doubled8ck folded before Flop (didn't bet)
Seat 3: pdiddly22 folded before Flop (didn't bet)
Seat 4: GloriousDark folded before Flop (didn't bet)
Seat 5: DenyLi folded before Flop (didn't bet)
Seat 6: Tom0fas folded before Flop (didn't bet)
Seat 7: keisariq (button) collected ($0.05)
Seat 8: Crappz (small blind) folded before Flop
Seat 9: Dorex2007 (big blind) folded before Flop



PokerStars Hand #223698231626:  Hold'em No Limit ($0.01/$0.02 USD) - 2021/02/11 13:58:29 PT [2021/02/11 16:58:29 ET]
Table 'Bellona II' 9-max Seat #8 is the button
Seat 1: Rybka89 ($1.80 in chips) 
Seat 2: doubled8ck ($2.21 in chips) 
Seat 3: pdiddly22 ($1.86 in chips) 
Seat 4: GloriousDark ($4.06 in chips) 
Seat 5: DenyLi ($2.10 in chips) 
Seat 6: Tom0fas ($3.81 in chips) 
Seat 7: keisariq ($2.74 in chips) 
Seat 8: Crappz ($2 in chips) 
Seat 9: Dorex2007 ($1.48 in chips) 
Dorex2007: posts small blind $0.01
Rybka89: posts big blind $0.02
*** HOLE CARDS ***
Dealt to Dorex2007 [9h Js]
doubled8ck: raises $0.06 to $0.08
pdiddly22: folds 
GloriousDark: folds 
DenyLi: folds 
Tom0fas: folds 
keisariq: folds 
keisariq leaves the table
Crappz: folds 
Dorex2007: folds 
Rybka89: folds 
Uncalled bet ($0.06) returned to doubled8ck
doubled8ck collected $0.05 from pot
*** SUMMARY ***
Total pot $0.05 | Rake $0 
Seat 1: Rybka89 (big blind) folded before Flop
Seat 2: doubled8ck collected ($0.05)
Seat 3: pdiddly22 folded before Flop (didn't bet)
Seat 4: GloriousDark folded before Flop (didn't bet)
Seat 5: DenyLi folded before Flop (didn't bet)
Seat 6: Tom0fas folded before Flop (didn't bet)
Seat 7: keisariq folded before Flop (didn't bet)
Seat 8: Crappz (button) folded before Flop (didn't bet)
Seat 9: Dorex2007 (small blind) folded before Flop



PokerStars Hand #223698243444:  Hold'em No Limit ($0.01/$0.02 USD) - 2021/02/11 13:58:51 PT [2021/02/11 16:58:51 ET]
Table 'Bellona II' 9-max Seat #9 is the button
Seat 1: Rybka89 ($1.78 in chips) 
Seat 2: doubled8ck ($2.24 in chips) 
Seat 3: pdiddly22 ($1.86 in chips) 
Seat 4: GloriousDark ($4.06 in chips) 
Seat 5: DenyLi ($2.10 in chips) 
Seat 6: Tom0fas ($3.81 in chips) 
Seat 8: Crappz ($2 in chips) 
Seat 9: Dorex2007 ($1.47 in chips) 
Rybka89: posts small blind $0.01
doubled8ck: posts big blind $0.02
*** HOLE CARDS ***
Dealt to Dorex2007 [6d Qc]
pdiddly22: folds 
shuhrat19744 joins the table at seat #7 
GloriousDark: folds 
DenyLi: folds 
Tom0fas: folds 
Crappz: raises $0.04 to $0.06
Dorex2007: folds 
Rybka89: folds 
doubled8ck: folds 
Uncalled bet ($0.04) returned to Crappz
Crappz collected $0.05 from pot
Crappz: doesn't show hand 
*** SUMMARY ***
Total pot $0.05 | Rake $0 
Seat 1: Rybka89 (small blind) folded before Flop
Seat 2: doubled8ck (big blind) folded before Flop
Seat 3: pdiddly22 folded before Flop (didn't bet)
Seat 4: GloriousDark folded before Flop (didn't bet)
Seat 5: DenyLi folded before Flop (didn't bet)
Seat 6: Tom0fas folded before Flop (didn't bet)
Seat 8: Crappz collected ($0.05)
Seat 9: Dorex2007 (button) folded before Flop (didn't bet)



PokerStars Hand #223698253632:  Hold'em No Limit ($0.01/$0.02 USD) - 2021/02/11 13:59:10 PT [2021/02/11 16:59:10 ET]
Table 'Bellona II' 9-max Seat #1 is the button
Seat 1: Rybka89 ($1.77 in chips) 
Seat 2: doubled8ck ($2.22 in chips) 
Seat 3: pdiddly22 ($1.86 in chips) 
Seat 4: GloriousDark ($4.06 in chips) 
Seat 5: DenyLi ($2.10 in chips) 
Seat 6: Tom0fas ($3.81 in chips) 
Seat 8: Crappz ($2.03 in chips) 
Seat 9: Dorex2007 ($1.47 in chips) 
doubled8ck: posts small blind $0.01
pdiddly22: posts big blind $0.02
shuhrat19744: sits out 
*** HOLE CARDS ***
Dealt to Dorex2007 [2s Qd]
GloriousDark: folds 
DenyLi: folds 
Tom0fas: calls $0.02
Crappz: folds 
Dorex2007: folds 
Rybka89: folds 
doubled8ck: folds 
pdiddly22: checks 
*** FLOP *** [9d Kc As]
pdiddly22: bets $0.04
Tom0fas: calls $0.04
*** TURN *** [9d Kc As] [Jh]
pdiddly22: bets $0.06
Tom0fas: raises $0.06 to $0.12
pdiddly22: calls $0.06
*** RIVER *** [9d Kc As Jh] [5c]
pdiddly22: checks 
Tom0fas: bets $0.24
pdiddly22: folds 
Uncalled bet ($0.24) returned to Tom0fas
Tom0fas collected $0.36 from pot
Tom0fas: doesn't show hand 
*** SUMMARY ***
Total pot $0.37 | Rake $0.01 
Board [9d Kc As Jh 5c]
Seat 1: Rybka89 (button) folded before Flop (didn't bet)
Seat 2: doubled8ck (small blind) folded before Flop
Seat 3: pdiddly22 (big blind) folded on the River
Seat 4: GloriousDark folded before Flop (didn't bet)
Seat 5: DenyLi folded before Flop (didn't bet)
Seat 6: Tom0fas collected ($0.36)
Seat 8: Crappz folded before Flop (didn't bet)
Seat 9: Dorex2007 folded before Flop (didn't bet)



PokerStars Hand #223698297262:  Hold'em No Limit ($0.01/$0.02 USD) - 2021/02/11 14:00:30 PT [2021/02/11 17:00:30 ET]
Table 'Bellona II' 9-max Seat #2 is the button
Seat 1: Rybka89 ($1.77 in chips) 
Seat 2: doubled8ck ($2.21 in chips) 
Seat 3: pdiddly22 ($1.68 in chips) 
Seat 4: GloriousDark ($4.06 in chips) 
Seat 5: DenyLi ($2.10 in chips) 
Seat 6: Tom0fas ($3.99 in chips) 
Seat 8: Crappz ($2.03 in chips) 
Seat 9: Dorex2007 ($1.47 in chips) 
pdiddly22: posts small blind $0.01
GloriousDark: posts big blind $0.02
shuhrat19744: sits out 
*** HOLE CARDS ***
Dealt to Dorex2007 [7h Js]
DenyLi: folds 
Tom0fas: raises $0.09 to $0.11
Crappz: folds 
Dorex2007: folds 
Rybka89: folds 
doubled8ck: folds 
pdiddly22: folds 
GloriousDark: folds 
Uncalled bet ($0.09) returned to Tom0fas
Tom0fas collected $0.05 from pot
Tom0fas: doesn't show hand 
*** SUMMARY ***
Total pot $0.05 | Rake $0 
Seat 1: Rybka89 folded before Flop (didn't bet)
Seat 2: doubled8ck (button) folded before Flop (didn't bet)
Seat 3: pdiddly22 (small blind) folded before Flop
Seat 4: GloriousDark (big blind) folded before Flop
Seat 5: DenyLi folded before Flop (didn't bet)
Seat 6: Tom0fas collected ($0.05)
Seat 8: Crappz folded before Flop (didn't bet)
Seat 9: Dorex2007 folded before Flop (didn't bet)



PokerStars Hand #223698313588:  Hold'em No Limit ($0.01/$0.02 USD) - 2021/02/11 14:00:58 PT [2021/02/11 17:00:58 ET]
Table 'Bellona II' 9-max Seat #3 is the button
Seat 1: Rybka89 ($1.77 in chips) 
Seat 2: doubled8ck ($2.21 in chips) 
Seat 3: pdiddly22 ($1.67 in chips) 
Seat 4: GloriousDark ($4.04 in chips) 
Seat 5: DenyLi ($2.10 in chips) 
Seat 6: Tom0fas ($4.02 in chips) 
Seat 8: Crappz ($2.03 in chips) 
Seat 9: Dorex2007 ($1.47 in chips) 
GloriousDark: posts small blind $0.01
DenyLi: posts big blind $0.02
shuhrat19744: sits out 
*** HOLE CARDS ***
Dealt to Dorex2007 [3d 2d]
Tom0fas: calls $0.02
Crappz: folds 
Dorex2007: folds 
Rybka89: folds 
doubled8ck: folds 
pdiddly22: folds 
GloriousDark: calls $0.01
DenyLi: checks 
*** FLOP *** [5d Td 2c]
GloriousDark: checks 
DenyLi: checks 
Tom0fas: checks 
*** TURN *** [5d Td 2c] [Ks]
GloriousDark: checks 
DenyLi: checks 
Tom0fas: bets $0.03
GloriousDark: folds 
DenyLi: folds 
Uncalled bet ($0.03) returned to Tom0fas
Tom0fas collected $0.06 from pot
Tom0fas: doesn't show hand 
*** SUMMARY ***
Total pot $0.06 | Rake $0 
Board [5d Td 2c Ks]
Seat 1: Rybka89 folded before Flop (didn't bet)
Seat 2: doubled8ck folded before Flop (didn't bet)
Seat 3: pdiddly22 (button) folded before Flop (didn't bet)
Seat 4: GloriousDark (small blind) folded on the Turn
Seat 5: DenyLi (big blind) folded on the Turn
Seat 6: Tom0fas collected ($0.06)
Seat 8: Crappz folded before Flop (didn't bet)
Seat 9: Dorex2007 folded before Flop (didn't bet)



PokerStars Hand #223698344409:  Hold'em No Limit ($0.01/$0.02 USD) - 2021/02/11 14:01:44 PT [2021/02/11 17:01:44 ET]
Table 'Bellona II' 9-max Seat #4 is the button
Seat 1: Rybka89 ($1.77 in chips) 
Seat 2: doubled8ck ($2.21 in chips) 
Seat 3: pdiddly22 ($1.67 in chips) 
Seat 4: GloriousDark ($4.02 in chips) 
Seat 5: DenyLi ($2.08 in chips) 
Seat 6: Tom0fas ($4.06 in chips) 
Seat 8: Crappz ($2.03 in chips) 
Seat 9: Dorex2007 ($1.47 in chips) 
DenyLi: posts small blind $0.01
Tom0fas: posts big blind $0.02
shuhrat19744: sits out 
*** HOLE CARDS ***
Dealt to Dorex2007 [6c 2s]
Crappz: raises $0.04 to $0.06
Dorex2007: folds 
Rybka89: folds 
doubled8ck: folds 
pdiddly22: folds 
GloriousDark: folds 
DenyLi: folds 
Tom0fas: folds 
Uncalled bet ($0.04) returned to Crappz
Crappz collected $0.05 from pot
Crappz: doesn't show hand 
*** SUMMARY ***
Total pot $0.05 | Rake $0 
Seat 1: Rybka89 folded before Flop (didn't bet)
Seat 2: doubled8ck folded before Flop (didn't bet)
Seat 3: pdiddly22 folded before Flop (didn't bet)
Seat 4: GloriousDark (button) folded before Flop (didn't bet)
Seat 5: DenyLi (small blind) folded before Flop
Seat 6: Tom0fas (big blind) folded before Flop
Seat 8: Crappz collected ($0.05)
Seat 9: Dorex2007 folded before Flop (didn't bet)



PokerStars Hand #223698362385:  Hold'em No Limit ($0.01/$0.02 USD) - 2021/02/11 14:02:09 PT [2021/02/11 17:02:09 ET]
Table 'Bellona II' 9-max Seat #5 is the button
Seat 1: Rybka89 ($1.77 in chips) 
Seat 2: doubled8ck ($2.21 in chips) 
Seat 3: pdiddly22 ($1.67 in chips) 
Seat 4: GloriousDark ($4.02 in chips) 
Seat 5: DenyLi ($2.07 in chips) 
Seat 6: Tom0fas ($4.04 in chips) 
Seat 7: shuhrat19744 ($2 in chips) 
Seat 8: Crappz ($2.06 in chips) 
Seat 9: Dorex2007 ($1.47 in chips) 
Tom0fas: posts small blind $0.01
shuhrat19744: posts big blind $0.02
*** HOLE CARDS ***
Dealt to Dorex2007 [6c 3c]
Crappz: folds 
Dorex2007: folds 
Rybka89: folds 
doubled8ck: folds 
pdiddly22: folds 
GloriousDark: folds 
DenyLi: folds 
Tom0fas: folds 
Uncalled bet ($0.01) returned to shuhrat19744
shuhrat19744 collected $0.02 from pot
shuhrat19744: doesn't show hand 
*** SUMMARY ***
Total pot $0.02 | Rake $0 
Seat 1: Rybka89 folded before Flop (didn't bet)
Seat 2: doubled8ck folded before Flop (didn't bet)
Seat 3: pdiddly22 folded before Flop (didn't bet)
Seat 4: GloriousDark folded before Flop (didn't bet)
Seat 5: DenyLi (button) folded before Flop (didn't bet)
Seat 6: Tom0fas (small blind) folded before Flop
Seat 7: shuhrat19744 (big blind) collected ($0.02)
Seat 8: Crappz folded before Flop (didn't bet)
Seat 9: Dorex2007 folded before Flop (didn't bet)



PokerStars Hand #223698377998:  Hold'em No Limit ($0.01/$0.02 USD) - 2021/02/11 14:02:31 PT [2021/02/11 17:02:31 ET]
Table 'Bellona II' 9-max Seat #6 is the button
Seat 1: Rybka89 ($1.77 in chips) 
Seat 2: doubled8ck ($2.21 in chips) 
Seat 3: pdiddly22 ($1.67 in chips) 
Seat 4: GloriousDark ($4.02 in chips) 
Seat 5: DenyLi ($2.07 in chips) 
Seat 6: Tom0fas ($4.03 in chips) 
Seat 7: shuhrat19744 ($2.01 in chips) 
Seat 8: Crappz ($2.06 in chips) 
Seat 9: Dorex2007 ($1.47 in chips) 
shuhrat19744: posts small blind $0.01
Crappz: posts big blind $0.02
*** HOLE CARDS ***
Dealt to Dorex2007 [Td 9s]
Dorex2007: folds 
Rybka89: folds 
doubled8ck: folds 
pdiddly22: folds 
GloriousDark: folds 
DenyLi: folds 
Tom0fas: calls $0.02
shuhrat19744: calls $0.01
Crappz: checks 
*** FLOP *** [7s Jh 7h]
shuhrat19744: checks 
Crappz: checks 
Tom0fas: checks 
*** TURN *** [7s Jh 7h] [5s]
shuhrat19744: bets $0.05
Crappz: folds 
Tom0fas: raises $0.05 to $0.10
shuhrat19744: raises $1.89 to $1.99 and is all-in
Tom0fas: folds 
Uncalled bet ($1.89) returned to shuhrat19744
shuhrat19744 collected $0.25 from pot
shuhrat19744: doesn't show hand 
*** SUMMARY ***
Total pot $0.26 | Rake $0.01 
Board [7s Jh 7h 5s]
Seat 1: Rybka89 folded before Flop (didn't bet)
Seat 2: doubled8ck folded before Flop (didn't bet)
Seat 3: pdiddly22 folded before Flop (didn't bet)
Seat 4: GloriousDark folded before Flop (didn't bet)
Seat 5: DenyLi folded before Flop (didn't bet)
Seat 6: Tom0fas (button) folded on the Turn
Seat 7: shuhrat19744 (small blind) collected ($0.25)
Seat 8: Crappz (big blind) folded on the Turn
Seat 9: Dorex2007 folded before Flop (didn't bet)



PokerStars Hand #223698437610:  Hold'em No Limit ($0.01/$0.02 USD) - 2021/02/11 14:03:53 PT [2021/02/11 17:03:53 ET]
Table 'Bellona II' 9-max Seat #7 is the button
Seat 1: Rybka89 ($1.77 in chips) 
Seat 2: doubled8ck ($2.21 in chips) 
Seat 3: pdiddly22 ($1.67 in chips) 
Seat 4: GloriousDark ($4.02 in chips) 
Seat 5: DenyLi ($2.07 in chips) 
Seat 6: Tom0fas ($3.91 in chips) 
Seat 7: shuhrat19744 ($2.14 in chips) 
Seat 8: Crappz ($2.04 in chips) 
Seat 9: Dorex2007 ($1.47 in chips) 
Crappz: posts small blind $0.01
Dorex2007: posts big blind $0.02
*** HOLE CARDS ***
Dealt to Dorex2007 [2h Ac]
Rybka89: folds 
doubled8ck: folds 
pdiddly22: folds 
GloriousDark: folds 
DenyLi: folds 
Tom0fas: calls $0.02
shuhrat19744: raises $0.07 to $0.09
Crappz: folds 
Dorex2007: folds 
Tom0fas: folds 
Uncalled bet ($0.07) returned to shuhrat19744
shuhrat19744 collected $0.07 from pot
shuhrat19744: doesn't show hand 
*** SUMMARY ***
Total pot $0.07 | Rake $0 
Seat 1: Rybka89 folded before Flop (didn't bet)
Seat 2: doubled8ck folded before Flop (didn't bet)
Seat 3: pdiddly22 folded before Flop (didn't bet)
Seat 4: GloriousDark folded before Flop (didn't bet)
Seat 5: DenyLi folded before Flop (didn't bet)
Seat 6: Tom0fas folded before Flop
Seat 7: shuhrat19744 (button) collected ($0.07)
Seat 8: Crappz (small blind) folded before Flop
Seat 9: Dorex2007 (big blind) folded before Flop



PokerStars Hand #223698458942:  Hold'em No Limit ($0.01/$0.02 USD) - 2021/02/11 14:04:22 PT [2021/02/11 17:04:22 ET]
Table 'Bellona II' 9-max Seat #8 is the button
Seat 1: Rybka89 ($1.77 in chips) 
Seat 2: doubled8ck ($2.21 in chips) 
Seat 3: pdiddly22 ($1.67 in chips) 
Seat 4: GloriousDark ($4.02 in chips) 
Seat 5: DenyLi ($2.07 in chips) 
Seat 6: Tom0fas ($3.89 in chips) 
Seat 7: shuhrat19744 ($2.19 in chips) 
Seat 8: Crappz ($2.03 in chips) 
Seat 9: Dorex2007 ($1.45 in chips) 
Dorex2007: posts small blind $0.01
Rybka89: posts big blind $0.02
*** HOLE CARDS ***
Dealt to Dorex2007 [Jh Kh]
doubled8ck: folds 
pdiddly22: folds 
GloriousDark: folds 
DenyLi: raises $0.04 to $0.06
Tom0fas: calls $0.06
shuhrat19744: folds 
Crappz: folds 
Dorex2007: calls $0.05
Rybka89: folds 
*** FLOP *** [9s 2d 9c]
Dorex2007: checks 
DenyLi: checks 
Tom0fas: checks 
*** TURN *** [9s 2d 9c] [3s]
Dorex2007: bets $0.10
DenyLi: folds 
Tom0fas: folds 
Uncalled bet ($0.10) returned to Dorex2007
Dorex2007 collected $0.19 from pot
Dorex2007: doesn't show hand 
*** SUMMARY ***
Total pot $0.20 | Rake $0.01 
Board [9s 2d 9c 3s]
Seat 1: Rybka89 (big blind) folded before Flop
Seat 2: doubled8ck folded before Flop (didn't bet)
Seat 3: pdiddly22 folded before Flop (didn't bet)
Seat 4: GloriousDark folded before Flop (didn't bet)
Seat 5: DenyLi folded on the Turn
Seat 6: Tom0fas folded on the Turn
Seat 7: shuhrat19744 folded before Flop (didn't bet)
Seat 8: Crappz (button) folded before Flop (didn't bet)
Seat 9: Dorex2007 (small blind) collected ($0.19)



PokerStars Hand #223698498747:  Hold'em No Limit ($0.01/$0.02 USD) - 2021/02/11 14:05:15 PT [2021/02/11 17:05:15 ET]
Table 'Bellona II' 9-max Seat #9 is the button
Seat 1: Rybka89 ($1.75 in chips) 
Seat 2: doubled8ck ($2.21 in chips) 
Seat 3: pdiddly22 ($1.67 in chips) 
Seat 4: GloriousDark ($4.02 in chips) 
Seat 5: DenyLi ($2.01 in chips) 
Seat 6: Tom0fas ($3.83 in chips) 
Seat 7: shuhrat19744 ($2.19 in chips) 
Seat 8: Crappz ($2.03 in chips) 
Seat 9: Dorex2007 ($1.58 in chips) 
Rybka89: posts small blind $0.01
doubled8ck: posts big blind $0.02
*** HOLE CARDS ***
Dealt to Dorex2007 [9h Jd]
pdiddly22: folds 
GloriousDark: calls $0.02
DenyLi: folds 
Tom0fas: folds 
shuhrat19744: folds 
Crappz: folds 
Dorex2007: folds 
Rybka89: folds 
doubled8ck: checks 
*** FLOP *** [Ks 6c As]
doubled8ck: checks 
GloriousDark: bets $0.06
doubled8ck: calls $0.06
*** TURN *** [Ks 6c As] [3s]
doubled8ck: checks 
GloriousDark: checks 
*** RIVER *** [Ks 6c As 3s] [8d]
doubled8ck: bets $0.10
GloriousDark: folds 
Uncalled bet ($0.10) returned to doubled8ck
doubled8ck collected $0.16 from pot
*** SUMMARY ***
Total pot $0.17 | Rake $0.01 
Board [Ks 6c As 3s 8d]
Seat 1: Rybka89 (small blind) folded before Flop
Seat 2: doubled8ck (big blind) collected ($0.16)
Seat 3: pdiddly22 folded before Flop (didn't bet)
Seat 4: GloriousDark folded on the River
Seat 5: DenyLi folded before Flop (didn't bet)
Seat 6: Tom0fas folded before Flop (didn't bet)
Seat 7: shuhrat19744 folded before Flop (didn't bet)
Seat 8: Crappz folded before Flop (didn't bet)
Seat 9: Dorex2007 (button) folded before Flop (didn't bet)



PokerStars Hand #223698553321:  Hold'em No Limit ($0.01/$0.02 USD) - 2021/02/11 14:06:26 PT [2021/02/11 17:06:26 ET]
Table 'Bellona II' 9-max Seat #1 is the button
Seat 1: Rybka89 ($1.74 in chips) 
Seat 2: doubled8ck ($2.29 in chips) 
Seat 3: pdiddly22 ($1.67 in chips) 
Seat 4: GloriousDark ($3.94 in chips) 
Seat 5: DenyLi ($2.01 in chips) 
Seat 6: Tom0fas ($3.83 in chips) 
Seat 7: shuhrat19744 ($2.19 in chips) 
Seat 8: Crappz ($2.03 in chips) 
Seat 9: Dorex2007 ($1.58 in chips) 
doubled8ck: posts small blind $0.01
pdiddly22: posts big blind $0.02
*** HOLE CARDS ***
Dealt to Dorex2007 [Qs 7c]
GloriousDark: folds 
DenyLi: folds 
GloriousDark leaves the table
Tom0fas: raises $0.04 to $0.06
shuhrat19744: folds 
Crappz: folds 
Dorex2007: folds 
Rybka89: folds 
doubled8ck: folds 
pdiddly22: folds 
Uncalled bet ($0.04) returned to Tom0fas
Tom0fas collected $0.05 from pot
Tom0fas: doesn't show hand 
*** SUMMARY ***
Total pot $0.05 | Rake $0 
Seat 1: Rybka89 (button) folded before Flop (didn't bet)
Seat 2: doubled8ck (small blind) folded before Flop
Seat 3: pdiddly22 (big blind) folded before Flop
Seat 4: GloriousDark folded before Flop (didn't bet)
Seat 5: DenyLi folded before Flop (didn't bet)
Seat 6: Tom0fas collected ($0.05)
Seat 7: shuhrat19744 folded before Flop (didn't bet)
Seat 8: Crappz folded before Flop (didn't bet)
Seat 9: Dorex2007 folded before Flop (didn't bet)



PokerStars Hand #223698566949:  Hold'em No Limit ($0.01/$0.02 USD) - 2021/02/11 14:06:44 PT [2021/02/11 17:06:44 ET]
Table 'Bellona II' 9-max Seat #2 is the button
Seat 1: Rybka89 ($1.74 in chips) 
Seat 2: doubled8ck ($2.28 in chips) 
Seat 3: pdiddly22 ($1.65 in chips) 
Seat 5: DenyLi ($2.01 in chips) 
Seat 6: Tom0fas ($3.86 in chips) 
Seat 7: shuhrat19744 ($2.19 in chips) 
Seat 8: Crappz ($2.03 in chips) 
Seat 9: Dorex2007 ($1.58 in chips) 
pdiddly22: posts small blind $0.01
DenyLi: posts big blind $0.02
*** HOLE CARDS ***
Dealt to Dorex2007 [9d 5d]
Tom0fas: folds 
shuhrat19744: folds 
Crappz: folds 
Dorex2007: folds 
Rybka89: folds 
doubled8ck: folds 
pdiddly22: raises $0.04 to $0.06
DenyLi: folds 
Uncalled bet ($0.04) returned to pdiddly22
pdiddly22 collected $0.04 from pot
pdiddly22: doesn't show hand 
*** SUMMARY ***
Total pot $0.04 | Rake $0 
Seat 1: Rybka89 folded before Flop (didn't bet)
Seat 2: doubled8ck (button) folded before Flop (didn't bet)
Seat 3: pdiddly22 (small blind) collected ($0.04)
Seat 5: DenyLi (big blind) folded before Flop
Seat 6: Tom0fas folded before Flop (didn't bet)
Seat 7: shuhrat19744 folded before Flop (didn't bet)
Seat 8: Crappz folded before Flop (didn't bet)
Seat 9: Dorex2007 folded before Flop (didn't bet)



PokerStars Hand #223698579705:  Hold'em No Limit ($0.01/$0.02 USD) - 2021/02/11 14:07:02 PT [2021/02/11 17:07:02 ET]
Table 'Bellona II' 9-max Seat #3 is the button
Seat 1: Rybka89 ($1.74 in chips) 
Seat 2: doubled8ck ($2.28 in chips) 
Seat 3: pdiddly22 ($1.67 in chips) 
Seat 5: DenyLi ($1.99 in chips) 
Seat 8: Crappz ($2.03 in chips) 
Seat 9: Dorex2007 ($1.58 in chips) 
DenyLi: posts small blind $0.01
Tom0fas: is sitting out 
shuhrat19744: is sitting out 
Crappz: posts big blind $0.02
*** HOLE CARDS ***
Dealt to Dorex2007 [Ts 2h]
Dorex2007: folds 
Rybka89: folds 
doubled8ck: folds 
shuhrat19744 leaves the table
Bird Fenix 1887 joins the table at seat #4 
pdiddly22: folds 
Tom0fas leaves the table
DenyLi: folds 
Uncalled bet ($0.01) returned to Crappz
Crappz collected $0.02 from pot
Crappz: doesn't show hand 
*** SUMMARY ***
Total pot $0.02 | Rake $0 
Seat 1: Rybka89 folded before Flop (didn't bet)
Seat 2: doubled8ck folded before Flop (didn't bet)
Seat 3: pdiddly22 (button) folded before Flop (didn't bet)
Seat 5: DenyLi (small blind) folded before Flop
Seat 8: Crappz (big blind) collected ($0.02)
Seat 9: Dorex2007 folded before Flop (didn't bet)



PokerStars Hand #223698587230:  Hold'em No Limit ($0.01/$0.02 USD) - 2021/02/11 14:07:12 PT [2021/02/11 17:07:12 ET]
Table 'Bellona II' 9-max Seat #5 is the button
Seat 1: Rybka89 ($1.74 in chips) 
Seat 2: doubled8ck ($2.28 in chips) 
Seat 3: pdiddly22 ($1.67 in chips) 
Seat 5: DenyLi ($1.98 in chips) 
Seat 8: Crappz ($2.04 in chips) 
Seat 9: Dorex2007 ($1.58 in chips) 
Crappz: posts small blind $0.01
Dorex2007: posts big blind $0.02
Bird Fenix 1887: sits out 
*** HOLE CARDS ***
Dealt to Dorex2007 [5d 8c]
zjanicek joins the table at seat #6 
Rybka89: folds 
doubled8ck: folds 
pdiddly22: folds 
DenyLi: folds 
Crappz: folds 
Uncalled bet ($0.01) returned to Dorex2007
Dorex2007 collected $0.02 from pot
Dorex2007: doesn't show hand 
*** SUMMARY ***
Total pot $0.02 | Rake $0 
Seat 1: Rybka89 folded before Flop (didn't bet)
Seat 2: doubled8ck folded before Flop (didn't bet)
Seat 3: pdiddly22 folded before Flop (didn't bet)
Seat 5: DenyLi (button) folded before Flop (didn't bet)
Seat 8: Crappz (small blind) folded before Flop
Seat 9: Dorex2007 (big blind) collected ($0.02)



PokerStars Hand #223698592644:  Hold'em No Limit ($0.01/$0.02 USD) - 2021/02/11 14:07:19 PT [2021/02/11 17:07:19 ET]
Table 'Bellona II' 9-max Seat #8 is the button
Seat 1: Rybka89 ($1.74 in chips) 
Seat 2: doubled8ck ($2.28 in chips) 
Seat 3: pdiddly22 ($1.67 in chips) 
Seat 4: Bird Fenix 1887 ($1.62 in chips) 
Seat 5: DenyLi ($1.98 in chips) 
Seat 8: Crappz ($2.03 in chips) 
Seat 9: Dorex2007 ($1.59 in chips) 
Dorex2007: posts small blind $0.01
Rybka89: posts big blind $0.02
Bird Fenix 1887: posts big blind $0.02
voyvoydavik joins the table at seat #7 
zjanicek: sits out 
*** HOLE CARDS ***
Dealt to Dorex2007 [Jd 5d]
doubled8ck: folds 
pdiddly22: folds 
Bird Fenix 1887: checks 
DenyLi: folds 
Crappz: folds 
Dorex2007: folds 
Rybka89: checks 
*** FLOP *** [Qd 8c Ks]
Rybka89: checks 
Bird Fenix 1887: checks 
*** TURN *** [Qd 8c Ks] [Kh]
Rybka89: checks 
Bird Fenix 1887: checks 
*** RIVER *** [Qd 8c Ks Kh] [Qh]
Rybka89: checks 
Bird Fenix 1887: checks 
*** SHOW DOWN ***
Rybka89: shows [4d Ts] (two pair, Kings and Queens)
Bird Fenix 1887: mucks hand 
Rybka89 collected $0.05 from pot
*** SUMMARY ***
Total pot $0.05 | Rake $0 
Board [Qd 8c Ks Kh Qh]
Seat 1: Rybka89 (big blind) showed [4d Ts] and won ($0.05) with two pair, Kings and Queens
Seat 2: doubled8ck folded before Flop (didn't bet)
Seat 3: pdiddly22 folded before Flop (didn't bet)
Seat 4: Bird Fenix 1887 mucked [3d 4h]
Seat 5: DenyLi folded before Flop (didn't bet)
Seat 8: Crappz (button) folded before Flop (didn't bet)
Seat 9: Dorex2007 (small blind) folded before Flop



PokerStars Hand #223698613539:  Hold'em No Limit ($0.01/$0.02 USD) - 2021/02/11 14:07:48 PT [2021/02/11 17:07:48 ET]
Table 'Bellona II' 9-max Seat #9 is the button
Seat 1: Rybka89 ($1.77 in chips) 
Seat 2: doubled8ck ($2.28 in chips) 
Seat 3: pdiddly22 ($1.67 in chips) 
Seat 4: Bird Fenix 1887 ($1.60 in chips) 
Seat 5: DenyLi ($1.98 in chips) 
Seat 8: Crappz ($2.03 in chips) 
Seat 9: Dorex2007 ($1.58 in chips) 
Rybka89: posts small blind $0.01
doubled8ck: posts big blind $0.02
zjanicek: sits out 
voyvoydavik: sits out 
*** HOLE CARDS ***
Dealt to Dorex2007 [4c 5d]
pdiddly22: folds 
Bird Fenix 1887: folds 
DenyLi: folds 
Crappz: folds 
Dorex2007: folds 
Rybka89: raises $0.04 to $0.06
doubled8ck: folds 
Uncalled bet ($0.04) returned to Rybka89
Rybka89 collected $0.04 from pot
Rybka89: doesn't show hand 
*** SUMMARY ***
Total pot $0.04 | Rake $0 
Seat 1: Rybka89 (small blind) collected ($0.04)
Seat 2: doubled8ck (big blind) folded before Flop
Seat 3: pdiddly22 folded before Flop (didn't bet)
Seat 4: Bird Fenix 1887 folded before Flop (didn't bet)
Seat 5: DenyLi folded before Flop (didn't bet)
Seat 8: Crappz folded before Flop (didn't bet)
Seat 9: Dorex2007 (button) folded before Flop (didn't bet)



PokerStars Hand #223698625424:  Hold'em No Limit ($0.01/$0.02 USD) - 2021/02/11 14:08:04 PT [2021/02/11 17:08:04 ET]
Table 'Bellona II' 9-max Seat #1 is the button
Seat 1: Rybka89 ($1.79 in chips) 
Seat 2: doubled8ck ($2.26 in chips) 
Seat 3: pdiddly22 ($1.67 in chips) 
Seat 4: Bird Fenix 1887 ($1.60 in chips) 
Seat 5: DenyLi ($1.98 in chips) 
Seat 8: Crappz ($2.03 in chips) 
Seat 9: Dorex2007 ($1.58 in chips) 
doubled8ck: posts small blind $0.01
pdiddly22: posts big blind $0.02
zjanicek: sits out 
voyvoydavik: sits out 
*** HOLE CARDS ***
Dealt to Dorex2007 [As Kh]
Bird Fenix 1887: calls $0.02
DenyLi: folds 
Crappz: folds 
Dorex2007: raises $0.04 to $0.06
Rybka89: calls $0.06
doubled8ck: folds 
pdiddly22: calls $0.04
Bird Fenix 1887: calls $0.04
*** FLOP *** [5d Jh 3s]
pdiddly22: checks 
Bird Fenix 1887: bets $0.02
Dorex2007: calls $0.02
Rybka89: calls $0.02
pdiddly22: folds 
*** TURN *** [5d Jh 3s] [Ks]
Bird Fenix 1887: bets $0.02
Dorex2007: raises $0.17 to $0.19
Rybka89: raises $0.17 to $0.36
Bird Fenix 1887: folds 
Dorex2007: folds 
Uncalled bet ($0.17) returned to Rybka89
Rybka89 collected $0.69 from pot
Rybka89: doesn't show hand 
*** SUMMARY ***
Total pot $0.71 | Rake $0.02 
Board [5d Jh 3s Ks]
Seat 1: Rybka89 (button) collected ($0.69)
Seat 2: doubled8ck (small blind) folded before Flop
Seat 3: pdiddly22 (big blind) folded on the Flop
Seat 4: Bird Fenix 1887 folded on the Turn
Seat 5: DenyLi folded before Flop (didn't bet)
Seat 8: Crappz folded before Flop (didn't bet)
Seat 9: Dorex2007 folded on the Turn



PokerStars Hand #223698677451:  Hold'em No Limit ($0.01/$0.02 USD) - 2021/02/11 14:09:15 PT [2021/02/11 17:09:15 ET]
Table 'Bellona II' 9-max Seat #2 is the button
Seat 1: Rybka89 ($2.21 in chips) 
Seat 2: doubled8ck ($2.25 in chips) 
Seat 3: pdiddly22 ($1.61 in chips) 
Seat 4: Bird Fenix 1887 ($1.50 in chips) 
Seat 5: DenyLi ($1.98 in chips) 
Seat 8: Crappz ($2.03 in chips) 
Seat 9: Dorex2007 ($1.31 in chips) 
pdiddly22: posts small blind $0.01
Bird Fenix 1887: posts big blind $0.02
zjanicek: sits out 
voyvoydavik: sits out 
*** HOLE CARDS ***
Dealt to Dorex2007 [4h Td]
DenyLi: folds 
Crappz: folds 
Dorex2007: folds 
Rybka89: folds 
doubled8ck: folds 
pdiddly22: folds 
Uncalled bet ($0.01) returned to Bird Fenix 1887
Bird Fenix 1887 collected $0.02 from pot
Bird Fenix 1887: doesn't show hand 
*** SUMMARY ***
Total pot $0.02 | Rake $0 
Seat 1: Rybka89 folded before Flop (didn't bet)
Seat 2: doubled8ck (button) folded before Flop (didn't bet)
Seat 3: pdiddly22 (small blind) folded before Flop
Seat 4: Bird Fenix 1887 (big blind) collected ($0.02)
Seat 5: DenyLi folded before Flop (didn't bet)
Seat 8: Crappz folded before Flop (didn't bet)
Seat 9: Dorex2007 folded before Flop (didn't bet)



PokerStars Hand #223698685387:  Hold'em No Limit ($0.01/$0.02 USD) - 2021/02/11 14:09:25 PT [2021/02/11 17:09:25 ET]
Table 'Bellona II' 9-max Seat #3 is the button
Seat 1: Rybka89 ($2.21 in chips) 
Seat 2: doubled8ck ($2.25 in chips) 
Seat 3: pdiddly22 ($1.60 in chips) 
Seat 4: Bird Fenix 1887 ($1.51 in chips) 
Seat 5: DenyLi ($1.98 in chips) 
Seat 8: Crappz ($2.03 in chips) 
Seat 9: Dorex2007 ($1.31 in chips) 
Bird Fenix 1887: posts small blind $0.01
DenyLi: posts big blind $0.02
zjanicek: sits out 
voyvoydavik: sits out 
*** HOLE CARDS ***
Dealt to Dorex2007 [Th Qc]
Crappz: folds 
Dorex2007: calls $0.02
Rybka89: folds 
doubled8ck: folds 
pdiddly22: calls $0.02
Bird Fenix 1887: calls $0.01
DenyLi: checks 
*** FLOP *** [3s Kc Ah]
Bird Fenix 1887: checks 
DenyLi: checks 
Dorex2007: bets $0.04
pdiddly22: calls $0.04
Bird Fenix 1887: folds 
DenyLi: folds 
*** TURN *** [3s Kc Ah] [8h]
Dorex2007: checks 
pdiddly22: checks 
*** RIVER *** [3s Kc Ah 8h] [4s]
Dorex2007: bets $0.08
pdiddly22: folds 
Uncalled bet ($0.08) returned to Dorex2007
Dorex2007 collected $0.15 from pot
Dorex2007: doesn't show hand 
*** SUMMARY ***
Total pot $0.16 | Rake $0.01 
Board [3s Kc Ah 8h 4s]
Seat 1: Rybka89 folded before Flop (didn't bet)
Seat 2: doubled8ck folded before Flop (didn't bet)
Seat 3: pdiddly22 (button) folded on the River
Seat 4: Bird Fenix 1887 (small blind) folded on the Flop
Seat 5: DenyLi (big blind) folded on the Flop
Seat 8: Crappz folded before Flop (didn't bet)
Seat 9: Dorex2007 collected ($0.15)



PokerStars Hand #223698715420:  Hold'em No Limit ($0.01/$0.02 USD) - 2021/02/11 14:10:06 PT [2021/02/11 17:10:06 ET]
Table 'Bellona II' 9-max Seat #4 is the button
Seat 1: Rybka89 ($2.21 in chips) 
Seat 2: doubled8ck ($2.25 in chips) 
Seat 3: pdiddly22 ($1.54 in chips) 
Seat 4: Bird Fenix 1887 ($1.49 in chips) 
Seat 5: DenyLi ($1.96 in chips) 
Seat 6: zjanicek ($1 in chips) 
Seat 8: Crappz ($2.03 in chips) 
Seat 9: Dorex2007 ($1.40 in chips) 
DenyLi: posts small blind $0.01
zjanicek: posts big blind $0.02
voyvoydavik: sits out 
*** HOLE CARDS ***
Dealt to Dorex2007 [7c 3c]
Crappz: folds 
Dorex2007: folds 
Rybka89: folds 
doubled8ck: folds 
pdiddly22: folds 
Bird Fenix 1887: folds 
DenyLi: folds 
Uncalled bet ($0.01) returned to zjanicek
zjanicek collected $0.02 from pot
zjanicek: doesn't show hand 
*** SUMMARY ***
Total pot $0.02 | Rake $0 
Seat 1: Rybka89 folded before Flop (didn't bet)
Seat 2: doubled8ck folded before Flop (didn't bet)
Seat 3: pdiddly22 folded before Flop (didn't bet)
Seat 4: Bird Fenix 1887 (button) folded before Flop (didn't bet)
Seat 5: DenyLi (small blind) folded before Flop
Seat 6: zjanicek (big blind) collected ($0.02)
Seat 8: Crappz folded before Flop (didn't bet)
Seat 9: Dorex2007 folded before Flop (didn't bet)



PokerStars Hand #223698724171:  Hold'em No Limit ($0.01/$0.02 USD) - 2021/02/11 14:10:18 PT [2021/02/11 17:10:18 ET]
Table 'Bellona II' 9-max Seat #5 is the button
Seat 1: Rybka89 ($2.21 in chips) 
Seat 2: doubled8ck ($2.25 in chips) 
Seat 3: pdiddly22 ($1.54 in chips) 
Seat 4: Bird Fenix 1887 ($1.49 in chips) 
Seat 5: DenyLi ($1.95 in chips) 
Seat 6: zjanicek ($1.01 in chips) 
Seat 7: voyvoydavik ($2 in chips) 
Seat 8: Crappz ($2.03 in chips) 
Seat 9: Dorex2007 ($1.40 in chips) 
zjanicek: posts small blind $0.01
voyvoydavik: posts big blind $0.02
*** HOLE CARDS ***
Dealt to Dorex2007 [Ks Ah]
Crappz: folds 
Dorex2007: raises $0.02 to $0.04
Rybka89: folds 
doubled8ck: folds 
pdiddly22: folds 
Bird Fenix 1887: folds 
DenyLi: folds 
zjanicek: calls $0.03
voyvoydavik: raises $0.14 to $0.18
Dorex2007: calls $0.14
zjanicek: folds 
*** FLOP *** [2c 8s 7c]
voyvoydavik: checks 
Dorex2007: checks 
*** TURN *** [2c 8s 7c] [Qd]
voyvoydavik: checks 
Dorex2007: bets $0.20
voyvoydavik: folds 
Uncalled bet ($0.20) returned to Dorex2007
Dorex2007 collected $0.39 from pot
Dorex2007: doesn't show hand 
*** SUMMARY ***
Total pot $0.40 | Rake $0.01 
Board [2c 8s 7c Qd]
Seat 1: Rybka89 folded before Flop (didn't bet)
Seat 2: doubled8ck folded before Flop (didn't bet)
Seat 3: pdiddly22 folded before Flop (didn't bet)
Seat 4: Bird Fenix 1887 folded before Flop (didn't bet)
Seat 5: DenyLi (button) folded before Flop (didn't bet)
Seat 6: zjanicek (small blind) folded before Flop
Seat 7: voyvoydavik (big blind) folded on the Turn
Seat 8: Crappz folded before Flop (didn't bet)
Seat 9: Dorex2007 collected ($0.39)



PokerStars Hand #223698780003:  Hold'em No Limit ($0.01/$0.02 USD) - 2021/02/11 14:11:33 PT [2021/02/11 17:11:33 ET]
Table 'Bellona II' 9-max Seat #6 is the button
Seat 1: Rybka89 ($2.21 in chips) 
Seat 2: doubled8ck ($2.25 in chips) 
Seat 3: pdiddly22 ($1.54 in chips) 
Seat 4: Bird Fenix 1887 ($1.49 in chips) 
Seat 5: DenyLi ($1.95 in chips) 
Seat 6: zjanicek ($0.97 in chips) 
Seat 7: voyvoydavik ($1.82 in chips) 
Seat 8: Crappz ($2.03 in chips) 
Seat 9: Dorex2007 ($1.61 in chips) 
voyvoydavik: posts small blind $0.01
Crappz: posts big blind $0.02
*** HOLE CARDS ***
Dealt to Dorex2007 [8d 8h]
Dorex2007: calls $0.02
Rybka89: folds 
doubled8ck: folds 
pdiddly22: folds 
Bird Fenix 1887: calls $0.02
DenyLi: folds 
zjanicek: calls $0.02
voyvoydavik: folds 
Crappz: checks 
*** FLOP *** [Qs 3s Td]
Crappz: checks 
Dorex2007: checks 
Bird Fenix 1887: checks 
zjanicek: checks 
*** TURN *** [Qs 3s Td] [7c]
Crappz: checks 
Dorex2007: bets $0.06
Bird Fenix 1887: calls $0.06
zjanicek: folds 
Crappz: folds 
*** RIVER *** [Qs 3s Td 7c] [6d]
Dorex2007: checks 
Bird Fenix 1887: checks 
*** SHOW DOWN ***
Dorex2007: shows [8d 8h] (a pair of Eights)
Bird Fenix 1887: mucks hand 
Dorex2007 collected $0.20 from pot
*** SUMMARY ***
Total pot $0.21 | Rake $0.01 
Board [Qs 3s Td 7c 6d]
Seat 1: Rybka89 folded before Flop (didn't bet)
Seat 2: doubled8ck folded before Flop (didn't bet)
Seat 3: pdiddly22 folded before Flop (didn't bet)
Seat 4: Bird Fenix 1887 mucked [Ks Jh]
Seat 5: DenyLi folded before Flop (didn't bet)
Seat 6: zjanicek (button) folded on the Turn
Seat 7: voyvoydavik (small blind) folded before Flop
Seat 8: Crappz (big blind) folded on the Turn
Seat 9: Dorex2007 showed [8d 8h] and won ($0.20) with a pair of Eights



PokerStars Hand #223698826419:  Hold'em No Limit ($0.01/$0.02 USD) - 2021/02/11 14:12:37 PT [2021/02/11 17:12:37 ET]
Table 'Bellona II' 9-max Seat #7 is the button
Seat 1: Rybka89 ($2.21 in chips) 
Seat 2: doubled8ck ($2.25 in chips) 
Seat 3: pdiddly22 ($1.54 in chips) 
Seat 4: Bird Fenix 1887 ($1.41 in chips) 
Seat 5: DenyLi ($1.95 in chips) 
Seat 6: zjanicek ($0.95 in chips) 
Seat 7: voyvoydavik ($1.81 in chips) 
Seat 8: Crappz ($2.01 in chips) 
Seat 9: Dorex2007 ($1.73 in chips) 
Crappz: posts small blind $0.01
Dorex2007: posts big blind $0.02
*** HOLE CARDS ***
Dealt to Dorex2007 [Td 9d]
Rybka89: raises $0.04 to $0.06
doubled8ck: folds 
pdiddly22: folds 
Bird Fenix 1887: folds 
DenyLi: raises $0.15 to $0.21
zjanicek: folds 
voyvoydavik: folds 
Crappz: calls $0.20
Dorex2007: folds 
Rybka89: calls $0.15
*** FLOP *** [2d 8h 3s]
Crappz: checks 
Rybka89: bets $0.63
DenyLi: raises $1.11 to $1.74 and is all-in
Crappz: folds 
Rybka89: calls $1.11
*** TURN *** [2d 8h 3s] [Ks]
*** RIVER *** [2d 8h 3s Ks] [Qd]
*** SHOW DOWN ***
Rybka89: shows [8c 8s] (three of a kind, Eights)
DenyLi: shows [Ac As] (a pair of Aces)
Rybka89 cashed out the hand for $3.55 | Cash Out Fee $0.04
*** SUMMARY ***
Total pot $4.13 | Rake $0.14 
Board [2d 8h 3s Ks Qd]
Seat 1: Rybka89 showed [8c 8s] and won ($3.99) with three of a kind, Eights (pot not awarded as player cashed out)
Seat 2: doubled8ck folded before Flop (didn't bet)
Seat 3: pdiddly22 folded before Flop (didn't bet)
Seat 4: Bird Fenix 1887 folded before Flop (didn't bet)
Seat 5: DenyLi showed [Ac As] and lost with a pair of Aces
Seat 6: zjanicek folded before Flop (didn't bet)
Seat 7: voyvoydavik (button) folded before Flop (didn't bet)
Seat 8: Crappz (small blind) folded on the Flop
Seat 9: Dorex2007 (big blind) folded before Flop



PokerStars Hand #223698866640:  Hold'em No Limit ($0.01/$0.02 USD) - 2021/02/11 14:13:19 PT [2021/02/11 17:13:19 ET]
Table 'Bellona II' 9-max Seat #8 is the button
Seat 1: Rybka89 ($3.81 in chips) 
Seat 2: doubled8ck ($2.25 in chips) 
Seat 3: pdiddly22 ($2 in chips) 
Seat 4: Bird Fenix 1887 ($1.41 in chips) 
Seat 6: zjanicek ($0.95 in chips) 
Seat 7: voyvoydavik ($1.81 in chips) 
Seat 8: Crappz ($2 in chips) 
Seat 9: Dorex2007 ($1.71 in chips) 
Dorex2007: posts small blind $0.01
Rybka89: posts big blind $0.02
*** HOLE CARDS ***
Dealt to Dorex2007 [2h As]
doubled8ck: folds 
pdiddly22: folds 
Bird Fenix 1887: calls $0.02
zjanicek: folds 
voyvoydavik: raises $0.03 to $0.05
Crappz: folds 
Dorex2007: folds 
Rybka89: folds 
Bird Fenix 1887: calls $0.03
*** FLOP *** [6c 2c 5s]
Rybka89 leaves the table
Bird Fenix 1887: checks 
voyvoydavik: bets $0.10
Bird Fenix 1887: folds 
Uncalled bet ($0.10) returned to voyvoydavik
voyvoydavik collected $0.13 from pot
voyvoydavik: doesn't show hand 
*** SUMMARY ***
Total pot $0.13 | Rake $0 
Board [6c 2c 5s]
Seat 1: Rybka89 (big blind) folded before Flop
Seat 2: doubled8ck folded before Flop (didn't bet)
Seat 3: pdiddly22 folded before Flop (didn't bet)
Seat 4: Bird Fenix 1887 folded on the Flop
Seat 6: zjanicek folded before Flop (didn't bet)
Seat 7: voyvoydavik collected ($0.13)
Seat 8: Crappz (button) folded before Flop (didn't bet)
Seat 9: Dorex2007 (small blind) folded before Flop



PokerStars Hand #223698892264:  Hold'em No Limit ($0.01/$0.02 USD) - 2021/02/11 14:13:45 PT [2021/02/11 17:13:45 ET]
Table 'Bellona II' 9-max Seat #9 is the button
Seat 2: doubled8ck ($2.25 in chips) 
Seat 3: pdiddly22 ($2 in chips) 
Seat 4: Bird Fenix 1887 ($1.36 in chips) 
Seat 5: DenyLi ($2 in chips) 
Seat 6: zjanicek ($0.95 in chips) 
Seat 7: voyvoydavik ($1.89 in chips) 
Seat 8: Crappz ($2 in chips) 
Seat 9: Dorex2007 ($1.70 in chips) 
doubled8ck: posts small blind $0.01
pdiddly22: posts big blind $0.02
*** HOLE CARDS ***
Dealt to Dorex2007 [5d Kh]
Bird Fenix 1887: folds 
DenyLi: folds 
zjanicek: folds 
voyvoydavik: raises $0.02 to $0.04
Crappz: folds 
Dorex2007: folds 
doubled8ck: folds 
pdiddly22: folds 
Uncalled bet ($0.02) returned to voyvoydavik
voyvoydavik collected $0.05 from pot
voyvoydavik: doesn't show hand 
*** SUMMARY ***
Total pot $0.05 | Rake $0 
Seat 2: doubled8ck (small blind) folded before Flop
Seat 3: pdiddly22 (big blind) folded before Flop
Seat 4: Bird Fenix 1887 folded before Flop (didn't bet)
Seat 5: DenyLi folded before Flop (didn't bet)
Seat 6: zjanicek folded before Flop (didn't bet)
Seat 7: voyvoydavik collected ($0.05)
Seat 8: Crappz folded before Flop (didn't bet)
Seat 9: Dorex2007 (button) folded before Flop (didn't bet)



PokerStars Hand #223698905153:  Hold'em No Limit ($0.01/$0.02 USD) - 2021/02/11 14:14:03 PT [2021/02/11 17:14:03 ET]
Table 'Bellona II' 9-max Seat #2 is the button
Seat 2: doubled8ck ($2.24 in chips) 
Seat 3: pdiddly22 ($1.98 in chips) 
Seat 4: Bird Fenix 1887 ($1.36 in chips) 
Seat 5: DenyLi ($2 in chips) 
Seat 6: zjanicek ($0.95 in chips) 
Seat 7: voyvoydavik ($1.92 in chips) 
Seat 8: Crappz ($2 in chips) 
Seat 9: Dorex2007 ($1.70 in chips) 
pdiddly22: posts small blind $0.01
Bird Fenix 1887: posts big blind $0.02
*** HOLE CARDS ***
Dealt to Dorex2007 [Qh 9c]
DenyLi: folds 
zjanicek: calls $0.02
voyvoydavik: folds 
Crappz: folds 
Dorex2007: folds 
doubled8ck: folds 
pdiddly22: calls $0.01
ZockerMarv1 joins the table at seat #1 
Bird Fenix 1887: checks 
*** FLOP *** [5d Th 6s]
pdiddly22: checks 
Bird Fenix 1887: checks 
zjanicek: bets $0.06
pdiddly22: folds 
Bird Fenix 1887: folds 
Uncalled bet ($0.06) returned to zjanicek
zjanicek collected $0.06 from pot
zjanicek: doesn't show hand 
*** SUMMARY ***
Total pot $0.06 | Rake $0 
Board [5d Th 6s]
Seat 2: doubled8ck (button) folded before Flop (didn't bet)
Seat 3: pdiddly22 (small blind) folded on the Flop
Seat 4: Bird Fenix 1887 (big blind) folded on the Flop
Seat 5: DenyLi folded before Flop (didn't bet)
Seat 6: zjanicek collected ($0.06)
Seat 7: voyvoydavik folded before Flop (didn't bet)
Seat 8: Crappz folded before Flop (didn't bet)
Seat 9: Dorex2007 folded before Flop (didn't bet)



PokerStars Hand #223698924176:  Hold'em No Limit ($0.01/$0.02 USD) - 2021/02/11 14:14:29 PT [2021/02/11 17:14:29 ET]
Table 'Bellona II' 9-max Seat #3 is the button
Seat 1: ZockerMarv1 ($2 in chips) 
Seat 2: doubled8ck ($2.24 in chips) 
Seat 3: pdiddly22 ($1.96 in chips) 
Seat 4: Bird Fenix 1887 ($1.34 in chips) 
Seat 5: DenyLi ($2 in chips) 
Seat 6: zjanicek ($0.99 in chips) 
Seat 7: voyvoydavik ($1.92 in chips) 
Seat 8: Crappz ($2 in chips) 
Seat 9: Dorex2007 ($1.70 in chips) 
Bird Fenix 1887: posts small blind $0.01
DenyLi: posts big blind $0.02
ZockerMarv1: posts big blind $0.02
*** HOLE CARDS ***
Dealt to Dorex2007 [6s 2h]
zjanicek: folds 
voyvoydavik: folds 
Crappz: folds 
Dorex2007: folds 
ZockerMarv1: raises $0.02 to $0.04
doubled8ck: folds 
pdiddly22: folds 
Bird Fenix 1887: folds 
DenyLi: folds 
Uncalled bet ($0.02) returned to ZockerMarv1
ZockerMarv1 collected $0.05 from pot
ZockerMarv1: doesn't show hand 
*** SUMMARY ***
Total pot $0.05 | Rake $0 
Seat 1: ZockerMarv1 collected ($0.05)
Seat 2: doubled8ck folded before Flop (didn't bet)
Seat 3: pdiddly22 (button) folded before Flop (didn't bet)
Seat 4: Bird Fenix 1887 (small blind) folded before Flop
Seat 5: DenyLi (big blind) folded before Flop
Seat 6: zjanicek folded before Flop (didn't bet)
Seat 7: voyvoydavik folded before Flop (didn't bet)
Seat 8: Crappz folded before Flop (didn't bet)
Seat 9: Dorex2007 folded before Flop (didn't bet)



PokerStars Hand #223698935599:  Hold'em No Limit ($0.01/$0.02 USD) - 2021/02/11 14:14:45 PT [2021/02/11 17:14:45 ET]
Table 'Bellona II' 9-max Seat #4 is the button
Seat 1: ZockerMarv1 ($2.03 in chips) 
Seat 2: doubled8ck ($2.24 in chips) 
Seat 3: pdiddly22 ($1.96 in chips) 
Seat 4: Bird Fenix 1887 ($1.33 in chips) 
Seat 5: DenyLi ($1.98 in chips) 
Seat 6: zjanicek ($0.99 in chips) 
Seat 7: voyvoydavik ($1.92 in chips) 
Seat 8: Crappz ($2 in chips) 
Seat 9: Dorex2007 ($1.70 in chips) 
DenyLi: posts small blind $0.01
zjanicek: posts big blind $0.02
*** HOLE CARDS ***
Dealt to Dorex2007 [7s 2c]
voyvoydavik: raises $0.03 to $0.05
Crappz: folds 
Dorex2007: folds 
ZockerMarv1: folds 
doubled8ck: folds 
pdiddly22: folds 
Bird Fenix 1887: folds 
DenyLi: folds 
zjanicek: folds 
Uncalled bet ($0.03) returned to voyvoydavik
voyvoydavik collected $0.05 from pot
voyvoydavik: doesn't show hand 
*** SUMMARY ***
Total pot $0.05 | Rake $0 
Seat 1: ZockerMarv1 folded before Flop (didn't bet)
Seat 2: doubled8ck folded before Flop (didn't bet)
Seat 3: pdiddly22 folded before Flop (didn't bet)
Seat 4: Bird Fenix 1887 (button) folded before Flop (didn't bet)
Seat 5: DenyLi (small blind) folded before Flop
Seat 6: zjanicek (big blind) folded before Flop
Seat 7: voyvoydavik collected ($0.05)
Seat 8: Crappz folded before Flop (didn't bet)
Seat 9: Dorex2007 folded before Flop (didn't bet)



PokerStars Hand #223698948975:  Hold'em No Limit ($0.01/$0.02 USD) - 2021/02/11 14:15:03 PT [2021/02/11 17:15:03 ET]
Table 'Bellona II' 9-max Seat #5 is the button
Seat 1: ZockerMarv1 ($2.03 in chips) 
Seat 2: doubled8ck ($2.24 in chips) 
Seat 3: pdiddly22 ($1.96 in chips) 
Seat 4: Bird Fenix 1887 ($1.33 in chips) 
Seat 5: DenyLi ($1.97 in chips) 
Seat 6: zjanicek ($0.97 in chips) 
Seat 7: voyvoydavik ($1.95 in chips) 
Seat 8: Crappz ($2 in chips) 
Seat 9: Dorex2007 ($1.70 in chips) 
zjanicek: posts small blind $0.01
voyvoydavik: posts big blind $0.02
*** HOLE CARDS ***
Dealt to Dorex2007 [Kh Ks]
Crappz: folds 
Dorex2007: raises $0.06 to $0.08
ZockerMarv1: folds 
doubled8ck: folds 
pdiddly22: folds 
Bird Fenix 1887: folds 
DenyLi: folds 
zjanicek: folds 
voyvoydavik: folds 
Uncalled bet ($0.06) returned to Dorex2007
Dorex2007 collected $0.05 from pot
Dorex2007: doesn't show hand 
*** SUMMARY ***
Total pot $0.05 | Rake $0 
Seat 1: ZockerMarv1 folded before Flop (didn't bet)
Seat 2: doubled8ck folded before Flop (didn't bet)
Seat 3: pdiddly22 folded before Flop (didn't bet)
Seat 4: Bird Fenix 1887 folded before Flop (didn't bet)
Seat 5: DenyLi (button) folded before Flop (didn't bet)
Seat 6: zjanicek (small blind) folded before Flop
Seat 7: voyvoydavik (big blind) folded before Flop
Seat 8: Crappz folded before Flop (didn't bet)
Seat 9: Dorex2007 collected ($0.05)



PokerStars Hand #223698969021:  Hold'em No Limit ($0.01/$0.02 USD) - 2021/02/11 14:15:31 PT [2021/02/11 17:15:31 ET]
Table 'Bellona II' 9-max Seat #6 is the button
Seat 1: ZockerMarv1 ($2.03 in chips) 
Seat 2: doubled8ck ($2.24 in chips) 
Seat 3: pdiddly22 ($1.96 in chips) 
Seat 4: Bird Fenix 1887 ($1.33 in chips) 
Seat 5: DenyLi ($1.97 in chips) 
Seat 6: zjanicek ($0.96 in chips) 
Seat 7: voyvoydavik ($1.93 in chips) 
Seat 8: Crappz ($2 in chips) 
Seat 9: Dorex2007 ($1.73 in chips) 
voyvoydavik: posts small blind $0.01
Crappz: posts big blind $0.02
*** HOLE CARDS ***
Dealt to Dorex2007 [Qs 5d]
Dorex2007: folds 
ZockerMarv1: folds 
doubled8ck: folds 
pdiddly22: folds 
Bird Fenix 1887: folds 
DenyLi: folds 
zjanicek: folds 
voyvoydavik: folds 
Uncalled bet ($0.01) returned to Crappz
Crappz collected $0.02 from pot
Crappz: doesn't show hand 
*** SUMMARY ***
Total pot $0.02 | Rake $0 
Seat 1: ZockerMarv1 folded before Flop (didn't bet)
Seat 2: doubled8ck folded before Flop (didn't bet)
Seat 3: pdiddly22 folded before Flop (didn't bet)
Seat 4: Bird Fenix 1887 folded before Flop (didn't bet)
Seat 5: DenyLi folded before Flop (didn't bet)
Seat 6: zjanicek (button) folded before Flop (didn't bet)
Seat 7: voyvoydavik (small blind) folded before Flop
Seat 8: Crappz (big blind) collected ($0.02)
Seat 9: Dorex2007 folded before Flop (didn't bet)



PokerStars Hand #223698985396:  Hold'em No Limit ($0.01/$0.02 USD) - 2021/02/11 14:15:53 PT [2021/02/11 17:15:53 ET]
Table 'Bellona II' 9-max Seat #7 is the button
Seat 1: ZockerMarv1 ($2.03 in chips) 
Seat 2: doubled8ck ($2.24 in chips) 
Seat 3: pdiddly22 ($1.96 in chips) 
Seat 4: Bird Fenix 1887 ($1.33 in chips) 
Seat 5: DenyLi ($1.97 in chips) 
Seat 6: zjanicek ($0.96 in chips) 
Seat 7: voyvoydavik ($1.92 in chips) 
Seat 8: Crappz ($2.01 in chips) 
Seat 9: Dorex2007 ($1.73 in chips) 
Crappz: posts small blind $0.01
Dorex2007: posts big blind $0.02
*** HOLE CARDS ***
Dealt to Dorex2007 [9h 9s]
ZockerMarv1: folds 
doubled8ck: folds 
pdiddly22: folds 
Bird Fenix 1887: folds 
DenyLi: raises $0.04 to $0.06
zjanicek: folds 
voyvoydavik: folds 
Crappz: folds 
Dorex2007: calls $0.04
*** FLOP *** [8h Kd 5s]
Dorex2007: bets $0.07
DenyLi: folds 
Uncalled bet ($0.07) returned to Dorex2007
Dorex2007 collected $0.13 from pot
Dorex2007: doesn't show hand 
*** SUMMARY ***
Total pot $0.13 | Rake $0 
Board [8h Kd 5s]
Seat 1: ZockerMarv1 folded before Flop (didn't bet)
Seat 2: doubled8ck folded before Flop (didn't bet)
Seat 3: pdiddly22 folded before Flop (didn't bet)
Seat 4: Bird Fenix 1887 folded before Flop (didn't bet)
Seat 5: DenyLi folded on the Flop
Seat 6: zjanicek folded before Flop (didn't bet)
Seat 7: voyvoydavik (button) folded before Flop (didn't bet)
Seat 8: Crappz (small blind) folded before Flop
Seat 9: Dorex2007 (big blind) collected ($0.13)



PokerStars Hand #223699008661:  Hold'em No Limit ($0.01/$0.02 USD) - 2021/02/11 14:16:25 PT [2021/02/11 17:16:25 ET]
Table 'Bellona II' 9-max Seat #8 is the button
Seat 1: ZockerMarv1 ($2.03 in chips) 
Seat 2: doubled8ck ($2.24 in chips) 
Seat 3: pdiddly22 ($1.96 in chips) 
Seat 4: Bird Fenix 1887 ($1.33 in chips) 
Seat 5: DenyLi ($1.91 in chips) 
Seat 6: zjanicek ($0.96 in chips) 
Seat 7: voyvoydavik ($1.92 in chips) 
Seat 8: Crappz ($2 in chips) 
Seat 9: Dorex2007 ($1.80 in chips) 
Dorex2007: posts small blind $0.01
ZockerMarv1: posts big blind $0.02
*** HOLE CARDS ***
Dealt to Dorex2007 [Ks 9s]
doubled8ck: folds 
pdiddly22: folds 
Bird Fenix 1887: folds 
DenyLi: folds 
zjanicek: folds 
voyvoydavik: folds 
Crappz: folds 
Dorex2007: calls $0.01
ZockerMarv1: raises $0.20 to $0.22
Dorex2007: folds 
Uncalled bet ($0.20) returned to ZockerMarv1
ZockerMarv1 collected $0.04 from pot
ZockerMarv1: doesn't show hand 
*** SUMMARY ***
Total pot $0.04 | Rake $0 
Seat 1: ZockerMarv1 (big blind) collected ($0.04)
Seat 2: doubled8ck folded before Flop (didn't bet)
Seat 3: pdiddly22 folded before Flop (didn't bet)
Seat 4: Bird Fenix 1887 folded before Flop (didn't bet)
Seat 5: DenyLi folded before Flop (didn't bet)
Seat 6: zjanicek folded before Flop (didn't bet)
Seat 7: voyvoydavik folded before Flop (didn't bet)
Seat 8: Crappz (button) folded before Flop (didn't bet)
Seat 9: Dorex2007 (small blind) folded before Flop



PokerStars Hand #223699021852:  Hold'em No Limit ($0.01/$0.02 USD) - 2021/02/11 14:16:43 PT [2021/02/11 17:16:43 ET]
Table 'Bellona II' 9-max Seat #9 is the button
Seat 1: ZockerMarv1 ($2.05 in chips) 
Seat 2: doubled8ck ($2.24 in chips) 
Seat 3: pdiddly22 ($1.96 in chips) 
Seat 4: Bird Fenix 1887 ($1.33 in chips) 
Seat 5: DenyLi ($1.91 in chips) 
Seat 6: zjanicek ($0.96 in chips) 
Seat 7: voyvoydavik ($1.92 in chips) 
Seat 8: Crappz ($2 in chips) 
Seat 9: Dorex2007 ($1.78 in chips) 
ZockerMarv1: posts small blind $0.01
doubled8ck: posts big blind $0.02
*** HOLE CARDS ***
Dealt to Dorex2007 [Ac Kd]
pdiddly22: folds 
Dorex2007 said, "lol"
Bird Fenix 1887: folds 
DenyLi: folds 
zjanicek: folds 
voyvoydavik: folds 
Crappz: folds 
Dorex2007: raises $0.04 to $0.06
ZockerMarv1: calls $0.05
doubled8ck: folds 
*** FLOP *** [4d Ad Qs]
ZockerMarv1: checks 
Dorex2007: bets $0.08
ZockerMarv1: folds 
Uncalled bet ($0.08) returned to Dorex2007
Dorex2007 collected $0.14 from pot
Dorex2007: doesn't show hand 
*** SUMMARY ***
Total pot $0.14 | Rake $0 
Board [4d Ad Qs]
Seat 1: ZockerMarv1 (small blind) folded on the Flop
Seat 2: doubled8ck (big blind) folded before Flop
Seat 3: pdiddly22 folded before Flop (didn't bet)
Seat 4: Bird Fenix 1887 folded before Flop (didn't bet)
Seat 5: DenyLi folded before Flop (didn't bet)
Seat 6: zjanicek folded before Flop (didn't bet)
Seat 7: voyvoydavik folded before Flop (didn't bet)
Seat 8: Crappz folded before Flop (didn't bet)
Seat 9: Dorex2007 (button) collected ($0.14)



PokerStars Hand #223699047061:  Hold'em No Limit ($0.01/$0.02 USD) - 2021/02/11 14:17:18 PT [2021/02/11 17:17:18 ET]
Table 'Bellona II' 9-max Seat #2 is the button
Seat 2: doubled8ck ($2.22 in chips) 
Seat 3: pdiddly22 ($1.96 in chips) 
Seat 4: Bird Fenix 1887 ($1.33 in chips) 
Seat 5: DenyLi ($1.91 in chips) 
Seat 6: zjanicek ($0.96 in chips) 
Seat 7: voyvoydavik ($1.92 in chips) 
Seat 8: Crappz ($2 in chips) 
Seat 9: Dorex2007 ($1.86 in chips) 
pdiddly22: posts small blind $0.01
Bird Fenix 1887: posts big blind $0.02
*** HOLE CARDS ***
Dealt to Dorex2007 [Jh 6d]
ZockerMarv1 leaves the table
DenyLi: folds 
zjanicek: folds 
voyvoydavik: folds 
Crappz: folds 
Dorex2007: folds 
doubled8ck: folds 
pdiddly22: folds 
Uncalled bet ($0.01) returned to Bird Fenix 1887
Bird Fenix 1887 collected $0.02 from pot
Bird Fenix 1887: doesn't show hand 
*** SUMMARY ***
Total pot $0.02 | Rake $0 
Seat 2: doubled8ck (button) folded before Flop (didn't bet)
Seat 3: pdiddly22 (small blind) folded before Flop
Seat 4: Bird Fenix 1887 (big blind) collected ($0.02)
Seat 5: DenyLi folded before Flop (didn't bet)
Seat 6: zjanicek folded before Flop (didn't bet)
Seat 7: voyvoydavik folded before Flop (didn't bet)
Seat 8: Crappz folded before Flop (didn't bet)
Seat 9: Dorex2007 folded before Flop (didn't bet)



PokerStars Hand #223699063458:  Hold'em No Limit ($0.01/$0.02 USD) - 2021/02/11 14:17:41 PT [2021/02/11 17:17:41 ET]
Table 'Bellona II' 9-max Seat #3 is the button
Seat 2: doubled8ck ($2.22 in chips) 
Seat 3: pdiddly22 ($1.95 in chips) 
Seat 4: Bird Fenix 1887 ($1.34 in chips) 
Seat 5: DenyLi ($1.91 in chips) 
Seat 6: zjanicek ($0.96 in chips) 
Seat 7: voyvoydavik ($1.92 in chips) 
Seat 8: Crappz ($2 in chips) 
Seat 9: Dorex2007 ($1.86 in chips) 
Bird Fenix 1887: posts small blind $0.01
DenyLi: posts big blind $0.02
*** HOLE CARDS ***
Dealt to Dorex2007 [Ad 3d]
zjanicek: folds 
voyvoydavik: raises $0.03 to $0.05
Crappz: folds 
Dorex2007: folds 
doubled8ck: folds 
pdiddly22: folds 
Bird Fenix 1887: folds 
DenyLi: folds 
Uncalled bet ($0.03) returned to voyvoydavik
voyvoydavik collected $0.05 from pot
voyvoydavik: doesn't show hand 
*** SUMMARY ***
Total pot $0.05 | Rake $0 
Seat 2: doubled8ck folded before Flop (didn't bet)
Seat 3: pdiddly22 (button) folded before Flop (didn't bet)
Seat 4: Bird Fenix 1887 (small blind) folded before Flop
Seat 5: DenyLi (big blind) folded before Flop
Seat 6: zjanicek folded before Flop (didn't bet)
Seat 7: voyvoydavik collected ($0.05)
Seat 8: Crappz folded before Flop (didn't bet)
Seat 9: Dorex2007 folded before Flop (didn't bet)



PokerStars Hand #223699075962:  Hold'em No Limit ($0.01/$0.02 USD) - 2021/02/11 14:17:58 PT [2021/02/11 17:17:58 ET]
Table 'Bellona II' 9-max Seat #4 is the button
Seat 2: doubled8ck ($2.22 in chips) 
Seat 3: pdiddly22 ($1.95 in chips) 
Seat 4: Bird Fenix 1887 ($1.33 in chips) 
Seat 5: DenyLi ($1.89 in chips) 
Seat 6: zjanicek ($0.96 in chips) 
Seat 7: voyvoydavik ($1.95 in chips) 
Seat 8: Crappz ($2 in chips) 
Seat 9: Dorex2007 ($1.86 in chips) 
DenyLi: posts small blind $0.01
zjanicek: posts big blind $0.02
*** HOLE CARDS ***
Dealt to Dorex2007 [Qc 8c]
voyvoydavik: folds 
Crappz: folds 
Dorex2007: folds 
doubled8ck: raises $0.04 to $0.06
pdiddly22: folds 
Bird Fenix 1887: folds 
DenyLi: folds 
stanum2 joins the table at seat #1 
zjanicek: folds 
Uncalled bet ($0.04) returned to doubled8ck
doubled8ck collected $0.05 from pot
*** SUMMARY ***
Total pot $0.05 | Rake $0 
Seat 2: doubled8ck collected ($0.05)
Seat 3: pdiddly22 folded before Flop (didn't bet)
Seat 4: Bird Fenix 1887 (button) folded before Flop (didn't bet)
Seat 5: DenyLi (small blind) folded before Flop
Seat 6: zjanicek (big blind) folded before Flop
Seat 7: voyvoydavik folded before Flop (didn't bet)
Seat 8: Crappz folded before Flop (didn't bet)
Seat 9: Dorex2007 folded before Flop (didn't bet)



PokerStars Hand #223699088243:  Hold'em No Limit ($0.01/$0.02 USD) - 2021/02/11 14:18:16 PT [2021/02/11 17:18:16 ET]
Table 'Bellona II' 9-max Seat #5 is the button
Seat 2: doubled8ck ($2.25 in chips) 
Seat 3: pdiddly22 ($1.95 in chips) 
Seat 4: Bird Fenix 1887 ($1.33 in chips) 
Seat 5: DenyLi ($1.88 in chips) 
Seat 6: zjanicek ($0.94 in chips) 
Seat 7: voyvoydavik ($1.95 in chips) 
Seat 8: Crappz ($2 in chips) 
Seat 9: Dorex2007 ($1.86 in chips) 
zjanicek: posts small blind $0.01
voyvoydavik: posts big blind $0.02
stanum2: sits out 
*** HOLE CARDS ***
Dealt to Dorex2007 [7h 3h]
Crappz: folds 
Dorex2007: folds 
doubled8ck: folds 
pdiddly22: raises $0.02 to $0.04
Bird Fenix 1887: folds 
DenyLi: folds 
zjanicek: folds 
voyvoydavik: folds 
Uncalled bet ($0.02) returned to pdiddly22
pdiddly22 collected $0.05 from pot
pdiddly22: doesn't show hand 
*** SUMMARY ***
Total pot $0.05 | Rake $0 
Seat 2: doubled8ck folded before Flop (didn't bet)
Seat 3: pdiddly22 collected ($0.05)
Seat 4: Bird Fenix 1887 folded before Flop (didn't bet)
Seat 5: DenyLi (button) folded before Flop (didn't bet)
Seat 6: zjanicek (small blind) folded before Flop
Seat 7: voyvoydavik (big blind) folded before Flop
Seat 8: Crappz folded before Flop (didn't bet)
Seat 9: Dorex2007 folded before Flop (didn't bet)



PokerStars Hand #223699106818:  Hold'em No Limit ($0.01/$0.02 USD) - 2021/02/11 14:18:41 PT [2021/02/11 17:18:41 ET]
Table 'Bellona II' 9-max Seat #6 is the button
Seat 2: doubled8ck ($2.25 in chips) 
Seat 3: pdiddly22 ($1.98 in chips) 
Seat 4: Bird Fenix 1887 ($1.33 in chips) 
Seat 5: DenyLi ($1.88 in chips) 
Seat 6: zjanicek ($0.93 in chips) 
Seat 7: voyvoydavik ($1.93 in chips) 
Seat 8: Crappz ($2 in chips) 
Seat 9: Dorex2007 ($1.86 in chips) 
voyvoydavik: posts small blind $0.01
Crappz: posts big blind $0.02
stanum2: sits out 
*** HOLE CARDS ***
Dealt to Dorex2007 [8d Qh]
Dorex2007: folds 
doubled8ck: raises $0.04 to $0.06
pdiddly22: folds 
Bird Fenix 1887: folds 
DenyLi: folds 
zjanicek: folds 
voyvoydavik: folds 
Crappz: folds 
Uncalled bet ($0.04) returned to doubled8ck
doubled8ck collected $0.05 from pot
*** SUMMARY ***
Total pot $0.05 | Rake $0 
Seat 2: doubled8ck collected ($0.05)
Seat 3: pdiddly22 folded before Flop (didn't bet)
Seat 4: Bird Fenix 1887 folded before Flop (didn't bet)
Seat 5: DenyLi folded before Flop (didn't bet)
Seat 6: zjanicek (button) folded before Flop (didn't bet)
Seat 7: voyvoydavik (small blind) folded before Flop
Seat 8: Crappz (big blind) folded before Flop
Seat 9: Dorex2007 folded before Flop (didn't bet)



PokerStars Hand #223699125316:  Hold'em No Limit ($0.01/$0.02 USD) - 2021/02/11 14:19:07 PT [2021/02/11 17:19:07 ET]
Table 'Bellona II' 9-max Seat #7 is the button
Seat 2: doubled8ck ($2.28 in chips) 
Seat 3: pdiddly22 ($1.98 in chips) 
Seat 4: Bird Fenix 1887 ($1.33 in chips) 
Seat 5: DenyLi ($1.88 in chips) 
Seat 6: zjanicek ($0.93 in chips) 
Seat 7: voyvoydavik ($1.92 in chips) 
Seat 8: Crappz ($2 in chips) 
Seat 9: Dorex2007 ($1.86 in chips) 
Crappz: posts small blind $0.01
Dorex2007: posts big blind $0.02
stanum2: sits out 
*** HOLE CARDS ***
Dealt to Dorex2007 [4c 5d]
doubled8ck: folds 
pdiddly22: calls $0.02
Bird Fenix 1887: folds 
DenyLi: folds 
zjanicek: folds 
voyvoydavik: folds 
Crappz: folds 
Dorex2007: checks 
*** FLOP *** [2s Qc 2c]
Dorex2007: checks 
pdiddly22: checks 
*** TURN *** [2s Qc 2c] [Js]
Dorex2007: checks 
pdiddly22: bets $0.04
Dorex2007: folds 
Uncalled bet ($0.04) returned to pdiddly22
pdiddly22 collected $0.05 from pot
pdiddly22: doesn't show hand 
*** SUMMARY ***
Total pot $0.05 | Rake $0 
Board [2s Qc 2c Js]
Seat 2: doubled8ck folded before Flop (didn't bet)
Seat 3: pdiddly22 collected ($0.05)
Seat 4: Bird Fenix 1887 folded before Flop (didn't bet)
Seat 5: DenyLi folded before Flop (didn't bet)
Seat 6: zjanicek folded before Flop (didn't bet)
Seat 7: voyvoydavik (button) folded before Flop (didn't bet)
Seat 8: Crappz (small blind) folded before Flop
Seat 9: Dorex2007 (big blind) folded on the Turn



PokerStars Hand #223699156357:  Hold'em No Limit ($0.01/$0.02 USD) - 2021/02/11 14:19:50 PT [2021/02/11 17:19:50 ET]
Table 'Bellona II' 9-max Seat #9 is the button
Seat 2: doubled8ck ($2.28 in chips) 
Seat 3: pdiddly22 ($2.01 in chips) 
Seat 4: Bird Fenix 1887 ($1.33 in chips) 
Seat 5: DenyLi ($1.88 in chips) 
Seat 6: zjanicek ($0.93 in chips) 
Seat 7: voyvoydavik ($1.92 in chips) 
Seat 9: Dorex2007 ($1.84 in chips) 
doubled8ck: posts small blind $0.01
pdiddly22: posts big blind $0.02
*** HOLE CARDS ***
Dealt to Dorex2007 [Tc 3h]
Bird Fenix 1887: folds 
DenyLi: folds 
zjanicek: raises $0.06 to $0.08
voyvoydavik: folds 
Dorex2007: folds 
doubled8ck: folds 
pdiddly22: folds 
Uncalled bet ($0.06) returned to zjanicek
zjanicek collected $0.05 from pot
zjanicek: doesn't show hand 
*** SUMMARY ***
Total pot $0.05 | Rake $0 
Seat 2: doubled8ck (small blind) folded before Flop
Seat 3: pdiddly22 (big blind) folded before Flop
Seat 4: Bird Fenix 1887 folded before Flop (didn't bet)
Seat 5: DenyLi folded before Flop (didn't bet)
Seat 6: zjanicek collected ($0.05)
Seat 7: voyvoydavik folded before Flop (didn't bet)
Seat 9: Dorex2007 (button) folded before Flop (didn't bet)



PokerStars Hand #223699167556:  Hold'em No Limit ($0.01/$0.02 USD) - 2021/02/11 14:20:06 PT [2021/02/11 17:20:06 ET]
Table 'Bellona II' 9-max Seat #2 is the button
Seat 2: doubled8ck ($2.27 in chips) 
Seat 3: pdiddly22 ($1.99 in chips) 
Seat 4: Bird Fenix 1887 ($1.33 in chips) 
Seat 5: DenyLi ($1.88 in chips) 
Seat 6: zjanicek ($0.96 in chips) 
Seat 7: voyvoydavik ($1.92 in chips) 
Seat 9: Dorex2007 ($1.84 in chips) 
pdiddly22: posts small blind $0.01
Bird Fenix 1887: posts big blind $0.02
stanum2: sits out 
*** HOLE CARDS ***
Dealt to Dorex2007 [Ks 6s]
DenyLi: folds 
zjanicek: folds 
voyvoydavik: folds 
Dorex2007: folds 
doubled8ck: folds 
pdiddly22: folds 
Uncalled bet ($0.01) returned to Bird Fenix 1887
Bird Fenix 1887 collected $0.02 from pot
Bird Fenix 1887: doesn't show hand 
*** SUMMARY ***
Total pot $0.02 | Rake $0 
Seat 2: doubled8ck (button) folded before Flop (didn't bet)
Seat 3: pdiddly22 (small blind) folded before Flop
Seat 4: Bird Fenix 1887 (big blind) collected ($0.02)
Seat 5: DenyLi folded before Flop (didn't bet)
Seat 6: zjanicek folded before Flop (didn't bet)
Seat 7: voyvoydavik folded before Flop (didn't bet)
Seat 9: Dorex2007 folded before Flop (didn't bet)



PokerStars Hand #223699174419:  Hold'em No Limit ($0.01/$0.02 USD) - 2021/02/11 14:20:15 PT [2021/02/11 17:20:15 ET]
Table 'Bellona II' 9-max Seat #3 is the button
Seat 2: doubled8ck ($2.27 in chips) 
Seat 3: pdiddly22 ($1.98 in chips) 
Seat 4: Bird Fenix 1887 ($1.34 in chips) 
Seat 5: DenyLi ($1.88 in chips) 
Seat 6: zjanicek ($0.96 in chips) 
Seat 7: voyvoydavik ($1.92 in chips) 
Seat 9: Dorex2007 ($1.84 in chips) 
Bird Fenix 1887: posts small blind $0.01
DenyLi: posts big blind $0.02
stanum2: sits out 
*** HOLE CARDS ***
Dealt to Dorex2007 [6c 2d]
zjanicek: folds 
voyvoydavik: folds 
Dorex2007: folds 
doubled8ck: folds 
pdiddly22: folds 
Bird Fenix 1887: calls $0.01
DenyLi: checks 
*** FLOP *** [Kd 5c Th]
Bird Fenix 1887: bets $0.02
DenyLi: folds 
Uncalled bet ($0.02) returned to Bird Fenix 1887
Bird Fenix 1887 collected $0.04 from pot
Bird Fenix 1887: doesn't show hand 
*** SUMMARY ***
Total pot $0.04 | Rake $0 
Board [Kd 5c Th]
Seat 2: doubled8ck folded before Flop (didn't bet)
Seat 3: pdiddly22 (button) folded before Flop (didn't bet)
Seat 4: Bird Fenix 1887 (small blind) collected ($0.04)
Seat 5: DenyLi (big blind) folded on the Flop
Seat 6: zjanicek folded before Flop (didn't bet)
Seat 7: voyvoydavik folded before Flop (didn't bet)
Seat 9: Dorex2007 folded before Flop (didn't bet)



PokerStars Hand #223699188373:  Hold'em No Limit ($0.01/$0.02 USD) - 2021/02/11 14:20:35 PT [2021/02/11 17:20:35 ET]
Table 'Bellona II' 9-max Seat #4 is the button
Seat 2: doubled8ck ($2.27 in chips) 
Seat 3: pdiddly22 ($1.98 in chips) 
Seat 4: Bird Fenix 1887 ($1.36 in chips) 
Seat 5: DenyLi ($1.86 in chips) 
Seat 6: zjanicek ($0.96 in chips) 
Seat 7: voyvoydavik ($1.92 in chips) 
Seat 9: Dorex2007 ($1.84 in chips) 
DenyLi: posts small blind $0.01
zjanicek: posts big blind $0.02
stanum2: sits out 
*** HOLE CARDS ***
Dealt to Dorex2007 [7s 5c]
voyvoydavik: folds 
Dorex2007: folds 
doubled8ck: folds 
pdiddly22: calls $0.02
Bird Fenix 1887: folds 
DenyLi: folds 
zjanicek: checks 
*** FLOP *** [8s 4h 2d]
zjanicek: checks 
pdiddly22: checks 
*** TURN *** [8s 4h 2d] [Jh]
zjanicek: checks 
pdiddly22: bets $0.04
zjanicek: calls $0.04
*** RIVER *** [8s 4h 2d Jh] [Qc]
zjanicek: checks 
pdiddly22: checks 
*** SHOW DOWN ***
zjanicek: shows [9h 6h] (high card Queen)
pdiddly22: shows [Th Kh] (high card King)
pdiddly22 collected $0.13 from pot
*** SUMMARY ***
Total pot $0.13 | Rake $0 
Board [8s 4h 2d Jh Qc]
Seat 2: doubled8ck folded before Flop (didn't bet)
Seat 3: pdiddly22 showed [Th Kh] and won ($0.13) with high card King
Seat 4: Bird Fenix 1887 (button) folded before Flop (didn't bet)
Seat 5: DenyLi (small blind) folded before Flop
Seat 6: zjanicek (big blind) showed [9h 6h] and lost with high card Queen
Seat 7: voyvoydavik folded before Flop (didn't bet)
Seat 9: Dorex2007 folded before Flop (didn't bet)



PokerStars Hand #223699227197:  Hold'em No Limit ($0.01/$0.02 USD) - 2021/02/11 14:21:29 PT [2021/02/11 17:21:29 ET]
Table 'Bellona II' 9-max Seat #5 is the button
Seat 2: doubled8ck ($2.27 in chips) 
Seat 3: pdiddly22 ($2.05 in chips) 
Seat 4: Bird Fenix 1887 ($1.36 in chips) 
Seat 5: DenyLi ($1.85 in chips) 
Seat 6: zjanicek ($0.90 in chips) 
Seat 7: voyvoydavik ($1.92 in chips) 
Seat 9: Dorex2007 ($1.84 in chips) 
zjanicek: posts small blind $0.01
voyvoydavik: posts big blind $0.02
stanum2: sits out 
*** HOLE CARDS ***
Dealt to Dorex2007 [Qc 8s]
Dorex2007: folds 
doubled8ck has timed out
doubled8ck: folds 
pdiddly22: folds 
Bird Fenix 1887: calls $0.02
DenyLi: folds 
zjanicek: folds 
voyvoydavik: checks 
*** FLOP *** [6h 2d Qs]
voyvoydavik: checks 
Bird Fenix 1887: checks 
*** TURN *** [6h 2d Qs] [Ac]
voyvoydavik: checks 
Bird Fenix 1887: checks 
*** RIVER *** [6h 2d Qs Ac] [2h]
voyvoydavik: checks 
Bird Fenix 1887: checks 
*** SHOW DOWN ***
voyvoydavik: shows [3h 9s] (a pair of Deuces)
Bird Fenix 1887: shows [5d Kd] (a pair of Deuces - Ace+King kicker)
Bird Fenix 1887 collected $0.05 from pot
*** SUMMARY ***
Total pot $0.05 | Rake $0 
Board [6h 2d Qs Ac 2h]
Seat 2: doubled8ck folded before Flop (didn't bet)
Seat 3: pdiddly22 folded before Flop (didn't bet)
Seat 4: Bird Fenix 1887 showed [5d Kd] and won ($0.05) with a pair of Deuces
Seat 5: DenyLi (button) folded before Flop (didn't bet)
Seat 6: zjanicek (small blind) folded before Flop
Seat 7: voyvoydavik (big blind) showed [3h 9s] and lost with a pair of Deuces
Seat 9: Dorex2007 folded before Flop (didn't bet)



PokerStars Hand #223699266923:  Hold'em No Limit ($0.01/$0.02 USD) - 2021/02/11 14:22:25 PT [2021/02/11 17:22:25 ET]
Table 'Bellona II' 9-max Seat #6 is the button
Seat 2: doubled8ck ($2.27 in chips) 
Seat 3: pdiddly22 ($2.05 in chips) 
Seat 4: Bird Fenix 1887 ($1.39 in chips) 
Seat 5: DenyLi ($1.85 in chips) 
Seat 6: zjanicek ($0.89 in chips) 
Seat 7: voyvoydavik ($1.90 in chips) 
Seat 8: Crappz ($2 in chips) 
Seat 9: Dorex2007 ($1.84 in chips) 
voyvoydavik: posts small blind $0.01
Crappz: posts big blind $0.02
stanum2: sits out 
*** HOLE CARDS ***
Dealt to Dorex2007 [5d 6s]
Dorex2007: folds 
doubled8ck: folds 
pdiddly22: folds 
Bird Fenix 1887: folds 
DenyLi: folds 
zjanicek: folds 
voyvoydavik: folds 
Uncalled bet ($0.01) returned to Crappz
Crappz collected $0.02 from pot
Crappz: doesn't show hand 
*** SUMMARY ***
Total pot $0.02 | Rake $0 
Seat 2: doubled8ck folded before Flop (didn't bet)
Seat 3: pdiddly22 folded before Flop (didn't bet)
Seat 4: Bird Fenix 1887 folded before Flop (didn't bet)
Seat 5: DenyLi folded before Flop (didn't bet)
Seat 6: zjanicek (button) folded before Flop (didn't bet)
Seat 7: voyvoydavik (small blind) folded before Flop
Seat 8: Crappz (big blind) collected ($0.02)
Seat 9: Dorex2007 folded before Flop (didn't bet)



PokerStars Hand #223699276959:  Hold'em No Limit ($0.01/$0.02 USD) - 2021/02/11 14:22:39 PT [2021/02/11 17:22:39 ET]
Table 'Bellona II' 9-max Seat #7 is the button
Seat 2: doubled8ck ($2.27 in chips) 
Seat 3: pdiddly22 ($2.05 in chips) 
Seat 4: Bird Fenix 1887 ($1.39 in chips) 
Seat 5: DenyLi ($1.85 in chips) 
Seat 6: zjanicek ($0.89 in chips) 
Seat 7: voyvoydavik ($1.89 in chips) 
Seat 8: Crappz ($2.01 in chips) 
Seat 9: Dorex2007 ($1.84 in chips) 
Crappz: posts small blind $0.01
Dorex2007: posts big blind $0.02
stanum2: sits out 
*** HOLE CARDS ***
Dealt to Dorex2007 [Ts Js]
doubled8ck: folds 
pdiddly22: folds 
Bird Fenix 1887: folds 
DenyLi: folds 
zjanicek: folds 
voyvoydavik: raises $0.02 to $0.04
Crappz: folds 
Dorex2007: calls $0.02
*** FLOP *** [Tc 9s Qh]
Dorex2007: checks 
voyvoydavik: bets $0.04
Dorex2007: calls $0.04
*** TURN *** [Tc 9s Qh] [Ac]
Dorex2007: checks 
voyvoydavik: checks 
*** RIVER *** [Tc 9s Qh Ac] [8c]
Dorex2007: bets $0.16
voyvoydavik: calls $0.16
*** SHOW DOWN ***
Dorex2007: shows [Ts Js] (a straight, Eight to Queen)
voyvoydavik: shows [Jd Jc] (a straight, Eight to Queen)
Dorex2007 collected $0.24 from pot
voyvoydavik collected $0.23 from pot
*** SUMMARY ***
Total pot $0.49 | Rake $0.02 
Board [Tc 9s Qh Ac 8c]
Seat 2: doubled8ck folded before Flop (didn't bet)
Seat 3: pdiddly22 folded before Flop (didn't bet)
Seat 4: Bird Fenix 1887 folded before Flop (didn't bet)
Seat 5: DenyLi folded before Flop (didn't bet)
Seat 6: zjanicek folded before Flop (didn't bet)
Seat 7: voyvoydavik (button) showed [Jd Jc] and won ($0.23) with a straight, Eight to Queen
Seat 8: Crappz (small blind) folded before Flop
Seat 9: Dorex2007 (big blind) showed [Ts Js] and won ($0.24) with a straight, Eight to Queen



PokerStars Hand #223699308454:  Hold'em No Limit ($0.01/$0.02 USD) - 2021/02/11 14:23:23 PT [2021/02/11 17:23:23 ET]
Table 'Bellona II' 9-max Seat #8 is the button
Seat 1: stanum2 ($0.81 in chips) 
Seat 2: doubled8ck ($2.27 in chips) 
Seat 3: pdiddly22 ($2.05 in chips) 
Seat 4: Bird Fenix 1887 ($1.39 in chips) 
Seat 5: DenyLi ($1.85 in chips) 
Seat 6: zjanicek ($0.89 in chips) 
Seat 7: voyvoydavik ($1.88 in chips) 
Seat 8: Crappz ($2 in chips) 
Seat 9: Dorex2007 ($1.84 in chips) 
Dorex2007: posts small blind $0.01
stanum2: posts big blind $0.02
*** HOLE CARDS ***
Dealt to Dorex2007 [2s 5h]
doubled8ck: folds 
pdiddly22: folds 
Bird Fenix 1887: calls $0.02
DenyLi: folds 
zjanicek: folds 
voyvoydavik: folds 
Crappz: folds 
Dorex2007: folds 
stanum2: checks 
*** FLOP *** [Qs 9d Jd]
stanum2: checks 
Bird Fenix 1887: checks 
*** TURN *** [Qs 9d Jd] [8h]
stanum2: checks 
Bird Fenix 1887: checks 
*** RIVER *** [Qs 9d Jd 8h] [8s]
stanum2: checks 
Bird Fenix 1887: checks 
*** SHOW DOWN ***
stanum2: shows [Kc 2d] (a pair of Eights)
Bird Fenix 1887: shows [3c Ac] (a pair of Eights - Ace kicker)
Bird Fenix 1887 collected $0.05 from pot
*** SUMMARY ***
Total pot $0.05 | Rake $0 
Board [Qs 9d Jd 8h 8s]
Seat 1: stanum2 (big blind) showed [Kc 2d] and lost with a pair of Eights
Seat 2: doubled8ck folded before Flop (didn't bet)
Seat 3: pdiddly22 folded before Flop (didn't bet)
Seat 4: Bird Fenix 1887 showed [3c Ac] and won ($0.05) with a pair of Eights
Seat 5: DenyLi folded before Flop (didn't bet)
Seat 6: zjanicek folded before Flop (didn't bet)
Seat 7: voyvoydavik folded before Flop (didn't bet)
Seat 8: Crappz (button) folded before Flop (didn't bet)
Seat 9: Dorex2007 (small blind) folded before Flop



PokerStars Hand #223699329052:  Hold'em No Limit ($0.01/$0.02 USD) - 2021/02/11 14:23:53 PT [2021/02/11 17:23:53 ET]
Table 'Bellona II' 9-max Seat #9 is the button
Seat 1: stanum2 ($0.79 in chips) 
Seat 2: doubled8ck ($2.27 in chips) 
Seat 3: pdiddly22 ($2.05 in chips) 
Seat 4: Bird Fenix 1887 ($1.42 in chips) 
Seat 5: DenyLi ($1.85 in chips) 
Seat 6: zjanicek ($0.89 in chips) 
Seat 7: voyvoydavik ($1.88 in chips) 
Seat 8: Crappz ($2 in chips) 
Seat 9: Dorex2007 ($1.83 in chips) 
stanum2: posts small blind $0.01
doubled8ck: posts big blind $0.02
*** HOLE CARDS ***
Dealt to Dorex2007 [Ts Qh]
pdiddly22: folds 
Bird Fenix 1887: calls $0.02
DenyLi: folds 
zjanicek: folds 
voyvoydavik: folds 
Crappz: folds 
Dorex2007: calls $0.02
stanum2: folds 
doubled8ck: checks 
*** FLOP *** [3d Ah 3h]
doubled8ck: checks 
Bird Fenix 1887: checks 
Dorex2007: checks 
*** TURN *** [3d Ah 3h] [9s]
doubled8ck: bets $0.04
Bird Fenix 1887: folds 
Dorex2007: folds 
Uncalled bet ($0.04) returned to doubled8ck
doubled8ck collected $0.07 from pot
*** SUMMARY ***
Total pot $0.07 | Rake $0 
Board [3d Ah 3h 9s]
Seat 1: stanum2 (small blind) folded before Flop
Seat 2: doubled8ck (big blind) collected ($0.07)
Seat 3: pdiddly22 folded before Flop (didn't bet)
Seat 4: Bird Fenix 1887 folded on the Turn
Seat 5: DenyLi folded before Flop (didn't bet)
Seat 6: zjanicek folded before Flop (didn't bet)
Seat 7: voyvoydavik folded before Flop (didn't bet)
Seat 8: Crappz folded before Flop (didn't bet)
Seat 9: Dorex2007 (button) folded on the Turn



PokerStars Hand #223699355267:  Hold'em No Limit ($0.01/$0.02 USD) - 2021/02/11 14:24:30 PT [2021/02/11 17:24:30 ET]
Table 'Bellona II' 9-max Seat #1 is the button
Seat 1: stanum2 ($0.78 in chips) 
Seat 2: doubled8ck ($2.32 in chips) 
Seat 3: pdiddly22 ($2.05 in chips) 
Seat 4: Bird Fenix 1887 ($1.40 in chips) 
Seat 5: DenyLi ($1.85 in chips) 
Seat 6: zjanicek ($0.89 in chips) 
Seat 7: voyvoydavik ($1.88 in chips) 
Seat 8: Crappz ($2 in chips) 
Seat 9: Dorex2007 ($1.81 in chips) 
doubled8ck: posts small blind $0.01
pdiddly22: posts big blind $0.02
*** HOLE CARDS ***
Dealt to Dorex2007 [Qc 2s]
Bird Fenix 1887: folds 
DenyLi: folds 
zjanicek: folds 
voyvoydavik: folds 
Crappz: folds 
Dorex2007: folds 
stanum2: folds 
doubled8ck: folds 
Uncalled bet ($0.01) returned to pdiddly22
pdiddly22 collected $0.02 from pot
pdiddly22: doesn't show hand 
*** SUMMARY ***
Total pot $0.02 | Rake $0 
Seat 1: stanum2 (button) folded before Flop (didn't bet)
Seat 2: doubled8ck (small blind) folded before Flop
Seat 3: pdiddly22 (big blind) collected ($0.02)
Seat 4: Bird Fenix 1887 folded before Flop (didn't bet)
Seat 5: DenyLi folded before Flop (didn't bet)
Seat 6: zjanicek folded before Flop (didn't bet)
Seat 7: voyvoydavik folded before Flop (didn't bet)
Seat 8: Crappz folded before Flop (didn't bet)
Seat 9: Dorex2007 folded before Flop (didn't bet)



PokerStars Hand #223699363790:  Hold'em No Limit ($0.01/$0.02 USD) - 2021/02/11 14:24:42 PT [2021/02/11 17:24:42 ET]
Table 'Bellona II' 9-max Seat #2 is the button
Seat 1: stanum2 ($0.78 in chips) 
Seat 2: doubled8ck ($2.31 in chips) 
Seat 3: pdiddly22 ($2.06 in chips) 
Seat 4: Bird Fenix 1887 ($1.40 in chips) 
Seat 5: DenyLi ($1.85 in chips) 
Seat 6: zjanicek ($0.89 in chips) 
Seat 7: voyvoydavik ($1.88 in chips) 
Seat 8: Crappz ($2 in chips) 
Seat 9: Dorex2007 ($1.81 in chips) 
pdiddly22: posts small blind $0.01
Bird Fenix 1887: posts big blind $0.02
*** HOLE CARDS ***
Dealt to Dorex2007 [Ks 8d]
DenyLi: folds 
zjanicek: calls $0.02
voyvoydavik: folds 
Crappz: folds 
Dorex2007: folds 
stanum2: raises $0.06 to $0.08
doubled8ck: folds 
pdiddly22: folds 
Bird Fenix 1887: folds 
zjanicek: calls $0.06
*** FLOP *** [8h Kh Kc]
zjanicek: checks 
stanum2: bets $0.09
zjanicek: calls $0.09
*** TURN *** [8h Kh Kc] [2d]
zjanicek: checks 
stanum2: bets $0.18
zjanicek: raises $0.18 to $0.36
stanum2: folds 
Uncalled bet ($0.18) returned to zjanicek
zjanicek collected $0.70 from pot
zjanicek: doesn't show hand 
*** SUMMARY ***
Total pot $0.73 | Rake $0.03 
Board [8h Kh Kc 2d]
Seat 1: stanum2 folded on the Turn
Seat 2: doubled8ck (button) folded before Flop (didn't bet)
Seat 3: pdiddly22 (small blind) folded before Flop
Seat 4: Bird Fenix 1887 (big blind) folded before Flop
Seat 5: DenyLi folded before Flop (didn't bet)
Seat 6: zjanicek collected ($0.70)
Seat 7: voyvoydavik folded before Flop (didn't bet)
Seat 8: Crappz folded before Flop (didn't bet)
Seat 9: Dorex2007 folded before Flop (didn't bet)



PokerStars Hand #223699415844:  Hold'em No Limit ($0.01/$0.02 USD) - 2021/02/11 14:25:57 PT [2021/02/11 17:25:57 ET]
Table 'Bellona II' 9-max Seat #3 is the button
Seat 1: stanum2 ($0.43 in chips) 
Seat 2: doubled8ck ($2.31 in chips) 
Seat 3: pdiddly22 ($2.05 in chips) 
Seat 4: Bird Fenix 1887 ($1.38 in chips) 
Seat 5: DenyLi ($1.85 in chips) 
Seat 6: zjanicek ($1.24 in chips) 
Seat 7: voyvoydavik ($1.88 in chips) 
Seat 8: Crappz ($2 in chips) 
Seat 9: Dorex2007 ($1.81 in chips) 
Bird Fenix 1887: posts small blind $0.01
DenyLi: posts big blind $0.02
*** HOLE CARDS ***
Dealt to Dorex2007 [6s 4c]
zjanicek: folds 
voyvoydavik: folds 
Crappz: folds 
Dorex2007: folds 
stanum2: folds 
doubled8ck: folds 
pdiddly22: folds 
Bird Fenix 1887: calls $0.01
DenyLi: checks 
*** FLOP *** [Jd Qc 9c]
Bird Fenix 1887: checks 
DenyLi: checks 
*** TURN *** [Jd Qc 9c] [5d]
Bird Fenix 1887: checks 
DenyLi: checks 
*** RIVER *** [Jd Qc 9c 5d] [Tc]
Bird Fenix 1887: checks 
DenyLi: checks 
*** SHOW DOWN ***
Bird Fenix 1887: shows [7h 5h] (a pair of Fives)
DenyLi: mucks hand 
Bird Fenix 1887 collected $0.04 from pot
*** SUMMARY ***
Total pot $0.04 | Rake $0 
Board [Jd Qc 9c 5d Tc]
Seat 1: stanum2 folded before Flop (didn't bet)
Seat 2: doubled8ck folded before Flop (didn't bet)
Seat 3: pdiddly22 (button) folded before Flop (didn't bet)
Seat 4: Bird Fenix 1887 (small blind) showed [7h 5h] and won ($0.04) with a pair of Fives
Seat 5: DenyLi (big blind) mucked [3d As]
Seat 6: zjanicek folded before Flop (didn't bet)
Seat 7: voyvoydavik folded before Flop (didn't bet)
Seat 8: Crappz folded before Flop (didn't bet)
Seat 9: Dorex2007 folded before Flop (didn't bet)



PokerStars Hand #223699441705:  Hold'em No Limit ($0.01/$0.02 USD) - 2021/02/11 14:26:34 PT [2021/02/11 17:26:34 ET]
Table 'Bellona II' 9-max Seat #4 is the button
Seat 1: stanum2 ($0.43 in chips) 
Seat 2: doubled8ck ($2.31 in chips) 
Seat 3: pdiddly22 ($2.05 in chips) 
Seat 4: Bird Fenix 1887 ($1.40 in chips) 
Seat 5: DenyLi ($1.83 in chips) 
Seat 6: zjanicek ($1.24 in chips) 
Seat 7: voyvoydavik ($1.88 in chips) 
Seat 8: Crappz ($2 in chips) 
Seat 9: Dorex2007 ($1.81 in chips) 
DenyLi: posts small blind $0.01
zjanicek: posts big blind $0.02
*** HOLE CARDS ***
Dealt to Dorex2007 [Th Qs]
voyvoydavik: folds 
Crappz: folds 
Dorex2007: folds 
stanum2: folds 
doubled8ck: folds 
pdiddly22: raises $0.04 to $0.06
Bird Fenix 1887: folds 
DenyLi: calls $0.05
zjanicek: folds 
*** FLOP *** [Jd Td 2h]
DenyLi: bets $0.09
pdiddly22: folds 
Uncalled bet ($0.09) returned to DenyLi
DenyLi collected $0.14 from pot
DenyLi: doesn't show hand 
*** SUMMARY ***
Total pot $0.14 | Rake $0 
Board [Jd Td 2h]
Seat 1: stanum2 folded before Flop (didn't bet)
Seat 2: doubled8ck folded before Flop (didn't bet)
Seat 3: pdiddly22 folded on the Flop
Seat 4: Bird Fenix 1887 (button) folded before Flop (didn't bet)
Seat 5: DenyLi (small blind) collected ($0.14)
Seat 6: zjanicek (big blind) folded before Flop
Seat 7: voyvoydavik folded before Flop (didn't bet)
Seat 8: Crappz folded before Flop (didn't bet)
Seat 9: Dorex2007 folded before Flop (didn't bet)



PokerStars Hand #223699473914:  Hold'em No Limit ($0.01/$0.02 USD) - 2021/02/11 14:27:12 PT [2021/02/11 17:27:12 ET]
Table 'Bellona II' 9-max Seat #5 is the button
Seat 1: stanum2 ($0.43 in chips) 
Seat 2: doubled8ck ($2.31 in chips) 
Seat 3: pdiddly22 ($1.99 in chips) 
Seat 4: Bird Fenix 1887 ($1.40 in chips) 
Seat 5: DenyLi ($1.91 in chips) 
Seat 6: zjanicek ($1.22 in chips) 
Seat 7: voyvoydavik ($1.88 in chips) 
Seat 8: Crappz ($2 in chips) 
Seat 9: Dorex2007 ($1.81 in chips) 
zjanicek: posts small blind $0.01
voyvoydavik: posts big blind $0.02
*** HOLE CARDS ***
Dealt to Dorex2007 [8d 5d]
Crappz: folds 
Dorex2007: folds 
stanum2: folds 
doubled8ck: folds 
pdiddly22: folds 
Bird Fenix 1887: calls $0.02
DenyLi: raises $0.04 to $0.06
zjanicek: calls $0.05
voyvoydavik: calls $0.04
Bird Fenix 1887: calls $0.04
*** FLOP *** [9c 2d As]
zjanicek: checks 
voyvoydavik: checks 
Bird Fenix 1887: checks 
DenyLi: bets $0.11
zjanicek: calls $0.11
voyvoydavik: folds 
Bird Fenix 1887: folds 
*** TURN *** [9c 2d As] [5c]
zjanicek: bets $0.22
DenyLi: folds 
Uncalled bet ($0.22) returned to zjanicek
zjanicek collected $0.44 from pot
zjanicek: doesn't show hand 
*** SUMMARY ***
Total pot $0.46 | Rake $0.02 
Board [9c 2d As 5c]
Seat 1: stanum2 folded before Flop (didn't bet)
Seat 2: doubled8ck folded before Flop (didn't bet)
Seat 3: pdiddly22 folded before Flop (didn't bet)
Seat 4: Bird Fenix 1887 folded on the Flop
Seat 5: DenyLi (button) folded on the Turn
Seat 6: zjanicek (small blind) collected ($0.44)
Seat 7: voyvoydavik (big blind) folded on the Flop
Seat 8: Crappz folded before Flop (didn't bet)
Seat 9: Dorex2007 folded before Flop (didn't bet)



PokerStars Hand #223699519715:  Hold'em No Limit ($0.01/$0.02 USD) - 2021/02/11 14:28:15 PT [2021/02/11 17:28:15 ET]
Table 'Bellona II' 9-max Seat #6 is the button
Seat 1: stanum2 ($0.43 in chips) 
Seat 2: doubled8ck ($2.31 in chips) 
Seat 3: pdiddly22 ($1.99 in chips) 
Seat 4: Bird Fenix 1887 ($1.34 in chips) 
Seat 5: DenyLi ($1.74 in chips) 
Seat 6: zjanicek ($1.49 in chips) 
Seat 7: voyvoydavik ($1.82 in chips) 
Seat 8: Crappz ($2 in chips) 
Seat 9: Dorex2007 ($1.81 in chips) 
voyvoydavik: posts small blind $0.01
Crappz: posts big blind $0.02
*** HOLE CARDS ***
Dealt to Dorex2007 [Kc Qc]
Dorex2007: raises $0.04 to $0.06
stanum2: folds 
doubled8ck: folds 
pdiddly22: folds 
Bird Fenix 1887: folds 
DenyLi: calls $0.06
zjanicek: folds 
voyvoydavik: folds 
Crappz: calls $0.04
*** FLOP *** [Qd 9d 2d]
Crappz: checks 
Dorex2007: bets $0.18
DenyLi: folds 
Crappz: folds 
Uncalled bet ($0.18) returned to Dorex2007
Dorex2007 collected $0.18 from pot
Dorex2007: doesn't show hand 
*** SUMMARY ***
Total pot $0.19 | Rake $0.01 
Board [Qd 9d 2d]
Seat 1: stanum2 folded before Flop (didn't bet)
Seat 2: doubled8ck folded before Flop (didn't bet)
Seat 3: pdiddly22 folded before Flop (didn't bet)
Seat 4: Bird Fenix 1887 folded before Flop (didn't bet)
Seat 5: DenyLi folded on the Flop
Seat 6: zjanicek (button) folded before Flop (didn't bet)
Seat 7: voyvoydavik (small blind) folded before Flop
Seat 8: Crappz (big blind) folded on the Flop
Seat 9: Dorex2007 collected ($0.18)



PokerStars Hand #223699548959:  Hold'em No Limit ($0.01/$0.02 USD) - 2021/02/11 14:28:57 PT [2021/02/11 17:28:57 ET]
Table 'Bellona II' 9-max Seat #7 is the button
Seat 1: stanum2 ($0.43 in chips) 
Seat 2: doubled8ck ($2.31 in chips) 
Seat 3: pdiddly22 ($1.99 in chips) 
Seat 4: Bird Fenix 1887 ($1.34 in chips) 
Seat 5: DenyLi ($1.68 in chips) 
Seat 6: zjanicek ($1.49 in chips) 
Seat 7: voyvoydavik ($1.81 in chips) 
Seat 8: Crappz ($2 in chips) 
Seat 9: Dorex2007 ($1.93 in chips) 
Crappz: posts small blind $0.01
Dorex2007: posts big blind $0.02
*** HOLE CARDS ***
Dealt to Dorex2007 [7c 3s]
stanum2: folds 
doubled8ck: raises $0.06 to $0.08
pdiddly22: folds 
Bird Fenix 1887: calls $0.08
DenyLi: folds 
zjanicek: folds 
voyvoydavik: calls $0.08
Crappz: folds 
Dorex2007: folds 
*** FLOP *** [Ah Kd 4d]
doubled8ck: bets $0.14
Bird Fenix 1887: folds 
voyvoydavik: folds 
Uncalled bet ($0.14) returned to doubled8ck
doubled8ck collected $0.26 from pot
*** SUMMARY ***
Total pot $0.27 | Rake $0.01 
Board [Ah Kd 4d]
Seat 1: stanum2 folded before Flop (didn't bet)
Seat 2: doubled8ck collected ($0.26)
Seat 3: pdiddly22 folded before Flop (didn't bet)
Seat 4: Bird Fenix 1887 folded on the Flop
Seat 5: DenyLi folded before Flop (didn't bet)
Seat 6: zjanicek folded before Flop (didn't bet)
Seat 7: voyvoydavik (button) folded on the Flop
Seat 8: Crappz (small blind) folded before Flop
Seat 9: Dorex2007 (big blind) folded before Flop



PokerStars Hand #223699593086:  Hold'em No Limit ($0.01/$0.02 USD) - 2021/02/11 14:30:01 PT [2021/02/11 17:30:01 ET]
Table 'Bellona II' 9-max Seat #8 is the button
Seat 2: doubled8ck ($2.49 in chips) 
Seat 3: pdiddly22 ($1.99 in chips) 
Seat 4: Bird Fenix 1887 ($1.26 in chips) 
Seat 5: DenyLi ($1.68 in chips) 
Seat 6: zjanicek ($1.49 in chips) 
Seat 7: voyvoydavik ($2 in chips) 
Seat 8: Crappz ($2 in chips) 
Seat 9: Dorex2007 ($1.91 in chips) 
Dorex2007: posts small blind $0.01
stanum2: is sitting out 
doubled8ck: posts big blind $0.02
*** HOLE CARDS ***
Dealt to Dorex2007 [8s Qh]
pdiddly22: folds 
Bird Fenix 1887: folds 
DenyLi: raises $0.04 to $0.06
zjanicek: folds 
voyvoydavik: folds 
Crappz: folds 
Dorex2007: folds 
doubled8ck: calls $0.04
*** FLOP *** [9c Ah Jd]
doubled8ck: checks 
DenyLi: checks 
*** TURN *** [9c Ah Jd] [2h]
doubled8ck: bets $0.08
DenyLi: folds 
Uncalled bet ($0.08) returned to doubled8ck
doubled8ck collected $0.13 from pot
*** SUMMARY ***
Total pot $0.13 | Rake $0 
Board [9c Ah Jd 2h]
Seat 2: doubled8ck (big blind) collected ($0.13)
Seat 3: pdiddly22 folded before Flop (didn't bet)
Seat 4: Bird Fenix 1887 folded before Flop (didn't bet)
Seat 5: DenyLi folded on the Turn
Seat 6: zjanicek folded before Flop (didn't bet)
Seat 7: voyvoydavik folded before Flop (didn't bet)
Seat 8: Crappz (button) folded before Flop (didn't bet)
Seat 9: Dorex2007 (small blind) folded before Flop



PokerStars Hand #223699622299:  Hold'em No Limit ($0.01/$0.02 USD) - 2021/02/11 14:30:43 PT [2021/02/11 17:30:43 ET]
Table 'Bellona II' 9-max Seat #9 is the button
Seat 2: doubled8ck ($2.56 in chips) 
Seat 3: pdiddly22 ($1.99 in chips) 
Seat 4: Bird Fenix 1887 ($1.26 in chips) 
Seat 5: DenyLi ($1.62 in chips) 
Seat 6: zjanicek ($1.49 in chips) 
Seat 7: voyvoydavik ($2 in chips) 
Seat 8: Crappz ($2 in chips) 
Seat 9: Dorex2007 ($1.90 in chips) 
doubled8ck: posts small blind $0.01
pdiddly22: posts big blind $0.02
*** HOLE CARDS ***
Dealt to Dorex2007 [5s 9s]
Bird Fenix 1887: folds 
DenyLi: folds 
zjanicek: folds 
voyvoydavik: folds 
Crappz: folds 
Dorex2007: folds 
doubled8ck: raises $0.06 to $0.08
pdiddly22: folds 
Uncalled bet ($0.06) returned to doubled8ck
doubled8ck collected $0.04 from pot
*** SUMMARY ***
Total pot $0.04 | Rake $0 
Seat 2: doubled8ck (small blind) collected ($0.04)
Seat 3: pdiddly22 (big blind) folded before Flop
Seat 4: Bird Fenix 1887 folded before Flop (didn't bet)
Seat 5: DenyLi folded before Flop (didn't bet)
Seat 6: zjanicek folded before Flop (didn't bet)
Seat 7: voyvoydavik folded before Flop (didn't bet)
Seat 8: Crappz folded before Flop (didn't bet)
Seat 9: Dorex2007 (button) folded before Flop (didn't bet)



PokerStars Hand #223699633133:  Hold'em No Limit ($0.01/$0.02 USD) - 2021/02/11 14:30:58 PT [2021/02/11 17:30:58 ET]
Table 'Bellona II' 9-max Seat #2 is the button
Seat 2: doubled8ck ($2.58 in chips) 
Seat 3: pdiddly22 ($1.97 in chips) 
Seat 4: Bird Fenix 1887 ($1.26 in chips) 
Seat 5: DenyLi ($1.62 in chips) 
Seat 6: zjanicek ($1.49 in chips) 
Seat 7: voyvoydavik ($2 in chips) 
Seat 8: Crappz ($2 in chips) 
Seat 9: Dorex2007 ($1.90 in chips) 
pdiddly22: posts small blind $0.01
Bird Fenix 1887: posts big blind $0.02
stanum2: sits out 
*** HOLE CARDS ***
Dealt to Dorex2007 [7s 3h]
DenyLi: folds 
zjanicek: folds 
voyvoydavik: folds 
Crappz: folds 
Dorex2007: folds 
doubled8ck: folds 
pdiddly22: folds 
Uncalled bet ($0.01) returned to Bird Fenix 1887
Bird Fenix 1887 collected $0.02 from pot
Bird Fenix 1887: doesn't show hand 
*** SUMMARY ***
Total pot $0.02 | Rake $0 
Seat 2: doubled8ck (button) folded before Flop (didn't bet)
Seat 3: pdiddly22 (small blind) folded before Flop
Seat 4: Bird Fenix 1887 (big blind) collected ($0.02)
Seat 5: DenyLi folded before Flop (didn't bet)
Seat 6: zjanicek folded before Flop (didn't bet)
Seat 7: voyvoydavik folded before Flop (didn't bet)
Seat 8: Crappz folded before Flop (didn't bet)
Seat 9: Dorex2007 folded before Flop (didn't bet)



PokerStars Hand #223699642968:  Hold'em No Limit ($0.01/$0.02 USD) - 2021/02/11 14:31:12 PT [2021/02/11 17:31:12 ET]
Table 'Bellona II' 9-max Seat #3 is the button
Seat 2: doubled8ck ($2.58 in chips) 
Seat 3: pdiddly22 ($1.96 in chips) 
Seat 4: Bird Fenix 1887 ($1.27 in chips) 
Seat 5: DenyLi ($1.62 in chips) 
Seat 6: zjanicek ($1.49 in chips) 
Seat 7: voyvoydavik ($2 in chips) 
Seat 8: Crappz ($2 in chips) 
Seat 9: Dorex2007 ($1.90 in chips) 
Bird Fenix 1887: posts small blind $0.01
DenyLi: posts big blind $0.02
stanum2: sits out 
*** HOLE CARDS ***
Dealt to Dorex2007 [9h Qc]
zjanicek: folds 
voyvoydavik: folds 
Crappz: folds 
Dorex2007: folds 
doubled8ck: folds 
pdiddly22: folds 
Bird Fenix 1887: calls $0.01
DenyLi: checks 
*** FLOP *** [8c 4d 3d]
Bird Fenix 1887: checks 
DenyLi: checks 
*** TURN *** [8c 4d 3d] [7s]
Bird Fenix 1887: bets $0.02
DenyLi: folds 
Uncalled bet ($0.02) returned to Bird Fenix 1887
Bird Fenix 1887 collected $0.04 from pot
Bird Fenix 1887: doesn't show hand 
*** SUMMARY ***
Total pot $0.04 | Rake $0 
Board [8c 4d 3d 7s]
Seat 2: doubled8ck folded before Flop (didn't bet)
Seat 3: pdiddly22 (button) folded before Flop (didn't bet)
Seat 4: Bird Fenix 1887 (small blind) collected ($0.04)
Seat 5: DenyLi (big blind) folded on the Turn
Seat 6: zjanicek folded before Flop (didn't bet)
Seat 7: voyvoydavik folded before Flop (didn't bet)
Seat 8: Crappz folded before Flop (didn't bet)
Seat 9: Dorex2007 folded before Flop (didn't bet)



PokerStars Hand #223699659237:  Hold'em No Limit ($0.01/$0.02 USD) - 2021/02/11 14:31:36 PT [2021/02/11 17:31:36 ET]
Table 'Bellona II' 9-max Seat #4 is the button
Seat 2: doubled8ck ($2.58 in chips) 
Seat 3: pdiddly22 ($1.96 in chips) 
Seat 4: Bird Fenix 1887 ($1.29 in chips) 
Seat 5: DenyLi ($1.60 in chips) 
Seat 6: zjanicek ($1.49 in chips) 
Seat 7: voyvoydavik ($2 in chips) 
Seat 8: Crappz ($2 in chips) 
Seat 9: Dorex2007 ($1.90 in chips) 
DenyLi: posts small blind $0.01
zjanicek: posts big blind $0.02
stanum2: sits out 
*** HOLE CARDS ***
Dealt to Dorex2007 [2s 5s]
voyvoydavik: folds 
Crappz: folds 
Dorex2007: folds 
doubled8ck: folds 
pdiddly22: raises $0.02 to $0.04
Bird Fenix 1887: folds 
DenyLi: folds 
zjanicek: folds 
Uncalled bet ($0.02) returned to pdiddly22
pdiddly22 collected $0.05 from pot
pdiddly22: doesn't show hand 
*** SUMMARY ***
Total pot $0.05 | Rake $0 
Seat 2: doubled8ck folded before Flop (didn't bet)
Seat 3: pdiddly22 collected ($0.05)
Seat 4: Bird Fenix 1887 (button) folded before Flop (didn't bet)
Seat 5: DenyLi (small blind) folded before Flop
Seat 6: zjanicek (big blind) folded before Flop
Seat 7: voyvoydavik folded before Flop (didn't bet)
Seat 8: Crappz folded before Flop (didn't bet)
Seat 9: Dorex2007 folded before Flop (didn't bet)



PokerStars Hand #223699677880:  Hold'em No Limit ($0.01/$0.02 USD) - 2021/02/11 14:32:03 PT [2021/02/11 17:32:03 ET]
Table 'Bellona II' 9-max Seat #5 is the button
Seat 2: doubled8ck ($2.58 in chips) 
Seat 3: pdiddly22 ($1.99 in chips) 
Seat 4: Bird Fenix 1887 ($1.29 in chips) 
Seat 5: DenyLi ($1.59 in chips) 
Seat 6: zjanicek ($1.47 in chips) 
Seat 7: voyvoydavik ($2 in chips) 
Seat 8: Crappz ($2 in chips) 
Seat 9: Dorex2007 ($1.90 in chips) 
zjanicek: posts small blind $0.01
voyvoydavik: posts big blind $0.02
stanum2: sits out 
*** HOLE CARDS ***
Dealt to Dorex2007 [8h 3c]
stanum2 leaves the table
Crappz: folds 
Dorex2007: folds 
doubled8ck: folds 
pdiddly22: calls $0.02
Bird Fenix 1887: calls $0.02
DenyLi: folds 
zjanicek: folds 
voyvoydavik: checks 
*** FLOP *** [Td 4h Js]
voyvoydavik: checks 
pdiddly22: checks 
Bird Fenix 1887: bets $0.02
voyvoydavik: folds 
pdiddly22: calls $0.02
*** TURN *** [Td 4h Js] [Ad]
pdiddly22: checks 
Bird Fenix 1887: checks 
*** RIVER *** [Td 4h Js Ad] [2d]
pdiddly22: bets $0.05
Bird Fenix 1887: calls $0.05
*** SHOW DOWN ***
pdiddly22: shows [As 2s] (two pair, Aces and Deuces)
Bird Fenix 1887: mucks hand 
pdiddly22 collected $0.20 from pot
*** SUMMARY ***
Total pot $0.21 | Rake $0.01 
Board [Td 4h Js Ad 2d]
Seat 2: doubled8ck folded before Flop (didn't bet)
Seat 3: pdiddly22 showed [As 2s] and won ($0.20) with two pair, Aces and Deuces
Seat 4: Bird Fenix 1887 mucked [9d Jc]
Seat 5: DenyLi (button) folded before Flop (didn't bet)
Seat 6: zjanicek (small blind) folded before Flop
Seat 7: voyvoydavik (big blind) folded on the Flop
Seat 8: Crappz folded before Flop (didn't bet)
Seat 9: Dorex2007 folded before Flop (didn't bet)



PokerStars Hand #223699722572:  Hold'em No Limit ($0.01/$0.02 USD) - 2021/02/11 14:32:54 PT [2021/02/11 17:32:54 ET]
Table 'Bellona II' 9-max Seat #6 is the button
Seat 2: doubled8ck ($2.58 in chips) 
Seat 3: pdiddly22 ($2.10 in chips) 
Seat 4: Bird Fenix 1887 ($1.20 in chips) 
Seat 5: DenyLi ($1.59 in chips) 
Seat 6: zjanicek ($1.46 in chips) 
Seat 7: voyvoydavik ($1.98 in chips) 
Seat 8: Crappz ($2 in chips) 
Seat 9: Dorex2007 ($1.90 in chips) 
voyvoydavik: posts small blind $0.01
Crappz: posts big blind $0.02
*** HOLE CARDS ***
Dealt to Dorex2007 [9h 2h]
Dorex2007: folds 
doubled8ck: folds 
pdiddly22: raises $0.04 to $0.06
Bird Fenix 1887: folds 
DenyLi: folds 
zjanicek: folds 
voyvoydavik: calls $0.05
Crappz: folds 
*** FLOP *** [7d As 5h]
voyvoydavik: checks 
pdiddly22: bets $0.11
voyvoydavik: folds 
Uncalled bet ($0.11) returned to pdiddly22
pdiddly22 collected $0.14 from pot
pdiddly22: doesn't show hand 
*** SUMMARY ***
Total pot $0.14 | Rake $0 
Board [7d As 5h]
Seat 2: doubled8ck folded before Flop (didn't bet)
Seat 3: pdiddly22 collected ($0.14)
Seat 4: Bird Fenix 1887 folded before Flop (didn't bet)
Seat 5: DenyLi folded before Flop (didn't bet)
Seat 6: zjanicek (button) folded before Flop (didn't bet)
Seat 7: voyvoydavik (small blind) folded on the Flop
Seat 8: Crappz (big blind) folded before Flop
Seat 9: Dorex2007 folded before Flop (didn't bet)



PokerStars Hand #223699745350:  Hold'em No Limit ($0.01/$0.02 USD) - 2021/02/11 14:33:27 PT [2021/02/11 17:33:27 ET]
Table 'Bellona II' 9-max Seat #7 is the button
Seat 2: doubled8ck ($2.58 in chips) 
Seat 3: pdiddly22 ($2.18 in chips) 
Seat 4: Bird Fenix 1887 ($1.20 in chips) 
Seat 5: DenyLi ($1.59 in chips) 
Seat 6: zjanicek ($1.46 in chips) 
Seat 7: voyvoydavik ($1.92 in chips) 
Seat 8: Crappz ($2 in chips) 
Seat 9: Dorex2007 ($1.90 in chips) 
Crappz: posts small blind $0.01
Dorex2007: posts big blind $0.02
*** HOLE CARDS ***
Dealt to Dorex2007 [Ac Qs]
doubled8ck: folds 
pdiddly22: raises $0.04 to $0.06
Bird Fenix 1887: folds 
DenyLi: folds 
zjanicek: folds 
voyvoydavik: folds 
Crappz: folds 
Dorex2007: calls $0.04
*** FLOP *** [Ah 6h 9d]
Dorex2007: bets $0.13
pdiddly22: raises $1.99 to $2.12 and is all-in
Dorex2007: folds 
Uncalled bet ($1.99) returned to pdiddly22
pdiddly22 collected $0.38 from pot
pdiddly22: doesn't show hand 
*** SUMMARY ***
Total pot $0.39 | Rake $0.01 
Board [Ah 6h 9d]
Seat 2: doubled8ck folded before Flop (didn't bet)
Seat 3: pdiddly22 collected ($0.38)
Seat 4: Bird Fenix 1887 folded before Flop (didn't bet)
Seat 5: DenyLi folded before Flop (didn't bet)
Seat 6: zjanicek folded before Flop (didn't bet)
Seat 7: voyvoydavik (button) folded before Flop (didn't bet)
Seat 8: Crappz (small blind) folded before Flop
Seat 9: Dorex2007 (big blind) folded on the Flop



PokerStars Hand #223699785024:  Hold'em No Limit ($0.01/$0.02 USD) - 2021/02/11 14:34:24 PT [2021/02/11 17:34:24 ET]
Table 'Bellona II' 9-max Seat #8 is the button
Seat 2: doubled8ck ($2.58 in chips) 
Seat 3: pdiddly22 ($2.37 in chips) 
Seat 4: Bird Fenix 1887 ($1.20 in chips) 
Seat 5: DenyLi ($1.59 in chips) 
Seat 6: zjanicek ($1.46 in chips) 
Seat 7: voyvoydavik ($1.92 in chips) 
Seat 8: Crappz ($2 in chips) 
Seat 9: Dorex2007 ($1.71 in chips) 
Dorex2007: posts small blind $0.01
doubled8ck: posts big blind $0.02
*** HOLE CARDS ***
Dealt to Dorex2007 [Ks 2c]
pdiddly22: folds 
Bird Fenix 1887: folds 
DenyLi: folds 
zjanicek: folds 
voyvoydavik: folds 
Crappz: folds 
Dorex2007: folds 
Uncalled bet ($0.01) returned to doubled8ck
doubled8ck collected $0.02 from pot
*** SUMMARY ***
Total pot $0.02 | Rake $0 
Seat 2: doubled8ck (big blind) collected ($0.02)
Seat 3: pdiddly22 folded before Flop (didn't bet)
Seat 4: Bird Fenix 1887 folded before Flop (didn't bet)
Seat 5: DenyLi folded before Flop (didn't bet)
Seat 6: zjanicek folded before Flop (didn't bet)
Seat 7: voyvoydavik folded before Flop (didn't bet)
Seat 8: Crappz (button) folded before Flop (didn't bet)
Seat 9: Dorex2007 (small blind) folded before Flop



PokerStars Hand #223699796719:  Hold'em No Limit ($0.01/$0.02 USD) - 2021/02/11 14:34:41 PT [2021/02/11 17:34:41 ET]
Table 'Bellona II' 9-max Seat #9 is the button
Seat 2: doubled8ck ($2.59 in chips) 
Seat 3: pdiddly22 ($2.37 in chips) 
Seat 4: Bird Fenix 1887 ($1.20 in chips) 
Seat 5: DenyLi ($1.59 in chips) 
Seat 6: zjanicek ($1.46 in chips) 
Seat 7: voyvoydavik ($1.92 in chips) 
Seat 8: Crappz ($2 in chips) 
Seat 9: Dorex2007 ($1.70 in chips) 
doubled8ck: posts small blind $0.01
pdiddly22: posts big blind $0.02
*** HOLE CARDS ***
Dealt to Dorex2007 [4c Ah]
Bird Fenix 1887: calls $0.02
DenyLi: folds 
zjanicek: folds 
voyvoydavik: folds 
Crappz: folds 
Dorex2007: folds 
Darek223 joins the table at seat #1 
doubled8ck: raises $0.06 to $0.08
pdiddly22: folds 
Bird Fenix 1887: calls $0.06
*** FLOP *** [9s 2s Jc]
doubled8ck: bets $0.13
Bird Fenix 1887: calls $0.13
*** TURN *** [9s 2s Jc] [6h]
doubled8ck: checks 
Bird Fenix 1887: checks 
*** RIVER *** [9s 2s Jc 6h] [4s]
doubled8ck: checks 
Bird Fenix 1887: checks 
*** SHOW DOWN ***
doubled8ck: shows [Kc Qh] (high card King)
Bird Fenix 1887: mucks hand 
doubled8ck collected $0.42 from pot
*** SUMMARY ***
Total pot $0.44 | Rake $0.02 
Board [9s 2s Jc 6h 4s]
Seat 2: doubled8ck (small blind) showed [Kc Qh] and won ($0.42) with high card King
Seat 3: pdiddly22 (big blind) folded before Flop
Seat 4: Bird Fenix 1887 mucked [7s Td]
Seat 5: DenyLi folded before Flop (didn't bet)
Seat 6: zjanicek folded before Flop (didn't bet)
Seat 7: voyvoydavik folded before Flop (didn't bet)
Seat 8: Crappz folded before Flop (didn't bet)
Seat 9: Dorex2007 (button) folded before Flop (didn't bet)



PokerStars Hand #223699826849:  Hold'em No Limit ($0.01/$0.02 USD) - 2021/02/11 14:35:25 PT [2021/02/11 17:35:25 ET]
Table 'Bellona II' 9-max Seat #2 is the button
Seat 1: Darek223 ($1.60 in chips) 
Seat 2: doubled8ck ($2.80 in chips) 
Seat 3: pdiddly22 ($2.35 in chips) 
Seat 4: Bird Fenix 1887 ($0.99 in chips) 
Seat 5: DenyLi ($1.59 in chips) 
Seat 6: zjanicek ($1.46 in chips) 
Seat 7: voyvoydavik ($1.92 in chips) 
Seat 8: Crappz ($2 in chips) 
Seat 9: Dorex2007 ($1.70 in chips) 
pdiddly22: posts small blind $0.01
Bird Fenix 1887: posts big blind $0.02
Darek223: posts big blind $0.02
*** HOLE CARDS ***
Dealt to Dorex2007 [2s Js]
DenyLi: folds 
zjanicek: calls $0.02
voyvoydavik: folds 
Crappz: folds 
Dorex2007: folds 
Darek223: checks 
doubled8ck: folds 
pdiddly22: calls $0.01
Bird Fenix 1887: checks 
*** FLOP *** [Qh 3c 4h]
pdiddly22: checks 
Bird Fenix 1887: checks 
zjanicek: bets $0.06
Darek223: calls $0.06
pdiddly22: folds 
Bird Fenix 1887: folds 
*** TURN *** [Qh 3c 4h] [3s]
zjanicek: bets $0.11
Darek223: folds 
Uncalled bet ($0.11) returned to zjanicek
zjanicek collected $0.19 from pot
*** SUMMARY ***
Total pot $0.20 | Rake $0.01 
Board [Qh 3c 4h 3s]
Seat 1: Darek223 folded on the Turn
Seat 2: doubled8ck (button) folded before Flop (didn't bet)
Seat 3: pdiddly22 (small blind) folded on the Flop
Seat 4: Bird Fenix 1887 (big blind) folded on the Flop
Seat 5: DenyLi folded before Flop (didn't bet)
Seat 6: zjanicek collected ($0.19)
Seat 7: voyvoydavik folded before Flop (didn't bet)
Seat 8: Crappz folded before Flop (didn't bet)
Seat 9: Dorex2007 folded before Flop (didn't bet)



PokerStars Hand #223699857803:  Hold'em No Limit ($0.01/$0.02 USD) - 2021/02/11 14:36:09 PT [2021/02/11 17:36:09 ET]
Table 'Bellona II' 9-max Seat #3 is the button
Seat 1: Darek223 ($1.52 in chips) 
Seat 2: doubled8ck ($2.80 in chips) 
Seat 3: pdiddly22 ($2.33 in chips) 
Seat 4: Bird Fenix 1887 ($0.97 in chips) 
Seat 5: DenyLi ($1.59 in chips) 
Seat 6: zjanicek ($1.57 in chips) 
Seat 7: voyvoydavik ($1.92 in chips) 
Seat 8: Crappz ($2 in chips) 
Seat 9: Dorex2007 ($1.70 in chips) 
Bird Fenix 1887: posts small blind $0.01
DenyLi: posts big blind $0.02
*** HOLE CARDS ***
Dealt to Dorex2007 [3c 6h]
zjanicek: folds 
voyvoydavik: raises $0.04 to $0.06
Crappz: folds 
Dorex2007: folds 
Darek223: folds 
doubled8ck: folds 
pdiddly22: folds 
Bird Fenix 1887: folds 
DenyLi: calls $0.04
*** FLOP *** [Ah Ts Qh]
DenyLi: checks 
voyvoydavik: bets $0.05
DenyLi: folds 
Uncalled bet ($0.05) returned to voyvoydavik
voyvoydavik collected $0.13 from pot
voyvoydavik: doesn't show hand 
*** SUMMARY ***
Total pot $0.13 | Rake $0 
Board [Ah Ts Qh]
Seat 1: Darek223 folded before Flop (didn't bet)
Seat 2: doubled8ck folded before Flop (didn't bet)
Seat 3: pdiddly22 (button) folded before Flop (didn't bet)
Seat 4: Bird Fenix 1887 (small blind) folded before Flop
Seat 5: DenyLi (big blind) folded on the Flop
Seat 6: zjanicek folded before Flop (didn't bet)
Seat 7: voyvoydavik collected ($0.13)
Seat 8: Crappz folded before Flop (didn't bet)
Seat 9: Dorex2007 folded before Flop (didn't bet)



PokerStars Hand #223699885362:  Hold'em No Limit ($0.01/$0.02 USD) - 2021/02/11 14:36:49 PT [2021/02/11 17:36:49 ET]
Table 'Bellona II' 9-max Seat #4 is the button
Seat 1: Darek223 ($1.52 in chips) 
Seat 2: doubled8ck ($2.80 in chips) 
Seat 3: pdiddly22 ($2.33 in chips) 
Seat 4: Bird Fenix 1887 ($0.96 in chips) 
Seat 5: DenyLi ($1.53 in chips) 
Seat 6: zjanicek ($1.57 in chips) 
Seat 7: voyvoydavik ($1.99 in chips) 
Seat 8: Crappz ($2 in chips) 
Seat 9: Dorex2007 ($1.70 in chips) 
DenyLi: posts small blind $0.01
zjanicek: posts big blind $0.02
*** HOLE CARDS ***
Dealt to Dorex2007 [9s 2h]
voyvoydavik: folds 
Crappz: folds 
Dorex2007: folds 
Darek223: folds 
doubled8ck: folds 
pdiddly22: folds 
Bird Fenix 1887: calls $0.02
DenyLi: raises $0.04 to $0.06
zjanicek: folds 
Bird Fenix 1887: calls $0.04
*** FLOP *** [2c 5c 3h]
DenyLi: checks 
Bird Fenix 1887: checks 
*** TURN *** [2c 5c 3h] [Qc]
DenyLi: checks 
Bird Fenix 1887: bets $0.02
DenyLi: folds 
Uncalled bet ($0.02) returned to Bird Fenix 1887
Bird Fenix 1887 collected $0.14 from pot
Bird Fenix 1887: doesn't show hand 
*** SUMMARY ***
Total pot $0.14 | Rake $0 
Board [2c 5c 3h Qc]
Seat 1: Darek223 folded before Flop (didn't bet)
Seat 2: doubled8ck folded before Flop (didn't bet)
Seat 3: pdiddly22 folded before Flop (didn't bet)
Seat 4: Bird Fenix 1887 (button) collected ($0.14)
Seat 5: DenyLi (small blind) folded on the Turn
Seat 6: zjanicek (big blind) folded before Flop
Seat 7: voyvoydavik folded before Flop (didn't bet)
Seat 8: Crappz folded before Flop (didn't bet)
Seat 9: Dorex2007 folded before Flop (didn't bet)



PokerStars Hand #223699906841:  Hold'em No Limit ($0.01/$0.02 USD) - 2021/02/11 14:37:20 PT [2021/02/11 17:37:20 ET]
Table 'Bellona II' 9-max Seat #5 is the button
Seat 1: Darek223 ($1.52 in chips) 
Seat 2: doubled8ck ($2.80 in chips) 
Seat 3: pdiddly22 ($2.33 in chips) 
Seat 4: Bird Fenix 1887 ($1.04 in chips) 
Seat 5: DenyLi ($1.47 in chips) 
Seat 6: zjanicek ($1.55 in chips) 
Seat 7: voyvoydavik ($1.99 in chips) 
Seat 8: Crappz ($2 in chips) 
Seat 9: Dorex2007 ($1.70 in chips) 
zjanicek: posts small blind $0.01
voyvoydavik: posts big blind $0.02
*** HOLE CARDS ***
Dealt to Dorex2007 [Qc Kd]
Crappz: folds 
Dorex2007: raises $0.02 to $0.04
Darek223: folds 
doubled8ck: folds 
pdiddly22: folds 
Bird Fenix 1887: folds 
DenyLi: raises $0.11 to $0.15
zjanicek: folds 
voyvoydavik: folds 
Dorex2007: calls $0.11
*** FLOP *** [5h 6c 4c]
Dorex2007: checks 
DenyLi: checks 
*** TURN *** [5h 6c 4c] [2c]
Dorex2007: bets $0.32
DenyLi: folds 
Uncalled bet ($0.32) returned to Dorex2007
Dorex2007 collected $0.32 from pot
Dorex2007: doesn't show hand 
*** SUMMARY ***
Total pot $0.33 | Rake $0.01 
Board [5h 6c 4c 2c]
Seat 1: Darek223 folded before Flop (didn't bet)
Seat 2: doubled8ck folded before Flop (didn't bet)
Seat 3: pdiddly22 folded before Flop (didn't bet)
Seat 4: Bird Fenix 1887 folded before Flop (didn't bet)
Seat 5: DenyLi (button) folded on the Turn
Seat 6: zjanicek (small blind) folded before Flop
Seat 7: voyvoydavik (big blind) folded before Flop
Seat 8: Crappz folded before Flop (didn't bet)
Seat 9: Dorex2007 collected ($0.32)



PokerStars Hand #223699932557:  Hold'em No Limit ($0.01/$0.02 USD) - 2021/02/11 14:37:58 PT [2021/02/11 17:37:58 ET]
Table 'Bellona II' 9-max Seat #6 is the button
Seat 1: Darek223 ($1.52 in chips) 
Seat 2: doubled8ck ($2.80 in chips) 
Seat 3: pdiddly22 ($2.33 in chips) 
Seat 4: Bird Fenix 1887 ($1.04 in chips) 
Seat 5: DenyLi ($1.32 in chips) 
Seat 6: zjanicek ($1.54 in chips) 
Seat 7: voyvoydavik ($1.97 in chips) 
Seat 8: Crappz ($2 in chips) 
Seat 9: Dorex2007 ($1.87 in chips) 
voyvoydavik: posts small blind $0.01
Crappz: posts big blind $0.02
*** HOLE CARDS ***
Dealt to Dorex2007 [Jc 9d]
Dorex2007: folds 
Darek223: folds 
doubled8ck: folds 
pdiddly22: raises $0.04 to $0.06
Bird Fenix 1887: folds 
DenyLi: folds 
zjanicek: folds 
voyvoydavik: folds 
Crappz: folds 
Uncalled bet ($0.04) returned to pdiddly22
pdiddly22 collected $0.05 from pot
pdiddly22: doesn't show hand 
*** SUMMARY ***
Total pot $0.05 | Rake $0 
Seat 1: Darek223 folded before Flop (didn't bet)
Seat 2: doubled8ck folded before Flop (didn't bet)
Seat 3: pdiddly22 collected ($0.05)
Seat 4: Bird Fenix 1887 folded before Flop (didn't bet)
Seat 5: DenyLi folded before Flop (didn't bet)
Seat 6: zjanicek (button) folded before Flop (didn't bet)
Seat 7: voyvoydavik (small blind) folded before Flop
Seat 8: Crappz (big blind) folded before Flop
Seat 9: Dorex2007 folded before Flop (didn't bet)



PokerStars Hand #223699955517:  Hold'em No Limit ($0.01/$0.02 USD) - 2021/02/11 14:38:31 PT [2021/02/11 17:38:31 ET]
Table 'Bellona II' 9-max Seat #7 is the button
Seat 1: Darek223 ($1.52 in chips) 
Seat 2: doubled8ck ($2.80 in chips) 
Seat 3: pdiddly22 ($2.36 in chips) 
Seat 4: Bird Fenix 1887 ($1.04 in chips) 
Seat 5: DenyLi ($1.32 in chips) 
Seat 6: zjanicek ($1.54 in chips) 
Seat 7: voyvoydavik ($1.96 in chips) 
Seat 8: Crappz ($2 in chips) 
Seat 9: Dorex2007 ($1.87 in chips) 
Crappz: posts small blind $0.01
Dorex2007: posts big blind $0.02
*** HOLE CARDS ***
Dealt to Dorex2007 [Qc 9h]
Darek223: calls $0.02
doubled8ck: folds 
pdiddly22: folds 
Bird Fenix 1887: calls $0.02
DenyLi: folds 
zjanicek: folds 
voyvoydavik: folds 
Crappz: raises $0.06 to $0.08
Dorex2007: folds 
Darek223: calls $0.06
Bird Fenix 1887: calls $0.06
*** FLOP *** [Jh 5c Th]
Crappz: bets $0.17
Darek223: calls $0.17
Bird Fenix 1887: raises $0.79 to $0.96 and is all-in
Crappz: calls $0.79
Darek223: folds 
*** TURN *** [Jh 5c Th] [9d]
*** RIVER *** [Jh 5c Th 9d] [7s]
*** SHOW DOWN ***
Crappz: shows [Qd Qh] (a pair of Queens)
Bird Fenix 1887: shows [5d 5s] (three of a kind, Fives)
Bird Fenix 1887 cashed out the hand for $1.85 | Cash Out Fee $0.02
*** SUMMARY ***
Total pot $2.35 | Rake $0.08 
Board [Jh 5c Th 9d 7s]
Seat 1: Darek223 folded on the Flop
Seat 2: doubled8ck folded before Flop (didn't bet)
Seat 3: pdiddly22 folded before Flop (didn't bet)
Seat 4: Bird Fenix 1887 showed [5d 5s] and won ($2.27) with three of a kind, Fives (pot not awarded as player cashed out)
Seat 5: DenyLi folded before Flop (didn't bet)
Seat 6: zjanicek folded before Flop (didn't bet)
Seat 7: voyvoydavik (button) folded before Flop (didn't bet)
Seat 8: Crappz (small blind) showed [Qd Qh] and lost with a pair of Queens
Seat 9: Dorex2007 (big blind) folded before Flop



PokerStars Hand #223699990100:  Hold'em No Limit ($0.01/$0.02 USD) - 2021/02/11 14:39:22 PT [2021/02/11 17:39:22 ET]
Table 'Bellona II' 9-max Seat #8 is the button
Seat 1: Darek223 ($1.27 in chips) 
Seat 3: pdiddly22 ($2.36 in chips) 
Seat 4: Bird Fenix 1887 ($1.85 in chips) 
Seat 5: DenyLi ($1.32 in chips) 
Seat 6: zjanicek ($1.54 in chips) 
Seat 7: voyvoydavik ($1.96 in chips) 
Seat 8: Crappz ($2 in chips) 
Seat 9: Dorex2007 ($1.85 in chips) 
Dorex2007: posts small blind $0.01
Darek223: posts big blind $0.02
*** HOLE CARDS ***
Dealt to Dorex2007 [4s 7h]
pdiddly22: folds 
Bird Fenix 1887: calls $0.02
DenyLi: folds 
zjanicek: folds 
voyvoydavik: folds 
Crappz: folds 
Dorex2007: folds 
Darek223: checks 
*** FLOP *** [Ad 2h 6d]
Darek223: checks 
Bird Fenix 1887: bets $0.02
Darek223: calls $0.02
*** TURN *** [Ad 2h 6d] [2c]
Darek223: checks 
Bird Fenix 1887: bets $0.02
Darek223: raises $0.06 to $0.08
Bird Fenix 1887: folds 
Uncalled bet ($0.06) returned to Darek223
Darek223 collected $0.13 from pot
Darek223: doesn't show hand 
*** SUMMARY ***
Total pot $0.13 | Rake $0 
Board [Ad 2h 6d 2c]
Seat 1: Darek223 (big blind) collected ($0.13)
Seat 3: pdiddly22 folded before Flop (didn't bet)
Seat 4: Bird Fenix 1887 folded on the Turn
Seat 5: DenyLi folded before Flop (didn't bet)
Seat 6: zjanicek folded before Flop (didn't bet)
Seat 7: voyvoydavik folded before Flop (didn't bet)
Seat 8: Crappz (button) folded before Flop (didn't bet)
Seat 9: Dorex2007 (small blind) folded before Flop



PokerStars Hand #223700021249:  Hold'em No Limit ($0.01/$0.02 USD) - 2021/02/11 14:40:08 PT [2021/02/11 17:40:08 ET]
Table 'Bellona II' 9-max Seat #9 is the button
Seat 1: Darek223 ($1.34 in chips) 
Seat 3: pdiddly22 ($2.36 in chips) 
Seat 4: Bird Fenix 1887 ($1.79 in chips) 
Seat 5: DenyLi ($1.32 in chips) 
Seat 6: zjanicek ($1.54 in chips) 
Seat 7: voyvoydavik ($1.96 in chips) 
Seat 8: Crappz ($2 in chips) 
Seat 9: Dorex2007 ($1.84 in chips) 
Darek223: posts small blind $0.01
pdiddly22: posts big blind $0.02
*** HOLE CARDS ***
Dealt to Dorex2007 [Ac 3d]
Bird Fenix 1887: folds 
DenyLi: folds 
zjanicek: folds 
voyvoydavik: raises $0.03 to $0.05
Crappz: folds 
Dorex2007: folds 
Darek223: folds 
pdiddly22: folds 
Uncalled bet ($0.03) returned to voyvoydavik
voyvoydavik collected $0.05 from pot
voyvoydavik: doesn't show hand 
*** SUMMARY ***
Total pot $0.05 | Rake $0 
Seat 1: Darek223 (small blind) folded before Flop
Seat 3: pdiddly22 (big blind) folded before Flop
Seat 4: Bird Fenix 1887 folded before Flop (didn't bet)
Seat 5: DenyLi folded before Flop (didn't bet)
Seat 6: zjanicek folded before Flop (didn't bet)
Seat 7: voyvoydavik collected ($0.05)
Seat 8: Crappz folded before Flop (didn't bet)
Seat 9: Dorex2007 (button) folded before Flop (didn't bet)



PokerStars Hand #223700037791:  Hold'em No Limit ($0.01/$0.02 USD) - 2021/02/11 14:40:32 PT [2021/02/11 17:40:32 ET]
Table 'Bellona II' 9-max Seat #1 is the button
Seat 1: Darek223 ($1.33 in chips) 
Seat 3: pdiddly22 ($2.34 in chips) 
Seat 4: Bird Fenix 1887 ($1.79 in chips) 
Seat 5: DenyLi ($1.32 in chips) 
Seat 6: zjanicek ($1.54 in chips) 
Seat 7: voyvoydavik ($1.99 in chips) 
Seat 8: Crappz ($2 in chips) 
Seat 9: Dorex2007 ($1.84 in chips) 
pdiddly22: posts small blind $0.01
Bird Fenix 1887: posts big blind $0.02
*** HOLE CARDS ***
Dealt to Dorex2007 [6s 7h]
DenyLi: folds 
DenyLi leaves the table
zjanicek: calls $0.02
voyvoydavik: folds 
Crappz: raises $0.06 to $0.08
Dorex2007: folds 
Darek223: folds 
pdiddly22: folds 
Bird Fenix 1887: calls $0.06
zjanicek: raises $0.18 to $0.26
Crappz: calls $0.18
Bird Fenix 1887: folds 
*** FLOP *** [Ad 8d 3d]
zjanicek: bets $0.29
Crappz: calls $0.29
*** TURN *** [Ad 8d 3d] [2s]
zjanicek: bets $0.99 and is all-in
Crappz: calls $0.99
*** RIVER *** [Ad 8d 3d 2s] [8h]
*** SHOW DOWN ***
zjanicek: shows [Kc Kd] (two pair, Kings and Eights)
Crappz: shows [Qd Qh] (two pair, Queens and Eights)
zjanicek collected $3.06 from pot
*** SUMMARY ***
Total pot $3.17 | Rake $0.11 
Board [Ad 8d 3d 2s 8h]
Seat 1: Darek223 (button) folded before Flop (didn't bet)
Seat 3: pdiddly22 (small blind) folded before Flop
Seat 4: Bird Fenix 1887 (big blind) folded before Flop
Seat 5: DenyLi folded before Flop (didn't bet)
Seat 6: zjanicek showed [Kc Kd] and won ($3.06) with two pair, Kings and Eights
Seat 7: voyvoydavik folded before Flop (didn't bet)
Seat 8: Crappz showed [Qd Qh] and lost with two pair, Queens and Eights
Seat 9: Dorex2007 folded before Flop (didn't bet)



PokerStars Hand #223700079791:  Hold'em No Limit ($0.01/$0.02 USD) - 2021/02/11 14:41:34 PT [2021/02/11 17:41:34 ET]
Table 'Bellona II' 9-max Seat #3 is the button
Seat 1: Darek223 ($1.33 in chips) 
Seat 3: pdiddly22 ($2.33 in chips) 
Seat 4: Bird Fenix 1887 ($1.71 in chips) 
Seat 6: zjanicek ($3.06 in chips) 
Seat 7: voyvoydavik ($1.99 in chips) 
Seat 8: Crappz ($2 in chips) 
Seat 9: Dorex2007 ($1.84 in chips) 
Bird Fenix 1887: posts small blind $0.01
zjanicek: posts big blind $0.02
*** HOLE CARDS ***
Dealt to Dorex2007 [Kc 8h]
voyvoydavik: folds 
Crappz: folds 
Dorex2007: folds 
Darek223: folds 
Crappz leaves the table
pdiddly22: raises $0.04 to $0.06
Bird Fenix 1887: calls $0.05
zjanicek: folds 
*** FLOP *** [2h As Ac]
Bird Fenix 1887: checks 
pdiddly22: bets $0.07
Bird Fenix 1887: folds 
Uncalled bet ($0.07) returned to pdiddly22
pdiddly22 collected $0.14 from pot
pdiddly22: doesn't show hand 
*** SUMMARY ***
Total pot $0.14 | Rake $0 
Board [2h As Ac]
Seat 1: Darek223 folded before Flop (didn't bet)
Seat 3: pdiddly22 (button) collected ($0.14)
Seat 4: Bird Fenix 1887 (small blind) folded on the Flop
Seat 6: zjanicek (big blind) folded before Flop
Seat 7: voyvoydavik folded before Flop (didn't bet)
Seat 8: Crappz folded before Flop (didn't bet)
Seat 9: Dorex2007 folded before Flop (didn't bet)



PokerStars Hand #223700100883:  Hold'em No Limit ($0.01/$0.02 USD) - 2021/02/11 14:42:06 PT [2021/02/11 17:42:06 ET]
Table 'Bellona II' 9-max Seat #4 is the button
Seat 1: Darek223 ($1.33 in chips) 
Seat 3: pdiddly22 ($2.41 in chips) 
Seat 4: Bird Fenix 1887 ($1.65 in chips) 
Seat 6: zjanicek ($3.04 in chips) 
Seat 7: voyvoydavik ($1.99 in chips) 
Seat 9: Dorex2007 ($1.84 in chips) 
zjanicek: posts small blind $0.01
voyvoydavik: posts big blind $0.02
doubled8ck: sits out 
*** HOLE CARDS ***
Dealt to Dorex2007 [6h 6c]
Dorex2007: calls $0.02
Darek223: folds 
pdiddly22: folds 
Bird Fenix 1887: calls $0.02
zjanicek: folds 
voyvoydavik: checks 
*** FLOP *** [Td 7d 9h]
voyvoydavik: checks 
Dorex2007: bets $0.07
Bird Fenix 1887: calls $0.07
voyvoydavik: folds 
*** TURN *** [Td 7d 9h] [Js]
Dorex2007: checks 
SLIM-ANY2 joins the table at seat #5 
Bird Fenix 1887: checks 
*** RIVER *** [Td 7d 9h Js] [9s]
Dorex2007: bets $0.20
Bird Fenix 1887: folds 
Uncalled bet ($0.20) returned to Dorex2007
Dorex2007 collected $0.20 from pot
Dorex2007: doesn't show hand 
*** SUMMARY ***
Total pot $0.21 | Rake $0.01 
Board [Td 7d 9h Js 9s]
Seat 1: Darek223 folded before Flop (didn't bet)
Seat 3: pdiddly22 folded before Flop (didn't bet)
Seat 4: Bird Fenix 1887 (button) folded on the River
Seat 6: zjanicek (small blind) folded before Flop
Seat 7: voyvoydavik (big blind) folded on the Flop
Seat 9: Dorex2007 collected ($0.20)



PokerStars Hand #223700142058:  Hold'em No Limit ($0.01/$0.02 USD) - 2021/02/11 14:42:55 PT [2021/02/11 17:42:55 ET]
Table 'Bellona II' 9-max Seat #6 is the button
Seat 1: Darek223 ($1.33 in chips) 
Seat 3: pdiddly22 ($2.41 in chips) 
Seat 4: Bird Fenix 1887 ($1.56 in chips) 
Seat 6: zjanicek ($3.03 in chips) 
Seat 7: voyvoydavik ($1.97 in chips) 
Seat 9: Dorex2007 ($1.95 in chips) 
voyvoydavik: posts small blind $0.01
Dorex2007: posts big blind $0.02
doubled8ck: sits out 
SLIM-ANY2: sits out 
*** HOLE CARDS ***
Dealt to Dorex2007 [9s 7d]
Darek223: folds 
pdiddly22: calls $0.02
Bird Fenix 1887: calls $0.02
zjanicek: folds 
voyvoydavik: raises $0.04 to $0.06
Dorex2007: folds 
pdiddly22: calls $0.04
Bird Fenix 1887: calls $0.04
*** FLOP *** [8s Jh 7s]
voyvoydavik: checks 
pdiddly22: checks 
Bird Fenix 1887: checks 
*** TURN *** [8s Jh 7s] [5h]
voyvoydavik: bets $0.06
pdiddly22: folds 
Bird Fenix 1887: calls $0.06
*** RIVER *** [8s Jh 7s 5h] [9c]
voyvoydavik: checks 
Bird Fenix 1887: checks 
*** SHOW DOWN ***
voyvoydavik: shows [Ah 5c] (a pair of Fives)
Bird Fenix 1887: shows [9h 9d] (three of a kind, Nines)
Narjan442 joins the table at seat #8 
Bird Fenix 1887 collected $0.31 from pot
*** SUMMARY ***
Total pot $0.32 | Rake $0.01 
Board [8s Jh 7s 5h 9c]
Seat 1: Darek223 folded before Flop (didn't bet)
Seat 3: pdiddly22 folded on the Turn
Seat 4: Bird Fenix 1887 showed [9h 9d] and won ($0.31) with three of a kind, Nines
Seat 6: zjanicek (button) folded before Flop (didn't bet)
Seat 7: voyvoydavik (small blind) showed [Ah 5c] and lost with a pair of Fives
Seat 9: Dorex2007 (big blind) folded before Flop



PokerStars Hand #223700170802:  Hold'em No Limit ($0.01/$0.02 USD) - 2021/02/11 14:43:37 PT [2021/02/11 17:43:37 ET]
Table 'Bellona II' 9-max Seat #7 is the button
Seat 1: Darek223 ($1.33 in chips) 
Seat 3: pdiddly22 ($2.35 in chips) 
Seat 4: Bird Fenix 1887 ($1.75 in chips) 
Seat 6: zjanicek ($3.03 in chips) 
Seat 7: voyvoydavik ($1.85 in chips) 
Seat 9: Dorex2007 ($1.93 in chips) 
Dorex2007: posts small blind $0.01
Darek223: posts big blind $0.02
doubled8ck: sits out 
SLIM-ANY2: sits out 
*** HOLE CARDS ***
Dealt to Dorex2007 [Ts Tc]
pdiddly22: folds 
Bird Fenix 1887: folds 
zjanicek: folds 
voyvoydavik: raises $0.02 to $0.04
Dorex2007: calls $0.03
Darek223: calls $0.02
*** FLOP *** [Js 5s 6d]
Dorex2007: bets $0.06
Darek223: calls $0.06
voyvoydavik: calls $0.06
*** TURN *** [Js 5s 6d] [6c]
Dorex2007: checks 
Darek223: checks 
voyvoydavik: checks 
*** RIVER *** [Js 5s 6d 6c] [Qd]
Dorex2007: bets $0.29
Darek223: folds 
voyvoydavik: folds 
Uncalled bet ($0.29) returned to Dorex2007
Dorex2007 collected $0.29 from pot
Dorex2007: doesn't show hand 
*** SUMMARY ***
Total pot $0.30 | Rake $0.01 
Board [Js 5s 6d 6c Qd]
Seat 1: Darek223 (big blind) folded on the River
Seat 3: pdiddly22 folded before Flop (didn't bet)
Seat 4: Bird Fenix 1887 folded before Flop (didn't bet)
Seat 6: zjanicek folded before Flop (didn't bet)
Seat 7: voyvoydavik (button) folded on the River
Seat 9: Dorex2007 (small blind) collected ($0.29)



PokerStars Hand #223700196557:  Hold'em No Limit ($0.01/$0.02 USD) - 2021/02/11 14:44:16 PT [2021/02/11 17:44:16 ET]
Table 'Bellona II' 9-max Seat #9 is the button
Seat 1: Darek223 ($1.23 in chips) 
Seat 2: doubled8ck ($2.80 in chips) 
Seat 3: pdiddly22 ($2.35 in chips) 
Seat 4: Bird Fenix 1887 ($1.75 in chips) 
Seat 6: zjanicek ($3.03 in chips) 
Seat 7: voyvoydavik ($2 in chips) 
Seat 9: Dorex2007 ($2.12 in chips) 
Darek223: posts small blind $0.01
doubled8ck: posts big blind $0.02
SLIM-ANY2: sits out 
Narjan442: sits out 
*** HOLE CARDS ***
Dealt to Dorex2007 [8c Kh]
pdiddly22: folds 
Bird Fenix 1887: calls $0.02
zjanicek: folds 
voyvoydavik: raises $0.03 to $0.05
Dorex2007: folds 
Darek223: folds 
doubled8ck: folds 
Bird Fenix 1887: calls $0.03
*** FLOP *** [Td 4c Ah]
Bird Fenix 1887: checks 
voyvoydavik: checks 
*** TURN *** [Td 4c Ah] [Qh]
Bird Fenix 1887: checks 
voyvoydavik: bets $0.05
Bird Fenix 1887: folds 
Uncalled bet ($0.05) returned to voyvoydavik
voyvoydavik collected $0.13 from pot
voyvoydavik: doesn't show hand 
*** SUMMARY ***
Total pot $0.13 | Rake $0 
Board [Td 4c Ah Qh]
Seat 1: Darek223 (small blind) folded before Flop
Seat 2: doubled8ck (big blind) folded before Flop
Seat 3: pdiddly22 folded before Flop (didn't bet)
Seat 4: Bird Fenix 1887 folded on the Turn
Seat 6: zjanicek folded before Flop (didn't bet)
Seat 7: voyvoydavik collected ($0.13)
Seat 9: Dorex2007 (button) folded before Flop (didn't bet)



PokerStars Hand #223700223850:  Hold'em No Limit ($0.01/$0.02 USD) - 2021/02/11 14:44:57 PT [2021/02/11 17:44:57 ET]
Table 'Bellona II' 9-max Seat #1 is the button
Seat 1: Darek223 ($1.22 in chips) 
Seat 2: doubled8ck ($2.78 in chips) 
Seat 4: Bird Fenix 1887 ($1.70 in chips) 
Seat 6: zjanicek ($3.03 in chips) 
Seat 7: voyvoydavik ($2.08 in chips) 
Seat 8: Narjan442 ($0.80 in chips) 
Seat 9: Dorex2007 ($2.12 in chips) 
doubled8ck: posts small blind $0.01
pdiddly22: is sitting out 
Bird Fenix 1887: posts big blind $0.02
SLIM-ANY2: sits out 
Narjan442: posts big blind $0.02
*** HOLE CARDS ***
Dealt to Dorex2007 [3s 6h]
zjanicek: folds 
voyvoydavik: raises $0.03 to $0.05
Narjan442: calls $0.03
Dorex2007: folds 
Darek223: folds 
doubled8ck: folds 
Bird Fenix 1887: calls $0.03
*** FLOP *** [Kd 8h 4c]
Bird Fenix 1887: checks 
voyvoydavik: checks 
Narjan442: bets $0.02
Bird Fenix 1887: calls $0.02
voyvoydavik: calls $0.02
*** TURN *** [Kd 8h 4c] [5s]
Bird Fenix 1887: bets $1.63 and is all-in
voyvoydavik: folds 
Narjan442: calls $0.73 and is all-in
Uncalled bet ($0.90) returned to Bird Fenix 1887
*** RIVER *** [Kd 8h 4c 5s] [2d]
*** SHOW DOWN ***
Bird Fenix 1887: shows [7h 6d] (a straight, Four to Eight)
Narjan442: shows [2c Kc] (two pair, Kings and Deuces)
Bird Fenix 1887 collected $1.62 from pot
*** SUMMARY ***
Total pot $1.68 | Rake $0.06 
Board [Kd 8h 4c 5s 2d]
Seat 1: Darek223 (button) folded before Flop (didn't bet)
Seat 2: doubled8ck (small blind) folded before Flop
Seat 4: Bird Fenix 1887 (big blind) showed [7h 6d] and won ($1.62) with a straight, Four to Eight
Seat 6: zjanicek folded before Flop (didn't bet)
Seat 7: voyvoydavik folded on the Turn
Seat 8: Narjan442 showed [2c Kc] and lost with two pair, Kings and Deuces
Seat 9: Dorex2007 folded before Flop (didn't bet)



PokerStars Hand #223700254183:  Hold'em No Limit ($0.01/$0.02 USD) - 2021/02/11 14:45:42 PT [2021/02/11 17:45:42 ET]
Table 'Bellona II' 9-max Seat #2 is the button
Seat 1: Darek223 ($1.22 in chips) 
Seat 2: doubled8ck ($2.77 in chips) 
Seat 4: Bird Fenix 1887 ($2.52 in chips) 
Seat 5: SLIM-ANY2 ($2 in chips) 
Seat 6: zjanicek ($3.03 in chips) 
Seat 7: voyvoydavik ($2.01 in chips) 
Seat 9: Dorex2007 ($2.12 in chips) 
Bird Fenix 1887: posts small blind $0.01
SLIM-ANY2: posts big blind $0.02
*** HOLE CARDS ***
Dealt to Dorex2007 [Td As]
zjanicek: folds 
voyvoydavik: folds 
Dorex2007: folds 
Darek223: calls $0.02
doubled8ck: folds 
Bird Fenix 1887: calls $0.01
SLIM-ANY2: checks 
*** FLOP *** [Kd 8s 7c]
Bird Fenix 1887: checks 
pdiddly22 leaves the table
SLIM-ANY2: bets $0.04
Darek223: folds 
Bird Fenix 1887: folds 
Uncalled bet ($0.04) returned to SLIM-ANY2
SLIM-ANY2 collected $0.06 from pot
*** SUMMARY ***
Total pot $0.06 | Rake $0 
Board [Kd 8s 7c]
Seat 1: Darek223 folded on the Flop
Seat 2: doubled8ck (button) folded before Flop (didn't bet)
Seat 4: Bird Fenix 1887 (small blind) folded on the Flop
Seat 5: SLIM-ANY2 (big blind) collected ($0.06)
Seat 6: zjanicek folded before Flop (didn't bet)
Seat 7: voyvoydavik folded before Flop (didn't bet)
Seat 9: Dorex2007 folded before Flop (didn't bet)



PokerStars Hand #223700272110:  Hold'em No Limit ($0.01/$0.02 USD) - 2021/02/11 14:46:09 PT [2021/02/11 17:46:09 ET]
Table 'Bellona II' 9-max Seat #4 is the button
Seat 1: Darek223 ($1.20 in chips) 
Seat 2: doubled8ck ($2.77 in chips) 
Seat 4: Bird Fenix 1887 ($2.50 in chips) 
Seat 5: SLIM-ANY2 ($2.04 in chips) 
Seat 6: zjanicek ($3.03 in chips) 
Seat 7: voyvoydavik ($2.01 in chips) 
Seat 8: Narjan442 ($1.04 in chips) 
Seat 9: Dorex2007 ($2.12 in chips) 
SLIM-ANY2: posts small blind $0.01
zjanicek: posts big blind $0.02
*** HOLE CARDS ***
Dealt to Dorex2007 [4c 9s]
voyvoydavik: raises $0.03 to $0.05
Narjan442: raises $0.99 to $1.04 and is all-in
Dorex2007: folds 
Darek223: folds 
doubled8ck: folds 
Bird Fenix 1887: folds 
SLIM-ANY2: folds 
zjanicek: raises $1.99 to $3.03 and is all-in
hugehyphyaids joins the table at seat #3 
voyvoydavik: calls $1.96 and is all-in
Uncalled bet ($1.02) returned to zjanicek
*** FLOP *** [2s 9c Qs]
*** TURN *** [2s 9c Qs] [3c]
*** RIVER *** [2s 9c Qs 3c] [2c]
*** SHOW DOWN ***
zjanicek: shows [Ah Qc] (two pair, Queens and Deuces)
voyvoydavik: shows [Kc Ks] (two pair, Kings and Deuces)
voyvoydavik collected $1.87 from side pot
Narjan442: shows [Kh Ts] (a pair of Deuces)
voyvoydavik collected $3.02 from main pot
Narjan442 cashed out the hand for $0.21
*** SUMMARY ***
Total pot $5.07 Main pot $3.02. Side pot $1.87. | Rake $0.18 
Board [2s 9c Qs 3c 2c]
Seat 1: Darek223 folded before Flop (didn't bet)
Seat 2: doubled8ck folded before Flop (didn't bet)
Seat 4: Bird Fenix 1887 (button) folded before Flop (didn't bet)
Seat 5: SLIM-ANY2 (small blind) folded before Flop
Seat 6: zjanicek (big blind) showed [Ah Qc] and lost with two pair, Queens and Deuces
Seat 7: voyvoydavik showed [Kc Ks] and won ($4.89) with two pair, Kings and Deuces
Seat 8: Narjan442 showed [Kh Ts] and lost with a pair of Deuces (cashed out).
Seat 9: Dorex2007 folded before Flop (didn't bet)



PokerStars Hand #223700308330:  Hold'em No Limit ($0.01/$0.02 USD) - 2021/02/11 14:47:04 PT [2021/02/11 17:47:04 ET]
Table 'Bellona II' 9-max Seat #5 is the button
Seat 1: Darek223 ($1.20 in chips) 
Seat 2: doubled8ck ($2.77 in chips) 
Seat 3: hugehyphyaids ($1.13 in chips) 
Seat 4: Bird Fenix 1887 ($2.50 in chips) 
Seat 5: SLIM-ANY2 ($2.03 in chips) 
Seat 6: zjanicek ($1.02 in chips) 
Seat 7: voyvoydavik ($4.89 in chips) 
Seat 8: Narjan442 ($0.21 in chips) 
Seat 9: Dorex2007 ($2.12 in chips) 
zjanicek: posts small blind $0.01
voyvoydavik: posts big blind $0.02
hugehyphyaids: posts big blind $0.02
*** HOLE CARDS ***
Dealt to Dorex2007 [3d Ah]
Narjan442: raises $0.19 to $0.21 and is all-in
Dorex2007: folds 
Darek223: calls $0.21
doubled8ck: folds 
hugehyphyaids: folds 
Bird Fenix 1887: folds 
SLIM-ANY2: folds 
zjanicek: folds 
voyvoydavik: raises $0.99 to $1.20
Darek223: calls $0.99 and is all-in
*** FLOP *** [As 4c 4d]
*** TURN *** [As 4c 4d] [Qs]
*** RIVER *** [As 4c 4d Qs] [Kc]
*** SHOW DOWN ***
voyvoydavik: shows [Ac Kh] (two pair, Aces and Kings)
Darek223: shows [Ad Jd] (two pair, Aces and Fours)
voyvoydavik collected $1.91 from side pot
Narjan442: shows [Kd 5d] (two pair, Kings and Fours)
voyvoydavik collected $0.64 from main pot
Darek223 cashed out the hand for $0.74 | Cash Out Fee $0.01
*** SUMMARY ***
Total pot $2.64 Main pot $0.64. Side pot $1.91. | Rake $0.09 
Board [As 4c 4d Qs Kc]
Seat 1: Darek223 showed [Ad Jd] and lost with two pair, Aces and Fours (cashed out).
Seat 2: doubled8ck folded before Flop (didn't bet)
Seat 3: hugehyphyaids folded before Flop (didn't bet)
Seat 4: Bird Fenix 1887 folded before Flop (didn't bet)
Seat 5: SLIM-ANY2 (button) folded before Flop (didn't bet)
Seat 6: zjanicek (small blind) folded before Flop
Seat 7: voyvoydavik (big blind) showed [Ac Kh] and won ($2.55) with two pair, Aces and Kings
Seat 8: Narjan442 showed [Kd 5d] and lost with two pair, Kings and Fours
Seat 9: Dorex2007 folded before Flop (didn't bet)



PokerStars Hand #223700337722:  Hold'em No Limit ($0.01/$0.02 USD) - 2021/02/11 14:47:49 PT [2021/02/11 17:47:49 ET]
Table 'Bellona II' 9-max Seat #6 is the button
Seat 1: Darek223 ($0.74 in chips) 
Seat 2: doubled8ck ($2.77 in chips) 
Seat 3: hugehyphyaids ($1.11 in chips) 
Seat 4: Bird Fenix 1887 ($2.50 in chips) 
Seat 5: SLIM-ANY2 ($2.03 in chips) 
Seat 6: zjanicek ($1.01 in chips) 
Seat 7: voyvoydavik ($6.24 in chips) 
Seat 9: Dorex2007 ($2.12 in chips) 
voyvoydavik: posts small blind $0.01
Dorex2007: posts big blind $0.02
*** HOLE CARDS ***
Dealt to Dorex2007 [Jc Td]
Darek223: folds 
doubled8ck: folds 
hugehyphyaids: folds 
Bird Fenix 1887: folds 
SLIM-ANY2: folds 
zjanicek: folds 
voyvoydavik: folds 
Uncalled bet ($0.01) returned to Dorex2007
Dorex2007 collected $0.02 from pot
Dorex2007: doesn't show hand 
*** SUMMARY ***
Total pot $0.02 | Rake $0 
Seat 1: Darek223 folded before Flop (didn't bet)
Seat 2: doubled8ck folded before Flop (didn't bet)
Seat 3: hugehyphyaids folded before Flop (didn't bet)
Seat 4: Bird Fenix 1887 folded before Flop (didn't bet)
Seat 5: SLIM-ANY2 folded before Flop (didn't bet)
Seat 6: zjanicek (button) folded before Flop (didn't bet)
Seat 7: voyvoydavik (small blind) folded before Flop
Seat 9: Dorex2007 (big blind) collected ($0.02)



PokerStars Hand #223700349900:  Hold'em No Limit ($0.01/$0.02 USD) - 2021/02/11 14:48:07 PT [2021/02/11 17:48:07 ET]
Table 'Bellona II' 9-max Seat #7 is the button
Seat 1: Darek223 ($0.74 in chips) 
Seat 2: doubled8ck ($2.77 in chips) 
Seat 3: hugehyphyaids ($1.11 in chips) 
Seat 4: Bird Fenix 1887 ($2.50 in chips) 
Seat 5: SLIM-ANY2 ($2.03 in chips) 
Seat 6: zjanicek ($1.01 in chips) 
Seat 7: voyvoydavik ($6.23 in chips) 
Seat 9: Dorex2007 ($2.13 in chips) 
Dorex2007: posts small blind $0.01
Darek223: posts big blind $0.02
*** HOLE CARDS ***
Dealt to Dorex2007 [Ah 4c]
doubled8ck: folds 
hugehyphyaids: calls $0.02
Bird Fenix 1887: folds 
SLIM-ANY2: raises $0.04 to $0.06
zjanicek: folds 
voyvoydavik: folds 
Dorex2007: folds 
Darek223: calls $0.04
hugehyphyaids: calls $0.04
*** FLOP *** [Ad 2d 8s]
Darek223: checks 
hugehyphyaids: checks 
Narjan442 is disconnected 
SLIM-ANY2: bets $0.14
Darek223: folds 
hugehyphyaids: folds 
Uncalled bet ($0.14) returned to SLIM-ANY2
SLIM-ANY2 collected $0.18 from pot
*** SUMMARY ***
Total pot $0.19 | Rake $0.01 
Board [Ad 2d 8s]
Seat 1: Darek223 (big blind) folded on the Flop
Seat 2: doubled8ck folded before Flop (didn't bet)
Seat 3: hugehyphyaids folded on the Flop
Seat 4: Bird Fenix 1887 folded before Flop (didn't bet)
Seat 5: SLIM-ANY2 collected ($0.18)
Seat 6: zjanicek folded before Flop (didn't bet)
Seat 7: voyvoydavik (button) folded before Flop (didn't bet)
Seat 9: Dorex2007 (small blind) folded before Flop



PokerStars Hand #223700389723:  Hold'em No Limit ($0.01/$0.02 USD) - 2021/02/11 14:49:08 PT [2021/02/11 17:49:08 ET]
Table 'Bellona II' 9-max Seat #9 is the button
Seat 1: Darek223 ($0.68 in chips) 
Seat 2: doubled8ck ($2.77 in chips) 
Seat 3: hugehyphyaids ($1.05 in chips) 
Seat 4: Bird Fenix 1887 ($2.50 in chips) 
Seat 5: SLIM-ANY2 ($2.15 in chips) 
Seat 6: zjanicek ($1.01 in chips) 
Seat 7: voyvoydavik ($6.23 in chips) 
Seat 9: Dorex2007 ($2.12 in chips) 
Darek223: posts small blind $0.01
doubled8ck: posts big blind $0.02
*** HOLE CARDS ***
Dealt to Dorex2007 [7c 7h]
hugehyphyaids: raises $0.02 to $0.04
Bird Fenix 1887: calls $0.04
SLIM-ANY2: raises $0.11 to $0.15
zjanicek: folds 
voyvoydavik: folds 
Dorex2007: folds 
Darek223: folds 
doubled8ck: folds 
hugehyphyaids: calls $0.11
Bird Fenix 1887: folds 
*** FLOP *** [7d 3c 7s]
hugehyphyaids: checks 
SLIM-ANY2: bets $0.29
hugehyphyaids: raises $0.61 to $0.90 and is all-in
SLIM-ANY2: calls $0.61
*** TURN *** [7d 3c 7s] [Ad]
*** RIVER *** [7d 3c 7s Ad] [4c]
*** SHOW DOWN ***
hugehyphyaids: shows [Jh Qs] (a pair of Sevens)
SLIM-ANY2: shows [Kh Ac] (two pair, Aces and Sevens)
SLIM-ANY2 cashed out the hand for $1.61 | Cash Out Fee $0.02
*** SUMMARY ***
Total pot $2.17 | Rake $0.08 
Board [7d 3c 7s Ad 4c]
Seat 1: Darek223 (small blind) folded before Flop
Seat 2: doubled8ck (big blind) folded before Flop
Seat 3: hugehyphyaids showed [Jh Qs] and lost with a pair of Sevens
Seat 4: Bird Fenix 1887 folded before Flop
Seat 5: SLIM-ANY2 showed [Kh Ac] and won ($2.09) with two pair, Aces and Sevens (pot not awarded as player cashed out)
Seat 6: zjanicek folded before Flop (didn't bet)
Seat 7: voyvoydavik folded before Flop (didn't bet)
Seat 9: Dorex2007 (button) folded before Flop (didn't bet)



PokerStars Hand #223700429737:  Hold'em No Limit ($0.01/$0.02 USD) - 2021/02/11 14:50:09 PT [2021/02/11 17:50:09 ET]
Table 'Bellona II' 9-max Seat #1 is the button
Seat 1: Darek223 ($0.67 in chips) 
Seat 2: doubled8ck ($2.75 in chips) 
Seat 4: Bird Fenix 1887 ($2.46 in chips) 
Seat 5: SLIM-ANY2 ($2.71 in chips) 
Seat 6: zjanicek ($1.01 in chips) 
Seat 7: voyvoydavik ($6.23 in chips) 
Seat 9: Dorex2007 ($2.12 in chips) 
doubled8ck: posts small blind $0.01
Bird Fenix 1887: posts big blind $0.02
*** HOLE CARDS ***
Dealt to Dorex2007 [2s Jh]
SLIM-ANY2: folds 
zjanicek: calls $0.02
hugehyphyaids is disconnected 
voyvoydavik: folds 
Dorex2007: folds 
Darek223: calls $0.02
doubled8ck: folds 
Bird Fenix 1887: checks 
*** FLOP *** [9h Kd 9c]
Bird Fenix 1887: checks 
zjanicek: checks 
Darek223: bets $0.02
Bird Fenix 1887: folds 
zjanicek: calls $0.02
*** TURN *** [9h Kd 9c] [5c]
zjanicek: checks 
Darek223: bets $0.06
zjanicek: calls $0.06
*** RIVER *** [9h Kd 9c 5c] [5d]
zjanicek: checks 
Darek223: checks 
*** SHOW DOWN ***
zjanicek: shows [4c 4h] (two pair, Nines and Fives)
Darek223: shows [Kh Th] (two pair, Kings and Nines)
Darek223 collected $0.22 from pot
*** SUMMARY ***
Total pot $0.23 | Rake $0.01 
Board [9h Kd 9c 5c 5d]
Seat 1: Darek223 (button) showed [Kh Th] and won ($0.22) with two pair, Kings and Nines
Seat 2: doubled8ck (small blind) folded before Flop
Seat 4: Bird Fenix 1887 (big blind) folded on the Flop
Seat 5: SLIM-ANY2 folded before Flop (didn't bet)
Seat 6: zjanicek showed [4c 4h] and lost with two pair, Nines and Fives
Seat 7: voyvoydavik folded before Flop (didn't bet)
Seat 9: Dorex2007 folded before Flop (didn't bet)



PokerStars Hand #223700458950:  Hold'em No Limit ($0.01/$0.02 USD) - 2021/02/11 14:50:54 PT [2021/02/11 17:50:54 ET]
Table 'Bellona II' 9-max Seat #2 is the button
Seat 1: Darek223 ($0.79 in chips) 
Seat 2: doubled8ck ($2.74 in chips) 
Seat 4: Bird Fenix 1887 ($2.44 in chips) 
Seat 5: SLIM-ANY2 ($2.71 in chips) 
Seat 6: zjanicek ($0.91 in chips) 
Seat 7: voyvoydavik ($6.23 in chips) 
Seat 9: Dorex2007 ($2.12 in chips) 
Bird Fenix 1887: posts small blind $0.01
SLIM-ANY2: posts big blind $0.02
*** HOLE CARDS ***
Dealt to Dorex2007 [2d 5s]
zjanicek: folds 
voyvoydavik: folds 
Dorex2007: folds 
Darek223: folds 
doubled8ck: folds 
Bird Fenix 1887: calls $0.01
SLIM-ANY2: checks 
*** FLOP *** [Kd 7h Ad]
Bird Fenix 1887: checks 
SLIM-ANY2: checks 
*** TURN *** [Kd 7h Ad] [2h]
Bird Fenix 1887: checks 
SLIM-ANY2: checks 
*** RIVER *** [Kd 7h Ad 2h] [4s]
Bird Fenix 1887: checks 
SLIM-ANY2: checks 
*** SHOW DOWN ***
Bird Fenix 1887: shows [Qs 9d] (high card Ace)
SLIM-ANY2: mucks hand 
Bird Fenix 1887 collected $0.04 from pot
*** SUMMARY ***
Total pot $0.04 | Rake $0 
Board [Kd 7h Ad 2h 4s]
Seat 1: Darek223 folded before Flop (didn't bet)
Seat 2: doubled8ck (button) folded before Flop (didn't bet)
Seat 4: Bird Fenix 1887 (small blind) showed [Qs 9d] and won ($0.04) with high card Ace
Seat 5: SLIM-ANY2 (big blind) mucked [9s 5c]
Seat 6: zjanicek folded before Flop (didn't bet)
Seat 7: voyvoydavik folded before Flop (didn't bet)
Seat 9: Dorex2007 folded before Flop (didn't bet)



PokerStars Hand #223700478246:  Hold'em No Limit ($0.01/$0.02 USD) - 2021/02/11 14:51:24 PT [2021/02/11 17:51:24 ET]
Table 'Bellona II' 9-max Seat #4 is the button
Seat 1: Darek223 ($0.79 in chips) 
Seat 2: doubled8ck ($2.74 in chips) 
Seat 4: Bird Fenix 1887 ($2.46 in chips) 
Seat 5: SLIM-ANY2 ($2.69 in chips) 
Seat 6: zjanicek ($0.91 in chips) 
Seat 7: voyvoydavik ($6.23 in chips) 
Seat 9: Dorex2007 ($2.12 in chips) 
SLIM-ANY2: posts small blind $0.01
zjanicek: posts big blind $0.02
*** HOLE CARDS ***
Dealt to Dorex2007 [8c 4c]
voyvoydavik: folds 
Dorex2007: folds 
Darek223: folds 
doubled8ck: raises $0.04 to $0.06
Bird Fenix 1887: folds 
SLIM-ANY2: folds 
zjanicek: folds 
Uncalled bet ($0.04) returned to doubled8ck
doubled8ck collected $0.05 from pot
*** SUMMARY ***
Total pot $0.05 | Rake $0 
Seat 1: Darek223 folded before Flop (didn't bet)
Seat 2: doubled8ck collected ($0.05)
Seat 4: Bird Fenix 1887 (button) folded before Flop (didn't bet)
Seat 5: SLIM-ANY2 (small blind) folded before Flop
Seat 6: zjanicek (big blind) folded before Flop
Seat 7: voyvoydavik folded before Flop (didn't bet)
Seat 9: Dorex2007 folded before Flop (didn't bet)



PokerStars Hand #223700488028:  Hold'em No Limit ($0.01/$0.02 USD) - 2021/02/11 14:51:40 PT [2021/02/11 17:51:40 ET]
Table 'Bellona II' 9-max Seat #5 is the button
Seat 1: Darek223 ($0.79 in chips) 
Seat 2: doubled8ck ($2.77 in chips) 
Seat 4: Bird Fenix 1887 ($2.46 in chips) 
Seat 5: SLIM-ANY2 ($2.68 in chips) 
Seat 6: zjanicek ($0.89 in chips) 
Seat 7: voyvoydavik ($6.23 in chips) 
Seat 9: Dorex2007 ($2.12 in chips) 
zjanicek: posts small blind $0.01
voyvoydavik: posts big blind $0.02
*** HOLE CARDS ***
Dealt to Dorex2007 [2c Qc]
Dorex2007: folds 
Darek223: calls $0.02
doubled8ck: folds 
Bird Fenix 1887: folds 
SLIM-ANY2: raises $0.05 to $0.07
zjanicek: folds 
voyvoydavik: folds 
Darek223: calls $0.05
*** FLOP *** [4s Kd 3h]
Darek223: checks 
SLIM-ANY2: bets $0.10
Darek223: calls $0.10
*** TURN *** [4s Kd 3h] [8s]
Darek223: checks 
SLIM-ANY2: bets $0.29
Darek223: folds 
Uncalled bet ($0.29) returned to SLIM-ANY2
SLIM-ANY2 collected $0.36 from pot
*** SUMMARY ***
Total pot $0.37 | Rake $0.01 
Board [4s Kd 3h 8s]
Seat 1: Darek223 folded on the Turn
Seat 2: doubled8ck folded before Flop (didn't bet)
Seat 4: Bird Fenix 1887 folded before Flop (didn't bet)
Seat 5: SLIM-ANY2 (button) collected ($0.36)
Seat 6: zjanicek (small blind) folded before Flop
Seat 7: voyvoydavik (big blind) folded before Flop
Seat 9: Dorex2007 folded before Flop (didn't bet)



PokerStars Hand #223700513664:  Hold'em No Limit ($0.01/$0.02 USD) - 2021/02/11 14:52:20 PT [2021/02/11 17:52:20 ET]
Table 'Bellona II' 9-max Seat #6 is the button
Seat 1: Darek223 ($0.62 in chips) 
Seat 2: doubled8ck ($2.77 in chips) 
Seat 4: Bird Fenix 1887 ($2.46 in chips) 
Seat 5: SLIM-ANY2 ($2.87 in chips) 
Seat 6: zjanicek ($0.88 in chips) 
Seat 7: voyvoydavik ($6.21 in chips) 
Seat 9: Dorex2007 ($2.12 in chips) 
voyvoydavik: posts small blind $0.01
Dorex2007: posts big blind $0.02
*** HOLE CARDS ***
Dealt to Dorex2007 [Qs 4c]
Darek223: raises $0.02 to $0.04
doubled8ck: folds 
Bird Fenix 1887: folds 
SLIM-ANY2: folds 
zjanicek: folds 
voyvoydavik: folds 
Dorex2007: folds 
Uncalled bet ($0.02) returned to Darek223
Darek223 collected $0.05 from pot
Darek223: doesn't show hand 
*** SUMMARY ***
Total pot $0.05 | Rake $0 
Seat 1: Darek223 collected ($0.05)
Seat 2: doubled8ck folded before Flop (didn't bet)
Seat 4: Bird Fenix 1887 folded before Flop (didn't bet)
Seat 5: SLIM-ANY2 folded before Flop (didn't bet)
Seat 6: zjanicek (button) folded before Flop (didn't bet)
Seat 7: voyvoydavik (small blind) folded before Flop
Seat 9: Dorex2007 (big blind) folded before Flop



PokerStars Hand #223700528458:  Hold'em No Limit ($0.01/$0.02 USD) - 2021/02/11 14:52:43 PT [2021/02/11 17:52:43 ET]
Table 'Bellona II' 9-max Seat #7 is the button
Seat 1: Darek223 ($0.65 in chips) 
Seat 2: doubled8ck ($2.77 in chips) 
Seat 4: Bird Fenix 1887 ($2.46 in chips) 
Seat 5: SLIM-ANY2 ($2.87 in chips) 
Seat 6: zjanicek ($0.88 in chips) 
Seat 7: voyvoydavik ($6.20 in chips) 
Seat 9: Dorex2007 ($2.10 in chips) 
Dorex2007: posts small blind $0.01
Darek223: posts big blind $0.02
*** HOLE CARDS ***
Dealt to Dorex2007 [9s 6c]
doubled8ck: folds 
Bird Fenix 1887: folds 
SLIM-ANY2: folds 
zjanicek: folds 
voyvoydavik: folds 
Dorex2007: folds 
Uncalled bet ($0.01) returned to Darek223
Darek223 collected $0.02 from pot
Darek223: doesn't show hand 
*** SUMMARY ***
Total pot $0.02 | Rake $0 
Seat 1: Darek223 (big blind) collected ($0.02)
Seat 2: doubled8ck folded before Flop (didn't bet)
Seat 4: Bird Fenix 1887 folded before Flop (didn't bet)
Seat 5: SLIM-ANY2 folded before Flop (didn't bet)
Seat 6: zjanicek folded before Flop (didn't bet)
Seat 7: voyvoydavik (button) folded before Flop (didn't bet)
Seat 9: Dorex2007 (small blind) folded before Flop



PokerStars Hand #223700534315:  Hold'em No Limit ($0.01/$0.02 USD) - 2021/02/11 14:52:52 PT [2021/02/11 17:52:52 ET]
Table 'Bellona II' 9-max Seat #9 is the button
Seat 1: Darek223 ($0.66 in chips) 
Seat 2: doubled8ck ($2.77 in chips) 
Seat 4: Bird Fenix 1887 ($2.46 in chips) 
Seat 5: SLIM-ANY2 ($2.87 in chips) 
Seat 6: zjanicek ($0.88 in chips) 
Seat 7: voyvoydavik ($6.20 in chips) 
Seat 9: Dorex2007 ($2.09 in chips) 
Darek223: posts small blind $0.01
doubled8ck: posts big blind $0.02
*** HOLE CARDS ***
Dealt to Dorex2007 [6d 7s]
Bird Fenix 1887: folds 
SLIM-ANY2: folds 
zjanicek: folds 
voyvoydavik: raises $0.03 to $0.05
Dorex2007: folds 
Darek223: calls $0.04
doubled8ck: folds 
*** FLOP *** [9d 3s Jc]
Darek223: bets $0.02
voyvoydavik: calls $0.02
*** TURN *** [9d 3s Jc] [Ah]
Darek223: bets $0.06
voyvoydavik: calls $0.06
*** RIVER *** [9d 3s Jc Ah] [4d]
Darek223: bets $0.02
voyvoydavik: raises $0.20 to $0.22
Darek223: calls $0.20
*** SHOW DOWN ***
voyvoydavik: shows [Qs As] (a pair of Aces)
Darek223: mucks hand 
voyvoydavik collected $0.69 from pot
*** SUMMARY ***
Total pot $0.72 | Rake $0.03 
Board [9d 3s Jc Ah 4d]
Seat 1: Darek223 (small blind) mucked [Qh 9c]
Seat 2: doubled8ck (big blind) folded before Flop
Seat 4: Bird Fenix 1887 folded before Flop (didn't bet)
Seat 5: SLIM-ANY2 folded before Flop (didn't bet)
Seat 6: zjanicek folded before Flop (didn't bet)
Seat 7: voyvoydavik showed [Qs As] and won ($0.69) with a pair of Aces
Seat 9: Dorex2007 (button) folded before Flop (didn't bet)



PokerStars Hand #223700565857:  Hold'em No Limit ($0.01/$0.02 USD) - 2021/02/11 14:53:41 PT [2021/02/11 17:53:41 ET]
Table 'Bellona II' 9-max Seat #1 is the button
Seat 1: Darek223 ($0.31 in chips) 
Seat 2: doubled8ck ($2.75 in chips) 
Seat 4: Bird Fenix 1887 ($2.46 in chips) 
Seat 5: SLIM-ANY2 ($2.87 in chips) 
Seat 6: zjanicek ($0.88 in chips) 
Seat 7: voyvoydavik ($6.54 in chips) 
Seat 9: Dorex2007 ($2.09 in chips) 
doubled8ck: posts small blind $0.01
Bird Fenix 1887: posts big blind $0.02
*** HOLE CARDS ***
Dealt to Dorex2007 [9h 4h]
SLIM-ANY2: folds 
zjanicek: folds 
voyvoydavik: folds 
Dorex2007: folds 
Darek223: folds 
doubled8ck: folds 
Uncalled bet ($0.01) returned to Bird Fenix 1887
Bird Fenix 1887 collected $0.02 from pot
Bird Fenix 1887: doesn't show hand 
*** SUMMARY ***
Total pot $0.02 | Rake $0 
Seat 1: Darek223 (button) folded before Flop (didn't bet)
Seat 2: doubled8ck (small blind) folded before Flop
Seat 4: Bird Fenix 1887 (big blind) collected ($0.02)
Seat 5: SLIM-ANY2 folded before Flop (didn't bet)
Seat 6: zjanicek folded before Flop (didn't bet)
Seat 7: voyvoydavik folded before Flop (didn't bet)
Seat 9: Dorex2007 folded before Flop (didn't bet)



PokerStars Hand #223700583125:  Hold'em No Limit ($0.01/$0.02 USD) - 2021/02/11 14:53:55 PT [2021/02/11 17:53:55 ET]
Table 'Bellona II' 9-max Seat #2 is the button
Seat 1: Darek223 ($0.31 in chips) 
Seat 2: doubled8ck ($2.74 in chips) 
Seat 4: Bird Fenix 1887 ($2.47 in chips) 
Seat 5: SLIM-ANY2 ($2.87 in chips) 
Seat 6: zjanicek ($0.88 in chips) 
Seat 7: voyvoydavik ($6.54 in chips) 
Seat 9: Dorex2007 ($2.09 in chips) 
Bird Fenix 1887: posts small blind $0.01
SLIM-ANY2: posts big blind $0.02
*** HOLE CARDS ***
Dealt to Dorex2007 [Td 4h]
zjanicek: folds 
voyvoydavik: folds 
Dorex2007: folds 
Darek223: folds 
doubled8ck: raises $0.03 to $0.05
Bird Fenix 1887: folds 
SLIM-ANY2: folds 
Uncalled bet ($0.03) returned to doubled8ck
doubled8ck collected $0.05 from pot
*** SUMMARY ***
Total pot $0.05 | Rake $0 
Seat 1: Darek223 folded before Flop (didn't bet)
Seat 2: doubled8ck (button) collected ($0.05)
Seat 4: Bird Fenix 1887 (small blind) folded before Flop
Seat 5: SLIM-ANY2 (big blind) folded before Flop
Seat 6: zjanicek folded before Flop (didn't bet)
Seat 7: voyvoydavik folded before Flop (didn't bet)
Seat 9: Dorex2007 folded before Flop (didn't bet)



PokerStars Hand #223700591293:  Hold'em No Limit ($0.01/$0.02 USD) - 2021/02/11 14:54:08 PT [2021/02/11 17:54:08 ET]
Table 'Bellona II' 9-max Seat #4 is the button
Seat 1: Darek223 ($0.31 in chips) 
Seat 2: doubled8ck ($2.77 in chips) 
Seat 4: Bird Fenix 1887 ($2.46 in chips) 
Seat 5: SLIM-ANY2 ($2.85 in chips) 
Seat 6: zjanicek ($0.88 in chips) 
Seat 7: voyvoydavik ($6.54 in chips) 
Seat 9: Dorex2007 ($2.09 in chips) 
SLIM-ANY2: posts small blind $0.01
zjanicek: posts big blind $0.02
*** HOLE CARDS ***
Dealt to Dorex2007 [5d 7s]
voyvoydavik: folds 
Dorex2007: folds 
Darek223: folds 
doubled8ck: folds 
Bird Fenix 1887: folds 
SLIM-ANY2: calls $0.01
zjanicek: checks 
*** FLOP *** [2c 2s 4s]
SLIM-ANY2: checks 
zjanicek: bets $0.04
SLIM-ANY2: folds 
Uncalled bet ($0.04) returned to zjanicek
zjanicek collected $0.04 from pot
zjanicek: doesn't show hand 
*** SUMMARY ***
Total pot $0.04 | Rake $0 
Board [2c 2s 4s]
Seat 1: Darek223 folded before Flop (didn't bet)
Seat 2: doubled8ck folded before Flop (didn't bet)
Seat 4: Bird Fenix 1887 (button) folded before Flop (didn't bet)
Seat 5: SLIM-ANY2 (small blind) folded on the Flop
Seat 6: zjanicek (big blind) collected ($0.04)
Seat 7: voyvoydavik folded before Flop (didn't bet)
Seat 9: Dorex2007 folded before Flop (didn't bet)



PokerStars Hand #223700607829:  Hold'em No Limit ($0.01/$0.02 USD) - 2021/02/11 14:54:34 PT [2021/02/11 17:54:34 ET]
Table 'Bellona II' 9-max Seat #5 is the button
Seat 1: Darek223 ($0.31 in chips) 
Seat 2: doubled8ck ($2.77 in chips) 
Seat 4: Bird Fenix 1887 ($2.46 in chips) 
Seat 5: SLIM-ANY2 ($2.83 in chips) 
Seat 6: zjanicek ($0.90 in chips) 
Seat 7: voyvoydavik ($6.54 in chips) 
Seat 9: Dorex2007 ($2.09 in chips) 
zjanicek: posts small blind $0.01
voyvoydavik: posts big blind $0.02
*** HOLE CARDS ***
Dealt to Dorex2007 [Ts 6c]
Dorex2007: folds 
Darek223: folds 
doubled8ck: folds 
Bird Fenix 1887: calls $0.02
SLIM-ANY2: folds 
zjanicek: calls $0.01
voyvoydavik: checks 
*** FLOP *** [2c 9d 7h]
zjanicek: bets $0.06
voyvoydavik: folds 
Bird Fenix 1887: folds 
Uncalled bet ($0.06) returned to zjanicek
zjanicek collected $0.06 from pot
zjanicek: doesn't show hand 
*** SUMMARY ***
Total pot $0.06 | Rake $0 
Board [2c 9d 7h]
Seat 1: Darek223 folded before Flop (didn't bet)
Seat 2: doubled8ck folded before Flop (didn't bet)
Seat 4: Bird Fenix 1887 folded on the Flop
Seat 5: SLIM-ANY2 (button) folded before Flop (didn't bet)
Seat 6: zjanicek (small blind) collected ($0.06)
Seat 7: voyvoydavik (big blind) folded on the Flop
Seat 9: Dorex2007 folded before Flop (didn't bet)



PokerStars Hand #223700624549:  Hold'em No Limit ($0.01/$0.02 USD) - 2021/02/11 14:55:01 PT [2021/02/11 17:55:01 ET]
Table 'Bellona II' 9-max Seat #6 is the button
Seat 1: Darek223 ($0.31 in chips) 
Seat 2: doubled8ck ($2.77 in chips) 
Seat 4: Bird Fenix 1887 ($2.44 in chips) 
Seat 5: SLIM-ANY2 ($2.83 in chips) 
Seat 6: zjanicek ($0.94 in chips) 
Seat 7: voyvoydavik ($6.52 in chips) 
Seat 9: Dorex2007 ($2.09 in chips) 
voyvoydavik: posts small blind $0.01
Dorex2007: posts big blind $0.02
*** HOLE CARDS ***
Dealt to Dorex2007 [Qc 2s]
Darek223: calls $0.02
doubled8ck: folds 
Bird Fenix 1887: calls $0.02
SLIM-ANY2: folds 
zjanicek: folds 
voyvoydavik: folds 
Dorex2007: checks 
*** FLOP *** [6s 7s Ac]
Dorex2007: checks 
Darek223: bets $0.04
Bird Fenix 1887: calls $0.04
Dorex2007: folds 
*** TURN *** [6s 7s Ac] [Th]
Darek223: bets $0.08
Bird Fenix 1887: calls $0.08
*** RIVER *** [6s 7s Ac Th] [5s]
Darek223: bets $0.06
Bird Fenix 1887: calls $0.06
*** SHOW DOWN ***
Darek223: shows [7c As] (two pair, Aces and Sevens)
Bird Fenix 1887: mucks hand 
Darek223 collected $0.41 from pot
*** SUMMARY ***
Total pot $0.43 | Rake $0.02 
Board [6s 7s Ac Th 5s]
Seat 1: Darek223 showed [7c As] and won ($0.41) with two pair, Aces and Sevens
Seat 2: doubled8ck folded before Flop (didn't bet)
Seat 4: Bird Fenix 1887 mucked [6h 8h]
Seat 5: SLIM-ANY2 folded before Flop (didn't bet)
Seat 6: zjanicek (button) folded before Flop (didn't bet)
Seat 7: voyvoydavik (small blind) folded before Flop
Seat 9: Dorex2007 (big blind) folded on the Flop



PokerStars Hand #223700646081:  Hold'em No Limit ($0.01/$0.02 USD) - 2021/02/11 14:55:47 PT [2021/02/11 17:55:47 ET]
Table 'Bellona II' 9-max Seat #7 is the button
Seat 1: Darek223 ($0.52 in chips) 
Seat 2: doubled8ck ($2.77 in chips) 
Seat 4: Bird Fenix 1887 ($2.24 in chips) 
Seat 5: SLIM-ANY2 ($2.83 in chips) 
Seat 6: zjanicek ($0.94 in chips) 
Seat 7: voyvoydavik ($6.51 in chips) 
Seat 9: Dorex2007 ($2.07 in chips) 
Dorex2007: posts small blind $0.01
Darek223: posts big blind $0.02
*** HOLE CARDS ***
Dealt to Dorex2007 [Kh Th]
doubled8ck: folds 
Bird Fenix 1887: calls $0.02
SLIM-ANY2: folds 
zjanicek: folds 
voyvoydavik: folds 
Dorex2007: raises $0.02 to $0.04
Darek223: calls $0.02
Bird Fenix 1887: calls $0.02
*** FLOP *** [Qh 9h Ad]
Dorex2007: bets $0.12
Darek223: folds 
Bird Fenix 1887: calls $0.12
*** TURN *** [Qh 9h Ad] [6c]
Dorex2007: checks 
Bird Fenix 1887: checks 
*** RIVER *** [Qh 9h Ad 6c] [8d]
Dorex2007: bets $0.18
Bird Fenix 1887: calls $0.18
*** SHOW DOWN ***
Dorex2007: shows [Kh Th] (high card Ace)
Bird Fenix 1887: shows [8h Js] (a pair of Eights)
Bird Fenix 1887 collected $0.69 from pot
*** SUMMARY ***
Total pot $0.72 | Rake $0.03 
Board [Qh 9h Ad 6c 8d]
Seat 1: Darek223 (big blind) folded on the Flop
Seat 2: doubled8ck folded before Flop (didn't bet)
Seat 4: Bird Fenix 1887 showed [8h Js] and won ($0.69) with a pair of Eights
Seat 5: SLIM-ANY2 folded before Flop (didn't bet)
Seat 6: zjanicek folded before Flop (didn't bet)
Seat 7: voyvoydavik (button) folded before Flop (didn't bet)
Seat 9: Dorex2007 (small blind) showed [Kh Th] and lost with high card Ace



PokerStars Hand #223700665767:  Hold'em No Limit ($0.01/$0.02 USD) - 2021/02/11 14:56:30 PT [2021/02/11 17:56:30 ET]
Table 'Bellona II' 9-max Seat #9 is the button
Seat 1: Darek223 ($0.48 in chips) 
Seat 2: doubled8ck ($2.77 in chips) 
Seat 4: Bird Fenix 1887 ($2.59 in chips) 
Seat 5: SLIM-ANY2 ($2.83 in chips) 
Seat 6: zjanicek ($0.94 in chips) 
Seat 7: voyvoydavik ($6.51 in chips) 
Seat 9: Dorex2007 ($1.73 in chips) 
Darek223: posts small blind $0.01
doubled8ck: posts big blind $0.02
*** HOLE CARDS ***
Dealt to Dorex2007 [6s Kd]
Bird Fenix 1887: calls $0.02
SLIM-ANY2: folds 
zjanicek: folds 
voyvoydavik: folds 
Dorex2007: folds 
Darek223: folds 
doubled8ck: checks 
*** FLOP *** [7h Qc As]
doubled8ck: checks 
Bird Fenix 1887: checks 
*** TURN *** [7h Qc As] [Ad]
doubled8ck: checks 
Bird Fenix 1887: checks 
*** RIVER *** [7h Qc As Ad] [3d]
doubled8ck: checks 
Bird Fenix 1887: checks 
*** SHOW DOWN ***
doubled8ck: shows [5s 3c] (two pair, Aces and Threes)
Bird Fenix 1887: shows [7c 8c] (two pair, Aces and Sevens)
Bird Fenix 1887 collected $0.05 from pot
*** SUMMARY ***
Total pot $0.05 | Rake $0 
Board [7h Qc As Ad 3d]
Seat 1: Darek223 (small blind) folded before Flop
Seat 2: doubled8ck (big blind) showed [5s 3c] and lost with two pair, Aces and Threes
Seat 4: Bird Fenix 1887 showed [7c 8c] and won ($0.05) with two pair, Aces and Sevens
Seat 5: SLIM-ANY2 folded before Flop (didn't bet)
Seat 6: zjanicek folded before Flop (didn't bet)
Seat 7: voyvoydavik folded before Flop (didn't bet)
Seat 9: Dorex2007 (button) folded before Flop (didn't bet)



PokerStars Hand #223700675555:  Hold'em No Limit ($0.01/$0.02 USD) - 2021/02/11 14:56:52 PT [2021/02/11 17:56:52 ET]
Table 'Bellona II' 9-max Seat #1 is the button
Seat 1: Darek223 ($0.47 in chips) 
Seat 2: doubled8ck ($2.75 in chips) 
Seat 4: Bird Fenix 1887 ($2.62 in chips) 
Seat 5: SLIM-ANY2 ($2.83 in chips) 
Seat 6: zjanicek ($0.94 in chips) 
Seat 7: voyvoydavik ($6.51 in chips) 
Seat 9: Dorex2007 ($1.73 in chips) 
doubled8ck: posts small blind $0.01
Bird Fenix 1887: posts big blind $0.02
*** HOLE CARDS ***
Dealt to Dorex2007 [7h Th]
SLIM-ANY2: folds 
zjanicek: folds 
voyvoydavik: folds 
Dorex2007: folds 
Darek223: calls $0.02
doubled8ck: folds 
Bird Fenix 1887: checks 
*** FLOP *** [5c 5d 4h]
Bird Fenix 1887: checks 
Darek223: checks 
*** TURN *** [5c 5d 4h] [Qs]
Bird Fenix 1887: checks 
Darek223: checks 
*** RIVER *** [5c 5d 4h Qs] [3s]
Bird Fenix 1887: checks 
Darek223: bets $0.06
Bird Fenix 1887: folds 
Uncalled bet ($0.06) returned to Darek223
Darek223 collected $0.05 from pot
Darek223: doesn't show hand 
*** SUMMARY ***
Total pot $0.05 | Rake $0 
Board [5c 5d 4h Qs 3s]
Seat 1: Darek223 (button) collected ($0.05)
Seat 2: doubled8ck (small blind) folded before Flop
Seat 4: Bird Fenix 1887 (big blind) folded on the River
Seat 5: SLIM-ANY2 folded before Flop (didn't bet)
Seat 6: zjanicek folded before Flop (didn't bet)
Seat 7: voyvoydavik folded before Flop (didn't bet)
Seat 9: Dorex2007 folded before Flop (didn't bet)



PokerStars Hand #223700692922:  Hold'em No Limit ($0.01/$0.02 USD) - 2021/02/11 14:57:29 PT [2021/02/11 17:57:29 ET]
Table 'Bellona II' 9-max Seat #2 is the button
Seat 2: doubled8ck ($2.74 in chips) 
Seat 4: Bird Fenix 1887 ($2.60 in chips) 
Seat 5: SLIM-ANY2 ($2.83 in chips) 
Seat 6: zjanicek ($0.94 in chips) 
Seat 7: voyvoydavik ($6.51 in chips) 
Seat 9: Dorex2007 ($1.73 in chips) 
Bird Fenix 1887: posts small blind $0.01
SLIM-ANY2: posts big blind $0.02
*** HOLE CARDS ***
Dealt to Dorex2007 [9h Tc]
zjanicek: folds 
voyvoydavik: raises $0.02 to $0.04
Dorex2007: folds 
doubled8ck: folds 
Bird Fenix 1887: folds 
SLIM-ANY2: calls $0.02
*** FLOP *** [Qd 8d Ac]
SLIM-ANY2: checks 
voyvoydavik: checks 
*** TURN *** [Qd 8d Ac] [5s]
Bird Fenix 1887 leaves the table
SLIM-ANY2: checks 
voyvoydavik: bets $0.02
SLIM-ANY2: calls $0.02
*** RIVER *** [Qd 8d Ac 5s] [Js]
SLIM-ANY2: checks 
voyvoydavik: checks 
*** SHOW DOWN ***
SLIM-ANY2: shows [6d 9c] (high card Ace)
voyvoydavik: mucks hand 
SLIM-ANY2 collected $0.13 from pot
*** SUMMARY ***
Total pot $0.13 | Rake $0 
Board [Qd 8d Ac 5s Js]
Seat 2: doubled8ck (button) folded before Flop (didn't bet)
Seat 4: Bird Fenix 1887 (small blind) folded before Flop
Seat 5: SLIM-ANY2 (big blind) showed [6d 9c] and won ($0.13) with high card Ace
Seat 6: zjanicek folded before Flop (didn't bet)
Seat 7: voyvoydavik mucked [2s 3s]
Seat 9: Dorex2007 folded before Flop (didn't bet)



PokerStars Hand #223700712220:  Hold'em No Limit ($0.01/$0.02 USD) - 2021/02/11 14:58:11 PT [2021/02/11 17:58:11 ET]
Table 'Bellona II' 9-max Seat #5 is the button
Seat 2: doubled8ck ($2.74 in chips) 
Seat 5: SLIM-ANY2 ($2.90 in chips) 
Seat 6: zjanicek ($0.94 in chips) 
Seat 7: voyvoydavik ($6.45 in chips) 
Seat 9: Dorex2007 ($1.73 in chips) 
zjanicek: posts small blind $0.01
voyvoydavik: posts big blind $0.02
*** HOLE CARDS ***
Dealt to Dorex2007 [5h 6h]
Dorex2007: calls $0.02
doubled8ck: folds 
criatura-AG joins the table at seat #4 
SLIM-ANY2: folds 
zjanicek: folds 
voyvoydavik: checks 
*** FLOP *** [7h 5d Ah]
voyvoydavik: checks 
Dorex2007: bets $0.05
voyvoydavik: folds 
Uncalled bet ($0.05) returned to Dorex2007
Dorex2007 collected $0.05 from pot
Dorex2007: doesn't show hand 
*** SUMMARY ***
Total pot $0.05 | Rake $0 
Board [7h 5d Ah]
Seat 2: doubled8ck folded before Flop (didn't bet)
Seat 5: SLIM-ANY2 (button) folded before Flop (didn't bet)
Seat 6: zjanicek (small blind) folded before Flop
Seat 7: voyvoydavik (big blind) folded on the Flop
Seat 9: Dorex2007 collected ($0.05)



PokerStars Hand #223700721893:  Hold'em No Limit ($0.01/$0.02 USD) - 2021/02/11 14:58:32 PT [2021/02/11 17:58:32 ET]
Table 'Bellona II' 9-max Seat #6 is the button
Seat 2: doubled8ck ($2.74 in chips) 
Seat 4: criatura-AG ($0.80 in chips) 
Seat 5: SLIM-ANY2 ($2.90 in chips) 
Seat 6: zjanicek ($0.93 in chips) 
Seat 7: voyvoydavik ($6.43 in chips) 
Seat 9: Dorex2007 ($1.76 in chips) 
voyvoydavik: posts small blind $0.01
Dorex2007: posts big blind $0.02
criatura-AG: posts big blind $0.02
*** HOLE CARDS ***
Dealt to Dorex2007 [8c 2d]
doubled8ck: folds 
Narjan442 was removed from the table for failing to post
Narjan442 leaves the table
criatura-AG: checks 
SLIM-ANY2: folds 
zjanicek: folds 
voyvoydavik: raises $0.04 to $0.06
Dorex2007: folds 
criatura-AG: calls $0.04
*** FLOP *** [5d 4c 4s]
voyvoydavik: checks 
criatura-AG: checks 
*** TURN *** [5d 4c 4s] [8h]
voyvoydavik: checks 
criatura-AG: checks 
*** RIVER *** [5d 4c 4s 8h] [Kh]
voyvoydavik: checks 
criatura-AG: checks 
*** SHOW DOWN ***
voyvoydavik: shows [Ad 9c] (a pair of Fours)
criatura-AG: shows [Ts Tc] (two pair, Tens and Fours)
criatura-AG collected $0.14 from pot
*** SUMMARY ***
Total pot $0.14 | Rake $0 
Board [5d 4c 4s 8h Kh]
Seat 2: doubled8ck folded before Flop (didn't bet)
Seat 4: criatura-AG showed [Ts Tc] and won ($0.14) with two pair, Tens and Fours
Seat 5: SLIM-ANY2 folded before Flop (didn't bet)
Seat 6: zjanicek (button) folded before Flop (didn't bet)
Seat 7: voyvoydavik (small blind) showed [Ad 9c] and lost with a pair of Fours
Seat 9: Dorex2007 (big blind) folded before Flop



PokerStars Hand #223700743734:  Hold'em No Limit ($0.01/$0.02 USD) - 2021/02/11 14:59:20 PT [2021/02/11 17:59:20 ET]
Table 'Bellona II' 9-max Seat #7 is the button
Seat 1: Darek223 ($0.50 in chips) 
Seat 2: doubled8ck ($2.74 in chips) 
Seat 4: criatura-AG ($0.88 in chips) 
Seat 5: SLIM-ANY2 ($2.90 in chips) 
Seat 6: zjanicek ($0.93 in chips) 
Seat 7: voyvoydavik ($6.37 in chips) 
Seat 9: Dorex2007 ($1.74 in chips) 
Dorex2007: posts small blind $0.01
Darek223: posts big blind $0.02
*** HOLE CARDS ***
Dealt to Dorex2007 [Qs 2c]
doubled8ck: folds 
criatura-AG: calls $0.02
SLIM-ANY2: folds 
zjanicek: folds 
voyvoydavik: raises $0.02 to $0.04
Dorex2007: folds 
Darek223: folds 
criatura-AG: calls $0.02
*** FLOP *** [4d Ah 7c]
criatura-AG: checks 
voyvoydavik: bets $0.11
hugehyphyaids was removed from the table for failing to post
hugehyphyaids leaves the table
criatura-AG: folds 
Uncalled bet ($0.11) returned to voyvoydavik
voyvoydavik collected $0.11 from pot
voyvoydavik: doesn't show hand 
*** SUMMARY ***
Total pot $0.11 | Rake $0 
Board [4d Ah 7c]
Seat 1: Darek223 (big blind) folded before Flop
Seat 2: doubled8ck folded before Flop (didn't bet)
Seat 4: criatura-AG folded on the Flop
Seat 5: SLIM-ANY2 folded before Flop (didn't bet)
Seat 6: zjanicek folded before Flop (didn't bet)
Seat 7: voyvoydavik (button) collected ($0.11)
Seat 9: Dorex2007 (small blind) folded before Flop



PokerStars Hand #223700775905:  Hold'em No Limit ($0.01/$0.02 USD) - 2021/02/11 15:00:27 PT [2021/02/11 18:00:27 ET]
Table 'Bellona II' 9-max Seat #9 is the button
Seat 1: Darek223 ($0.48 in chips) 
Seat 2: doubled8ck ($2.74 in chips) 
Seat 4: criatura-AG ($0.84 in chips) 
Seat 5: SLIM-ANY2 ($2.90 in chips) 
Seat 6: zjanicek ($0.93 in chips) 
Seat 7: voyvoydavik ($6.44 in chips) 
Seat 9: Dorex2007 ($1.73 in chips) 
Darek223: posts small blind $0.01
doubled8ck: posts big blind $0.02
*** HOLE CARDS ***
Dealt to Dorex2007 [6s 8d]
criatura-AG: folds 
SLIM-ANY2: folds 
zjanicek: folds 
voyvoydavik: folds 
Dorex2007: folds 
Darek223: raises $0.02 to $0.04
doubled8ck: folds 
Uncalled bet ($0.02) returned to Darek223
Darek223 collected $0.04 from pot
Darek223: doesn't show hand 
*** SUMMARY ***
Total pot $0.04 | Rake $0 
Seat 1: Darek223 (small blind) collected ($0.04)
Seat 2: doubled8ck (big blind) folded before Flop
Seat 4: criatura-AG folded before Flop (didn't bet)
Seat 5: SLIM-ANY2 folded before Flop (didn't bet)
Seat 6: zjanicek folded before Flop (didn't bet)
Seat 7: voyvoydavik folded before Flop (didn't bet)
Seat 9: Dorex2007 (button) folded before Flop (didn't bet)



PokerStars Hand #223700783702:  Hold'em No Limit ($0.01/$0.02 USD) - 2021/02/11 15:00:42 PT [2021/02/11 18:00:42 ET]
Table 'Bellona II' 9-max Seat #1 is the button
Seat 1: Darek223 ($0.50 in chips) 
Seat 2: doubled8ck ($2.72 in chips) 
Seat 4: criatura-AG ($0.84 in chips) 
Seat 5: SLIM-ANY2 ($2.90 in chips) 
Seat 6: zjanicek ($0.93 in chips) 
Seat 7: voyvoydavik ($6.44 in chips) 
Seat 9: Dorex2007 ($1.73 in chips) 
doubled8ck: posts small blind $0.01
criatura-AG: posts big blind $0.02
*** HOLE CARDS ***
Dealt to Dorex2007 [3h Th]
SLIM-ANY2: raises $0.04 to $0.06
zjanicek: calls $0.06
voyvoydavik: folds 
Dorex2007: folds 
Darek223: folds 
doubled8ck: folds 
criatura-AG: folds 
*** FLOP *** [8h 9s Ts]
SLIM-ANY2: checks 
zjanicek: bets $0.12
SLIM-ANY2: calls $0.12
*** TURN *** [8h 9s Ts] [Kc]
SLIM-ANY2: checks 
zjanicek: bets $0.23
SLIM-ANY2: raises $0.86 to $1.09
saksager24 joins the table at seat #3 
zjanicek: calls $0.52 and is all-in
Uncalled bet ($0.34) returned to SLIM-ANY2
*** RIVER *** [8h 9s Ts Kc] [7s]
*** SHOW DOWN ***
SLIM-ANY2: shows [Ac As] (a pair of Aces)
zjanicek: shows [Td 9d] (two pair, Tens and Nines)
zjanicek collected $1.82 from pot
*** SUMMARY ***
Total pot $1.89 | Rake $0.07 
Board [8h 9s Ts Kc 7s]
Seat 1: Darek223 (button) folded before Flop (didn't bet)
Seat 2: doubled8ck (small blind) folded before Flop
Seat 4: criatura-AG (big blind) folded before Flop
Seat 5: SLIM-ANY2 showed [Ac As] and lost with a pair of Aces
Seat 6: zjanicek showed [Td 9d] and won ($1.82) with two pair, Tens and Nines
Seat 7: voyvoydavik folded before Flop (didn't bet)
Seat 9: Dorex2007 folded before Flop (didn't bet)



PokerStars Hand #223700813385:  Hold'em No Limit ($0.01/$0.02 USD) - 2021/02/11 15:01:38 PT [2021/02/11 18:01:38 ET]
Table 'Bellona II' 9-max Seat #2 is the button
Seat 1: Darek223 ($0.50 in chips) 
Seat 2: doubled8ck ($2.71 in chips) 
Seat 4: criatura-AG ($0.82 in chips) 
Seat 5: SLIM-ANY2 ($1.97 in chips) 
Seat 6: zjanicek ($1.82 in chips) 
Seat 7: voyvoydavik ($6.44 in chips) 
Seat 9: Dorex2007 ($1.73 in chips) 
criatura-AG: posts small blind $0.01
SLIM-ANY2: posts big blind $0.02
*** HOLE CARDS ***
Dealt to Dorex2007 [8d Td]
zjanicek: folds 
voyvoydavik: folds 
Dorex2007: folds 
Darek223: folds 
doubled8ck: raises $0.03 to $0.05
criatura-AG: calls $0.04
SLIM-ANY2: folds 
*** FLOP *** [Qc 4h 2s]
criatura-AG: checks 
doubled8ck: bets $0.06
criatura-AG: calls $0.06
*** TURN *** [Qc 4h 2s] [5h]
zjanicek said, "bleeee"
criatura-AG: checks 
doubled8ck: checks 
*** RIVER *** [Qc 4h 2s 5h] [8c]
criatura-AG: checks 
doubled8ck: checks 
*** SHOW DOWN ***
criatura-AG: shows [Kd Qd] (a pair of Queens)
doubled8ck: mucks hand 
criatura-AG collected $0.23 from pot
*** SUMMARY ***
Total pot $0.24 | Rake $0.01 
Board [Qc 4h 2s 5h 8c]
Seat 1: Darek223 folded before Flop (didn't bet)
Seat 2: doubled8ck (button) mucked [5d 6s]
Seat 4: criatura-AG (small blind) showed [Kd Qd] and won ($0.23) with a pair of Queens
Seat 5: SLIM-ANY2 (big blind) folded before Flop
Seat 6: zjanicek folded before Flop (didn't bet)
Seat 7: voyvoydavik folded before Flop (didn't bet)
Seat 9: Dorex2007 folded before Flop (didn't bet)



PokerStars Hand #223700843936:  Hold'em No Limit ($0.01/$0.02 USD) - 2021/02/11 15:02:29 PT [2021/02/11 18:02:29 ET]
Table 'Bellona II' 9-max Seat #4 is the button
Seat 1: Darek223 ($0.50 in chips) 
Seat 2: doubled8ck ($2.60 in chips) 
Seat 3: saksager24 ($1.60 in chips) 
Seat 4: criatura-AG ($0.94 in chips) 
Seat 5: SLIM-ANY2 ($2 in chips) 
Seat 6: zjanicek ($1.82 in chips) 
Seat 7: voyvoydavik ($6.44 in chips) 
Seat 9: Dorex2007 ($1.73 in chips) 
SLIM-ANY2: posts small blind $0.01
zjanicek: posts big blind $0.02
saksager24: posts big blind $0.02
*** HOLE CARDS ***
Dealt to Dorex2007 [2s 7d]
Apostol108 joins the table at seat #8 
voyvoydavik: folds 
Dorex2007: folds 
Darek223: calls $0.02
doubled8ck: folds 
saksager24: checks 
criatura-AG: folds 
SLIM-ANY2: folds 
zjanicek: checks 
*** FLOP *** [Js Kc Tc]
zjanicek: checks 
Darek223: checks 
saksager24: checks 
*** TURN *** [Js Kc Tc] [7h]
zjanicek: checks 
Darek223: checks 
saksager24: checks 
*** RIVER *** [Js Kc Tc 7h] [Kh]
zjanicek: checks 
Darek223: checks 
saksager24: checks 
*** SHOW DOWN ***
zjanicek: shows [7c 5h] (two pair, Kings and Sevens)
Darek223: mucks hand 
saksager24: mucks hand 
zjanicek collected $0.07 from pot
*** SUMMARY ***
Total pot $0.07 | Rake $0 
Board [Js Kc Tc 7h Kh]
Seat 1: Darek223 mucked [2c Qc]
Seat 2: doubled8ck folded before Flop (didn't bet)
Seat 3: saksager24 mucked [3c 9d]
Seat 4: criatura-AG (button) folded before Flop (didn't bet)
Seat 5: SLIM-ANY2 (small blind) folded before Flop
Seat 6: zjanicek (big blind) showed [7c 5h] and won ($0.07) with two pair, Kings and Sevens
Seat 7: voyvoydavik folded before Flop (didn't bet)
Seat 9: Dorex2007 folded before Flop (didn't bet)



PokerStars Hand #223700869116:  Hold'em No Limit ($0.01/$0.02 USD) - 2021/02/11 15:03:10 PT [2021/02/11 18:03:10 ET]
Table 'Bellona II' 9-max Seat #5 is the button
Seat 1: Darek223 ($0.48 in chips) 
Seat 2: doubled8ck ($2.60 in chips) 
Seat 3: saksager24 ($1.58 in chips) 
Seat 4: criatura-AG ($0.94 in chips) 
Seat 5: SLIM-ANY2 ($1.99 in chips) 
Seat 6: zjanicek ($1.87 in chips) 
Seat 7: voyvoydavik ($6.44 in chips) 
Seat 9: Dorex2007 ($1.73 in chips) 
zjanicek: posts small blind $0.01
voyvoydavik: posts big blind $0.02
Apostol108: sits out 
*** HOLE CARDS ***
Dealt to Dorex2007 [2s 2c]
Dorex2007: calls $0.02
Darek223: folds 
doubled8ck: folds 
saksager24: raises $0.02 to $0.04
criatura-AG: folds 
SLIM-ANY2: calls $0.04
zjanicek: calls $0.03
voyvoydavik: folds 
Dorex2007: calls $0.02
*** FLOP *** [2h Ks 8c]
zjanicek: checks 
Dorex2007: checks 
saksager24: checks 
SLIM-ANY2: checks 
*** TURN *** [2h Ks 8c] [6d]
zjanicek: checks 
Dorex2007: checks 
saksager24: bets $0.09
SLIM-ANY2: folds 
zjanicek: folds 
Dorex2007: raises $0.09 to $0.18
saksager24: calls $0.09
*** RIVER *** [2h Ks 8c 6d] [Qh]
Dorex2007: bets $0.52
saksager24: folds 
Uncalled bet ($0.52) returned to Dorex2007
Dorex2007 collected $0.52 from pot
Dorex2007: doesn't show hand 
*** SUMMARY ***
Total pot $0.54 | Rake $0.02 
Board [2h Ks 8c 6d Qh]
Seat 1: Darek223 folded before Flop (didn't bet)
Seat 2: doubled8ck folded before Flop (didn't bet)
Seat 3: saksager24 folded on the River
Seat 4: criatura-AG folded before Flop (didn't bet)
Seat 5: SLIM-ANY2 (button) folded on the Turn
Seat 6: zjanicek (small blind) folded on the Turn
Seat 7: voyvoydavik (big blind) folded before Flop
Seat 9: Dorex2007 collected ($0.52)



PokerStars Hand #223700919485:  Hold'em No Limit ($0.01/$0.02 USD) - 2021/02/11 15:04:33 PT [2021/02/11 18:04:33 ET]
Table 'Bellona II' 9-max Seat #6 is the button
Seat 1: Darek223 ($0.48 in chips) 
Seat 2: doubled8ck ($2.60 in chips) 
Seat 3: saksager24 ($1.36 in chips) 
Seat 4: criatura-AG ($0.94 in chips) 
Seat 5: SLIM-ANY2 ($1.95 in chips) 
Seat 6: zjanicek ($1.83 in chips) 
Seat 7: voyvoydavik ($6.42 in chips) 
Seat 8: Apostol108 ($2 in chips) 
Seat 9: Dorex2007 ($2.03 in chips) 
voyvoydavik: posts small blind $0.01
Apostol108: posts big blind $0.02
*** HOLE CARDS ***
Dealt to Dorex2007 [Jh 8d]
Dorex2007: folds 
Darek223: calls $0.02
doubled8ck: folds 
saksager24: calls $0.02
criatura-AG: calls $0.02
SLIM-ANY2: folds 
zjanicek: folds 
voyvoydavik: folds 
Apostol108: checks 
*** FLOP *** [5d 7d 9d]
Apostol108: checks 
Darek223: checks 
saksager24: checks 
criatura-AG: checks 
*** TURN *** [5d 7d 9d] [7c]
Apostol108: checks 
Darek223: checks 
saksager24: checks 
criatura-AG: checks 
*** RIVER *** [5d 7d 9d 7c] [Js]
SLIM-ANY2 leaves the table
Apostol108: checks 
Darek223: bets $0.08
saksager24: folds 
criatura-AG: raises $0.08 to $0.16
Apostol108: folds 
Darek223: calls $0.08
*** SHOW DOWN ***
criatura-AG: shows [5c 5h] (a full house, Fives full of Sevens)
Darek223: mucks hand 
criatura-AG collected $0.40 from pot
*** SUMMARY ***
Total pot $0.41 | Rake $0.01 
Board [5d 7d 9d 7c Js]
Seat 1: Darek223 mucked [6h 7h]
Seat 2: doubled8ck folded before Flop (didn't bet)
Seat 3: saksager24 folded on the River
Seat 4: criatura-AG showed [5c 5h] and won ($0.40) with a full house, Fives full of Sevens
Seat 5: SLIM-ANY2 folded before Flop (didn't bet)
Seat 6: zjanicek (button) folded before Flop (didn't bet)
Seat 7: voyvoydavik (small blind) folded before Flop
Seat 8: Apostol108 (big blind) folded on the River
Seat 9: Dorex2007 folded before Flop (didn't bet)



PokerStars Hand #223700959191:  Hold'em No Limit ($0.01/$0.02 USD) - 2021/02/11 15:05:38 PT [2021/02/11 18:05:38 ET]
Table 'Bellona II' 9-max Seat #7 is the button
Seat 1: Darek223 ($0.30 in chips) 
Seat 2: doubled8ck ($2.60 in chips) 
Seat 3: saksager24 ($1.34 in chips) 
Seat 4: criatura-AG ($1.16 in chips) 
Seat 6: zjanicek ($1.83 in chips) 
Seat 7: voyvoydavik ($6.41 in chips) 
Seat 8: Apostol108 ($2 in chips) 
Seat 9: Dorex2007 ($2.03 in chips) 
Apostol108: posts small blind $0.01
Dorex2007: posts big blind $0.02
*** HOLE CARDS ***
Dealt to Dorex2007 [7d Jc]
Darek223: folds 
doubled8ck: folds 
saksager24: folds 
criatura-AG: folds 
zjanicek: folds 
voyvoydavik: folds 
Apostol108: raises $0.02 to $0.04
Dorex2007: folds 
Uncalled bet ($0.02) returned to Apostol108
Apostol108 collected $0.04 from pot
Apostol108: doesn't show hand 
*** SUMMARY ***
Total pot $0.04 | Rake $0 
Seat 1: Darek223 folded before Flop (didn't bet)
Seat 2: doubled8ck folded before Flop (didn't bet)
Seat 3: saksager24 folded before Flop (didn't bet)
Seat 4: criatura-AG folded before Flop (didn't bet)
Seat 6: zjanicek folded before Flop (didn't bet)
Seat 7: voyvoydavik (button) folded before Flop (didn't bet)
Seat 8: Apostol108 (small blind) collected ($0.04)
Seat 9: Dorex2007 (big blind) folded before Flop



PokerStars Hand #223700977367:  Hold'em No Limit ($0.01/$0.02 USD) - 2021/02/11 15:06:08 PT [2021/02/11 18:06:08 ET]
Table 'Bellona II' 9-max Seat #8 is the button
Seat 1: Darek223 ($0.30 in chips) 
Seat 2: doubled8ck ($2.60 in chips) 
Seat 3: saksager24 ($1.34 in chips) 
Seat 4: criatura-AG ($1.16 in chips) 
Seat 6: zjanicek ($1.83 in chips) 
Seat 7: voyvoydavik ($6.41 in chips) 
Seat 8: Apostol108 ($2.02 in chips) 
Seat 9: Dorex2007 ($2.01 in chips) 
Dorex2007: posts small blind $0.01
Darek223: posts big blind $0.02
*** HOLE CARDS ***
Dealt to Dorex2007 [2d Qh]
StarBoY693 joins the table at seat #5 
doubled8ck: raises $0.06 to $0.08
saksager24: calls $0.08
criatura-AG: folds 
zjanicek: calls $0.08
voyvoydavik: calls $0.08
Apostol108: folds 
Dorex2007: folds 
Darek223: folds 
*** FLOP *** [Ad 3h Kc]
criatura-AG leaves the table
doubled8ck: checks 
saksager24: checks 
zjanicek: checks 
voyvoydavik: bets $0.17
doubled8ck: folds 
saksager24: folds 
zjanicek: folds 
Uncalled bet ($0.17) returned to voyvoydavik
voyvoydavik collected $0.34 from pot
voyvoydavik: doesn't show hand 
*** SUMMARY ***
Total pot $0.35 | Rake $0.01 
Board [Ad 3h Kc]
Seat 1: Darek223 (big blind) folded before Flop
Seat 2: doubled8ck folded on the Flop
Seat 3: saksager24 folded on the Flop
Seat 4: criatura-AG folded before Flop (didn't bet)
Seat 6: zjanicek folded on the Flop
Seat 7: voyvoydavik collected ($0.34)
Seat 8: Apostol108 (button) folded before Flop (didn't bet)
Seat 9: Dorex2007 (small blind) folded before Flop



PokerStars Hand #223701009594:  Hold'em No Limit ($0.01/$0.02 USD) - 2021/02/11 15:07:00 PT [2021/02/11 18:07:00 ET]
Table 'Bellona II' 9-max Seat #9 is the button
Seat 1: Darek223 ($0.28 in chips) 
Seat 2: doubled8ck ($2.52 in chips) 
Seat 3: saksager24 ($1.26 in chips) 
Seat 5: StarBoY693 ($1.44 in chips) 
Seat 6: zjanicek ($1.75 in chips) 
Seat 7: voyvoydavik ($6.67 in chips) 
Seat 8: Apostol108 ($2.02 in chips) 
Seat 9: Dorex2007 ($2 in chips) 
Darek223: posts small blind $0.01
doubled8ck: posts big blind $0.02
StarBoY693: posts big blind $0.02
*** HOLE CARDS ***
Dealt to Dorex2007 [2h 9d]
saksager24: calls $0.02
StarBoY693: checks 
zjanicek: folds 
voyvoydavik: raises $0.02 to $0.04
Apostol108: folds 
Dorex2007: folds 
Darek223: folds 
doubled8ck: folds 
saksager24: calls $0.02
StarBoY693: calls $0.02
*** FLOP *** [3s As 9c]
saksager24: checks 
StarBoY693: checks 
voyvoydavik: checks 
*** TURN *** [3s As 9c] [5s]
saksager24: bets $0.14
StarBoY693: folds 
voyvoydavik: folds 
Uncalled bet ($0.14) returned to saksager24
saksager24 collected $0.14 from pot
saksager24: doesn't show hand 
*** SUMMARY ***
Total pot $0.15 | Rake $0.01 
Board [3s As 9c 5s]
Seat 1: Darek223 (small blind) folded before Flop
Seat 2: doubled8ck (big blind) folded before Flop
Seat 3: saksager24 collected ($0.14)
Seat 5: StarBoY693 folded on the Turn
Seat 6: zjanicek folded before Flop (didn't bet)
Seat 7: voyvoydavik folded on the Turn
Seat 8: Apostol108 folded before Flop (didn't bet)
Seat 9: Dorex2007 (button) folded before Flop (didn't bet)



PokerStars Hand #223701050305:  Hold'em No Limit ($0.01/$0.02 USD) - 2021/02/11 15:07:52 PT [2021/02/11 18:07:52 ET]
Table 'Bellona II' 9-max Seat #1 is the button
Seat 1: Darek223 ($0.27 in chips) 
Seat 2: doubled8ck ($2.50 in chips) 
Seat 3: saksager24 ($1.36 in chips) 
Seat 5: StarBoY693 ($1.40 in chips) 
Seat 6: zjanicek ($1.75 in chips) 
Seat 7: voyvoydavik ($6.63 in chips) 
Seat 8: Apostol108 ($2.02 in chips) 
Seat 9: Dorex2007 ($2 in chips) 
doubled8ck: posts small blind $0.01
saksager24: posts big blind $0.02
*** HOLE CARDS ***
Dealt to Dorex2007 [5s 4c]
StarBoY693: calls $0.02
zjanicek: folds 
erlis82 joins the table at seat #4 
voyvoydavik: raises $0.02 to $0.04
Apostol108: folds 
Dorex2007: folds 
Darek223: folds 
doubled8ck: folds 
saksager24: raises $0.11 to $0.15
StarBoY693: calls $0.13
voyvoydavik: calls $0.11
*** FLOP *** [8d Qd 4d]
saksager24: checks 
StarBoY693: checks 
voyvoydavik: bets $0.22
saksager24: calls $0.22
StarBoY693: calls $0.22
*** TURN *** [8d Qd 4d] [6c]
saksager24: checks 
StarBoY693: checks 
voyvoydavik: checks 
*** RIVER *** [8d Qd 4d 6c] [As]
saksager24: bets $0.54
StarBoY693: folds 
Darek223 leaves the table
voyvoydavik: folds 
Uncalled bet ($0.54) returned to saksager24
saksager24 collected $1.08 from pot
saksager24: doesn't show hand 
*** SUMMARY ***
Total pot $1.12 | Rake $0.04 
Board [8d Qd 4d 6c As]
Seat 1: Darek223 (button) folded before Flop (didn't bet)
Seat 2: doubled8ck (small blind) folded before Flop
Seat 3: saksager24 (big blind) collected ($1.08)
Seat 5: StarBoY693 folded on the River
Seat 6: zjanicek folded before Flop (didn't bet)
Seat 7: voyvoydavik folded on the River
Seat 8: Apostol108 folded before Flop (didn't bet)
Seat 9: Dorex2007 folded before Flop (didn't bet)



PokerStars Hand #223701097928:  Hold'em No Limit ($0.01/$0.02 USD) - 2021/02/11 15:09:11 PT [2021/02/11 18:09:11 ET]
Table 'Bellona II' 9-max Seat #2 is the button
Seat 2: doubled8ck ($2.49 in chips) 
Seat 3: saksager24 ($2.07 in chips) 
Seat 4: erlis82 ($1.79 in chips) 
Seat 5: StarBoY693 ($1.03 in chips) 
Seat 6: zjanicek ($1.75 in chips) 
Seat 7: voyvoydavik ($6.26 in chips) 
Seat 8: Apostol108 ($2.02 in chips) 
Seat 9: Dorex2007 ($2 in chips) 
saksager24: posts small blind $0.01
erlis82: posts big blind $0.02
*** HOLE CARDS ***
Dealt to Dorex2007 [7h Qc]
StarBoY693: calls $0.02
zjanicek: folds 
voyvoydavik: folds 
Apostol108: folds 
Dorex2007: folds 
doubled8ck: folds 
saksager24: calls $0.01
erlis82: checks 
*** FLOP *** [Jc Ad Ac]
LaMiks82 joins the table at seat #1 
saksager24: checks 
erlis82: checks 
StarBoY693: checks 
*** TURN *** [Jc Ad Ac] [Qd]
saksager24: checks 
erlis82: checks 
StarBoY693: checks 
*** RIVER *** [Jc Ad Ac Qd] [8h]
saksager24: bets $0.18
erlis82: folds 
StarBoY693: folds 
Uncalled bet ($0.18) returned to saksager24
saksager24 collected $0.06 from pot
saksager24: doesn't show hand 
*** SUMMARY ***
Total pot $0.06 | Rake $0 
Board [Jc Ad Ac Qd 8h]
Seat 2: doubled8ck (button) folded before Flop (didn't bet)
Seat 3: saksager24 (small blind) collected ($0.06)
Seat 4: erlis82 (big blind) folded on the River
Seat 5: StarBoY693 folded on the River
Seat 6: zjanicek folded before Flop (didn't bet)
Seat 7: voyvoydavik folded before Flop (didn't bet)
Seat 8: Apostol108 folded before Flop (didn't bet)
Seat 9: Dorex2007 folded before Flop (didn't bet)



PokerStars Hand #223701122876:  Hold'em No Limit ($0.01/$0.02 USD) - 2021/02/11 15:09:52 PT [2021/02/11 18:09:52 ET]
Table 'Bellona II' 9-max Seat #3 is the button
Seat 1: LaMiks82 ($0.80 in chips) 
Seat 2: doubled8ck ($2.49 in chips) 
Seat 3: saksager24 ($2.11 in chips) 
Seat 4: erlis82 ($1.77 in chips) 
Seat 5: StarBoY693 ($1.01 in chips) 
Seat 6: zjanicek ($1.75 in chips) 
Seat 7: voyvoydavik ($6.26 in chips) 
Seat 8: Apostol108 ($2.02 in chips) 
Seat 9: Dorex2007 ($2 in chips) 
erlis82: posts small blind $0.01
StarBoY693: posts big blind $0.02
LaMiks82: posts big blind $0.02
*** HOLE CARDS ***
Dealt to Dorex2007 [4c 7c]
zjanicek: folds 
voyvoydavik: folds 
Apostol108: raises $0.04 to $0.06
Dorex2007: folds 
LaMiks82: calls $0.04
doubled8ck: folds 
saksager24: calls $0.06
erlis82: folds 
StarBoY693: folds 
*** FLOP *** [Tc 4s Ad]
Apostol108: bets $0.08
LaMiks82: folds 
saksager24: calls $0.08
*** TURN *** [Tc 4s Ad] [9h]
Apostol108: bets $0.18
saksager24: calls $0.18
*** RIVER *** [Tc 4s Ad 9h] [8h]
Apostol108: checks 
saksager24: checks 
*** SHOW DOWN ***
Apostol108: shows [Ac 9c] (two pair, Aces and Nines)
saksager24: mucks hand 
Apostol108 collected $0.70 from pot
*** SUMMARY ***
Total pot $0.73 | Rake $0.03 
Board [Tc 4s Ad 9h 8h]
Seat 1: LaMiks82 folded on the Flop
Seat 2: doubled8ck folded before Flop (didn't bet)
Seat 3: saksager24 (button) mucked [9s 7s]
Seat 4: erlis82 (small blind) folded before Flop
Seat 5: StarBoY693 (big blind) folded before Flop
Seat 6: zjanicek folded before Flop (didn't bet)
Seat 7: voyvoydavik folded before Flop (didn't bet)
Seat 8: Apostol108 showed [Ac 9c] and won ($0.70) with two pair, Aces and Nines
Seat 9: Dorex2007 folded before Flop (didn't bet)



PokerStars Hand #223701158483:  Hold'em No Limit ($0.01/$0.02 USD) - 2021/02/11 15:10:44 PT [2021/02/11 18:10:44 ET]
Table 'Bellona II' 9-max Seat #4 is the button
Seat 1: LaMiks82 ($0.74 in chips) 
Seat 2: doubled8ck ($2.49 in chips) 
Seat 3: saksager24 ($1.79 in chips) 
Seat 4: erlis82 ($1.76 in chips) 
Seat 5: StarBoY693 ($0.99 in chips) 
Seat 6: zjanicek ($1.75 in chips) 
Seat 7: voyvoydavik ($6.26 in chips) 
Seat 8: Apostol108 ($2.40 in chips) 
Seat 9: Dorex2007 ($2 in chips) 
StarBoY693: posts small blind $0.01
zjanicek: posts big blind $0.02
*** HOLE CARDS ***
Dealt to Dorex2007 [8s 7c]
voyvoydavik: folds 
Apostol108: folds 
Dorex2007: folds 
LaMiks82: folds 
doubled8ck: folds 
saksager24: folds 
erlis82: folds 
StarBoY693: calls $0.01
zjanicek: checks 
*** FLOP *** [Jd Ks 2c]
StarBoY693: checks 
zjanicek: checks 
*** TURN *** [Jd Ks 2c] [9c]
StarBoY693: checks 
zjanicek: checks 
*** RIVER *** [Jd Ks 2c 9c] [Qd]
StarBoY693: bets $0.04
zjanicek: folds 
Uncalled bet ($0.04) returned to StarBoY693
StarBoY693 collected $0.04 from pot
StarBoY693: doesn't show hand 
*** SUMMARY ***
Total pot $0.04 | Rake $0 
Board [Jd Ks 2c 9c Qd]
Seat 1: LaMiks82 folded before Flop (didn't bet)
Seat 2: doubled8ck folded before Flop (didn't bet)
Seat 3: saksager24 folded before Flop (didn't bet)
Seat 4: erlis82 (button) folded before Flop (didn't bet)
Seat 5: StarBoY693 (small blind) collected ($0.04)
Seat 6: zjanicek (big blind) folded on the River
Seat 7: voyvoydavik folded before Flop (didn't bet)
Seat 8: Apostol108 folded before Flop (didn't bet)
Seat 9: Dorex2007 folded before Flop (didn't bet)



PokerStars Hand #223701182369:  Hold'em No Limit ($0.01/$0.02 USD) - 2021/02/11 15:11:24 PT [2021/02/11 18:11:24 ET]
Table 'Bellona II' 9-max Seat #5 is the button
Seat 1: LaMiks82 ($0.74 in chips) 
Seat 2: doubled8ck ($2.49 in chips) 
Seat 3: saksager24 ($1.79 in chips) 
Seat 4: erlis82 ($1.76 in chips) 
Seat 5: StarBoY693 ($1.01 in chips) 
Seat 6: zjanicek ($1.73 in chips) 
Seat 7: voyvoydavik ($6.26 in chips) 
Seat 9: Dorex2007 ($2 in chips) 
zjanicek: posts small blind $0.01
voyvoydavik: posts big blind $0.02
*** HOLE CARDS ***
Dealt to Dorex2007 [5d 6d]
Dorex2007: folds 
LaMiks82: calls $0.02
doubled8ck: folds 
saksager24: calls $0.02
erlis82: calls $0.02
StarBoY693: folds 
zjanicek: calls $0.01
voyvoydavik: checks 
*** FLOP *** [3d Tc Kc]
zjanicek: checks 
voyvoydavik: checks 
LaMiks82: checks 
saksager24: bets $0.10
erlis82: folds 
zjanicek: folds 
voyvoydavik: folds 
LaMiks82: folds 
Uncalled bet ($0.10) returned to saksager24
saksager24 collected $0.10 from pot
saksager24: doesn't show hand 
*** SUMMARY ***
Total pot $0.10 | Rake $0 
Board [3d Tc Kc]
Seat 1: LaMiks82 folded on the Flop
Seat 2: doubled8ck folded before Flop (didn't bet)
Seat 3: saksager24 collected ($0.10)
Seat 4: erlis82 folded on the Flop
Seat 5: StarBoY693 (button) folded before Flop (didn't bet)
Seat 6: zjanicek (small blind) folded on the Flop
Seat 7: voyvoydavik (big blind) folded on the Flop
Seat 9: Dorex2007 folded before Flop (didn't bet)



