PokerStars Hand #224782869543:  Hold'em No Limit ($0.01/$0.02 USD) - 2021/03/13 16:45:15 PT [2021/03/13 19:45:15 ET]
Table 'Philippina II' 9-max Seat #2 is the button
Seat 1: brucea247 ($2.22 in chips) 
Seat 2: mosquera888 ($2.65 in chips) 
Seat 3: sampa53 ($1.85 in chips) 
Seat 4: hackmo ($1.90 in chips) 
Seat 5: schop.ot.14 ($2.03 in chips) 
Seat 7: nabijonov ($0.98 in chips) 
Seat 8: Dorex2007 ($1.50 in chips) 
Seat 9: Pepono101 ($1.98 in chips) 
sampa53: posts small blind $0.01
hackmo: posts big blind $0.02
Juagonzalez: sits out 
Dorex2007: posts big blind $0.02
*** HOLE CARDS ***
Dealt to Dorex2007 [9d Js]
schop.ot.14: calls $0.02
nabijonov: raises $0.02 to $0.04
Dorex2007: folds 
Pepono101: folds 
brucea247: calls $0.04
mosquera888: folds 
sampa53: folds 
hackmo: folds 
schop.ot.14: calls $0.02
*** FLOP *** [Jh Ts 3s]
schop.ot.14: checks 
nabijonov: bets $0.02
brucea247: calls $0.02
schop.ot.14: calls $0.02
*** TURN *** [Jh Ts 3s] [Qd]
schop.ot.14: checks 
nabijonov: checks 
brucea247: bets $0.14
schop.ot.14: calls $0.14
nabijonov: folds 
*** RIVER *** [Jh Ts 3s Qd] [Ad]
schop.ot.14: checks 
brucea247: checks 
*** SHOW DOWN ***
schop.ot.14: shows [2c Kc] (a straight, Ten to Ace)
brucea247: mucks hand 
schop.ot.14 collected $0.49 from pot
*** SUMMARY ***
Total pot $0.51 | Rake $0.02 
Board [Jh Ts 3s Qd Ad]
Seat 1: brucea247 mucked [As Qc]
Seat 2: mosquera888 (button) folded before Flop (didn't bet)
Seat 3: sampa53 (small blind) folded before Flop
Seat 4: hackmo (big blind) folded before Flop
Seat 5: schop.ot.14 showed [2c Kc] and won ($0.49) with a straight, Ten to Ace
Seat 7: nabijonov folded on the Turn
Seat 8: Dorex2007 folded before Flop (didn't bet)
Seat 9: Pepono101 folded before Flop (didn't bet)



PokerStars Hand #224782890339:  Hold'em No Limit ($0.01/$0.02 USD) - 2021/03/13 16:46:05 PT [2021/03/13 19:46:05 ET]
Table 'Philippina II' 9-max Seat #3 is the button
Seat 1: brucea247 ($2.02 in chips) 
Seat 2: mosquera888 ($2.65 in chips) 
Seat 3: sampa53 ($1.84 in chips) 
Seat 4: hackmo ($1.88 in chips) 
Seat 5: schop.ot.14 ($2.32 in chips) 
Seat 7: nabijonov ($0.92 in chips) 
Seat 8: Dorex2007 ($1.48 in chips) 
Seat 9: Pepono101 ($1.98 in chips) 
hackmo: posts small blind $0.01
schop.ot.14: posts big blind $0.02
Juagonzalez: sits out 
*** HOLE CARDS ***
Dealt to Dorex2007 [9s Jh]
nabijonov: raises $0.02 to $0.04
Dorex2007: folds 
Pepono101: folds 
brucea247: folds 
mosquera888: folds 
sampa53: calls $0.04
hackmo: folds 
schop.ot.14: folds 
*** FLOP *** [9c 5d 8d]
nabijonov: bets $0.02
sampa53: calls $0.02
*** TURN *** [9c 5d 8d] [3h]
nabijonov: bets $0.02
sampa53: calls $0.02
*** RIVER *** [9c 5d 8d 3h] [Ts]
nabijonov: bets $0.18
sampa53: folds 
Uncalled bet ($0.18) returned to nabijonov
nabijonov collected $0.18 from pot
nabijonov: doesn't show hand 
*** SUMMARY ***
Total pot $0.19 | Rake $0.01 
Board [9c 5d 8d 3h Ts]
Seat 1: brucea247 folded before Flop (didn't bet)
Seat 2: mosquera888 folded before Flop (didn't bet)
Seat 3: sampa53 (button) folded on the River
Seat 4: hackmo (small blind) folded before Flop
Seat 5: schop.ot.14 (big blind) folded before Flop
Seat 7: nabijonov collected ($0.18)
Seat 8: Dorex2007 folded before Flop (didn't bet)
Seat 9: Pepono101 folded before Flop (didn't bet)



PokerStars Hand #224782917495:  Hold'em No Limit ($0.01/$0.02 USD) - 2021/03/13 16:46:59 PT [2021/03/13 19:46:59 ET]
Table 'Philippina II' 9-max Seat #4 is the button
Seat 1: brucea247 ($2.02 in chips) 
Seat 2: mosquera888 ($2.65 in chips) 
Seat 3: sampa53 ($1.76 in chips) 
Seat 4: hackmo ($1.87 in chips) 
Seat 5: schop.ot.14 ($2.30 in chips) 
Seat 6: Juagonzalez ($2 in chips) 
Seat 7: nabijonov ($1.02 in chips) 
Seat 8: Dorex2007 ($1.48 in chips) 
Seat 9: Pepono101 ($1.98 in chips) 
schop.ot.14: posts small blind $0.01
Juagonzalez: posts big blind $0.02
*** HOLE CARDS ***
Dealt to Dorex2007 [Ad Th]
nabijonov: raises $0.02 to $0.04
Dorex2007: folds 
Pepono101: folds 
brucea247: calls $0.04
mosquera888: folds 
sampa53: folds 
hackmo: folds 
schop.ot.14: calls $0.03
Juagonzalez: folds 
*** FLOP *** [As Qd 8h]
schop.ot.14: checks 
nabijonov: bets $0.02
brucea247: raises $0.12 to $0.14
schop.ot.14: folds 
nabijonov: calls $0.12
*** TURN *** [As Qd 8h] [9c]
nabijonov: checks 
brucea247: bets $0.21
nabijonov: calls $0.21
*** RIVER *** [As Qd 8h 9c] [3d]
nabijonov: checks 
brucea247: checks 
*** SHOW DOWN ***
nabijonov: shows [6d Ah] (a pair of Aces)
brucea247: shows [Qs 8s] (two pair, Queens and Eights)
brucea247 collected $0.81 from pot
*** SUMMARY ***
Total pot $0.84 | Rake $0.03 
Board [As Qd 8h 9c 3d]
Seat 1: brucea247 showed [Qs 8s] and won ($0.81) with two pair, Queens and Eights
Seat 2: mosquera888 folded before Flop (didn't bet)
Seat 3: sampa53 folded before Flop (didn't bet)
Seat 4: hackmo (button) folded before Flop (didn't bet)
Seat 5: schop.ot.14 (small blind) folded on the Flop
Seat 6: Juagonzalez (big blind) folded before Flop
Seat 7: nabijonov showed [6d Ah] and lost with a pair of Aces
Seat 8: Dorex2007 folded before Flop (didn't bet)
Seat 9: Pepono101 folded before Flop (didn't bet)



PokerStars Hand #224782948123:  Hold'em No Limit ($0.01/$0.02 USD) - 2021/03/13 16:47:59 PT [2021/03/13 19:47:59 ET]
Table 'Philippina II' 9-max Seat #5 is the button
Seat 1: brucea247 ($2.44 in chips) 
Seat 2: mosquera888 ($2.65 in chips) 
Seat 3: sampa53 ($1.76 in chips) 
Seat 4: hackmo ($1.87 in chips) 
Seat 5: schop.ot.14 ($2.26 in chips) 
Seat 6: Juagonzalez ($2 in chips) 
Seat 7: nabijonov ($0.63 in chips) 
Seat 8: Dorex2007 ($1.48 in chips) 
Seat 9: Pepono101 ($1.98 in chips) 
Juagonzalez: posts small blind $0.01
nabijonov: posts big blind $0.02
*** HOLE CARDS ***
Dealt to Dorex2007 [9s 2s]
Dorex2007: folds 
Pepono101: folds 
brucea247: calls $0.02
mosquera888: folds 
sampa53: folds 
hackmo: folds 
schop.ot.14: folds 
Juagonzalez: raises $0.02 to $0.04
nabijonov: calls $0.02
brucea247: calls $0.02
*** FLOP *** [6c Tc 2d]
Juagonzalez: checks 
nabijonov: checks 
brucea247: bets $0.06
Juagonzalez: folds 
nabijonov: folds 
Uncalled bet ($0.06) returned to brucea247
brucea247 collected $0.12 from pot
brucea247: doesn't show hand 
*** SUMMARY ***
Total pot $0.12 | Rake $0 
Board [6c Tc 2d]
Seat 1: brucea247 collected ($0.12)
Seat 2: mosquera888 folded before Flop (didn't bet)
Seat 3: sampa53 folded before Flop (didn't bet)
Seat 4: hackmo folded before Flop (didn't bet)
Seat 5: schop.ot.14 (button) folded before Flop (didn't bet)
Seat 6: Juagonzalez (small blind) folded on the Flop
Seat 7: nabijonov (big blind) folded on the Flop
Seat 8: Dorex2007 folded before Flop (didn't bet)
Seat 9: Pepono101 folded before Flop (didn't bet)



PokerStars Hand #224782967878:  Hold'em No Limit ($0.01/$0.02 USD) - 2021/03/13 16:48:47 PT [2021/03/13 19:48:47 ET]
Table 'Philippina II' 9-max Seat #6 is the button
Seat 1: brucea247 ($2.52 in chips) 
Seat 2: mosquera888 ($2.65 in chips) 
Seat 3: sampa53 ($1.76 in chips) 
Seat 4: hackmo ($1.87 in chips) 
Seat 5: schop.ot.14 ($2.26 in chips) 
Seat 6: Juagonzalez ($2 in chips) 
Seat 7: nabijonov ($0.59 in chips) 
Seat 8: Dorex2007 ($1.48 in chips) 
Seat 9: Pepono101 ($1.98 in chips) 
nabijonov: posts small blind $0.01
Dorex2007: posts big blind $0.02
*** HOLE CARDS ***
Dealt to Dorex2007 [8d Kh]
Pepono101: folds 
brucea247: folds 
mosquera888: folds 
sampa53: raises $0.02 to $0.04
hackmo: calls $0.04
schop.ot.14: folds 
Juagonzalez: folds 
nabijonov: folds 
Dorex2007: folds 
*** FLOP *** [9s 5s Ah]
sampa53: bets $0.06
hackmo: calls $0.06
*** TURN *** [9s 5s Ah] [Jc]
sampa53: bets $0.04
hackmo: raises $0.08 to $0.12
sampa53: calls $0.08
*** RIVER *** [9s 5s Ah Jc] [2d]
sampa53: bets $0.04
hackmo: raises $0.35 to $0.39
sampa53: calls $0.35
*** SHOW DOWN ***
hackmo: shows [5h 5c] (three of a kind, Fives)
sampa53: mucks hand 
hackmo collected $1.21 from pot
*** SUMMARY ***
Total pot $1.25 | Rake $0.04 
Board [9s 5s Ah Jc 2d]
Seat 1: brucea247 folded before Flop (didn't bet)
Seat 2: mosquera888 folded before Flop (didn't bet)
Seat 3: sampa53 mucked [Ad 3d]
Seat 4: hackmo showed [5h 5c] and won ($1.21) with three of a kind, Fives
Seat 5: schop.ot.14 folded before Flop (didn't bet)
Seat 6: Juagonzalez (button) folded before Flop (didn't bet)
Seat 7: nabijonov (small blind) folded before Flop
Seat 8: Dorex2007 (big blind) folded before Flop
Seat 9: Pepono101 folded before Flop (didn't bet)



PokerStars Hand #224782990026:  Hold'em No Limit ($0.01/$0.02 USD) - 2021/03/13 16:49:42 PT [2021/03/13 19:49:42 ET]
Table 'Philippina II' 9-max Seat #7 is the button
Seat 1: brucea247 ($2.52 in chips) 
Seat 2: mosquera888 ($2.65 in chips) 
Seat 3: sampa53 ($1.15 in chips) 
Seat 4: hackmo ($2.47 in chips) 
Seat 5: schop.ot.14 ($2.26 in chips) 
Seat 6: Juagonzalez ($2 in chips) 
Seat 7: nabijonov ($0.58 in chips) 
Seat 8: Dorex2007 ($1.46 in chips) 
Seat 9: Pepono101 ($1.98 in chips) 
Dorex2007: posts small blind $0.01
Pepono101: posts big blind $0.02
*** HOLE CARDS ***
Dealt to Dorex2007 [4h Qh]
brucea247: calls $0.02
mosquera888: folds 
sampa53: raises $0.10 to $0.12
hackmo: calls $0.12
schop.ot.14: calls $0.12
Juagonzalez: folds 
nabijonov: folds 
Dorex2007: folds 
Pepono101: folds 
brucea247: calls $0.10
*** FLOP *** [Kc 4s 8d]
brucea247: checks 
sampa53: bets $1.03 and is all-in
hackmo: raises $1.32 to $2.35 and is all-in
schop.ot.14: folds 
brucea247: folds 
Uncalled bet ($1.32) returned to hackmo
*** TURN *** [Kc 4s 8d] [9h]
*** RIVER *** [Kc 4s 8d 9h] [2h]
*** SHOW DOWN ***
sampa53: shows [Kh Js] (a pair of Kings)
hackmo: shows [Ac Ks] (a pair of Kings - Ace kicker)
hackmo collected $2.48 from pot
*** SUMMARY ***
Total pot $2.57 | Rake $0.09 
Board [Kc 4s 8d 9h 2h]
Seat 1: brucea247 folded on the Flop
Seat 2: mosquera888 folded before Flop (didn't bet)
Seat 3: sampa53 showed [Kh Js] and lost with a pair of Kings
Seat 4: hackmo showed [Ac Ks] and won ($2.48) with a pair of Kings
Seat 5: schop.ot.14 folded on the Flop
Seat 6: Juagonzalez folded before Flop (didn't bet)
Seat 7: nabijonov (button) folded before Flop (didn't bet)
Seat 8: Dorex2007 (small blind) folded before Flop
Seat 9: Pepono101 (big blind) folded before Flop



PokerStars Hand #224783006956:  Hold'em No Limit ($0.01/$0.02 USD) - 2021/03/13 16:50:23 PT [2021/03/13 19:50:23 ET]
Table 'Philippina II' 9-max Seat #8 is the button
Seat 1: brucea247 ($2.40 in chips) 
Seat 2: mosquera888 ($2.65 in chips) 
Seat 4: hackmo ($3.80 in chips) 
Seat 5: schop.ot.14 ($2.14 in chips) 
Seat 6: Juagonzalez ($2 in chips) 
Seat 7: nabijonov ($0.58 in chips) 
Seat 8: Dorex2007 ($1.45 in chips) 
Seat 9: Pepono101 ($1.96 in chips) 
Pepono101: posts small blind $0.01
brucea247: posts big blind $0.02
*** HOLE CARDS ***
Dealt to Dorex2007 [Ac 3c]
sampa53 leaves the table
mosquera888: folds 
hackmo: folds 
schop.ot.14: folds 
Juagonzalez: folds 
nabijonov: calls $0.02
Dorex2007: folds 
Pepono101: calls $0.01
brucea247: checks 
*** FLOP *** [6c Js 5h]
Pepono101: checks 
brucea247: checks 
nabijonov: checks 
*** TURN *** [6c Js 5h] [9s]
Pepono101: checks 
brucea247: checks 
nabijonov: checks 
*** RIVER *** [6c Js 5h 9s] [7h]
Pepono101: checks 
brucea247: checks 
nabijonov: bets $0.02
Pepono101: folds 
brucea247: calls $0.02
*** SHOW DOWN ***
nabijonov: shows [Kd 7s] (a pair of Sevens)
brucea247: mucks hand 
nabijonov collected $0.10 from pot
*** SUMMARY ***
Total pot $0.10 | Rake $0 
Board [6c Js 5h 9s 7h]
Seat 1: brucea247 (big blind) mucked [4h 5d]
Seat 2: mosquera888 folded before Flop (didn't bet)
Seat 4: hackmo folded before Flop (didn't bet)
Seat 5: schop.ot.14 folded before Flop (didn't bet)
Seat 6: Juagonzalez folded before Flop (didn't bet)
Seat 7: nabijonov showed [Kd 7s] and won ($0.10) with a pair of Sevens
Seat 8: Dorex2007 (button) folded before Flop (didn't bet)
Seat 9: Pepono101 (small blind) folded on the River



PokerStars Hand #224783024356:  Hold'em No Limit ($0.01/$0.02 USD) - 2021/03/13 16:51:06 PT [2021/03/13 19:51:06 ET]
Table 'Philippina II' 9-max Seat #9 is the button
Seat 1: brucea247 ($2.36 in chips) 
Seat 2: mosquera888 ($2.65 in chips) 
Seat 4: hackmo ($3.80 in chips) 
Seat 5: schop.ot.14 ($2.14 in chips) 
Seat 6: Juagonzalez ($2 in chips) 
Seat 7: nabijonov ($0.64 in chips) 
Seat 8: Dorex2007 ($1.45 in chips) 
Seat 9: Pepono101 ($1.94 in chips) 
brucea247: posts small blind $0.01
mosquera888: posts big blind $0.02
*** HOLE CARDS ***
Dealt to Dorex2007 [5s As]
hackmo: folds 
schop.ot.14: folds 
Juagonzalez: folds 
nabijonov: raises $0.02 to $0.04
Dorex2007: calls $0.04
Pepono101: folds 
brucea247: folds 
mosquera888: raises $0.24 to $0.28
nabijonov: calls $0.24
Dorex2007: folds 
*** FLOP *** [Qd 8h 5d]
brucea247 leaves the table
mosquera888: bets $0.31
nabijonov: raises $0.05 to $0.36 and is all-in
mosquera888: calls $0.05
*** TURN *** [Qd 8h 5d] [Ts]
*** RIVER *** [Qd 8h 5d Ts] [7h]
*** SHOW DOWN ***
mosquera888: shows [Qc Kd] (a pair of Queens)
nabijonov: shows [Jc Ah] (high card Ace)
mosquera888 collected $1.28 from pot
*** SUMMARY ***
Total pot $1.33 | Rake $0.05 
Board [Qd 8h 5d Ts 7h]
Seat 1: brucea247 (small blind) folded before Flop
Seat 2: mosquera888 (big blind) showed [Qc Kd] and won ($1.28) with a pair of Queens
Seat 4: hackmo folded before Flop (didn't bet)
Seat 5: schop.ot.14 folded before Flop (didn't bet)
Seat 6: Juagonzalez folded before Flop (didn't bet)
Seat 7: nabijonov showed [Jc Ah] and lost with high card Ace
Seat 8: Dorex2007 folded before Flop
Seat 9: Pepono101 (button) folded before Flop (didn't bet)



PokerStars Hand #224783048501:  Hold'em No Limit ($0.01/$0.02 USD) - 2021/03/13 16:52:05 PT [2021/03/13 19:52:05 ET]
Table 'Philippina II' 9-max Seat #2 is the button
Seat 2: mosquera888 ($3.29 in chips) 
Seat 4: hackmo ($3.80 in chips) 
Seat 5: schop.ot.14 ($2.14 in chips) 
Seat 6: Juagonzalez ($2 in chips) 
Seat 8: Dorex2007 ($1.41 in chips) 
Seat 9: Pepono101 ($1.94 in chips) 
hackmo: posts small blind $0.01
schop.ot.14: posts big blind $0.02
*** HOLE CARDS ***
Dealt to Dorex2007 [3c 3s]
Juagonzalez: folds 
Dorex2007: calls $0.02
Pepono101: folds 
mosquera888: raises $0.08 to $0.10
hackmo: folds 
schop.ot.14: calls $0.08
nabijonov leaves the table
Dorex2007: calls $0.08
*** FLOP *** [Ah Th 3h]
schop.ot.14: checks 
Dorex2007: bets $0.30
mosquera888: folds 
schop.ot.14: folds 
Uncalled bet ($0.30) returned to Dorex2007
Dorex2007 collected $0.30 from pot
Dorex2007: doesn't show hand 
*** SUMMARY ***
Total pot $0.31 | Rake $0.01 
Board [Ah Th 3h]
Seat 2: mosquera888 (button) folded on the Flop
Seat 4: hackmo (small blind) folded before Flop
Seat 5: schop.ot.14 (big blind) folded on the Flop
Seat 6: Juagonzalez folded before Flop (didn't bet)
Seat 8: Dorex2007 collected ($0.30)
Seat 9: Pepono101 folded before Flop (didn't bet)



PokerStars Hand #224783062145:  Hold'em No Limit ($0.01/$0.02 USD) - 2021/03/13 16:52:38 PT [2021/03/13 19:52:38 ET]
Table 'Philippina II' 9-max Seat #4 is the button
Seat 2: mosquera888 ($3.19 in chips) 
Seat 4: hackmo ($3.79 in chips) 
Seat 5: schop.ot.14 ($2.04 in chips) 
Seat 6: Juagonzalez ($2 in chips) 
Seat 8: Dorex2007 ($1.61 in chips) 
Seat 9: Pepono101 ($1.94 in chips) 
schop.ot.14: posts small blind $0.01
Juagonzalez: posts big blind $0.02
*** HOLE CARDS ***
Dealt to Dorex2007 [9s 3h]
Dorex2007: folds 
Pepono101: folds 
mosquera888: folds 
hackmo: folds 
schop.ot.14: folds 
Uncalled bet ($0.01) returned to Juagonzalez
Juagonzalez collected $0.02 from pot
Juagonzalez: doesn't show hand 
*** SUMMARY ***
Total pot $0.02 | Rake $0 
Seat 2: mosquera888 folded before Flop (didn't bet)
Seat 4: hackmo (button) folded before Flop (didn't bet)
Seat 5: schop.ot.14 (small blind) folded before Flop
Seat 6: Juagonzalez (big blind) collected ($0.02)
Seat 8: Dorex2007 folded before Flop (didn't bet)
Seat 9: Pepono101 folded before Flop (didn't bet)



PokerStars Hand #224783066287:  Hold'em No Limit ($0.01/$0.02 USD) - 2021/03/13 16:52:49 PT [2021/03/13 19:52:49 ET]
Table 'Philippina II' 9-max Seat #5 is the button
Seat 2: mosquera888 ($3.19 in chips) 
Seat 4: hackmo ($3.79 in chips) 
Seat 5: schop.ot.14 ($2.03 in chips) 
Seat 6: Juagonzalez ($2.01 in chips) 
Seat 8: Dorex2007 ($1.61 in chips) 
Seat 9: Pepono101 ($1.94 in chips) 
Juagonzalez: posts small blind $0.01
Dorex2007: posts big blind $0.02
*** HOLE CARDS ***
Dealt to Dorex2007 [Ac Qh]
Pepono101: raises $0.02 to $0.04
mosquera888: folds 
hackmo: folds 
schop.ot.14: folds 
Juagonzalez: folds 
Dorex2007: calls $0.02
*** FLOP *** [3c Kc Qs]
Dorex2007: bets $0.09
Pepono101: raises $0.13 to $0.22
Dorex2007: calls $0.13
*** TURN *** [3c Kc Qs] [8s]
Dorex2007: checks 
Pepono101: bets $0.25
Dorex2007: calls $0.25
*** RIVER *** [3c Kc Qs 8s] [Jd]
Dorex2007: bets $0.99
Pepono101: calls $0.99
*** SHOW DOWN ***
Dorex2007: shows [Ac Qh] (a pair of Queens)
Pepono101: shows [Kh Ks] (three of a kind, Kings)
Pepono101 collected $2.90 from pot
*** SUMMARY ***
Total pot $3.01 | Rake $0.11 
Board [3c Kc Qs 8s Jd]
Seat 2: mosquera888 folded before Flop (didn't bet)
Seat 4: hackmo folded before Flop (didn't bet)
Seat 5: schop.ot.14 (button) folded before Flop (didn't bet)
Seat 6: Juagonzalez (small blind) folded before Flop
Seat 8: Dorex2007 (big blind) showed [Ac Qh] and lost with a pair of Queens
Seat 9: Pepono101 showed [Kh Ks] and won ($2.90) with three of a kind, Kings



PokerStars Hand #224783088429:  Hold'em No Limit ($0.01/$0.02 USD) - 2021/03/13 16:53:44 PT [2021/03/13 19:53:44 ET]
Table 'Philippina II' 9-max Seat #6 is the button
Seat 2: mosquera888 ($3.19 in chips) 
Seat 4: hackmo ($3.79 in chips) 
Seat 5: schop.ot.14 ($2.03 in chips) 
Seat 6: Juagonzalez ($2 in chips) 
Seat 8: Dorex2007 ($0.11 in chips) 
Seat 9: Pepono101 ($3.34 in chips) 
Dorex2007: posts small blind $0.01
Pepono101: posts big blind $0.02
*** HOLE CARDS ***
Dealt to Dorex2007 [4s 4d]
mosquera888 has timed out
mosquera888: folds 
hackmo: folds 
schop.ot.14: folds 
Juagonzalez: raises $0.04 to $0.06
Dorex2007: calls $0.05
Pepono101: calls $0.04
*** FLOP *** [Td Ts Jh]
Dorex2007: checks 
Pepono101: checks 
Juagonzalez: checks 
*** TURN *** [Td Ts Jh] [7c]
Dorex2007: bets $0.05 and is all-in
Pepono101: raises $0.05 to $0.10
Juagonzalez: folds 
Uncalled bet ($0.05) returned to Pepono101
*** RIVER *** [Td Ts Jh 7c] [6s]
*** SHOW DOWN ***
Dorex2007: shows [4s 4d] (two pair, Tens and Fours)
Pepono101: shows [Jc Ad] (two pair, Jacks and Tens)
Pepono101 collected $0.27 from pot
*** SUMMARY ***
Total pot $0.28 | Rake $0.01 
Board [Td Ts Jh 7c 6s]
Seat 2: mosquera888 folded before Flop (didn't bet)
Seat 4: hackmo folded before Flop (didn't bet)
Seat 5: schop.ot.14 folded before Flop (didn't bet)
Seat 6: Juagonzalez (button) folded on the Turn
Seat 8: Dorex2007 (small blind) showed [4s 4d] and lost with two pair, Tens and Fours
Seat 9: Pepono101 (big blind) showed [Jc Ad] and won ($0.27) with two pair, Jacks and Tens



PokerStars Hand #224783109064:  Hold'em No Limit ($0.01/$0.02 USD) - 2021/03/13 16:54:35 PT [2021/03/13 19:54:35 ET]
Table 'Philippina II' 9-max Seat #8 is the button
Seat 2: mosquera888 ($3.19 in chips) 
Seat 4: hackmo ($3.79 in chips) 
Seat 5: schop.ot.14 ($2.03 in chips) 
Seat 6: Juagonzalez ($2 in chips) 
Seat 8: Dorex2007 ($1.89 in chips) 
Seat 9: Pepono101 ($3.50 in chips) 
Pepono101: posts small blind $0.01
mosquera888: posts big blind $0.02
*** HOLE CARDS ***
Dealt to Dorex2007 [8s 6c]
hackmo: folds 
schop.ot.14: calls $0.02
Juagonzalez: raises $0.04 to $0.06
Dorex2007: folds 
Pepono101: calls $0.05
mosquera888: folds 
schop.ot.14: calls $0.04
*** FLOP *** [8c 5s Ad]
Pepono101: checks 
schop.ot.14: checks 
Juagonzalez: checks 
*** TURN *** [8c 5s Ad] [6d]
Pepono101: checks 
schop.ot.14: checks 
Juagonzalez: checks 
*** RIVER *** [8c 5s Ad 6d] [Kh]
Pepono101: checks 
schop.ot.14: checks 
Juagonzalez: checks 
*** SHOW DOWN ***
Pepono101: shows [Qd 2d] (high card Ace)
schop.ot.14: shows [Ks Th] (a pair of Kings)
Juagonzalez: mucks hand 
schop.ot.14 collected $0.19 from pot
*** SUMMARY ***
Total pot $0.20 | Rake $0.01 
Board [8c 5s Ad 6d Kh]
Seat 2: mosquera888 (big blind) folded before Flop
Seat 4: hackmo folded before Flop (didn't bet)
Seat 5: schop.ot.14 showed [Ks Th] and won ($0.19) with a pair of Kings
Seat 6: Juagonzalez mucked [4d 4s]
Seat 8: Dorex2007 (button) folded before Flop (didn't bet)
Seat 9: Pepono101 (small blind) showed [Qd 2d] and lost with high card Ace



PokerStars Hand #224783135405:  Hold'em No Limit ($0.01/$0.02 USD) - 2021/03/13 16:55:27 PT [2021/03/13 19:55:27 ET]
Table 'Philippina II' 9-max Seat #9 is the button
Seat 2: mosquera888 ($3.17 in chips) 
Seat 4: hackmo ($3.79 in chips) 
Seat 5: schop.ot.14 ($2.16 in chips) 
Seat 6: Juagonzalez ($2 in chips) 
Seat 8: Dorex2007 ($1.89 in chips) 
Seat 9: Pepono101 ($3.44 in chips) 
mosquera888: posts small blind $0.01
hackmo: posts big blind $0.02
*** HOLE CARDS ***
Dealt to Dorex2007 [Ks Ad]
schop.ot.14: calls $0.02
Juagonzalez: folds 
Dorex2007: raises $0.04 to $0.06
Pepono101: calls $0.06
mosquera888: folds 
hackmo: calls $0.04
schop.ot.14: calls $0.04
*** FLOP *** [6s 6h 2h]
hackmo: checks 
schop.ot.14: checks 
Dorex2007: bets $0.12
szajcz joins the table at seat #7 
Pepono101: calls $0.12
hackmo: folds 
schop.ot.14: calls $0.12
*** TURN *** [6s 6h 2h] [Ah]
schop.ot.14: checks 
Dorex2007: bets $0.30
Pepono101: folds 
schop.ot.14: calls $0.30
*** RIVER *** [6s 6h 2h Ah] [7s]
schop.ot.14: bets $0.59
Dorex2007: calls $0.59
*** SHOW DOWN ***
schop.ot.14: shows [Th Qh] (a flush, Ace high)
Dorex2007: mucks hand 
schop.ot.14 collected $2.31 from pot
*** SUMMARY ***
Total pot $2.39 | Rake $0.08 
Board [6s 6h 2h Ah 7s]
Seat 2: mosquera888 (small blind) folded before Flop
Seat 4: hackmo (big blind) folded on the Flop
Seat 5: schop.ot.14 showed [Th Qh] and won ($2.31) with a flush, Ace high
Seat 6: Juagonzalez folded before Flop (didn't bet)
Seat 8: Dorex2007 mucked [Ks Ad]
Seat 9: Pepono101 (button) folded on the Turn



PokerStars Hand #224783156732:  Hold'em No Limit ($0.01/$0.02 USD) - 2021/03/13 16:56:33 PT [2021/03/13 19:56:33 ET]
Table 'Philippina II' 9-max Seat #2 is the button
Seat 2: mosquera888 ($3.16 in chips) 
Seat 4: hackmo ($3.73 in chips) 
Seat 5: schop.ot.14 ($3.40 in chips) 
Seat 6: Juagonzalez ($2 in chips) 
Seat 7: szajcz ($2 in chips) 
Seat 8: Dorex2007 ($0.82 in chips) 
Seat 9: Pepono101 ($3.26 in chips) 
hackmo: posts small blind $0.01
schop.ot.14: posts big blind $0.02
szajcz: posts big blind $0.02
*** HOLE CARDS ***
Dealt to Dorex2007 [7h 6h]
Juagonzalez: folds 
szajcz: raises $0.02 to $0.04
Dorex2007: folds 
Pepono101: folds 
mosquera888: folds 
hackmo: folds 
schop.ot.14: calls $0.02
*** FLOP *** [2d Qh Ad]
schop.ot.14: checks 
szajcz: bets $0.09
schop.ot.14: calls $0.09
*** TURN *** [2d Qh Ad] [3h]
schop.ot.14: checks 
szajcz: bets $0.26
schop.ot.14: folds 
Uncalled bet ($0.26) returned to szajcz
szajcz collected $0.26 from pot
*** SUMMARY ***
Total pot $0.27 | Rake $0.01 
Board [2d Qh Ad 3h]
Seat 2: mosquera888 (button) folded before Flop (didn't bet)
Seat 4: hackmo (small blind) folded before Flop
Seat 5: schop.ot.14 (big blind) folded on the Turn
Seat 6: Juagonzalez folded before Flop (didn't bet)
Seat 7: szajcz collected ($0.26)
Seat 8: Dorex2007 folded before Flop (didn't bet)
Seat 9: Pepono101 folded before Flop (didn't bet)



PokerStars Hand #224783170948:  Hold'em No Limit ($0.01/$0.02 USD) - 2021/03/13 16:57:18 PT [2021/03/13 19:57:18 ET]
Table 'Philippina II' 9-max Seat #4 is the button
Seat 2: mosquera888 ($3.16 in chips) 
Seat 4: hackmo ($3.72 in chips) 
Seat 6: Juagonzalez ($2 in chips) 
Seat 7: szajcz ($2.13 in chips) 
Seat 8: Dorex2007 ($2 in chips) 
Seat 9: Pepono101 ($3.26 in chips) 
Juagonzalez: posts small blind $0.01
szajcz: posts big blind $0.02
*** HOLE CARDS ***
Dealt to Dorex2007 [Jh 7h]
Dorex2007: folds 
Pepono101: folds 
mosquera888: raises $0.06 to $0.08
hackmo: calls $0.08
Juagonzalez: raises $0.22 to $0.30
szajcz: folds 
mosquera888: folds 
hackmo: calls $0.22
*** FLOP *** [7c 4s Kd]
Juagonzalez: bets $0.68
hackmo: folds 
Uncalled bet ($0.68) returned to Juagonzalez
Juagonzalez collected $0.68 from pot
Juagonzalez: doesn't show hand 
*** SUMMARY ***
Total pot $0.70 | Rake $0.02 
Board [7c 4s Kd]
Seat 2: mosquera888 folded before Flop
Seat 4: hackmo (button) folded on the Flop
Seat 6: Juagonzalez (small blind) collected ($0.68)
Seat 7: szajcz (big blind) folded before Flop
Seat 8: Dorex2007 folded before Flop (didn't bet)
Seat 9: Pepono101 folded before Flop (didn't bet)



PokerStars Hand #224783182524:  Hold'em No Limit ($0.01/$0.02 USD) - 2021/03/13 16:57:54 PT [2021/03/13 19:57:54 ET]
Table 'Philippina II' 9-max Seat #6 is the button
Seat 2: mosquera888 ($3.08 in chips) 
Seat 4: hackmo ($3.42 in chips) 
Seat 6: Juagonzalez ($2.38 in chips) 
Seat 7: szajcz ($2.11 in chips) 
Seat 8: Dorex2007 ($2 in chips) 
Seat 9: Pepono101 ($3.26 in chips) 
szajcz: posts small blind $0.01
Dorex2007: posts big blind $0.02
*** HOLE CARDS ***
Dealt to Dorex2007 [Ac Ad]
Pepono101: folds 
mosquera888: folds 
hackmo: folds 
Juagonzalez: folds 
szajcz: folds 
Uncalled bet ($0.01) returned to Dorex2007
Dorex2007 collected $0.02 from pot
Dorex2007: doesn't show hand 
*** SUMMARY ***
Total pot $0.02 | Rake $0 
Seat 2: mosquera888 folded before Flop (didn't bet)
Seat 4: hackmo folded before Flop (didn't bet)
Seat 6: Juagonzalez (button) folded before Flop (didn't bet)
Seat 7: szajcz (small blind) folded before Flop
Seat 8: Dorex2007 (big blind) collected ($0.02)
Seat 9: Pepono101 folded before Flop (didn't bet)



PokerStars Hand #224783190123:  Hold'em No Limit ($0.01/$0.02 USD) - 2021/03/13 16:58:18 PT [2021/03/13 19:58:18 ET]
Table 'Philippina II' 9-max Seat #7 is the button
Seat 2: mosquera888 ($3.08 in chips) 
Seat 4: hackmo ($3.42 in chips) 
Seat 6: Juagonzalez ($2.38 in chips) 
Seat 7: szajcz ($2.10 in chips) 
Seat 8: Dorex2007 ($2.01 in chips) 
Seat 9: Pepono101 ($3.26 in chips) 
Dorex2007: posts small blind $0.01
Pepono101: posts big blind $0.02
*** HOLE CARDS ***
Dealt to Dorex2007 [2c 2d]
mosquera888: folds 
runrunspace joins the table at seat #1 
hackmo: folds 
Akipon joins the table at seat #3 
Juagonzalez: folds 
szajcz: folds 
Dorex2007: calls $0.01
Pepono101: checks 
*** FLOP *** [Jc 7h 2h]
Dorex2007: checks 
Pepono101: checks 
*** TURN *** [Jc 7h 2h] [Jd]
Dorex2007: checks 
Pepono101: checks 
*** RIVER *** [Jc 7h 2h Jd] [Kd]
Dorex2007: bets $0.04
Pepono101: folds 
Uncalled bet ($0.04) returned to Dorex2007
Dorex2007 collected $0.04 from pot
Dorex2007: doesn't show hand 
*** SUMMARY ***
Total pot $0.04 | Rake $0 
Board [Jc 7h 2h Jd Kd]
Seat 2: mosquera888 folded before Flop (didn't bet)
Seat 4: hackmo folded before Flop (didn't bet)
Seat 6: Juagonzalez folded before Flop (didn't bet)
Seat 7: szajcz (button) folded before Flop (didn't bet)
Seat 8: Dorex2007 (small blind) collected ($0.04)
Seat 9: Pepono101 (big blind) folded on the River



PokerStars Hand #224783204308:  Hold'em No Limit ($0.01/$0.02 USD) - 2021/03/13 16:59:02 PT [2021/03/13 19:59:02 ET]
Table 'Philippina II' 9-max Seat #8 is the button
Seat 1: runrunspace ($0.80 in chips) 
Seat 2: mosquera888 ($3.08 in chips) 
Seat 4: hackmo ($3.42 in chips) 
Seat 6: Juagonzalez ($2.38 in chips) 
Seat 7: szajcz ($2.10 in chips) 
Seat 8: Dorex2007 ($2.03 in chips) 
Seat 9: Pepono101 ($3.24 in chips) 
Pepono101: posts small blind $0.01
runrunspace: posts big blind $0.02
Akipon: sits out 
*** HOLE CARDS ***
Dealt to Dorex2007 [6c 5s]
mosquera888: folds 
hackmo: raises $0.03 to $0.05
Juagonzalez: folds 
szajcz: folds 
Dorex2007: folds 
Pepono101: folds 
runrunspace: calls $0.03
*** FLOP *** [Ks Qc Ac]
runrunspace: checks 
hackmo: bets $0.07
runrunspace: calls $0.07
*** TURN *** [Ks Qc Ac] [4s]
runrunspace: checks 
hackmo: bets $0.12
runrunspace: calls $0.12
*** RIVER *** [Ks Qc Ac 4s] [4h]
runrunspace: checks 
hackmo: checks 
*** SHOW DOWN ***
runrunspace: shows [Qh Jc] (two pair, Queens and Fours)
hackmo: shows [Ts As] (two pair, Aces and Fours)
hackmo collected $0.47 from pot
*** SUMMARY ***
Total pot $0.49 | Rake $0.02 
Board [Ks Qc Ac 4s 4h]
Seat 1: runrunspace (big blind) showed [Qh Jc] and lost with two pair, Queens and Fours
Seat 2: mosquera888 folded before Flop (didn't bet)
Seat 4: hackmo showed [Ts As] and won ($0.47) with two pair, Aces and Fours
Seat 6: Juagonzalez folded before Flop (didn't bet)
Seat 7: szajcz folded before Flop (didn't bet)
Seat 8: Dorex2007 (button) folded before Flop (didn't bet)
Seat 9: Pepono101 (small blind) folded before Flop



PokerStars Hand #224783225052:  Hold'em No Limit ($0.01/$0.02 USD) - 2021/03/13 17:00:06 PT [2021/03/13 20:00:06 ET]
Table 'Philippina II' 9-max Seat #9 is the button
Seat 1: runrunspace ($0.56 in chips) 
Seat 3: Akipon ($2 in chips) 
Seat 4: hackmo ($3.65 in chips) 
Seat 6: Juagonzalez ($2.38 in chips) 
Seat 7: szajcz ($2.10 in chips) 
Seat 8: Dorex2007 ($2.03 in chips) 
Seat 9: Pepono101 ($3.23 in chips) 
runrunspace: posts small blind $0.01
mosquera888: is sitting out 
Akipon: posts big blind $0.02
*** HOLE CARDS ***
Dealt to Dorex2007 [9s 2h]
hackmo: folds 
Juagonzalez: folds 
szajcz: raises $0.04 to $0.06
Dorex2007: folds 
Pepono101: folds 
runrunspace: folds 
Akipon: folds 
Uncalled bet ($0.04) returned to szajcz
szajcz collected $0.05 from pot
szajcz: doesn't show hand 
*** SUMMARY ***
Total pot $0.05 | Rake $0 
Seat 1: runrunspace (small blind) folded before Flop
Seat 3: Akipon (big blind) folded before Flop
Seat 4: hackmo folded before Flop (didn't bet)
Seat 6: Juagonzalez folded before Flop (didn't bet)
Seat 7: szajcz collected ($0.05)
Seat 8: Dorex2007 folded before Flop (didn't bet)
Seat 9: Pepono101 (button) folded before Flop (didn't bet)



PokerStars Hand #224783232735:  Hold'em No Limit ($0.01/$0.02 USD) - 2021/03/13 17:00:28 PT [2021/03/13 20:00:28 ET]
Table 'Philippina II' 9-max Seat #1 is the button
Seat 1: runrunspace ($0.55 in chips) 
Seat 3: Akipon ($1.98 in chips) 
Seat 4: hackmo ($3.65 in chips) 
Seat 5: schop.ot.14 ($3.27 in chips) 
Seat 6: Juagonzalez ($2.38 in chips) 
Seat 7: szajcz ($2.13 in chips) 
Seat 8: Dorex2007 ($2.03 in chips) 
Seat 9: Pepono101 ($3.23 in chips) 
Akipon: posts small blind $0.01
hackmo: posts big blind $0.02
schop.ot.14: posts small blind $0.01
*** HOLE CARDS ***
Dealt to Dorex2007 [8s 6s]
schop.ot.14: calls $0.02
Juagonzalez: folds 
szajcz: calls $0.02
Dorex2007: folds 
Pepono101: folds 
runrunspace: folds 
Akipon: raises $0.04 to $0.06
hackmo: folds 
schop.ot.14: calls $0.04
szajcz: calls $0.04
*** FLOP *** [Jd 2s Ts]
Akipon: checks 
schop.ot.14: checks 
szajcz: bets $0.20
Akipon: folds 
schop.ot.14: folds 
Uncalled bet ($0.20) returned to szajcz
szajcz collected $0.20 from pot
szajcz: doesn't show hand 
*** SUMMARY ***
Total pot $0.21 | Rake $0.01 
Board [Jd 2s Ts]
Seat 1: runrunspace (button) folded before Flop (didn't bet)
Seat 3: Akipon (small blind) folded on the Flop
Seat 4: hackmo (big blind) folded before Flop
Seat 5: schop.ot.14 folded on the Flop
Seat 6: Juagonzalez folded before Flop (didn't bet)
Seat 7: szajcz collected ($0.20)
Seat 8: Dorex2007 folded before Flop (didn't bet)
Seat 9: Pepono101 folded before Flop (didn't bet)



PokerStars Hand #224783248897:  Hold'em No Limit ($0.01/$0.02 USD) - 2021/03/13 17:01:12 PT [2021/03/13 20:01:12 ET]
Table 'Philippina II' 9-max Seat #3 is the button
Seat 1: runrunspace ($0.55 in chips) 
Seat 3: Akipon ($1.92 in chips) 
Seat 4: hackmo ($3.63 in chips) 
Seat 5: schop.ot.14 ($3.20 in chips) 
Seat 6: Juagonzalez ($2.38 in chips) 
Seat 7: szajcz ($2.27 in chips) 
Seat 8: Dorex2007 ($2.03 in chips) 
Seat 9: Pepono101 ($3.23 in chips) 
hackmo: posts small blind $0.01
schop.ot.14: posts big blind $0.02
*** HOLE CARDS ***
Dealt to Dorex2007 [Kh 6s]
Juagonzalez: folds 
szajcz: folds 
Dorex2007: folds 
Pepono101: folds 
runrunspace: raises $0.04 to $0.06
Akipon: folds 
hackmo: folds 
schop.ot.14: folds 
Uncalled bet ($0.04) returned to runrunspace
runrunspace collected $0.05 from pot
runrunspace: doesn't show hand 
*** SUMMARY ***
Total pot $0.05 | Rake $0 
Seat 1: runrunspace collected ($0.05)
Seat 3: Akipon (button) folded before Flop (didn't bet)
Seat 4: hackmo (small blind) folded before Flop
Seat 5: schop.ot.14 (big blind) folded before Flop
Seat 6: Juagonzalez folded before Flop (didn't bet)
Seat 7: szajcz folded before Flop (didn't bet)
Seat 8: Dorex2007 folded before Flop (didn't bet)
Seat 9: Pepono101 folded before Flop (didn't bet)



PokerStars Hand #224783256218:  Hold'em No Limit ($0.01/$0.02 USD) - 2021/03/13 17:01:31 PT [2021/03/13 20:01:31 ET]
Table 'Philippina II' 9-max Seat #4 is the button
Seat 1: runrunspace ($0.58 in chips) 
Seat 3: Akipon ($1.92 in chips) 
Seat 4: hackmo ($3.62 in chips) 
Seat 5: schop.ot.14 ($3.18 in chips) 
Seat 6: Juagonzalez ($2.38 in chips) 
Seat 7: szajcz ($2.27 in chips) 
Seat 8: Dorex2007 ($2.03 in chips) 
Seat 9: Pepono101 ($3.23 in chips) 
schop.ot.14: posts small blind $0.01
Juagonzalez: posts big blind $0.02
mosquera888: sits out 
*** HOLE CARDS ***
Dealt to Dorex2007 [7d 4s]
szajcz: folds 
mosquera888 leaves the table
Dorex2007: folds 
Pepono101: raises $0.04 to $0.06
winbig1221 joins the table at seat #2 
runrunspace: calls $0.06
Akipon: folds 
hackmo: folds 
schop.ot.14: calls $0.05
Juagonzalez: folds 
*** FLOP *** [As Ah 6h]
schop.ot.14: checks 
Pepono101: checks 
runrunspace: checks 
*** TURN *** [As Ah 6h] [3c]
schop.ot.14: bets $0.14
Pepono101: folds 
runrunspace: folds 
Uncalled bet ($0.14) returned to schop.ot.14
schop.ot.14 collected $0.19 from pot
schop.ot.14: doesn't show hand 
*** SUMMARY ***
Total pot $0.20 | Rake $0.01 
Board [As Ah 6h 3c]
Seat 1: runrunspace folded on the Turn
Seat 3: Akipon folded before Flop (didn't bet)
Seat 4: hackmo (button) folded before Flop (didn't bet)
Seat 5: schop.ot.14 (small blind) collected ($0.19)
Seat 6: Juagonzalez (big blind) folded before Flop
Seat 7: szajcz folded before Flop (didn't bet)
Seat 8: Dorex2007 folded before Flop (didn't bet)
Seat 9: Pepono101 folded on the Turn



PokerStars Hand #224783285753:  Hold'em No Limit ($0.01/$0.02 USD) - 2021/03/13 17:02:41 PT [2021/03/13 20:02:41 ET]
Table 'Philippina II' 9-max Seat #5 is the button
Seat 1: runrunspace ($0.52 in chips) 
Seat 2: winbig1221 ($1 in chips) 
Seat 3: Akipon ($1.92 in chips) 
Seat 4: hackmo ($3.62 in chips) 
Seat 5: schop.ot.14 ($3.31 in chips) 
Seat 6: Juagonzalez ($2.36 in chips) 
Seat 7: szajcz ($2.27 in chips) 
Seat 8: Dorex2007 ($2.03 in chips) 
Seat 9: Pepono101 ($3.17 in chips) 
Juagonzalez: posts small blind $0.01
szajcz: posts big blind $0.02
winbig1221: posts big blind $0.02
*** HOLE CARDS ***
Dealt to Dorex2007 [7d Ad]
Dorex2007: folds 
Pepono101: folds 
runrunspace: calls $0.02
winbig1221: checks 
Akipon: folds 
hackmo: folds 
schop.ot.14: folds 
Juagonzalez: folds 
szajcz: checks 
*** FLOP *** [6d 3h Qd]
szajcz: checks 
runrunspace: checks 
winbig1221: checks 
*** TURN *** [6d 3h Qd] [Th]
szajcz: bets $0.02
runrunspace: calls $0.02
winbig1221: calls $0.02
*** RIVER *** [6d 3h Qd Th] [Qc]
szajcz: bets $0.13
runrunspace: folds 
winbig1221: folds 
Uncalled bet ($0.13) returned to szajcz
szajcz collected $0.13 from pot
szajcz: doesn't show hand 
*** SUMMARY ***
Total pot $0.13 | Rake $0 
Board [6d 3h Qd Th Qc]
Seat 1: runrunspace folded on the River
Seat 2: winbig1221 folded on the River
Seat 3: Akipon folded before Flop (didn't bet)
Seat 4: hackmo folded before Flop (didn't bet)
Seat 5: schop.ot.14 (button) folded before Flop (didn't bet)
Seat 6: Juagonzalez (small blind) folded before Flop
Seat 7: szajcz (big blind) collected ($0.13)
Seat 8: Dorex2007 folded before Flop (didn't bet)
Seat 9: Pepono101 folded before Flop (didn't bet)



PokerStars Hand #224783306058:  Hold'em No Limit ($0.01/$0.02 USD) - 2021/03/13 17:03:32 PT [2021/03/13 20:03:32 ET]
Table 'Philippina II' 9-max Seat #6 is the button
Seat 1: runrunspace ($0.48 in chips) 
Seat 2: winbig1221 ($0.96 in chips) 
Seat 3: Akipon ($1.92 in chips) 
Seat 4: hackmo ($3.62 in chips) 
Seat 5: schop.ot.14 ($3.31 in chips) 
Seat 6: Juagonzalez ($2.35 in chips) 
Seat 7: szajcz ($2.36 in chips) 
Seat 8: Dorex2007 ($2.03 in chips) 
Seat 9: Pepono101 ($3.17 in chips) 
szajcz: posts small blind $0.01
Dorex2007: posts big blind $0.02
*** HOLE CARDS ***
Dealt to Dorex2007 [5d Ah]
Pepono101: folds 
runrunspace: calls $0.02
winbig1221: calls $0.02
Akipon: folds 
hackmo: calls $0.02
schop.ot.14: raises $0.04 to $0.06
Juagonzalez: folds 
szajcz: folds 
Dorex2007: folds 
runrunspace: calls $0.04
winbig1221: calls $0.04
hackmo: calls $0.04
*** FLOP *** [4c Kh Js]
runrunspace: checks 
winbig1221: checks 
hackmo: checks 
schop.ot.14: bets $0.12
runrunspace: calls $0.12
winbig1221: folds 
hackmo: calls $0.12
*** TURN *** [4c Kh Js] [2d]
runrunspace: checks 
hackmo: checks 
schop.ot.14: bets $0.08
runrunspace: calls $0.08
hackmo: calls $0.08
*** RIVER *** [4c Kh Js 2d] [9c]
runrunspace: checks 
hackmo: checks 
schop.ot.14: checks 
*** SHOW DOWN ***
runrunspace: shows [As 2s] (a pair of Deuces)
hackmo: shows [Qs 9s] (a pair of Nines)
schop.ot.14: shows [Jc Qc] (a pair of Jacks)
schop.ot.14 collected $0.84 from pot
*** SUMMARY ***
Total pot $0.87 | Rake $0.03 
Board [4c Kh Js 2d 9c]
Seat 1: runrunspace showed [As 2s] and lost with a pair of Deuces
Seat 2: winbig1221 folded on the Flop
Seat 3: Akipon folded before Flop (didn't bet)
Seat 4: hackmo showed [Qs 9s] and lost with a pair of Nines
Seat 5: schop.ot.14 showed [Jc Qc] and won ($0.84) with a pair of Jacks
Seat 6: Juagonzalez (button) folded before Flop (didn't bet)
Seat 7: szajcz (small blind) folded before Flop
Seat 8: Dorex2007 (big blind) folded before Flop
Seat 9: Pepono101 folded before Flop (didn't bet)



PokerStars Hand #224783345888:  Hold'em No Limit ($0.01/$0.02 USD) - 2021/03/13 17:05:13 PT [2021/03/13 20:05:13 ET]
Table 'Philippina II' 9-max Seat #7 is the button
Seat 1: runrunspace ($0.22 in chips) 
Seat 2: winbig1221 ($0.90 in chips) 
Seat 3: Akipon ($1.92 in chips) 
Seat 4: hackmo ($3.36 in chips) 
Seat 6: Juagonzalez ($2.35 in chips) 
Seat 7: szajcz ($2.35 in chips) 
Seat 8: Dorex2007 ($2.01 in chips) 
Seat 9: Pepono101 ($3.17 in chips) 
Dorex2007: posts small blind $0.01
Pepono101: posts big blind $0.02
*** HOLE CARDS ***
Dealt to Dorex2007 [9h 6s]
runrunspace: calls $0.02
winbig1221: folds 
Akipon: folds 
hackmo: folds 
Juagonzalez: folds 
szajcz: raises $0.02 to $0.04
Dorex2007: folds 
Pepono101: folds 
runrunspace: calls $0.02
*** FLOP *** [5c 4h 9d]
runrunspace: checks 
schop.ot.14 is disconnected 
szajcz: bets $0.11
runrunspace: folds 
Uncalled bet ($0.11) returned to szajcz
szajcz collected $0.11 from pot
*** SUMMARY ***
Total pot $0.11 | Rake $0 
Board [5c 4h 9d]
Seat 1: runrunspace folded on the Flop
Seat 2: winbig1221 folded before Flop (didn't bet)
Seat 3: Akipon folded before Flop (didn't bet)
Seat 4: hackmo folded before Flop (didn't bet)
Seat 6: Juagonzalez folded before Flop (didn't bet)
Seat 7: szajcz (button) collected ($0.11)
Seat 8: Dorex2007 (small blind) folded before Flop
Seat 9: Pepono101 (big blind) folded before Flop



PokerStars Hand #224783365560:  Hold'em No Limit ($0.01/$0.02 USD) - 2021/03/13 17:05:44 PT [2021/03/13 20:05:44 ET]
Table 'Philippina II' 9-max Seat #8 is the button
Seat 1: runrunspace ($0.18 in chips) 
Seat 2: winbig1221 ($0.90 in chips) 
Seat 3: Akipon ($1.92 in chips) 
Seat 4: hackmo ($3.36 in chips) 
Seat 6: Juagonzalez ($2.35 in chips) 
Seat 7: szajcz ($2.42 in chips) 
Seat 8: Dorex2007 ($2 in chips) 
Seat 9: Pepono101 ($3.15 in chips) 
Pepono101: posts small blind $0.01
runrunspace: posts big blind $0.02
*** HOLE CARDS ***
Dealt to Dorex2007 [Ac Ts]
winbig1221: folds 
Akipon: folds 
hackmo: folds 
Juagonzalez: folds 
szajcz: raises $0.02 to $0.04
Dorex2007: calls $0.04
Pepono101: calls $0.03
runrunspace: calls $0.02
*** FLOP *** [7s Jh 6h]
Pepono101: checks 
runrunspace: checks 
szajcz: checks 
Dorex2007: checks 
*** TURN *** [7s Jh 6h] [8s]
Pepono101: checks 
runrunspace: checks 
szajcz: bets $0.15
Dorex2007: folds 
Pepono101: folds 
runrunspace: folds 
Uncalled bet ($0.15) returned to szajcz
szajcz collected $0.15 from pot
*** SUMMARY ***
Total pot $0.16 | Rake $0.01 
Board [7s Jh 6h 8s]
Seat 1: runrunspace (big blind) folded on the Turn
Seat 2: winbig1221 folded before Flop (didn't bet)
Seat 3: Akipon folded before Flop (didn't bet)
Seat 4: hackmo folded before Flop (didn't bet)
Seat 6: Juagonzalez folded before Flop (didn't bet)
Seat 7: szajcz collected ($0.15)
Seat 8: Dorex2007 (button) folded on the Turn
Seat 9: Pepono101 (small blind) folded on the Turn



PokerStars Hand #224783396160:  Hold'em No Limit ($0.01/$0.02 USD) - 2021/03/13 17:07:02 PT [2021/03/13 20:07:02 ET]
Table 'Philippina II' 9-max Seat #9 is the button
Seat 1: runrunspace ($0.14 in chips) 
Seat 2: winbig1221 ($0.90 in chips) 
Seat 3: Akipon ($1.92 in chips) 
Seat 4: hackmo ($3.36 in chips) 
Seat 6: Juagonzalez ($2.35 in chips) 
Seat 7: szajcz ($2.53 in chips) 
Seat 8: Dorex2007 ($1.96 in chips) 
Seat 9: Pepono101 ($3.11 in chips) 
runrunspace: posts small blind $0.01
winbig1221: posts big blind $0.02
*** HOLE CARDS ***
Dealt to Dorex2007 [4h 8s]
Akipon: folds 
hackmo: folds 
Juagonzalez: folds 
szajcz: folds 
Dorex2007: folds 
Pepono101: folds 
runrunspace: calls $0.01
winbig1221: checks 
*** FLOP *** [6h Ah 3d]
runrunspace: checks 
winbig1221: checks 
*** TURN *** [6h Ah 3d] [3s]
runrunspace: checks 
winbig1221: checks 
*** RIVER *** [6h Ah 3d 3s] [3c]
runrunspace: checks 
winbig1221: checks 
*** SHOW DOWN ***
runrunspace: shows [4c 5s] (three of a kind, Threes)
winbig1221: shows [Jd 8d] (three of a kind, Threes - Ace+Jack kicker)
winbig1221 collected $0.04 from pot
*** SUMMARY ***
Total pot $0.04 | Rake $0 
Board [6h Ah 3d 3s 3c]
Seat 1: runrunspace (small blind) showed [4c 5s] and lost with three of a kind, Threes
Seat 2: winbig1221 (big blind) showed [Jd 8d] and won ($0.04) with three of a kind, Threes
Seat 3: Akipon folded before Flop (didn't bet)
Seat 4: hackmo folded before Flop (didn't bet)
Seat 6: Juagonzalez folded before Flop (didn't bet)
Seat 7: szajcz folded before Flop (didn't bet)
Seat 8: Dorex2007 folded before Flop (didn't bet)
Seat 9: Pepono101 (button) folded before Flop (didn't bet)



PokerStars Hand #224783420405:  Hold'em No Limit ($0.01/$0.02 USD) - 2021/03/13 17:08:01 PT [2021/03/13 20:08:01 ET]
Table 'Philippina II' 9-max Seat #1 is the button
Seat 1: runrunspace ($0.12 in chips) 
Seat 2: winbig1221 ($0.92 in chips) 
Seat 3: Akipon ($1.92 in chips) 
Seat 4: hackmo ($3.36 in chips) 
Seat 6: Juagonzalez ($2.35 in chips) 
Seat 7: szajcz ($2.53 in chips) 
Seat 8: Dorex2007 ($1.96 in chips) 
Seat 9: Pepono101 ($3.11 in chips) 
winbig1221: posts small blind $0.01
Akipon: posts big blind $0.02
*** HOLE CARDS ***
Dealt to Dorex2007 [5s 3c]
hackmo: folds 
Juagonzalez: folds 
szajcz: folds 
Dorex2007: folds 
Pepono101: folds 
runrunspace: calls $0.02
winbig1221: folds 
Akipon: raises $0.04 to $0.06
runrunspace: calls $0.04
*** FLOP *** [8d 7c 7h]
Akipon: checks 
runrunspace: checks 
*** TURN *** [8d 7c 7h] [Ad]
Akipon: bets $0.08
runrunspace: calls $0.06 and is all-in
Uncalled bet ($0.02) returned to Akipon
*** RIVER *** [8d 7c 7h Ad] [2d]
*** SHOW DOWN ***
Akipon: shows [9h Ah] (two pair, Aces and Sevens)
runrunspace: shows [6h 4c] (a pair of Sevens)
Akipon collected $0.24 from pot
*** SUMMARY ***
Total pot $0.25 | Rake $0.01 
Board [8d 7c 7h Ad 2d]
Seat 1: runrunspace (button) showed [6h 4c] and lost with a pair of Sevens
Seat 2: winbig1221 (small blind) folded before Flop
Seat 3: Akipon (big blind) showed [9h Ah] and won ($0.24) with two pair, Aces and Sevens
Seat 4: hackmo folded before Flop (didn't bet)
Seat 6: Juagonzalez folded before Flop (didn't bet)
Seat 7: szajcz folded before Flop (didn't bet)
Seat 8: Dorex2007 folded before Flop (didn't bet)
Seat 9: Pepono101 folded before Flop (didn't bet)



PokerStars Hand #224783435367:  Hold'em No Limit ($0.01/$0.02 USD) - 2021/03/13 17:08:39 PT [2021/03/13 20:08:39 ET]
Table 'Philippina II' 9-max Seat #2 is the button
Seat 2: winbig1221 ($0.91 in chips) 
Seat 3: Akipon ($2.04 in chips) 
Seat 4: hackmo ($3.36 in chips) 
Seat 6: Juagonzalez ($2.35 in chips) 
Seat 7: szajcz ($2.53 in chips) 
Seat 8: Dorex2007 ($1.96 in chips) 
Seat 9: Pepono101 ($3.11 in chips) 
Akipon: posts small blind $0.01
hackmo: posts big blind $0.02
*** HOLE CARDS ***
Dealt to Dorex2007 [3h Js]
Juagonzalez: raises $0.04 to $0.06
szajcz: folds 
Dorex2007: folds 
Pepono101: raises $0.08 to $0.14
szajcz is disconnected 
winbig1221: folds 
Akipon: folds 
hackmo: folds 
Juagonzalez: calls $0.08
*** FLOP *** [3c Qh 6h]
Akipon leaves the table
Juagonzalez: checks 
Pepono101: bets $0.16
Juagonzalez: folds 
Uncalled bet ($0.16) returned to Pepono101
Pepono101 collected $0.30 from pot
Pepono101: doesn't show hand 
*** SUMMARY ***
Total pot $0.31 | Rake $0.01 
Board [3c Qh 6h]
Seat 2: winbig1221 (button) folded before Flop (didn't bet)
Seat 3: Akipon (small blind) folded before Flop
Seat 4: hackmo (big blind) folded before Flop
Seat 6: Juagonzalez folded on the Flop
Seat 7: szajcz folded before Flop (didn't bet)
Seat 8: Dorex2007 folded before Flop (didn't bet)
Seat 9: Pepono101 collected ($0.30)



PokerStars Hand #224783447792:  Hold'em No Limit ($0.01/$0.02 USD) - 2021/03/13 17:09:10 PT [2021/03/13 20:09:10 ET]
Table 'Philippina II' 9-max Seat #4 is the button
Seat 1: runrunspace ($0.80 in chips) 
Seat 2: winbig1221 ($0.91 in chips) 
Seat 4: hackmo ($3.34 in chips) 
Seat 6: Juagonzalez ($2.21 in chips) 
Seat 7: szajcz ($2.53 in chips) 
Seat 8: Dorex2007 ($1.96 in chips) 
Seat 9: Pepono101 ($3.27 in chips) 
Juagonzalez: posts small blind $0.01
szajcz: posts big blind $0.02
*** HOLE CARDS ***
Dealt to Dorex2007 [7d 9s]
Dorex2007: calls $0.02
Pepono101: calls $0.02
runrunspace: calls $0.02
winbig1221: folds 
hackmo: calls $0.02
Juagonzalez: folds 
szajcz: checks 
*** FLOP *** [Ts 7h Qh]
szajcz: checks 
Dorex2007: checks 
Pepono101: bets $0.10
runrunspace: calls $0.10
szajcz is disconnected 
hackmo: calls $0.10
szajcz is connected 
szajcz: folds 
Dorex2007: folds 
*** TURN *** [Ts 7h Qh] [6d]
Pepono101: bets $0.40
runrunspace: raises $0.28 to $0.68 and is all-in
hackmo: calls $0.68
Pepono101: calls $0.28
*** RIVER *** [Ts 7h Qh 6d] [9h]
Pepono101: checks 
hackmo: bets $1.57
Pepono101: calls $1.57
*** SHOW DOWN ***
hackmo: shows [Ah 3h] (a flush, Ace high)
Pepono101: mucks hand 
hackmo collected $3.03 from side pot
runrunspace: mucks hand 
hackmo collected $2.36 from main pot
*** SUMMARY ***
Total pot $5.59 Main pot $2.36. Side pot $3.03. | Rake $0.20 
Board [Ts 7h Qh 6d 9h]
Seat 1: runrunspace mucked [Jd 9d]
Seat 2: winbig1221 folded before Flop (didn't bet)
Seat 4: hackmo (button) showed [Ah 3h] and won ($5.39) with a flush, Ace high
Seat 6: Juagonzalez (small blind) folded before Flop
Seat 7: szajcz (big blind) folded on the Flop
Seat 8: Dorex2007 folded on the Flop
Seat 9: Pepono101 mucked [7c Qc]



PokerStars Hand #224783579416:  Hold'em No Limit ($0.01/$0.02 USD) - 2021/03/13 17:14:33 PT [2021/03/13 20:14:33 ET]
Table 'Philippina II' 9-max Seat #3 is the button
Seat 1: runrunspace ($1.11 in chips) 
Seat 2: winbig1221 ($0.52 in chips) 
Seat 3: Mistomito ($0.66 in chips) 
Seat 4: hackmo ($6.45 in chips) 
Seat 6: NessaCakes ($2 in chips) 
Seat 7: szajcz ($2.60 in chips) 
Seat 8: Dorex2007 ($1.94 in chips) 
hackmo: posts small blind $0.01
NessaCakes: posts big blind $0.02
Dorex2007: posts small & big blinds $0.03
*** HOLE CARDS ***
Dealt to Dorex2007 [Ks 9h]
szajcz: folds 
Dorex2007: checks 
runrunspace: calls $0.02
winbig1221: folds 
Mistomito: calls $0.02
hackmo: calls $0.01
NessaCakes: checks 
*** FLOP *** [8d 4h Td]
hackmo: checks 
NessaCakes: checks 
Dorex2007: checks 
runrunspace: checks 
Mistomito: checks 
*** TURN *** [8d 4h Td] [As]
hackmo: checks 
NessaCakes: checks 
Dorex2007: checks 
runrunspace: checks 
Mistomito: checks 
*** RIVER *** [8d 4h Td As] [8h]
hackmo: checks 
NessaCakes: checks 
Dorex2007: checks 
FilMiami joins the table at seat #9 
runrunspace: bets $0.08
Mistomito: folds 
hackmo: folds 
NessaCakes: folds 
Dorex2007: folds 
Uncalled bet ($0.08) returned to runrunspace
runrunspace collected $0.11 from pot
runrunspace: doesn't show hand 
*** SUMMARY ***
Total pot $0.11 | Rake $0 
Board [8d 4h Td As 8h]
Seat 1: runrunspace collected ($0.11)
Seat 2: winbig1221 folded before Flop (didn't bet)
Seat 3: Mistomito (button) folded on the River
Seat 4: hackmo (small blind) folded on the River
Seat 6: NessaCakes (big blind) folded on the River
Seat 7: szajcz folded before Flop (didn't bet)
Seat 8: Dorex2007 folded on the River (didn't bet)



PokerStars Hand #224783602037:  Hold'em No Limit ($0.01/$0.02 USD) - 2021/03/13 17:15:32 PT [2021/03/13 20:15:32 ET]
Table 'Philippina II' 9-max Seat #4 is the button
Seat 1: runrunspace ($1.20 in chips) 
Seat 2: winbig1221 ($0.52 in chips) 
Seat 3: Mistomito ($0.64 in chips) 
Seat 4: hackmo ($6.43 in chips) 
Seat 6: NessaCakes ($1.98 in chips) 
Seat 7: szajcz ($2.60 in chips) 
Seat 8: Dorex2007 ($1.91 in chips) 
NessaCakes: posts small blind $0.01
szajcz: posts big blind $0.02
FilMiami: sits out 
*** HOLE CARDS ***
Dealt to Dorex2007 [5s Ah]
Dorex2007: folds 
runrunspace: folds 
winbig1221: folds 
Mistomito: folds 
hackmo: folds 
NessaCakes: calls $0.01
szajcz: checks 
*** FLOP *** [Qh Qs 2s]
NessaCakes: bets $0.02
szajcz: folds 
Uncalled bet ($0.02) returned to NessaCakes
NessaCakes collected $0.04 from pot
NessaCakes: doesn't show hand 
*** SUMMARY ***
Total pot $0.04 | Rake $0 
Board [Qh Qs 2s]
Seat 1: runrunspace folded before Flop (didn't bet)
Seat 2: winbig1221 folded before Flop (didn't bet)
Seat 3: Mistomito folded before Flop (didn't bet)
Seat 4: hackmo (button) folded before Flop (didn't bet)
Seat 6: NessaCakes (small blind) collected ($0.04)
Seat 7: szajcz (big blind) folded on the Flop
Seat 8: Dorex2007 folded before Flop (didn't bet)



PokerStars Hand #224783610070:  Hold'em No Limit ($0.01/$0.02 USD) - 2021/03/13 17:15:53 PT [2021/03/13 20:15:53 ET]
Table 'Philippina II' 9-max Seat #6 is the button
Seat 1: runrunspace ($1.20 in chips) 
Seat 2: winbig1221 ($0.52 in chips) 
Seat 3: Mistomito ($0.64 in chips) 
Seat 4: hackmo ($6.43 in chips) 
Seat 6: NessaCakes ($2 in chips) 
Seat 7: szajcz ($2.58 in chips) 
Seat 8: Dorex2007 ($1.91 in chips) 
szajcz: posts small blind $0.01
Dorex2007: posts big blind $0.02
FilMiami: sits out 
*** HOLE CARDS ***
Dealt to Dorex2007 [5s Jc]
runrunspace: calls $0.02
winbig1221: calls $0.02
Mistomito: raises $0.02 to $0.04
hackmo: folds 
NessaCakes: calls $0.04
szajcz: raises $0.26 to $0.30
Dorex2007: folds 
runrunspace: calls $0.28
winbig1221: folds 
Mistomito: folds 
NessaCakes: folds 
*** FLOP *** [3d 7c 6s]
szajcz: bets $0.69
runrunspace: folds 
Uncalled bet ($0.69) returned to szajcz
szajcz collected $0.69 from pot
*** SUMMARY ***
Total pot $0.72 | Rake $0.03 
Board [3d 7c 6s]
Seat 1: runrunspace folded on the Flop
Seat 2: winbig1221 folded before Flop
Seat 3: Mistomito folded before Flop
Seat 4: hackmo folded before Flop (didn't bet)
Seat 6: NessaCakes (button) folded before Flop
Seat 7: szajcz (small blind) collected ($0.69)
Seat 8: Dorex2007 (big blind) folded before Flop



PokerStars Hand #224783636840:  Hold'em No Limit ($0.01/$0.02 USD) - 2021/03/13 17:17:02 PT [2021/03/13 20:17:02 ET]
Table 'Philippina II' 9-max Seat #7 is the button
Seat 1: runrunspace ($0.90 in chips) 
Seat 2: winbig1221 ($0.50 in chips) 
Seat 3: Mistomito ($0.60 in chips) 
Seat 4: hackmo ($6.43 in chips) 
Seat 6: NessaCakes ($1.96 in chips) 
Seat 7: szajcz ($2.97 in chips) 
Seat 8: Dorex2007 ($1.89 in chips) 
Seat 9: FilMiami ($1 in chips) 
Dorex2007: posts small blind $0.01
FilMiami: posts big blind $0.02
*** HOLE CARDS ***
Dealt to Dorex2007 [3c 6s]
runrunspace: folds 
winbig1221: calls $0.02
Mistomito: folds 
hackmo: folds 
NessaCakes: folds 
szajcz: folds 
Dorex2007: folds 
FilMiami: raises $0.05 to $0.07
winbig1221: calls $0.05
*** FLOP *** [3d Ah Kc]
FilMiami: bets $0.05
winbig1221: calls $0.05
*** TURN *** [3d Ah Kc] [6d]
FilMiami: bets $0.08
winbig1221: calls $0.08
*** RIVER *** [3d Ah Kc 6d] [7h]
FilMiami: bets $0.12
winbig1221: calls $0.12
*** SHOW DOWN ***
FilMiami: shows [Qh As] (a pair of Aces)
winbig1221: mucks hand 
FilMiami collected $0.63 from pot
*** SUMMARY ***
Total pot $0.65 | Rake $0.02 
Board [3d Ah Kc 6d 7h]
Seat 1: runrunspace folded before Flop (didn't bet)
Seat 2: winbig1221 mucked [Jd Kh]
Seat 3: Mistomito folded before Flop (didn't bet)
Seat 4: hackmo folded before Flop (didn't bet)
Seat 6: NessaCakes folded before Flop (didn't bet)
Seat 7: szajcz (button) folded before Flop (didn't bet)
Seat 8: Dorex2007 (small blind) folded before Flop
Seat 9: FilMiami (big blind) showed [Qh As] and won ($0.63) with a pair of Aces



PokerStars Hand #224783663920:  Hold'em No Limit ($0.01/$0.02 USD) - 2021/03/13 17:18:13 PT [2021/03/13 20:18:13 ET]
Table 'Philippina II' 9-max Seat #8 is the button
Seat 1: runrunspace ($0.90 in chips) 
Seat 2: winbig1221 ($0.18 in chips) 
Seat 3: Mistomito ($0.60 in chips) 
Seat 4: hackmo ($6.43 in chips) 
Seat 6: NessaCakes ($1.96 in chips) 
Seat 7: szajcz ($2.97 in chips) 
Seat 8: Dorex2007 ($1.88 in chips) 
Seat 9: FilMiami ($1.31 in chips) 
FilMiami: posts small blind $0.01
runrunspace: posts big blind $0.02
schop.ot.14: sits out 
*** HOLE CARDS ***
Dealt to Dorex2007 [9h 7h]
winbig1221: raises $0.02 to $0.04
Mistomito: folds 
hackmo: folds 
NessaCakes: folds 
szajcz: calls $0.04
Dorex2007: folds 
FilMiami: folds 
runrunspace: calls $0.02
*** FLOP *** [5h 7d 4s]
runrunspace: checks 
winbig1221: checks 
szajcz: checks 
*** TURN *** [5h 7d 4s] [Qc]
runrunspace: checks 
winbig1221: checks 
szajcz is disconnected 
szajcz is connected 
szajcz: bets $0.02
runrunspace: calls $0.02
winbig1221: calls $0.02
*** RIVER *** [5h 7d 4s Qc] [5d]
runrunspace: checks 
winbig1221: checks 
szajcz: checks 
*** SHOW DOWN ***
runrunspace: shows [2h 3s] (a pair of Fives)
winbig1221: shows [Ac 4h] (two pair, Fives and Fours)
szajcz: shows [As Qh] (two pair, Queens and Fives)
szajcz collected $0.18 from pot
*** SUMMARY ***
Total pot $0.19 | Rake $0.01 
Board [5h 7d 4s Qc 5d]
Seat 1: runrunspace (big blind) showed [2h 3s] and lost with a pair of Fives
Seat 2: winbig1221 showed [Ac 4h] and lost with two pair, Fives and Fours
Seat 3: Mistomito folded before Flop (didn't bet)
Seat 4: hackmo folded before Flop (didn't bet)
Seat 6: NessaCakes folded before Flop (didn't bet)
Seat 7: szajcz showed [As Qh] and won ($0.18) with two pair, Queens and Fives
Seat 8: Dorex2007 (button) folded before Flop (didn't bet)
Seat 9: FilMiami (small blind) folded before Flop



PokerStars Hand #224783697236:  Hold'em No Limit ($0.01/$0.02 USD) - 2021/03/13 17:19:41 PT [2021/03/13 20:19:41 ET]
Table 'Philippina II' 9-max Seat #9 is the button
Seat 1: runrunspace ($0.84 in chips) 
Seat 2: winbig1221 ($0.12 in chips) 
Seat 3: Mistomito ($0.60 in chips) 
Seat 4: hackmo ($6.43 in chips) 
Seat 5: schop.ot.14 ($3.89 in chips) 
Seat 6: NessaCakes ($1.96 in chips) 
Seat 7: szajcz ($3.09 in chips) 
Seat 8: Dorex2007 ($1.88 in chips) 
Seat 9: FilMiami ($1.30 in chips) 
runrunspace: posts small blind $0.01
winbig1221: posts big blind $0.02
schop.ot.14: posts small & big blinds $0.03
*** HOLE CARDS ***
Dealt to Dorex2007 [4s 6d]
Mistomito: raises $0.04 to $0.06
hackmo: raises $0.10 to $0.16
schop.ot.14: calls $0.14
NessaCakes: folds 
szajcz: folds 
Dorex2007: folds 
FilMiami: folds 
runrunspace: folds 
winbig1221: folds 
Mistomito: calls $0.10
*** FLOP *** [3s Ah 7d]
Mistomito: checks 
hackmo: bets $0.33
schop.ot.14: folds 
Mistomito: raises $0.11 to $0.44 and is all-in
hackmo: calls $0.11
*** TURN *** [3s Ah 7d] [4h]
*** RIVER *** [3s Ah 7d 4h] [Tc]
*** SHOW DOWN ***
Mistomito: shows [Ac Qh] (a pair of Aces)
hackmo: shows [Ad Qs] (a pair of Aces)
Mistomito collected $0.68 from pot
hackmo collected $0.67 from pot
*** SUMMARY ***
Total pot $1.40 | Rake $0.05 
Board [3s Ah 7d 4h Tc]
Seat 1: runrunspace (small blind) folded before Flop
Seat 2: winbig1221 (big blind) folded before Flop
Seat 3: Mistomito showed [Ac Qh] and won ($0.68) with a pair of Aces
Seat 4: hackmo showed [Ad Qs] and won ($0.67) with a pair of Aces
Seat 5: schop.ot.14 folded on the Flop
Seat 6: NessaCakes folded before Flop (didn't bet)
Seat 7: szajcz folded before Flop (didn't bet)
Seat 8: Dorex2007 folded before Flop (didn't bet)
Seat 9: FilMiami (button) folded before Flop (didn't bet)



PokerStars Hand #224783717960:  Hold'em No Limit ($0.01/$0.02 USD) - 2021/03/13 17:20:34 PT [2021/03/13 20:20:34 ET]
Table 'Philippina II' 9-max Seat #1 is the button
Seat 1: runrunspace ($0.83 in chips) 
Seat 2: winbig1221 ($0.10 in chips) 
Seat 3: Mistomito ($0.68 in chips) 
Seat 4: hackmo ($6.50 in chips) 
Seat 5: schop.ot.14 ($3.72 in chips) 
Seat 6: NessaCakes ($1.96 in chips) 
Seat 7: szajcz ($3.09 in chips) 
Seat 8: Dorex2007 ($1.88 in chips) 
Seat 9: FilMiami ($1.30 in chips) 
winbig1221: posts small blind $0.01
Mistomito: posts big blind $0.02
*** HOLE CARDS ***
Dealt to Dorex2007 [Ac Kh]
hackmo: folds 
schop.ot.14: calls $0.02
NessaCakes: folds 
szajcz: calls $0.02
Dorex2007: raises $0.04 to $0.06
FilMiami: folds 
runrunspace: folds 
winbig1221: calls $0.05
Mistomito: folds 
schop.ot.14: calls $0.04
szajcz: calls $0.04
*** FLOP *** [9c 2h 6c]
winbig1221: checks 
schop.ot.14: checks 
szajcz: checks 
Dorex2007: bets $0.17
winbig1221: calls $0.04 and is all-in
schop.ot.14: folds 
szajcz: folds 
Uncalled bet ($0.13) returned to Dorex2007
*** TURN *** [9c 2h 6c] [Tc]
*** RIVER *** [9c 2h 6c Tc] [3s]
*** SHOW DOWN ***
winbig1221: shows [5s 5h] (a pair of Fives)
Dorex2007: shows [Ac Kh] (high card Ace)
winbig1221 collected $0.33 from pot
*** SUMMARY ***
Total pot $0.34 | Rake $0.01 
Board [9c 2h 6c Tc 3s]
Seat 1: runrunspace (button) folded before Flop (didn't bet)
Seat 2: winbig1221 (small blind) showed [5s 5h] and won ($0.33) with a pair of Fives
Seat 3: Mistomito (big blind) folded before Flop
Seat 4: hackmo folded before Flop (didn't bet)
Seat 5: schop.ot.14 folded on the Flop
Seat 6: NessaCakes folded before Flop (didn't bet)
Seat 7: szajcz folded on the Flop
Seat 8: Dorex2007 showed [Ac Kh] and lost with high card Ace
Seat 9: FilMiami folded before Flop (didn't bet)



PokerStars Hand #224783763367:  Hold'em No Limit ($0.01/$0.02 USD) - 2021/03/13 17:22:05 PT [2021/03/13 20:22:05 ET]
Table 'Philippina II' 9-max Seat #2 is the button
Seat 1: runrunspace ($0.83 in chips) 
Seat 2: winbig1221 ($0.33 in chips) 
Seat 3: Mistomito ($0.66 in chips) 
Seat 4: hackmo ($6.50 in chips) 
Seat 5: schop.ot.14 ($3.66 in chips) 
Seat 6: NessaCakes ($1.96 in chips) 
Seat 7: szajcz ($3.03 in chips) 
Seat 8: Dorex2007 ($1.78 in chips) 
Seat 9: FilMiami ($1.30 in chips) 
Mistomito: posts small blind $0.01
hackmo: posts big blind $0.02
*** HOLE CARDS ***
Dealt to Dorex2007 [Kh Js]
schop.ot.14: calls $0.02
NessaCakes: folds 
szajcz: raises $0.02 to $0.04
Dorex2007: calls $0.04
FilMiami: folds 
runrunspace: folds 
winbig1221: folds 
Mistomito: folds 
hackmo: folds 
schop.ot.14: calls $0.02
*** FLOP *** [8h Ah 5c]
schop.ot.14: checks 
szajcz: bets $0.02
Dorex2007: folds 
schop.ot.14: calls $0.02
*** TURN *** [8h Ah 5c] [Td]
schop.ot.14: checks 
szajcz: bets $0.04
schop.ot.14: calls $0.04
*** RIVER *** [8h Ah 5c Td] [As]
schop.ot.14: checks 
szajcz: bets $0.52
schop.ot.14: folds 
Uncalled bet ($0.52) returned to szajcz
szajcz collected $0.26 from pot
*** SUMMARY ***
Total pot $0.27 | Rake $0.01 
Board [8h Ah 5c Td As]
Seat 1: runrunspace folded before Flop (didn't bet)
Seat 2: winbig1221 (button) folded before Flop (didn't bet)
Seat 3: Mistomito (small blind) folded before Flop
Seat 4: hackmo (big blind) folded before Flop
Seat 5: schop.ot.14 folded on the River
Seat 6: NessaCakes folded before Flop (didn't bet)
Seat 7: szajcz collected ($0.26)
Seat 8: Dorex2007 folded on the Flop
Seat 9: FilMiami folded before Flop (didn't bet)



PokerStars Hand #224783790054:  Hold'em No Limit ($0.01/$0.02 USD) - 2021/03/13 17:23:16 PT [2021/03/13 20:23:16 ET]
Table 'Philippina II' 9-max Seat #3 is the button
Seat 1: runrunspace ($0.83 in chips) 
Seat 2: winbig1221 ($0.33 in chips) 
Seat 3: Mistomito ($0.65 in chips) 
Seat 4: hackmo ($6.48 in chips) 
Seat 5: schop.ot.14 ($3.56 in chips) 
Seat 6: NessaCakes ($1.96 in chips) 
Seat 7: szajcz ($3.19 in chips) 
Seat 8: Dorex2007 ($2 in chips) 
Seat 9: FilMiami ($1.30 in chips) 
hackmo: posts small blind $0.01
schop.ot.14: posts big blind $0.02
*** HOLE CARDS ***
Dealt to Dorex2007 [3s Kc]
NessaCakes: calls $0.02
szajcz: calls $0.02
Dorex2007: folds 
FilMiami: folds 
runrunspace: folds 
winbig1221: calls $0.02
Mistomito: folds 
hackmo: calls $0.01
schop.ot.14: checks 
*** FLOP *** [Th Ad 3d]
hackmo: checks 
schop.ot.14: checks 
NessaCakes: bets $0.02
szajcz: raises $0.14 to $0.16
winbig1221: folds 
hackmo: folds 
schop.ot.14: folds 
NessaCakes: calls $0.14
*** TURN *** [Th Ad 3d] [Qh]
NessaCakes: bets $0.02
szajcz: raises $0.45 to $0.47
NessaCakes: folds 
Uncalled bet ($0.45) returned to szajcz
szajcz collected $0.44 from pot
szajcz: doesn't show hand 
*** SUMMARY ***
Total pot $0.46 | Rake $0.02 
Board [Th Ad 3d Qh]
Seat 1: runrunspace folded before Flop (didn't bet)
Seat 2: winbig1221 folded on the Flop
Seat 3: Mistomito (button) folded before Flop (didn't bet)
Seat 4: hackmo (small blind) folded on the Flop
Seat 5: schop.ot.14 (big blind) folded on the Flop
Seat 6: NessaCakes folded on the Turn
Seat 7: szajcz collected ($0.44)
Seat 8: Dorex2007 folded before Flop (didn't bet)
Seat 9: FilMiami folded before Flop (didn't bet)



PokerStars Hand #224783811276:  Hold'em No Limit ($0.01/$0.02 USD) - 2021/03/13 17:24:13 PT [2021/03/13 20:24:13 ET]
Table 'Philippina II' 9-max Seat #4 is the button
Seat 1: runrunspace ($0.83 in chips) 
Seat 2: winbig1221 ($0.31 in chips) 
Seat 3: Mistomito ($0.65 in chips) 
Seat 4: hackmo ($6.46 in chips) 
Seat 5: schop.ot.14 ($3.54 in chips) 
Seat 6: NessaCakes ($1.76 in chips) 
Seat 7: szajcz ($3.43 in chips) 
Seat 8: Dorex2007 ($2 in chips) 
Seat 9: FilMiami ($1.30 in chips) 
schop.ot.14: posts small blind $0.01
NessaCakes: posts big blind $0.02
*** HOLE CARDS ***
Dealt to Dorex2007 [Ts 7d]
szajcz: calls $0.02
Dorex2007: folds 
FilMiami: folds 
runrunspace: folds 
winbig1221: folds 
Mistomito has timed out
Mistomito: folds 
hackmo: folds 
schop.ot.14: folds 
NessaCakes: checks 
*** FLOP *** [5d 8c Qs]
NessaCakes: checks 
szajcz: bets $0.02
NessaCakes: folds 
Uncalled bet ($0.02) returned to szajcz
szajcz collected $0.05 from pot
szajcz: doesn't show hand 
*** SUMMARY ***
Total pot $0.05 | Rake $0 
Board [5d 8c Qs]
Seat 1: runrunspace folded before Flop (didn't bet)
Seat 2: winbig1221 folded before Flop (didn't bet)
Seat 3: Mistomito folded before Flop (didn't bet)
Seat 4: hackmo (button) folded before Flop (didn't bet)
Seat 5: schop.ot.14 (small blind) folded before Flop
Seat 6: NessaCakes (big blind) folded on the Flop
Seat 7: szajcz collected ($0.05)
Seat 8: Dorex2007 folded before Flop (didn't bet)
Seat 9: FilMiami folded before Flop (didn't bet)



PokerStars Hand #224783823457:  Hold'em No Limit ($0.01/$0.02 USD) - 2021/03/13 17:24:45 PT [2021/03/13 20:24:45 ET]
Table 'Philippina II' 9-max Seat #5 is the button
Seat 1: runrunspace ($0.83 in chips) 
Seat 2: winbig1221 ($0.31 in chips) 
Seat 3: Mistomito ($0.65 in chips) 
Seat 4: hackmo ($6.46 in chips) 
Seat 5: schop.ot.14 ($3.53 in chips) 
Seat 6: NessaCakes ($1.74 in chips) 
Seat 7: szajcz ($3.46 in chips) 
Seat 8: Dorex2007 ($2 in chips) 
Seat 9: FilMiami ($1.30 in chips) 
NessaCakes: posts small blind $0.01
szajcz: posts big blind $0.02
*** HOLE CARDS ***
Dealt to Dorex2007 [9d Th]
Dorex2007: folds 
FilMiami: folds 
runrunspace has timed out
runrunspace: folds 
winbig1221: raises $0.02 to $0.04
Mistomito: calls $0.04
hackmo: folds 
schop.ot.14: folds 
NessaCakes: folds 
szajcz: calls $0.02
*** FLOP *** [Qc 3s Ac]
szajcz: checks 
winbig1221: checks 
Mistomito: bets $0.02
szajcz: folds 
winbig1221: calls $0.02
*** TURN *** [Qc 3s Ac] [Tc]
runrunspace is disconnected 
winbig1221: checks 
Mistomito: bets $0.08
winbig1221: folds 
Uncalled bet ($0.08) returned to Mistomito
Mistomito collected $0.16 from pot
Mistomito: doesn't show hand 
*** SUMMARY ***
Total pot $0.17 | Rake $0.01 
Board [Qc 3s Ac Tc]
Seat 1: runrunspace folded before Flop (didn't bet)
Seat 2: winbig1221 folded on the Turn
Seat 3: Mistomito collected ($0.16)
Seat 4: hackmo folded before Flop (didn't bet)
Seat 5: schop.ot.14 (button) folded before Flop (didn't bet)
Seat 6: NessaCakes (small blind) folded before Flop
Seat 7: szajcz (big blind) folded on the Flop
Seat 8: Dorex2007 folded before Flop (didn't bet)
Seat 9: FilMiami folded before Flop (didn't bet)



PokerStars Hand #224783850355:  Hold'em No Limit ($0.01/$0.02 USD) - 2021/03/13 17:25:57 PT [2021/03/13 20:25:57 ET]
Table 'Philippina II' 9-max Seat #6 is the button
Seat 1: runrunspace ($0.83 in chips) 
Seat 2: winbig1221 ($0.25 in chips) 
Seat 3: Mistomito ($0.75 in chips) 
Seat 4: hackmo ($6.46 in chips) 
Seat 5: schop.ot.14 ($3.53 in chips) 
Seat 6: NessaCakes ($1.73 in chips) 
Seat 7: szajcz ($3.42 in chips) 
Seat 8: Dorex2007 ($2 in chips) 
Seat 9: FilMiami ($1.30 in chips) 
szajcz: posts small blind $0.01
Dorex2007: posts big blind $0.02
*** HOLE CARDS ***
Dealt to Dorex2007 [3d 5d]
FilMiami: folds 
runrunspace has timed out while disconnected
runrunspace: folds 
winbig1221: folds 
Mistomito: calls $0.02
hackmo: folds 
schop.ot.14: folds 
NessaCakes: folds 
szajcz: folds 
Dorex2007: checks 
*** FLOP *** [8c Kh Jh]
Dorex2007: checks 
Mistomito: bets $0.02
Dorex2007: folds 
Uncalled bet ($0.02) returned to Mistomito
Mistomito collected $0.05 from pot
Mistomito: doesn't show hand 
*** SUMMARY ***
Total pot $0.05 | Rake $0 
Board [8c Kh Jh]
Seat 1: runrunspace folded before Flop (didn't bet)
Seat 2: winbig1221 folded before Flop (didn't bet)
Seat 3: Mistomito collected ($0.05)
Seat 4: hackmo folded before Flop (didn't bet)
Seat 5: schop.ot.14 folded before Flop (didn't bet)
Seat 6: NessaCakes (button) folded before Flop (didn't bet)
Seat 7: szajcz (small blind) folded before Flop
Seat 8: Dorex2007 (big blind) folded on the Flop
Seat 9: FilMiami folded before Flop (didn't bet)



PokerStars Hand #224783870176:  Hold'em No Limit ($0.01/$0.02 USD) - 2021/03/13 17:26:51 PT [2021/03/13 20:26:51 ET]
Table 'Philippina II' 9-max Seat #7 is the button
Seat 2: winbig1221 ($0.25 in chips) 
Seat 3: Mistomito ($0.78 in chips) 
Seat 4: hackmo ($6.46 in chips) 
Seat 5: schop.ot.14 ($3.53 in chips) 
Seat 6: NessaCakes ($1.73 in chips) 
Seat 7: szajcz ($3.41 in chips) 
Seat 8: Dorex2007 ($1.98 in chips) 
Seat 9: FilMiami ($1.30 in chips) 
Dorex2007: posts small blind $0.01
FilMiami: posts big blind $0.02
*** HOLE CARDS ***
Dealt to Dorex2007 [5c 7s]
winbig1221: folds 
Mistomito: folds 
hackmo: folds 
schop.ot.14: folds 
NessaCakes: folds 
szajcz: folds 
Dorex2007: folds 
Uncalled bet ($0.01) returned to FilMiami
FilMiami collected $0.02 from pot
FilMiami: doesn't show hand 
*** SUMMARY ***
Total pot $0.02 | Rake $0 
Seat 2: winbig1221 folded before Flop (didn't bet)
Seat 3: Mistomito folded before Flop (didn't bet)
Seat 4: hackmo folded before Flop (didn't bet)
Seat 5: schop.ot.14 folded before Flop (didn't bet)
Seat 6: NessaCakes folded before Flop (didn't bet)
Seat 7: szajcz (button) folded before Flop (didn't bet)
Seat 8: Dorex2007 (small blind) folded before Flop
Seat 9: FilMiami (big blind) collected ($0.02)



PokerStars Hand #224783877312:  Hold'em No Limit ($0.01/$0.02 USD) - 2021/03/13 17:27:10 PT [2021/03/13 20:27:10 ET]
Table 'Philippina II' 9-max Seat #8 is the button
Seat 2: winbig1221 ($0.25 in chips) 
Seat 3: Mistomito ($0.78 in chips) 
Seat 4: hackmo ($6.46 in chips) 
Seat 5: schop.ot.14 ($3.53 in chips) 
Seat 6: NessaCakes ($1.73 in chips) 
Seat 7: szajcz ($3.41 in chips) 
Seat 8: Dorex2007 ($1.97 in chips) 
Seat 9: FilMiami ($1.31 in chips) 
FilMiami: posts small blind $0.01
winbig1221: posts big blind $0.02
*** HOLE CARDS ***
Dealt to Dorex2007 [Qh Tc]
Mistomito has timed out
Mistomito: folds 
hackmo: calls $0.02
schop.ot.14: folds 
NessaCakes: folds 
szajcz: calls $0.02
Dorex2007: calls $0.02
FilMiami: calls $0.01
winbig1221: checks 
*** FLOP *** [3d 6c 7d]
FilMiami: checks 
winbig1221: checks 
hackmo: checks 
szajcz: checks 
Dorex2007: checks 
*** TURN *** [3d 6c 7d] [Qd]
FilMiami: checks 
winbig1221: bets $0.02
hackmo: raises $0.07 to $0.09
szajcz: folds 
Dorex2007: folds 
FilMiami: folds 
winbig1221: calls $0.07
*** RIVER *** [3d 6c 7d Qd] [9c]
winbig1221: bets $0.14 and is all-in
hackmo: calls $0.14
*** SHOW DOWN ***
winbig1221: shows [5d 8d] (a flush, Queen high)
hackmo: shows [Jd Qs] (a pair of Queens)
winbig1221 collected $0.54 from pot
*** SUMMARY ***
Total pot $0.56 | Rake $0.02 
Board [3d 6c 7d Qd 9c]
Seat 2: winbig1221 (big blind) showed [5d 8d] and won ($0.54) with a flush, Queen high
Seat 3: Mistomito folded before Flop (didn't bet)
Seat 4: hackmo showed [Jd Qs] and lost with a pair of Queens
Seat 5: schop.ot.14 folded before Flop (didn't bet)
Seat 6: NessaCakes folded before Flop (didn't bet)
Seat 7: szajcz folded on the Turn
Seat 8: Dorex2007 (button) folded on the Turn
Seat 9: FilMiami (small blind) folded on the Turn



PokerStars Hand #224783922018:  Hold'em No Limit ($0.01/$0.02 USD) - 2021/03/13 17:28:59 PT [2021/03/13 20:28:59 ET]
Table 'Philippina II' 9-max Seat #9 is the button
Seat 2: winbig1221 ($0.54 in chips) 
Seat 3: Mistomito ($0.78 in chips) 
Seat 4: hackmo ($6.21 in chips) 
Seat 5: schop.ot.14 ($3.53 in chips) 
Seat 6: NessaCakes ($1.73 in chips) 
Seat 7: szajcz ($3.39 in chips) 
Seat 8: Dorex2007 ($1.95 in chips) 
Seat 9: FilMiami ($1.29 in chips) 
winbig1221: posts small blind $0.01
Mistomito: posts big blind $0.02
*** HOLE CARDS ***
Dealt to Dorex2007 [2d Kh]
hackmo: folds 
schop.ot.14: folds 
NessaCakes: calls $0.02
szajcz: calls $0.02
Dorex2007: folds 
FilMiami: folds 
winbig1221: calls $0.01
Mistomito: checks 
*** FLOP *** [Jc Ah 4s]
winbig1221: checks 
Mistomito: checks 
NessaCakes: bets $0.08
szajcz: raises $0.24 to $0.32
winbig1221: folds 
Mistomito: folds 
NessaCakes: calls $0.24
*** TURN *** [Jc Ah 4s] [9d]
NessaCakes: bets $0.69
szajcz: raises $2.36 to $3.05 and is all-in
NessaCakes: calls $0.70 and is all-in
Uncalled bet ($1.66) returned to szajcz
*** RIVER *** [Jc Ah 4s 9d] [3c]
*** SHOW DOWN ***
NessaCakes: shows [As 9c] (two pair, Aces and Nines)
szajcz: shows [Td Ad] (a pair of Aces)
NessaCakes collected $3.38 from pot
szajcz cashed out the hand for $0.46
*** SUMMARY ***
Total pot $3.50 | Rake $0.12 
Board [Jc Ah 4s 9d 3c]
Seat 2: winbig1221 (small blind) folded on the Flop
Seat 3: Mistomito (big blind) folded on the Flop
Seat 4: hackmo folded before Flop (didn't bet)
Seat 5: schop.ot.14 folded before Flop (didn't bet)
Seat 6: NessaCakes showed [As 9c] and won ($3.38) with two pair, Aces and Nines
Seat 7: szajcz showed [Td Ad] and lost with a pair of Aces (cashed out).
Seat 8: Dorex2007 folded before Flop (didn't bet)
Seat 9: FilMiami (button) folded before Flop (didn't bet)



PokerStars Hand #224783953076:  Hold'em No Limit ($0.01/$0.02 USD) - 2021/03/13 17:30:23 PT [2021/03/13 20:30:23 ET]
Table 'Philippina II' 9-max Seat #2 is the button
Seat 2: winbig1221 ($0.52 in chips) 
Seat 3: Mistomito ($0.76 in chips) 
Seat 4: hackmo ($6.21 in chips) 
Seat 6: NessaCakes ($3.38 in chips) 
Seat 7: szajcz ($2.12 in chips) 
Seat 8: Dorex2007 ($1.95 in chips) 
Seat 9: FilMiami ($1.29 in chips) 
Mistomito: posts small blind $0.01
hackmo: posts big blind $0.02
*** HOLE CARDS ***
Dealt to Dorex2007 [Ad 8h]
szajcz is disconnected 
NessaCakes: calls $0.02
szajcz is connected 
szajcz has timed out
szajcz: folds 
Dorex2007: folds 
FilMiami: folds 
winbig1221: folds 
Mistomito: calls $0.01
hackmo: raises $0.08 to $0.10
NessaCakes: folds 
Mistomito: calls $0.08
*** FLOP *** [6h 3c 2h]
Mistomito: checks 
hackmo: bets $0.14
Mistomito: folds 
Uncalled bet ($0.14) returned to hackmo
hackmo collected $0.21 from pot
hackmo: doesn't show hand 
*** SUMMARY ***
Total pot $0.22 | Rake $0.01 
Board [6h 3c 2h]
Seat 2: winbig1221 (button) folded before Flop (didn't bet)
Seat 3: Mistomito (small blind) folded on the Flop
Seat 4: hackmo (big blind) collected ($0.21)
Seat 6: NessaCakes folded before Flop
Seat 7: szajcz folded before Flop (didn't bet)
Seat 8: Dorex2007 folded before Flop (didn't bet)
Seat 9: FilMiami folded before Flop (didn't bet)



PokerStars Hand #224783975429:  Hold'em No Limit ($0.01/$0.02 USD) - 2021/03/13 17:31:22 PT [2021/03/13 20:31:22 ET]
Table 'Philippina II' 9-max Seat #3 is the button
Seat 2: winbig1221 ($0.52 in chips) 
Seat 3: Mistomito ($0.66 in chips) 
Seat 4: hackmo ($6.32 in chips) 
Seat 6: NessaCakes ($3.36 in chips) 
Seat 7: szajcz ($2.12 in chips) 
Seat 8: Dorex2007 ($1.95 in chips) 
Seat 9: FilMiami ($1.29 in chips) 
hackmo: posts small blind $0.01
NessaCakes: posts big blind $0.02
*** HOLE CARDS ***
Dealt to Dorex2007 [Kd Ah]
szajcz: calls $0.02
Dorex2007: raises $0.04 to $0.06
FilMiami: folds 
winbig1221: folds 
szajcz is disconnected 
Mistomito: calls $0.06
hackmo: folds 
NessaCakes: folds 
szajcz has timed out while disconnected
szajcz: folds 
*** FLOP *** [Th 2h 9c]
Dorex2007: checks 
Mistomito: checks 
*** TURN *** [Th 2h 9c] [Kh]
Dorex2007: bets $0.16
Mistomito: folds 
Uncalled bet ($0.16) returned to Dorex2007
Dorex2007 collected $0.16 from pot
Dorex2007: doesn't show hand 
*** SUMMARY ***
Total pot $0.17 | Rake $0.01 
Board [Th 2h 9c Kh]
Seat 2: winbig1221 folded before Flop (didn't bet)
Seat 3: Mistomito (button) folded on the Turn
Seat 4: hackmo (small blind) folded before Flop
Seat 6: NessaCakes (big blind) folded before Flop
Seat 7: szajcz folded before Flop
Seat 8: Dorex2007 collected ($0.16)
Seat 9: FilMiami folded before Flop (didn't bet)



PokerStars Hand #224784004379:  Hold'em No Limit ($0.01/$0.02 USD) - 2021/03/13 17:32:41 PT [2021/03/13 20:32:41 ET]
Table 'Philippina II' 9-max Seat #4 is the button
Seat 2: winbig1221 ($0.52 in chips) 
Seat 3: Mistomito ($0.60 in chips) 
Seat 4: hackmo ($6.31 in chips) 
Seat 6: NessaCakes ($3.34 in chips) 
Seat 7: szajcz ($2.10 in chips) 
Seat 8: Dorex2007 ($2.05 in chips) 
Seat 9: FilMiami ($1.29 in chips) 
NessaCakes: posts small blind $0.01
szajcz: posts big blind $0.02
*** HOLE CARDS ***
Dealt to Dorex2007 [2d Qc]
Dorex2007: folds 
FilMiami: raises $0.04 to $0.06
winbig1221: folds 
Mistomito: calls $0.06
hackmo: folds 
NessaCakes: folds 
szajcz: folds 
*** FLOP *** [7d 4d 3c]
FilMiami: bets $0.06
Mistomito: calls $0.06
*** TURN *** [7d 4d 3c] [6h]
FilMiami: bets $0.09
Mistomito: folds 
Uncalled bet ($0.09) returned to FilMiami
FilMiami collected $0.26 from pot
FilMiami: doesn't show hand 
*** SUMMARY ***
Total pot $0.27 | Rake $0.01 
Board [7d 4d 3c 6h]
Seat 2: winbig1221 folded before Flop (didn't bet)
Seat 3: Mistomito folded on the Turn
Seat 4: hackmo (button) folded before Flop (didn't bet)
Seat 6: NessaCakes (small blind) folded before Flop
Seat 7: szajcz (big blind) folded before Flop
Seat 8: Dorex2007 folded before Flop (didn't bet)
Seat 9: FilMiami collected ($0.26)



PokerStars Hand #224784026874:  Hold'em No Limit ($0.01/$0.02 USD) - 2021/03/13 17:33:42 PT [2021/03/13 20:33:42 ET]
Table 'Philippina II' 9-max Seat #6 is the button
Seat 2: winbig1221 ($0.52 in chips) 
Seat 3: Mistomito ($0.48 in chips) 
Seat 4: hackmo ($6.31 in chips) 
Seat 6: NessaCakes ($3.33 in chips) 
Seat 7: szajcz ($2.08 in chips) 
Seat 8: Dorex2007 ($2.05 in chips) 
Seat 9: FilMiami ($1.43 in chips) 
szajcz: posts small blind $0.01
Dorex2007: posts big blind $0.02
runrunspace: sits out 
*** HOLE CARDS ***
Dealt to Dorex2007 [8c Ts]
FilMiami: raises $0.02 to $0.04
winbig1221: folds 
Mistomito: folds 
hackmo: calls $0.04
NessaCakes: folds 
szajcz: calls $0.03
Dorex2007: calls $0.02
*** FLOP *** [Jh 7d Tc]
szajcz: bets $0.15
schop.ot.14 is disconnected 
Dorex2007: folds 
FilMiami: folds 
hackmo: calls $0.15
*** TURN *** [Jh 7d Tc] [9h]
szajcz: bets $0.44
hackmo: calls $0.44
*** RIVER *** [Jh 7d Tc 9h] [5s]
szajcz: bets $1.29
hackmo: folds 
Uncalled bet ($1.29) returned to szajcz
szajcz collected $1.29 from pot
*** SUMMARY ***
Total pot $1.34 | Rake $0.05 
Board [Jh 7d Tc 9h 5s]
Seat 2: winbig1221 folded before Flop (didn't bet)
Seat 3: Mistomito folded before Flop (didn't bet)
Seat 4: hackmo folded on the River
Seat 6: NessaCakes (button) folded before Flop (didn't bet)
Seat 7: szajcz (small blind) collected ($1.29)
Seat 8: Dorex2007 (big blind) folded on the Flop
Seat 9: FilMiami folded on the Flop



PokerStars Hand #224784054634:  Hold'em No Limit ($0.01/$0.02 USD) - 2021/03/13 17:34:48 PT [2021/03/13 20:34:48 ET]
Table 'Philippina II' 9-max Seat #7 is the button
Seat 2: winbig1221 ($0.52 in chips) 
Seat 3: Mistomito ($0.48 in chips) 
Seat 4: hackmo ($5.68 in chips) 
Seat 6: NessaCakes ($3.33 in chips) 
Seat 7: szajcz ($2.74 in chips) 
Seat 8: Dorex2007 ($2.01 in chips) 
Seat 9: FilMiami ($1.39 in chips) 
Dorex2007: posts small blind $0.01
FilMiami: posts big blind $0.02
runrunspace: sits out 
*** HOLE CARDS ***
Dealt to Dorex2007 [Th 3s]
winbig1221: folds 
Mistomito: calls $0.02
hackmo: calls $0.02
NessaCakes: calls $0.02
szajcz: folds 
Dorex2007: folds 
FilMiami: checks 
*** FLOP *** [5s 2c 7c]
FilMiami: checks 
Mistomito: checks 
hackmo: checks 
NessaCakes: bets $0.02
FilMiami: folds 
Mistomito: calls $0.02
hackmo: calls $0.02
*** TURN *** [5s 2c 7c] [5c]
Mistomito: checks 
hackmo: checks 
NessaCakes: checks 
*** RIVER *** [5s 2c 7c 5c] [5h]
Mistomito: bets $0.07
hackmo: calls $0.07
NessaCakes: calls $0.07
*** SHOW DOWN ***
Mistomito: shows [8d 5d] (four of a kind, Fives)
hackmo: mucks hand 
NessaCakes: mucks hand 
Mistomito collected $0.35 from pot
*** SUMMARY ***
Total pot $0.36 | Rake $0.01 
Board [5s 2c 7c 5c 5h]
Seat 2: winbig1221 folded before Flop (didn't bet)
Seat 3: Mistomito showed [8d 5d] and won ($0.35) with four of a kind, Fives
Seat 4: hackmo mucked [4s 4d]
Seat 6: NessaCakes mucked [7s Js]
Seat 7: szajcz (button) folded before Flop (didn't bet)
Seat 8: Dorex2007 (small blind) folded before Flop
Seat 9: FilMiami (big blind) folded on the Flop



PokerStars Hand #224784094097:  Hold'em No Limit ($0.01/$0.02 USD) - 2021/03/13 17:36:11 PT [2021/03/13 20:36:11 ET]
Table 'Philippina II' 9-max Seat #8 is the button
Seat 1: runrunspace ($0.83 in chips) 
Seat 2: winbig1221 ($0.52 in chips) 
Seat 3: Mistomito ($0.72 in chips) 
Seat 4: hackmo ($5.57 in chips) 
Seat 6: NessaCakes ($3.22 in chips) 
Seat 7: szajcz ($2.74 in chips) 
Seat 8: Dorex2007 ($2 in chips) 
Seat 9: FilMiami ($1.37 in chips) 
FilMiami: posts small blind $0.01
runrunspace: posts big blind $0.02
*** HOLE CARDS ***
Dealt to Dorex2007 [Qd Ts]
winbig1221: calls $0.02
Mistomito: calls $0.02
hackmo: folds 
NessaCakes: folds 
szajcz: folds 
Dorex2007: raises $0.04 to $0.06
FilMiami: folds 
runrunspace: folds 
winbig1221: calls $0.04
Mistomito: calls $0.04
*** FLOP *** [7c 2d 3c]
winbig1221: checks 
Mistomito: checks 
Dorex2007: bets $0.13
winbig1221: folds 
Mistomito: calls $0.13
*** TURN *** [7c 2d 3c] [4c]
Mistomito: checks 
Dorex2007: checks 
*** RIVER *** [7c 2d 3c 4c] [8d]
Mistomito: bets $0.45
Dorex2007: folds 
Uncalled bet ($0.45) returned to Mistomito
Mistomito collected $0.45 from pot
Mistomito: doesn't show hand 
*** SUMMARY ***
Total pot $0.47 | Rake $0.02 
Board [7c 2d 3c 4c 8d]
Seat 1: runrunspace (big blind) folded before Flop
Seat 2: winbig1221 folded on the Flop
Seat 3: Mistomito collected ($0.45)
Seat 4: hackmo folded before Flop (didn't bet)
Seat 6: NessaCakes folded before Flop (didn't bet)
Seat 7: szajcz folded before Flop (didn't bet)
Seat 8: Dorex2007 (button) folded on the River
Seat 9: FilMiami (small blind) folded before Flop



PokerStars Hand #224784138897:  Hold'em No Limit ($0.01/$0.02 USD) - 2021/03/13 17:38:09 PT [2021/03/13 20:38:09 ET]
Table 'Philippina II' 9-max Seat #9 is the button
Seat 1: runrunspace ($0.81 in chips) 
Seat 2: winbig1221 ($0.46 in chips) 
Seat 3: Mistomito ($0.98 in chips) 
Seat 4: hackmo ($5.57 in chips) 
Seat 6: NessaCakes ($3.22 in chips) 
Seat 7: szajcz ($2.74 in chips) 
Seat 8: Dorex2007 ($1.81 in chips) 
Seat 9: FilMiami ($1.36 in chips) 
runrunspace: posts small blind $0.01
winbig1221: posts big blind $0.02
*** HOLE CARDS ***
Dealt to Dorex2007 [3d As]
Mistomito: calls $0.02
hackmo: folds 
NessaCakes: folds 
szajcz: raises $0.02 to $0.04
Dorex2007: folds 
FilMiami: calls $0.04
runrunspace: folds 
winbig1221: calls $0.02
Mistomito: calls $0.02
*** FLOP *** [Kc 5c 7s]
winbig1221: checks 
Mistomito: checks 
szajcz: checks 
FilMiami: bets $0.07
winbig1221: calls $0.07
Mistomito: folds 
szajcz: folds 
*** TURN *** [Kc 5c 7s] [8c]
winbig1221: bets $0.35 and is all-in
FilMiami: folds 
Uncalled bet ($0.35) returned to winbig1221
winbig1221 collected $0.30 from pot
winbig1221: doesn't show hand 
*** SUMMARY ***
Total pot $0.31 | Rake $0.01 
Board [Kc 5c 7s 8c]
Seat 1: runrunspace (small blind) folded before Flop
Seat 2: winbig1221 (big blind) collected ($0.30)
Seat 3: Mistomito folded on the Flop
Seat 4: hackmo folded before Flop (didn't bet)
Seat 6: NessaCakes folded before Flop (didn't bet)
Seat 7: szajcz folded on the Flop
Seat 8: Dorex2007 folded before Flop (didn't bet)
Seat 9: FilMiami (button) folded on the Turn



PokerStars Hand #224784167475:  Hold'em No Limit ($0.01/$0.02 USD) - 2021/03/13 17:39:29 PT [2021/03/13 20:39:29 ET]
Table 'Philippina II' 9-max Seat #1 is the button
Seat 1: runrunspace ($0.80 in chips) 
Seat 2: winbig1221 ($0.65 in chips) 
Seat 3: Mistomito ($0.94 in chips) 
Seat 4: hackmo ($5.57 in chips) 
Seat 6: NessaCakes ($3.22 in chips) 
Seat 7: szajcz ($2.70 in chips) 
Seat 8: Dorex2007 ($1.81 in chips) 
Seat 9: FilMiami ($1.25 in chips) 
winbig1221: posts small blind $0.01
Mistomito: posts big blind $0.02
*** HOLE CARDS ***
Dealt to Dorex2007 [3d As]
hackmo: calls $0.02
NessaCakes: folds 
szajcz: raises $0.20 to $0.22
Dorex2007: folds 
FilMiami: folds 
runrunspace: folds 
winbig1221: folds 
Mistomito: folds 
hackmo: folds 
Uncalled bet ($0.20) returned to szajcz
szajcz collected $0.07 from pot
szajcz: doesn't show hand 
*** SUMMARY ***
Total pot $0.07 | Rake $0 
Seat 1: runrunspace (button) folded before Flop (didn't bet)
Seat 2: winbig1221 (small blind) folded before Flop
Seat 3: Mistomito (big blind) folded before Flop
Seat 4: hackmo folded before Flop
Seat 6: NessaCakes folded before Flop (didn't bet)
Seat 7: szajcz collected ($0.07)
Seat 8: Dorex2007 folded before Flop (didn't bet)
Seat 9: FilMiami folded before Flop (didn't bet)



PokerStars Hand #224784191677:  Hold'em No Limit ($0.01/$0.02 USD) - 2021/03/13 17:40:13 PT [2021/03/13 20:40:13 ET]
Table 'Philippina II' 9-max Seat #2 is the button
Seat 1: runrunspace ($0.80 in chips) 
Seat 2: winbig1221 ($0.64 in chips) 
Seat 3: Mistomito ($0.92 in chips) 
Seat 4: hackmo ($5.55 in chips) 
Seat 6: NessaCakes ($3.22 in chips) 
Seat 7: szajcz ($2.75 in chips) 
Seat 8: Dorex2007 ($1.81 in chips) 
Seat 9: FilMiami ($1.25 in chips) 
Mistomito: posts small blind $0.01
hackmo: posts big blind $0.02
*** HOLE CARDS ***
Dealt to Dorex2007 [8d 6s]
NessaCakes: folds 
szajcz: folds 
Dorex2007: folds 
FilMiami: raises $0.02 to $0.04
runrunspace: folds 
winbig1221: raises $0.02 to $0.06
Mistomito: folds 
hackmo: folds 
FilMiami: calls $0.02
*** FLOP *** [9d 7h Qc]
FilMiami: checks 
winbig1221: bets $0.07
FilMiami: folds 
Uncalled bet ($0.07) returned to winbig1221
winbig1221 collected $0.14 from pot
winbig1221: doesn't show hand 
*** SUMMARY ***
Total pot $0.15 | Rake $0.01 
Board [9d 7h Qc]
Seat 1: runrunspace folded before Flop (didn't bet)
Seat 2: winbig1221 (button) collected ($0.14)
Seat 3: Mistomito (small blind) folded before Flop
Seat 4: hackmo (big blind) folded before Flop
Seat 6: NessaCakes folded before Flop (didn't bet)
Seat 7: szajcz folded before Flop (didn't bet)
Seat 8: Dorex2007 folded before Flop (didn't bet)
Seat 9: FilMiami folded on the Flop



PokerStars Hand #224784209782:  Hold'em No Limit ($0.01/$0.02 USD) - 2021/03/13 17:41:03 PT [2021/03/13 20:41:03 ET]
Table 'Philippina II' 9-max Seat #3 is the button
Seat 1: runrunspace ($0.80 in chips) 
Seat 2: winbig1221 ($0.72 in chips) 
Seat 3: Mistomito ($0.91 in chips) 
Seat 4: hackmo ($5.53 in chips) 
Seat 6: NessaCakes ($3.22 in chips) 
Seat 7: szajcz ($2.75 in chips) 
Seat 8: Dorex2007 ($1.81 in chips) 
Seat 9: FilMiami ($1.19 in chips) 
hackmo: posts small blind $0.01
NessaCakes: posts big blind $0.02
*** HOLE CARDS ***
Dealt to Dorex2007 [Kd 3d]
szajcz: folds 
Dorex2007: folds 
FilMiami: folds 
runrunspace: folds 
winbig1221: folds 
Mistomito: raises $0.04 to $0.06
hackmo: folds 
NessaCakes: folds 
Uncalled bet ($0.04) returned to Mistomito
Mistomito collected $0.05 from pot
Mistomito: doesn't show hand 
*** SUMMARY ***
Total pot $0.05 | Rake $0 
Seat 1: runrunspace folded before Flop (didn't bet)
Seat 2: winbig1221 folded before Flop (didn't bet)
Seat 3: Mistomito (button) collected ($0.05)
Seat 4: hackmo (small blind) folded before Flop
Seat 6: NessaCakes (big blind) folded before Flop
Seat 7: szajcz folded before Flop (didn't bet)
Seat 8: Dorex2007 folded before Flop (didn't bet)
Seat 9: FilMiami folded before Flop (didn't bet)



PokerStars Hand #224784216515:  Hold'em No Limit ($0.01/$0.02 USD) - 2021/03/13 17:41:22 PT [2021/03/13 20:41:22 ET]
Table 'Philippina II' 9-max Seat #4 is the button
Seat 1: runrunspace ($0.80 in chips) 
Seat 2: winbig1221 ($0.72 in chips) 
Seat 3: Mistomito ($0.94 in chips) 
Seat 4: hackmo ($5.52 in chips) 
Seat 6: NessaCakes ($3.20 in chips) 
Seat 7: szajcz ($2.75 in chips) 
Seat 8: Dorex2007 ($1.81 in chips) 
Seat 9: FilMiami ($1.19 in chips) 
NessaCakes: posts small blind $0.01
szajcz: posts big blind $0.02
*** HOLE CARDS ***
Dealt to Dorex2007 [Kh 2s]
Dorex2007: folds 
FilMiami: raises $0.02 to $0.04
runrunspace: calls $0.04
winbig1221: raises $0.02 to $0.06
Mistomito: folds 
hackmo: folds 
NessaCakes: calls $0.05
szajcz: folds 
FilMiami: calls $0.02
runrunspace: calls $0.02
*** FLOP *** [Ts 3h 4d]
NessaCakes: checks 
FilMiami: checks 
runrunspace: bets $0.06
winbig1221: calls $0.06
NessaCakes: calls $0.06
FilMiami: calls $0.06
*** TURN *** [Ts 3h 4d] [5s]
NessaCakes: checks 
FilMiami: checks 
runrunspace: bets $0.06
winbig1221: raises $0.30 to $0.36
NessaCakes: folds 
FilMiami: folds 
runrunspace: calls $0.30
*** RIVER *** [Ts 3h 4d 5s] [Jh]
runrunspace: bets $0.32 and is all-in
winbig1221: calls $0.24 and is all-in
Uncalled bet ($0.08) returned to runrunspace
*** SHOW DOWN ***
runrunspace: shows [7d 5d] (a pair of Fives)
winbig1221: shows [Qs Qc] (a pair of Queens)
winbig1221 collected $1.64 from pot
*** SUMMARY ***
Total pot $1.70 | Rake $0.06 
Board [Ts 3h 4d 5s Jh]
Seat 1: runrunspace showed [7d 5d] and lost with a pair of Fives
Seat 2: winbig1221 showed [Qs Qc] and won ($1.64) with a pair of Queens
Seat 3: Mistomito folded before Flop (didn't bet)
Seat 4: hackmo (button) folded before Flop (didn't bet)
Seat 6: NessaCakes (small blind) folded on the Turn
Seat 7: szajcz (big blind) folded before Flop
Seat 8: Dorex2007 folded before Flop (didn't bet)
Seat 9: FilMiami folded on the Turn



PokerStars Hand #224784251819:  Hold'em No Limit ($0.01/$0.02 USD) - 2021/03/13 17:43:02 PT [2021/03/13 20:43:02 ET]
Table 'Philippina II' 9-max Seat #6 is the button
Seat 2: winbig1221 ($1.64 in chips) 
Seat 3: Mistomito ($0.94 in chips) 
Seat 4: hackmo ($5.52 in chips) 
Seat 6: NessaCakes ($3.08 in chips) 
Seat 7: szajcz ($2.73 in chips) 
Seat 8: Dorex2007 ($1.81 in chips) 
Seat 9: FilMiami ($1.07 in chips) 
szajcz: posts small blind $0.01
Dorex2007: posts big blind $0.02
*** HOLE CARDS ***
Dealt to Dorex2007 [Th 4h]
FilMiami: raises $0.04 to $0.06
winbig1221: folds 
Mistomito: folds 
hackmo: folds 
NessaCakes: calls $0.06
szajcz: folds 
Dorex2007: folds 
*** FLOP *** [8d Js Ad]
FilMiami: bets $0.05
NessaCakes: raises $0.24 to $0.29
FilMiami: calls $0.24
*** TURN *** [8d Js Ad] [Ks]
FilMiami: checks 
NessaCakes: bets $0.70
ElGinoo1 joins the table at seat #1 
FilMiami: raises $0.02 to $0.72 and is all-in
NessaCakes: calls $0.02
*** RIVER *** [8d Js Ad Ks] [2c]
*** SHOW DOWN ***
FilMiami: shows [Kh Ah] (two pair, Aces and Kings)
NessaCakes: shows [Ac 9d] (a pair of Aces)
FilMiami collected $2.09 from pot
*** SUMMARY ***
Total pot $2.17 | Rake $0.08 
Board [8d Js Ad Ks 2c]
Seat 2: winbig1221 folded before Flop (didn't bet)
Seat 3: Mistomito folded before Flop (didn't bet)
Seat 4: hackmo folded before Flop (didn't bet)
Seat 6: NessaCakes (button) showed [Ac 9d] and lost with a pair of Aces
Seat 7: szajcz (small blind) folded before Flop
Seat 8: Dorex2007 (big blind) folded before Flop
Seat 9: FilMiami showed [Kh Ah] and won ($2.09) with two pair, Aces and Kings



PokerStars Hand #224784267256:  Hold'em No Limit ($0.01/$0.02 USD) - 2021/03/13 17:43:45 PT [2021/03/13 20:43:45 ET]
Table 'Philippina II' 9-max Seat #7 is the button
Seat 1: ElGinoo1 ($2 in chips) 
Seat 2: winbig1221 ($1.64 in chips) 
Seat 3: Mistomito ($0.94 in chips) 
Seat 4: hackmo ($5.52 in chips) 
Seat 6: NessaCakes ($2.01 in chips) 
Seat 7: szajcz ($2.72 in chips) 
Seat 8: Dorex2007 ($1.79 in chips) 
Dorex2007: posts small blind $0.01
FilMiami: is sitting out 
ElGinoo1: posts big blind $0.02
*** HOLE CARDS ***
Dealt to Dorex2007 [4d 9h]
winbig1221: folds 
Mistomito has timed out
Mistomito: folds 
hackmo: folds 
NessaCakes: calls $0.02
szajcz: folds 
Dorex2007: folds 
FilMiami leaves the table
ElGinoo1: checks 
*** FLOP *** [5d 6s 3s]
ElGinoo1: checks 
SvintuX joins the table at seat #9 
NessaCakes: bets $0.02
ElGinoo1: raises $0.10 to $0.12
NessaCakes: folds 
Uncalled bet ($0.10) returned to ElGinoo1
schop.ot.14 leaves the table
ElGinoo1 collected $0.09 from pot
ElGinoo1: doesn't show hand 
*** SUMMARY ***
Total pot $0.09 | Rake $0 
Board [5d 6s 3s]
Seat 1: ElGinoo1 (big blind) collected ($0.09)
Seat 2: winbig1221 folded before Flop (didn't bet)
Seat 3: Mistomito folded before Flop (didn't bet)
Seat 4: hackmo folded before Flop (didn't bet)
Seat 6: NessaCakes folded on the Flop
Seat 7: szajcz (button) folded before Flop (didn't bet)
Seat 8: Dorex2007 (small blind) folded before Flop



PokerStars Hand #224784282484:  Hold'em No Limit ($0.01/$0.02 USD) - 2021/03/13 17:44:29 PT [2021/03/13 20:44:29 ET]
Table 'Philippina II' 9-max Seat #8 is the button
Seat 1: ElGinoo1 ($2.05 in chips) 
Seat 2: winbig1221 ($1.64 in chips) 
Seat 4: hackmo ($5.52 in chips) 
Seat 6: NessaCakes ($1.97 in chips) 
Seat 7: szajcz ($2.72 in chips) 
Seat 8: Dorex2007 ($1.78 in chips) 
ElGinoo1: posts small blind $0.01
winbig1221: posts big blind $0.02
*** HOLE CARDS ***
Dealt to Dorex2007 [7c As]
hackmo: folds 
NessaCakes: calls $0.02
szajcz: folds 
Dorex2007: calls $0.02
ElGinoo1: raises $0.20 to $0.22
winbig1221: folds 
NessaCakes: calls $0.20
Dorex2007: folds 
*** FLOP *** [Tc 8d 4h]
ElGinoo1: bets $0.36
NessaCakes: folds 
Uncalled bet ($0.36) returned to ElGinoo1
ElGinoo1 collected $0.46 from pot
ElGinoo1: doesn't show hand 
*** SUMMARY ***
Total pot $0.48 | Rake $0.02 
Board [Tc 8d 4h]
Seat 1: ElGinoo1 (small blind) collected ($0.46)
Seat 2: winbig1221 (big blind) folded before Flop
Seat 4: hackmo folded before Flop (didn't bet)
Seat 6: NessaCakes folded on the Flop
Seat 7: szajcz folded before Flop (didn't bet)
Seat 8: Dorex2007 (button) folded before Flop



PokerStars Hand #224784293711:  Hold'em No Limit ($0.01/$0.02 USD) - 2021/03/13 17:45:00 PT [2021/03/13 20:45:00 ET]
Table 'Philippina II' 9-max Seat #1 is the button
Seat 1: ElGinoo1 ($2.29 in chips) 
Seat 2: winbig1221 ($1.62 in chips) 
Seat 3: Mistomito ($0.94 in chips) 
Seat 4: hackmo ($5.52 in chips) 
Seat 6: NessaCakes ($1.75 in chips) 
Seat 7: szajcz ($2.72 in chips) 
Seat 8: Dorex2007 ($1.76 in chips) 
winbig1221: posts small blind $0.01
Mistomito: posts big blind $0.02
SvintuX: sits out 
*** HOLE CARDS ***
Dealt to Dorex2007 [6h Ks]
hackmo: folds 
NessaCakes: folds 
szajcz: folds 
Dorex2007: folds 
ElGinoo1: raises $0.04 to $0.06
winbig1221: folds 
Mistomito: calls $0.04
*** FLOP *** [7c 9c 2c]
Mistomito: checks 
ElGinoo1: bets $0.10
Mistomito: folds 
Uncalled bet ($0.10) returned to ElGinoo1
ElGinoo1 collected $0.13 from pot
ElGinoo1: doesn't show hand 
*** SUMMARY ***
Total pot $0.13 | Rake $0 
Board [7c 9c 2c]
Seat 1: ElGinoo1 (button) collected ($0.13)
Seat 2: winbig1221 (small blind) folded before Flop
Seat 3: Mistomito (big blind) folded on the Flop
Seat 4: hackmo folded before Flop (didn't bet)
Seat 6: NessaCakes folded before Flop (didn't bet)
Seat 7: szajcz folded before Flop (didn't bet)
Seat 8: Dorex2007 folded before Flop (didn't bet)



PokerStars Hand #224784305118:  Hold'em No Limit ($0.01/$0.02 USD) - 2021/03/13 17:45:33 PT [2021/03/13 20:45:33 ET]
Table 'Philippina II' 9-max Seat #2 is the button
Seat 1: ElGinoo1 ($2.36 in chips) 
Seat 2: winbig1221 ($1.61 in chips) 
Seat 3: Mistomito ($0.88 in chips) 
Seat 4: hackmo ($5.52 in chips) 
Seat 6: NessaCakes ($1.75 in chips) 
Seat 7: szajcz ($2.72 in chips) 
Seat 8: Dorex2007 ($1.76 in chips) 
Mistomito: posts small blind $0.01
hackmo: posts big blind $0.02
SvintuX: sits out 
*** HOLE CARDS ***
Dealt to Dorex2007 [Th 2s]
NessaCakes: folds 
szajcz: folds 
Dorex2007: folds 
ElGinoo1: raises $0.12 to $0.14
winbig1221: folds 
Mistomito: folds 
hackmo: folds 
Uncalled bet ($0.12) returned to ElGinoo1
ElGinoo1 collected $0.05 from pot
ElGinoo1: doesn't show hand 
*** SUMMARY ***
Total pot $0.05 | Rake $0 
Seat 1: ElGinoo1 collected ($0.05)
Seat 2: winbig1221 (button) folded before Flop (didn't bet)
Seat 3: Mistomito (small blind) folded before Flop
Seat 4: hackmo (big blind) folded before Flop
Seat 6: NessaCakes folded before Flop (didn't bet)
Seat 7: szajcz folded before Flop (didn't bet)
Seat 8: Dorex2007 folded before Flop (didn't bet)



PokerStars Hand #224784313557:  Hold'em No Limit ($0.01/$0.02 USD) - 2021/03/13 17:45:57 PT [2021/03/13 20:45:57 ET]
Table 'Philippina II' 9-max Seat #3 is the button
Seat 1: ElGinoo1 ($2.39 in chips) 
Seat 2: winbig1221 ($1.61 in chips) 
Seat 3: Mistomito ($0.87 in chips) 
Seat 4: hackmo ($5.50 in chips) 
Seat 6: NessaCakes ($1.75 in chips) 
Seat 7: szajcz ($2.72 in chips) 
Seat 8: Dorex2007 ($1.76 in chips) 
hackmo: posts small blind $0.01
NessaCakes: posts big blind $0.02
SvintuX: sits out 
*** HOLE CARDS ***
Dealt to Dorex2007 [9c Th]
szajcz: folds 
Dorex2007: folds 
ElGinoo1: folds 
winbig1221: calls $0.02
Mistomito: calls $0.02
hackmo: folds 
NessaCakes: checks 
*** FLOP *** [7d 3d 6c]
NessaCakes: bets $0.02
facundo23 joins the table at seat #5 
winbig1221: calls $0.02
Mistomito: folds 
*** TURN *** [7d 3d 6c] [Ks]
NessaCakes: checks 
winbig1221: checks 
*** RIVER *** [7d 3d 6c Ks] [Jc]
NessaCakes: checks 
winbig1221: checks 
*** SHOW DOWN ***
NessaCakes: shows [Ad 7c] (a pair of Sevens)
winbig1221: mucks hand 
NessaCakes collected $0.11 from pot
*** SUMMARY ***
Total pot $0.11 | Rake $0 
Board [7d 3d 6c Ks Jc]
Seat 1: ElGinoo1 folded before Flop (didn't bet)
Seat 2: winbig1221 mucked [6s Qs]
Seat 3: Mistomito (button) folded on the Flop
Seat 4: hackmo (small blind) folded before Flop
Seat 6: NessaCakes (big blind) showed [Ad 7c] and won ($0.11) with a pair of Sevens
Seat 7: szajcz folded before Flop (didn't bet)
Seat 8: Dorex2007 folded before Flop (didn't bet)



PokerStars Hand #224784326065:  Hold'em No Limit ($0.01/$0.02 USD) - 2021/03/13 17:46:33 PT [2021/03/13 20:46:33 ET]
Table 'Philippina II' 9-max Seat #4 is the button
Seat 1: ElGinoo1 ($2.39 in chips) 
Seat 2: winbig1221 ($1.57 in chips) 
Seat 3: Mistomito ($0.85 in chips) 
Seat 4: hackmo ($5.49 in chips) 
Seat 6: NessaCakes ($1.82 in chips) 
Seat 7: szajcz ($2.72 in chips) 
Seat 8: Dorex2007 ($1.76 in chips) 
NessaCakes: posts small blind $0.01
szajcz: posts big blind $0.02
SvintuX: sits out 
*** HOLE CARDS ***
Dealt to Dorex2007 [Kh 8c]
Dorex2007: folds 
ElGinoo1: folds 
winbig1221: calls $0.02
Mistomito: calls $0.02
hackmo: folds 
NessaCakes: calls $0.01
szajcz: checks 
*** FLOP *** [9d Ac 7d]
NessaCakes: bets $0.02
szajcz: raises $0.12 to $0.14
winbig1221: folds 
Mistomito: folds 
NessaCakes: folds 
Uncalled bet ($0.12) returned to szajcz
szajcz collected $0.12 from pot
szajcz: doesn't show hand 
*** SUMMARY ***
Total pot $0.12 | Rake $0 
Board [9d Ac 7d]
Seat 1: ElGinoo1 folded before Flop (didn't bet)
Seat 2: winbig1221 folded on the Flop
Seat 3: Mistomito folded on the Flop
Seat 4: hackmo (button) folded before Flop (didn't bet)
Seat 6: NessaCakes (small blind) folded on the Flop
Seat 7: szajcz (big blind) collected ($0.12)
Seat 8: Dorex2007 folded before Flop (didn't bet)



PokerStars Hand #224784336985:  Hold'em No Limit ($0.01/$0.02 USD) - 2021/03/13 17:47:04 PT [2021/03/13 20:47:04 ET]
Table 'Philippina II' 9-max Seat #6 is the button
Seat 1: ElGinoo1 ($2.39 in chips) 
Seat 2: winbig1221 ($1.55 in chips) 
Seat 3: Mistomito ($0.83 in chips) 
Seat 4: hackmo ($5.49 in chips) 
Seat 6: NessaCakes ($1.78 in chips) 
Seat 7: szajcz ($2.80 in chips) 
Seat 8: Dorex2007 ($1.76 in chips) 
szajcz: posts small blind $0.01
Dorex2007: posts big blind $0.02
SvintuX: sits out 
facundo23: sits out 
*** HOLE CARDS ***
Dealt to Dorex2007 [2d 3c]
ElGinoo1: folds 
winbig1221: calls $0.02
Mistomito: folds 
hackmo: folds 
NessaCakes: calls $0.02
szajcz: calls $0.01
Dorex2007: checks 
*** FLOP *** [2h 7d Ts]
szajcz: checks 
Dorex2007: checks 
winbig1221: checks 
NessaCakes: checks 
*** TURN *** [2h 7d Ts] [Jd]
szajcz: checks 
Dorex2007: checks 
winbig1221: bets $0.02
NessaCakes: calls $0.02
szajcz: folds 
Dorex2007: folds 
*** RIVER *** [2h 7d Ts Jd] [4d]
winbig1221: bets $0.12
NessaCakes: folds 
Uncalled bet ($0.12) returned to winbig1221
winbig1221 collected $0.12 from pot
winbig1221: doesn't show hand 
*** SUMMARY ***
Total pot $0.12 | Rake $0 
Board [2h 7d Ts Jd 4d]
Seat 1: ElGinoo1 folded before Flop (didn't bet)
Seat 2: winbig1221 collected ($0.12)
Seat 3: Mistomito folded before Flop (didn't bet)
Seat 4: hackmo folded before Flop (didn't bet)
Seat 6: NessaCakes (button) folded on the River
Seat 7: szajcz (small blind) folded on the Turn
Seat 8: Dorex2007 (big blind) folded on the Turn



PokerStars Hand #224784356218:  Hold'em No Limit ($0.01/$0.02 USD) - 2021/03/13 17:47:59 PT [2021/03/13 20:47:59 ET]
Table 'Philippina II' 9-max Seat #7 is the button
Seat 1: ElGinoo1 ($2.39 in chips) 
Seat 2: winbig1221 ($1.63 in chips) 
Seat 3: Mistomito ($0.83 in chips) 
Seat 4: hackmo ($5.49 in chips) 
Seat 6: NessaCakes ($1.74 in chips) 
Seat 7: szajcz ($2.78 in chips) 
Seat 8: Dorex2007 ($1.74 in chips) 
Seat 9: SvintuX ($2 in chips) 
Dorex2007: posts small blind $0.01
SvintuX: posts big blind $0.02
facundo23: sits out 
*** HOLE CARDS ***
Dealt to Dorex2007 [Ts 6c]
ElGinoo1: folds 
winbig1221: folds 
Mistomito: folds 
hackmo: folds 
NessaCakes: folds 
szajcz: calls $0.02
Dorex2007: calls $0.01
SvintuX: checks 
*** FLOP *** [2d Qh 8c]
Dorex2007: checks 
SvintuX: checks 
szajcz: bets $0.06
Dorex2007: folds 
SvintuX: folds 
Uncalled bet ($0.06) returned to szajcz
szajcz collected $0.06 from pot
szajcz: doesn't show hand 
*** SUMMARY ***
Total pot $0.06 | Rake $0 
Board [2d Qh 8c]
Seat 1: ElGinoo1 folded before Flop (didn't bet)
Seat 2: winbig1221 folded before Flop (didn't bet)
Seat 3: Mistomito folded before Flop (didn't bet)
Seat 4: hackmo folded before Flop (didn't bet)
Seat 6: NessaCakes folded before Flop (didn't bet)
Seat 7: szajcz (button) collected ($0.06)
Seat 8: Dorex2007 (small blind) folded on the Flop
Seat 9: SvintuX (big blind) folded on the Flop



PokerStars Hand #224784380208:  Hold'em No Limit ($0.01/$0.02 USD) - 2021/03/13 17:48:48 PT [2021/03/13 20:48:48 ET]
Table 'Philippina II' 9-max Seat #8 is the button
Seat 1: ElGinoo1 ($2.39 in chips) 
Seat 2: winbig1221 ($1.63 in chips) 
Seat 3: Mistomito ($0.83 in chips) 
Seat 4: hackmo ($5.49 in chips) 
Seat 6: NessaCakes ($1.74 in chips) 
Seat 7: szajcz ($2.82 in chips) 
Seat 8: Dorex2007 ($1.72 in chips) 
Seat 9: SvintuX ($2 in chips) 
SvintuX: posts small blind $0.01
ElGinoo1: posts big blind $0.02
facundo23: sits out 
*** HOLE CARDS ***
Dealt to Dorex2007 [Kd 9h]
winbig1221: calls $0.02
Mistomito: calls $0.02
hackmo: folds 
NessaCakes: folds 
szajcz: calls $0.02
Dorex2007: calls $0.02
SvintuX: raises $0.22 to $0.24
ElGinoo1: folds 
winbig1221: folds 
Mistomito: folds 
szajcz: folds 
Dorex2007: folds 
Uncalled bet ($0.22) returned to SvintuX
SvintuX collected $0.12 from pot
SvintuX: doesn't show hand 
*** SUMMARY ***
Total pot $0.12 | Rake $0 
Seat 1: ElGinoo1 (big blind) folded before Flop
Seat 2: winbig1221 folded before Flop
Seat 3: Mistomito folded before Flop
Seat 4: hackmo folded before Flop (didn't bet)
Seat 6: NessaCakes folded before Flop (didn't bet)
Seat 7: szajcz folded before Flop
Seat 8: Dorex2007 (button) folded before Flop
Seat 9: SvintuX (small blind) collected ($0.12)



PokerStars Hand #224784396676:  Hold'em No Limit ($0.01/$0.02 USD) - 2021/03/13 17:49:36 PT [2021/03/13 20:49:36 ET]
Table 'Philippina II' 9-max Seat #9 is the button
Seat 1: ElGinoo1 ($2.37 in chips) 
Seat 2: winbig1221 ($1.61 in chips) 
Seat 3: Mistomito ($0.81 in chips) 
Seat 4: hackmo ($5.49 in chips) 
Seat 6: NessaCakes ($1.74 in chips) 
Seat 7: szajcz ($2.80 in chips) 
Seat 8: Dorex2007 ($1.70 in chips) 
Seat 9: SvintuX ($2.10 in chips) 
ElGinoo1: posts small blind $0.01
winbig1221: posts big blind $0.02
facundo23: sits out 
*** HOLE CARDS ***
Dealt to Dorex2007 [Jh 9h]
Mistomito: raises $0.02 to $0.04
hackmo: folds 
NessaCakes: folds 
szajcz: folds 
Dorex2007: folds 
SvintuX: folds 
ElGinoo1: folds 
winbig1221: folds 
Uncalled bet ($0.02) returned to Mistomito
Mistomito collected $0.05 from pot
Mistomito: doesn't show hand 
*** SUMMARY ***
Total pot $0.05 | Rake $0 
Seat 1: ElGinoo1 (small blind) folded before Flop
Seat 2: winbig1221 (big blind) folded before Flop
Seat 3: Mistomito collected ($0.05)
Seat 4: hackmo folded before Flop (didn't bet)
Seat 6: NessaCakes folded before Flop (didn't bet)
Seat 7: szajcz folded before Flop (didn't bet)
Seat 8: Dorex2007 folded before Flop (didn't bet)
Seat 9: SvintuX (button) folded before Flop (didn't bet)



PokerStars Hand #224784404110:  Hold'em No Limit ($0.01/$0.02 USD) - 2021/03/13 17:49:58 PT [2021/03/13 20:49:58 ET]
Table 'Philippina II' 9-max Seat #1 is the button
Seat 1: ElGinoo1 ($2.36 in chips) 
Seat 2: winbig1221 ($1.59 in chips) 
Seat 3: Mistomito ($0.84 in chips) 
Seat 4: hackmo ($5.49 in chips) 
Seat 6: NessaCakes ($1.74 in chips) 
Seat 7: szajcz ($2.80 in chips) 
Seat 8: Dorex2007 ($1.70 in chips) 
Seat 9: SvintuX ($2.10 in chips) 
winbig1221: posts small blind $0.01
Mistomito: posts big blind $0.02
facundo23: sits out 
*** HOLE CARDS ***
Dealt to Dorex2007 [4d 5h]
hackmo: folds 
NessaCakes: folds 
szajcz: raises $0.02 to $0.04
Dorex2007: folds 
SvintuX: folds 
ElGinoo1: folds 
winbig1221: folds 
Mistomito: calls $0.02
*** FLOP *** [Jh 6d Qc]
Mistomito: checks 
szajcz: bets $0.09
Mistomito: calls $0.09
*** TURN *** [Jh 6d Qc] [As]
Mistomito: checks 
szajcz: bets $0.26
Mistomito: folds 
Uncalled bet ($0.26) returned to szajcz
szajcz collected $0.26 from pot
szajcz: doesn't show hand 
*** SUMMARY ***
Total pot $0.27 | Rake $0.01 
Board [Jh 6d Qc As]
Seat 1: ElGinoo1 (button) folded before Flop (didn't bet)
Seat 2: winbig1221 (small blind) folded before Flop
Seat 3: Mistomito (big blind) folded on the Turn
Seat 4: hackmo folded before Flop (didn't bet)
Seat 6: NessaCakes folded before Flop (didn't bet)
Seat 7: szajcz collected ($0.26)
Seat 8: Dorex2007 folded before Flop (didn't bet)
Seat 9: SvintuX folded before Flop (didn't bet)



PokerStars Hand #224784419469:  Hold'em No Limit ($0.01/$0.02 USD) - 2021/03/13 17:50:42 PT [2021/03/13 20:50:42 ET]
Table 'Philippina II' 9-max Seat #2 is the button
Seat 1: ElGinoo1 ($2.36 in chips) 
Seat 2: winbig1221 ($1.58 in chips) 
Seat 3: Mistomito ($0.71 in chips) 
Seat 4: hackmo ($5.49 in chips) 
Seat 6: NessaCakes ($1.74 in chips) 
Seat 7: szajcz ($2.93 in chips) 
Seat 8: Dorex2007 ($1.70 in chips) 
Seat 9: SvintuX ($2.10 in chips) 
Mistomito: posts small blind $0.01
hackmo: posts big blind $0.02
facundo23: sits out 
*** HOLE CARDS ***
Dealt to Dorex2007 [4d 3h]
NessaCakes: folds 
szajcz: calls $0.02
Dorex2007: folds 
SvintuX: folds 
ElGinoo1: raises $0.06 to $0.08
winbig1221: folds 
Mistomito: folds 
hackmo: folds 
szajcz: calls $0.06
*** FLOP *** [9d Qh 6c]
szajcz: bets $0.04
ElGinoo1: calls $0.04
*** TURN *** [9d Qh 6c] [Ts]
szajcz: bets $0.10
ElGinoo1: folds 
Uncalled bet ($0.10) returned to szajcz
szajcz collected $0.26 from pot
szajcz: doesn't show hand 
*** SUMMARY ***
Total pot $0.27 | Rake $0.01 
Board [9d Qh 6c Ts]
Seat 1: ElGinoo1 folded on the Turn
Seat 2: winbig1221 (button) folded before Flop (didn't bet)
Seat 3: Mistomito (small blind) folded before Flop
Seat 4: hackmo (big blind) folded before Flop
Seat 6: NessaCakes folded before Flop (didn't bet)
Seat 7: szajcz collected ($0.26)
Seat 8: Dorex2007 folded before Flop (didn't bet)
Seat 9: SvintuX folded before Flop (didn't bet)



PokerStars Hand #224784439962:  Hold'em No Limit ($0.01/$0.02 USD) - 2021/03/13 17:51:42 PT [2021/03/13 20:51:42 ET]
Table 'Philippina II' 9-max Seat #3 is the button
Seat 1: ElGinoo1 ($2.24 in chips) 
Seat 2: winbig1221 ($1.58 in chips) 
Seat 3: Mistomito ($0.70 in chips) 
Seat 4: hackmo ($5.47 in chips) 
Seat 5: facundo23 ($2 in chips) 
Seat 6: NessaCakes ($1.74 in chips) 
Seat 7: szajcz ($3.07 in chips) 
Seat 8: Dorex2007 ($1.70 in chips) 
Seat 9: SvintuX ($2.10 in chips) 
hackmo: posts small blind $0.01
facundo23: posts big blind $0.02
*** HOLE CARDS ***
Dealt to Dorex2007 [2c 7s]
NessaCakes: calls $0.02
szajcz: folds 
Dorex2007: folds 
SvintuX: raises $0.07 to $0.09
ElGinoo1: folds 
winbig1221: calls $0.09
Mistomito: folds 
hackmo: folds 
Mistomito leaves the table
facundo23 has timed out
facundo23: folds 
NessaCakes: calls $0.07
*** FLOP *** [Ac Jd 7h]
NessaCakes: bets $0.29
Ludesale joins the table at seat #3 
SvintuX: calls $0.29
winbig1221: folds 
*** TURN *** [Ac Jd 7h] [6d]
NessaCakes: bets $0.43
SvintuX: raises $1.29 to $1.72 and is all-in
ElGinoo1 leaves the table
NessaCakes: calls $0.93 and is all-in
Uncalled bet ($0.36) returned to SvintuX
*** RIVER *** [Ac Jd 7h 6d] [4s]
*** SHOW DOWN ***
NessaCakes: shows [Ad Qs] (a pair of Aces)
SvintuX: shows [Ah Qh] (a pair of Aces)
NessaCakes collected $1.74 from pot
SvintuX collected $1.73 from pot
*** SUMMARY ***
Total pot $3.60 | Rake $0.13 
Board [Ac Jd 7h 6d 4s]
Seat 1: ElGinoo1 folded before Flop (didn't bet)
Seat 2: winbig1221 folded on the Flop
Seat 3: Mistomito (button) folded before Flop (didn't bet)
Seat 4: hackmo (small blind) folded before Flop
Seat 5: facundo23 (big blind) folded before Flop
Seat 6: NessaCakes showed [Ad Qs] and won ($1.74) with a pair of Aces
Seat 7: szajcz folded before Flop (didn't bet)
Seat 8: Dorex2007 folded before Flop (didn't bet)
Seat 9: SvintuX showed [Ah Qh] and won ($1.73) with a pair of Aces



PokerStars Hand #224784477152:  Hold'em No Limit ($0.01/$0.02 USD) - 2021/03/13 17:53:11 PT [2021/03/13 20:53:11 ET]
Table 'Philippina II' 9-max Seat #4 is the button
Seat 2: winbig1221 ($1.49 in chips) 
Seat 4: hackmo ($5.46 in chips) 
Seat 5: facundo23 ($2 in chips) 
Seat 6: NessaCakes ($1.74 in chips) 
Seat 7: szajcz ($3.07 in chips) 
Seat 8: Dorex2007 ($1.70 in chips) 
Seat 9: SvintuX ($2.09 in chips) 
facundo23: posts small blind $0.01
NessaCakes: posts big blind $0.02
Ludesale: sits out 
*** HOLE CARDS ***
Dealt to Dorex2007 [6s Js]
szajcz: folds 
Dorex2007: folds 
SvintuX: folds 
winbig1221: folds 
hackmo: raises $0.03 to $0.05
facundo23: folds 
NessaCakes: calls $0.03
*** FLOP *** [5s 6d 5d]
NessaCakes: checks 
hackmo: bets $0.06
NessaCakes: folds 
Uncalled bet ($0.06) returned to hackmo
hackmo collected $0.11 from pot
hackmo: doesn't show hand 
*** SUMMARY ***
Total pot $0.11 | Rake $0 
Board [5s 6d 5d]
Seat 2: winbig1221 folded before Flop (didn't bet)
Seat 4: hackmo (button) collected ($0.11)
Seat 5: facundo23 (small blind) folded before Flop
Seat 6: NessaCakes (big blind) folded on the Flop
Seat 7: szajcz folded before Flop (didn't bet)
Seat 8: Dorex2007 folded before Flop (didn't bet)
Seat 9: SvintuX folded before Flop (didn't bet)



PokerStars Hand #224784490578:  Hold'em No Limit ($0.01/$0.02 USD) - 2021/03/13 17:53:48 PT [2021/03/13 20:53:48 ET]
Table 'Philippina II' 9-max Seat #5 is the button
Seat 2: winbig1221 ($1.49 in chips) 
Seat 3: Ludesale ($1.14 in chips) 
Seat 4: hackmo ($5.52 in chips) 
Seat 5: facundo23 ($2 in chips) 
Seat 6: NessaCakes ($1.69 in chips) 
Seat 7: szajcz ($3.07 in chips) 
Seat 8: Dorex2007 ($1.70 in chips) 
Seat 9: SvintuX ($2.09 in chips) 
NessaCakes: posts small blind $0.01
szajcz: posts big blind $0.02
Ludesale: posts big blind $0.02
*** HOLE CARDS ***
Dealt to Dorex2007 [4s 3h]
Dorex2007: folds 
SvintuX: folds 
winbig1221: calls $0.02
Ludesale: checks 
hackmo: folds 
facundo23: folds 
NessaCakes: calls $0.01
szajcz: raises $0.10 to $0.12
winbig1221: calls $0.10
Ludesale: folds 
NessaCakes: folds 
*** FLOP *** [9c 8h 6c]
szajcz: bets $0.27
winbig1221: calls $0.27
*** TURN *** [9c 8h 6c] [7h]
szajcz: bets $0.79
winbig1221: folds 
Uncalled bet ($0.79) returned to szajcz
szajcz collected $0.79 from pot
szajcz: doesn't show hand 
*** SUMMARY ***
Total pot $0.82 | Rake $0.03 
Board [9c 8h 6c 7h]
Seat 2: winbig1221 folded on the Turn
Seat 3: Ludesale folded before Flop (didn't bet)
Seat 4: hackmo folded before Flop (didn't bet)
Seat 5: facundo23 (button) folded before Flop (didn't bet)
Seat 6: NessaCakes (small blind) folded before Flop
Seat 7: szajcz (big blind) collected ($0.79)
Seat 8: Dorex2007 folded before Flop (didn't bet)
Seat 9: SvintuX folded before Flop (didn't bet)



PokerStars Hand #224784523456:  Hold'em No Limit ($0.01/$0.02 USD) - 2021/03/13 17:55:10 PT [2021/03/13 20:55:10 ET]
Table 'Philippina II' 9-max Seat #6 is the button
Seat 2: winbig1221 ($1.10 in chips) 
Seat 3: Ludesale ($1.12 in chips) 
Seat 4: hackmo ($5.52 in chips) 
Seat 5: facundo23 ($2 in chips) 
Seat 6: NessaCakes ($1.67 in chips) 
Seat 7: szajcz ($3.47 in chips) 
Seat 8: Dorex2007 ($1.70 in chips) 
Seat 9: SvintuX ($2.09 in chips) 
szajcz: posts small blind $0.01
Dorex2007: posts big blind $0.02
*** HOLE CARDS ***
Dealt to Dorex2007 [8h 3d]
SvintuX: folds 
winbig1221: folds 
Ludesale: folds 
hackmo: raises $0.03 to $0.05
facundo23: folds 
NessaCakes: folds 
szajcz: folds 
Dorex2007: folds 
Uncalled bet ($0.03) returned to hackmo
hackmo collected $0.05 from pot
hackmo: doesn't show hand 
*** SUMMARY ***
Total pot $0.05 | Rake $0 
Seat 2: winbig1221 folded before Flop (didn't bet)
Seat 3: Ludesale folded before Flop (didn't bet)
Seat 4: hackmo collected ($0.05)
Seat 5: facundo23 folded before Flop (didn't bet)
Seat 6: NessaCakes (button) folded before Flop (didn't bet)
Seat 7: szajcz (small blind) folded before Flop
Seat 8: Dorex2007 (big blind) folded before Flop
Seat 9: SvintuX folded before Flop (didn't bet)



PokerStars Hand #224784528698:  Hold'em No Limit ($0.01/$0.02 USD) - 2021/03/13 17:55:30 PT [2021/03/13 20:55:30 ET]
Table 'Philippina II' 9-max Seat #7 is the button
Seat 2: winbig1221 ($1.10 in chips) 
Seat 3: Ludesale ($1.12 in chips) 
Seat 4: hackmo ($5.55 in chips) 
Seat 5: facundo23 ($2 in chips) 
Seat 6: NessaCakes ($1.67 in chips) 
Seat 7: szajcz ($3.46 in chips) 
Seat 8: Dorex2007 ($1.68 in chips) 
Seat 9: SvintuX ($2.09 in chips) 
Dorex2007: posts small blind $0.01
SvintuX: posts big blind $0.02
*** HOLE CARDS ***
Dealt to Dorex2007 [As Jh]
winbig1221: calls $0.02
Ludesale: calls $0.02
hackmo: folds 
facundo23: folds 
NessaCakes: folds 
szajcz: folds 
Dorex2007: calls $0.01
SvintuX: checks 
*** FLOP *** [7c 9d 4d]
Dorex2007: checks 
SvintuX: checks 
winbig1221: checks 
Ludesale: bets $0.04
Dorex2007: folds 
SvintuX: folds 
winbig1221: folds 
Uncalled bet ($0.04) returned to Ludesale
Ludesale collected $0.08 from pot
*** SUMMARY ***
Total pot $0.08 | Rake $0 
Board [7c 9d 4d]
Seat 2: winbig1221 folded on the Flop
Seat 3: Ludesale collected ($0.08)
Seat 4: hackmo folded before Flop (didn't bet)
Seat 5: facundo23 folded before Flop (didn't bet)
Seat 6: NessaCakes folded before Flop (didn't bet)
Seat 7: szajcz (button) folded before Flop (didn't bet)
Seat 8: Dorex2007 (small blind) folded on the Flop
Seat 9: SvintuX (big blind) folded on the Flop



PokerStars Hand #224784552261:  Hold'em No Limit ($0.01/$0.02 USD) - 2021/03/13 17:56:56 PT [2021/03/13 20:56:56 ET]
Table 'Philippina II' 9-max Seat #8 is the button
Seat 2: winbig1221 ($1.08 in chips) 
Seat 3: Ludesale ($1.18 in chips) 
Seat 4: hackmo ($5.55 in chips) 
Seat 5: facundo23 ($2 in chips) 
Seat 7: szajcz ($3.46 in chips) 
Seat 8: Dorex2007 ($1.66 in chips) 
Seat 9: SvintuX ($2.07 in chips) 
SvintuX: posts small blind $0.01
winbig1221: posts big blind $0.02
*** HOLE CARDS ***
Dealt to Dorex2007 [3d Kc]
Ludesale: folds 
hackmo: folds 
facundo23: folds 
szajcz: calls $0.02
Dorex2007: folds 
SvintuX: calls $0.01
winbig1221: checks 
*** FLOP *** [Tc Jc Qs]
SvintuX: checks 
winbig1221: checks 
hikayoshi joins the table at seat #1 
szajcz: bets $0.02
SvintuX: calls $0.02
winbig1221: folds 
*** TURN *** [Tc Jc Qs] [7h]
SvintuX: checks 
szajcz: bets $0.10
SvintuX: calls $0.10
*** RIVER *** [Tc Jc Qs 7h] [9s]
SvintuX: checks 
szajcz: checks 
*** SHOW DOWN ***
SvintuX: shows [Jd 8s] (a straight, Eight to Queen)
szajcz: mucks hand 
SvintuX collected $0.29 from pot
*** SUMMARY ***
Total pot $0.30 | Rake $0.01 
Board [Tc Jc Qs 7h 9s]
Seat 2: winbig1221 (big blind) folded on the Flop
Seat 3: Ludesale folded before Flop (didn't bet)
Seat 4: hackmo folded before Flop (didn't bet)
Seat 5: facundo23 folded before Flop (didn't bet)
Seat 7: szajcz mucked [Qd Js]
Seat 8: Dorex2007 (button) folded before Flop (didn't bet)
Seat 9: SvintuX (small blind) showed [Jd 8s] and won ($0.29) with a straight, Eight to Queen



PokerStars Hand #224784565258:  Hold'em No Limit ($0.01/$0.02 USD) - 2021/03/13 17:57:43 PT [2021/03/13 20:57:43 ET]
Table 'Philippina II' 9-max Seat #9 is the button
Seat 2: winbig1221 ($1.06 in chips) 
Seat 3: Ludesale ($1.18 in chips) 
Seat 4: hackmo ($5.55 in chips) 
Seat 5: facundo23 ($2 in chips) 
Seat 7: szajcz ($3.32 in chips) 
Seat 8: Dorex2007 ($1.66 in chips) 
Seat 9: SvintuX ($2.22 in chips) 
winbig1221: posts small blind $0.01
Ludesale: posts big blind $0.02
*** HOLE CARDS ***
Dealt to Dorex2007 [Td 2d]
hackmo: raises $0.04 to $0.06
facundo23: folds 
szajcz: folds 
Dorex2007: folds 
SvintuX: raises $0.18 to $0.24
winbig1221: folds 
Ludesale: folds 
hackmo: folds 
Uncalled bet ($0.18) returned to SvintuX
SvintuX collected $0.15 from pot
SvintuX: doesn't show hand 
*** SUMMARY ***
Total pot $0.15 | Rake $0 
Seat 2: winbig1221 (small blind) folded before Flop
Seat 3: Ludesale (big blind) folded before Flop
Seat 4: hackmo folded before Flop
Seat 5: facundo23 folded before Flop (didn't bet)
Seat 7: szajcz folded before Flop (didn't bet)
Seat 8: Dorex2007 folded before Flop (didn't bet)
Seat 9: SvintuX (button) collected ($0.15)



PokerStars Hand #224784574177:  Hold'em No Limit ($0.01/$0.02 USD) - 2021/03/13 17:58:15 PT [2021/03/13 20:58:15 ET]
Table 'Philippina II' 9-max Seat #2 is the button
Seat 1: hikayoshi ($2 in chips) 
Seat 2: winbig1221 ($1.05 in chips) 
Seat 3: Ludesale ($1.16 in chips) 
Seat 4: hackmo ($5.49 in chips) 
Seat 5: facundo23 ($2 in chips) 
Seat 7: szajcz ($3.32 in chips) 
Seat 8: Dorex2007 ($1.66 in chips) 
Seat 9: SvintuX ($2.31 in chips) 
Ludesale: posts small blind $0.01
hackmo: posts big blind $0.02
hikayoshi: posts big blind $0.02
*** HOLE CARDS ***
Dealt to Dorex2007 [Ks 3c]
facundo23: folds 
szajcz: folds 
Dorex2007: folds 
SvintuX: raises $0.07 to $0.09
hikayoshi: folds 
winbig1221: calls $0.09
Ludesale: calls $0.08
hackmo: calls $0.07
*** FLOP *** [9c 9d Qc]
Ludesale: checks 
hackmo: checks 
SvintuX: checks 
winbig1221: checks 
*** TURN *** [9c 9d Qc] [6d]
Ludesale: bets $0.19
hackmo: folds 
SvintuX: folds 
winbig1221: calls $0.19
*** RIVER *** [9c 9d Qc 6d] [Jh]
Ludesale: checks 
winbig1221: checks 
*** SHOW DOWN ***
Ludesale: shows [Js Qs] (two pair, Queens and Jacks)
winbig1221: mucks hand 
Ludesale collected $0.73 from pot
*** SUMMARY ***
Total pot $0.76 | Rake $0.03 
Board [9c 9d Qc 6d Jh]
Seat 1: hikayoshi folded before Flop (didn't bet)
Seat 2: winbig1221 (button) mucked [7h 6h]
Seat 3: Ludesale (small blind) showed [Js Qs] and won ($0.73) with two pair, Queens and Jacks
Seat 4: hackmo (big blind) folded on the Turn
Seat 5: facundo23 folded before Flop (didn't bet)
Seat 7: szajcz folded before Flop (didn't bet)
Seat 8: Dorex2007 folded before Flop (didn't bet)
Seat 9: SvintuX folded on the Turn



PokerStars Hand #224784588872:  Hold'em No Limit ($0.01/$0.02 USD) - 2021/03/13 17:59:08 PT [2021/03/13 20:59:08 ET]
Table 'Philippina II' 9-max Seat #3 is the button
Seat 1: hikayoshi ($1.98 in chips) 
Seat 2: winbig1221 ($0.77 in chips) 
Seat 3: Ludesale ($1.61 in chips) 
Seat 4: hackmo ($5.40 in chips) 
Seat 5: facundo23 ($2 in chips) 
Seat 7: szajcz ($3.32 in chips) 
Seat 8: Dorex2007 ($1.66 in chips) 
Seat 9: SvintuX ($2.22 in chips) 
hackmo: posts small blind $0.01
facundo23: posts big blind $0.02
*** HOLE CARDS ***
Dealt to Dorex2007 [Th 9s]
szajcz: folds 
Dorex2007: folds 
SvintuX: folds 
hikayoshi: folds 
winbig1221: calls $0.02
Ludesale: raises $0.04 to $0.06
hackmo: folds 
facundo23: folds 
winbig1221: calls $0.04
*** FLOP *** [Jh 8s Jc]
winbig1221: checks 
Ludesale: checks 
*** TURN *** [Jh 8s Jc] [4c]
winbig1221: checks 
Ludesale: bets $0.07
winbig1221: folds 
Uncalled bet ($0.07) returned to Ludesale
Ludesale collected $0.14 from pot
*** SUMMARY ***
Total pot $0.15 | Rake $0.01 
Board [Jh 8s Jc 4c]
Seat 1: hikayoshi folded before Flop (didn't bet)
Seat 2: winbig1221 folded on the Turn
Seat 3: Ludesale (button) collected ($0.14)
Seat 4: hackmo (small blind) folded before Flop
Seat 5: facundo23 (big blind) folded before Flop
Seat 7: szajcz folded before Flop (didn't bet)
Seat 8: Dorex2007 folded before Flop (didn't bet)
Seat 9: SvintuX folded before Flop (didn't bet)



PokerStars Hand #224784599268:  Hold'em No Limit ($0.01/$0.02 USD) - 2021/03/13 17:59:46 PT [2021/03/13 20:59:46 ET]
Table 'Philippina II' 9-max Seat #4 is the button
Seat 1: hikayoshi ($1.98 in chips) 
Seat 2: winbig1221 ($0.71 in chips) 
Seat 3: Ludesale ($1.69 in chips) 
Seat 4: hackmo ($5.39 in chips) 
Seat 5: facundo23 ($2 in chips) 
Seat 7: szajcz ($3.32 in chips) 
Seat 8: Dorex2007 ($1.66 in chips) 
Seat 9: SvintuX ($2.22 in chips) 
facundo23: posts small blind $0.01
szajcz: posts big blind $0.02
*** HOLE CARDS ***
Dealt to Dorex2007 [6c Jd]
Dorex2007: folds 
SvintuX: folds 
hikayoshi: folds 
winbig1221: folds 
Ludesale: folds 
hackmo: folds 
facundo23: folds 
Uncalled bet ($0.01) returned to szajcz
szajcz collected $0.02 from pot
szajcz: doesn't show hand 
*** SUMMARY ***
Total pot $0.02 | Rake $0 
Seat 1: hikayoshi folded before Flop (didn't bet)
Seat 2: winbig1221 folded before Flop (didn't bet)
Seat 3: Ludesale folded before Flop (didn't bet)
Seat 4: hackmo (button) folded before Flop (didn't bet)
Seat 5: facundo23 (small blind) folded before Flop
Seat 7: szajcz (big blind) collected ($0.02)
Seat 8: Dorex2007 folded before Flop (didn't bet)
Seat 9: SvintuX folded before Flop (didn't bet)



PokerStars Hand #224784602612:  Hold'em No Limit ($0.01/$0.02 USD) - 2021/03/13 17:59:58 PT [2021/03/13 20:59:58 ET]
Table 'Philippina II' 9-max Seat #5 is the button
Seat 1: hikayoshi ($1.98 in chips) 
Seat 2: winbig1221 ($0.71 in chips) 
Seat 3: Ludesale ($1.69 in chips) 
Seat 4: hackmo ($5.39 in chips) 
Seat 5: facundo23 ($2 in chips) 
Seat 7: szajcz ($3.33 in chips) 
Seat 8: Dorex2007 ($1.66 in chips) 
Seat 9: SvintuX ($2.22 in chips) 
szajcz: posts small blind $0.01
Dorex2007: posts big blind $0.02
*** HOLE CARDS ***
Dealt to Dorex2007 [7s 2s]
SvintuX: raises $0.04 to $0.06
hikayoshi: folds 
winbig1221: folds 
Ludesale: folds 
hackmo: folds 
facundo23: folds 
szajcz: folds 
Dorex2007: folds 
Uncalled bet ($0.04) returned to SvintuX
SvintuX collected $0.05 from pot
SvintuX: doesn't show hand 
*** SUMMARY ***
Total pot $0.05 | Rake $0 
Seat 1: hikayoshi folded before Flop (didn't bet)
Seat 2: winbig1221 folded before Flop (didn't bet)
Seat 3: Ludesale folded before Flop (didn't bet)
Seat 4: hackmo folded before Flop (didn't bet)
Seat 5: facundo23 (button) folded before Flop (didn't bet)
Seat 7: szajcz (small blind) folded before Flop
Seat 8: Dorex2007 (big blind) folded before Flop
Seat 9: SvintuX collected ($0.05)



PokerStars Hand #224784608075:  Hold'em No Limit ($0.01/$0.02 USD) - 2021/03/13 18:00:16 PT [2021/03/13 21:00:16 ET]
Table 'Philippina II' 9-max Seat #7 is the button
Seat 1: hikayoshi ($1.98 in chips) 
Seat 2: winbig1221 ($0.71 in chips) 
Seat 3: Ludesale ($1.69 in chips) 
Seat 4: hackmo ($5.39 in chips) 
Seat 5: facundo23 ($2 in chips) 
Seat 7: szajcz ($3.32 in chips) 
Seat 8: Dorex2007 ($1.64 in chips) 
Seat 9: SvintuX ($2.25 in chips) 
Dorex2007: posts small blind $0.01
SvintuX: posts big blind $0.02
*** HOLE CARDS ***
Dealt to Dorex2007 [2h 4c]
hikayoshi: raises $0.04 to $0.06
winbig1221: calls $0.06
Ludesale: folds 
hackmo: folds 
facundo23: folds 
szajcz: folds 
Dorex2007: folds 
SvintuX: folds 
*** FLOP *** [Ts Td Th]
hikayoshi: checks 
winbig1221: checks 
*** TURN *** [Ts Td Th] [Qs]
hikayoshi: bets $0.07
winbig1221: calls $0.07
*** RIVER *** [Ts Td Th Qs] [6s]
hikayoshi: bets $0.14
winbig1221: calls $0.14
*** SHOW DOWN ***
hikayoshi: shows [Ks Jc] (three of a kind, Tens)
winbig1221: shows [Qc 9h] (a full house, Tens full of Queens)
winbig1221 collected $0.55 from pot
*** SUMMARY ***
Total pot $0.57 | Rake $0.02 
Board [Ts Td Th Qs 6s]
Seat 1: hikayoshi showed [Ks Jc] and lost with three of a kind, Tens
Seat 2: winbig1221 showed [Qc 9h] and won ($0.55) with a full house, Tens full of Queens
Seat 3: Ludesale folded before Flop (didn't bet)
Seat 4: hackmo folded before Flop (didn't bet)
Seat 5: facundo23 folded before Flop (didn't bet)
Seat 7: szajcz (button) folded before Flop (didn't bet)
Seat 8: Dorex2007 (small blind) folded before Flop
Seat 9: SvintuX (big blind) folded before Flop



PokerStars Hand #224784621644:  Hold'em No Limit ($0.01/$0.02 USD) - 2021/03/13 18:00:59 PT [2021/03/13 21:00:59 ET]
Table 'Philippina II' 9-max Seat #8 is the button
Seat 1: hikayoshi ($1.71 in chips) 
Seat 2: winbig1221 ($0.99 in chips) 
Seat 3: Ludesale ($1.69 in chips) 
Seat 4: hackmo ($5.39 in chips) 
Seat 5: facundo23 ($2 in chips) 
Seat 6: NessaCakes ($1.67 in chips) 
Seat 7: szajcz ($3.32 in chips) 
Seat 8: Dorex2007 ($1.63 in chips) 
Seat 9: SvintuX ($2.23 in chips) 
SvintuX: posts small blind $0.01
hikayoshi: posts big blind $0.02
NessaCakes: posts small & big blinds $0.03
*** HOLE CARDS ***
Dealt to Dorex2007 [3c Jc]
winbig1221: raises $0.04 to $0.06
Ludesale: folds 
hackmo: folds 
facundo23: folds 
NessaCakes: folds 
szajcz: folds 
Dorex2007: folds 
facundo23 leaves the table
SvintuX: calls $0.05
hikayoshi: folds 
*** FLOP *** [4h 3s 2h]
SvintuX: checks 
winbig1221: bets $0.08
Alemarcori95 joins the table at seat #5 
SvintuX: raises $0.16 to $0.24
winbig1221: calls $0.16
*** TURN *** [4h 3s 2h] [Td]
SvintuX: bets $0.75
winbig1221: calls $0.69 and is all-in
Uncalled bet ($0.06) returned to SvintuX
*** RIVER *** [4h 3s 2h Td] [Qh]
*** SHOW DOWN ***
SvintuX: shows [Ac 8c] (high card Ace)
winbig1221: shows [Ks Kd] (a pair of Kings)
winbig1221 collected $1.96 from pot
*** SUMMARY ***
Total pot $2.03 | Rake $0.07 
Board [4h 3s 2h Td Qh]
Seat 1: hikayoshi (big blind) folded before Flop
Seat 2: winbig1221 showed [Ks Kd] and won ($1.96) with a pair of Kings
Seat 3: Ludesale folded before Flop (didn't bet)
Seat 4: hackmo folded before Flop (didn't bet)
Seat 5: facundo23 folded before Flop (didn't bet)
Seat 6: NessaCakes folded before Flop (didn't bet)
Seat 7: szajcz folded before Flop (didn't bet)
Seat 8: Dorex2007 (button) folded before Flop (didn't bet)
Seat 9: SvintuX (small blind) showed [Ac 8c] and lost with high card Ace



PokerStars Hand #224784644441:  Hold'em No Limit ($0.01/$0.02 USD) - 2021/03/13 18:02:03 PT [2021/03/13 21:02:03 ET]
Table 'Philippina II' 9-max Seat #9 is the button
Seat 1: hikayoshi ($1.69 in chips) 
Seat 2: winbig1221 ($1.96 in chips) 
Seat 3: Ludesale ($1.69 in chips) 
Seat 4: hackmo ($5.39 in chips) 
Seat 6: NessaCakes ($1.64 in chips) 
Seat 7: szajcz ($3.32 in chips) 
Seat 8: Dorex2007 ($1.63 in chips) 
Seat 9: SvintuX ($2 in chips) 
hikayoshi: posts small blind $0.01
winbig1221: posts big blind $0.02
Alemarcori95: sits out 
*** HOLE CARDS ***
Dealt to Dorex2007 [Ts Kd]
Ludesale: folds 
hackmo: folds 
NessaCakes: folds 
szajcz: calls $0.02
Dorex2007: raises $0.04 to $0.06
SvintuX: folds 
hikayoshi: folds 
winbig1221: folds 
szajcz: calls $0.04
*** FLOP *** [5c 7s 4d]
szajcz: checks 
Dorex2007: bets $0.14
szajcz: folds 
Uncalled bet ($0.14) returned to Dorex2007
Dorex2007 collected $0.14 from pot
Dorex2007: doesn't show hand 
*** SUMMARY ***
Total pot $0.15 | Rake $0.01 
Board [5c 7s 4d]
Seat 1: hikayoshi (small blind) folded before Flop
Seat 2: winbig1221 (big blind) folded before Flop
Seat 3: Ludesale folded before Flop (didn't bet)
Seat 4: hackmo folded before Flop (didn't bet)
Seat 6: NessaCakes folded before Flop (didn't bet)
Seat 7: szajcz folded on the Flop
Seat 8: Dorex2007 collected ($0.14)
Seat 9: SvintuX (button) folded before Flop (didn't bet)



PokerStars Hand #224784656692:  Hold'em No Limit ($0.01/$0.02 USD) - 2021/03/13 18:02:38 PT [2021/03/13 21:02:38 ET]
Table 'Philippina II' 9-max Seat #1 is the button
Seat 1: hikayoshi ($1.68 in chips) 
Seat 2: winbig1221 ($1.94 in chips) 
Seat 3: Ludesale ($1.69 in chips) 
Seat 4: hackmo ($5.39 in chips) 
Seat 6: NessaCakes ($1.64 in chips) 
Seat 7: szajcz ($3.26 in chips) 
Seat 8: Dorex2007 ($1.71 in chips) 
Seat 9: SvintuX ($2 in chips) 
winbig1221: posts small blind $0.01
Ludesale: posts big blind $0.02
Alemarcori95: sits out 
*** HOLE CARDS ***
Dealt to Dorex2007 [Th 6s]
hackmo: folds 
NessaCakes: folds 
szajcz: raises $0.02 to $0.04
Dorex2007: folds 
SvintuX: folds 
hikayoshi: folds 
winbig1221: calls $0.03
Ludesale: calls $0.02
*** FLOP *** [2d 6d 5h]
winbig1221: bets $0.02
Ludesale: raises $0.08 to $0.10
szajcz: folds 
winbig1221: calls $0.08
*** TURN *** [2d 6d 5h] [2s]
winbig1221: bets $0.02
Ludesale: calls $0.02
*** RIVER *** [2d 6d 5h 2s] [3h]
winbig1221: bets $0.17
Ludesale: folds 
Uncalled bet ($0.17) returned to winbig1221
winbig1221 collected $0.35 from pot
winbig1221: doesn't show hand 
*** SUMMARY ***
Total pot $0.36 | Rake $0.01 
Board [2d 6d 5h 2s 3h]
Seat 1: hikayoshi (button) folded before Flop (didn't bet)
Seat 2: winbig1221 (small blind) collected ($0.35)
Seat 3: Ludesale (big blind) folded on the River
Seat 4: hackmo folded before Flop (didn't bet)
Seat 6: NessaCakes folded before Flop (didn't bet)
Seat 7: szajcz folded on the Flop
Seat 8: Dorex2007 folded before Flop (didn't bet)
Seat 9: SvintuX folded before Flop (didn't bet)



PokerStars Hand #224784671488:  Hold'em No Limit ($0.01/$0.02 USD) - 2021/03/13 18:03:20 PT [2021/03/13 21:03:20 ET]
Table 'Philippina II' 9-max Seat #2 is the button
Seat 1: hikayoshi ($1.68 in chips) 
Seat 2: winbig1221 ($2.13 in chips) 
Seat 3: Ludesale ($1.53 in chips) 
Seat 4: hackmo ($5.39 in chips) 
Seat 6: NessaCakes ($1.64 in chips) 
Seat 7: szajcz ($3.22 in chips) 
Seat 8: Dorex2007 ($1.71 in chips) 
Seat 9: SvintuX ($2 in chips) 
Ludesale: posts small blind $0.01
hackmo: posts big blind $0.02
Alemarcori95: sits out 
*** HOLE CARDS ***
Dealt to Dorex2007 [5h 7d]
NessaCakes: folds 
szajcz: folds 
Dorex2007: folds 
SvintuX: folds 
hikayoshi: folds 
winbig1221: calls $0.02
Ludesale: calls $0.01
hackmo: checks 
*** FLOP *** [9h 3h Qd]
Ludesale: checks 
hackmo: bets $0.04
winbig1221: raises $0.04 to $0.08
Ludesale: folds 
hackmo: calls $0.04
*** TURN *** [9h 3h Qd] [Ks]
hackmo: checks 
winbig1221: checks 
*** RIVER *** [9h 3h Qd Ks] [2h]
hackmo: checks 
winbig1221: bets $0.21
hackmo: folds 
Uncalled bet ($0.21) returned to winbig1221
winbig1221 collected $0.21 from pot
winbig1221: doesn't show hand 
*** SUMMARY ***
Total pot $0.22 | Rake $0.01 
Board [9h 3h Qd Ks 2h]
Seat 1: hikayoshi folded before Flop (didn't bet)
Seat 2: winbig1221 (button) collected ($0.21)
Seat 3: Ludesale (small blind) folded on the Flop
Seat 4: hackmo (big blind) folded on the River
Seat 6: NessaCakes folded before Flop (didn't bet)
Seat 7: szajcz folded before Flop (didn't bet)
Seat 8: Dorex2007 folded before Flop (didn't bet)
Seat 9: SvintuX folded before Flop (didn't bet)



PokerStars Hand #224784694271:  Hold'em No Limit ($0.01/$0.02 USD) - 2021/03/13 18:04:04 PT [2021/03/13 21:04:04 ET]
Table 'Philippina II' 9-max Seat #3 is the button
Seat 1: hikayoshi ($1.68 in chips) 
Seat 2: winbig1221 ($2.24 in chips) 
Seat 3: Ludesale ($1.51 in chips) 
Seat 4: hackmo ($5.29 in chips) 
Seat 5: Alemarcori95 ($2 in chips) 
Seat 6: NessaCakes ($1.64 in chips) 
Seat 7: szajcz ($3.22 in chips) 
Seat 8: Dorex2007 ($1.71 in chips) 
Seat 9: SvintuX ($2 in chips) 
hackmo: posts small blind $0.01
Alemarcori95: posts big blind $0.02
*** HOLE CARDS ***
Dealt to Dorex2007 [8h Qh]
NessaCakes: folds 
szajcz: folds 
Dorex2007: folds 
SvintuX: raises $0.04 to $0.06
hikayoshi: folds 
winbig1221: folds 
Ludesale: folds 
hackmo: folds 
Alemarcori95: folds 
Uncalled bet ($0.04) returned to SvintuX
SvintuX collected $0.05 from pot
SvintuX: doesn't show hand 
*** SUMMARY ***
Total pot $0.05 | Rake $0 
Seat 1: hikayoshi folded before Flop (didn't bet)
Seat 2: winbig1221 folded before Flop (didn't bet)
Seat 3: Ludesale (button) folded before Flop (didn't bet)
Seat 4: hackmo (small blind) folded before Flop
Seat 5: Alemarcori95 (big blind) folded before Flop
Seat 6: NessaCakes folded before Flop (didn't bet)
Seat 7: szajcz folded before Flop (didn't bet)
Seat 8: Dorex2007 folded before Flop (didn't bet)
Seat 9: SvintuX collected ($0.05)



