PokerStars Hand #230042540220:  Hold'em No Limit ($0.01/$0.02 USD) - 2021/09/21 21:51:46 PT [2021/09/22 0:51:46 ET]
Table 'Quetzalcoatl IV' 9-max Seat #3 is the button
Seat 1: Dorex2007 ($2 in chips) 
Seat 2: 415bigb ($2.12 in chips) 
Seat 3: tridmax ($2 in chips) 
Seat 4: HenryMDv ($2.30 in chips) 
Seat 5: DBLBLYBSTR ($2.16 in chips) 
Seat 6: esvalido09 ($5.73 in chips) 
Seat 7: mardigras450 ($4.12 in chips) 
Seat 8: isurusa ($2 in chips) 
Seat 9: Yukonwild77 ($1.16 in chips) 
HenryMDv: posts small blind $0.01
DBLBLYBSTR: posts big blind $0.02
Dorex2007: posts big blind $0.02
*** HOLE CARDS ***
Dealt to Dorex2007 [Kh 4c]
esvalido09: calls $0.02
mardigras450: folds 
isurusa: folds 
Yukonwild77: folds 
Dorex2007: checks 
415bigb: calls $0.02
tridmax: folds 
mardigras450 leaves the table
HenryMDv: raises $0.04 to $0.06
DBLBLYBSTR: folds 
esvalido09: calls $0.04
Dorex2007: folds 
415bigb: folds 
*** FLOP *** [2h Jh 3d]
HenryMDv: bets $0.08
yanok13 joins the table at seat #7 
esvalido09: folds 
Uncalled bet ($0.08) returned to HenryMDv
HenryMDv collected $0.17 from pot
*** SUMMARY ***
Total pot $0.18 | Rake $0.01 
Board [2h Jh 3d]
Seat 1: Dorex2007 folded before Flop (didn't bet)
Seat 2: 415bigb folded before Flop
Seat 3: tridmax (button) folded before Flop (didn't bet)
Seat 4: HenryMDv (small blind) collected ($0.17)
Seat 5: DBLBLYBSTR (big blind) folded before Flop
Seat 6: esvalido09 folded on the Flop
Seat 7: mardigras450 folded before Flop (didn't bet)
Seat 8: isurusa folded before Flop (didn't bet)
Seat 9: Yukonwild77 folded before Flop (didn't bet)



PokerStars Hand #230042548293:  Hold'em No Limit ($0.01/$0.02 USD) - 2021/09/21 21:52:45 PT [2021/09/22 0:52:45 ET]
Table 'Quetzalcoatl IV' 9-max Seat #4 is the button
Seat 1: Dorex2007 ($1.98 in chips) 
Seat 2: 415bigb ($2.10 in chips) 
Seat 3: tridmax ($2 in chips) 
Seat 4: HenryMDv ($2.41 in chips) 
Seat 5: DBLBLYBSTR ($2.14 in chips) 
Seat 6: esvalido09 ($5.67 in chips) 
Seat 8: isurusa ($2 in chips) 
Seat 9: Yukonwild77 ($1.16 in chips) 
DBLBLYBSTR: posts small blind $0.01
esvalido09: posts big blind $0.02
yanok13: sits out 
*** HOLE CARDS ***
Dealt to Dorex2007 [8d 7s]
isurusa: folds 
Yukonwild77: folds 
Dorex2007: folds 
415bigb: raises $0.04 to $0.06
tridmax: folds 
HenryMDv: calls $0.06
DBLBLYBSTR: raises $0.20 to $0.26
esvalido09: folds 
415bigb: folds 
HenryMDv: folds 
Uncalled bet ($0.20) returned to DBLBLYBSTR
DBLBLYBSTR collected $0.20 from pot
*** SUMMARY ***
Total pot $0.20 | Rake $0 
Seat 1: Dorex2007 folded before Flop (didn't bet)
Seat 2: 415bigb folded before Flop
Seat 3: tridmax folded before Flop (didn't bet)
Seat 4: HenryMDv (button) folded before Flop
Seat 5: DBLBLYBSTR (small blind) collected ($0.20)
Seat 6: esvalido09 (big blind) folded before Flop
Seat 8: isurusa folded before Flop (didn't bet)
Seat 9: Yukonwild77 folded before Flop (didn't bet)



PokerStars Hand #230042554646:  Hold'em No Limit ($0.01/$0.02 USD) - 2021/09/21 21:53:32 PT [2021/09/22 0:53:32 ET]
Table 'Quetzalcoatl IV' 9-max Seat #5 is the button
Seat 1: Dorex2007 ($1.98 in chips) 
Seat 2: 415bigb ($2.04 in chips) 
Seat 3: tridmax ($2 in chips) 
Seat 4: HenryMDv ($2.35 in chips) 
Seat 5: DBLBLYBSTR ($2.28 in chips) 
Seat 6: esvalido09 ($5.65 in chips) 
Seat 7: yanok13 ($0.81 in chips) 
Seat 8: isurusa ($2 in chips) 
Seat 9: Yukonwild77 ($1.16 in chips) 
esvalido09: posts small blind $0.01
yanok13: posts big blind $0.02
*** HOLE CARDS ***
Dealt to Dorex2007 [7c 2d]
isurusa: folds 
Yukonwild77: folds 
Dorex2007: folds 
415bigb: calls $0.02
tridmax: folds 
HenryMDv: folds 
DBLBLYBSTR: calls $0.02
esvalido09: calls $0.01
yanok13: checks 
*** FLOP *** [9h 6s 4h]
esvalido09: bets $0.02
yanok13: folds 
415bigb: folds 
DBLBLYBSTR: raises $0.06 to $0.08
esvalido09: folds 
Uncalled bet ($0.06) returned to DBLBLYBSTR
DBLBLYBSTR collected $0.12 from pot
*** SUMMARY ***
Total pot $0.12 | Rake $0 
Board [9h 6s 4h]
Seat 1: Dorex2007 folded before Flop (didn't bet)
Seat 2: 415bigb folded on the Flop
Seat 3: tridmax folded before Flop (didn't bet)
Seat 4: HenryMDv folded before Flop (didn't bet)
Seat 5: DBLBLYBSTR (button) collected ($0.12)
Seat 6: esvalido09 (small blind) folded on the Flop
Seat 7: yanok13 (big blind) folded on the Flop
Seat 8: isurusa folded before Flop (didn't bet)
Seat 9: Yukonwild77 folded before Flop (didn't bet)



PokerStars Hand #230042571346:  Hold'em No Limit ($0.01/$0.02 USD) - 2021/09/21 21:54:26 PT [2021/09/22 0:54:26 ET]
Table 'Quetzalcoatl IV' 9-max Seat #6 is the button
Seat 1: Dorex2007 ($1.98 in chips) 
Seat 2: 415bigb ($2.02 in chips) 
Seat 3: tridmax ($2 in chips) 
Seat 4: HenryMDv ($2.35 in chips) 
Seat 5: DBLBLYBSTR ($2.36 in chips) 
Seat 6: esvalido09 ($5.61 in chips) 
Seat 7: yanok13 ($0.79 in chips) 
Seat 8: isurusa ($2 in chips) 
Seat 9: Yukonwild77 ($1.16 in chips) 
yanok13: posts small blind $0.01
isurusa: posts big blind $0.02
*** HOLE CARDS ***
Dealt to Dorex2007 [4c 4d]
Yukonwild77: folds 
Dorex2007: raises $0.04 to $0.06
415bigb: calls $0.06
tridmax: folds 
HenryMDv: folds 
DBLBLYBSTR: folds 
esvalido09: calls $0.06
yanok13: folds 
isurusa: folds 
*** FLOP *** [7h 5s 6c]
Dorex2007: bets $0.10
415bigb: calls $0.10
esvalido09: calls $0.10
*** TURN *** [7h 5s 6c] [9h]
Dorex2007: bets $0.49
415bigb: folds 
esvalido09: calls $0.49
*** RIVER *** [7h 5s 6c 9h] [5h]
Dorex2007: bets $1.33 and is all-in
esvalido09: folds 
Uncalled bet ($1.33) returned to Dorex2007
Dorex2007 collected $1.44 from pot
Dorex2007: doesn't show hand 
*** SUMMARY ***
Total pot $1.49 | Rake $0.05 
Board [7h 5s 6c 9h 5h]
Seat 1: Dorex2007 collected ($1.44)
Seat 2: 415bigb folded on the Turn
Seat 3: tridmax folded before Flop (didn't bet)
Seat 4: HenryMDv folded before Flop (didn't bet)
Seat 5: DBLBLYBSTR folded before Flop (didn't bet)
Seat 6: esvalido09 (button) folded on the River
Seat 7: yanok13 (small blind) folded before Flop
Seat 8: isurusa (big blind) folded before Flop
Seat 9: Yukonwild77 folded before Flop (didn't bet)



PokerStars Hand #230042579175:  Hold'em No Limit ($0.01/$0.02 USD) - 2021/09/21 21:55:25 PT [2021/09/22 0:55:25 ET]
Table 'Quetzalcoatl IV' 9-max Seat #7 is the button
Seat 1: Dorex2007 ($2.77 in chips) 
Seat 2: 415bigb ($1.86 in chips) 
Seat 3: tridmax ($2 in chips) 
Seat 4: HenryMDv ($2.35 in chips) 
Seat 5: DBLBLYBSTR ($2.36 in chips) 
Seat 6: esvalido09 ($4.96 in chips) 
Seat 7: yanok13 ($0.78 in chips) 
Seat 8: isurusa ($2 in chips) 
Seat 9: Yukonwild77 ($1.16 in chips) 
isurusa: posts small blind $0.01
Yukonwild77: posts big blind $0.02
*** HOLE CARDS ***
Dealt to Dorex2007 [3d Qd]
Dorex2007: folds 
415bigb: folds 
tridmax: folds 
HenryMDv: folds 
DBLBLYBSTR: raises $0.10 to $0.12
esvalido09: folds 
yanok13: folds 
isurusa: folds 
Yukonwild77: folds 
Uncalled bet ($0.10) returned to DBLBLYBSTR
DBLBLYBSTR collected $0.05 from pot
*** SUMMARY ***
Total pot $0.05 | Rake $0 
Seat 1: Dorex2007 folded before Flop (didn't bet)
Seat 2: 415bigb folded before Flop (didn't bet)
Seat 3: tridmax folded before Flop (didn't bet)
Seat 4: HenryMDv folded before Flop (didn't bet)
Seat 5: DBLBLYBSTR collected ($0.05)
Seat 6: esvalido09 folded before Flop (didn't bet)
Seat 7: yanok13 (button) folded before Flop (didn't bet)
Seat 8: isurusa (small blind) folded before Flop
Seat 9: Yukonwild77 (big blind) folded before Flop



PokerStars Hand #230042583731:  Hold'em No Limit ($0.01/$0.02 USD) - 2021/09/21 21:56:03 PT [2021/09/22 0:56:03 ET]
Table 'Quetzalcoatl IV' 9-max Seat #8 is the button
Seat 1: Dorex2007 ($2.77 in chips) 
Seat 2: 415bigb ($1.86 in chips) 
Seat 3: tridmax ($2 in chips) 
Seat 4: HenryMDv ($2.35 in chips) 
Seat 5: DBLBLYBSTR ($2.39 in chips) 
Seat 6: esvalido09 ($4.96 in chips) 
Seat 7: yanok13 ($0.78 in chips) 
Seat 8: isurusa ($2 in chips) 
Seat 9: Yukonwild77 ($1.14 in chips) 
Yukonwild77: posts small blind $0.01
Dorex2007: posts big blind $0.02
*** HOLE CARDS ***
Dealt to Dorex2007 [Td Tc]
415bigb: calls $0.02
tridmax: raises $0.06 to $0.08
HenryMDv: folds 
DBLBLYBSTR: folds 
esvalido09: calls $0.08
yanok13: calls $0.08
isurusa: folds 
Yukonwild77: folds 
Dorex2007: calls $0.06
415bigb: folds 
*** FLOP *** [3d 8d Ad]
Dorex2007: checks 
tridmax: checks 
esvalido09: checks 
yanok13: bets $0.17
Dorex2007: folds 
tridmax: folds 
esvalido09: folds 
Uncalled bet ($0.17) returned to yanok13
yanok13 collected $0.34 from pot
yanok13: doesn't show hand 
*** SUMMARY ***
Total pot $0.35 | Rake $0.01 
Board [3d 8d Ad]
Seat 1: Dorex2007 (big blind) folded on the Flop
Seat 2: 415bigb folded before Flop
Seat 3: tridmax folded on the Flop
Seat 4: HenryMDv folded before Flop (didn't bet)
Seat 5: DBLBLYBSTR folded before Flop (didn't bet)
Seat 6: esvalido09 folded on the Flop
Seat 7: yanok13 collected ($0.34)
Seat 8: isurusa (button) folded before Flop (didn't bet)
Seat 9: Yukonwild77 (small blind) folded before Flop



PokerStars Hand #230042589974:  Hold'em No Limit ($0.01/$0.02 USD) - 2021/09/21 21:56:55 PT [2021/09/22 0:56:55 ET]
Table 'Quetzalcoatl IV' 9-max Seat #9 is the button
Seat 1: Dorex2007 ($2.69 in chips) 
Seat 2: 415bigb ($1.84 in chips) 
Seat 3: tridmax ($2 in chips) 
Seat 4: HenryMDv ($2.35 in chips) 
Seat 6: esvalido09 ($4.88 in chips) 
Seat 7: yanok13 ($1.04 in chips) 
Seat 8: isurusa ($2 in chips) 
Seat 9: Yukonwild77 ($1.13 in chips) 
Dorex2007: posts small blind $0.01
415bigb: posts big blind $0.02
*** HOLE CARDS ***
Dealt to Dorex2007 [As Kh]
tridmax: folds 
HenryMDv: calls $0.02
esvalido09: folds 
yanok13: calls $0.02
isurusa: folds 
Yukonwild77: folds 
Dorex2007: calls $0.01
415bigb: checks 
*** FLOP *** [Ah Qs 6h]
Dorex2007: bets $0.05
415bigb: folds 
HenryMDv: folds 
yanok13: folds 
Uncalled bet ($0.05) returned to Dorex2007
Dorex2007 collected $0.08 from pot
Dorex2007: doesn't show hand 
*** SUMMARY ***
Total pot $0.08 | Rake $0 
Board [Ah Qs 6h]
Seat 1: Dorex2007 (small blind) collected ($0.08)
Seat 2: 415bigb (big blind) folded on the Flop
Seat 3: tridmax folded before Flop (didn't bet)
Seat 4: HenryMDv folded on the Flop
Seat 6: esvalido09 folded before Flop (didn't bet)
Seat 7: yanok13 folded on the Flop
Seat 8: isurusa folded before Flop (didn't bet)
Seat 9: Yukonwild77 (button) folded before Flop (didn't bet)



PokerStars Hand #230042595143:  Hold'em No Limit ($0.01/$0.02 USD) - 2021/09/21 21:57:37 PT [2021/09/22 0:57:37 ET]
Table 'Quetzalcoatl IV' 9-max Seat #1 is the button
Seat 1: Dorex2007 ($2.75 in chips) 
Seat 2: 415bigb ($1.82 in chips) 
Seat 3: tridmax ($2 in chips) 
Seat 4: HenryMDv ($2.33 in chips) 
Seat 5: DBLBLYBSTR ($2.39 in chips) 
Seat 6: esvalido09 ($4.88 in chips) 
Seat 7: yanok13 ($1.02 in chips) 
Seat 8: isurusa ($2 in chips) 
Seat 9: Yukonwild77 ($1.13 in chips) 
415bigb: posts small blind $0.01
tridmax: posts big blind $0.02
*** HOLE CARDS ***
Dealt to Dorex2007 [8d 5c]
HenryMDv: calls $0.02
DBLBLYBSTR: raises $0.07 to $0.09
esvalido09: calls $0.09
yanok13: folds 
isurusa: folds 
Yukonwild77: folds 
Dorex2007: folds 
415bigb: folds 
tridmax: folds 
HenryMDv: folds 
*** FLOP *** [Kd 5h 6h]
DBLBLYBSTR: bets $0.11
esvalido09: calls $0.11
*** TURN *** [Kd 5h 6h] [4s]
DBLBLYBSTR: checks 
esvalido09: bets $0.43
DBLBLYBSTR: folds 
Uncalled bet ($0.43) returned to esvalido09
esvalido09 collected $0.43 from pot
esvalido09: doesn't show hand 
*** SUMMARY ***
Total pot $0.45 | Rake $0.02 
Board [Kd 5h 6h 4s]
Seat 1: Dorex2007 (button) folded before Flop (didn't bet)
Seat 2: 415bigb (small blind) folded before Flop
Seat 3: tridmax (big blind) folded before Flop
Seat 4: HenryMDv folded before Flop
Seat 5: DBLBLYBSTR folded on the Turn
Seat 6: esvalido09 collected ($0.43)
Seat 7: yanok13 folded before Flop (didn't bet)
Seat 8: isurusa folded before Flop (didn't bet)
Seat 9: Yukonwild77 folded before Flop (didn't bet)



PokerStars Hand #230042602579:  Hold'em No Limit ($0.01/$0.02 USD) - 2021/09/21 21:58:39 PT [2021/09/22 0:58:39 ET]
Table 'Quetzalcoatl IV' 9-max Seat #2 is the button
Seat 1: Dorex2007 ($2.75 in chips) 
Seat 2: 415bigb ($1.81 in chips) 
Seat 3: tridmax ($2 in chips) 
Seat 4: HenryMDv ($2.31 in chips) 
Seat 5: DBLBLYBSTR ($2.19 in chips) 
Seat 6: esvalido09 ($5.11 in chips) 
Seat 7: yanok13 ($1.02 in chips) 
Seat 8: isurusa ($2 in chips) 
Seat 9: Yukonwild77 ($1.13 in chips) 
tridmax: posts small blind $0.01
HenryMDv: posts big blind $0.02
*** HOLE CARDS ***
Dealt to Dorex2007 [2c Ah]
DBLBLYBSTR: folds 
esvalido09: calls $0.02
yanok13: calls $0.02
isurusa: folds 
Yukonwild77: calls $0.02
Dorex2007: folds 
415bigb: folds 
tridmax: folds 
HenryMDv: checks 
*** FLOP *** [Jd Ac Qc]
HenryMDv: bets $0.06
esvalido09: calls $0.06
yanok13: calls $0.06
Yukonwild77: folds 
*** TURN *** [Jd Ac Qc] [5s]
HenryMDv: bets $0.12
esvalido09: calls $0.12
yanok13: calls $0.12
*** RIVER *** [Jd Ac Qc 5s] [Th]
HenryMDv: bets $0.06
esvalido09: folds 
yanok13: raises $0.20 to $0.26
HenryMDv: folds 
Uncalled bet ($0.20) returned to yanok13
yanok13 collected $0.72 from pot
yanok13: doesn't show hand 
*** SUMMARY ***
Total pot $0.75 | Rake $0.03 
Board [Jd Ac Qc 5s Th]
Seat 1: Dorex2007 folded before Flop (didn't bet)
Seat 2: 415bigb (button) folded before Flop (didn't bet)
Seat 3: tridmax (small blind) folded before Flop
Seat 4: HenryMDv (big blind) folded on the River
Seat 5: DBLBLYBSTR folded before Flop (didn't bet)
Seat 6: esvalido09 folded on the River
Seat 7: yanok13 collected ($0.72)
Seat 8: isurusa folded before Flop (didn't bet)
Seat 9: Yukonwild77 folded on the Flop



PokerStars Hand #230042613243:  Hold'em No Limit ($0.01/$0.02 USD) - 2021/09/21 22:00:08 PT [2021/09/22 1:00:08 ET]
Table 'Quetzalcoatl IV' 9-max Seat #3 is the button
Seat 1: Dorex2007 ($2.75 in chips) 
Seat 2: 415bigb ($1.81 in chips) 
Seat 3: tridmax ($2 in chips) 
Seat 4: HenryMDv ($2.05 in chips) 
Seat 5: DBLBLYBSTR ($2.19 in chips) 
Seat 6: esvalido09 ($4.91 in chips) 
Seat 7: yanok13 ($1.48 in chips) 
Seat 8: isurusa ($2 in chips) 
Seat 9: Yukonwild77 ($1.11 in chips) 
HenryMDv: posts small blind $0.01
DBLBLYBSTR: posts big blind $0.02
*** HOLE CARDS ***
Dealt to Dorex2007 [8c Ts]
esvalido09: raises $0.05 to $0.07
yanok13: folds 
isurusa: folds 
Yukonwild77: folds 
Dorex2007: folds 
415bigb: folds 
tridmax: folds 
HenryMDv: folds 
DBLBLYBSTR: folds 
Uncalled bet ($0.05) returned to esvalido09
esvalido09 collected $0.05 from pot
esvalido09: doesn't show hand 
*** SUMMARY ***
Total pot $0.05 | Rake $0 
Seat 1: Dorex2007 folded before Flop (didn't bet)
Seat 2: 415bigb folded before Flop (didn't bet)
Seat 3: tridmax (button) folded before Flop (didn't bet)
Seat 4: HenryMDv (small blind) folded before Flop
Seat 5: DBLBLYBSTR (big blind) folded before Flop
Seat 6: esvalido09 collected ($0.05)
Seat 7: yanok13 folded before Flop (didn't bet)
Seat 8: isurusa folded before Flop (didn't bet)
Seat 9: Yukonwild77 folded before Flop (didn't bet)



PokerStars Hand #230042616015:  Hold'em No Limit ($0.01/$0.02 USD) - 2021/09/21 22:00:30 PT [2021/09/22 1:00:30 ET]
Table 'Quetzalcoatl IV' 9-max Seat #4 is the button
Seat 1: Dorex2007 ($2.75 in chips) 
Seat 2: 415bigb ($1.81 in chips) 
Seat 3: tridmax ($2 in chips) 
Seat 4: HenryMDv ($2.04 in chips) 
Seat 5: DBLBLYBSTR ($2.17 in chips) 
Seat 6: esvalido09 ($4.94 in chips) 
Seat 7: yanok13 ($1.48 in chips) 
Seat 8: isurusa ($2 in chips) 
Seat 9: Yukonwild77 ($1.11 in chips) 
DBLBLYBSTR: posts small blind $0.01
esvalido09: posts big blind $0.02
*** HOLE CARDS ***
Dealt to Dorex2007 [Qc 8c]
yanok13: folds 
isurusa: folds 
Yukonwild77: folds 
Dorex2007: folds 
415bigb: folds 
tridmax: folds 
HenryMDv: folds 
DBLBLYBSTR: folds 
Uncalled bet ($0.01) returned to esvalido09
esvalido09 collected $0.02 from pot
esvalido09: doesn't show hand 
*** SUMMARY ***
Total pot $0.02 | Rake $0 
Seat 1: Dorex2007 folded before Flop (didn't bet)
Seat 2: 415bigb folded before Flop (didn't bet)
Seat 3: tridmax folded before Flop (didn't bet)
Seat 4: HenryMDv (button) folded before Flop (didn't bet)
Seat 5: DBLBLYBSTR (small blind) folded before Flop
Seat 6: esvalido09 (big blind) collected ($0.02)
Seat 7: yanok13 folded before Flop (didn't bet)
Seat 8: isurusa folded before Flop (didn't bet)
Seat 9: Yukonwild77 folded before Flop (didn't bet)



PokerStars Hand #230042619651:  Hold'em No Limit ($0.01/$0.02 USD) - 2021/09/21 22:00:57 PT [2021/09/22 1:00:57 ET]
Table 'Quetzalcoatl IV' 9-max Seat #5 is the button
Seat 1: Dorex2007 ($2.75 in chips) 
Seat 2: 415bigb ($1.81 in chips) 
Seat 3: tridmax ($2 in chips) 
Seat 4: HenryMDv ($2.04 in chips) 
Seat 5: DBLBLYBSTR ($2.16 in chips) 
Seat 6: esvalido09 ($4.95 in chips) 
Seat 7: yanok13 ($1.48 in chips) 
Seat 8: isurusa ($2 in chips) 
Seat 9: Yukonwild77 ($1.11 in chips) 
esvalido09: posts small blind $0.01
yanok13: posts big blind $0.02
*** HOLE CARDS ***
Dealt to Dorex2007 [9h 9s]
isurusa: folds 
Yukonwild77: folds 
Dorex2007: raises $0.04 to $0.06
415bigb: folds 
tridmax: folds 
HenryMDv: folds 
DBLBLYBSTR: raises $0.15 to $0.21
esvalido09: folds 
yanok13: folds 
Dorex2007: folds 
Uncalled bet ($0.15) returned to DBLBLYBSTR
DBLBLYBSTR collected $0.15 from pot
*** SUMMARY ***
Total pot $0.15 | Rake $0 
Seat 1: Dorex2007 folded before Flop
Seat 2: 415bigb folded before Flop (didn't bet)
Seat 3: tridmax folded before Flop (didn't bet)
Seat 4: HenryMDv folded before Flop (didn't bet)
Seat 5: DBLBLYBSTR (button) collected ($0.15)
Seat 6: esvalido09 (small blind) folded before Flop
Seat 7: yanok13 (big blind) folded before Flop
Seat 8: isurusa folded before Flop (didn't bet)
Seat 9: Yukonwild77 folded before Flop (didn't bet)



PokerStars Hand #230042625068:  Hold'em No Limit ($0.01/$0.02 USD) - 2021/09/21 22:01:38 PT [2021/09/22 1:01:38 ET]
Table 'Quetzalcoatl IV' 9-max Seat #6 is the button
Seat 1: Dorex2007 ($2.69 in chips) 
Seat 2: 415bigb ($1.81 in chips) 
Seat 3: tridmax ($2 in chips) 
Seat 4: HenryMDv ($2.04 in chips) 
Seat 5: DBLBLYBSTR ($2.25 in chips) 
Seat 6: esvalido09 ($4.94 in chips) 
Seat 7: yanok13 ($1.46 in chips) 
Seat 8: isurusa ($2 in chips) 
Seat 9: Yukonwild77 ($1.11 in chips) 
yanok13: posts small blind $0.01
isurusa: posts big blind $0.02
*** HOLE CARDS ***
Dealt to Dorex2007 [2d 9s]
Yukonwild77: folds 
Dorex2007: folds 
415bigb: folds 
tridmax: folds 
HenryMDv: calls $0.02
DBLBLYBSTR: raises $0.07 to $0.09
esvalido09: folds 
yanok13: folds 
isurusa: folds 
HenryMDv: calls $0.07
*** FLOP *** [Jh Ts 3h]
HenryMDv: checks 
DBLBLYBSTR: checks 
*** TURN *** [Jh Ts 3h] [Td]
HenryMDv: bets $0.06
DBLBLYBSTR: raises $0.06 to $0.12
HenryMDv: calls $0.06
*** RIVER *** [Jh Ts 3h Td] [8s]
HenryMDv: checks 
DBLBLYBSTR: bets $0.43
HenryMDv: folds 
Uncalled bet ($0.43) returned to DBLBLYBSTR
DBLBLYBSTR collected $0.43 from pot
*** SUMMARY ***
Total pot $0.45 | Rake $0.02 
Board [Jh Ts 3h Td 8s]
Seat 1: Dorex2007 folded before Flop (didn't bet)
Seat 2: 415bigb folded before Flop (didn't bet)
Seat 3: tridmax folded before Flop (didn't bet)
Seat 4: HenryMDv folded on the River
Seat 5: DBLBLYBSTR collected ($0.43)
Seat 6: esvalido09 (button) folded before Flop (didn't bet)
Seat 7: yanok13 (small blind) folded before Flop
Seat 8: isurusa (big blind) folded before Flop
Seat 9: Yukonwild77 folded before Flop (didn't bet)



PokerStars Hand #230042641124:  Hold'em No Limit ($0.01/$0.02 USD) - 2021/09/21 22:02:48 PT [2021/09/22 1:02:48 ET]
Table 'Quetzalcoatl IV' 9-max Seat #7 is the button
Seat 1: Dorex2007 ($2.69 in chips) 
Seat 2: 415bigb ($1.81 in chips) 
Seat 3: tridmax ($2 in chips) 
Seat 4: HenryMDv ($1.83 in chips) 
Seat 5: DBLBLYBSTR ($2.47 in chips) 
Seat 6: esvalido09 ($4.94 in chips) 
Seat 7: yanok13 ($1.45 in chips) 
Seat 8: isurusa ($2 in chips) 
Seat 9: Yukonwild77 ($1.11 in chips) 
isurusa: posts small blind $0.01
Yukonwild77: posts big blind $0.02
*** HOLE CARDS ***
Dealt to Dorex2007 [6s 7c]
Dorex2007: folds 
415bigb: raises $0.02 to $0.04
tridmax: folds 
HenryMDv: calls $0.04
DBLBLYBSTR: calls $0.04
esvalido09: folds 
yanok13: folds 
isurusa: folds 
Yukonwild77: folds 
*** FLOP *** [Qh Tc Kh]
415bigb: checks 
HenryMDv: bets $0.06
DBLBLYBSTR: raises $0.26 to $0.32
415bigb: folds 
HenryMDv: raises $1.47 to $1.79 and is all-in
DBLBLYBSTR: folds 
Uncalled bet ($1.47) returned to HenryMDv
HenryMDv collected $0.76 from pot
*** SUMMARY ***
Total pot $0.79 | Rake $0.03 
Board [Qh Tc Kh]
Seat 1: Dorex2007 folded before Flop (didn't bet)
Seat 2: 415bigb folded on the Flop
Seat 3: tridmax folded before Flop (didn't bet)
Seat 4: HenryMDv collected ($0.76)
Seat 5: DBLBLYBSTR folded on the Flop
Seat 6: esvalido09 folded before Flop (didn't bet)
Seat 7: yanok13 (button) folded before Flop (didn't bet)
Seat 8: isurusa (small blind) folded before Flop
Seat 9: Yukonwild77 (big blind) folded before Flop



PokerStars Hand #230042652627:  Hold'em No Limit ($0.01/$0.02 USD) - 2021/09/21 22:04:13 PT [2021/09/22 1:04:13 ET]
Table 'Quetzalcoatl IV' 9-max Seat #8 is the button
Seat 1: Dorex2007 ($2.69 in chips) 
Seat 2: 415bigb ($1.77 in chips) 
Seat 3: tridmax ($2 in chips) 
Seat 4: HenryMDv ($2.23 in chips) 
Seat 5: DBLBLYBSTR ($2.11 in chips) 
Seat 6: esvalido09 ($4.94 in chips) 
Seat 7: yanok13 ($1.45 in chips) 
Seat 8: isurusa ($2 in chips) 
Seat 9: Yukonwild77 ($1.09 in chips) 
Yukonwild77: posts small blind $0.01
Dorex2007: posts big blind $0.02
*** HOLE CARDS ***
Dealt to Dorex2007 [Td 7h]
415bigb: calls $0.02
tridmax: folds 
HenryMDv: folds 
DBLBLYBSTR: folds 
esvalido09: calls $0.02
yanok13: folds 
isurusa: raises $0.16 to $0.18
Yukonwild77: folds 
Dorex2007: folds 
415bigb: folds 
esvalido09: folds 
Uncalled bet ($0.16) returned to isurusa
isurusa collected $0.09 from pot
isurusa: doesn't show hand 
*** SUMMARY ***
Total pot $0.09 | Rake $0 
Seat 1: Dorex2007 (big blind) folded before Flop
Seat 2: 415bigb folded before Flop
Seat 3: tridmax folded before Flop (didn't bet)
Seat 4: HenryMDv folded before Flop (didn't bet)
Seat 5: DBLBLYBSTR folded before Flop (didn't bet)
Seat 6: esvalido09 folded before Flop
Seat 7: yanok13 folded before Flop (didn't bet)
Seat 8: isurusa (button) collected ($0.09)
Seat 9: Yukonwild77 (small blind) folded before Flop



PokerStars Hand #230042659603:  Hold'em No Limit ($0.01/$0.02 USD) - 2021/09/21 22:05:04 PT [2021/09/22 1:05:04 ET]
Table 'Quetzalcoatl IV' 9-max Seat #9 is the button
Seat 1: Dorex2007 ($2.67 in chips) 
Seat 2: 415bigb ($1.75 in chips) 
Seat 3: tridmax ($2 in chips) 
Seat 4: HenryMDv ($2.23 in chips) 
Seat 5: DBLBLYBSTR ($2.11 in chips) 
Seat 6: esvalido09 ($4.92 in chips) 
Seat 7: yanok13 ($1.45 in chips) 
Seat 8: isurusa ($2.07 in chips) 
Seat 9: Yukonwild77 ($1.08 in chips) 
Dorex2007: posts small blind $0.01
415bigb: posts big blind $0.02
*** HOLE CARDS ***
Dealt to Dorex2007 [4h 5s]
tridmax: folds 
HenryMDv: folds 
DBLBLYBSTR: folds 
HenryMDv leaves the table
esvalido09: folds 
yanok13: raises $0.02 to $0.04
InsomniacCat joins the table at seat #4 
isurusa: folds 
Yukonwild77: folds 
Dorex2007: folds 
415bigb: calls $0.02
*** FLOP *** [2s As Qc]
415bigb: bets $0.02
yanok13: calls $0.02
*** TURN *** [2s As Qc] [Qd]
415bigb: bets $0.06
yanok13: calls $0.06
*** RIVER *** [2s As Qc Qd] [Kh]
415bigb: bets $0.28
yanok13: calls $0.28
*** SHOW DOWN ***
415bigb: shows [5d Ac] (two pair, Aces and Queens)
yanok13: shows [Qh Jd] (three of a kind, Queens)
yanok13 collected $0.78 from pot
*** SUMMARY ***
Total pot $0.81 | Rake $0.03 
Board [2s As Qc Qd Kh]
Seat 1: Dorex2007 (small blind) folded before Flop
Seat 2: 415bigb (big blind) showed [5d Ac] and lost with two pair, Aces and Queens
Seat 3: tridmax folded before Flop (didn't bet)
Seat 4: HenryMDv folded before Flop (didn't bet)
Seat 5: DBLBLYBSTR folded before Flop (didn't bet)
Seat 6: esvalido09 folded before Flop (didn't bet)
Seat 7: yanok13 showed [Qh Jd] and won ($0.78) with three of a kind, Queens
Seat 8: isurusa folded before Flop (didn't bet)
Seat 9: Yukonwild77 (button) folded before Flop (didn't bet)



PokerStars Hand #230042674703:  Hold'em No Limit ($0.01/$0.02 USD) - 2021/09/21 22:05:59 PT [2021/09/22 1:05:59 ET]
Table 'Quetzalcoatl IV' 9-max Seat #1 is the button
Seat 1: Dorex2007 ($2.66 in chips) 
Seat 2: 415bigb ($1.35 in chips) 
Seat 3: tridmax ($2 in chips) 
Seat 5: DBLBLYBSTR ($2.11 in chips) 
Seat 6: esvalido09 ($4.92 in chips) 
Seat 7: yanok13 ($1.83 in chips) 
Seat 8: isurusa ($2.07 in chips) 
Seat 9: Yukonwild77 ($1.08 in chips) 
415bigb: posts small blind $0.01
tridmax: posts big blind $0.02
InsomniacCat: sits out 
*** HOLE CARDS ***
Dealt to Dorex2007 [As 9h]
DBLBLYBSTR: raises $0.04 to $0.06
esvalido09: calls $0.06
yanok13: folds 
isurusa: calls $0.06
Yukonwild77: folds 
Dorex2007: folds 
415bigb: folds 
tridmax: folds 
*** FLOP *** [9d 5d Th]
DBLBLYBSTR: checks 
esvalido09: bets $0.20
isurusa: folds 
DBLBLYBSTR: folds 
Uncalled bet ($0.20) returned to esvalido09
esvalido09 collected $0.20 from pot
esvalido09: doesn't show hand 
*** SUMMARY ***
Total pot $0.21 | Rake $0.01 
Board [9d 5d Th]
Seat 1: Dorex2007 (button) folded before Flop (didn't bet)
Seat 2: 415bigb (small blind) folded before Flop
Seat 3: tridmax (big blind) folded before Flop
Seat 5: DBLBLYBSTR folded on the Flop
Seat 6: esvalido09 collected ($0.20)
Seat 7: yanok13 folded before Flop (didn't bet)
Seat 8: isurusa folded on the Flop
Seat 9: Yukonwild77 folded before Flop (didn't bet)



PokerStars Hand #230042680803:  Hold'em No Limit ($0.01/$0.02 USD) - 2021/09/21 22:06:44 PT [2021/09/22 1:06:44 ET]
Table 'Quetzalcoatl IV' 9-max Seat #2 is the button
Seat 1: Dorex2007 ($2.66 in chips) 
Seat 2: 415bigb ($1.34 in chips) 
Seat 3: tridmax ($2 in chips) 
Seat 4: InsomniacCat ($2 in chips) 
Seat 5: DBLBLYBSTR ($2.05 in chips) 
Seat 6: esvalido09 ($5.06 in chips) 
Seat 7: yanok13 ($1.83 in chips) 
Seat 8: isurusa ($2.01 in chips) 
Seat 9: Yukonwild77 ($1.08 in chips) 
tridmax: posts small blind $0.01
InsomniacCat: posts big blind $0.02
*** HOLE CARDS ***
Dealt to Dorex2007 [Th Ks]
DBLBLYBSTR: folds 
esvalido09: folds 
yanok13: calls $0.02
isurusa: folds 
Yukonwild77: calls $0.02
Dorex2007: calls $0.02
415bigb: folds 
tridmax: folds 
InsomniacCat: checks 
*** FLOP *** [9c Ts Kh]
InsomniacCat: checks 
yanok13: checks 
Yukonwild77: checks 
Dorex2007: bets $0.05
InsomniacCat: calls $0.05
yanok13: folds 
Yukonwild77: calls $0.05
*** TURN *** [9c Ts Kh] [8s]
InsomniacCat: checks 
Yukonwild77: checks 
Dorex2007: bets $0.15
InsomniacCat: folds 
Yukonwild77: folds 
Uncalled bet ($0.15) returned to Dorex2007
Dorex2007 collected $0.23 from pot
Dorex2007: doesn't show hand 
*** SUMMARY ***
Total pot $0.24 | Rake $0.01 
Board [9c Ts Kh 8s]
Seat 1: Dorex2007 collected ($0.23)
Seat 2: 415bigb (button) folded before Flop (didn't bet)
Seat 3: tridmax (small blind) folded before Flop
Seat 4: InsomniacCat (big blind) folded on the Turn
Seat 5: DBLBLYBSTR folded before Flop (didn't bet)
Seat 6: esvalido09 folded before Flop (didn't bet)
Seat 7: yanok13 folded on the Flop
Seat 8: isurusa folded before Flop (didn't bet)
Seat 9: Yukonwild77 folded on the Turn



PokerStars Hand #230042692653:  Hold'em No Limit ($0.01/$0.02 USD) - 2021/09/21 22:08:12 PT [2021/09/22 1:08:12 ET]
Table 'Quetzalcoatl IV' 9-max Seat #3 is the button
Seat 1: Dorex2007 ($2.82 in chips) 
Seat 2: 415bigb ($1.34 in chips) 
Seat 3: tridmax ($2 in chips) 
Seat 4: InsomniacCat ($1.93 in chips) 
Seat 5: DBLBLYBSTR ($2.05 in chips) 
Seat 6: esvalido09 ($5.06 in chips) 
Seat 7: yanok13 ($1.81 in chips) 
Seat 8: isurusa ($2.01 in chips) 
Seat 9: Yukonwild77 ($1.01 in chips) 
InsomniacCat: posts small blind $0.01
DBLBLYBSTR: posts big blind $0.02
*** HOLE CARDS ***
Dealt to Dorex2007 [8s Qd]
esvalido09: folds 
yanok13: folds 
isurusa: folds 
Yukonwild77: folds 
Dorex2007: folds 
415bigb: raises $0.04 to $0.06
tridmax: folds 
InsomniacCat: raises $0.08 to $0.14
DBLBLYBSTR: folds 
415bigb: calls $0.08
*** FLOP *** [7h 6s 8c]
InsomniacCat: bets $0.13
415bigb: raises $0.28 to $0.41
InsomniacCat: folds 
Uncalled bet ($0.28) returned to 415bigb
415bigb collected $0.54 from pot
415bigb: doesn't show hand 
*** SUMMARY ***
Total pot $0.56 | Rake $0.02 
Board [7h 6s 8c]
Seat 1: Dorex2007 folded before Flop (didn't bet)
Seat 2: 415bigb collected ($0.54)
Seat 3: tridmax (button) folded before Flop (didn't bet)
Seat 4: InsomniacCat (small blind) folded on the Flop
Seat 5: DBLBLYBSTR (big blind) folded before Flop
Seat 6: esvalido09 folded before Flop (didn't bet)
Seat 7: yanok13 folded before Flop (didn't bet)
Seat 8: isurusa folded before Flop (didn't bet)
Seat 9: Yukonwild77 folded before Flop (didn't bet)



PokerStars Hand #230042700646:  Hold'em No Limit ($0.01/$0.02 USD) - 2021/09/21 22:09:10 PT [2021/09/22 1:09:10 ET]
Table 'Quetzalcoatl IV' 9-max Seat #4 is the button
Seat 1: Dorex2007 ($2.82 in chips) 
Seat 2: 415bigb ($1.61 in chips) 
Seat 3: tridmax ($2 in chips) 
Seat 4: InsomniacCat ($1.66 in chips) 
Seat 5: DBLBLYBSTR ($2.03 in chips) 
Seat 6: esvalido09 ($5.06 in chips) 
Seat 7: yanok13 ($1.81 in chips) 
Seat 8: isurusa ($2.01 in chips) 
Seat 9: Yukonwild77 ($1.01 in chips) 
DBLBLYBSTR: posts small blind $0.01
esvalido09: posts big blind $0.02
*** HOLE CARDS ***
Dealt to Dorex2007 [Kd 6s]
yanok13: folds 
isurusa: folds 
Yukonwild77: folds 
Dorex2007: folds 
415bigb: calls $0.02
tridmax: folds 
InsomniacCat: folds 
DBLBLYBSTR: raises $0.06 to $0.08
esvalido09: calls $0.06
415bigb: calls $0.06
*** FLOP *** [Qc 4c 9c]
DBLBLYBSTR: bets $0.12
esvalido09: folds 
415bigb: folds 
Uncalled bet ($0.12) returned to DBLBLYBSTR
DBLBLYBSTR collected $0.23 from pot
DBLBLYBSTR: doesn't show hand 
*** SUMMARY ***
Total pot $0.24 | Rake $0.01 
Board [Qc 4c 9c]
Seat 1: Dorex2007 folded before Flop (didn't bet)
Seat 2: 415bigb folded on the Flop
Seat 3: tridmax folded before Flop (didn't bet)
Seat 4: InsomniacCat (button) folded before Flop (didn't bet)
Seat 5: DBLBLYBSTR (small blind) collected ($0.23)
Seat 6: esvalido09 (big blind) folded on the Flop
Seat 7: yanok13 folded before Flop (didn't bet)
Seat 8: isurusa folded before Flop (didn't bet)
Seat 9: Yukonwild77 folded before Flop (didn't bet)



PokerStars Hand #230042706549:  Hold'em No Limit ($0.01/$0.02 USD) - 2021/09/21 22:09:53 PT [2021/09/22 1:09:53 ET]
Table 'Quetzalcoatl IV' 9-max Seat #5 is the button
Seat 1: Dorex2007 ($2.82 in chips) 
Seat 2: 415bigb ($1.53 in chips) 
Seat 3: tridmax ($2 in chips) 
Seat 4: InsomniacCat ($1.66 in chips) 
Seat 5: DBLBLYBSTR ($2.18 in chips) 
Seat 6: esvalido09 ($4.98 in chips) 
Seat 7: yanok13 ($1.81 in chips) 
Seat 8: isurusa ($2.01 in chips) 
Seat 9: Yukonwild77 ($1.01 in chips) 
esvalido09: posts small blind $0.01
yanok13: posts big blind $0.02
*** HOLE CARDS ***
Dealt to Dorex2007 [9h 4h]
isurusa: folds 
Yukonwild77: folds 
Dorex2007: folds 
415bigb: raises $0.04 to $0.06
tridmax: folds 
InsomniacCat: folds 
DBLBLYBSTR: folds 
esvalido09: calls $0.05
yanok13: folds 
*** FLOP *** [9d Kc 6s]
esvalido09: checks 
415bigb: bets $0.02
esvalido09: calls $0.02
*** TURN *** [9d Kc 6s] [8d]
esvalido09: checks 
415bigb: bets $0.04
yanok13 leaves the table
esvalido09: calls $0.04
*** RIVER *** [9d Kc 6s 8d] [Th]
sofaking1973 joins the table at seat #7 
esvalido09: bets $0.35
415bigb: calls $0.35
*** SHOW DOWN ***
esvalido09: shows [Qh Jh] (a straight, Nine to King)
415bigb: mucks hand 
esvalido09 collected $0.93 from pot
*** SUMMARY ***
Total pot $0.96 | Rake $0.03 
Board [9d Kc 6s 8d Th]
Seat 1: Dorex2007 folded before Flop (didn't bet)
Seat 2: 415bigb mucked [9c 9s]
Seat 3: tridmax folded before Flop (didn't bet)
Seat 4: InsomniacCat folded before Flop (didn't bet)
Seat 5: DBLBLYBSTR (button) folded before Flop (didn't bet)
Seat 6: esvalido09 (small blind) showed [Qh Jh] and won ($0.93) with a straight, Nine to King
Seat 7: yanok13 (big blind) folded before Flop
Seat 8: isurusa folded before Flop (didn't bet)
Seat 9: Yukonwild77 folded before Flop (didn't bet)



PokerStars Hand #230042714316:  Hold'em No Limit ($0.01/$0.02 USD) - 2021/09/21 22:10:49 PT [2021/09/22 1:10:49 ET]
Table 'Quetzalcoatl IV' 9-max Seat #6 is the button
Seat 1: Dorex2007 ($2.82 in chips) 
Seat 2: 415bigb ($1.06 in chips) 
Seat 3: tridmax ($2 in chips) 
Seat 4: InsomniacCat ($1.66 in chips) 
Seat 5: DBLBLYBSTR ($2.18 in chips) 
Seat 6: esvalido09 ($5.44 in chips) 
Seat 8: isurusa ($2.01 in chips) 
Seat 9: Yukonwild77 ($1.01 in chips) 
isurusa: posts small blind $0.01
Yukonwild77: posts big blind $0.02
*** HOLE CARDS ***
Dealt to Dorex2007 [2s Ts]
Dorex2007: folds 
415bigb: folds 
tridmax: folds 
InsomniacCat: folds 
415bigb leaves the table
DBLBLYBSTR: raises $0.04 to $0.06
esvalido09: folds 
isurusa: calls $0.05
Yukonwild77: calls $0.04
*** FLOP *** [7c Qh 8h]
isurusa: checks 
Yukonwild77: bets $0.17
DBLBLYBSTR: calls $0.17
isurusa: folds 
*** TURN *** [7c Qh 8h] [5d]
Yukonwild77: bets $0.50
mksm197201 joins the table at seat #2 
DBLBLYBSTR: calls $0.50
*** RIVER *** [7c Qh 8h 5d] [5c]
Yukonwild77: bets $0.28 and is all-in
DBLBLYBSTR: calls $0.28
*** SHOW DOWN ***
Yukonwild77: shows [Kc Kd] (two pair, Kings and Fives)
DBLBLYBSTR: shows [6d Qd] (two pair, Queens and Fives)
Yukonwild77 collected $2.01 from pot
*** SUMMARY ***
Total pot $2.08 | Rake $0.07 
Board [7c Qh 8h 5d 5c]
Seat 1: Dorex2007 folded before Flop (didn't bet)
Seat 2: 415bigb folded before Flop (didn't bet)
Seat 3: tridmax folded before Flop (didn't bet)
Seat 4: InsomniacCat folded before Flop (didn't bet)
Seat 5: DBLBLYBSTR showed [6d Qd] and lost with two pair, Queens and Fives
Seat 6: esvalido09 (button) folded before Flop (didn't bet)
Seat 8: isurusa (small blind) folded on the Flop
Seat 9: Yukonwild77 (big blind) showed [Kc Kd] and won ($2.01) with two pair, Kings and Fives



PokerStars Hand #230042724782:  Hold'em No Limit ($0.01/$0.02 USD) - 2021/09/21 22:12:05 PT [2021/09/22 1:12:05 ET]
Table 'Quetzalcoatl IV' 9-max Seat #8 is the button
Seat 1: Dorex2007 ($2.82 in chips) 
Seat 3: tridmax ($2 in chips) 
Seat 4: InsomniacCat ($1.66 in chips) 
Seat 5: DBLBLYBSTR ($1.17 in chips) 
Seat 6: esvalido09 ($5.44 in chips) 
Seat 7: sofaking1973 ($2.11 in chips) 
Seat 8: isurusa ($2 in chips) 
Seat 9: Yukonwild77 ($2.01 in chips) 
Yukonwild77: posts small blind $0.01
Dorex2007: posts big blind $0.02
mksm197201: sits out 
sofaking1973: posts big blind $0.02
*** HOLE CARDS ***
Dealt to Dorex2007 [Kc 5s]
tridmax: raises $0.06 to $0.08
InsomniacCat: folds 
DBLBLYBSTR: raises $0.21 to $0.29
esvalido09: folds 
sofaking1973: folds 
isurusa: folds 
Yukonwild77: folds 
Dorex2007: folds 
tridmax: calls $0.21
*** FLOP *** [7h Ad Td]
tridmax: checks 
DBLBLYBSTR: checks 
*** TURN *** [7h Ad Td] [8h]
tridmax: bets $0.98
DBLBLYBSTR: folds 
Uncalled bet ($0.98) returned to tridmax
tridmax collected $0.61 from pot
tridmax: doesn't show hand 
*** SUMMARY ***
Total pot $0.63 | Rake $0.02 
Board [7h Ad Td 8h]
Seat 1: Dorex2007 (big blind) folded before Flop
Seat 3: tridmax collected ($0.61)
Seat 4: InsomniacCat folded before Flop (didn't bet)
Seat 5: DBLBLYBSTR folded on the Turn
Seat 6: esvalido09 folded before Flop (didn't bet)
Seat 7: sofaking1973 folded before Flop (didn't bet)
Seat 8: isurusa (button) folded before Flop (didn't bet)
Seat 9: Yukonwild77 (small blind) folded before Flop



PokerStars Hand #230042734076:  Hold'em No Limit ($0.01/$0.02 USD) - 2021/09/21 22:13:13 PT [2021/09/22 1:13:13 ET]
Table 'Quetzalcoatl IV' 9-max Seat #9 is the button
Seat 1: Dorex2007 ($2.80 in chips) 
Seat 2: mksm197201 ($2 in chips) 
Seat 3: tridmax ($2.32 in chips) 
Seat 4: InsomniacCat ($1.66 in chips) 
Seat 5: DBLBLYBSTR ($0.88 in chips) 
Seat 6: esvalido09 ($5.44 in chips) 
Seat 7: sofaking1973 ($2.09 in chips) 
Seat 8: isurusa ($2 in chips) 
Seat 9: Yukonwild77 ($2 in chips) 
Dorex2007: posts small blind $0.01
mksm197201: posts big blind $0.02
*** HOLE CARDS ***
Dealt to Dorex2007 [2d Kc]
tridmax: folds 
InsomniacCat: raises $0.05 to $0.07
DBLBLYBSTR: folds 
esvalido09: calls $0.07
sofaking1973: raises $0.05 to $0.12
isurusa: folds 
Yukonwild77: folds 
Dorex2007: folds 
mksm197201: folds 
InsomniacCat: calls $0.05
esvalido09: raises $0.05 to $0.17
sofaking1973: calls $0.05
InsomniacCat: calls $0.05
*** FLOP *** [Th Js Td]
InsomniacCat: checks 
esvalido09: bets $0.52
sofaking1973: folds 
InsomniacCat: folds 
Uncalled bet ($0.52) returned to esvalido09
esvalido09 collected $0.52 from pot
esvalido09: doesn't show hand 
*** SUMMARY ***
Total pot $0.54 | Rake $0.02 
Board [Th Js Td]
Seat 1: Dorex2007 (small blind) folded before Flop
Seat 2: mksm197201 (big blind) folded before Flop
Seat 3: tridmax folded before Flop (didn't bet)
Seat 4: InsomniacCat folded on the Flop
Seat 5: DBLBLYBSTR folded before Flop (didn't bet)
Seat 6: esvalido09 collected ($0.52)
Seat 7: sofaking1973 folded on the Flop
Seat 8: isurusa folded before Flop (didn't bet)
Seat 9: Yukonwild77 (button) folded before Flop (didn't bet)



PokerStars Hand #230042744814:  Hold'em No Limit ($0.01/$0.02 USD) - 2021/09/21 22:14:31 PT [2021/09/22 1:14:31 ET]
Table 'Quetzalcoatl IV' 9-max Seat #1 is the button
Seat 1: Dorex2007 ($2.79 in chips) 
Seat 2: mksm197201 ($1.98 in chips) 
Seat 3: tridmax ($2.32 in chips) 
Seat 4: InsomniacCat ($1.49 in chips) 
Seat 5: DBLBLYBSTR ($0.88 in chips) 
Seat 6: esvalido09 ($5.79 in chips) 
Seat 7: sofaking1973 ($1.92 in chips) 
Seat 8: isurusa ($2 in chips) 
Seat 9: Yukonwild77 ($2 in chips) 
mksm197201: posts small blind $0.01
tridmax: posts big blind $0.02
*** HOLE CARDS ***
Dealt to Dorex2007 [2d 6h]
InsomniacCat: folds 
DBLBLYBSTR: raises $0.05 to $0.07
esvalido09: folds 
sofaking1973: folds 
isurusa: folds 
Yukonwild77: calls $0.07
Dorex2007: folds 
mksm197201: calls $0.06
tridmax: calls $0.05
*** FLOP *** [8d Ks Js]
mksm197201: checks 
tridmax: checks 
DBLBLYBSTR: bets $0.14
Yukonwild77: folds 
mksm197201: calls $0.14
tridmax: folds 
*** TURN *** [8d Ks Js] [7h]
mksm197201: checks 
DBLBLYBSTR: bets $0.27
mksm197201: calls $0.27
*** RIVER *** [8d Ks Js 7h] [6s]
mksm197201: checks 
DBLBLYBSTR: checks 
*** SHOW DOWN ***
mksm197201: shows [Ad Qh] (high card Ace)
DBLBLYBSTR: shows [Ts 9s] (a flush, King high)
DBLBLYBSTR collected $1.06 from pot
*** SUMMARY ***
Total pot $1.10 | Rake $0.04 
Board [8d Ks Js 7h 6s]
Seat 1: Dorex2007 (button) folded before Flop (didn't bet)
Seat 2: mksm197201 (small blind) showed [Ad Qh] and lost with high card Ace
Seat 3: tridmax (big blind) folded on the Flop
Seat 4: InsomniacCat folded before Flop (didn't bet)
Seat 5: DBLBLYBSTR showed [Ts 9s] and won ($1.06) with a flush, King high
Seat 6: esvalido09 folded before Flop (didn't bet)
Seat 7: sofaking1973 folded before Flop (didn't bet)
Seat 8: isurusa folded before Flop (didn't bet)
Seat 9: Yukonwild77 folded on the Flop



PokerStars Hand #230042753452:  Hold'em No Limit ($0.01/$0.02 USD) - 2021/09/21 22:15:35 PT [2021/09/22 1:15:35 ET]
Table 'Quetzalcoatl IV' 9-max Seat #2 is the button
Seat 1: Dorex2007 ($2.79 in chips) 
Seat 2: mksm197201 ($1.50 in chips) 
Seat 3: tridmax ($2.25 in chips) 
Seat 4: InsomniacCat ($2 in chips) 
Seat 5: DBLBLYBSTR ($1.46 in chips) 
Seat 6: esvalido09 ($5.79 in chips) 
Seat 7: sofaking1973 ($1.92 in chips) 
Seat 8: isurusa ($2 in chips) 
Seat 9: Yukonwild77 ($1.93 in chips) 
tridmax: posts small blind $0.01
InsomniacCat: posts big blind $0.02
*** HOLE CARDS ***
Dealt to Dorex2007 [9d 2h]
DBLBLYBSTR: raises $0.05 to $0.07
esvalido09: calls $0.07
sofaking1973: folds 
isurusa: folds 
Yukonwild77: folds 
Dorex2007: folds 
mksm197201: folds 
tridmax: calls $0.06
InsomniacCat: folds 
*** FLOP *** [6d 3c Td]
tridmax: checks 
DBLBLYBSTR: bets $0.11
esvalido09: calls $0.11
tridmax: calls $0.11
*** TURN *** [6d 3c Td] [4d]
tridmax: checks 
DBLBLYBSTR: checks 
esvalido09: bets $0.27
tridmax: raises $0.81 to $1.08
DBLBLYBSTR: folds 
esvalido09: folds 
Uncalled bet ($0.81) returned to tridmax
tridmax collected $1.06 from pot
tridmax: doesn't show hand 
*** SUMMARY ***
Total pot $1.10 | Rake $0.04 
Board [6d 3c Td 4d]
Seat 1: Dorex2007 folded before Flop (didn't bet)
Seat 2: mksm197201 (button) folded before Flop (didn't bet)
Seat 3: tridmax (small blind) collected ($1.06)
Seat 4: InsomniacCat (big blind) folded before Flop
Seat 5: DBLBLYBSTR folded on the Turn
Seat 6: esvalido09 folded on the Turn
Seat 7: sofaking1973 folded before Flop (didn't bet)
Seat 8: isurusa folded before Flop (didn't bet)
Seat 9: Yukonwild77 folded before Flop (didn't bet)



PokerStars Hand #230042767238:  Hold'em No Limit ($0.01/$0.02 USD) - 2021/09/21 22:17:17 PT [2021/09/22 1:17:17 ET]
Table 'Quetzalcoatl IV' 9-max Seat #3 is the button
Seat 1: Dorex2007 ($2.79 in chips) 
Seat 2: mksm197201 ($1.50 in chips) 
Seat 3: tridmax ($2.86 in chips) 
Seat 4: InsomniacCat ($1.98 in chips) 
Seat 5: DBLBLYBSTR ($1.28 in chips) 
Seat 6: esvalido09 ($5.34 in chips) 
Seat 7: sofaking1973 ($1.92 in chips) 
Seat 8: isurusa ($2 in chips) 
Seat 9: Yukonwild77 ($1.93 in chips) 
InsomniacCat: posts small blind $0.01
DBLBLYBSTR: posts big blind $0.02
*** HOLE CARDS ***
Dealt to Dorex2007 [Jh 9d]
esvalido09: calls $0.02
sofaking1973: folds 
isurusa: raises $0.07 to $0.09
Yukonwild77: folds 
Dorex2007: folds 
mksm197201: folds 
tridmax: folds 
InsomniacCat: calls $0.08
DBLBLYBSTR: folds 
esvalido09: calls $0.07
*** FLOP *** [Js Ad 2c]
InsomniacCat: checks 
esvalido09: checks 
isurusa: bets $0.14
InsomniacCat: calls $0.14
esvalido09: folds 
*** TURN *** [Js Ad 2c] [7c]
InsomniacCat: checks 
isurusa: bets $0.42
InsomniacCat: folds 
Uncalled bet ($0.42) returned to isurusa
isurusa collected $0.55 from pot
isurusa: doesn't show hand 
*** SUMMARY ***
Total pot $0.57 | Rake $0.02 
Board [Js Ad 2c 7c]
Seat 1: Dorex2007 folded before Flop (didn't bet)
Seat 2: mksm197201 folded before Flop (didn't bet)
Seat 3: tridmax (button) folded before Flop (didn't bet)
Seat 4: InsomniacCat (small blind) folded on the Turn
Seat 5: DBLBLYBSTR (big blind) folded before Flop
Seat 6: esvalido09 folded on the Flop
Seat 7: sofaking1973 folded before Flop (didn't bet)
Seat 8: isurusa collected ($0.55)
Seat 9: Yukonwild77 folded before Flop (didn't bet)



PokerStars Hand #230042775315:  Hold'em No Limit ($0.01/$0.02 USD) - 2021/09/21 22:18:16 PT [2021/09/22 1:18:16 ET]
Table 'Quetzalcoatl IV' 9-max Seat #4 is the button
Seat 1: Dorex2007 ($2.79 in chips) 
Seat 2: mksm197201 ($1.50 in chips) 
Seat 3: tridmax ($2.86 in chips) 
Seat 4: InsomniacCat ($1.75 in chips) 
Seat 5: DBLBLYBSTR ($1.26 in chips) 
Seat 6: esvalido09 ($5.25 in chips) 
Seat 7: sofaking1973 ($1.92 in chips) 
Seat 8: isurusa ($2.32 in chips) 
Seat 9: Yukonwild77 ($1.93 in chips) 
DBLBLYBSTR: posts small blind $0.01
esvalido09: posts big blind $0.02
*** HOLE CARDS ***
Dealt to Dorex2007 [3c 5c]
sofaking1973: raises $0.06 to $0.08
isurusa: raises $0.19 to $0.27
Yukonwild77: folds 
Dorex2007: folds 
mksm197201: folds 
tridmax: folds 
InsomniacCat: folds 
DBLBLYBSTR: folds 
esvalido09: folds 
sofaking1973: calls $0.19
*** FLOP *** [9d 7h Jc]
sofaking1973: bets $0.20
isurusa: raises $0.48 to $0.68
sofaking1973: calls $0.48
*** TURN *** [9d 7h Jc] [Ac]
sofaking1973: bets $0.24
isurusa: raises $1.13 to $1.37 and is all-in
sofaking1973: calls $0.73 and is all-in
Uncalled bet ($0.40) returned to isurusa
*** RIVER *** [9d 7h Jc Ac] [7c]
*** SHOW DOWN ***
sofaking1973: shows [Th Kh] (a pair of Sevens)
isurusa: shows [Ks Kd] (two pair, Kings and Sevens)
isurusa cashed out the hand for $3.02 | Cash Out Fee $0.03
*** SUMMARY ***
Total pot $3.87 | Rake $0.14 
Board [9d 7h Jc Ac 7c]
Seat 1: Dorex2007 folded before Flop (didn't bet)
Seat 2: mksm197201 folded before Flop (didn't bet)
Seat 3: tridmax folded before Flop (didn't bet)
Seat 4: InsomniacCat (button) folded before Flop (didn't bet)
Seat 5: DBLBLYBSTR (small blind) folded before Flop
Seat 6: esvalido09 (big blind) folded before Flop
Seat 7: sofaking1973 showed [Th Kh] and lost with a pair of Sevens
Seat 8: isurusa showed [Ks Kd] and won ($3.73) with two pair, Kings and Sevens (pot not awarded as player cashed out)
Seat 9: Yukonwild77 folded before Flop (didn't bet)



PokerStars Hand #230042783966:  Hold'em No Limit ($0.01/$0.02 USD) - 2021/09/21 22:19:19 PT [2021/09/22 1:19:19 ET]
Table 'Quetzalcoatl IV' 9-max Seat #5 is the button
Seat 1: Dorex2007 ($2.79 in chips) 
Seat 2: mksm197201 ($1.50 in chips) 
Seat 3: tridmax ($2.86 in chips) 
Seat 4: InsomniacCat ($1.75 in chips) 
Seat 5: DBLBLYBSTR ($1.25 in chips) 
Seat 6: esvalido09 ($5.23 in chips) 
Seat 8: isurusa ($3.42 in chips) 
Seat 9: Yukonwild77 ($1.93 in chips) 
esvalido09: posts small blind $0.01
sofaking1973 leaves the table
isurusa: posts big blind $0.02
*** HOLE CARDS ***
Dealt to Dorex2007 [Qc 8s]
Yukonwild77: folds 
Dorex2007: folds 
mksm197201: folds 
sofaking1973 joins the table at seat #7 
tridmax: folds 
InsomniacCat: folds 
DBLBLYBSTR: raises $1.23 to $1.25 and is all-in
esvalido09: folds 
isurusa: folds 
Uncalled bet ($1.23) returned to DBLBLYBSTR
DBLBLYBSTR collected $0.05 from pot
*** SUMMARY ***
Total pot $0.05 | Rake $0 
Seat 1: Dorex2007 folded before Flop (didn't bet)
Seat 2: mksm197201 folded before Flop (didn't bet)
Seat 3: tridmax folded before Flop (didn't bet)
Seat 4: InsomniacCat folded before Flop (didn't bet)
Seat 5: DBLBLYBSTR (button) collected ($0.05)
Seat 6: esvalido09 (small blind) folded before Flop
Seat 8: isurusa (big blind) folded before Flop
Seat 9: Yukonwild77 folded before Flop (didn't bet)



PokerStars Hand #230042787705:  Hold'em No Limit ($0.01/$0.02 USD) - 2021/09/21 22:19:47 PT [2021/09/22 1:19:47 ET]
Table 'Quetzalcoatl IV' 9-max Seat #6 is the button
Seat 1: Dorex2007 ($2.79 in chips) 
Seat 2: mksm197201 ($1.50 in chips) 
Seat 3: tridmax ($2.86 in chips) 
Seat 4: InsomniacCat ($1.75 in chips) 
Seat 5: DBLBLYBSTR ($1.28 in chips) 
Seat 6: esvalido09 ($5.22 in chips) 
Seat 8: isurusa ($3.40 in chips) 
Seat 9: Yukonwild77 ($1.93 in chips) 
isurusa: posts small blind $0.01
Yukonwild77: posts big blind $0.02
*** HOLE CARDS ***
Dealt to Dorex2007 [6h 5d]
Dorex2007: folds 
mksm197201: folds 
tridmax: folds 
InsomniacCat: raises $0.03 to $0.05
DBLBLYBSTR: folds 
esvalido09: folds 
isurusa: folds 
Yukonwild77: calls $0.03
*** FLOP *** [Qs 8d 3d]
Yukonwild77: checks 
InsomniacCat: bets $0.09
Yukonwild77: folds 
Uncalled bet ($0.09) returned to InsomniacCat
InsomniacCat collected $0.11 from pot
InsomniacCat: doesn't show hand 
*** SUMMARY ***
Total pot $0.11 | Rake $0 
Board [Qs 8d 3d]
Seat 1: Dorex2007 folded before Flop (didn't bet)
Seat 2: mksm197201 folded before Flop (didn't bet)
Seat 3: tridmax folded before Flop (didn't bet)
Seat 4: InsomniacCat collected ($0.11)
Seat 5: DBLBLYBSTR folded before Flop (didn't bet)
Seat 6: esvalido09 (button) folded before Flop (didn't bet)
Seat 8: isurusa (small blind) folded before Flop
Seat 9: Yukonwild77 (big blind) folded on the Flop



PokerStars Hand #230042792412:  Hold'em No Limit ($0.01/$0.02 USD) - 2021/09/21 22:20:21 PT [2021/09/22 1:20:21 ET]
Table 'Quetzalcoatl IV' 9-max Seat #8 is the button
Seat 1: Dorex2007 ($2.79 in chips) 
Seat 2: mksm197201 ($1.50 in chips) 
Seat 3: tridmax ($2.86 in chips) 
Seat 4: InsomniacCat ($1.81 in chips) 
Seat 5: DBLBLYBSTR ($1.28 in chips) 
Seat 6: esvalido09 ($5.22 in chips) 
Seat 7: sofaking1973 ($2 in chips) 
Seat 8: isurusa ($3.39 in chips) 
Seat 9: Yukonwild77 ($1.88 in chips) 
Yukonwild77: posts small blind $0.01
Dorex2007: posts big blind $0.02
sofaking1973: posts big blind $0.02
*** HOLE CARDS ***
Dealt to Dorex2007 [Ac 6d]
mksm197201: raises $0.04 to $0.06
tridmax: folds 
InsomniacCat: folds 
DBLBLYBSTR: folds 
esvalido09: calls $0.06
sofaking1973: folds 
isurusa: folds 
Yukonwild77: folds 
Dorex2007: folds 
*** FLOP *** [Ts 8s Kh]
mksm197201: checks 
esvalido09: checks 
*** TURN *** [Ts 8s Kh] [8h]
mksm197201: bets $0.10
esvalido09: calls $0.10
*** RIVER *** [Ts 8s Kh 8h] [Tc]
mksm197201: bets $0.10
esvalido09: calls $0.10
*** SHOW DOWN ***
mksm197201: shows [8c 7s] (a full house, Eights full of Tens)
esvalido09: mucks hand 
mksm197201 collected $0.55 from pot
*** SUMMARY ***
Total pot $0.57 | Rake $0.02 
Board [Ts 8s Kh 8h Tc]
Seat 1: Dorex2007 (big blind) folded before Flop
Seat 2: mksm197201 showed [8c 7s] and won ($0.55) with a full house, Eights full of Tens
Seat 3: tridmax folded before Flop (didn't bet)
Seat 4: InsomniacCat folded before Flop (didn't bet)
Seat 5: DBLBLYBSTR folded before Flop (didn't bet)
Seat 6: esvalido09 mucked [Ah 3h]
Seat 7: sofaking1973 folded before Flop (didn't bet)
Seat 8: isurusa (button) folded before Flop (didn't bet)
Seat 9: Yukonwild77 (small blind) folded before Flop



PokerStars Hand #230042797930:  Hold'em No Limit ($0.01/$0.02 USD) - 2021/09/21 22:21:02 PT [2021/09/22 1:21:02 ET]
Table 'Quetzalcoatl IV' 9-max Seat #9 is the button
Seat 1: Dorex2007 ($2.77 in chips) 
Seat 2: mksm197201 ($1.79 in chips) 
Seat 3: tridmax ($2.86 in chips) 
Seat 4: InsomniacCat ($1.81 in chips) 
Seat 5: DBLBLYBSTR ($1.28 in chips) 
Seat 6: esvalido09 ($4.96 in chips) 
Seat 7: sofaking1973 ($1.98 in chips) 
Seat 8: isurusa ($3.39 in chips) 
Seat 9: Yukonwild77 ($1.87 in chips) 
Dorex2007: posts small blind $0.01
mksm197201: posts big blind $0.02
*** HOLE CARDS ***
Dealt to Dorex2007 [Jh Qc]
tridmax: folds 
InsomniacCat: folds 
DBLBLYBSTR: folds 
esvalido09: folds 
sofaking1973: folds 
isurusa: folds 
Yukonwild77: folds 
Dorex2007: raises $0.04 to $0.06
mksm197201: calls $0.04
*** FLOP *** [7h 8d Ac]
Dorex2007: bets $0.06
mksm197201: folds 
Uncalled bet ($0.06) returned to Dorex2007
Dorex2007 collected $0.12 from pot
Dorex2007: doesn't show hand 
*** SUMMARY ***
Total pot $0.12 | Rake $0 
Board [7h 8d Ac]
Seat 1: Dorex2007 (small blind) collected ($0.12)
Seat 2: mksm197201 (big blind) folded on the Flop
Seat 3: tridmax folded before Flop (didn't bet)
Seat 4: InsomniacCat folded before Flop (didn't bet)
Seat 5: DBLBLYBSTR folded before Flop (didn't bet)
Seat 6: esvalido09 folded before Flop (didn't bet)
Seat 7: sofaking1973 folded before Flop (didn't bet)
Seat 8: isurusa folded before Flop (didn't bet)
Seat 9: Yukonwild77 (button) folded before Flop (didn't bet)



PokerStars Hand #230042802357:  Hold'em No Limit ($0.01/$0.02 USD) - 2021/09/21 22:21:35 PT [2021/09/22 1:21:35 ET]
Table 'Quetzalcoatl IV' 9-max Seat #1 is the button
Seat 1: Dorex2007 ($2.83 in chips) 
Seat 2: mksm197201 ($1.73 in chips) 
Seat 3: tridmax ($2.86 in chips) 
Seat 4: InsomniacCat ($1.81 in chips) 
Seat 5: DBLBLYBSTR ($1.28 in chips) 
Seat 6: esvalido09 ($4.96 in chips) 
Seat 7: sofaking1973 ($1.98 in chips) 
Seat 8: isurusa ($3.39 in chips) 
Seat 9: Yukonwild77 ($1.87 in chips) 
mksm197201: posts small blind $0.01
tridmax: posts big blind $0.02
*** HOLE CARDS ***
Dealt to Dorex2007 [2c 9c]
InsomniacCat: folds 
DBLBLYBSTR: folds 
esvalido09: folds 
sofaking1973: folds 
isurusa is disconnected 
isurusa is connected 
isurusa has timed out
isurusa: folds 
Yukonwild77: folds 
Yukonwild77 leaves the table
Dorex2007: folds 
mksm197201: raises $0.04 to $0.06
tridmax: folds 
Uncalled bet ($0.04) returned to mksm197201
Montevideo joins the table at seat #9 
mksm197201 collected $0.04 from pot
mksm197201: doesn't show hand 
*** SUMMARY ***
Total pot $0.04 | Rake $0 
Seat 1: Dorex2007 (button) folded before Flop (didn't bet)
Seat 2: mksm197201 (small blind) collected ($0.04)
Seat 3: tridmax (big blind) folded before Flop
Seat 4: InsomniacCat folded before Flop (didn't bet)
Seat 5: DBLBLYBSTR folded before Flop (didn't bet)
Seat 6: esvalido09 folded before Flop (didn't bet)
Seat 7: sofaking1973 folded before Flop (didn't bet)
Seat 8: isurusa folded before Flop (didn't bet)
Seat 9: Yukonwild77 folded before Flop (didn't bet)



PokerStars Hand #230042806889:  Hold'em No Limit ($0.01/$0.02 USD) - 2021/09/21 22:22:08 PT [2021/09/22 1:22:08 ET]
Table 'Quetzalcoatl IV' 9-max Seat #2 is the button
Seat 1: Dorex2007 ($2.83 in chips) 
Seat 2: mksm197201 ($1.75 in chips) 
Seat 3: tridmax ($2.84 in chips) 
Seat 4: InsomniacCat ($1.81 in chips) 
Seat 5: DBLBLYBSTR ($1.28 in chips) 
Seat 6: esvalido09 ($4.96 in chips) 
Seat 7: sofaking1973 ($1.98 in chips) 
tridmax: posts small blind $0.01
InsomniacCat: posts big blind $0.02
Montevideo: sits out 
*** HOLE CARDS ***
Dealt to Dorex2007 [5h 2c]
DBLBLYBSTR: raises $0.05 to $0.07
esvalido09: calls $0.07
sofaking1973 has timed out
sofaking1973: folds 
Dorex2007: folds 
mksm197201: folds 
tridmax: folds 
InsomniacCat: folds 
*** FLOP *** [Ad 7s 8s]
DBLBLYBSTR: bets $0.16
esvalido09: folds 
Uncalled bet ($0.16) returned to DBLBLYBSTR
DBLBLYBSTR collected $0.16 from pot
*** SUMMARY ***
Total pot $0.17 | Rake $0.01 
Board [Ad 7s 8s]
Seat 1: Dorex2007 folded before Flop (didn't bet)
Seat 2: mksm197201 (button) folded before Flop (didn't bet)
Seat 3: tridmax (small blind) folded before Flop
Seat 4: InsomniacCat (big blind) folded before Flop
Seat 5: DBLBLYBSTR collected ($0.16)
Seat 6: esvalido09 folded on the Flop
Seat 7: sofaking1973 folded before Flop (didn't bet)



PokerStars Hand #230042813779:  Hold'em No Limit ($0.01/$0.02 USD) - 2021/09/21 22:22:59 PT [2021/09/22 1:22:59 ET]
Table 'Quetzalcoatl IV' 9-max Seat #3 is the button
Seat 1: Dorex2007 ($2.83 in chips) 
Seat 2: mksm197201 ($1.75 in chips) 
Seat 3: tridmax ($2.83 in chips) 
Seat 4: InsomniacCat ($1.79 in chips) 
Seat 5: DBLBLYBSTR ($1.37 in chips) 
Seat 6: esvalido09 ($4.89 in chips) 
Seat 7: sofaking1973 ($1.98 in chips) 
Seat 8: isurusa ($3.39 in chips) 
Seat 9: Montevideo ($1.60 in chips) 
InsomniacCat: posts small blind $0.01
DBLBLYBSTR: posts big blind $0.02
Montevideo: posts big blind $0.02
*** HOLE CARDS ***
Dealt to Dorex2007 [4d Kc]
esvalido09: folds 
sofaking1973 has timed out
sofaking1973: folds 
isurusa: folds 
Montevideo: checks 
Dorex2007: folds 
mksm197201: folds 
tridmax: folds 
InsomniacCat: folds 
DBLBLYBSTR: checks 
*** FLOP *** [Ks 8d 5d]
DBLBLYBSTR: checks 
Montevideo: checks 
*** TURN *** [Ks 8d 5d] [2s]
DBLBLYBSTR: checks 
Montevideo: bets $0.04
DBLBLYBSTR: calls $0.04
*** RIVER *** [Ks 8d 5d 2s] [4c]
DBLBLYBSTR: bets $0.07
mksm197201 is disconnected 
Montevideo: folds 
Uncalled bet ($0.07) returned to DBLBLYBSTR
DBLBLYBSTR collected $0.13 from pot
*** SUMMARY ***
Total pot $0.13 | Rake $0 
Board [Ks 8d 5d 2s 4c]
Seat 1: Dorex2007 folded before Flop (didn't bet)
Seat 2: mksm197201 folded before Flop (didn't bet)
Seat 3: tridmax (button) folded before Flop (didn't bet)
Seat 4: InsomniacCat (small blind) folded before Flop
Seat 5: DBLBLYBSTR (big blind) collected ($0.13)
Seat 6: esvalido09 folded before Flop (didn't bet)
Seat 7: sofaking1973 folded before Flop (didn't bet)
Seat 8: isurusa folded before Flop (didn't bet)
Seat 9: Montevideo folded on the River



PokerStars Hand #230042821538:  Hold'em No Limit ($0.01/$0.02 USD) - 2021/09/21 22:23:57 PT [2021/09/22 1:23:57 ET]
Table 'Quetzalcoatl IV' 9-max Seat #4 is the button
Seat 1: Dorex2007 ($2.83 in chips) 
Seat 2: mksm197201 ($1.75 in chips) 
Seat 3: tridmax ($2.83 in chips) 
Seat 4: InsomniacCat ($1.78 in chips) 
Seat 5: DBLBLYBSTR ($1.44 in chips) 
Seat 6: esvalido09 ($4.89 in chips) 
Seat 7: sofaking1973 ($1.98 in chips) 
Seat 8: isurusa ($3.39 in chips) 
Seat 9: Montevideo ($1.54 in chips) 
DBLBLYBSTR: posts small blind $0.01
esvalido09: posts big blind $0.02
*** HOLE CARDS ***
Dealt to Dorex2007 [Td 3h]
sofaking1973: raises $0.06 to $0.08
isurusa: folds 
Montevideo: folds 
Dorex2007: folds 
mksm197201 has timed out while disconnected
mksm197201: folds 
tridmax: folds 
InsomniacCat: folds 
DBLBLYBSTR: folds 
esvalido09: calls $0.06
*** FLOP *** [Ks As 2d]
esvalido09: checks 
sofaking1973: bets $0.08
esvalido09: folds 
Uncalled bet ($0.08) returned to sofaking1973
sofaking1973 collected $0.16 from pot
sofaking1973: doesn't show hand 
*** SUMMARY ***
Total pot $0.17 | Rake $0.01 
Board [Ks As 2d]
Seat 1: Dorex2007 folded before Flop (didn't bet)
Seat 2: mksm197201 folded before Flop (didn't bet)
Seat 3: tridmax folded before Flop (didn't bet)
Seat 4: InsomniacCat (button) folded before Flop (didn't bet)
Seat 5: DBLBLYBSTR (small blind) folded before Flop
Seat 6: esvalido09 (big blind) folded on the Flop
Seat 7: sofaking1973 collected ($0.16)
Seat 8: isurusa folded before Flop (didn't bet)
Seat 9: Montevideo folded before Flop (didn't bet)



PokerStars Hand #230042830582:  Hold'em No Limit ($0.01/$0.02 USD) - 2021/09/21 22:25:04 PT [2021/09/22 1:25:04 ET]
Table 'Quetzalcoatl IV' 9-max Seat #5 is the button
Seat 1: Dorex2007 ($2.83 in chips) 
Seat 3: tridmax ($2.83 in chips) 
Seat 4: InsomniacCat ($1.78 in chips) 
Seat 5: DBLBLYBSTR ($1.43 in chips) 
Seat 6: esvalido09 ($4.81 in chips) 
Seat 7: sofaking1973 ($2.06 in chips) 
Seat 8: isurusa ($3.39 in chips) 
Seat 9: Montevideo ($1.54 in chips) 
esvalido09: posts small blind $0.01
sofaking1973: posts big blind $0.02
*** HOLE CARDS ***
Dealt to Dorex2007 [Js As]
isurusa: raises $0.05 to $0.07
Montevideo: folds 
Dorex2007: calls $0.07
tridmax: folds 
InsomniacCat: folds 
DBLBLYBSTR: calls $0.07
esvalido09: folds 
sofaking1973: folds 
*** FLOP *** [9s Kh 4s]
isurusa: bets $0.12
Dorex2007: raises $0.14 to $0.26
DBLBLYBSTR: folds 
isurusa: folds 
Uncalled bet ($0.14) returned to Dorex2007
Dorex2007 collected $0.46 from pot
Dorex2007: doesn't show hand 
*** SUMMARY ***
Total pot $0.48 | Rake $0.02 
Board [9s Kh 4s]
Seat 1: Dorex2007 collected ($0.46)
Seat 3: tridmax folded before Flop (didn't bet)
Seat 4: InsomniacCat folded before Flop (didn't bet)
Seat 5: DBLBLYBSTR (button) folded on the Flop
Seat 6: esvalido09 (small blind) folded before Flop
Seat 7: sofaking1973 (big blind) folded before Flop
Seat 8: isurusa folded on the Flop
Seat 9: Montevideo folded before Flop (didn't bet)



PokerStars Hand #230042838378:  Hold'em No Limit ($0.01/$0.02 USD) - 2021/09/21 22:26:03 PT [2021/09/22 1:26:03 ET]
Table 'Quetzalcoatl IV' 9-max Seat #6 is the button
Seat 1: Dorex2007 ($3.10 in chips) 
Seat 3: tridmax ($2.83 in chips) 
Seat 4: InsomniacCat ($1.78 in chips) 
Seat 5: DBLBLYBSTR ($1.36 in chips) 
Seat 6: esvalido09 ($4.80 in chips) 
Seat 7: sofaking1973 ($2.04 in chips) 
Seat 8: isurusa ($3.20 in chips) 
Seat 9: Montevideo ($1.54 in chips) 
sofaking1973: posts small blind $0.01
isurusa: posts big blind $0.02
*** HOLE CARDS ***
Dealt to Dorex2007 [9c Js]
Montevideo: folds 
Dorex2007: folds 
tridmax: folds 
InsomniacCat: raises $0.03 to $0.05
DBLBLYBSTR: raises $0.13 to $0.18
esvalido09: folds 
sofaking1973: folds 
isurusa: folds 
InsomniacCat: folds 
Uncalled bet ($0.13) returned to DBLBLYBSTR
DBLBLYBSTR collected $0.13 from pot
*** SUMMARY ***
Total pot $0.13 | Rake $0 
Seat 1: Dorex2007 folded before Flop (didn't bet)
Seat 3: tridmax folded before Flop (didn't bet)
Seat 4: InsomniacCat folded before Flop
Seat 5: DBLBLYBSTR collected ($0.13)
Seat 6: esvalido09 (button) folded before Flop (didn't bet)
Seat 7: sofaking1973 (small blind) folded before Flop
Seat 8: isurusa (big blind) folded before Flop
Seat 9: Montevideo folded before Flop (didn't bet)



PokerStars Hand #230042843676:  Hold'em No Limit ($0.01/$0.02 USD) - 2021/09/21 22:26:41 PT [2021/09/22 1:26:41 ET]
Table 'Quetzalcoatl IV' 9-max Seat #7 is the button
Seat 1: Dorex2007 ($3.10 in chips) 
Seat 3: tridmax ($2.83 in chips) 
Seat 4: InsomniacCat ($1.73 in chips) 
Seat 5: DBLBLYBSTR ($1.44 in chips) 
Seat 6: esvalido09 ($4.80 in chips) 
Seat 7: sofaking1973 ($2.03 in chips) 
Seat 8: isurusa ($3.18 in chips) 
Seat 9: Montevideo ($1.54 in chips) 
isurusa: posts small blind $0.01
Montevideo: posts big blind $0.02
*** HOLE CARDS ***
Dealt to Dorex2007 [Jh 8d]
Dorex2007: folds 
tridmax: raises $0.03 to $0.05
InsomniacCat: folds 
DBLBLYBSTR: folds 
esvalido09: calls $0.05
sofaking1973: folds 
isurusa: folds 
Montevideo: folds 
*** FLOP *** [Kc 7h 9h]
tridmax: checks 
esvalido09: bets $0.06
tridmax: folds 
Uncalled bet ($0.06) returned to esvalido09
esvalido09 collected $0.13 from pot
esvalido09: doesn't show hand 
*** SUMMARY ***
Total pot $0.13 | Rake $0 
Board [Kc 7h 9h]
Seat 1: Dorex2007 folded before Flop (didn't bet)
Seat 3: tridmax folded on the Flop
Seat 4: InsomniacCat folded before Flop (didn't bet)
Seat 5: DBLBLYBSTR folded before Flop (didn't bet)
Seat 6: esvalido09 collected ($0.13)
Seat 7: sofaking1973 (button) folded before Flop (didn't bet)
Seat 8: isurusa (small blind) folded before Flop
Seat 9: Montevideo (big blind) folded before Flop



PokerStars Hand #230042847996:  Hold'em No Limit ($0.01/$0.02 USD) - 2021/09/21 22:27:13 PT [2021/09/22 1:27:13 ET]
Table 'Quetzalcoatl IV' 9-max Seat #8 is the button
Seat 1: Dorex2007 ($3.10 in chips) 
Seat 3: tridmax ($2.78 in chips) 
Seat 4: InsomniacCat ($1.73 in chips) 
Seat 5: DBLBLYBSTR ($1.44 in chips) 
Seat 6: esvalido09 ($4.88 in chips) 
Seat 7: sofaking1973 ($2.03 in chips) 
Seat 8: isurusa ($3.17 in chips) 
Seat 9: Montevideo ($1.52 in chips) 
Montevideo: posts small blind $0.01
Dorex2007: posts big blind $0.02
*** HOLE CARDS ***
Dealt to Dorex2007 [6d Kd]
tridmax: raises $0.04 to $0.06
InsomniacCat: folds 
DBLBLYBSTR: folds 
esvalido09: calls $0.06
sofaking1973: folds 
isurusa: folds 
Montevideo: folds 
Dorex2007: folds 
*** FLOP *** [Ad 4d 9d]
tridmax: checks 
esvalido09: checks 
*** TURN *** [Ad 4d 9d] [5h]
tridmax: checks 
esvalido09: checks 
*** RIVER *** [Ad 4d 9d 5h] [8d]
tridmax: checks 
esvalido09: checks 
*** SHOW DOWN ***
tridmax: shows [Ts Td] (a flush, Ace high)
esvalido09: mucks hand 
tridmax collected $0.14 from pot
*** SUMMARY ***
Total pot $0.15 | Rake $0.01 
Board [Ad 4d 9d 5h 8d]
Seat 1: Dorex2007 (big blind) folded before Flop
Seat 3: tridmax showed [Ts Td] and won ($0.14) with a flush, Ace high
Seat 4: InsomniacCat folded before Flop (didn't bet)
Seat 5: DBLBLYBSTR folded before Flop (didn't bet)
Seat 6: esvalido09 mucked [Ks Th]
Seat 7: sofaking1973 folded before Flop (didn't bet)
Seat 8: isurusa (button) folded before Flop (didn't bet)
Seat 9: Montevideo (small blind) folded before Flop



PokerStars Hand #230042854441:  Hold'em No Limit ($0.01/$0.02 USD) - 2021/09/21 22:28:01 PT [2021/09/22 1:28:01 ET]
Table 'Quetzalcoatl IV' 9-max Seat #9 is the button
Seat 1: Dorex2007 ($3.08 in chips) 
Seat 3: tridmax ($2.86 in chips) 
Seat 4: InsomniacCat ($2 in chips) 
Seat 5: DBLBLYBSTR ($1.44 in chips) 
Seat 6: esvalido09 ($4.82 in chips) 
Seat 7: sofaking1973 ($2.03 in chips) 
Seat 8: isurusa ($3.17 in chips) 
Seat 9: Montevideo ($1.51 in chips) 
Dorex2007: posts small blind $0.01
tridmax: posts big blind $0.02
*** HOLE CARDS ***
Dealt to Dorex2007 [5c Td]
InsomniacCat: raises $0.02 to $0.04
DBLBLYBSTR: raises $0.11 to $0.15
esvalido09: folds 
sofaking1973: folds 
isurusa: folds 
Montevideo: folds 
Dorex2007: folds 
tridmax: folds 
InsomniacCat: calls $0.11
*** FLOP *** [3c Th 5h]
InsomniacCat: checks 
DBLBLYBSTR: bets $0.16
InsomniacCat: raises $0.29 to $0.45
DBLBLYBSTR: folds 
Uncalled bet ($0.29) returned to InsomniacCat
InsomniacCat collected $0.63 from pot
InsomniacCat: doesn't show hand 
*** SUMMARY ***
Total pot $0.65 | Rake $0.02 
Board [3c Th 5h]
Seat 1: Dorex2007 (small blind) folded before Flop
Seat 3: tridmax (big blind) folded before Flop
Seat 4: InsomniacCat collected ($0.63)
Seat 5: DBLBLYBSTR folded on the Flop
Seat 6: esvalido09 folded before Flop (didn't bet)
Seat 7: sofaking1973 folded before Flop (didn't bet)
Seat 8: isurusa folded before Flop (didn't bet)
Seat 9: Montevideo (button) folded before Flop (didn't bet)



PokerStars Hand #230042862497:  Hold'em No Limit ($0.01/$0.02 USD) - 2021/09/21 22:29:02 PT [2021/09/22 1:29:02 ET]
Table 'Quetzalcoatl IV' 9-max Seat #1 is the button
Seat 1: Dorex2007 ($3.07 in chips) 
Seat 3: tridmax ($2.84 in chips) 
Seat 4: InsomniacCat ($2.32 in chips) 
Seat 5: DBLBLYBSTR ($1.13 in chips) 
Seat 6: esvalido09 ($4.82 in chips) 
Seat 7: sofaking1973 ($2.03 in chips) 
Seat 8: isurusa ($3.17 in chips) 
Seat 9: Montevideo ($1.51 in chips) 
tridmax: posts small blind $0.01
InsomniacCat: posts big blind $0.02
*** HOLE CARDS ***
Dealt to Dorex2007 [Kc 3d]
DBLBLYBSTR: raises $0.06 to $0.08
esvalido09: calls $0.08
sofaking1973: folds 
isurusa: folds 
Montevideo: folds 
Dorex2007: folds 
tridmax: folds 
InsomniacCat: folds 
*** FLOP *** [8c 9c 9h]
DBLBLYBSTR: bets $0.18
esvalido09: folds 
Uncalled bet ($0.18) returned to DBLBLYBSTR
DBLBLYBSTR collected $0.18 from pot
*** SUMMARY ***
Total pot $0.19 | Rake $0.01 
Board [8c 9c 9h]
Seat 1: Dorex2007 (button) folded before Flop (didn't bet)
Seat 3: tridmax (small blind) folded before Flop
Seat 4: InsomniacCat (big blind) folded before Flop
Seat 5: DBLBLYBSTR collected ($0.18)
Seat 6: esvalido09 folded on the Flop
Seat 7: sofaking1973 folded before Flop (didn't bet)
Seat 8: isurusa folded before Flop (didn't bet)
Seat 9: Montevideo folded before Flop (didn't bet)



PokerStars Hand #230042869788:  Hold'em No Limit ($0.01/$0.02 USD) - 2021/09/21 22:29:55 PT [2021/09/22 1:29:55 ET]
Table 'Quetzalcoatl IV' 9-max Seat #3 is the button
Seat 1: Dorex2007 ($3.07 in chips) 
Seat 3: tridmax ($2.83 in chips) 
Seat 4: InsomniacCat ($2.30 in chips) 
Seat 5: DBLBLYBSTR ($1.23 in chips) 
Seat 6: esvalido09 ($4.74 in chips) 
Seat 7: sofaking1973 ($2.03 in chips) 
Seat 8: isurusa ($3.17 in chips) 
Seat 9: Montevideo ($1.51 in chips) 
InsomniacCat: posts small blind $0.01
DBLBLYBSTR: posts big blind $0.02
mksm197201: sits out 
*** HOLE CARDS ***
Dealt to Dorex2007 [As Qh]
esvalido09: folds 
sofaking1973: folds 
isurusa: folds 
Montevideo: folds 
Dorex2007: raises $0.04 to $0.06
tridmax: folds 
InsomniacCat: folds 
DBLBLYBSTR: folds 
Uncalled bet ($0.04) returned to Dorex2007
Dorex2007 collected $0.05 from pot
Dorex2007: doesn't show hand 
*** SUMMARY ***
Total pot $0.05 | Rake $0 
Seat 1: Dorex2007 collected ($0.05)
Seat 3: tridmax (button) folded before Flop (didn't bet)
Seat 4: InsomniacCat (small blind) folded before Flop
Seat 5: DBLBLYBSTR (big blind) folded before Flop
Seat 6: esvalido09 folded before Flop (didn't bet)
Seat 7: sofaking1973 folded before Flop (didn't bet)
Seat 8: isurusa folded before Flop (didn't bet)
Seat 9: Montevideo folded before Flop (didn't bet)



PokerStars Hand #230042872490:  Hold'em No Limit ($0.01/$0.02 USD) - 2021/09/21 22:30:15 PT [2021/09/22 1:30:15 ET]
Table 'Quetzalcoatl IV' 9-max Seat #4 is the button
Seat 1: Dorex2007 ($3.10 in chips) 
Seat 3: tridmax ($2.83 in chips) 
Seat 4: InsomniacCat ($2.29 in chips) 
Seat 5: DBLBLYBSTR ($1.21 in chips) 
Seat 6: esvalido09 ($4.74 in chips) 
Seat 7: sofaking1973 ($2.03 in chips) 
Seat 8: isurusa ($3.17 in chips) 
Seat 9: Montevideo ($1.51 in chips) 
DBLBLYBSTR: posts small blind $0.01
esvalido09: posts big blind $0.02
mksm197201: sits out 
*** HOLE CARDS ***
Dealt to Dorex2007 [8d 6d]
sofaking1973: folds 
isurusa: folds 
Montevideo: folds 
Dorex2007: folds 
tridmax: folds 
InsomniacCat: raises $0.03 to $0.05
DBLBLYBSTR: folds 
esvalido09: calls $0.03
*** FLOP *** [6c Ts 4h]
esvalido09: checks 
InsomniacCat: bets $0.05
esvalido09: folds 
Uncalled bet ($0.05) returned to InsomniacCat
InsomniacCat collected $0.11 from pot
InsomniacCat: doesn't show hand 
*** SUMMARY ***
Total pot $0.11 | Rake $0 
Board [6c Ts 4h]
Seat 1: Dorex2007 folded before Flop (didn't bet)
Seat 3: tridmax folded before Flop (didn't bet)
Seat 4: InsomniacCat (button) collected ($0.11)
Seat 5: DBLBLYBSTR (small blind) folded before Flop
Seat 6: esvalido09 (big blind) folded on the Flop
Seat 7: sofaking1973 folded before Flop (didn't bet)
Seat 8: isurusa folded before Flop (didn't bet)
Seat 9: Montevideo folded before Flop (didn't bet)



PokerStars Hand #230042878704:  Hold'em No Limit ($0.01/$0.02 USD) - 2021/09/21 22:31:02 PT [2021/09/22 1:31:02 ET]
Table 'Quetzalcoatl IV' 9-max Seat #5 is the button
Seat 1: Dorex2007 ($3.10 in chips) 
Seat 3: tridmax ($2.83 in chips) 
Seat 4: InsomniacCat ($2.35 in chips) 
Seat 5: DBLBLYBSTR ($1.20 in chips) 
Seat 6: esvalido09 ($4.69 in chips) 
Seat 7: sofaking1973 ($2.03 in chips) 
Seat 8: isurusa ($3.17 in chips) 
Seat 9: Montevideo ($1.51 in chips) 
esvalido09: posts small blind $0.01
sofaking1973: posts big blind $0.02
mksm197201: sits out 
*** HOLE CARDS ***
Dealt to Dorex2007 [Tc Td]
isurusa: folds 
Montevideo: folds 
Dorex2007: raises $0.08 to $0.10
tridmax: folds 
InsomniacCat: folds 
DBLBLYBSTR: folds 
esvalido09: calls $0.09
sofaking1973: calls $0.08
*** FLOP *** [Ks 9c 5d]
esvalido09: checks 
sofaking1973: checks 
Dorex2007: bets $0.19
esvalido09: folds 
sofaking1973: folds 
Uncalled bet ($0.19) returned to Dorex2007
Dorex2007 collected $0.29 from pot
Dorex2007: doesn't show hand 
*** SUMMARY ***
Total pot $0.30 | Rake $0.01 
Board [Ks 9c 5d]
Seat 1: Dorex2007 collected ($0.29)
Seat 3: tridmax folded before Flop (didn't bet)
Seat 4: InsomniacCat folded before Flop (didn't bet)
Seat 5: DBLBLYBSTR (button) folded before Flop (didn't bet)
Seat 6: esvalido09 (small blind) folded on the Flop
Seat 7: sofaking1973 (big blind) folded on the Flop
Seat 8: isurusa folded before Flop (didn't bet)
Seat 9: Montevideo folded before Flop (didn't bet)



PokerStars Hand #230042883834:  Hold'em No Limit ($0.01/$0.02 USD) - 2021/09/21 22:31:40 PT [2021/09/22 1:31:40 ET]
Table 'Quetzalcoatl IV' 9-max Seat #6 is the button
Seat 1: Dorex2007 ($3.29 in chips) 
Seat 3: tridmax ($2.83 in chips) 
Seat 4: InsomniacCat ($2.35 in chips) 
Seat 5: DBLBLYBSTR ($1.20 in chips) 
Seat 6: esvalido09 ($4.59 in chips) 
Seat 7: sofaking1973 ($1.93 in chips) 
Seat 8: isurusa ($3.17 in chips) 
Seat 9: Montevideo ($1.51 in chips) 
sofaking1973: posts small blind $0.01
isurusa: posts big blind $0.02
mksm197201: sits out 
*** HOLE CARDS ***
Dealt to Dorex2007 [8s Ks]
Montevideo: folds 
Dorex2007: folds 
tridmax: folds 
InsomniacCat: folds 
DBLBLYBSTR: folds 
esvalido09: folds 
sofaking1973: folds 
Uncalled bet ($0.01) returned to isurusa
isurusa collected $0.02 from pot
isurusa: doesn't show hand 
*** SUMMARY ***
Total pot $0.02 | Rake $0 
Seat 1: Dorex2007 folded before Flop (didn't bet)
Seat 3: tridmax folded before Flop (didn't bet)
Seat 4: InsomniacCat folded before Flop (didn't bet)
Seat 5: DBLBLYBSTR folded before Flop (didn't bet)
Seat 6: esvalido09 (button) folded before Flop (didn't bet)
Seat 7: sofaking1973 (small blind) folded before Flop
Seat 8: isurusa (big blind) collected ($0.02)
Seat 9: Montevideo folded before Flop (didn't bet)



PokerStars Hand #230042886428:  Hold'em No Limit ($0.01/$0.02 USD) - 2021/09/21 22:32:00 PT [2021/09/22 1:32:00 ET]
Table 'Quetzalcoatl IV' 9-max Seat #7 is the button
Seat 1: Dorex2007 ($3.29 in chips) 
Seat 3: tridmax ($2.83 in chips) 
Seat 4: InsomniacCat ($2.35 in chips) 
Seat 5: DBLBLYBSTR ($1.20 in chips) 
Seat 6: esvalido09 ($4.59 in chips) 
Seat 7: sofaking1973 ($1.92 in chips) 
Seat 8: isurusa ($3.18 in chips) 
isurusa: posts small blind $0.01
Montevideo: is sitting out 
Dorex2007: posts big blind $0.02
mksm197201: sits out 
*** HOLE CARDS ***
Dealt to Dorex2007 [5c 3s]
tridmax: folds 
InsomniacCat: folds 
DBLBLYBSTR: raises $0.05 to $0.07
esvalido09: folds 
sofaking1973: raises $0.05 to $0.12
isurusa: folds 
Dorex2007: folds 
DBLBLYBSTR: calls $0.05
*** FLOP *** [8c 4s 3c]
DBLBLYBSTR: checks 
Montevideo leaves the table
sofaking1973: bets $0.16
DBLBLYBSTR: folds 
Uncalled bet ($0.16) returned to sofaking1973
sofaking1973 collected $0.26 from pot
sofaking1973: doesn't show hand 
*** SUMMARY ***
Total pot $0.27 | Rake $0.01 
Board [8c 4s 3c]
Seat 1: Dorex2007 (big blind) folded before Flop
Seat 3: tridmax folded before Flop (didn't bet)
Seat 4: InsomniacCat folded before Flop (didn't bet)
Seat 5: DBLBLYBSTR folded on the Flop
Seat 6: esvalido09 folded before Flop (didn't bet)
Seat 7: sofaking1973 (button) collected ($0.26)
Seat 8: isurusa (small blind) folded before Flop



PokerStars Hand #230042892511:  Hold'em No Limit ($0.01/$0.02 USD) - 2021/09/21 22:32:45 PT [2021/09/22 1:32:45 ET]
Table 'Quetzalcoatl IV' 9-max Seat #8 is the button
Seat 1: Dorex2007 ($3.27 in chips) 
Seat 2: mksm197201 ($1.75 in chips) 
Seat 3: tridmax ($2.83 in chips) 
Seat 4: InsomniacCat ($2.35 in chips) 
Seat 5: DBLBLYBSTR ($1.08 in chips) 
Seat 6: esvalido09 ($4.59 in chips) 
Seat 7: sofaking1973 ($2.06 in chips) 
Seat 8: isurusa ($3.17 in chips) 
Dorex2007: posts small blind $0.01
mksm197201: posts big blind $0.02
*** HOLE CARDS ***
Dealt to Dorex2007 [3h 5h]
tridmax: folds 
InsomniacCat: folds 
DBLBLYBSTR: raises $1.06 to $1.08 and is all-in
esvalido09: folds 
sofaking1973: folds 
isurusa: folds 
Dorex2007: folds 
mksm197201: calls $1.06
*** FLOP *** [As 6d Ah]
*** TURN *** [As 6d Ah] [Th]
*** RIVER *** [As 6d Ah Th] [Kh]
*** SHOW DOWN ***
mksm197201: shows [6s Ks] (two pair, Aces and Kings)
DBLBLYBSTR: shows [Jc Jd] (two pair, Aces and Jacks)
mksm197201 collected $2.09 from pot
*** SUMMARY ***
Total pot $2.17 | Rake $0.08 
Board [As 6d Ah Th Kh]
Seat 1: Dorex2007 (small blind) folded before Flop
Seat 2: mksm197201 (big blind) showed [6s Ks] and won ($2.09) with two pair, Aces and Kings
Seat 3: tridmax folded before Flop (didn't bet)
Seat 4: InsomniacCat folded before Flop (didn't bet)
Seat 5: DBLBLYBSTR showed [Jc Jd] and lost with two pair, Aces and Jacks
Seat 6: esvalido09 folded before Flop (didn't bet)
Seat 7: sofaking1973 folded before Flop (didn't bet)
Seat 8: isurusa (button) folded before Flop (didn't bet)



PokerStars Hand #230042896446:  Hold'em No Limit ($0.01/$0.02 USD) - 2021/09/21 22:33:14 PT [2021/09/22 1:33:14 ET]
Table 'Quetzalcoatl IV' 9-max Seat #1 is the button
Seat 1: Dorex2007 ($3.26 in chips) 
Seat 2: mksm197201 ($2.76 in chips) 
Seat 3: tridmax ($2.83 in chips) 
Seat 4: InsomniacCat ($2.35 in chips) 
Seat 6: esvalido09 ($4.59 in chips) 
Seat 7: sofaking1973 ($2.06 in chips) 
Seat 8: isurusa ($3.17 in chips) 
mksm197201: posts small blind $0.01
tridmax: posts big blind $0.02
*** HOLE CARDS ***
Dealt to Dorex2007 [Qc 4h]
InsomniacCat: folds 
esvalido09: calls $0.02
sofaking1973: folds 
isurusa: raises $0.07 to $0.09
Dorex2007: folds 
mksm197201: calls $0.08
tridmax: folds 
esvalido09: calls $0.07
*** FLOP *** [2s 6d 3c]
mksm197201: checks 
esvalido09: checks 
isurusa: checks 
*** TURN *** [2s 6d 3c] [6h]
DBLBLYBSTR said, "donot call on **** *******"
mksm197201: bets $0.20
esvalido09: calls $0.20
isurusa: folds 
*** RIVER *** [2s 6d 3c 6h] [5c]
mksm197201: bets $0.16
esvalido09: raises $0.16 to $0.32
mksm197201: raises $0.66 to $0.98
esvalido09: calls $0.66
*** SHOW DOWN ***
mksm197201: shows [4s 4d] (a straight, Deuce to Six)
esvalido09: mucks hand 
mksm197201 collected $2.56 from pot
*** SUMMARY ***
Total pot $2.65 | Rake $0.09 
Board [2s 6d 3c 6h 5c]
Seat 1: Dorex2007 (button) folded before Flop (didn't bet)
Seat 2: mksm197201 (small blind) showed [4s 4d] and won ($2.56) with a straight, Deuce to Six
Seat 3: tridmax (big blind) folded before Flop
Seat 4: InsomniacCat folded before Flop (didn't bet)
Seat 6: esvalido09 mucked [Qs Qh]
Seat 7: sofaking1973 folded before Flop (didn't bet)
Seat 8: isurusa folded on the Turn



PokerStars Hand #230042925611:  Hold'em No Limit ($0.01/$0.02 USD) - 2021/09/21 22:36:30 PT [2021/09/22 1:36:30 ET]
Table 'Quetzalcoatl IV' 9-max Seat #5 is the button
Seat 1: Dorex2007 ($3.26 in chips) 
Seat 2: mksm197201 ($7.17 in chips) 
Seat 4: InsomniacCat ($2.87 in chips) 
Seat 5: DBLBLYBSTR ($1.83 in chips) 
Seat 6: esvalido09 ($0.87 in chips) 
Seat 8: isurusa ($3.08 in chips) 
esvalido09: posts small blind $0.01
isurusa: posts big blind $0.02
zhdipakety: sits out 
*** HOLE CARDS ***
Dealt to Dorex2007 [Ah 9h]
Dorex2007: raises $0.04 to $0.06
mksm197201: folds 
InsomniacCat: folds 
DBLBLYBSTR: folds 
esvalido09: raises $0.81 to $0.87 and is all-in
isurusa: folds 
Dorex2007: folds 
Uncalled bet ($0.81) returned to esvalido09
esvalido09 collected $0.14 from pot
esvalido09: doesn't show hand 
*** SUMMARY ***
Total pot $0.14 | Rake $0 
Seat 1: Dorex2007 folded before Flop
Seat 2: mksm197201 folded before Flop (didn't bet)
Seat 4: InsomniacCat folded before Flop (didn't bet)
Seat 5: DBLBLYBSTR (button) folded before Flop (didn't bet)
Seat 6: esvalido09 (small blind) collected ($0.14)
Seat 8: isurusa (big blind) folded before Flop



PokerStars Hand #230042928872:  Hold'em No Limit ($0.01/$0.02 USD) - 2021/09/21 22:36:55 PT [2021/09/22 1:36:55 ET]
Table 'Quetzalcoatl IV' 9-max Seat #6 is the button
Seat 1: Dorex2007 ($3.20 in chips) 
Seat 2: mksm197201 ($7.17 in chips) 
Seat 4: InsomniacCat ($2.87 in chips) 
Seat 5: DBLBLYBSTR ($1.83 in chips) 
Seat 6: esvalido09 ($0.95 in chips) 
Seat 8: isurusa ($3.06 in chips) 
Seat 9: zhdipakety ($1.60 in chips) 
isurusa: posts small blind $0.01
zhdipakety: posts big blind $0.02
*** HOLE CARDS ***
Dealt to Dorex2007 [Qs 8c]
Dorex2007: folds 
mksm197201: folds 
InsomniacCat: folds 
DBLBLYBSTR: folds 
esvalido09: raises $0.05 to $0.07
isurusa: folds 
zhdipakety: calls $0.05
*** FLOP *** [As Jd 4h]
zhdipakety: checks 
esvalido09: bets $0.14
zhdipakety: calls $0.14
*** TURN *** [As Jd 4h] [6s]
zhdipakety: checks 
esvalido09: checks 
*** RIVER *** [As Jd 4h 6s] [Jc]
zhdipakety: bets $0.08
esvalido09: folds 
Uncalled bet ($0.08) returned to zhdipakety
zhdipakety collected $0.41 from pot
zhdipakety: doesn't show hand 
*** SUMMARY ***
Total pot $0.43 | Rake $0.02 
Board [As Jd 4h 6s Jc]
Seat 1: Dorex2007 folded before Flop (didn't bet)
Seat 2: mksm197201 folded before Flop (didn't bet)
Seat 4: InsomniacCat folded before Flop (didn't bet)
Seat 5: DBLBLYBSTR folded before Flop (didn't bet)
Seat 6: esvalido09 (button) folded on the River
Seat 8: isurusa (small blind) folded before Flop
Seat 9: zhdipakety (big blind) collected ($0.41)



PokerStars Hand #230042934465:  Hold'em No Limit ($0.01/$0.02 USD) - 2021/09/21 22:37:36 PT [2021/09/22 1:37:36 ET]
Table 'Quetzalcoatl IV' 9-max Seat #8 is the button
Seat 1: Dorex2007 ($3.20 in chips) 
Seat 2: mksm197201 ($7.17 in chips) 
Seat 4: InsomniacCat ($2.87 in chips) 
Seat 5: DBLBLYBSTR ($1.83 in chips) 
Seat 6: esvalido09 ($0.74 in chips) 
Seat 8: isurusa ($3.05 in chips) 
Seat 9: zhdipakety ($1.80 in chips) 
zhdipakety: posts small blind $0.01
Dorex2007: posts big blind $0.02
*** HOLE CARDS ***
Dealt to Dorex2007 [4c 9d]
mksm197201: folds 
InsomniacCat: raises $0.03 to $0.05
mksm197201 leaves the table
DBLBLYBSTR: folds 
esvalido09: raises $0.13 to $0.18
isurusa: folds 
zhdipakety: folds 
Dorex2007: folds 
InsomniacCat: calls $0.13
*** FLOP *** [7s 5h 3c]
InsomniacCat: bets $0.17
esvalido09: calls $0.17
*** TURN *** [7s 5h 3c] [Ah]
InsomniacCat: bets $0.20
DBLBLYBSTR leaves the table
esvalido09: calls $0.20
*** RIVER *** [7s 5h 3c Ah] [Qs]
InsomniacCat: checks 
esvalido09: checks 
*** SHOW DOWN ***
InsomniacCat: shows [8c 8h] (a pair of Eights)
esvalido09: mucks hand 
InsomniacCat collected $1.09 from pot
*** SUMMARY ***
Total pot $1.13 | Rake $0.04 
Board [7s 5h 3c Ah Qs]
Seat 1: Dorex2007 (big blind) folded before Flop
Seat 2: mksm197201 folded before Flop (didn't bet)
Seat 4: InsomniacCat showed [8c 8h] and won ($1.09) with a pair of Eights
Seat 5: DBLBLYBSTR folded before Flop (didn't bet)
Seat 6: esvalido09 mucked [Kh 4h]
Seat 8: isurusa (button) folded before Flop (didn't bet)
Seat 9: zhdipakety (small blind) folded before Flop



PokerStars Hand #230042938882:  Hold'em No Limit ($0.01/$0.02 USD) - 2021/09/21 22:38:10 PT [2021/09/22 1:38:10 ET]
Table 'Quetzalcoatl IV' 9-max Seat #9 is the button
Seat 1: Dorex2007 ($3.18 in chips) 
Seat 4: InsomniacCat ($3.41 in chips) 
Seat 6: esvalido09 ($0.19 in chips) 
Seat 8: isurusa ($3.05 in chips) 
Seat 9: zhdipakety ($1.79 in chips) 
Dorex2007: posts small blind $0.01
InsomniacCat: posts big blind $0.02
*** HOLE CARDS ***
Dealt to Dorex2007 [Th 4d]
esvalido09: raises $0.17 to $0.19 and is all-in
isurusa: folds 
zhdipakety: folds 
Dorex2007: folds 
InsomniacCat: folds 
Uncalled bet ($0.17) returned to esvalido09
esvalido09 collected $0.05 from pot
esvalido09: doesn't show hand 
*** SUMMARY ***
Total pot $0.05 | Rake $0 
Seat 1: Dorex2007 (small blind) folded before Flop
Seat 4: InsomniacCat (big blind) folded before Flop
Seat 6: esvalido09 collected ($0.05)
Seat 8: isurusa folded before Flop (didn't bet)
Seat 9: zhdipakety (button) folded before Flop (didn't bet)



