PokerStars Hand #223597703905:  Hold'em No Limit ($0.01/$0.02 USD) - 2021/02/08 19:39:31 PT [2021/02/08 22:39:31 ET]
Table 'Mesarthim II' 9-max Seat #4 is the button
Seat 1: NoRisk66 ($1.37 in chips) 
Seat 2: Dorex2007 ($1.50 in chips) 
Seat 3: masa-ivan ($2.18 in chips) 
Seat 4: TakeTheHighRoad ($1.84 in chips) 
Seat 5: Dumycbka ($2.65 in chips) 
Seat 6: rauloc ($1.59 in chips) 
Seat 7: Wayniak187 ($1.60 in chips) 
Dumycbka: posts small blind $0.01
themarfs joins the table at seat #9 
rauloc: posts big blind $0.02
Wayniak187: posts small & big blinds $0.03
Dorex2007: posts big blind $0.02
*** HOLE CARDS ***
Dealt to Dorex2007 [5c Td]
Wayniak187: checks 
bigtoe226 joins the table at seat #8 
NoRisk66: folds 
Dorex2007: checks 
masa-ivan: folds 
TakeTheHighRoad: calls $0.02
Dumycbka: folds 
rauloc: raises $0.04 to $0.06
Wayniak187: folds 
Dorex2007: folds 
TakeTheHighRoad: calls $0.04
*** FLOP *** [3h 9c 7d]
rauloc: bets $0.09
TakeTheHighRoad: calls $0.09
*** TURN *** [3h 9c 7d] [Qh]
rauloc: bets $0.06
TakeTheHighRoad: calls $0.06
*** RIVER *** [3h 9c 7d Qh] [Jh]
rauloc: bets $0.06
TakeTheHighRoad: calls $0.06
*** SHOW DOWN ***
rauloc: shows [Ac 7h] (a pair of Sevens)
TakeTheHighRoad: mucks hand 
rauloc collected $0.58 from pot
*** SUMMARY ***
Total pot $0.60 | Rake $0.02 
Board [3h 9c 7d Qh Jh]
Seat 1: NoRisk66 folded before Flop (didn't bet)
Seat 2: Dorex2007 folded before Flop (didn't bet)
Seat 3: masa-ivan folded before Flop (didn't bet)
Seat 4: TakeTheHighRoad (button) mucked [8c Kc]
Seat 5: Dumycbka (small blind) folded before Flop
Seat 6: rauloc (big blind) showed [Ac 7h] and won ($0.58) with a pair of Sevens
Seat 7: Wayniak187 folded before Flop (didn't bet)



PokerStars Hand #223597723229:  Hold'em No Limit ($0.01/$0.02 USD) - 2021/02/08 19:40:47 PT [2021/02/08 22:40:47 ET]
Table 'Mesarthim II' 9-max Seat #5 is the button
Seat 1: NoRisk66 ($1.37 in chips) 
Seat 2: Dorex2007 ($1.48 in chips) 
Seat 3: masa-ivan ($2.18 in chips) 
Seat 4: TakeTheHighRoad ($1.57 in chips) 
Seat 5: Dumycbka ($2.64 in chips) 
Seat 6: rauloc ($1.90 in chips) 
Seat 7: Wayniak187 ($1.57 in chips) 
Seat 8: bigtoe226 ($2 in chips) 
rauloc: posts small blind $0.01
Wayniak187: posts big blind $0.02
bigtoe226: posts big blind $0.02
themarfs: sits out 
*** HOLE CARDS ***
Dealt to Dorex2007 [9s 6d]
bigtoe226: checks 
NoRisk66: folds 
Dorex2007: folds 
masa-ivan: calls $0.02
TakeTheHighRoad: calls $0.02
Dumycbka: folds 
rauloc: calls $0.01
Wayniak187: checks 
*** FLOP *** [Qd Qs 2d]
rauloc: checks 
Wayniak187: checks 
bigtoe226: checks 
masa-ivan: checks 
TakeTheHighRoad: checks 
*** TURN *** [Qd Qs 2d] [5h]
rauloc: checks 
Wayniak187: checks 
bigtoe226: bets $0.05
masa-ivan: calls $0.05
TakeTheHighRoad: folds 
rauloc: folds 
Wayniak187: folds 
*** RIVER *** [Qd Qs 2d 5h] [4c]
bigtoe226: bets $0.19
masa-ivan: folds 
Uncalled bet ($0.19) returned to bigtoe226
bigtoe226 collected $0.19 from pot
bigtoe226: doesn't show hand 
*** SUMMARY ***
Total pot $0.20 | Rake $0.01 
Board [Qd Qs 2d 5h 4c]
Seat 1: NoRisk66 folded before Flop (didn't bet)
Seat 2: Dorex2007 folded before Flop (didn't bet)
Seat 3: masa-ivan folded on the River
Seat 4: TakeTheHighRoad folded on the Turn
Seat 5: Dumycbka (button) folded before Flop (didn't bet)
Seat 6: rauloc (small blind) folded on the Turn
Seat 7: Wayniak187 (big blind) folded on the Turn
Seat 8: bigtoe226 collected ($0.19)



PokerStars Hand #223597752036:  Hold'em No Limit ($0.01/$0.02 USD) - 2021/02/08 19:42:15 PT [2021/02/08 22:42:15 ET]
Table 'Mesarthim II' 9-max Seat #6 is the button
Seat 1: NoRisk66 ($1.37 in chips) 
Seat 2: Dorex2007 ($1.48 in chips) 
Seat 3: masa-ivan ($2.11 in chips) 
Seat 4: TakeTheHighRoad ($1.55 in chips) 
Seat 5: Dumycbka ($2.64 in chips) 
Seat 6: rauloc ($1.88 in chips) 
Seat 7: Wayniak187 ($1.55 in chips) 
Seat 8: bigtoe226 ($2.12 in chips) 
Wayniak187: posts small blind $0.01
bigtoe226: posts big blind $0.02
themarfs: sits out 
*** HOLE CARDS ***
Dealt to Dorex2007 [Tc 8d]
NoRisk66: calls $0.02
Dorex2007: folds 
masa-ivan: folds 
TakeTheHighRoad: calls $0.02
Dumycbka: folds 
rauloc: folds 
Wayniak187: folds 
bigtoe226: checks 
*** FLOP *** [Kh 3s Qs]
bigtoe226: checks 
NoRisk66: bets $0.06
TakeTheHighRoad: calls $0.06
bigtoe226: calls $0.06
*** TURN *** [Kh 3s Qs] [8h]
bigtoe226: checks 
NoRisk66: checks 
TakeTheHighRoad: checks 
*** RIVER *** [Kh 3s Qs 8h] [As]
bigtoe226: checks 
NoRisk66: checks 
TakeTheHighRoad: checks 
*** SHOW DOWN ***
bigtoe226: shows [3h Kc] (two pair, Kings and Threes)
NoRisk66: mucks hand 
TakeTheHighRoad: mucks hand 
bigtoe226 collected $0.24 from pot
*** SUMMARY ***
Total pot $0.25 | Rake $0.01 
Board [Kh 3s Qs 8h As]
Seat 1: NoRisk66 mucked [9c Qc]
Seat 2: Dorex2007 folded before Flop (didn't bet)
Seat 3: masa-ivan folded before Flop (didn't bet)
Seat 4: TakeTheHighRoad mucked [4d Kd]
Seat 5: Dumycbka folded before Flop (didn't bet)
Seat 6: rauloc (button) folded before Flop (didn't bet)
Seat 7: Wayniak187 (small blind) folded before Flop
Seat 8: bigtoe226 (big blind) showed [3h Kc] and won ($0.24) with two pair, Kings and Threes



PokerStars Hand #223597767339:  Hold'em No Limit ($0.01/$0.02 USD) - 2021/02/08 19:43:15 PT [2021/02/08 22:43:15 ET]
Table 'Mesarthim II' 9-max Seat #7 is the button
Seat 1: NoRisk66 ($1.29 in chips) 
Seat 2: Dorex2007 ($1.48 in chips) 
Seat 3: masa-ivan ($2.11 in chips) 
Seat 4: TakeTheHighRoad ($1.47 in chips) 
Seat 5: Dumycbka ($2.64 in chips) 
Seat 6: rauloc ($1.88 in chips) 
Seat 7: Wayniak187 ($1.54 in chips) 
Seat 8: bigtoe226 ($2.28 in chips) 
Seat 9: themarfs ($2 in chips) 
bigtoe226: posts small blind $0.01
themarfs: posts big blind $0.02
*** HOLE CARDS ***
Dealt to Dorex2007 [8s Qh]
NoRisk66: folds 
Dorex2007: folds 
masa-ivan: folds 
TakeTheHighRoad: calls $0.02
Dumycbka: raises $0.06 to $0.08
rauloc: folds 
Wayniak187 has timed out
Wayniak187: folds 
bigtoe226: folds 
themarfs: calls $0.06
TakeTheHighRoad: calls $0.06
*** FLOP *** [3h 5s Ah]
themarfs: checks 
TakeTheHighRoad: checks 
Dumycbka: bets $0.16
themarfs: raises $0.28 to $0.44
TakeTheHighRoad: folds 
Dumycbka: folds 
Uncalled bet ($0.28) returned to themarfs
themarfs collected $0.55 from pot
themarfs: doesn't show hand 
*** SUMMARY ***
Total pot $0.57 | Rake $0.02 
Board [3h 5s Ah]
Seat 1: NoRisk66 folded before Flop (didn't bet)
Seat 2: Dorex2007 folded before Flop (didn't bet)
Seat 3: masa-ivan folded before Flop (didn't bet)
Seat 4: TakeTheHighRoad folded on the Flop
Seat 5: Dumycbka folded on the Flop
Seat 6: rauloc folded before Flop (didn't bet)
Seat 7: Wayniak187 (button) folded before Flop (didn't bet)
Seat 8: bigtoe226 (small blind) folded before Flop
Seat 9: themarfs (big blind) collected ($0.55)



PokerStars Hand #223597784396:  Hold'em No Limit ($0.01/$0.02 USD) - 2021/02/08 19:44:24 PT [2021/02/08 22:44:24 ET]
Table 'Mesarthim II' 9-max Seat #8 is the button
Seat 1: NoRisk66 ($1.29 in chips) 
Seat 2: Dorex2007 ($1.48 in chips) 
Seat 3: masa-ivan ($2.11 in chips) 
Seat 4: TakeTheHighRoad ($1.39 in chips) 
Seat 5: Dumycbka ($2.40 in chips) 
Seat 6: rauloc ($1.88 in chips) 
Seat 7: Wayniak187 ($1.54 in chips) 
Seat 8: bigtoe226 ($2.27 in chips) 
Seat 9: themarfs ($2.31 in chips) 
themarfs: posts small blind $0.01
NoRisk66: posts big blind $0.02
*** HOLE CARDS ***
Dealt to Dorex2007 [9h 7h]
Dorex2007: folds 
masa-ivan: folds 
TakeTheHighRoad: folds 
Dumycbka: folds 
rauloc: folds 
Wayniak187: folds 
bigtoe226: raises $0.04 to $0.06
themarfs: folds 
NoRisk66: folds 
Uncalled bet ($0.04) returned to bigtoe226
bigtoe226 collected $0.05 from pot
bigtoe226: doesn't show hand 
*** SUMMARY ***
Total pot $0.05 | Rake $0 
Seat 1: NoRisk66 (big blind) folded before Flop
Seat 2: Dorex2007 folded before Flop (didn't bet)
Seat 3: masa-ivan folded before Flop (didn't bet)
Seat 4: TakeTheHighRoad folded before Flop (didn't bet)
Seat 5: Dumycbka folded before Flop (didn't bet)
Seat 6: rauloc folded before Flop (didn't bet)
Seat 7: Wayniak187 folded before Flop (didn't bet)
Seat 8: bigtoe226 (button) collected ($0.05)
Seat 9: themarfs (small blind) folded before Flop



PokerStars Hand #223597791233:  Hold'em No Limit ($0.01/$0.02 USD) - 2021/02/08 19:44:51 PT [2021/02/08 22:44:51 ET]
Table 'Mesarthim II' 9-max Seat #9 is the button
Seat 1: NoRisk66 ($1.27 in chips) 
Seat 2: Dorex2007 ($1.48 in chips) 
Seat 3: masa-ivan ($2.11 in chips) 
Seat 4: TakeTheHighRoad ($1.39 in chips) 
Seat 5: Dumycbka ($2.40 in chips) 
Seat 6: rauloc ($1.88 in chips) 
Seat 7: Wayniak187 ($1.54 in chips) 
Seat 8: bigtoe226 ($2.30 in chips) 
Seat 9: themarfs ($2.30 in chips) 
NoRisk66: posts small blind $0.01
Dorex2007: posts big blind $0.02
*** HOLE CARDS ***
Dealt to Dorex2007 [Td 3h]
masa-ivan: folds 
TakeTheHighRoad: calls $0.02
Dumycbka: raises $0.06 to $0.08
rauloc: folds 
Wayniak187: folds 
bigtoe226: folds 
themarfs: calls $0.08
NoRisk66: folds 
Dorex2007: folds 
TakeTheHighRoad: calls $0.06
*** FLOP *** [8h 9d 6h]
TakeTheHighRoad: checks 
Dumycbka: checks 
themarfs: checks 
*** TURN *** [8h 9d 6h] [4s]
TakeTheHighRoad: checks 
Dumycbka: checks 
themarfs: checks 
*** RIVER *** [8h 9d 6h 4s] [2s]
TakeTheHighRoad: checks 
Dumycbka: checks 
themarfs: checks 
*** SHOW DOWN ***
TakeTheHighRoad: shows [8c Qc] (a pair of Eights)
Dumycbka: mucks hand 
themarfs: mucks hand 
TakeTheHighRoad collected $0.26 from pot
*** SUMMARY ***
Total pot $0.27 | Rake $0.01 
Board [8h 9d 6h 4s 2s]
Seat 1: NoRisk66 (small blind) folded before Flop
Seat 2: Dorex2007 (big blind) folded before Flop
Seat 3: masa-ivan folded before Flop (didn't bet)
Seat 4: TakeTheHighRoad showed [8c Qc] and won ($0.26) with a pair of Eights
Seat 5: Dumycbka mucked [Jc Kd]
Seat 6: rauloc folded before Flop (didn't bet)
Seat 7: Wayniak187 folded before Flop (didn't bet)
Seat 8: bigtoe226 folded before Flop (didn't bet)
Seat 9: themarfs (button) mucked [As Qh]



PokerStars Hand #223597804296:  Hold'em No Limit ($0.01/$0.02 USD) - 2021/02/08 19:45:44 PT [2021/02/08 22:45:44 ET]
Table 'Mesarthim II' 9-max Seat #1 is the button
Seat 1: NoRisk66 ($1.26 in chips) 
Seat 2: Dorex2007 ($1.46 in chips) 
Seat 3: masa-ivan ($2.11 in chips) 
Seat 4: TakeTheHighRoad ($1.57 in chips) 
Seat 5: Dumycbka ($2.32 in chips) 
Seat 6: rauloc ($1.88 in chips) 
Seat 7: Wayniak187 ($1.54 in chips) 
Seat 8: bigtoe226 ($2.30 in chips) 
Seat 9: themarfs ($2.22 in chips) 
Dorex2007: posts small blind $0.01
masa-ivan: posts big blind $0.02
*** HOLE CARDS ***
Dealt to Dorex2007 [Jd Qc]
TakeTheHighRoad: folds 
Dumycbka: folds 
rauloc: folds 
Wayniak187: raises $0.02 to $0.04
bigtoe226: calls $0.04
themarfs: folds 
NoRisk66: folds 
Dorex2007: calls $0.03
masa-ivan: folds 
*** FLOP *** [8s 3h 2h]
Dorex2007: checks 
Wayniak187: checks 
bigtoe226: checks 
*** TURN *** [8s 3h 2h] [7c]
Dorex2007: checks 
Wayniak187: checks 
bigtoe226: checks 
*** RIVER *** [8s 3h 2h 7c] [Qs]
Dorex2007: bets $0.14
Wayniak187: raises $0.14 to $0.28
bigtoe226: folds 
Dorex2007: calls $0.14
*** SHOW DOWN ***
Wayniak187: shows [Kh Qd] (a pair of Queens)
Dorex2007: mucks hand 
Wayniak187 collected $0.68 from pot
*** SUMMARY ***
Total pot $0.70 | Rake $0.02 
Board [8s 3h 2h 7c Qs]
Seat 1: NoRisk66 (button) folded before Flop (didn't bet)
Seat 2: Dorex2007 (small blind) mucked [Jd Qc]
Seat 3: masa-ivan (big blind) folded before Flop
Seat 4: TakeTheHighRoad folded before Flop (didn't bet)
Seat 5: Dumycbka folded before Flop (didn't bet)
Seat 6: rauloc folded before Flop (didn't bet)
Seat 7: Wayniak187 showed [Kh Qd] and won ($0.68) with a pair of Queens
Seat 8: bigtoe226 folded on the River
Seat 9: themarfs folded before Flop (didn't bet)



PokerStars Hand #223597829996:  Hold'em No Limit ($0.01/$0.02 USD) - 2021/02/08 19:46:51 PT [2021/02/08 22:46:51 ET]
Table 'Mesarthim II' 9-max Seat #2 is the button
Seat 1: NoRisk66 ($1.26 in chips) 
Seat 2: Dorex2007 ($1.14 in chips) 
Seat 3: masa-ivan ($2.09 in chips) 
Seat 4: TakeTheHighRoad ($1.57 in chips) 
Seat 5: Dumycbka ($2.32 in chips) 
Seat 6: rauloc ($1.88 in chips) 
Seat 7: Wayniak187 ($1.90 in chips) 
Seat 8: bigtoe226 ($2.26 in chips) 
Seat 9: themarfs ($2.22 in chips) 
masa-ivan: posts small blind $0.01
TakeTheHighRoad: posts big blind $0.02
*** HOLE CARDS ***
Dealt to Dorex2007 [4s Ts]
Dumycbka: folds 
rauloc: folds 
Wayniak187: folds 
bigtoe226 has timed out
bigtoe226: folds 
themarfs: folds 
NoRisk66: folds 
Dorex2007: folds 
masa-ivan: calls $0.01
TakeTheHighRoad: checks 
*** FLOP *** [Th Kh Ac]
masa-ivan: checks 
TakeTheHighRoad: checks 
*** TURN *** [Th Kh Ac] [Jh]
masa-ivan: checks 
TakeTheHighRoad: bets $0.08
masa-ivan: folds 
Uncalled bet ($0.08) returned to TakeTheHighRoad
TakeTheHighRoad collected $0.04 from pot
TakeTheHighRoad: doesn't show hand 
*** SUMMARY ***
Total pot $0.04 | Rake $0 
Board [Th Kh Ac Jh]
Seat 1: NoRisk66 folded before Flop (didn't bet)
Seat 2: Dorex2007 (button) folded before Flop (didn't bet)
Seat 3: masa-ivan (small blind) folded on the Turn
Seat 4: TakeTheHighRoad (big blind) collected ($0.04)
Seat 5: Dumycbka folded before Flop (didn't bet)
Seat 6: rauloc folded before Flop (didn't bet)
Seat 7: Wayniak187 folded before Flop (didn't bet)
Seat 8: bigtoe226 folded before Flop (didn't bet)
Seat 9: themarfs folded before Flop (didn't bet)



PokerStars Hand #223597842176:  Hold'em No Limit ($0.01/$0.02 USD) - 2021/02/08 19:47:40 PT [2021/02/08 22:47:40 ET]
Table 'Mesarthim II' 9-max Seat #3 is the button
Seat 1: NoRisk66 ($1.26 in chips) 
Seat 2: Dorex2007 ($1.14 in chips) 
Seat 3: masa-ivan ($2.07 in chips) 
Seat 4: TakeTheHighRoad ($1.59 in chips) 
Seat 5: Dumycbka ($2.32 in chips) 
Seat 6: rauloc ($1.88 in chips) 
Seat 7: Wayniak187 ($1.90 in chips) 
Seat 8: bigtoe226 ($2.26 in chips) 
Seat 9: themarfs ($2.22 in chips) 
TakeTheHighRoad: posts small blind $0.01
Dumycbka: posts big blind $0.02
*** HOLE CARDS ***
Dealt to Dorex2007 [9h 2h]
rauloc: folds 
Wayniak187: folds 
bigtoe226: folds 
themarfs: raises $0.04 to $0.06
NoRisk66: folds 
Dorex2007: folds 
masa-ivan: calls $0.06
TakeTheHighRoad: folds 
Dumycbka: folds 
*** FLOP *** [6d 4s 3d]
themarfs: checks 
masa-ivan: checks 
*** TURN *** [6d 4s 3d] [3c]
themarfs: checks 
masa-ivan: bets $0.09
themarfs: folds 
Uncalled bet ($0.09) returned to masa-ivan
masa-ivan collected $0.14 from pot
masa-ivan: doesn't show hand 
*** SUMMARY ***
Total pot $0.15 | Rake $0.01 
Board [6d 4s 3d 3c]
Seat 1: NoRisk66 folded before Flop (didn't bet)
Seat 2: Dorex2007 folded before Flop (didn't bet)
Seat 3: masa-ivan (button) collected ($0.14)
Seat 4: TakeTheHighRoad (small blind) folded before Flop
Seat 5: Dumycbka (big blind) folded before Flop
Seat 6: rauloc folded before Flop (didn't bet)
Seat 7: Wayniak187 folded before Flop (didn't bet)
Seat 8: bigtoe226 folded before Flop (didn't bet)
Seat 9: themarfs folded on the Turn



PokerStars Hand #223597855151:  Hold'em No Limit ($0.01/$0.02 USD) - 2021/02/08 19:48:32 PT [2021/02/08 22:48:32 ET]
Table 'Mesarthim II' 9-max Seat #4 is the button
Seat 1: NoRisk66 ($1.26 in chips) 
Seat 2: Dorex2007 ($1.14 in chips) 
Seat 3: masa-ivan ($2.15 in chips) 
Seat 4: TakeTheHighRoad ($1.58 in chips) 
Seat 5: Dumycbka ($2.30 in chips) 
Seat 6: rauloc ($1.88 in chips) 
Seat 7: Wayniak187 ($1.90 in chips) 
Seat 8: bigtoe226 ($2.26 in chips) 
Seat 9: themarfs ($2.16 in chips) 
Dumycbka: posts small blind $0.01
rauloc: posts big blind $0.02
*** HOLE CARDS ***
Dealt to Dorex2007 [Ad 9c]
Wayniak187 has timed out
Wayniak187: folds 
bigtoe226: raises $0.04 to $0.06
themarfs: folds 
NoRisk66: folds 
Dorex2007: folds 
masa-ivan: folds 
TakeTheHighRoad: folds 
Dumycbka: folds 
rauloc: folds 
Uncalled bet ($0.04) returned to bigtoe226
bigtoe226 collected $0.05 from pot
bigtoe226: doesn't show hand 
*** SUMMARY ***
Total pot $0.05 | Rake $0 
Seat 1: NoRisk66 folded before Flop (didn't bet)
Seat 2: Dorex2007 folded before Flop (didn't bet)
Seat 3: masa-ivan folded before Flop (didn't bet)
Seat 4: TakeTheHighRoad (button) folded before Flop (didn't bet)
Seat 5: Dumycbka (small blind) folded before Flop
Seat 6: rauloc (big blind) folded before Flop
Seat 7: Wayniak187 folded before Flop (didn't bet)
Seat 8: bigtoe226 collected ($0.05)
Seat 9: themarfs folded before Flop (didn't bet)



PokerStars Hand #223597862134:  Hold'em No Limit ($0.01/$0.02 USD) - 2021/02/08 19:49:01 PT [2021/02/08 22:49:01 ET]
Table 'Mesarthim II' 9-max Seat #5 is the button
Seat 1: NoRisk66 ($1.26 in chips) 
Seat 2: Dorex2007 ($1.14 in chips) 
Seat 3: masa-ivan ($2.15 in chips) 
Seat 4: TakeTheHighRoad ($1.58 in chips) 
Seat 5: Dumycbka ($2.29 in chips) 
Seat 6: rauloc ($1.86 in chips) 
Seat 7: Wayniak187 ($1.90 in chips) 
Seat 8: bigtoe226 ($2.29 in chips) 
Seat 9: themarfs ($2.16 in chips) 
rauloc: posts small blind $0.01
Wayniak187: posts big blind $0.02
*** HOLE CARDS ***
Dealt to Dorex2007 [Ah 7d]
bigtoe226: folds 
themarfs: folds 
NoRisk66: folds 
Dorex2007: folds 
masa-ivan: folds 
TakeTheHighRoad: calls $0.02
bigtoe226 leaves the table
Dumycbka: raises $0.06 to $0.08
rauloc: folds 
berg723010 joins the table at seat #8 
Wayniak187: folds 
TakeTheHighRoad: calls $0.06
*** FLOP *** [Kh 6d 9c]
TakeTheHighRoad: checks 
Dumycbka: bets $0.10
TakeTheHighRoad: folds 
Uncalled bet ($0.10) returned to Dumycbka
Dumycbka collected $0.18 from pot
Dumycbka: doesn't show hand 
*** SUMMARY ***
Total pot $0.19 | Rake $0.01 
Board [Kh 6d 9c]
Seat 1: NoRisk66 folded before Flop (didn't bet)
Seat 2: Dorex2007 folded before Flop (didn't bet)
Seat 3: masa-ivan folded before Flop (didn't bet)
Seat 4: TakeTheHighRoad folded on the Flop
Seat 5: Dumycbka (button) collected ($0.18)
Seat 6: rauloc (small blind) folded before Flop
Seat 7: Wayniak187 (big blind) folded before Flop
Seat 8: bigtoe226 folded before Flop (didn't bet)
Seat 9: themarfs folded before Flop (didn't bet)



PokerStars Hand #223597872370:  Hold'em No Limit ($0.01/$0.02 USD) - 2021/02/08 19:49:42 PT [2021/02/08 22:49:42 ET]
Table 'Mesarthim II' 9-max Seat #6 is the button
Seat 1: NoRisk66 ($1.26 in chips) 
Seat 2: Dorex2007 ($1.60 in chips) 
Seat 3: masa-ivan ($2.15 in chips) 
Seat 4: TakeTheHighRoad ($1.50 in chips) 
Seat 5: Dumycbka ($2.39 in chips) 
Seat 6: rauloc ($1.85 in chips) 
Seat 7: Wayniak187 ($1.88 in chips) 
Seat 8: berg723010 ($0.80 in chips) 
Seat 9: themarfs ($2.16 in chips) 
Wayniak187: posts small blind $0.01
berg723010: posts big blind $0.02
*** HOLE CARDS ***
Dealt to Dorex2007 [8d Kh]
themarfs: folds 
NoRisk66: calls $0.02
Dorex2007: folds 
masa-ivan: folds 
TakeTheHighRoad: folds 
Dumycbka: raises $0.02 to $0.04
rauloc: folds 
Wayniak187: folds 
berg723010: calls $0.02
NoRisk66: calls $0.02
*** FLOP *** [Js Qh 5h]
berg723010: checks 
NoRisk66: checks 
Dumycbka: bets $0.08
berg723010: raises $0.08 to $0.16
NoRisk66: calls $0.16
Dumycbka: raises $2.19 to $2.35 and is all-in
berg723010: calls $0.60 and is all-in
NoRisk66: folds 
Uncalled bet ($1.59) returned to Dumycbka
*** TURN *** [Js Qh 5h] [3h]
*** RIVER *** [Js Qh 5h 3h] [Ah]
*** SHOW DOWN ***
berg723010: shows [Qc Jc] (two pair, Queens and Jacks)
Dumycbka: shows [Qs Jh] (a flush, Ace high)
Dumycbka cashed out the hand for $0.90 | Cash Out Fee $0.01
*** SUMMARY ***
Total pot $1.81 | Rake $0.06 
Board [Js Qh 5h 3h Ah]
Seat 1: NoRisk66 folded on the Flop
Seat 2: Dorex2007 folded before Flop (didn't bet)
Seat 3: masa-ivan folded before Flop (didn't bet)
Seat 4: TakeTheHighRoad folded before Flop (didn't bet)
Seat 5: Dumycbka showed [Qs Jh] and won ($1.75) with a flush, Ace high (pot not awarded as player cashed out)
Seat 6: rauloc (button) folded before Flop (didn't bet)
Seat 7: Wayniak187 (small blind) folded before Flop
Seat 8: berg723010 (big blind) showed [Qc Jc] and lost with two pair, Queens and Jacks
Seat 9: themarfs folded before Flop (didn't bet)



PokerStars Hand #223597887009:  Hold'em No Limit ($0.01/$0.02 USD) - 2021/02/08 19:50:41 PT [2021/02/08 22:50:41 ET]
Table 'Mesarthim II' 9-max Seat #7 is the button
Seat 2: Dorex2007 ($1.60 in chips) 
Seat 3: masa-ivan ($2.15 in chips) 
Seat 4: TakeTheHighRoad ($1.50 in chips) 
Seat 5: Dumycbka ($2.49 in chips) 
Seat 6: rauloc ($1.85 in chips) 
Seat 7: Wayniak187 ($1.87 in chips) 
Seat 9: themarfs ($2.16 in chips) 
themarfs: posts small blind $0.01
NoRisk66: is sitting out 
Dorex2007: posts big blind $0.02
*** HOLE CARDS ***
Dealt to Dorex2007 [7d 6d]
masa-ivan: folds 
TakeTheHighRoad: folds 
Dumycbka: raises $0.04 to $0.06
rauloc: folds 
berg723010 leaves the table
NoRisk66 is disconnected 
Wayniak187 has timed out
Wayniak187: folds 
themarfs: folds 
Nick.Siloff joins the table at seat #8 
Dorex2007: calls $0.04
*** FLOP *** [4s Td Ks]
Dorex2007: bets $0.07
Dumycbka: calls $0.07
*** TURN *** [4s Td Ks] [9h]
Dorex2007: checks 
Dumycbka: checks 
*** RIVER *** [4s Td Ks 9h] [9s]
Dorex2007: bets $0.13
Dumycbka: folds 
Uncalled bet ($0.13) returned to Dorex2007
Dorex2007 collected $0.26 from pot
Dorex2007: doesn't show hand 
*** SUMMARY ***
Total pot $0.27 | Rake $0.01 
Board [4s Td Ks 9h 9s]
Seat 2: Dorex2007 (big blind) collected ($0.26)
Seat 3: masa-ivan folded before Flop (didn't bet)
Seat 4: TakeTheHighRoad folded before Flop (didn't bet)
Seat 5: Dumycbka folded on the River
Seat 6: rauloc folded before Flop (didn't bet)
Seat 7: Wayniak187 (button) folded before Flop (didn't bet)
Seat 9: themarfs (small blind) folded before Flop



PokerStars Hand #223597903231:  Hold'em No Limit ($0.01/$0.02 USD) - 2021/02/08 19:51:47 PT [2021/02/08 22:51:47 ET]
Table 'Mesarthim II' 9-max Seat #9 is the button
Seat 2: Dorex2007 ($1.73 in chips) 
Seat 3: masa-ivan ($2.15 in chips) 
Seat 4: TakeTheHighRoad ($1.50 in chips) 
Seat 5: Dumycbka ($2.36 in chips) 
Seat 6: rauloc ($1.85 in chips) 
Seat 8: Nick.Siloff ($2 in chips) 
Seat 9: themarfs ($2.15 in chips) 
Dorex2007: posts small blind $0.01
masa-ivan: posts big blind $0.02
Nick.Siloff: posts big blind $0.02
*** HOLE CARDS ***
Dealt to Dorex2007 [7d Jh]
TakeTheHighRoad: folds 
Dumycbka: folds 
rauloc: folds 
Nick.Siloff: checks 
themarfs: folds 
Dorex2007: folds 
masa-ivan: checks 
*** FLOP *** [7s Jc 3h]
masa-ivan: checks 
Nick.Siloff: checks 
*** TURN *** [7s Jc 3h] [5h]
Wayniak187 leaves the table
masa-ivan: checks 
Nick.Siloff: checks 
*** RIVER *** [7s Jc 3h 5h] [9d]
FERNANDO428 joins the table at seat #7 
masa-ivan: bets $0.03
Nick.Siloff: calls $0.03
*** SHOW DOWN ***
masa-ivan: shows [Kh 2h] (high card King)
Nick.Siloff: shows [6c 5c] (a pair of Fives)
Nick.Siloff collected $0.11 from pot
*** SUMMARY ***
Total pot $0.11 | Rake $0 
Board [7s Jc 3h 5h 9d]
Seat 2: Dorex2007 (small blind) folded before Flop
Seat 3: masa-ivan (big blind) showed [Kh 2h] and lost with high card King
Seat 4: TakeTheHighRoad folded before Flop (didn't bet)
Seat 5: Dumycbka folded before Flop (didn't bet)
Seat 6: rauloc folded before Flop (didn't bet)
Seat 8: Nick.Siloff showed [6c 5c] and won ($0.11) with a pair of Fives
Seat 9: themarfs (button) folded before Flop (didn't bet)



PokerStars Hand #223597916486:  Hold'em No Limit ($0.01/$0.02 USD) - 2021/02/08 19:52:41 PT [2021/02/08 22:52:41 ET]
Table 'Mesarthim II' 9-max Seat #2 is the button
Seat 2: Dorex2007 ($1.72 in chips) 
Seat 3: masa-ivan ($2.10 in chips) 
Seat 4: TakeTheHighRoad ($1.50 in chips) 
Seat 5: Dumycbka ($2.36 in chips) 
Seat 6: rauloc ($1.85 in chips) 
Seat 8: Nick.Siloff ($2.06 in chips) 
Seat 9: themarfs ($2.15 in chips) 
masa-ivan: posts small blind $0.01
TakeTheHighRoad: posts big blind $0.02
FERNANDO428: sits out 
*** HOLE CARDS ***
Dealt to Dorex2007 [Qc 9c]
Dumycbka: folds 
rauloc: folds 
Nick.Siloff: folds 
themarfs: raises $0.04 to $0.06
Dorex2007: folds 
masa-ivan: folds 
TakeTheHighRoad: folds 
Uncalled bet ($0.04) returned to themarfs
themarfs collected $0.05 from pot
themarfs: doesn't show hand 
*** SUMMARY ***
Total pot $0.05 | Rake $0 
Seat 2: Dorex2007 (button) folded before Flop (didn't bet)
Seat 3: masa-ivan (small blind) folded before Flop
Seat 4: TakeTheHighRoad (big blind) folded before Flop
Seat 5: Dumycbka folded before Flop (didn't bet)
Seat 6: rauloc folded before Flop (didn't bet)
Seat 8: Nick.Siloff folded before Flop (didn't bet)
Seat 9: themarfs collected ($0.05)



PokerStars Hand #223597920646:  Hold'em No Limit ($0.01/$0.02 USD) - 2021/02/08 19:52:58 PT [2021/02/08 22:52:58 ET]
Table 'Mesarthim II' 9-max Seat #3 is the button
Seat 2: Dorex2007 ($1.72 in chips) 
Seat 3: masa-ivan ($2.09 in chips) 
Seat 4: TakeTheHighRoad ($1.48 in chips) 
Seat 5: Dumycbka ($2.36 in chips) 
Seat 6: rauloc ($1.85 in chips) 
Seat 8: Nick.Siloff ($2.06 in chips) 
Seat 9: themarfs ($2.18 in chips) 
TakeTheHighRoad: posts small blind $0.01
Dumycbka: posts big blind $0.02
FERNANDO428: sits out 
*** HOLE CARDS ***
Dealt to Dorex2007 [As Qh]
rauloc: folds 
rauloc leaves the table
Nick.Siloff: folds 
themarfs: folds 
Dorex2007: raises $0.04 to $0.06
masa-ivan: folds 
TakeTheHighRoad: folds 
Dumycbka: folds 
Uncalled bet ($0.04) returned to Dorex2007
Xaxaec joins the table at seat #6 
Dorex2007 collected $0.05 from pot
Dorex2007: doesn't show hand 
*** SUMMARY ***
Total pot $0.05 | Rake $0 
Seat 2: Dorex2007 collected ($0.05)
Seat 3: masa-ivan (button) folded before Flop (didn't bet)
Seat 4: TakeTheHighRoad (small blind) folded before Flop
Seat 5: Dumycbka (big blind) folded before Flop
Seat 6: rauloc folded before Flop (didn't bet)
Seat 8: Nick.Siloff folded before Flop (didn't bet)
Seat 9: themarfs folded before Flop (didn't bet)



PokerStars Hand #223597941519:  Hold'em No Limit ($0.01/$0.02 USD) - 2021/02/08 19:53:14 PT [2021/02/08 22:53:14 ET]
Table 'Mesarthim II' 9-max Seat #4 is the button
Seat 2: Dorex2007 ($1.75 in chips) 
Seat 3: masa-ivan ($2.09 in chips) 
Seat 4: TakeTheHighRoad ($1.47 in chips) 
Seat 5: Dumycbka ($2.34 in chips) 
Seat 6: Xaxaec ($1 in chips) 
Seat 8: Nick.Siloff ($2.06 in chips) 
Seat 9: themarfs ($2.18 in chips) 
Dumycbka: posts small blind $0.01
Xaxaec: posts big blind $0.02
FERNANDO428: sits out 
*** HOLE CARDS ***
Dealt to Dorex2007 [Qs Qh]
Nick.Siloff: raises $0.03 to $0.05
themarfs: folds 
Dorex2007: raises $0.07 to $0.12
masa-ivan: folds 
TakeTheHighRoad: calls $0.12
Dumycbka: folds 
Xaxaec: folds 
Nick.Siloff: folds 
*** FLOP *** [Ac Kc 6d]
Dorex2007: checks 
TakeTheHighRoad: checks 
*** TURN *** [Ac Kc 6d] [7d]
Dorex2007: checks 
TakeTheHighRoad: checks 
*** RIVER *** [Ac Kc 6d 7d] [3c]
Dorex2007: bets $0.16
TakeTheHighRoad: calls $0.16
*** SHOW DOWN ***
Dorex2007: shows [Qs Qh] (a pair of Queens)
TakeTheHighRoad: shows [4d 5s] (a straight, Three to Seven)
TakeTheHighRoad collected $0.62 from pot
*** SUMMARY ***
Total pot $0.64 | Rake $0.02 
Board [Ac Kc 6d 7d 3c]
Seat 2: Dorex2007 showed [Qs Qh] and lost with a pair of Queens
Seat 3: masa-ivan folded before Flop (didn't bet)
Seat 4: TakeTheHighRoad (button) showed [4d 5s] and won ($0.62) with a straight, Three to Seven
Seat 5: Dumycbka (small blind) folded before Flop
Seat 6: Xaxaec (big blind) folded before Flop
Seat 8: Nick.Siloff folded before Flop
Seat 9: themarfs folded before Flop (didn't bet)



PokerStars Hand #223597960339:  Hold'em No Limit ($0.01/$0.02 USD) - 2021/02/08 19:54:32 PT [2021/02/08 22:54:32 ET]
Table 'Mesarthim II' 9-max Seat #5 is the button
Seat 2: Dorex2007 ($1.47 in chips) 
Seat 3: masa-ivan ($2.09 in chips) 
Seat 4: TakeTheHighRoad ($1.81 in chips) 
Seat 5: Dumycbka ($2.33 in chips) 
Seat 6: Xaxaec ($0.98 in chips) 
Seat 7: FERNANDO428 ($2 in chips) 
Seat 8: Nick.Siloff ($2.01 in chips) 
Seat 9: themarfs ($2.18 in chips) 
Xaxaec: posts small blind $0.01
FERNANDO428: posts big blind $0.02
*** HOLE CARDS ***
Dealt to Dorex2007 [2s 6s]
Nick.Siloff: folds 
themarfs: folds 
Dorex2007: folds 
masa-ivan: raises $0.02 to $0.04
TakeTheHighRoad: folds 
Dumycbka: folds 
Xaxaec: folds 
Dorex2007 said, "wow did I give that to you LOL"
FERNANDO428: calls $0.02
*** FLOP *** [9s 8d Kh]
FERNANDO428: checks 
masa-ivan: bets $0.03
FERNANDO428: calls $0.03
*** TURN *** [9s 8d Kh] [3d]
FERNANDO428: checks 
masa-ivan: bets $0.08
FERNANDO428: folds 
Uncalled bet ($0.08) returned to masa-ivan
masa-ivan collected $0.14 from pot
masa-ivan: doesn't show hand 
*** SUMMARY ***
Total pot $0.15 | Rake $0.01 
Board [9s 8d Kh 3d]
Seat 2: Dorex2007 folded before Flop (didn't bet)
Seat 3: masa-ivan collected ($0.14)
Seat 4: TakeTheHighRoad folded before Flop (didn't bet)
Seat 5: Dumycbka (button) folded before Flop (didn't bet)
Seat 6: Xaxaec (small blind) folded before Flop
Seat 7: FERNANDO428 (big blind) folded on the Turn
Seat 8: Nick.Siloff folded before Flop (didn't bet)
Seat 9: themarfs folded before Flop (didn't bet)



PokerStars Hand #223597975772:  Hold'em No Limit ($0.01/$0.02 USD) - 2021/02/08 19:55:40 PT [2021/02/08 22:55:40 ET]
Table 'Mesarthim II' 9-max Seat #6 is the button
Seat 2: Dorex2007 ($1.47 in chips) 
Seat 3: masa-ivan ($2.16 in chips) 
Seat 4: TakeTheHighRoad ($1.81 in chips) 
Seat 5: Dumycbka ($2.33 in chips) 
Seat 6: Xaxaec ($0.97 in chips) 
Seat 7: FERNANDO428 ($1.93 in chips) 
Seat 8: Nick.Siloff ($2.01 in chips) 
Seat 9: themarfs ($2.18 in chips) 
FERNANDO428: posts small blind $0.01
Nick.Siloff: posts big blind $0.02
*** HOLE CARDS ***
Dealt to Dorex2007 [5s 6h]
themarfs: folds 
Dorex2007: folds 
masa-ivan: raises $0.05 to $0.07
TakeTheHighRoad: calls $0.07
Dumycbka: folds 
Xaxaec: folds 
FERNANDO428: calls $0.06
Nick.Siloff: folds 
*** FLOP *** [3c Th Qh]
FERNANDO428: checks 
masa-ivan: checks 
TakeTheHighRoad: checks 
*** TURN *** [3c Th Qh] [4h]
FERNANDO428: bets $0.22
masa-ivan: folds 
TakeTheHighRoad: folds 
Uncalled bet ($0.22) returned to FERNANDO428
FERNANDO428 collected $0.22 from pot
FERNANDO428: doesn't show hand 
*** SUMMARY ***
Total pot $0.23 | Rake $0.01 
Board [3c Th Qh 4h]
Seat 2: Dorex2007 folded before Flop (didn't bet)
Seat 3: masa-ivan folded on the Turn
Seat 4: TakeTheHighRoad folded on the Turn
Seat 5: Dumycbka folded before Flop (didn't bet)
Seat 6: Xaxaec (button) folded before Flop (didn't bet)
Seat 7: FERNANDO428 (small blind) collected ($0.22)
Seat 8: Nick.Siloff (big blind) folded before Flop
Seat 9: themarfs folded before Flop (didn't bet)



PokerStars Hand #223597986442:  Hold'em No Limit ($0.01/$0.02 USD) - 2021/02/08 19:56:34 PT [2021/02/08 22:56:34 ET]
Table 'Mesarthim II' 9-max Seat #7 is the button
Seat 2: Dorex2007 ($1.47 in chips) 
Seat 3: masa-ivan ($2.09 in chips) 
Seat 4: TakeTheHighRoad ($1.74 in chips) 
Seat 5: Dumycbka ($2.33 in chips) 
Seat 6: Xaxaec ($0.97 in chips) 
Seat 7: FERNANDO428 ($2.08 in chips) 
Seat 8: Nick.Siloff ($2 in chips) 
Nick.Siloff: posts small blind $0.01
themarfs: is sitting out 
Dorex2007: posts big blind $0.02
*** HOLE CARDS ***
Dealt to Dorex2007 [2s 2h]
masa-ivan: calls $0.02
TakeTheHighRoad: calls $0.02
Dumycbka: folds 
Xaxaec: folds 
FERNANDO428: folds 
themarfs leaves the table
frosa9397 joins the table at seat #9 
Nick.Siloff is disconnected 
Nick.Siloff has timed out while being disconnected
Nick.Siloff: folds 
Dorex2007: checks 
*** FLOP *** [5s Ah 9s]
Dorex2007: checks 
masa-ivan: checks 
TakeTheHighRoad: checks 
*** TURN *** [5s Ah 9s] [Ks]
Dorex2007: checks 
masa-ivan: checks 
TakeTheHighRoad: bets $0.02
Dorex2007: calls $0.02
masa-ivan: folds 
*** RIVER *** [5s Ah 9s Ks] [5d]
Dorex2007: checks 
TakeTheHighRoad: bets $0.02
Dorex2007: folds 
Uncalled bet ($0.02) returned to TakeTheHighRoad
TakeTheHighRoad collected $0.11 from pot
TakeTheHighRoad: doesn't show hand 
*** SUMMARY ***
Total pot $0.11 | Rake $0 
Board [5s Ah 9s Ks 5d]
Seat 2: Dorex2007 (big blind) folded on the River
Seat 3: masa-ivan folded on the Turn
Seat 4: TakeTheHighRoad collected ($0.11)
Seat 5: Dumycbka folded before Flop (didn't bet)
Seat 6: Xaxaec folded before Flop (didn't bet)
Seat 7: FERNANDO428 (button) folded before Flop (didn't bet)
Seat 8: Nick.Siloff (small blind) folded before Flop



PokerStars Hand #223598000576:  Hold'em No Limit ($0.01/$0.02 USD) - 2021/02/08 19:57:45 PT [2021/02/08 22:57:45 ET]
Table 'Mesarthim II' 9-max Seat #2 is the button
Seat 2: Dorex2007 ($1.43 in chips) 
Seat 3: masa-ivan ($2.07 in chips) 
Seat 4: TakeTheHighRoad ($1.81 in chips) 
Seat 5: Dumycbka ($2.33 in chips) 
Seat 6: Xaxaec ($0.97 in chips) 
Seat 7: FERNANDO428 ($2.08 in chips) 
Seat 9: frosa9397 ($2 in chips) 
masa-ivan: posts small blind $0.01
TakeTheHighRoad: posts big blind $0.02
frosa9397: posts big blind $0.02
*** HOLE CARDS ***
Dealt to Dorex2007 [Qs 5h]
Dumycbka: folds 
Xaxaec: folds 
FERNANDO428: calls $0.02
frosa9397: checks 
Dorex2007: folds 
masa-ivan: calls $0.01
TakeTheHighRoad: checks 
*** FLOP *** [2s As 6s]
masa-ivan: checks 
TakeTheHighRoad: checks 
FERNANDO428: checks 
frosa9397: checks 
*** TURN *** [2s As 6s] [8h]
masa-ivan: bets $0.02
TakeTheHighRoad: calls $0.02
FERNANDO428: folds 
frosa9397: folds 
*** RIVER *** [2s As 6s 8h] [9h]
masa-ivan: checks 
TakeTheHighRoad: bets $0.02
masa-ivan: raises $0.08 to $0.10
TakeTheHighRoad: calls $0.08
*** SHOW DOWN ***
masa-ivan: shows [Ks 5c] (high card Ace)
TakeTheHighRoad: shows [9c 7c] (a pair of Nines)
TakeTheHighRoad collected $0.31 from pot
*** SUMMARY ***
Total pot $0.32 | Rake $0.01 
Board [2s As 6s 8h 9h]
Seat 2: Dorex2007 (button) folded before Flop (didn't bet)
Seat 3: masa-ivan (small blind) showed [Ks 5c] and lost with high card Ace
Seat 4: TakeTheHighRoad (big blind) showed [9c 7c] and won ($0.31) with a pair of Nines
Seat 5: Dumycbka folded before Flop (didn't bet)
Seat 6: Xaxaec folded before Flop (didn't bet)
Seat 7: FERNANDO428 folded on the Turn
Seat 9: frosa9397 folded on the Turn (didn't bet)



PokerStars Hand #223598015339:  Hold'em No Limit ($0.01/$0.02 USD) - 2021/02/08 19:59:01 PT [2021/02/08 22:59:01 ET]
Table 'Mesarthim II' 9-max Seat #3 is the button
Seat 2: Dorex2007 ($1.43 in chips) 
Seat 3: masa-ivan ($1.93 in chips) 
Seat 4: TakeTheHighRoad ($1.98 in chips) 
Seat 5: Dumycbka ($2.33 in chips) 
Seat 6: Xaxaec ($0.97 in chips) 
Seat 7: FERNANDO428 ($2.06 in chips) 
Seat 8: Nick.Siloff ($2 in chips) 
Seat 9: frosa9397 ($1.98 in chips) 
TakeTheHighRoad: posts small blind $0.01
Dumycbka: posts big blind $0.02
*** HOLE CARDS ***
Dealt to Dorex2007 [3d Qs]
Xaxaec: folds 
FERNANDO428: folds 
Nick.Siloff: raises $0.03 to $0.05
frosa9397: folds 
Dorex2007: folds 
masa-ivan: folds 
TakeTheHighRoad: calls $0.04
Dumycbka: folds 
*** FLOP *** [4c Ah 5s]
TakeTheHighRoad: checks 
Nick.Siloff: bets $0.03
TakeTheHighRoad: calls $0.03
*** TURN *** [4c Ah 5s] [Ks]
TakeTheHighRoad: checks 
Nick.Siloff: checks 
*** RIVER *** [4c Ah 5s Ks] [2d]
TakeTheHighRoad: checks 
Nick.Siloff: checks 
*** SHOW DOWN ***
TakeTheHighRoad: shows [6h 5c] (a pair of Fives)
Nick.Siloff: shows [Kh Jc] (a pair of Kings)
Nick.Siloff collected $0.17 from pot
*** SUMMARY ***
Total pot $0.18 | Rake $0.01 
Board [4c Ah 5s Ks 2d]
Seat 2: Dorex2007 folded before Flop (didn't bet)
Seat 3: masa-ivan (button) folded before Flop (didn't bet)
Seat 4: TakeTheHighRoad (small blind) showed [6h 5c] and lost with a pair of Fives
Seat 5: Dumycbka (big blind) folded before Flop
Seat 6: Xaxaec folded before Flop (didn't bet)
Seat 7: FERNANDO428 folded before Flop (didn't bet)
Seat 8: Nick.Siloff showed [Kh Jc] and won ($0.17) with a pair of Kings
Seat 9: frosa9397 folded before Flop (didn't bet)



PokerStars Hand #223598025430:  Hold'em No Limit ($0.01/$0.02 USD) - 2021/02/08 19:59:52 PT [2021/02/08 22:59:52 ET]
Table 'Mesarthim II' 9-max Seat #4 is the button
Seat 2: Dorex2007 ($1.43 in chips) 
Seat 3: masa-ivan ($1.93 in chips) 
Seat 4: TakeTheHighRoad ($1.90 in chips) 
Seat 5: Dumycbka ($2.31 in chips) 
Seat 6: Xaxaec ($0.97 in chips) 
Seat 7: FERNANDO428 ($2.06 in chips) 
Seat 8: Nick.Siloff ($2.09 in chips) 
Seat 9: frosa9397 ($1.98 in chips) 
Dumycbka: posts small blind $0.01
Xaxaec: posts big blind $0.02
*** HOLE CARDS ***
Dealt to Dorex2007 [8d As]
FERNANDO428: folds 
Nick.Siloff: folds 
frosa9397: folds 
Dorex2007: folds 
masa-ivan: folds 
TakeTheHighRoad: calls $0.02
Dumycbka: calls $0.01
Xaxaec: raises $0.06 to $0.08
TakeTheHighRoad: calls $0.06
Dumycbka: calls $0.06
*** FLOP *** [6s Qs 6h]
Dumycbka: checks 
Xaxaec: bets $0.07
TakeTheHighRoad: folds 
Dumycbka: folds 
Uncalled bet ($0.07) returned to Xaxaec
Xaxaec collected $0.23 from pot
Xaxaec: doesn't show hand 
*** SUMMARY ***
Total pot $0.24 | Rake $0.01 
Board [6s Qs 6h]
Seat 2: Dorex2007 folded before Flop (didn't bet)
Seat 3: masa-ivan folded before Flop (didn't bet)
Seat 4: TakeTheHighRoad (button) folded on the Flop
Seat 5: Dumycbka (small blind) folded on the Flop
Seat 6: Xaxaec (big blind) collected ($0.23)
Seat 7: FERNANDO428 folded before Flop (didn't bet)
Seat 8: Nick.Siloff folded before Flop (didn't bet)
Seat 9: frosa9397 folded before Flop (didn't bet)



PokerStars Hand #223598034572:  Hold'em No Limit ($0.01/$0.02 USD) - 2021/02/08 20:00:36 PT [2021/02/08 23:00:36 ET]
Table 'Mesarthim II' 9-max Seat #5 is the button
Seat 2: Dorex2007 ($1.43 in chips) 
Seat 3: masa-ivan ($1.93 in chips) 
Seat 4: TakeTheHighRoad ($1.82 in chips) 
Seat 5: Dumycbka ($2.23 in chips) 
Seat 6: Xaxaec ($1.12 in chips) 
Seat 7: FERNANDO428 ($2.06 in chips) 
Seat 8: Nick.Siloff ($2.09 in chips) 
Seat 9: frosa9397 ($1.98 in chips) 
Xaxaec: posts small blind $0.01
FERNANDO428: posts big blind $0.02
*** HOLE CARDS ***
Dealt to Dorex2007 [7c 8s]
Nick.Siloff: raises $0.03 to $0.05
frosa9397: folds 
Dorex2007: folds 
masa-ivan: folds 
TakeTheHighRoad: calls $0.05
Dumycbka: calls $0.05
Xaxaec: folds 
NoRisk66 was removed from the table for failing to post
NoRisk66 leaves the table
FERNANDO428: folds 
*** FLOP *** [4h Th 7s]
Nick.Siloff: checks 
TakeTheHighRoad: checks 
Dumycbka: checks 
*** TURN *** [4h Th 7s] [5s]
Nick.Siloff: checks 
TakeTheHighRoad: checks 
Dumycbka: bets $0.10
Nick.Siloff: calls $0.10
TakeTheHighRoad: folds 
*** RIVER *** [4h Th 7s 5s] [6c]
Nick.Siloff: checks 
Dumycbka: bets $0.20
Nick.Siloff: calls $0.20
*** SHOW DOWN ***
Dumycbka: shows [Qd 9d] (high card Queen)
Nick.Siloff: shows [Kh As] (high card Ace)
Nick.Siloff collected $0.75 from pot
*** SUMMARY ***
Total pot $0.78 | Rake $0.03 
Board [4h Th 7s 5s 6c]
Seat 2: Dorex2007 folded before Flop (didn't bet)
Seat 3: masa-ivan folded before Flop (didn't bet)
Seat 4: TakeTheHighRoad folded on the Turn
Seat 5: Dumycbka (button) showed [Qd 9d] and lost with high card Queen
Seat 6: Xaxaec (small blind) folded before Flop
Seat 7: FERNANDO428 (big blind) folded before Flop
Seat 8: Nick.Siloff showed [Kh As] and won ($0.75) with high card Ace
Seat 9: frosa9397 folded before Flop (didn't bet)



PokerStars Hand #223598049884:  Hold'em No Limit ($0.01/$0.02 USD) - 2021/02/08 20:01:44 PT [2021/02/08 23:01:44 ET]
Table 'Mesarthim II' 9-max Seat #6 is the button
Seat 2: Dorex2007 ($1.43 in chips) 
Seat 3: masa-ivan ($1.93 in chips) 
Seat 4: TakeTheHighRoad ($1.77 in chips) 
Seat 5: Dumycbka ($2 in chips) 
Seat 6: Xaxaec ($1.11 in chips) 
Seat 7: FERNANDO428 ($2.04 in chips) 
Seat 8: Nick.Siloff ($2.49 in chips) 
Seat 9: frosa9397 ($1.98 in chips) 
FERNANDO428: posts small blind $0.01
Nick.Siloff: posts big blind $0.02
*** HOLE CARDS ***
Dealt to Dorex2007 [5c Jh]
frosa9397: calls $0.02
Dorex2007: folds 
masa-ivan: folds 
TakeTheHighRoad: calls $0.02
Dumycbka: folds 
Xaxaec: folds 
FERNANDO428: calls $0.01
Nick.Siloff: checks 
*** FLOP *** [Kd 3c 7h]
FERNANDO428: checks 
Nick.Siloff: checks 
frosa9397: checks 
TakeTheHighRoad: checks 
*** TURN *** [Kd 3c 7h] [2s]
FERNANDO428: checks 
Nick.Siloff: checks 
frosa9397: checks 
TakeTheHighRoad: checks 
*** RIVER *** [Kd 3c 7h 2s] [Th]
FERNANDO428: checks 
Nick.Siloff: checks 
frosa9397: checks 
TakeTheHighRoad: checks 
*** SHOW DOWN ***
FERNANDO428: shows [Ah 5d] (high card Ace)
Nick.Siloff: mucks hand 
frosa9397: shows [3s 4s] (a pair of Threes)
TakeTheHighRoad: shows [9d Kc] (a pair of Kings)
TakeTheHighRoad collected $0.08 from pot
*** SUMMARY ***
Total pot $0.08 | Rake $0 
Board [Kd 3c 7h 2s Th]
Seat 2: Dorex2007 folded before Flop (didn't bet)
Seat 3: masa-ivan folded before Flop (didn't bet)
Seat 4: TakeTheHighRoad showed [9d Kc] and won ($0.08) with a pair of Kings
Seat 5: Dumycbka folded before Flop (didn't bet)
Seat 6: Xaxaec (button) folded before Flop (didn't bet)
Seat 7: FERNANDO428 (small blind) showed [Ah 5d] and lost with high card Ace
Seat 8: Nick.Siloff (big blind) mucked [6c 9h]
Seat 9: frosa9397 showed [3s 4s] and lost with a pair of Threes



PokerStars Hand #223598064554:  Hold'em No Limit ($0.01/$0.02 USD) - 2021/02/08 20:02:48 PT [2021/02/08 23:02:48 ET]
Table 'Mesarthim II' 9-max Seat #7 is the button
Seat 2: Dorex2007 ($1.43 in chips) 
Seat 3: masa-ivan ($1.93 in chips) 
Seat 4: TakeTheHighRoad ($1.83 in chips) 
Seat 5: Dumycbka ($2 in chips) 
Seat 6: Xaxaec ($1.11 in chips) 
Seat 7: FERNANDO428 ($2.02 in chips) 
Seat 8: Nick.Siloff ($2.47 in chips) 
Seat 9: frosa9397 ($1.96 in chips) 
Nick.Siloff: posts small blind $0.01
frosa9397: posts big blind $0.02
*** HOLE CARDS ***
Dealt to Dorex2007 [6s 7h]
Dorex2007: folds 
masa-ivan: folds 
TakeTheHighRoad: calls $0.02
Dumycbka: raises $0.04 to $0.06
Xaxaec: folds 
FERNANDO428: folds 
Nick.Siloff: folds 
frosa9397: folds 
TakeTheHighRoad: calls $0.04
*** FLOP *** [2h 6d Js]
TakeTheHighRoad: bets $0.02
Dumycbka: calls $0.02
*** TURN *** [2h 6d Js] [Ah]
TakeTheHighRoad: bets $0.08
Dumycbka: raises $0.14 to $0.22
TakeTheHighRoad: calls $0.14
*** RIVER *** [2h 6d Js Ah] [9h]
TakeTheHighRoad: checks 
Dumycbka: bets $0.60
TakeTheHighRoad: folds 
Uncalled bet ($0.60) returned to Dumycbka
Dumycbka collected $0.61 from pot
Dumycbka: doesn't show hand 
*** SUMMARY ***
Total pot $0.63 | Rake $0.02 
Board [2h 6d Js Ah 9h]
Seat 2: Dorex2007 folded before Flop (didn't bet)
Seat 3: masa-ivan folded before Flop (didn't bet)
Seat 4: TakeTheHighRoad folded on the River
Seat 5: Dumycbka collected ($0.61)
Seat 6: Xaxaec folded before Flop (didn't bet)
Seat 7: FERNANDO428 (button) folded before Flop (didn't bet)
Seat 8: Nick.Siloff (small blind) folded before Flop
Seat 9: frosa9397 (big blind) folded before Flop



PokerStars Hand #223598080822:  Hold'em No Limit ($0.01/$0.02 USD) - 2021/02/08 20:03:57 PT [2021/02/08 23:03:57 ET]
Table 'Mesarthim II' 9-max Seat #8 is the button
Seat 2: Dorex2007 ($1.43 in chips) 
Seat 3: masa-ivan ($1.93 in chips) 
Seat 4: TakeTheHighRoad ($1.53 in chips) 
Seat 5: Dumycbka ($2.31 in chips) 
Seat 6: Xaxaec ($1.11 in chips) 
Seat 7: FERNANDO428 ($2.02 in chips) 
Seat 8: Nick.Siloff ($2.46 in chips) 
Seat 9: frosa9397 ($1.94 in chips) 
frosa9397: posts small blind $0.01
Dorex2007: posts big blind $0.02
*** HOLE CARDS ***
Dealt to Dorex2007 [As 3c]
masa-ivan: folds 
TakeTheHighRoad: folds 
Dumycbka: raises $0.04 to $0.06
Xaxaec: folds 
AlbSabitov joins the table at seat #1 
FERNANDO428: folds 
Nick.Siloff: folds 
frosa9397: folds 
Dorex2007: folds 
Uncalled bet ($0.04) returned to Dumycbka
Dumycbka collected $0.05 from pot
Dumycbka: doesn't show hand 
*** SUMMARY ***
Total pot $0.05 | Rake $0 
Seat 2: Dorex2007 (big blind) folded before Flop
Seat 3: masa-ivan folded before Flop (didn't bet)
Seat 4: TakeTheHighRoad folded before Flop (didn't bet)
Seat 5: Dumycbka collected ($0.05)
Seat 6: Xaxaec folded before Flop (didn't bet)
Seat 7: FERNANDO428 folded before Flop (didn't bet)
Seat 8: Nick.Siloff (button) folded before Flop (didn't bet)
Seat 9: frosa9397 (small blind) folded before Flop



PokerStars Hand #223598085875:  Hold'em No Limit ($0.01/$0.02 USD) - 2021/02/08 20:04:19 PT [2021/02/08 23:04:19 ET]
Table 'Mesarthim II' 9-max Seat #9 is the button
Seat 2: Dorex2007 ($1.41 in chips) 
Seat 4: TakeTheHighRoad ($1.53 in chips) 
Seat 5: Dumycbka ($2.34 in chips) 
Seat 6: Xaxaec ($1.11 in chips) 
Seat 7: FERNANDO428 ($2.02 in chips) 
Seat 8: Nick.Siloff ($2.46 in chips) 
Seat 9: frosa9397 ($1.93 in chips) 
Dorex2007: posts small blind $0.01
masa-ivan: is sitting out 
TakeTheHighRoad: posts big blind $0.02
*** HOLE CARDS ***
Dealt to Dorex2007 [Jd 8c]
Dumycbka: folds 
Xaxaec: raises $0.04 to $0.06
FERNANDO428: folds 
masa-ivan leaves the table
Nick.Siloff: folds 
frosa9397: calls $0.06
Dorex2007: folds 
TakeTheHighRoad: calls $0.04
*** FLOP *** [4d Qd Ah]
TakeTheHighRoad: checks 
Xaxaec: bets $0.05
frosa9397: folds 
TakeTheHighRoad: calls $0.05
*** TURN *** [4d Qd Ah] [Qs]
DanRussel joins the table at seat #3 
TakeTheHighRoad: bets $0.10
Xaxaec: calls $0.10
*** RIVER *** [4d Qd Ah Qs] [7d]
TakeTheHighRoad: bets $0.08
Xaxaec: calls $0.08
*** SHOW DOWN ***
TakeTheHighRoad: shows [Ks 9h] (a pair of Queens)
Xaxaec: shows [As 5s] (two pair, Aces and Queens)
Xaxaec collected $0.63 from pot
*** SUMMARY ***
Total pot $0.65 | Rake $0.02 
Board [4d Qd Ah Qs 7d]
Seat 2: Dorex2007 (small blind) folded before Flop
Seat 4: TakeTheHighRoad (big blind) showed [Ks 9h] and lost with a pair of Queens
Seat 5: Dumycbka folded before Flop (didn't bet)
Seat 6: Xaxaec showed [As 5s] and won ($0.63) with two pair, Aces and Queens
Seat 7: FERNANDO428 folded before Flop (didn't bet)
Seat 8: Nick.Siloff folded before Flop (didn't bet)
Seat 9: frosa9397 (button) folded on the Flop



PokerStars Hand #223598099415:  Hold'em No Limit ($0.01/$0.02 USD) - 2021/02/08 20:05:17 PT [2021/02/08 23:05:17 ET]
Table 'Mesarthim II' 9-max Seat #2 is the button
Seat 2: Dorex2007 ($1.40 in chips) 
Seat 4: TakeTheHighRoad ($1.24 in chips) 
Seat 5: Dumycbka ($2.34 in chips) 
Seat 6: Xaxaec ($1.45 in chips) 
Seat 7: FERNANDO428 ($2.02 in chips) 
Seat 8: Nick.Siloff ($2.46 in chips) 
Seat 9: frosa9397 ($1.87 in chips) 
TakeTheHighRoad: posts small blind $0.01
Dumycbka: posts big blind $0.02
AlbSabitov: sits out 
*** HOLE CARDS ***
Dealt to Dorex2007 [Jd Qd]
Xaxaec: raises $0.02 to $0.04
FERNANDO428: folds 
Nick.Siloff: folds 
frosa9397: folds 
Dorex2007: calls $0.04
TakeTheHighRoad: folds 
Dumycbka: folds 
*** FLOP *** [4h As 5c]
Xaxaec: checks 
Dorex2007: checks 
*** TURN *** [4h As 5c] [9h]
Xaxaec: bets $0.03
Dorex2007: calls $0.03
*** RIVER *** [4h As 5c 9h] [9c]
Xaxaec: checks 
Dorex2007: bets $0.08
Xaxaec: folds 
Uncalled bet ($0.08) returned to Dorex2007
Dorex2007 collected $0.16 from pot
Dorex2007: doesn't show hand 
*** SUMMARY ***
Total pot $0.17 | Rake $0.01 
Board [4h As 5c 9h 9c]
Seat 2: Dorex2007 (button) collected ($0.16)
Seat 4: TakeTheHighRoad (small blind) folded before Flop
Seat 5: Dumycbka (big blind) folded before Flop
Seat 6: Xaxaec folded on the River
Seat 7: FERNANDO428 folded before Flop (didn't bet)
Seat 8: Nick.Siloff folded before Flop (didn't bet)
Seat 9: frosa9397 folded before Flop (didn't bet)



PokerStars Hand #223598110355:  Hold'em No Limit ($0.01/$0.02 USD) - 2021/02/08 20:06:05 PT [2021/02/08 23:06:05 ET]
Table 'Mesarthim II' 9-max Seat #4 is the button
Seat 2: Dorex2007 ($1.49 in chips) 
Seat 4: TakeTheHighRoad ($1.23 in chips) 
Seat 5: Dumycbka ($2.32 in chips) 
Seat 6: Xaxaec ($1.38 in chips) 
Seat 7: FERNANDO428 ($2.02 in chips) 
Seat 8: Nick.Siloff ($2.46 in chips) 
Seat 9: frosa9397 ($1.87 in chips) 
Dumycbka: posts small blind $0.01
Xaxaec: posts big blind $0.02
AlbSabitov: sits out 
DanRussel: sits out 
*** HOLE CARDS ***
Dealt to Dorex2007 [Kd Ac]
FERNANDO428: calls $0.02
Nick.Siloff: raises $0.03 to $0.05
frosa9397: folds 
Dorex2007: raises $0.19 to $0.24
TakeTheHighRoad: folds 
Dumycbka: folds 
Xaxaec: folds 
FERNANDO428: folds 
Nick.Siloff: folds 
Uncalled bet ($0.19) returned to Dorex2007
Dorex2007 collected $0.15 from pot
Dorex2007: doesn't show hand 
*** SUMMARY ***
Total pot $0.15 | Rake $0 
Seat 2: Dorex2007 collected ($0.15)
Seat 4: TakeTheHighRoad (button) folded before Flop (didn't bet)
Seat 5: Dumycbka (small blind) folded before Flop
Seat 6: Xaxaec (big blind) folded before Flop
Seat 7: FERNANDO428 folded before Flop
Seat 8: Nick.Siloff folded before Flop
Seat 9: frosa9397 folded before Flop (didn't bet)



PokerStars Hand #223598120759:  Hold'em No Limit ($0.01/$0.02 USD) - 2021/02/08 20:06:50 PT [2021/02/08 23:06:50 ET]
Table 'Mesarthim II' 9-max Seat #5 is the button
Seat 2: Dorex2007 ($1.59 in chips) 
Seat 4: TakeTheHighRoad ($1.23 in chips) 
Seat 5: Dumycbka ($2.31 in chips) 
Seat 6: Xaxaec ($1.36 in chips) 
Seat 8: Nick.Siloff ($2.41 in chips) 
Seat 9: frosa9397 ($1.87 in chips) 
Xaxaec: posts small blind $0.01
FERNANDO428: is sitting out 
Nick.Siloff: posts big blind $0.02
AlbSabitov: sits out 
DanRussel: sits out 
*** HOLE CARDS ***
Dealt to Dorex2007 [Qh 8s]
frosa9397: folds 
Dorex2007: folds 
TakeTheHighRoad: folds 
Dumycbka: folds 
Xaxaec: raises $0.02 to $0.04
Nick.Siloff: folds 
Uncalled bet ($0.02) returned to Xaxaec
Xaxaec collected $0.04 from pot
Xaxaec: doesn't show hand 
*** SUMMARY ***
Total pot $0.04 | Rake $0 
Seat 2: Dorex2007 folded before Flop (didn't bet)
Seat 4: TakeTheHighRoad folded before Flop (didn't bet)
Seat 5: Dumycbka (button) folded before Flop (didn't bet)
Seat 6: Xaxaec (small blind) collected ($0.04)
Seat 8: Nick.Siloff (big blind) folded before Flop
Seat 9: frosa9397 folded before Flop (didn't bet)



PokerStars Hand #223598124651:  Hold'em No Limit ($0.01/$0.02 USD) - 2021/02/08 20:07:07 PT [2021/02/08 23:07:07 ET]
Table 'Mesarthim II' 9-max Seat #6 is the button
Seat 2: Dorex2007 ($1.59 in chips) 
Seat 4: TakeTheHighRoad ($1.23 in chips) 
Seat 5: Dumycbka ($2.31 in chips) 
Seat 6: Xaxaec ($1.38 in chips) 
Seat 8: Nick.Siloff ($2.39 in chips) 
Seat 9: frosa9397 ($1.87 in chips) 
Nick.Siloff: posts small blind $0.01
frosa9397: posts big blind $0.02
AlbSabitov: sits out 
DanRussel: sits out 
*** HOLE CARDS ***
Dealt to Dorex2007 [8c 9h]
Dorex2007: folds 
TakeTheHighRoad: folds 
Dumycbka: raises $0.04 to $0.06
Xaxaec: folds 
Nick.Siloff: raises $0.12 to $0.18
frosa9397: folds 
Dumycbka: calls $0.12
*** FLOP *** [6h 9s As]
Nick.Siloff: checks 
Dumycbka: checks 
*** TURN *** [6h 9s As] [3d]
Nick.Siloff: bets $0.10
Dumycbka: calls $0.10
*** RIVER *** [6h 9s As 3d] [9c]
Nick.Siloff: checks 
Dumycbka: checks 
*** SHOW DOWN ***
Nick.Siloff: shows [Js Ad] (two pair, Aces and Nines)
Dumycbka: mucks hand 
Nick.Siloff collected $0.56 from pot
*** SUMMARY ***
Total pot $0.58 | Rake $0.02 
Board [6h 9s As 3d 9c]
Seat 2: Dorex2007 folded before Flop (didn't bet)
Seat 4: TakeTheHighRoad folded before Flop (didn't bet)
Seat 5: Dumycbka mucked [6d 7s]
Seat 6: Xaxaec (button) folded before Flop (didn't bet)
Seat 8: Nick.Siloff (small blind) showed [Js Ad] and won ($0.56) with two pair, Aces and Nines
Seat 9: frosa9397 (big blind) folded before Flop



PokerStars Hand #223598137097:  Hold'em No Limit ($0.01/$0.02 USD) - 2021/02/08 20:08:01 PT [2021/02/08 23:08:01 ET]
Table 'Mesarthim II' 9-max Seat #8 is the button
Seat 1: AlbSabitov ($2 in chips) 
Seat 2: Dorex2007 ($1.59 in chips) 
Seat 4: TakeTheHighRoad ($1.23 in chips) 
Seat 5: Dumycbka ($2.03 in chips) 
Seat 6: Xaxaec ($1.38 in chips) 
Seat 8: Nick.Siloff ($2.67 in chips) 
Seat 9: frosa9397 ($1.85 in chips) 
frosa9397: posts small blind $0.01
AlbSabitov: posts big blind $0.02
DanRussel: sits out 
*** HOLE CARDS ***
Dealt to Dorex2007 [8s 5d]
Dorex2007: folds 
TakeTheHighRoad: calls $0.02
Dumycbka: raises $0.04 to $0.06
Xaxaec: folds 
Nick.Siloff: folds 
frosa9397: folds 
AlbSabitov: folds 
TakeTheHighRoad: calls $0.04
*** FLOP *** [Kh 7c Qs]
TakeTheHighRoad is disconnected 
FERNANDO428 leaves the table
Aldopkr89 joins the table at seat #7 
TakeTheHighRoad has timed out while disconnected
TakeTheHighRoad: checks 
Dumycbka: checks 
*** TURN *** [Kh 7c Qs] [8c]
TakeTheHighRoad has timed out while disconnected
TakeTheHighRoad: checks 
Dumycbka: bets $0.10
TakeTheHighRoad has timed out while disconnected
TakeTheHighRoad: folds 
Uncalled bet ($0.10) returned to Dumycbka
Dumycbka collected $0.14 from pot
Dumycbka: doesn't show hand 
*** SUMMARY ***
Total pot $0.15 | Rake $0.01 
Board [Kh 7c Qs 8c]
Seat 1: AlbSabitov (big blind) folded before Flop
Seat 2: Dorex2007 folded before Flop (didn't bet)
Seat 4: TakeTheHighRoad folded on the Turn
Seat 5: Dumycbka collected ($0.14)
Seat 6: Xaxaec folded before Flop (didn't bet)
Seat 8: Nick.Siloff (button) folded before Flop (didn't bet)
Seat 9: frosa9397 (small blind) folded before Flop



PokerStars Hand #223598193818:  Hold'em No Limit ($0.01/$0.02 USD) - 2021/02/08 20:11:10 PT [2021/02/08 23:11:10 ET]
Table 'Mesarthim II' 9-max Seat #9 is the button
Seat 1: AlbSabitov ($1.98 in chips) 
Seat 2: Dorex2007 ($1.59 in chips) 
Seat 5: Dumycbka ($2.11 in chips) 
Seat 6: Xaxaec ($1.38 in chips) 
Seat 8: Nick.Siloff ($2.67 in chips) 
Seat 9: frosa9397 ($1.84 in chips) 
AlbSabitov: posts small blind $0.01
Dorex2007: posts big blind $0.02
DanRussel: sits out 
Aldopkr89: sits out 
*** HOLE CARDS ***
Dealt to Dorex2007 [9h 2c]
Dumycbka: raises $0.04 to $0.06
Xaxaec: folds 
Nick.Siloff: folds 
frosa9397: calls $0.06
AlbSabitov: folds 
Dorex2007: folds 
*** FLOP *** [2s Jc Kc]
Dumycbka: bets $0.06
frosa9397: folds 
Uncalled bet ($0.06) returned to Dumycbka
Dumycbka collected $0.14 from pot
Dumycbka: doesn't show hand 
*** SUMMARY ***
Total pot $0.15 | Rake $0.01 
Board [2s Jc Kc]
Seat 1: AlbSabitov (small blind) folded before Flop
Seat 2: Dorex2007 (big blind) folded before Flop
Seat 5: Dumycbka collected ($0.14)
Seat 6: Xaxaec folded before Flop (didn't bet)
Seat 8: Nick.Siloff folded before Flop (didn't bet)
Seat 9: frosa9397 (button) folded on the Flop



PokerStars Hand #223598201831:  Hold'em No Limit ($0.01/$0.02 USD) - 2021/02/08 20:11:46 PT [2021/02/08 23:11:46 ET]
Table 'Mesarthim II' 9-max Seat #1 is the button
Seat 1: AlbSabitov ($1.97 in chips) 
Seat 2: Dorex2007 ($1.57 in chips) 
Seat 3: DanRussel ($0.80 in chips) 
Seat 5: Dumycbka ($2.19 in chips) 
Seat 6: Xaxaec ($1.38 in chips) 
Seat 8: Nick.Siloff ($2.67 in chips) 
Seat 9: frosa9397 ($1.78 in chips) 
Dorex2007: posts small blind $0.01
DanRussel: posts big blind $0.02
Aldopkr89: sits out 
*** HOLE CARDS ***
Dealt to Dorex2007 [2c 4s]
Dumycbka: folds 
Xaxaec: folds 
Nick.Siloff: folds 
frosa9397: folds 
AlbSabitov: folds 
Dorex2007: folds 
Uncalled bet ($0.01) returned to DanRussel
DanRussel collected $0.02 from pot
DanRussel: doesn't show hand 
*** SUMMARY ***
Total pot $0.02 | Rake $0 
Seat 1: AlbSabitov (button) folded before Flop (didn't bet)
Seat 2: Dorex2007 (small blind) folded before Flop
Seat 3: DanRussel (big blind) collected ($0.02)
Seat 5: Dumycbka folded before Flop (didn't bet)
Seat 6: Xaxaec folded before Flop (didn't bet)
Seat 8: Nick.Siloff folded before Flop (didn't bet)
Seat 9: frosa9397 folded before Flop (didn't bet)



PokerStars Hand #223598204500:  Hold'em No Limit ($0.01/$0.02 USD) - 2021/02/08 20:11:57 PT [2021/02/08 23:11:57 ET]
Table 'Mesarthim II' 9-max Seat #2 is the button
Seat 1: AlbSabitov ($1.97 in chips) 
Seat 2: Dorex2007 ($1.56 in chips) 
Seat 3: DanRussel ($0.81 in chips) 
Seat 5: Dumycbka ($2.19 in chips) 
Seat 6: Xaxaec ($1.38 in chips) 
Seat 8: Nick.Siloff ($2.67 in chips) 
Seat 9: frosa9397 ($1.78 in chips) 
DanRussel: posts small blind $0.01
Dumycbka: posts big blind $0.02
Aldopkr89: sits out 
*** HOLE CARDS ***
Dealt to Dorex2007 [Jc Ad]
Xaxaec: folds 
Nick.Siloff: folds 
frosa9397: calls $0.02
AlbSabitov: folds 
Dorex2007: raises $0.02 to $0.04
DanRussel: folds 
Dumycbka: folds 
frosa9397: calls $0.02
*** FLOP *** [Js 5c 8d]
frosa9397: bets $0.06
Dorex2007: calls $0.06
*** TURN *** [Js 5c 8d] [Qd]
frosa9397: bets $0.11
Dorex2007: calls $0.11
*** RIVER *** [Js 5c 8d Qd] [6h]
frosa9397: checks 
Dorex2007: checks 
*** SHOW DOWN ***
frosa9397: shows [Kc Jd] (a pair of Jacks)
Dorex2007: shows [Jc Ad] (a pair of Jacks - Ace kicker)
Dorex2007 collected $0.43 from pot
*** SUMMARY ***
Total pot $0.45 | Rake $0.02 
Board [Js 5c 8d Qd 6h]
Seat 1: AlbSabitov folded before Flop (didn't bet)
Seat 2: Dorex2007 (button) showed [Jc Ad] and won ($0.43) with a pair of Jacks
Seat 3: DanRussel (small blind) folded before Flop
Seat 5: Dumycbka (big blind) folded before Flop
Seat 6: Xaxaec folded before Flop (didn't bet)
Seat 8: Nick.Siloff folded before Flop (didn't bet)
Seat 9: frosa9397 showed [Kc Jd] and lost with a pair of Jacks



PokerStars Hand #223598213256:  Hold'em No Limit ($0.01/$0.02 USD) - 2021/02/08 20:12:37 PT [2021/02/08 23:12:37 ET]
Table 'Mesarthim II' 9-max Seat #3 is the button
Seat 1: AlbSabitov ($1.97 in chips) 
Seat 2: Dorex2007 ($1.78 in chips) 
Seat 3: DanRussel ($0.80 in chips) 
Seat 5: Dumycbka ($2.17 in chips) 
Seat 6: Xaxaec ($1.38 in chips) 
Seat 8: Nick.Siloff ($2.67 in chips) 
Seat 9: frosa9397 ($1.57 in chips) 
Dumycbka: posts small blind $0.01
Xaxaec: posts big blind $0.02
Aldopkr89: sits out 
*** HOLE CARDS ***
Dealt to Dorex2007 [3d Kc]
Nick.Siloff: folds 
frosa9397: folds 
AlbSabitov: folds 
Dorex2007: folds 
DanRussel: folds 
Dumycbka: raises $0.04 to $0.06
Xaxaec: folds 
Uncalled bet ($0.04) returned to Dumycbka
Dumycbka collected $0.04 from pot
Dumycbka: doesn't show hand 
*** SUMMARY ***
Total pot $0.04 | Rake $0 
Seat 1: AlbSabitov folded before Flop (didn't bet)
Seat 2: Dorex2007 folded before Flop (didn't bet)
Seat 3: DanRussel (button) folded before Flop (didn't bet)
Seat 5: Dumycbka (small blind) collected ($0.04)
Seat 6: Xaxaec (big blind) folded before Flop
Seat 8: Nick.Siloff folded before Flop (didn't bet)
Seat 9: frosa9397 folded before Flop (didn't bet)



PokerStars Hand #223598216807:  Hold'em No Limit ($0.01/$0.02 USD) - 2021/02/08 20:12:52 PT [2021/02/08 23:12:52 ET]
Table 'Mesarthim II' 9-max Seat #5 is the button
Seat 1: AlbSabitov ($1.97 in chips) 
Seat 2: Dorex2007 ($1.78 in chips) 
Seat 3: DanRussel ($0.80 in chips) 
Seat 5: Dumycbka ($2.19 in chips) 
Seat 6: Xaxaec ($1.36 in chips) 
Seat 7: Aldopkr89 ($2 in chips) 
Seat 8: Nick.Siloff ($2.67 in chips) 
Seat 9: frosa9397 ($1.57 in chips) 
Xaxaec: posts small blind $0.01
Aldopkr89: posts big blind $0.02
*** HOLE CARDS ***
Dealt to Dorex2007 [3s 9h]
Nick.Siloff: folds 
frosa9397: folds 
AlbSabitov: folds 
Dorex2007: folds 
DanRussel: raises $0.02 to $0.04
Dumycbka: folds 
Xaxaec: folds 
Aldopkr89: calls $0.02
*** FLOP *** [8s Ad 6d]
Aldopkr89: checks 
DanRussel: bets $0.03
Aldopkr89: calls $0.03
*** TURN *** [8s Ad 6d] [Ks]
Aldopkr89: bets $0.06
DanRussel: calls $0.06
*** RIVER *** [8s Ad 6d Ks] [4c]
Aldopkr89: checks 
DanRussel: checks 
*** SHOW DOWN ***
Aldopkr89: shows [9s 9c] (a pair of Nines)
DanRussel: mucks hand 
Aldopkr89 collected $0.26 from pot
*** SUMMARY ***
Total pot $0.27 | Rake $0.01 
Board [8s Ad 6d Ks 4c]
Seat 1: AlbSabitov folded before Flop (didn't bet)
Seat 2: Dorex2007 folded before Flop (didn't bet)
Seat 3: DanRussel mucked [8d 7d]
Seat 5: Dumycbka (button) folded before Flop (didn't bet)
Seat 6: Xaxaec (small blind) folded before Flop
Seat 7: Aldopkr89 (big blind) showed [9s 9c] and won ($0.26) with a pair of Nines
Seat 8: Nick.Siloff folded before Flop (didn't bet)
Seat 9: frosa9397 folded before Flop (didn't bet)



PokerStars Hand #223598231270:  Hold'em No Limit ($0.01/$0.02 USD) - 2021/02/08 20:13:57 PT [2021/02/08 23:13:57 ET]
Table 'Mesarthim II' 9-max Seat #6 is the button
Seat 1: AlbSabitov ($1.97 in chips) 
Seat 2: Dorex2007 ($1.78 in chips) 
Seat 3: DanRussel ($0.67 in chips) 
Seat 4: TakeTheHighRoad ($1.17 in chips) 
Seat 5: Dumycbka ($2.19 in chips) 
Seat 6: Xaxaec ($1.35 in chips) 
Seat 7: Aldopkr89 ($2.13 in chips) 
Seat 8: Nick.Siloff ($2.67 in chips) 
Seat 9: frosa9397 ($1.57 in chips) 
Aldopkr89: posts small blind $0.01
Nick.Siloff: posts big blind $0.02
TakeTheHighRoad: posts small & big blinds $0.03
*** HOLE CARDS ***
Dealt to Dorex2007 [Ad Qd]
frosa9397: folds 
AlbSabitov: folds 
Dorex2007: calls $0.02
DanRussel: folds 
TakeTheHighRoad: checks 
Dumycbka: folds 
Xaxaec: folds 
Aldopkr89: raises $0.04 to $0.06
Nick.Siloff: folds 
Dorex2007: calls $0.04
TakeTheHighRoad: calls $0.04
*** FLOP *** [5d 6s Js]
Aldopkr89: checks 
Dorex2007: checks 
TakeTheHighRoad: bets $0.04
Aldopkr89: folds 
Dorex2007: calls $0.04
*** TURN *** [5d 6s Js] [Ah]
Dorex2007: checks 
TakeTheHighRoad: bets $0.02
Dorex2007: calls $0.02
*** RIVER *** [5d 6s Js Ah] [2h]
Dorex2007: bets $0.32
TakeTheHighRoad: calls $0.32
*** SHOW DOWN ***
Dorex2007: shows [Ad Qd] (a pair of Aces)
TakeTheHighRoad: shows [4h 3h] (a straight, Deuce to Six)
TakeTheHighRoad collected $0.94 from pot
*** SUMMARY ***
Total pot $0.97 | Rake $0.03 
Board [5d 6s Js Ah 2h]
Seat 1: AlbSabitov folded before Flop (didn't bet)
Seat 2: Dorex2007 showed [Ad Qd] and lost with a pair of Aces
Seat 3: DanRussel folded before Flop (didn't bet)
Seat 4: TakeTheHighRoad showed [4h 3h] and won ($0.94) with a straight, Deuce to Six
Seat 5: Dumycbka folded before Flop (didn't bet)
Seat 6: Xaxaec (button) folded before Flop (didn't bet)
Seat 7: Aldopkr89 (small blind) folded on the Flop
Seat 8: Nick.Siloff (big blind) folded before Flop
Seat 9: frosa9397 folded before Flop (didn't bet)



PokerStars Hand #223598247235:  Hold'em No Limit ($0.01/$0.02 USD) - 2021/02/08 20:15:08 PT [2021/02/08 23:15:08 ET]
Table 'Mesarthim II' 9-max Seat #7 is the button
Seat 1: AlbSabitov ($1.97 in chips) 
Seat 2: Dorex2007 ($1.34 in chips) 
Seat 3: DanRussel ($0.67 in chips) 
Seat 4: TakeTheHighRoad ($1.66 in chips) 
Seat 5: Dumycbka ($2.19 in chips) 
Seat 6: Xaxaec ($1.35 in chips) 
Seat 7: Aldopkr89 ($2.07 in chips) 
Seat 8: Nick.Siloff ($2.65 in chips) 
Seat 9: frosa9397 ($1.57 in chips) 
Nick.Siloff: posts small blind $0.01
frosa9397: posts big blind $0.02
*** HOLE CARDS ***
Dealt to Dorex2007 [9s 7d]
AlbSabitov: folds 
Dorex2007: folds 
DanRussel: folds 
TakeTheHighRoad: calls $0.02
Dumycbka: raises $0.04 to $0.06
Xaxaec: folds 
Aldopkr89: folds 
Nick.Siloff: folds 
frosa9397: folds 
TakeTheHighRoad: folds 
Uncalled bet ($0.04) returned to Dumycbka
Dumycbka collected $0.07 from pot
Dumycbka: doesn't show hand 
*** SUMMARY ***
Total pot $0.07 | Rake $0 
Seat 1: AlbSabitov folded before Flop (didn't bet)
Seat 2: Dorex2007 folded before Flop (didn't bet)
Seat 3: DanRussel folded before Flop (didn't bet)
Seat 4: TakeTheHighRoad folded before Flop
Seat 5: Dumycbka collected ($0.07)
Seat 6: Xaxaec folded before Flop (didn't bet)
Seat 7: Aldopkr89 (button) folded before Flop (didn't bet)
Seat 8: Nick.Siloff (small blind) folded before Flop
Seat 9: frosa9397 (big blind) folded before Flop



PokerStars Hand #223598254727:  Hold'em No Limit ($0.01/$0.02 USD) - 2021/02/08 20:15:40 PT [2021/02/08 23:15:40 ET]
Table 'Mesarthim II' 9-max Seat #8 is the button
Seat 1: AlbSabitov ($1.97 in chips) 
Seat 2: Dorex2007 ($1.34 in chips) 
Seat 3: DanRussel ($0.67 in chips) 
Seat 4: TakeTheHighRoad ($1.64 in chips) 
Seat 5: Dumycbka ($2.24 in chips) 
Seat 6: Xaxaec ($1.35 in chips) 
Seat 7: Aldopkr89 ($2.07 in chips) 
Seat 8: Nick.Siloff ($2.64 in chips) 
Seat 9: frosa9397 ($1.55 in chips) 
frosa9397: posts small blind $0.01
AlbSabitov: posts big blind $0.02
*** HOLE CARDS ***
Dealt to Dorex2007 [4c 3s]
Dorex2007: folds 
DanRussel: folds 
TakeTheHighRoad: folds 
Dumycbka: raises $0.04 to $0.06
Xaxaec: raises $0.04 to $0.10
Aldopkr89: folds 
Nick.Siloff: folds 
frosa9397: folds 
AlbSabitov: folds 
Dumycbka: calls $0.04
*** FLOP *** [4d 7c 7h]
Dumycbka: checks 
Xaxaec: bets $0.13
Dumycbka: folds 
Uncalled bet ($0.13) returned to Xaxaec
Xaxaec collected $0.22 from pot
Xaxaec: doesn't show hand 
*** SUMMARY ***
Total pot $0.23 | Rake $0.01 
Board [4d 7c 7h]
Seat 1: AlbSabitov (big blind) folded before Flop
Seat 2: Dorex2007 folded before Flop (didn't bet)
Seat 3: DanRussel folded before Flop (didn't bet)
Seat 4: TakeTheHighRoad folded before Flop (didn't bet)
Seat 5: Dumycbka folded on the Flop
Seat 6: Xaxaec collected ($0.22)
Seat 7: Aldopkr89 folded before Flop (didn't bet)
Seat 8: Nick.Siloff (button) folded before Flop (didn't bet)
Seat 9: frosa9397 (small blind) folded before Flop



PokerStars Hand #223598262046:  Hold'em No Limit ($0.01/$0.02 USD) - 2021/02/08 20:16:13 PT [2021/02/08 23:16:13 ET]
Table 'Mesarthim II' 9-max Seat #9 is the button
Seat 1: AlbSabitov ($1.95 in chips) 
Seat 2: Dorex2007 ($1.34 in chips) 
Seat 3: DanRussel ($0.67 in chips) 
Seat 4: TakeTheHighRoad ($1.64 in chips) 
Seat 5: Dumycbka ($2.14 in chips) 
Seat 6: Xaxaec ($1.47 in chips) 
Seat 7: Aldopkr89 ($2.07 in chips) 
Seat 8: Nick.Siloff ($2.64 in chips) 
Seat 9: frosa9397 ($1.54 in chips) 
AlbSabitov: posts small blind $0.01
Dorex2007: posts big blind $0.02
*** HOLE CARDS ***
Dealt to Dorex2007 [9d Kc]
DanRussel: folds 
TakeTheHighRoad: folds 
Dumycbka: raises $0.04 to $0.06
Xaxaec: folds 
Aldopkr89: folds 
Nick.Siloff: folds 
frosa9397: folds 
AlbSabitov: folds 
Dorex2007: folds 
Uncalled bet ($0.04) returned to Dumycbka
Dumycbka collected $0.05 from pot
Dumycbka: doesn't show hand 
*** SUMMARY ***
Total pot $0.05 | Rake $0 
Seat 1: AlbSabitov (small blind) folded before Flop
Seat 2: Dorex2007 (big blind) folded before Flop
Seat 3: DanRussel folded before Flop (didn't bet)
Seat 4: TakeTheHighRoad folded before Flop (didn't bet)
Seat 5: Dumycbka collected ($0.05)
Seat 6: Xaxaec folded before Flop (didn't bet)
Seat 7: Aldopkr89 folded before Flop (didn't bet)
Seat 8: Nick.Siloff folded before Flop (didn't bet)
Seat 9: frosa9397 (button) folded before Flop (didn't bet)



PokerStars Hand #223598268346:  Hold'em No Limit ($0.01/$0.02 USD) - 2021/02/08 20:16:40 PT [2021/02/08 23:16:40 ET]
Table 'Mesarthim II' 9-max Seat #1 is the button
Seat 1: AlbSabitov ($1.94 in chips) 
Seat 2: Dorex2007 ($1.32 in chips) 
Seat 3: DanRussel ($0.67 in chips) 
Seat 4: TakeTheHighRoad ($1.64 in chips) 
Seat 5: Dumycbka ($2.17 in chips) 
Seat 6: Xaxaec ($1.47 in chips) 
Seat 7: Aldopkr89 ($2.07 in chips) 
Seat 8: Nick.Siloff ($2.64 in chips) 
Seat 9: frosa9397 ($1.54 in chips) 
Dorex2007: posts small blind $0.01
DanRussel: posts big blind $0.02
*** HOLE CARDS ***
Dealt to Dorex2007 [4c 8c]
TakeTheHighRoad: folds 
Dumycbka: folds 
Xaxaec: folds 
Aldopkr89: folds 
Nick.Siloff: folds 
frosa9397: folds 
AlbSabitov: raises $0.02 to $0.04
Dorex2007: folds 
DanRussel: raises $0.63 to $0.67 and is all-in
AlbSabitov: folds 
Uncalled bet ($0.63) returned to DanRussel
DanRussel collected $0.09 from pot
DanRussel: doesn't show hand 
*** SUMMARY ***
Total pot $0.09 | Rake $0 
Seat 1: AlbSabitov (button) folded before Flop
Seat 2: Dorex2007 (small blind) folded before Flop
Seat 3: DanRussel (big blind) collected ($0.09)
Seat 4: TakeTheHighRoad folded before Flop (didn't bet)
Seat 5: Dumycbka folded before Flop (didn't bet)
Seat 6: Xaxaec folded before Flop (didn't bet)
Seat 7: Aldopkr89 folded before Flop (didn't bet)
Seat 8: Nick.Siloff folded before Flop (didn't bet)
Seat 9: frosa9397 folded before Flop (didn't bet)



PokerStars Hand #223598284060:  Hold'em No Limit ($0.01/$0.02 USD) - 2021/02/08 20:17:09 PT [2021/02/08 23:17:09 ET]
Table 'Mesarthim II' 9-max Seat #2 is the button
Seat 1: AlbSabitov ($1.90 in chips) 
Seat 2: Dorex2007 ($1.31 in chips) 
Seat 3: DanRussel ($0.72 in chips) 
Seat 4: TakeTheHighRoad ($1.64 in chips) 
Seat 5: Dumycbka ($2.17 in chips) 
Seat 6: Xaxaec ($1.47 in chips) 
Seat 7: Aldopkr89 ($2.07 in chips) 
Seat 8: Nick.Siloff ($2.64 in chips) 
Seat 9: frosa9397 ($1.54 in chips) 
DanRussel: posts small blind $0.01
TakeTheHighRoad: posts big blind $0.02
*** HOLE CARDS ***
Dealt to Dorex2007 [Jc 9c]
Dumycbka: raises $0.04 to $0.06
Xaxaec: folds 
Aldopkr89: folds 
Nick.Siloff: folds 
frosa9397: folds 
AlbSabitov: folds 
Dorex2007: calls $0.06
DanRussel: folds 
TakeTheHighRoad: calls $0.04
*** FLOP *** [7d Js 4s]
TakeTheHighRoad: checks 
Dumycbka: checks 
Dorex2007: bets $0.10
TakeTheHighRoad: folds 
Dumycbka: folds 
Uncalled bet ($0.10) returned to Dorex2007
Dorex2007 collected $0.18 from pot
Dorex2007: doesn't show hand 
*** SUMMARY ***
Total pot $0.19 | Rake $0.01 
Board [7d Js 4s]
Seat 1: AlbSabitov folded before Flop (didn't bet)
Seat 2: Dorex2007 (button) collected ($0.18)
Seat 3: DanRussel (small blind) folded before Flop
Seat 4: TakeTheHighRoad (big blind) folded on the Flop
Seat 5: Dumycbka folded on the Flop
Seat 6: Xaxaec folded before Flop (didn't bet)
Seat 7: Aldopkr89 folded before Flop (didn't bet)
Seat 8: Nick.Siloff folded before Flop (didn't bet)
Seat 9: frosa9397 folded before Flop (didn't bet)



PokerStars Hand #223598294067:  Hold'em No Limit ($0.01/$0.02 USD) - 2021/02/08 20:17:53 PT [2021/02/08 23:17:53 ET]
Table 'Mesarthim II' 9-max Seat #3 is the button
Seat 1: AlbSabitov ($1.90 in chips) 
Seat 2: Dorex2007 ($1.43 in chips) 
Seat 3: DanRussel ($0.71 in chips) 
Seat 4: TakeTheHighRoad ($1.58 in chips) 
Seat 5: Dumycbka ($2.11 in chips) 
Seat 6: Xaxaec ($1.47 in chips) 
Seat 7: Aldopkr89 ($2.07 in chips) 
Seat 8: Nick.Siloff ($2.64 in chips) 
Seat 9: frosa9397 ($1.54 in chips) 
TakeTheHighRoad: posts small blind $0.01
Dumycbka: posts big blind $0.02
*** HOLE CARDS ***
Dealt to Dorex2007 [8d 9h]
Xaxaec: folds 
Aldopkr89: folds 
Nick.Siloff: raises $0.02 to $0.04
frosa9397: folds 
AlbSabitov: folds 
Dorex2007: folds 
DanRussel: folds 
TakeTheHighRoad: calls $0.03
Dumycbka: folds 
*** FLOP *** [Kc Ac 5h]
TakeTheHighRoad: bets $0.10
Nick.Siloff: calls $0.10
*** TURN *** [Kc Ac 5h] [Jc]
TakeTheHighRoad: bets $0.14
Nick.Siloff: calls $0.14
*** RIVER *** [Kc Ac 5h Jc] [5c]
TakeTheHighRoad: bets $0.20
Nick.Siloff: calls $0.20
*** SHOW DOWN ***
TakeTheHighRoad: shows [9c Qc] (a flush, Ace high)
Nick.Siloff: mucks hand 
TakeTheHighRoad collected $0.95 from pot
*** SUMMARY ***
Total pot $0.98 | Rake $0.03 
Board [Kc Ac 5h Jc 5c]
Seat 1: AlbSabitov folded before Flop (didn't bet)
Seat 2: Dorex2007 folded before Flop (didn't bet)
Seat 3: DanRussel (button) folded before Flop (didn't bet)
Seat 4: TakeTheHighRoad (small blind) showed [9c Qc] and won ($0.95) with a flush, Ace high
Seat 5: Dumycbka (big blind) folded before Flop
Seat 6: Xaxaec folded before Flop (didn't bet)
Seat 7: Aldopkr89 folded before Flop (didn't bet)
Seat 8: Nick.Siloff mucked [Ah 2h]
Seat 9: frosa9397 folded before Flop (didn't bet)



PokerStars Hand #223598307423:  Hold'em No Limit ($0.01/$0.02 USD) - 2021/02/08 20:18:53 PT [2021/02/08 23:18:53 ET]
Table 'Mesarthim II' 9-max Seat #4 is the button
Seat 1: AlbSabitov ($1.90 in chips) 
Seat 2: Dorex2007 ($1.43 in chips) 
Seat 3: DanRussel ($0.71 in chips) 
Seat 4: TakeTheHighRoad ($2.05 in chips) 
Seat 5: Dumycbka ($2.09 in chips) 
Seat 6: Xaxaec ($1.47 in chips) 
Seat 7: Aldopkr89 ($2.07 in chips) 
Seat 8: Nick.Siloff ($2.16 in chips) 
Seat 9: frosa9397 ($1.54 in chips) 
Dumycbka: posts small blind $0.01
Xaxaec: posts big blind $0.02
*** HOLE CARDS ***
Dealt to Dorex2007 [Td 8h]
Aldopkr89: calls $0.02
Nick.Siloff: folds 
frosa9397: raises $0.09 to $0.11
AlbSabitov: folds 
Dorex2007: folds 
DanRussel: folds 
TakeTheHighRoad: folds 
Dumycbka: calls $0.10
Xaxaec: calls $0.09
Aldopkr89: folds 
*** FLOP *** [Kh 2c 9c]
Dumycbka: checks 
Xaxaec: checks 
frosa9397 is disconnected 
frosa9397 is connected 
frosa9397 has timed out
frosa9397: checks 
*** TURN *** [Kh 2c 9c] [5h]
Dumycbka: bets $0.20
Xaxaec: calls $0.20
frosa9397: folds 
*** RIVER *** [Kh 2c 9c 5h] [4c]
Dumycbka: bets $0.50
Xaxaec: raises $0.50 to $1
Dumycbka: calls $0.50
*** SHOW DOWN ***
Xaxaec: shows [Ac Jc] (a flush, Ace high)
Dumycbka: mucks hand 
Xaxaec collected $2.65 from pot
*** SUMMARY ***
Total pot $2.75 | Rake $0.10 
Board [Kh 2c 9c 5h 4c]
Seat 1: AlbSabitov folded before Flop (didn't bet)
Seat 2: Dorex2007 folded before Flop (didn't bet)
Seat 3: DanRussel folded before Flop (didn't bet)
Seat 4: TakeTheHighRoad (button) folded before Flop (didn't bet)
Seat 5: Dumycbka (small blind) mucked [Ad Ks]
Seat 6: Xaxaec (big blind) showed [Ac Jc] and won ($2.65) with a flush, Ace high
Seat 7: Aldopkr89 folded before Flop
Seat 8: Nick.Siloff folded before Flop (didn't bet)
Seat 9: frosa9397 folded on the Turn



PokerStars Hand #223598331774:  Hold'em No Limit ($0.01/$0.02 USD) - 2021/02/08 20:20:42 PT [2021/02/08 23:20:42 ET]
Table 'Mesarthim II' 9-max Seat #5 is the button
Seat 1: AlbSabitov ($1.90 in chips) 
Seat 2: Dorex2007 ($1.43 in chips) 
Seat 3: DanRussel ($0.71 in chips) 
Seat 4: TakeTheHighRoad ($2.05 in chips) 
Seat 5: Dumycbka ($2 in chips) 
Seat 6: Xaxaec ($2.81 in chips) 
Seat 7: Aldopkr89 ($2.05 in chips) 
Seat 8: Nick.Siloff ($2.16 in chips) 
Seat 9: frosa9397 ($1.43 in chips) 
Xaxaec: posts small blind $0.01
Aldopkr89: posts big blind $0.02
*** HOLE CARDS ***
Dealt to Dorex2007 [As 8h]
Nick.Siloff: folds 
frosa9397: folds 
AlbSabitov: folds 
Dorex2007: folds 
DanRussel: folds 
TakeTheHighRoad: calls $0.02
Dumycbka: folds 
Xaxaec: folds 
Aldopkr89: raises $0.04 to $0.06
TakeTheHighRoad: calls $0.04
*** FLOP *** [Qs Jh Ks]
Aldopkr89: checks 
TakeTheHighRoad: bets $0.10
Aldopkr89: calls $0.10
*** TURN *** [Qs Jh Ks] [Qc]
Aldopkr89: checks 
TakeTheHighRoad: bets $0.08
Aldopkr89: calls $0.08
*** RIVER *** [Qs Jh Ks Qc] [5d]
Aldopkr89: checks 
TakeTheHighRoad: bets $0.10
Aldopkr89: raises $0.34 to $0.44
TakeTheHighRoad: calls $0.34
*** SHOW DOWN ***
Aldopkr89: shows [Tc Ad] (a straight, Ten to Ace)
TakeTheHighRoad: mucks hand 
Aldopkr89 collected $1.32 from pot
*** SUMMARY ***
Total pot $1.37 | Rake $0.05 
Board [Qs Jh Ks Qc 5d]
Seat 1: AlbSabitov folded before Flop (didn't bet)
Seat 2: Dorex2007 folded before Flop (didn't bet)
Seat 3: DanRussel folded before Flop (didn't bet)
Seat 4: TakeTheHighRoad mucked [Th Td]
Seat 5: Dumycbka (button) folded before Flop (didn't bet)
Seat 6: Xaxaec (small blind) folded before Flop
Seat 7: Aldopkr89 (big blind) showed [Tc Ad] and won ($1.32) with a straight, Ten to Ace
Seat 8: Nick.Siloff folded before Flop (didn't bet)
Seat 9: frosa9397 folded before Flop (didn't bet)



PokerStars Hand #223598345788:  Hold'em No Limit ($0.01/$0.02 USD) - 2021/02/08 20:21:45 PT [2021/02/08 23:21:45 ET]
Table 'Mesarthim II' 9-max Seat #6 is the button
Seat 1: AlbSabitov ($1.90 in chips) 
Seat 2: Dorex2007 ($1.43 in chips) 
Seat 3: DanRussel ($0.71 in chips) 
Seat 4: TakeTheHighRoad ($1.37 in chips) 
Seat 5: Dumycbka ($2 in chips) 
Seat 6: Xaxaec ($2.80 in chips) 
Seat 7: Aldopkr89 ($2.69 in chips) 
Seat 8: Nick.Siloff ($2.16 in chips) 
Seat 9: frosa9397 ($1.43 in chips) 
Aldopkr89: posts small blind $0.01
Nick.Siloff: posts big blind $0.02
*** HOLE CARDS ***
Dealt to Dorex2007 [7c 7d]
frosa9397: raises $0.02 to $0.04
AlbSabitov: folds 
Dorex2007: calls $0.04
DanRussel: folds 
TakeTheHighRoad: calls $0.04
Dumycbka: folds 
Xaxaec: folds 
Aldopkr89: calls $0.03
Nick.Siloff: calls $0.02
*** FLOP *** [Ac 4d Ts]
Aldopkr89: checks 
Nick.Siloff: checks 
frosa9397 is disconnected 
frosa9397 has timed out while being disconnected
frosa9397: checks 
Dorex2007: checks 
TakeTheHighRoad: checks 
*** TURN *** [Ac 4d Ts] [9d]
Aldopkr89: bets $0.06
Nick.Siloff: calls $0.06
frosa9397 is connected 
frosa9397: calls $0.06
Dorex2007: folds 
TakeTheHighRoad: calls $0.06
*** RIVER *** [Ac 4d Ts 9d] [Jc]
Aldopkr89: checks 
Nick.Siloff: checks 
frosa9397: bets $0.10
TakeTheHighRoad: folds 
Aldopkr89: folds 
Nick.Siloff: folds 
Uncalled bet ($0.10) returned to frosa9397
frosa9397 collected $0.42 from pot
frosa9397: doesn't show hand 
*** SUMMARY ***
Total pot $0.44 | Rake $0.02 
Board [Ac 4d Ts 9d Jc]
Seat 1: AlbSabitov folded before Flop (didn't bet)
Seat 2: Dorex2007 folded on the Turn
Seat 3: DanRussel folded before Flop (didn't bet)
Seat 4: TakeTheHighRoad folded on the River
Seat 5: Dumycbka folded before Flop (didn't bet)
Seat 6: Xaxaec (button) folded before Flop (didn't bet)
Seat 7: Aldopkr89 (small blind) folded on the River
Seat 8: Nick.Siloff (big blind) folded on the River
Seat 9: frosa9397 collected ($0.42)



PokerStars Hand #223598377306:  Hold'em No Limit ($0.01/$0.02 USD) - 2021/02/08 20:24:07 PT [2021/02/08 23:24:07 ET]
Table 'Mesarthim II' 9-max Seat #7 is the button
Seat 2: Dorex2007 ($1.39 in chips) 
Seat 3: DanRussel ($0.71 in chips) 
Seat 4: TakeTheHighRoad ($1.27 in chips) 
Seat 5: Dumycbka ($2 in chips) 
Seat 6: Xaxaec ($2.80 in chips) 
Seat 7: Aldopkr89 ($2.59 in chips) 
Seat 8: Nick.Siloff ($2.06 in chips) 
Seat 9: frosa9397 ($1.75 in chips) 
Nick.Siloff: posts small blind $0.01
frosa9397: posts big blind $0.02
*** HOLE CARDS ***
Dealt to Dorex2007 [3s 2h]
Dorex2007: folds 
DanRussel: folds 
TakeTheHighRoad: calls $0.02
Dumycbka: folds 
Xaxaec: raises $0.06 to $0.08
Aldopkr89: calls $0.08
Nick.Siloff: folds 
frosa9397: folds 
TakeTheHighRoad: folds 
*** FLOP *** [6s Js 5d]
Xaxaec: bets $0.06
Aldopkr89: folds 
Uncalled bet ($0.06) returned to Xaxaec
Xaxaec collected $0.20 from pot
Xaxaec: doesn't show hand 
*** SUMMARY ***
Total pot $0.21 | Rake $0.01 
Board [6s Js 5d]
Seat 2: Dorex2007 folded before Flop (didn't bet)
Seat 3: DanRussel folded before Flop (didn't bet)
Seat 4: TakeTheHighRoad folded before Flop
Seat 5: Dumycbka folded before Flop (didn't bet)
Seat 6: Xaxaec collected ($0.20)
Seat 7: Aldopkr89 (button) folded on the Flop
Seat 8: Nick.Siloff (small blind) folded before Flop
Seat 9: frosa9397 (big blind) folded before Flop



PokerStars Hand #223598389745:  Hold'em No Limit ($0.01/$0.02 USD) - 2021/02/08 20:25:04 PT [2021/02/08 23:25:04 ET]
Table 'Mesarthim II' 9-max Seat #8 is the button
Seat 2: Dorex2007 ($1.39 in chips) 
Seat 4: TakeTheHighRoad ($1.25 in chips) 
Seat 5: Dumycbka ($2 in chips) 
Seat 6: Xaxaec ($2.92 in chips) 
Seat 7: Aldopkr89 ($2.51 in chips) 
Seat 8: Nick.Siloff ($2.05 in chips) 
Seat 9: frosa9397 ($1.73 in chips) 
frosa9397: posts small blind $0.01
Dorex2007: posts big blind $0.02
*** HOLE CARDS ***
Dealt to Dorex2007 [Qh 4s]
TakeTheHighRoad: calls $0.02
Dumycbka: raises $0.06 to $0.08
Xaxaec: calls $0.08
Aldopkr89: folds 
Nick.Siloff: folds 
frosa9397: folds 
Dorex2007: folds 
TakeTheHighRoad: calls $0.06
*** FLOP *** [8d 3c 5d]
TakeTheHighRoad: checks 
Dumycbka: checks 
Xaxaec: checks 
*** TURN *** [8d 3c 5d] [6c]
TakeTheHighRoad: checks 
Dumycbka: bets $0.16
Xaxaec: calls $0.16
TakeTheHighRoad: folds 
*** RIVER *** [8d 3c 5d 6c] [2c]
Dumycbka: checks 
Xaxaec: checks 
*** SHOW DOWN ***
Dumycbka: shows [Td Qd] (high card Queen)
Xaxaec: shows [8c 8s] (three of a kind, Eights)
Xaxaec collected $0.57 from pot
*** SUMMARY ***
Total pot $0.59 | Rake $0.02 
Board [8d 3c 5d 6c 2c]
Seat 2: Dorex2007 (big blind) folded before Flop
Seat 4: TakeTheHighRoad folded on the Turn
Seat 5: Dumycbka showed [Td Qd] and lost with high card Queen
Seat 6: Xaxaec showed [8c 8s] and won ($0.57) with three of a kind, Eights
Seat 7: Aldopkr89 folded before Flop (didn't bet)
Seat 8: Nick.Siloff (button) folded before Flop (didn't bet)
Seat 9: frosa9397 (small blind) folded before Flop



PokerStars Hand #223598402684:  Hold'em No Limit ($0.01/$0.02 USD) - 2021/02/08 20:26:03 PT [2021/02/08 23:26:03 ET]
Table 'Mesarthim II' 9-max Seat #9 is the button
Seat 2: Dorex2007 ($1.37 in chips) 
Seat 4: TakeTheHighRoad ($1.17 in chips) 
Seat 5: Dumycbka ($2 in chips) 
Seat 6: Xaxaec ($3.25 in chips) 
Seat 7: Aldopkr89 ($2.51 in chips) 
Seat 8: Nick.Siloff ($2.05 in chips) 
Seat 9: frosa9397 ($1.72 in chips) 
Dorex2007: posts small blind $0.01
TakeTheHighRoad: posts big blind $0.02
*** HOLE CARDS ***
Dealt to Dorex2007 [9d Ks]
Dumycbka: folds 
Xaxaec: folds 
Aldopkr89: folds 
Nick.Siloff: raises $0.03 to $0.05
frosa9397: folds 
Dorex2007: folds 
TakeTheHighRoad: folds 
Uncalled bet ($0.03) returned to Nick.Siloff
Nick.Siloff collected $0.05 from pot
Nick.Siloff: doesn't show hand 
*** SUMMARY ***
Total pot $0.05 | Rake $0 
Seat 2: Dorex2007 (small blind) folded before Flop
Seat 4: TakeTheHighRoad (big blind) folded before Flop
Seat 5: Dumycbka folded before Flop (didn't bet)
Seat 6: Xaxaec folded before Flop (didn't bet)
Seat 7: Aldopkr89 folded before Flop (didn't bet)
Seat 8: Nick.Siloff collected ($0.05)
Seat 9: frosa9397 (button) folded before Flop (didn't bet)



PokerStars Hand #223598409680:  Hold'em No Limit ($0.01/$0.02 USD) - 2021/02/08 20:26:36 PT [2021/02/08 23:26:36 ET]
Table 'Mesarthim II' 9-max Seat #2 is the button
Seat 2: Dorex2007 ($1.36 in chips) 
Seat 4: TakeTheHighRoad ($1.15 in chips) 
Seat 5: Dumycbka ($2 in chips) 
Seat 6: Xaxaec ($3.25 in chips) 
Seat 7: Aldopkr89 ($2.51 in chips) 
Seat 8: Nick.Siloff ($2.08 in chips) 
Seat 9: frosa9397 ($1.72 in chips) 
TakeTheHighRoad: posts small blind $0.01
Dumycbka: posts big blind $0.02
*** HOLE CARDS ***
Dealt to Dorex2007 [2h 5h]
Xaxaec: folds 
Aldopkr89: folds 
Nick.Siloff: folds 
frosa9397 has timed out
frosa9397: folds 
Dorex2007: folds 
TakeTheHighRoad: calls $0.01
Dumycbka: checks 
*** FLOP *** [3c 2s 6h]
TakeTheHighRoad: checks 
Dumycbka: checks 
*** TURN *** [3c 2s 6h] [8s]
TakeTheHighRoad: bets $0.04
Dumycbka: folds 
Uncalled bet ($0.04) returned to TakeTheHighRoad
TakeTheHighRoad collected $0.04 from pot
TakeTheHighRoad: doesn't show hand 
*** SUMMARY ***
Total pot $0.04 | Rake $0 
Board [3c 2s 6h 8s]
Seat 2: Dorex2007 (button) folded before Flop (didn't bet)
Seat 4: TakeTheHighRoad (small blind) collected ($0.04)
Seat 5: Dumycbka (big blind) folded on the Turn
Seat 6: Xaxaec folded before Flop (didn't bet)
Seat 7: Aldopkr89 folded before Flop (didn't bet)
Seat 8: Nick.Siloff folded before Flop (didn't bet)
Seat 9: frosa9397 folded before Flop (didn't bet)



PokerStars Hand #223598419766:  Hold'em No Limit ($0.01/$0.02 USD) - 2021/02/08 20:27:22 PT [2021/02/08 23:27:22 ET]
Table 'Mesarthim II' 9-max Seat #4 is the button
Seat 2: Dorex2007 ($1.36 in chips) 
Seat 4: TakeTheHighRoad ($1.17 in chips) 
Seat 5: Dumycbka ($2 in chips) 
Seat 6: Xaxaec ($3.25 in chips) 
Seat 7: Aldopkr89 ($2.51 in chips) 
Seat 8: Nick.Siloff ($2.08 in chips) 
Seat 9: frosa9397 ($1.72 in chips) 
Dumycbka: posts small blind $0.01
Xaxaec: posts big blind $0.02
*** HOLE CARDS ***
Dealt to Dorex2007 [Ah 8s]
Aldopkr89: folds 
Nick.Siloff: folds 
frosa9397 has timed out
frosa9397: folds 
Dorex2007: folds 
TakeTheHighRoad: folds 
Dumycbka: folds 
Uncalled bet ($0.01) returned to Xaxaec
Xaxaec collected $0.02 from pot
Xaxaec: doesn't show hand 
*** SUMMARY ***
Total pot $0.02 | Rake $0 
Seat 2: Dorex2007 folded before Flop (didn't bet)
Seat 4: TakeTheHighRoad (button) folded before Flop (didn't bet)
Seat 5: Dumycbka (small blind) folded before Flop
Seat 6: Xaxaec (big blind) collected ($0.02)
Seat 7: Aldopkr89 folded before Flop (didn't bet)
Seat 8: Nick.Siloff folded before Flop (didn't bet)
Seat 9: frosa9397 folded before Flop (didn't bet)



PokerStars Hand #223598425558:  Hold'em No Limit ($0.01/$0.02 USD) - 2021/02/08 20:27:48 PT [2021/02/08 23:27:48 ET]
Table 'Mesarthim II' 9-max Seat #5 is the button
Seat 2: Dorex2007 ($1.36 in chips) 
Seat 4: TakeTheHighRoad ($1.17 in chips) 
Seat 5: Dumycbka ($2 in chips) 
Seat 6: Xaxaec ($3.26 in chips) 
Seat 7: Aldopkr89 ($2.51 in chips) 
Seat 8: Nick.Siloff ($2.08 in chips) 
Xaxaec: posts small blind $0.01
Aldopkr89: posts big blind $0.02
*** HOLE CARDS ***
Dealt to Dorex2007 [Qd Jd]
Nick.Siloff: folds 
Dorex2007: raises $0.02 to $0.04
TakeTheHighRoad: folds 
Dumycbka: folds 
Xaxaec: folds 
Aldopkr89: calls $0.02
*** FLOP *** [4h 9c 2h]
Aldopkr89: checks 
Dorex2007: checks 
*** TURN *** [4h 9c 2h] [Kc]
Aldopkr89: checks 
Dorex2007: bets $0.09
Aldopkr89: folds 
Uncalled bet ($0.09) returned to Dorex2007
Dorex2007 collected $0.09 from pot
Dorex2007: doesn't show hand 
*** SUMMARY ***
Total pot $0.09 | Rake $0 
Board [4h 9c 2h Kc]
Seat 2: Dorex2007 collected ($0.09)
Seat 4: TakeTheHighRoad folded before Flop (didn't bet)
Seat 5: Dumycbka (button) folded before Flop (didn't bet)
Seat 6: Xaxaec (small blind) folded before Flop
Seat 7: Aldopkr89 (big blind) folded on the Turn
Seat 8: Nick.Siloff folded before Flop (didn't bet)



PokerStars Hand #223598435511:  Hold'em No Limit ($0.01/$0.02 USD) - 2021/02/08 20:28:35 PT [2021/02/08 23:28:35 ET]
Table 'Mesarthim II' 9-max Seat #6 is the button
Seat 2: Dorex2007 ($1.41 in chips) 
Seat 4: TakeTheHighRoad ($1.17 in chips) 
Seat 5: Dumycbka ($2 in chips) 
Seat 6: Xaxaec ($3.25 in chips) 
Seat 7: Aldopkr89 ($2.47 in chips) 
Seat 8: Nick.Siloff ($2.08 in chips) 
Seat 9: frosa9397 ($1.72 in chips) 
Aldopkr89: posts small blind $0.01
Nick.Siloff: posts big blind $0.02
*** HOLE CARDS ***
Dealt to Dorex2007 [4d Ac]
frosa9397: folds 
Dorex2007: folds 
TakeTheHighRoad: calls $0.02
Dumycbka: folds 
Xaxaec: calls $0.02
Aldopkr89: calls $0.01
Nick.Siloff: raises $0.12 to $0.14
TakeTheHighRoad: folds 
Xaxaec: folds 
Aldopkr89: folds 
Uncalled bet ($0.12) returned to Nick.Siloff
Nick.Siloff collected $0.08 from pot
Nick.Siloff: doesn't show hand 
*** SUMMARY ***
Total pot $0.08 | Rake $0 
Seat 2: Dorex2007 folded before Flop (didn't bet)
Seat 4: TakeTheHighRoad folded before Flop
Seat 5: Dumycbka folded before Flop (didn't bet)
Seat 6: Xaxaec (button) folded before Flop
Seat 7: Aldopkr89 (small blind) folded before Flop
Seat 8: Nick.Siloff (big blind) collected ($0.08)
Seat 9: frosa9397 folded before Flop (didn't bet)



PokerStars Hand #223598442972:  Hold'em No Limit ($0.01/$0.02 USD) - 2021/02/08 20:29:10 PT [2021/02/08 23:29:10 ET]
Table 'Mesarthim II' 9-max Seat #7 is the button
Seat 2: Dorex2007 ($1.41 in chips) 
Seat 4: TakeTheHighRoad ($1.15 in chips) 
Seat 5: Dumycbka ($2 in chips) 
Seat 6: Xaxaec ($3.23 in chips) 
Seat 7: Aldopkr89 ($2.45 in chips) 
Seat 8: Nick.Siloff ($2.14 in chips) 
Seat 9: frosa9397 ($1.72 in chips) 
Nick.Siloff: posts small blind $0.01
frosa9397: posts big blind $0.02
*** HOLE CARDS ***
Dealt to Dorex2007 [7c 9c]
Dorex2007: folds 
TakeTheHighRoad: calls $0.02
Dumycbka: folds 
Xaxaec: folds 
Aldopkr89: folds 
Nick.Siloff: folds 
frosa9397: checks 
*** FLOP *** [2d Qc Tc]
frosa9397: checks 
TakeTheHighRoad: checks 
*** TURN *** [2d Qc Tc] [Ks]
frosa9397: checks 
TakeTheHighRoad: checks 
*** RIVER *** [2d Qc Tc Ks] [Jc]
frosa9397: checks 
TakeTheHighRoad: checks 
*** SHOW DOWN ***
frosa9397: shows [9s Kc] (a straight, Nine to King)
TakeTheHighRoad: mucks hand 
frosa9397 collected $0.05 from pot
*** SUMMARY ***
Total pot $0.05 | Rake $0 
Board [2d Qc Tc Ks Jc]
Seat 2: Dorex2007 folded before Flop (didn't bet)
Seat 4: TakeTheHighRoad mucked [Jd 6c]
Seat 5: Dumycbka folded before Flop (didn't bet)
Seat 6: Xaxaec folded before Flop (didn't bet)
Seat 7: Aldopkr89 (button) folded before Flop (didn't bet)
Seat 8: Nick.Siloff (small blind) folded before Flop
Seat 9: frosa9397 (big blind) showed [9s Kc] and won ($0.05) with a straight, Nine to King



PokerStars Hand #223598454240:  Hold'em No Limit ($0.01/$0.02 USD) - 2021/02/08 20:30:03 PT [2021/02/08 23:30:03 ET]
Table 'Mesarthim II' 9-max Seat #8 is the button
Seat 2: Dorex2007 ($1.41 in chips) 
Seat 4: TakeTheHighRoad ($1.13 in chips) 
Seat 5: Dumycbka ($2 in chips) 
Seat 6: Xaxaec ($3.23 in chips) 
Seat 7: Aldopkr89 ($2.45 in chips) 
Seat 8: Nick.Siloff ($2.13 in chips) 
Seat 9: frosa9397 ($1.75 in chips) 
frosa9397: posts small blind $0.01
Dorex2007: posts big blind $0.02
*** HOLE CARDS ***
Dealt to Dorex2007 [Tc 5s]
TakeTheHighRoad: folds 
Dumycbka: folds 
Xaxaec: raises $0.04 to $0.06
Aldopkr89: calls $0.06
Nick.Siloff: folds 
frosa9397: folds 
Dorex2007: folds 
*** FLOP *** [5c 5d Jd]
Xaxaec: bets $0.04
Aldopkr89: calls $0.04
*** TURN *** [5c 5d Jd] [2s]
Xaxaec: bets $0.07
Aldopkr89: calls $0.07
*** RIVER *** [5c 5d Jd 2s] [6c]
Xaxaec: bets $0.11
Aldopkr89: folds 
Uncalled bet ($0.11) returned to Xaxaec
Xaxaec collected $0.36 from pot
Xaxaec: doesn't show hand 
*** SUMMARY ***
Total pot $0.37 | Rake $0.01 
Board [5c 5d Jd 2s 6c]
Seat 2: Dorex2007 (big blind) folded before Flop
Seat 4: TakeTheHighRoad folded before Flop (didn't bet)
Seat 5: Dumycbka folded before Flop (didn't bet)
Seat 6: Xaxaec collected ($0.36)
Seat 7: Aldopkr89 folded on the River
Seat 8: Nick.Siloff (button) folded before Flop (didn't bet)
Seat 9: frosa9397 (small blind) folded before Flop



PokerStars Hand #223598466640:  Hold'em No Limit ($0.01/$0.02 USD) - 2021/02/08 20:31:01 PT [2021/02/08 23:31:01 ET]
Table 'Mesarthim II' 9-max Seat #9 is the button
Seat 2: Dorex2007 ($1.39 in chips) 
Seat 4: TakeTheHighRoad ($1.13 in chips) 
Seat 5: Dumycbka ($2 in chips) 
Seat 6: Xaxaec ($3.42 in chips) 
Seat 7: Aldopkr89 ($2.28 in chips) 
Seat 8: Nick.Siloff ($2.13 in chips) 
Seat 9: frosa9397 ($1.74 in chips) 
Dorex2007: posts small blind $0.01
TakeTheHighRoad: posts big blind $0.02
*** HOLE CARDS ***
Dealt to Dorex2007 [7c Qs]
Dumycbka: raises $0.04 to $0.06
Xaxaec: folds 
Aldopkr89: folds 
Nick.Siloff: folds 
frosa9397: folds 
Dorex2007: folds 
TakeTheHighRoad: calls $0.04
*** FLOP *** [Jc Ks 4d]
TakeTheHighRoad: bets $0.02
Dumycbka: calls $0.02
*** TURN *** [Jc Ks 4d] [Qh]
TakeTheHighRoad: checks 
Dumycbka: checks 
*** RIVER *** [Jc Ks 4d Qh] [6s]
TakeTheHighRoad: bets $0.10
Dumycbka: folds 
Uncalled bet ($0.10) returned to TakeTheHighRoad
TakeTheHighRoad collected $0.16 from pot
TakeTheHighRoad: doesn't show hand 
*** SUMMARY ***
Total pot $0.17 | Rake $0.01 
Board [Jc Ks 4d Qh 6s]
Seat 2: Dorex2007 (small blind) folded before Flop
Seat 4: TakeTheHighRoad (big blind) collected ($0.16)
Seat 5: Dumycbka folded on the River
Seat 6: Xaxaec folded before Flop (didn't bet)
Seat 7: Aldopkr89 folded before Flop (didn't bet)
Seat 8: Nick.Siloff folded before Flop (didn't bet)
Seat 9: frosa9397 (button) folded before Flop (didn't bet)



PokerStars Hand #223598479902:  Hold'em No Limit ($0.01/$0.02 USD) - 2021/02/08 20:32:03 PT [2021/02/08 23:32:03 ET]
Table 'Mesarthim II' 9-max Seat #2 is the button
Seat 2: Dorex2007 ($1.38 in chips) 
Seat 4: TakeTheHighRoad ($1.21 in chips) 
Seat 5: Dumycbka ($2 in chips) 
Seat 6: Xaxaec ($3.42 in chips) 
Seat 7: Aldopkr89 ($2.28 in chips) 
Seat 8: Nick.Siloff ($2.13 in chips) 
Seat 9: frosa9397 ($1.74 in chips) 
TakeTheHighRoad: posts small blind $0.01
Dumycbka: posts big blind $0.02
*** HOLE CARDS ***
Dealt to Dorex2007 [Jc Th]
Xaxaec: folds 
Aldopkr89: raises $0.06 to $0.08
Nick.Siloff: folds 
frosa9397: folds 
Dorex2007: folds 
TakeTheHighRoad: folds 
Dumycbka: folds 
Uncalled bet ($0.06) returned to Aldopkr89
Aldopkr89 collected $0.05 from pot
*** SUMMARY ***
Total pot $0.05 | Rake $0 
Seat 2: Dorex2007 (button) folded before Flop (didn't bet)
Seat 4: TakeTheHighRoad (small blind) folded before Flop
Seat 5: Dumycbka (big blind) folded before Flop
Seat 6: Xaxaec folded before Flop (didn't bet)
Seat 7: Aldopkr89 collected ($0.05)
Seat 8: Nick.Siloff folded before Flop (didn't bet)
Seat 9: frosa9397 folded before Flop (didn't bet)



PokerStars Hand #223598484803:  Hold'em No Limit ($0.01/$0.02 USD) - 2021/02/08 20:32:26 PT [2021/02/08 23:32:26 ET]
Table 'Mesarthim II' 9-max Seat #4 is the button
Seat 2: Dorex2007 ($1.38 in chips) 
Seat 4: TakeTheHighRoad ($1.20 in chips) 
Seat 5: Dumycbka ($2 in chips) 
Seat 6: Xaxaec ($3.42 in chips) 
Seat 7: Aldopkr89 ($2.31 in chips) 
Seat 8: Nick.Siloff ($2.13 in chips) 
Seat 9: frosa9397 ($1.74 in chips) 
Dumycbka: posts small blind $0.01
Xaxaec: posts big blind $0.02
*** HOLE CARDS ***
Dealt to Dorex2007 [7s Kc]
Aldopkr89: folds 
Nick.Siloff: raises $0.02 to $0.04
frosa9397: folds 
Dorex2007: folds 
TakeTheHighRoad: calls $0.04
Dumycbka: folds 
Xaxaec: folds 
*** FLOP *** [Ac Th 2h]
Nick.Siloff: checks 
TakeTheHighRoad: checks 
*** TURN *** [Ac Th 2h] [8d]
Nick.Siloff: bets $0.03
TakeTheHighRoad: folds 
Uncalled bet ($0.03) returned to Nick.Siloff
Nick.Siloff collected $0.11 from pot
Nick.Siloff: doesn't show hand 
*** SUMMARY ***
Total pot $0.11 | Rake $0 
Board [Ac Th 2h 8d]
Seat 2: Dorex2007 folded before Flop (didn't bet)
Seat 4: TakeTheHighRoad (button) folded on the Turn
Seat 5: Dumycbka (small blind) folded before Flop
Seat 6: Xaxaec (big blind) folded before Flop
Seat 7: Aldopkr89 folded before Flop (didn't bet)
Seat 8: Nick.Siloff collected ($0.11)
Seat 9: frosa9397 folded before Flop (didn't bet)



PokerStars Hand #223598493584:  Hold'em No Limit ($0.01/$0.02 USD) - 2021/02/08 20:33:07 PT [2021/02/08 23:33:07 ET]
Table 'Mesarthim II' 9-max Seat #5 is the button
Seat 2: Dorex2007 ($1.38 in chips) 
Seat 4: TakeTheHighRoad ($1.16 in chips) 
Seat 5: Dumycbka ($2 in chips) 
Seat 6: Xaxaec ($3.40 in chips) 
Seat 7: Aldopkr89 ($2.31 in chips) 
Seat 8: Nick.Siloff ($2.20 in chips) 
Seat 9: frosa9397 ($1.74 in chips) 
Xaxaec: posts small blind $0.01
Aldopkr89: posts big blind $0.02
*** HOLE CARDS ***
Dealt to Dorex2007 [Tc 5h]
Nick.Siloff: folds 
frosa9397: folds 
Dorex2007: folds 
TakeTheHighRoad: folds 
Dumycbka: raises $0.04 to $0.06
Xaxaec: calls $0.05
Aldopkr89: folds 
*** FLOP *** [4s Jh Ad]
Xaxaec: checks 
Dumycbka: checks 
*** TURN *** [4s Jh Ad] [Td]
Xaxaec: bets $0.04
Dumycbka: folds 
Uncalled bet ($0.04) returned to Xaxaec
Xaxaec collected $0.14 from pot
Xaxaec: doesn't show hand 
*** SUMMARY ***
Total pot $0.14 | Rake $0 
Board [4s Jh Ad Td]
Seat 2: Dorex2007 folded before Flop (didn't bet)
Seat 4: TakeTheHighRoad folded before Flop (didn't bet)
Seat 5: Dumycbka (button) folded on the Turn
Seat 6: Xaxaec (small blind) collected ($0.14)
Seat 7: Aldopkr89 (big blind) folded before Flop
Seat 8: Nick.Siloff folded before Flop (didn't bet)
Seat 9: frosa9397 folded before Flop (didn't bet)



PokerStars Hand #223598506511:  Hold'em No Limit ($0.01/$0.02 USD) - 2021/02/08 20:33:49 PT [2021/02/08 23:33:49 ET]
Table 'Mesarthim II' 9-max Seat #6 is the button
Seat 2: Dorex2007 ($1.38 in chips) 
Seat 4: TakeTheHighRoad ($1.16 in chips) 
Seat 5: Dumycbka ($2 in chips) 
Seat 6: Xaxaec ($3.48 in chips) 
Seat 7: Aldopkr89 ($2.29 in chips) 
Seat 8: Nick.Siloff ($2.20 in chips) 
Seat 9: frosa9397 ($1.74 in chips) 
Aldopkr89: posts small blind $0.01
Nick.Siloff: posts big blind $0.02
*** HOLE CARDS ***
Dealt to Dorex2007 [2s Kd]
frosa9397: folds 
Dorex2007: folds 
TakeTheHighRoad: folds 
Dumycbka: folds 
Xaxaec: folds 
Aldopkr89: folds 
Uncalled bet ($0.01) returned to Nick.Siloff
Nick.Siloff collected $0.02 from pot
Nick.Siloff: doesn't show hand 
*** SUMMARY ***
Total pot $0.02 | Rake $0 
Seat 2: Dorex2007 folded before Flop (didn't bet)
Seat 4: TakeTheHighRoad folded before Flop (didn't bet)
Seat 5: Dumycbka folded before Flop (didn't bet)
Seat 6: Xaxaec (button) folded before Flop (didn't bet)
Seat 7: Aldopkr89 (small blind) folded before Flop
Seat 8: Nick.Siloff (big blind) collected ($0.02)
Seat 9: frosa9397 folded before Flop (didn't bet)



PokerStars Hand #223598509184:  Hold'em No Limit ($0.01/$0.02 USD) - 2021/02/08 20:34:02 PT [2021/02/08 23:34:02 ET]
Table 'Mesarthim II' 9-max Seat #7 is the button
Seat 2: Dorex2007 ($1.38 in chips) 
Seat 4: TakeTheHighRoad ($1.16 in chips) 
Seat 5: Dumycbka ($2 in chips) 
Seat 6: Xaxaec ($3.48 in chips) 
Seat 7: Aldopkr89 ($2.28 in chips) 
Seat 8: Nick.Siloff ($2.21 in chips) 
Seat 9: frosa9397 ($1.74 in chips) 
Nick.Siloff: posts small blind $0.01
frosa9397: posts big blind $0.02
*** HOLE CARDS ***
Dealt to Dorex2007 [Ts 7s]
Dorex2007: folds 
TakeTheHighRoad: calls $0.02
Dumycbka: folds 
Xaxaec: folds 
Aldopkr89: folds 
Nick.Siloff: raises $0.06 to $0.08
frosa9397: folds 
TakeTheHighRoad: calls $0.06
*** FLOP *** [6d Tc Kd]
Nick.Siloff: checks 
TakeTheHighRoad: checks 
*** TURN *** [6d Tc Kd] [Td]
Nick.Siloff: checks 
TakeTheHighRoad: bets $0.02
Nick.Siloff: calls $0.02
*** RIVER *** [6d Tc Kd Td] [8s]
Nick.Siloff: checks 
TakeTheHighRoad: checks 
*** SHOW DOWN ***
Nick.Siloff: shows [Qh As] (a pair of Tens)
TakeTheHighRoad: mucks hand 
Nick.Siloff collected $0.21 from pot
*** SUMMARY ***
Total pot $0.22 | Rake $0.01 
Board [6d Tc Kd Td 8s]
Seat 2: Dorex2007 folded before Flop (didn't bet)
Seat 4: TakeTheHighRoad mucked [Ac 9d]
Seat 5: Dumycbka folded before Flop (didn't bet)
Seat 6: Xaxaec folded before Flop (didn't bet)
Seat 7: Aldopkr89 (button) folded before Flop (didn't bet)
Seat 8: Nick.Siloff (small blind) showed [Qh As] and won ($0.21) with a pair of Tens
Seat 9: frosa9397 (big blind) folded before Flop



PokerStars Hand #223598523464:  Hold'em No Limit ($0.01/$0.02 USD) - 2021/02/08 20:35:09 PT [2021/02/08 23:35:09 ET]
Table 'Mesarthim II' 9-max Seat #8 is the button
Seat 1: AlbSabitov ($1.90 in chips) 
Seat 2: Dorex2007 ($1.60 in chips) 
Seat 4: TakeTheHighRoad ($1.06 in chips) 
Seat 5: Dumycbka ($2 in chips) 
Seat 6: Xaxaec ($3.48 in chips) 
Seat 7: Aldopkr89 ($2.28 in chips) 
Seat 8: Nick.Siloff ($2.32 in chips) 
Seat 9: frosa9397 ($1.72 in chips) 
frosa9397: posts small blind $0.01
AlbSabitov: posts big blind $0.02
*** HOLE CARDS ***
Dealt to Dorex2007 [7h 7s]
Dorex2007: calls $0.02
TakeTheHighRoad: folds 
Dumycbka: folds 
Xaxaec: folds 
Aldopkr89: folds 
Nick.Siloff: folds 
frosa9397: folds 
AlbSabitov: checks 
*** FLOP *** [4d 4h 9s]
AlbSabitov: bets $0.02
Dorex2007: calls $0.02
*** TURN *** [4d 4h 9s] [2h]
AlbSabitov: checks 
Dorex2007: checks 
*** RIVER *** [4d 4h 9s 2h] [Jd]
AlbSabitov: checks 
Dorex2007: checks 
*** SHOW DOWN ***
AlbSabitov: shows [8s 6d] (a pair of Fours)
Dorex2007: shows [7h 7s] (two pair, Sevens and Fours)
Dorex2007 collected $0.09 from pot
*** SUMMARY ***
Total pot $0.09 | Rake $0 
Board [4d 4h 9s 2h Jd]
Seat 1: AlbSabitov (big blind) showed [8s 6d] and lost with a pair of Fours
Seat 2: Dorex2007 showed [7h 7s] and won ($0.09) with two pair, Sevens and Fours
Seat 4: TakeTheHighRoad folded before Flop (didn't bet)
Seat 5: Dumycbka folded before Flop (didn't bet)
Seat 6: Xaxaec folded before Flop (didn't bet)
Seat 7: Aldopkr89 folded before Flop (didn't bet)
Seat 8: Nick.Siloff (button) folded before Flop (didn't bet)
Seat 9: frosa9397 (small blind) folded before Flop



PokerStars Hand #223598531150:  Hold'em No Limit ($0.01/$0.02 USD) - 2021/02/08 20:35:46 PT [2021/02/08 23:35:46 ET]
Table 'Mesarthim II' 9-max Seat #9 is the button
Seat 1: AlbSabitov ($1.86 in chips) 
Seat 2: Dorex2007 ($1.65 in chips) 
Seat 4: TakeTheHighRoad ($1.06 in chips) 
Seat 5: Dumycbka ($2 in chips) 
Seat 6: Xaxaec ($3.48 in chips) 
Seat 7: Aldopkr89 ($2.28 in chips) 
Seat 8: Nick.Siloff ($2.32 in chips) 
Seat 9: frosa9397 ($1.71 in chips) 
AlbSabitov: posts small blind $0.01
Dorex2007: posts big blind $0.02
DanRussel: sits out 
*** HOLE CARDS ***
Dealt to Dorex2007 [Th Ts]
TakeTheHighRoad: calls $0.02
Dumycbka: raises $0.06 to $0.08
Xaxaec: folds 
Aldopkr89: raises $0.08 to $0.16
Nick.Siloff: folds 
frosa9397: folds 
AlbSabitov: folds 
Dorex2007: folds 
TakeTheHighRoad: folds 
Dumycbka: calls $0.08
*** FLOP *** [2d 6c 5c]
Dumycbka: checks 
Aldopkr89: bets $2.12 and is all-in
Dumycbka: folds 
Uncalled bet ($2.12) returned to Aldopkr89
Aldopkr89 collected $0.36 from pot
*** SUMMARY ***
Total pot $0.37 | Rake $0.01 
Board [2d 6c 5c]
Seat 1: AlbSabitov (small blind) folded before Flop
Seat 2: Dorex2007 (big blind) folded before Flop
Seat 4: TakeTheHighRoad folded before Flop
Seat 5: Dumycbka folded on the Flop
Seat 6: Xaxaec folded before Flop (didn't bet)
Seat 7: Aldopkr89 collected ($0.36)
Seat 8: Nick.Siloff folded before Flop (didn't bet)
Seat 9: frosa9397 (button) folded before Flop (didn't bet)



PokerStars Hand #223598541035:  Hold'em No Limit ($0.01/$0.02 USD) - 2021/02/08 20:36:32 PT [2021/02/08 23:36:32 ET]
Table 'Mesarthim II' 9-max Seat #1 is the button
Seat 1: AlbSabitov ($1.85 in chips) 
Seat 2: Dorex2007 ($1.63 in chips) 
Seat 3: DanRussel ($0.71 in chips) 
Seat 4: TakeTheHighRoad ($1.04 in chips) 
Seat 5: Dumycbka ($2 in chips) 
Seat 6: Xaxaec ($3.48 in chips) 
Seat 7: Aldopkr89 ($2.48 in chips) 
Seat 8: Nick.Siloff ($2.32 in chips) 
Seat 9: frosa9397 ($1.71 in chips) 
Dorex2007: posts small blind $0.01
DanRussel: posts big blind $0.02
*** HOLE CARDS ***
Dealt to Dorex2007 [6d 7d]
TakeTheHighRoad: folds 
Dumycbka: folds 
Xaxaec: folds 
Aldopkr89: calls $0.02
Nick.Siloff: folds 
frosa9397: folds 
AlbSabitov: folds 
Dorex2007: calls $0.01
DanRussel: checks 
*** FLOP *** [4s Ad 3s]
Dorex2007: checks 
DanRussel: bets $0.69 and is all-in
Aldopkr89: folds 
Dorex2007: folds 
Uncalled bet ($0.69) returned to DanRussel
DanRussel collected $0.06 from pot
DanRussel: doesn't show hand 
*** SUMMARY ***
Total pot $0.06 | Rake $0 
Board [4s Ad 3s]
Seat 1: AlbSabitov (button) folded before Flop (didn't bet)
Seat 2: Dorex2007 (small blind) folded on the Flop
Seat 3: DanRussel (big blind) collected ($0.06)
Seat 4: TakeTheHighRoad folded before Flop (didn't bet)
Seat 5: Dumycbka folded before Flop (didn't bet)
Seat 6: Xaxaec folded before Flop (didn't bet)
Seat 7: Aldopkr89 folded on the Flop
Seat 8: Nick.Siloff folded before Flop (didn't bet)
Seat 9: frosa9397 folded before Flop (didn't bet)



PokerStars Hand #223598559111:  Hold'em No Limit ($0.01/$0.02 USD) - 2021/02/08 20:37:26 PT [2021/02/08 23:37:26 ET]
Table 'Mesarthim II' 9-max Seat #2 is the button
Seat 1: AlbSabitov ($1.85 in chips) 
Seat 2: Dorex2007 ($1.61 in chips) 
Seat 3: DanRussel ($0.75 in chips) 
Seat 4: TakeTheHighRoad ($1.04 in chips) 
Seat 5: Dumycbka ($2 in chips) 
Seat 6: Xaxaec ($3.48 in chips) 
Seat 7: Aldopkr89 ($2.46 in chips) 
Seat 8: Nick.Siloff ($2.32 in chips) 
Seat 9: frosa9397 ($1.71 in chips) 
DanRussel: posts small blind $0.01
TakeTheHighRoad: posts big blind $0.02
*** HOLE CARDS ***
Dealt to Dorex2007 [6c Ac]
Dumycbka: folds 
Xaxaec: folds 
Aldopkr89: raises $0.04 to $0.06
Nick.Siloff: folds 
frosa9397: folds 
AlbSabitov: folds 
Dorex2007: calls $0.06
DanRussel: folds 
TakeTheHighRoad: folds 
*** FLOP *** [2s Ad Ah]
Aldopkr89: checks 
Dorex2007: checks 
*** TURN *** [2s Ad Ah] [5d]
Aldopkr89: checks 
Dorex2007: bets $0.07
Aldopkr89: folds 
Uncalled bet ($0.07) returned to Dorex2007
Dorex2007 collected $0.14 from pot
Dorex2007: doesn't show hand 
*** SUMMARY ***
Total pot $0.15 | Rake $0.01 
Board [2s Ad Ah 5d]
Seat 1: AlbSabitov folded before Flop (didn't bet)
Seat 2: Dorex2007 (button) collected ($0.14)
Seat 3: DanRussel (small blind) folded before Flop
Seat 4: TakeTheHighRoad (big blind) folded before Flop
Seat 5: Dumycbka folded before Flop (didn't bet)
Seat 6: Xaxaec folded before Flop (didn't bet)
Seat 7: Aldopkr89 folded on the Turn
Seat 8: Nick.Siloff folded before Flop (didn't bet)
Seat 9: frosa9397 folded before Flop (didn't bet)



PokerStars Hand #223598567195:  Hold'em No Limit ($0.01/$0.02 USD) - 2021/02/08 20:38:04 PT [2021/02/08 23:38:04 ET]
Table 'Mesarthim II' 9-max Seat #3 is the button
Seat 1: AlbSabitov ($1.85 in chips) 
Seat 2: Dorex2007 ($1.69 in chips) 
Seat 3: DanRussel ($0.74 in chips) 
Seat 4: TakeTheHighRoad ($1.02 in chips) 
Seat 5: Dumycbka ($2 in chips) 
Seat 6: Xaxaec ($3.48 in chips) 
Seat 7: Aldopkr89 ($2.40 in chips) 
Seat 8: Nick.Siloff ($2.32 in chips) 
Seat 9: frosa9397 ($1.71 in chips) 
TakeTheHighRoad: posts small blind $0.01
Dumycbka: posts big blind $0.02
*** HOLE CARDS ***
Dealt to Dorex2007 [Ks 3h]
Xaxaec: raises $0.04 to $0.06
Aldopkr89: folds 
Nick.Siloff: folds 
frosa9397: folds 
AlbSabitov: folds 
Dorex2007: folds 
DanRussel: folds 
TakeTheHighRoad: calls $0.05
Dumycbka: calls $0.04
*** FLOP *** [7d 9h 8h]
TakeTheHighRoad: checks 
Dumycbka: checks 
Xaxaec: checks 
*** TURN *** [7d 9h 8h] [Tc]
TakeTheHighRoad: checks 
Dumycbka: checks 
Xaxaec: checks 
*** RIVER *** [7d 9h 8h Tc] [Td]
TakeTheHighRoad: checks 
Dumycbka: checks 
Xaxaec: checks 
*** SHOW DOWN ***
TakeTheHighRoad: shows [5c 5s] (two pair, Tens and Fives)
Dumycbka: shows [8d Qh] (two pair, Tens and Eights)
Xaxaec: mucks hand 
Dumycbka collected $0.17 from pot
*** SUMMARY ***
Total pot $0.18 | Rake $0.01 
Board [7d 9h 8h Tc Td]
Seat 1: AlbSabitov folded before Flop (didn't bet)
Seat 2: Dorex2007 folded before Flop (didn't bet)
Seat 3: DanRussel (button) folded before Flop (didn't bet)
Seat 4: TakeTheHighRoad (small blind) showed [5c 5s] and lost with two pair, Tens and Fives
Seat 5: Dumycbka (big blind) showed [8d Qh] and won ($0.17) with two pair, Tens and Eights
Seat 6: Xaxaec mucked [As 2s]
Seat 7: Aldopkr89 folded before Flop (didn't bet)
Seat 8: Nick.Siloff folded before Flop (didn't bet)
Seat 9: frosa9397 folded before Flop (didn't bet)



