PokerStars Hand #232178696122:  Hold'em No Limit ($0.01/$0.02 USD) - 2021/12/13 1:51:32 PT [2021/12/13 4:51:32 ET]
Table 'Aase II' 9-max Seat #8 is the button
Seat 1: Dorex2007 ($2 in chips) 
Seat 2: vasyl3010 ($2 in chips) 
Seat 4: Babel_Tower_JP ($0.37 in chips) 
Seat 5: BUTAW701 ($3.52 in chips) 
Seat 6: svfree ($1.64 in chips) 
Seat 7: traderr71 ($2.05 in chips) 
Seat 8: infiniti888 ($1.93 in chips) 
Seat 9: aroundwinter ($1.43 in chips) 
aroundwinter: posts small blind $0.01
Dorex2007: posts big blind $0.02
Shreyu: sits out 
*** HOLE CARDS ***
Dealt to Dorex2007 [Kd 3c]
vasyl3010: folds 
Babel_Tower_JP: raises $0.04 to $0.06
BUTAW701: folds 
svfree: folds 
traderr71: folds 
infiniti888: raises $0.15 to $0.21
aroundwinter: folds 
Dorex2007: folds 
Babel_Tower_JP: raises $0.15 to $0.36
infiniti888: raises $1.57 to $1.93 and is all-in
Babel_Tower_JP: calls $0.01 and is all-in
Uncalled bet ($1.56) returned to infiniti888
*** FLOP *** [5s 7c 4c]
*** TURN *** [5s 7c 4c] [Kc]
*** RIVER *** [5s 7c 4c Kc] [2h]
*** SHOW DOWN ***
Babel_Tower_JP: shows [Tc Ad] (high card Ace)
infiniti888: shows [Jc Jd] (a pair of Jacks)
infiniti888 collected $0.74 from pot
*** SUMMARY ***
Total pot $0.77 | Rake $0.03 
Board [5s 7c 4c Kc 2h]
Seat 1: Dorex2007 (big blind) folded before Flop
Seat 2: vasyl3010 folded before Flop (didn't bet)
Seat 4: Babel_Tower_JP showed [Tc Ad] and lost with high card Ace
Seat 5: BUTAW701 folded before Flop (didn't bet)
Seat 6: svfree folded before Flop (didn't bet)
Seat 7: traderr71 folded before Flop (didn't bet)
Seat 8: infiniti888 (button) showed [Jc Jd] and won ($0.74) with a pair of Jacks
Seat 9: aroundwinter (small blind) folded before Flop



PokerStars Hand #232178704632:  Hold'em No Limit ($0.01/$0.02 USD) - 2021/12/13 1:52:17 PT [2021/12/13 4:52:17 ET]
Table 'Aase II' 9-max Seat #9 is the button
Seat 1: Dorex2007 ($2 in chips) 
Seat 2: vasyl3010 ($2 in chips) 
Seat 5: BUTAW701 ($3.52 in chips) 
Seat 6: svfree ($1.64 in chips) 
Seat 7: traderr71 ($2.05 in chips) 
Seat 8: infiniti888 ($2.30 in chips) 
Seat 9: aroundwinter ($1.42 in chips) 
Dorex2007: posts small blind $0.01
vasyl3010: posts big blind $0.02
Shreyu: sits out 
*** HOLE CARDS ***
Dealt to Dorex2007 [Th 5c]
BUTAW701: raises $0.04 to $0.06
Babel_Tower_JP leaves the table
svfree: folds 
traderr71: folds 
aleskoren1982 joins the table at seat #4 
infiniti888: folds 
aroundwinter: folds 
Dorex2007: folds 
vasyl3010: calls $0.04
*** FLOP *** [3s Jd 7h]
vasyl3010: checks 
BUTAW701: bets $0.07
vasyl3010: folds 
Uncalled bet ($0.07) returned to BUTAW701
BUTAW701 collected $0.13 from pot
BUTAW701: doesn't show hand 
*** SUMMARY ***
Total pot $0.13 | Rake $0 
Board [3s Jd 7h]
Seat 1: Dorex2007 (small blind) folded before Flop
Seat 2: vasyl3010 (big blind) folded on the Flop
Seat 5: BUTAW701 collected ($0.13)
Seat 6: svfree folded before Flop (didn't bet)
Seat 7: traderr71 folded before Flop (didn't bet)
Seat 8: infiniti888 folded before Flop (didn't bet)
Seat 9: aroundwinter (button) folded before Flop (didn't bet)



PokerStars Hand #232178714143:  Hold'em No Limit ($0.01/$0.02 USD) - 2021/12/13 1:53:08 PT [2021/12/13 4:53:08 ET]
Table 'Aase II' 9-max Seat #1 is the button
Seat 1: Dorex2007 ($2 in chips) 
Seat 2: vasyl3010 ($2 in chips) 
Seat 3: Shreyu ($2 in chips) 
Seat 4: aleskoren1982 ($2 in chips) 
Seat 5: BUTAW701 ($3.59 in chips) 
Seat 6: svfree ($1.64 in chips) 
Seat 7: traderr71 ($2.05 in chips) 
Seat 8: infiniti888 ($2.30 in chips) 
Seat 9: aroundwinter ($1.42 in chips) 
vasyl3010: posts small blind $0.01
Shreyu: posts big blind $0.02
aleskoren1982: posts big blind $0.02
*** HOLE CARDS ***
Dealt to Dorex2007 [Jd Kc]
aleskoren1982: checks 
BUTAW701: raises $0.04 to $0.06
svfree: folds 
traderr71: folds 
infiniti888: folds 
aroundwinter: folds 
Dorex2007: folds 
vasyl3010: folds 
Shreyu: folds 
aleskoren1982: folds 
Uncalled bet ($0.04) returned to BUTAW701
BUTAW701 collected $0.07 from pot
BUTAW701: doesn't show hand 
*** SUMMARY ***
Total pot $0.07 | Rake $0 
Seat 1: Dorex2007 (button) folded before Flop (didn't bet)
Seat 2: vasyl3010 (small blind) folded before Flop
Seat 3: Shreyu (big blind) folded before Flop
Seat 4: aleskoren1982 folded before Flop (didn't bet)
Seat 5: BUTAW701 collected ($0.07)
Seat 6: svfree folded before Flop (didn't bet)
Seat 7: traderr71 folded before Flop (didn't bet)
Seat 8: infiniti888 folded before Flop (didn't bet)
Seat 9: aroundwinter folded before Flop (didn't bet)



PokerStars Hand #232178718609:  Hold'em No Limit ($0.01/$0.02 USD) - 2021/12/13 1:53:32 PT [2021/12/13 4:53:32 ET]
Table 'Aase II' 9-max Seat #2 is the button
Seat 1: Dorex2007 ($2 in chips) 
Seat 2: vasyl3010 ($2 in chips) 
Seat 3: Shreyu ($1.98 in chips) 
Seat 4: aleskoren1982 ($1.98 in chips) 
Seat 5: BUTAW701 ($3.64 in chips) 
Seat 6: svfree ($1.64 in chips) 
Seat 7: traderr71 ($2.05 in chips) 
Seat 8: infiniti888 ($2.30 in chips) 
Seat 9: aroundwinter ($1.42 in chips) 
Shreyu: posts small blind $0.01
aleskoren1982: posts big blind $0.02
*** HOLE CARDS ***
Dealt to Dorex2007 [Ac Ah]
BUTAW701: folds 
svfree: folds 
traderr71: folds 
svfree leaves the table
infiniti888: folds 
aroundwinter: folds 
Dorex2007: raises $0.04 to $0.06
vasyl3010: folds 
Shreyu: folds 
aleskoren1982: folds 
Uncalled bet ($0.04) returned to Dorex2007
Dorex2007 collected $0.05 from pot
Dorex2007: doesn't show hand 
*** SUMMARY ***
Total pot $0.05 | Rake $0 
Seat 1: Dorex2007 collected ($0.05)
Seat 2: vasyl3010 (button) folded before Flop (didn't bet)
Seat 3: Shreyu (small blind) folded before Flop
Seat 4: aleskoren1982 (big blind) folded before Flop
Seat 5: BUTAW701 folded before Flop (didn't bet)
Seat 6: svfree folded before Flop (didn't bet)
Seat 7: traderr71 folded before Flop (didn't bet)
Seat 8: infiniti888 folded before Flop (didn't bet)
Seat 9: aroundwinter folded before Flop (didn't bet)



PokerStars Hand #232178721602:  Hold'em No Limit ($0.01/$0.02 USD) - 2021/12/13 1:53:48 PT [2021/12/13 4:53:48 ET]
Table 'Aase II' 9-max Seat #3 is the button
Seat 1: Dorex2007 ($2.03 in chips) 
Seat 2: vasyl3010 ($2 in chips) 
Seat 3: Shreyu ($1.97 in chips) 
Seat 4: aleskoren1982 ($1.96 in chips) 
Seat 5: BUTAW701 ($3.64 in chips) 
Seat 7: traderr71 ($2.05 in chips) 
Seat 8: infiniti888 ($2.30 in chips) 
Seat 9: aroundwinter ($1.42 in chips) 
aleskoren1982: posts small blind $0.01
BUTAW701: posts big blind $0.02
*** HOLE CARDS ***
Dealt to Dorex2007 [4s 6h]
traderr71: folds 
infiniti888: folds 
aroundwinter: folds 
Dorex2007: folds 
vasyl3010: folds 
Shreyu: raises $0.06 to $0.08
aleskoren1982: folds 
BUTAW701: folds 
Uncalled bet ($0.06) returned to Shreyu
Shreyu collected $0.05 from pot
Shreyu: doesn't show hand 
*** SUMMARY ***
Total pot $0.05 | Rake $0 
Seat 1: Dorex2007 folded before Flop (didn't bet)
Seat 2: vasyl3010 folded before Flop (didn't bet)
Seat 3: Shreyu (button) collected ($0.05)
Seat 4: aleskoren1982 (small blind) folded before Flop
Seat 5: BUTAW701 (big blind) folded before Flop
Seat 7: traderr71 folded before Flop (didn't bet)
Seat 8: infiniti888 folded before Flop (didn't bet)
Seat 9: aroundwinter folded before Flop (didn't bet)



PokerStars Hand #232178725773:  Hold'em No Limit ($0.01/$0.02 USD) - 2021/12/13 1:54:10 PT [2021/12/13 4:54:10 ET]
Table 'Aase II' 9-max Seat #4 is the button
Seat 1: Dorex2007 ($2.03 in chips) 
Seat 2: vasyl3010 ($2 in chips) 
Seat 3: Shreyu ($2 in chips) 
Seat 4: aleskoren1982 ($1.95 in chips) 
Seat 5: BUTAW701 ($3.62 in chips) 
Seat 7: traderr71 ($2.05 in chips) 
Seat 8: infiniti888 ($2.30 in chips) 
Seat 9: aroundwinter ($1.42 in chips) 
BUTAW701: posts small blind $0.01
traderr71: posts big blind $0.02
*** HOLE CARDS ***
Dealt to Dorex2007 [7s Th]
infiniti888: folds 
aroundwinter: folds 
Dorex2007: folds 
vasyl3010: calls $0.02
Shreyu: raises $0.08 to $0.10
aleskoren1982: calls $0.10
BUTAW701: folds 
traderr71: folds 
vasyl3010: folds 
*** FLOP *** [As 9h 5c]
Shreyu: bets $0.17
aleskoren1982: calls $0.17
*** TURN *** [As 9h 5c] [9c]
Shreyu: checks 
aleskoren1982: bets $0.28
Shreyu: folds 
Uncalled bet ($0.28) returned to aleskoren1982
aleskoren1982 collected $0.57 from pot
aleskoren1982: doesn't show hand 
*** SUMMARY ***
Total pot $0.59 | Rake $0.02 
Board [As 9h 5c 9c]
Seat 1: Dorex2007 folded before Flop (didn't bet)
Seat 2: vasyl3010 folded before Flop
Seat 3: Shreyu folded on the Turn
Seat 4: aleskoren1982 (button) collected ($0.57)
Seat 5: BUTAW701 (small blind) folded before Flop
Seat 7: traderr71 (big blind) folded before Flop
Seat 8: infiniti888 folded before Flop (didn't bet)
Seat 9: aroundwinter folded before Flop (didn't bet)



PokerStars Hand #232178731692:  Hold'em No Limit ($0.01/$0.02 USD) - 2021/12/13 1:54:41 PT [2021/12/13 4:54:41 ET]
Table 'Aase II' 9-max Seat #5 is the button
Seat 1: Dorex2007 ($2.03 in chips) 
Seat 2: vasyl3010 ($2 in chips) 
Seat 3: Shreyu ($1.73 in chips) 
Seat 4: aleskoren1982 ($2.25 in chips) 
Seat 5: BUTAW701 ($3.61 in chips) 
Seat 7: traderr71 ($2.03 in chips) 
Seat 8: infiniti888 ($2.30 in chips) 
Seat 9: aroundwinter ($1.42 in chips) 
traderr71: posts small blind $0.01
infiniti888: posts big blind $0.02
*** HOLE CARDS ***
Dealt to Dorex2007 [7c 3h]
aroundwinter: folds 
Dorex2007: folds 
vasyl3010: calls $0.02
Shreyu: folds 
aleskoren1982: raises $0.04 to $0.06
BUTAW701: folds 
traderr71: calls $0.05
infiniti888: folds 
vasyl3010: calls $0.04
*** FLOP *** [8d 8c 3s]
traderr71: checks 
vasyl3010: checks 
aleskoren1982: checks 
*** TURN *** [8d 8c 3s] [Js]
traderr71: checks 
vasyl3010: checks 
aleskoren1982: checks 
*** RIVER *** [8d 8c 3s Js] [Ac]
traderr71: bets $0.10
vasyl3010: folds 
aleskoren1982: calls $0.10
*** SHOW DOWN ***
traderr71: shows [Kh Ad] (two pair, Aces and Eights)
aleskoren1982: mucks hand 
traderr71 collected $0.39 from pot
*** SUMMARY ***
Total pot $0.40 | Rake $0.01 
Board [8d 8c 3s Js Ac]
Seat 1: Dorex2007 folded before Flop (didn't bet)
Seat 2: vasyl3010 folded on the River
Seat 3: Shreyu folded before Flop (didn't bet)
Seat 4: aleskoren1982 mucked [Qc Ah]
Seat 5: BUTAW701 (button) folded before Flop (didn't bet)
Seat 7: traderr71 (small blind) showed [Kh Ad] and won ($0.39) with two pair, Aces and Eights
Seat 8: infiniti888 (big blind) folded before Flop
Seat 9: aroundwinter folded before Flop (didn't bet)



PokerStars Hand #232178738522:  Hold'em No Limit ($0.01/$0.02 USD) - 2021/12/13 1:55:19 PT [2021/12/13 4:55:19 ET]
Table 'Aase II' 9-max Seat #7 is the button
Seat 1: Dorex2007 ($2.03 in chips) 
Seat 2: vasyl3010 ($2 in chips) 
Seat 3: Shreyu ($1.73 in chips) 
Seat 4: aleskoren1982 ($2.09 in chips) 
Seat 5: BUTAW701 ($3.61 in chips) 
Seat 7: traderr71 ($2.26 in chips) 
Seat 8: infiniti888 ($2.28 in chips) 
Seat 9: aroundwinter ($1.42 in chips) 
infiniti888: posts small blind $0.01
aroundwinter: posts big blind $0.02
*** HOLE CARDS ***
Dealt to Dorex2007 [Qh 4h]
Dorex2007: folds 
vasyl3010: folds 
Shreyu: raises $0.06 to $0.08
aleskoren1982: folds 
BUTAW701: calls $0.08
traderr71: folds 
infiniti888: folds 
aroundwinter: folds 
*** FLOP *** [3c 2c 6s]
Shreyu: bets $0.13
BUTAW701: calls $0.13
*** TURN *** [3c 2c 6s] [Td]
bibgemma joins the table at seat #6 
Shreyu: bets $0.22
BUTAW701: calls $0.22
*** RIVER *** [3c 2c 6s Td] [Kh]
Shreyu: bets $0.95
BUTAW701: calls $0.95
*** SHOW DOWN ***
Shreyu: shows [Js Qd] (high card King)
BUTAW701: shows [Ks As] (a pair of Kings)
BUTAW701 collected $2.69 from pot
*** SUMMARY ***
Total pot $2.79 | Rake $0.10 
Board [3c 2c 6s Td Kh]
Seat 1: Dorex2007 folded before Flop (didn't bet)
Seat 2: vasyl3010 folded before Flop (didn't bet)
Seat 3: Shreyu showed [Js Qd] and lost with high card King
Seat 4: aleskoren1982 folded before Flop (didn't bet)
Seat 5: BUTAW701 showed [Ks As] and won ($2.69) with a pair of Kings
Seat 7: traderr71 (button) folded before Flop (didn't bet)
Seat 8: infiniti888 (small blind) folded before Flop
Seat 9: aroundwinter (big blind) folded before Flop



PokerStars Hand #232178754744:  Hold'em No Limit ($0.01/$0.02 USD) - 2021/12/13 1:57:00 PT [2021/12/13 4:57:00 ET]
Table 'Aase II' 9-max Seat #8 is the button
Seat 1: Dorex2007 ($2.03 in chips) 
Seat 2: vasyl3010 ($2 in chips) 
Seat 3: Shreyu ($2 in chips) 
Seat 4: aleskoren1982 ($2.09 in chips) 
Seat 5: BUTAW701 ($4.92 in chips) 
Seat 7: traderr71 ($2.26 in chips) 
Seat 8: infiniti888 ($2.27 in chips) 
Seat 9: aroundwinter ($1.40 in chips) 
aroundwinter: posts small blind $0.01
Dorex2007: posts big blind $0.02
*** HOLE CARDS ***
Dealt to Dorex2007 [8h 5c]
vasyl3010: folds 
Shreyu: folds 
aleskoren1982: folds 
BUTAW701: folds 
traderr71: folds 
infiniti888: folds 
aroundwinter: folds 
Uncalled bet ($0.01) returned to Dorex2007
Dorex2007 collected $0.02 from pot
Dorex2007: doesn't show hand 
*** SUMMARY ***
Total pot $0.02 | Rake $0 
Seat 1: Dorex2007 (big blind) collected ($0.02)
Seat 2: vasyl3010 folded before Flop (didn't bet)
Seat 3: Shreyu folded before Flop (didn't bet)
Seat 4: aleskoren1982 folded before Flop (didn't bet)
Seat 5: BUTAW701 folded before Flop (didn't bet)
Seat 7: traderr71 folded before Flop (didn't bet)
Seat 8: infiniti888 (button) folded before Flop (didn't bet)
Seat 9: aroundwinter (small blind) folded before Flop



PokerStars Hand #232178757221:  Hold'em No Limit ($0.01/$0.02 USD) - 2021/12/13 1:57:15 PT [2021/12/13 4:57:15 ET]
Table 'Aase II' 9-max Seat #9 is the button
Seat 1: Dorex2007 ($2.04 in chips) 
Seat 2: vasyl3010 ($2 in chips) 
Seat 3: Shreyu ($2 in chips) 
Seat 4: aleskoren1982 ($2.09 in chips) 
Seat 5: BUTAW701 ($4.92 in chips) 
Seat 7: traderr71 ($2.26 in chips) 
Seat 8: infiniti888 ($2.27 in chips) 
Seat 9: aroundwinter ($1.39 in chips) 
Dorex2007: posts small blind $0.01
vasyl3010: posts big blind $0.02
bibgemma: sits out 
*** HOLE CARDS ***
Dealt to Dorex2007 [4s Jd]
Shreyu: folds 
aleskoren1982: folds 
BUTAW701: folds 
traderr71: folds 
infiniti888: folds 
aroundwinter: folds 
Dorex2007: folds 
Uncalled bet ($0.01) returned to vasyl3010
vasyl3010 collected $0.02 from pot
vasyl3010: doesn't show hand 
*** SUMMARY ***
Total pot $0.02 | Rake $0 
Seat 1: Dorex2007 (small blind) folded before Flop
Seat 2: vasyl3010 (big blind) collected ($0.02)
Seat 3: Shreyu folded before Flop (didn't bet)
Seat 4: aleskoren1982 folded before Flop (didn't bet)
Seat 5: BUTAW701 folded before Flop (didn't bet)
Seat 7: traderr71 folded before Flop (didn't bet)
Seat 8: infiniti888 folded before Flop (didn't bet)
Seat 9: aroundwinter (button) folded before Flop (didn't bet)



PokerStars Hand #232178759894:  Hold'em No Limit ($0.01/$0.02 USD) - 2021/12/13 1:57:32 PT [2021/12/13 4:57:32 ET]
Table 'Aase II' 9-max Seat #1 is the button
Seat 1: Dorex2007 ($2.03 in chips) 
Seat 2: vasyl3010 ($2.01 in chips) 
Seat 3: Shreyu ($2 in chips) 
Seat 4: aleskoren1982 ($2.09 in chips) 
Seat 5: BUTAW701 ($4.92 in chips) 
Seat 7: traderr71 ($2.26 in chips) 
Seat 8: infiniti888 ($2.27 in chips) 
Seat 9: aroundwinter ($1.39 in chips) 
vasyl3010: posts small blind $0.01
Shreyu: posts big blind $0.02
bibgemma: sits out 
*** HOLE CARDS ***
Dealt to Dorex2007 [7s Kh]
aleskoren1982: folds 
BUTAW701: folds 
traderr71: folds 
infiniti888: folds 
aroundwinter: folds 
Dorex2007: folds 
vasyl3010: calls $0.01
Shreyu: checks 
*** FLOP *** [Ah Kd Qs]
vasyl3010: checks 
Shreyu: checks 
*** TURN *** [Ah Kd Qs] [8h]
vasyl3010: checks 
Shreyu: checks 
*** RIVER *** [Ah Kd Qs 8h] [4c]
vasyl3010: checks 
Shreyu: checks 
*** SHOW DOWN ***
vasyl3010: shows [5h 5s] (a pair of Fives)
Shreyu: shows [8s 4h] (two pair, Eights and Fours)
Shreyu collected $0.04 from pot
*** SUMMARY ***
Total pot $0.04 | Rake $0 
Board [Ah Kd Qs 8h 4c]
Seat 1: Dorex2007 (button) folded before Flop (didn't bet)
Seat 2: vasyl3010 (small blind) showed [5h 5s] and lost with a pair of Fives
Seat 3: Shreyu (big blind) showed [8s 4h] and won ($0.04) with two pair, Eights and Fours
Seat 4: aleskoren1982 folded before Flop (didn't bet)
Seat 5: BUTAW701 folded before Flop (didn't bet)
Seat 7: traderr71 folded before Flop (didn't bet)
Seat 8: infiniti888 folded before Flop (didn't bet)
Seat 9: aroundwinter folded before Flop (didn't bet)



PokerStars Hand #232178764641:  Hold'em No Limit ($0.01/$0.02 USD) - 2021/12/13 1:58:02 PT [2021/12/13 4:58:02 ET]
Table 'Aase II' 9-max Seat #2 is the button
Seat 1: Dorex2007 ($2.03 in chips) 
Seat 2: vasyl3010 ($2 in chips) 
Seat 3: Shreyu ($2.02 in chips) 
Seat 4: aleskoren1982 ($2.09 in chips) 
Seat 5: BUTAW701 ($4.92 in chips) 
Seat 7: traderr71 ($2.26 in chips) 
Seat 8: infiniti888 ($2.27 in chips) 
Seat 9: aroundwinter ($1.39 in chips) 
Shreyu: posts small blind $0.01
aleskoren1982: posts big blind $0.02
bibgemma: sits out 
*** HOLE CARDS ***
Dealt to Dorex2007 [3s Jd]
BUTAW701: folds 
traderr71: calls $0.02
infiniti888: folds 
aroundwinter: folds 
Dorex2007: folds 
vasyl3010: folds 
Shreyu: folds 
aleskoren1982: checks 
*** FLOP *** [7c 8h Tc]
aleskoren1982: checks 
traderr71: checks 
*** TURN *** [7c 8h Tc] [Ts]
aleskoren1982: checks 
traderr71: checks 
*** RIVER *** [7c 8h Tc Ts] [9c]
aleskoren1982: checks 
traderr71: checks 
*** SHOW DOWN ***
aleskoren1982: shows [Ks 3h] (a pair of Tens)
traderr71: shows [9s Ad] (two pair, Tens and Nines)
traderr71 collected $0.05 from pot
*** SUMMARY ***
Total pot $0.05 | Rake $0 
Board [7c 8h Tc Ts 9c]
Seat 1: Dorex2007 folded before Flop (didn't bet)
Seat 2: vasyl3010 (button) folded before Flop (didn't bet)
Seat 3: Shreyu (small blind) folded before Flop
Seat 4: aleskoren1982 (big blind) showed [Ks 3h] and lost with a pair of Tens
Seat 5: BUTAW701 folded before Flop (didn't bet)
Seat 7: traderr71 showed [9s Ad] and won ($0.05) with two pair, Tens and Nines
Seat 8: infiniti888 folded before Flop (didn't bet)
Seat 9: aroundwinter folded before Flop (didn't bet)



PokerStars Hand #232178769592:  Hold'em No Limit ($0.01/$0.02 USD) - 2021/12/13 1:58:32 PT [2021/12/13 4:58:32 ET]
Table 'Aase II' 9-max Seat #3 is the button
Seat 1: Dorex2007 ($2.03 in chips) 
Seat 2: vasyl3010 ($2 in chips) 
Seat 3: Shreyu ($2.01 in chips) 
Seat 4: aleskoren1982 ($2.07 in chips) 
Seat 5: BUTAW701 ($4.92 in chips) 
Seat 7: traderr71 ($2.29 in chips) 
Seat 8: infiniti888 ($2.27 in chips) 
Seat 9: aroundwinter ($1.39 in chips) 
aleskoren1982: posts small blind $0.01
BUTAW701: posts big blind $0.02
bibgemma: sits out 
*** HOLE CARDS ***
Dealt to Dorex2007 [Ad Qd]
traderr71: folds 
infiniti888: folds 
aroundwinter: folds 
Dorex2007: raises $0.04 to $0.06
vasyl3010: folds 
Shreyu: folds 
aleskoren1982: folds 
BUTAW701: calls $0.04
*** FLOP *** [2c 7c Qh]
BUTAW701: checks 
Dorex2007: bets $0.13
BUTAW701: calls $0.13
*** TURN *** [2c 7c Qh] [3c]
BUTAW701: checks 
Dorex2007: bets $0.19
BUTAW701: folds 
Uncalled bet ($0.19) returned to Dorex2007
Dorex2007 collected $0.38 from pot
Dorex2007: doesn't show hand 
*** SUMMARY ***
Total pot $0.39 | Rake $0.01 
Board [2c 7c Qh 3c]
Seat 1: Dorex2007 collected ($0.38)
Seat 2: vasyl3010 folded before Flop (didn't bet)
Seat 3: Shreyu (button) folded before Flop (didn't bet)
Seat 4: aleskoren1982 (small blind) folded before Flop
Seat 5: BUTAW701 (big blind) folded on the Turn
Seat 7: traderr71 folded before Flop (didn't bet)
Seat 8: infiniti888 folded before Flop (didn't bet)
Seat 9: aroundwinter folded before Flop (didn't bet)



PokerStars Hand #232178785416:  Hold'em No Limit ($0.01/$0.02 USD) - 2021/12/13 2:00:10 PT [2021/12/13 5:00:10 ET]
Table 'Aase II' 9-max Seat #4 is the button
Seat 1: Dorex2007 ($2.22 in chips) 
Seat 2: vasyl3010 ($2 in chips) 
Seat 3: Shreyu ($2.01 in chips) 
Seat 4: aleskoren1982 ($2.06 in chips) 
Seat 5: BUTAW701 ($4.73 in chips) 
Seat 6: bibgemma ($0.90 in chips) 
Seat 7: traderr71 ($2.29 in chips) 
Seat 8: infiniti888 ($2.27 in chips) 
Seat 9: aroundwinter ($1.39 in chips) 
BUTAW701: posts small blind $0.01
bibgemma: posts big blind $0.02
*** HOLE CARDS ***
Dealt to Dorex2007 [Kc 6s]
traderr71: folds 
infiniti888: folds 
aroundwinter: folds 
Dorex2007: folds 
vasyl3010: calls $0.02
Shreyu: folds 
aleskoren1982: calls $0.02
BUTAW701: folds 
bibgemma: checks 
*** FLOP *** [As Tc 3h]
bibgemma: checks 
vasyl3010: bets $0.04
aleskoren1982: folds 
bibgemma: folds 
Uncalled bet ($0.04) returned to vasyl3010
vasyl3010 collected $0.07 from pot
vasyl3010: doesn't show hand 
*** SUMMARY ***
Total pot $0.07 | Rake $0 
Board [As Tc 3h]
Seat 1: Dorex2007 folded before Flop (didn't bet)
Seat 2: vasyl3010 collected ($0.07)
Seat 3: Shreyu folded before Flop (didn't bet)
Seat 4: aleskoren1982 (button) folded on the Flop
Seat 5: BUTAW701 (small blind) folded before Flop
Seat 6: bibgemma (big blind) folded on the Flop
Seat 7: traderr71 folded before Flop (didn't bet)
Seat 8: infiniti888 folded before Flop (didn't bet)
Seat 9: aroundwinter folded before Flop (didn't bet)



PokerStars Hand #232178790460:  Hold'em No Limit ($0.01/$0.02 USD) - 2021/12/13 2:00:41 PT [2021/12/13 5:00:41 ET]
Table 'Aase II' 9-max Seat #5 is the button
Seat 1: Dorex2007 ($2.22 in chips) 
Seat 2: vasyl3010 ($2.05 in chips) 
Seat 4: aleskoren1982 ($2.04 in chips) 
Seat 5: BUTAW701 ($4.72 in chips) 
Seat 6: bibgemma ($0.88 in chips) 
Seat 7: traderr71 ($2.29 in chips) 
Seat 8: infiniti888 ($2.27 in chips) 
Seat 9: aroundwinter ($1.39 in chips) 
bibgemma: posts small blind $0.01
traderr71: posts big blind $0.02
*** HOLE CARDS ***
Dealt to Dorex2007 [4d 5s]
infiniti888: folds 
aroundwinter: folds 
Dorex2007: folds 
vasyl3010: calls $0.02
aleskoren1982: folds 
BUTAW701: raises $0.04 to $0.06
bibgemma: folds 
traderr71: folds 
vasyl3010: calls $0.04
*** FLOP *** [9c 5h 8h]
vasyl3010: checks 
BUTAW701: checks 
*** TURN *** [9c 5h 8h] [Jh]
vasyl3010: checks 
BUTAW701: checks 
*** RIVER *** [9c 5h 8h Jh] [9h]
vasyl3010: checks 
BUTAW701: bets $0.07
vasyl3010: folds 
Uncalled bet ($0.07) returned to BUTAW701
BUTAW701 collected $0.14 from pot
BUTAW701: doesn't show hand 
*** SUMMARY ***
Total pot $0.15 | Rake $0.01 
Board [9c 5h 8h Jh 9h]
Seat 1: Dorex2007 folded before Flop (didn't bet)
Seat 2: vasyl3010 folded on the River
Seat 4: aleskoren1982 folded before Flop (didn't bet)
Seat 5: BUTAW701 (button) collected ($0.14)
Seat 6: bibgemma (small blind) folded before Flop
Seat 7: traderr71 (big blind) folded before Flop
Seat 8: infiniti888 folded before Flop (didn't bet)
Seat 9: aroundwinter folded before Flop (didn't bet)



PokerStars Hand #232178801037:  Hold'em No Limit ($0.01/$0.02 USD) - 2021/12/13 2:01:39 PT [2021/12/13 5:01:39 ET]
Table 'Aase II' 9-max Seat #6 is the button
Seat 1: Dorex2007 ($2.22 in chips) 
Seat 2: vasyl3010 ($2 in chips) 
Seat 4: aleskoren1982 ($2.04 in chips) 
Seat 5: BUTAW701 ($4.80 in chips) 
Seat 6: bibgemma ($0.87 in chips) 
Seat 7: traderr71 ($2.27 in chips) 
Seat 8: infiniti888 ($2.27 in chips) 
Seat 9: aroundwinter ($1.39 in chips) 
traderr71: posts small blind $0.01
infiniti888: posts big blind $0.02
*** HOLE CARDS ***
Dealt to Dorex2007 [Qh 4h]
aroundwinter: folds 
Dorex2007: raises $0.02 to $0.04
vasyl3010: folds 
aleskoren1982: folds 
BUTAW701: folds 
bibgemma: folds 
traderr71: folds 
infiniti888: folds 
Uncalled bet ($0.02) returned to Dorex2007
Dorex2007 collected $0.05 from pot
Dorex2007: doesn't show hand 
*** SUMMARY ***
Total pot $0.05 | Rake $0 
Seat 1: Dorex2007 collected ($0.05)
Seat 2: vasyl3010 folded before Flop (didn't bet)
Seat 4: aleskoren1982 folded before Flop (didn't bet)
Seat 5: BUTAW701 folded before Flop (didn't bet)
Seat 6: bibgemma (button) folded before Flop (didn't bet)
Seat 7: traderr71 (small blind) folded before Flop
Seat 8: infiniti888 (big blind) folded before Flop
Seat 9: aroundwinter folded before Flop (didn't bet)



PokerStars Hand #232178804706:  Hold'em No Limit ($0.01/$0.02 USD) - 2021/12/13 2:01:58 PT [2021/12/13 5:01:58 ET]
Table 'Aase II' 9-max Seat #7 is the button
Seat 1: Dorex2007 ($2.25 in chips) 
Seat 2: vasyl3010 ($2 in chips) 
Seat 4: aleskoren1982 ($2.04 in chips) 
Seat 5: BUTAW701 ($4.80 in chips) 
Seat 6: bibgemma ($0.87 in chips) 
Seat 7: traderr71 ($2.26 in chips) 
Seat 8: infiniti888 ($2.25 in chips) 
Seat 9: aroundwinter ($1.39 in chips) 
infiniti888: posts small blind $0.01
aroundwinter: posts big blind $0.02
*** HOLE CARDS ***
Dealt to Dorex2007 [Ad 3c]
Dorex2007: folds 
vasyl3010: calls $0.02
aleskoren1982: folds 
BUTAW701: raises $0.04 to $0.06
bibgemma: folds 
traderr71: folds 
infiniti888: folds 
aroundwinter: folds 
vasyl3010: calls $0.04
*** FLOP *** [6c Kh Th]
vasyl3010: checks 
BUTAW701: checks 
*** TURN *** [6c Kh Th] [Qd]
vasyl3010: checks 
BUTAW701: bets $0.08
vasyl3010: calls $0.08
*** RIVER *** [6c Kh Th Qd] [Ah]
vasyl3010: checks 
BUTAW701: checks 
*** SHOW DOWN ***
vasyl3010: shows [Kd Jc] (a straight, Ten to Ace)
BUTAW701: mucks hand 
vasyl3010 collected $0.30 from pot
*** SUMMARY ***
Total pot $0.31 | Rake $0.01 
Board [6c Kh Th Qd Ah]
Seat 1: Dorex2007 folded before Flop (didn't bet)
Seat 2: vasyl3010 showed [Kd Jc] and won ($0.30) with a straight, Ten to Ace
Seat 4: aleskoren1982 folded before Flop (didn't bet)
Seat 5: BUTAW701 mucked [Qh Qc]
Seat 6: bibgemma folded before Flop (didn't bet)
Seat 7: traderr71 (button) folded before Flop (didn't bet)
Seat 8: infiniti888 (small blind) folded before Flop
Seat 9: aroundwinter (big blind) folded before Flop



PokerStars Hand #232178813893:  Hold'em No Limit ($0.01/$0.02 USD) - 2021/12/13 2:02:46 PT [2021/12/13 5:02:46 ET]
Table 'Aase II' 9-max Seat #8 is the button
Seat 1: Dorex2007 ($2.25 in chips) 
Seat 2: vasyl3010 ($2.16 in chips) 
Seat 4: aleskoren1982 ($2.04 in chips) 
Seat 5: BUTAW701 ($4.66 in chips) 
Seat 6: bibgemma ($0.87 in chips) 
Seat 7: traderr71 ($2.26 in chips) 
Seat 8: infiniti888 ($2.24 in chips) 
Seat 9: aroundwinter ($1.37 in chips) 
aroundwinter: posts small blind $0.01
Dorex2007: posts big blind $0.02
*** HOLE CARDS ***
Dealt to Dorex2007 [7h As]
vasyl3010: folds 
aleskoren1982: folds 
BUTAW701: raises $0.04 to $0.06
bibgemma: folds 
traderr71: folds 
infiniti888: folds 
aroundwinter: folds 
Dorex2007: folds 
Uncalled bet ($0.04) returned to BUTAW701
BUTAW701 collected $0.05 from pot
BUTAW701: doesn't show hand 
*** SUMMARY ***
Total pot $0.05 | Rake $0 
Seat 1: Dorex2007 (big blind) folded before Flop
Seat 2: vasyl3010 folded before Flop (didn't bet)
Seat 4: aleskoren1982 folded before Flop (didn't bet)
Seat 5: BUTAW701 collected ($0.05)
Seat 6: bibgemma folded before Flop (didn't bet)
Seat 7: traderr71 folded before Flop (didn't bet)
Seat 8: infiniti888 (button) folded before Flop (didn't bet)
Seat 9: aroundwinter (small blind) folded before Flop



PokerStars Hand #232178817104:  Hold'em No Limit ($0.01/$0.02 USD) - 2021/12/13 2:03:03 PT [2021/12/13 5:03:03 ET]
Table 'Aase II' 9-max Seat #9 is the button
Seat 1: Dorex2007 ($2.23 in chips) 
Seat 2: vasyl3010 ($2.16 in chips) 
Seat 4: aleskoren1982 ($2.04 in chips) 
Seat 5: BUTAW701 ($4.69 in chips) 
Seat 6: bibgemma ($0.87 in chips) 
Seat 7: traderr71 ($2.26 in chips) 
Seat 8: infiniti888 ($2.24 in chips) 
Seat 9: aroundwinter ($1.36 in chips) 
Dorex2007: posts small blind $0.01
vasyl3010: posts big blind $0.02
*** HOLE CARDS ***
Dealt to Dorex2007 [2d Th]
aleskoren1982: folds 
BUTAW701: folds 
bibgemma: folds 
traderr71: folds 
infiniti888: raises $0.09 to $0.11
aroundwinter: folds 
Dorex2007: folds 
vasyl3010: folds 
Uncalled bet ($0.09) returned to infiniti888
infiniti888 collected $0.05 from pot
infiniti888: doesn't show hand 
*** SUMMARY ***
Total pot $0.05 | Rake $0 
Seat 1: Dorex2007 (small blind) folded before Flop
Seat 2: vasyl3010 (big blind) folded before Flop
Seat 4: aleskoren1982 folded before Flop (didn't bet)
Seat 5: BUTAW701 folded before Flop (didn't bet)
Seat 6: bibgemma folded before Flop (didn't bet)
Seat 7: traderr71 folded before Flop (didn't bet)
Seat 8: infiniti888 collected ($0.05)
Seat 9: aroundwinter (button) folded before Flop (didn't bet)



PokerStars Hand #232178820382:  Hold'em No Limit ($0.01/$0.02 USD) - 2021/12/13 2:03:20 PT [2021/12/13 5:03:20 ET]
Table 'Aase II' 9-max Seat #1 is the button
Seat 1: Dorex2007 ($2.22 in chips) 
Seat 2: vasyl3010 ($2.14 in chips) 
Seat 4: aleskoren1982 ($2.04 in chips) 
Seat 5: BUTAW701 ($4.69 in chips) 
Seat 6: bibgemma ($0.87 in chips) 
Seat 7: traderr71 ($2.26 in chips) 
Seat 8: infiniti888 ($2.27 in chips) 
Seat 9: aroundwinter ($1.36 in chips) 
vasyl3010: posts small blind $0.01
aleskoren1982: posts big blind $0.02
*** HOLE CARDS ***
Dealt to Dorex2007 [2s 8d]
BUTAW701: calls $0.02
bibgemma: folds 
traderr71: calls $0.02
infiniti888: folds 
aroundwinter: folds 
Dorex2007: folds 
vasyl3010: calls $0.01
aleskoren1982: checks 
*** FLOP *** [4c 8c 9c]
vasyl3010: checks 
aleskoren1982: checks 
BUTAW701: checks 
traderr71: bets $0.08
vasyl3010: folds 
aleskoren1982: calls $0.08
BUTAW701: folds 
*** TURN *** [4c 8c 9c] [6c]
aleskoren1982: checks 
traderr71: checks 
*** RIVER *** [4c 8c 9c 6c] [6h]
aleskoren1982: checks 
traderr71: bets $0.12
aleskoren1982: calls $0.12
*** SHOW DOWN ***
traderr71: shows [Ac 7h] (a flush, Ace high)
aleskoren1982: mucks hand 
traderr71 collected $0.46 from pot
*** SUMMARY ***
Total pot $0.48 | Rake $0.02 
Board [4c 8c 9c 6c 6h]
Seat 1: Dorex2007 (button) folded before Flop (didn't bet)
Seat 2: vasyl3010 (small blind) folded on the Flop
Seat 4: aleskoren1982 (big blind) mucked [Tc Qh]
Seat 5: BUTAW701 folded on the Flop
Seat 6: bibgemma folded before Flop (didn't bet)
Seat 7: traderr71 showed [Ac 7h] and won ($0.46) with a flush, Ace high
Seat 8: infiniti888 folded before Flop (didn't bet)
Seat 9: aroundwinter folded before Flop (didn't bet)



PokerStars Hand #232178830406:  Hold'em No Limit ($0.01/$0.02 USD) - 2021/12/13 2:04:11 PT [2021/12/13 5:04:11 ET]
Table 'Aase II' 9-max Seat #2 is the button
Seat 1: Dorex2007 ($2.22 in chips) 
Seat 2: vasyl3010 ($2.12 in chips) 
Seat 4: aleskoren1982 ($1.82 in chips) 
Seat 5: BUTAW701 ($4.67 in chips) 
Seat 6: bibgemma ($0.87 in chips) 
Seat 7: traderr71 ($2.50 in chips) 
Seat 8: infiniti888 ($2.27 in chips) 
Seat 9: aroundwinter ($1.36 in chips) 
aleskoren1982: posts small blind $0.01
BUTAW701: posts big blind $0.02
*** HOLE CARDS ***
Dealt to Dorex2007 [3c As]
bibgemma: folds 
traderr71: raises $0.04 to $0.06
infiniti888: folds 
aroundwinter: folds 
Dorex2007: folds 
vasyl3010: folds 
aleskoren1982: folds 
BUTAW701: calls $0.04
*** FLOP *** [Ad 9s 5h]
BUTAW701: bets $0.07
traderr71: calls $0.07
*** TURN *** [Ad 9s 5h] [6s]
BUTAW701: checks 
traderr71: checks 
*** RIVER *** [Ad 9s 5h 6s] [7d]
BUTAW701: bets $0.16
traderr71: folds 
Uncalled bet ($0.16) returned to BUTAW701
BUTAW701 collected $0.26 from pot
BUTAW701: doesn't show hand 
*** SUMMARY ***
Total pot $0.27 | Rake $0.01 
Board [Ad 9s 5h 6s 7d]
Seat 1: Dorex2007 folded before Flop (didn't bet)
Seat 2: vasyl3010 (button) folded before Flop (didn't bet)
Seat 4: aleskoren1982 (small blind) folded before Flop
Seat 5: BUTAW701 (big blind) collected ($0.26)
Seat 6: bibgemma folded before Flop (didn't bet)
Seat 7: traderr71 folded on the River
Seat 8: infiniti888 folded before Flop (didn't bet)
Seat 9: aroundwinter folded before Flop (didn't bet)



PokerStars Hand #232178842694:  Hold'em No Limit ($0.01/$0.02 USD) - 2021/12/13 2:05:15 PT [2021/12/13 5:05:15 ET]
Table 'Aase II' 9-max Seat #4 is the button
Seat 1: Dorex2007 ($2.22 in chips) 
Seat 2: vasyl3010 ($2.12 in chips) 
Seat 4: aleskoren1982 ($1.81 in chips) 
Seat 5: BUTAW701 ($4.80 in chips) 
Seat 6: bibgemma ($0.87 in chips) 
Seat 7: traderr71 ($2.37 in chips) 
Seat 8: infiniti888 ($2.27 in chips) 
Seat 9: aroundwinter ($1.36 in chips) 
BUTAW701: posts small blind $0.01
bibgemma: posts big blind $0.02
*** HOLE CARDS ***
Dealt to Dorex2007 [2d 3d]
traderr71: calls $0.02
infiniti888: folds 
aroundwinter: folds 
Dorex2007: calls $0.02
vasyl3010: folds 
aleskoren1982: raises $0.04 to $0.06
BUTAW701: folds 
bibgemma: folds 
traderr71: folds 
Dorex2007: folds 
Uncalled bet ($0.04) returned to aleskoren1982
aleskoren1982 collected $0.09 from pot
aleskoren1982: doesn't show hand 
*** SUMMARY ***
Total pot $0.09 | Rake $0 
Seat 1: Dorex2007 folded before Flop
Seat 2: vasyl3010 folded before Flop (didn't bet)
Seat 4: aleskoren1982 (button) collected ($0.09)
Seat 5: BUTAW701 (small blind) folded before Flop
Seat 6: bibgemma (big blind) folded before Flop
Seat 7: traderr71 folded before Flop
Seat 8: infiniti888 folded before Flop (didn't bet)
Seat 9: aroundwinter folded before Flop (didn't bet)



PokerStars Hand #232178847928:  Hold'em No Limit ($0.01/$0.02 USD) - 2021/12/13 2:05:42 PT [2021/12/13 5:05:42 ET]
Table 'Aase II' 9-max Seat #5 is the button
Seat 1: Dorex2007 ($2.20 in chips) 
Seat 2: vasyl3010 ($2.12 in chips) 
Seat 4: aleskoren1982 ($1.88 in chips) 
Seat 5: BUTAW701 ($4.79 in chips) 
Seat 6: bibgemma ($0.85 in chips) 
Seat 7: traderr71 ($2.35 in chips) 
Seat 8: infiniti888 ($2.27 in chips) 
Seat 9: aroundwinter ($1.36 in chips) 
bibgemma: posts small blind $0.01
traderr71: posts big blind $0.02
*** HOLE CARDS ***
Dealt to Dorex2007 [2s 9h]
infiniti888: calls $0.02
aroundwinter: folds 
Dorex2007: folds 
vasyl3010: folds 
aleskoren1982: folds 
BUTAW701: folds 
bibgemma: calls $0.01
traderr71: checks 
*** FLOP *** [5h 4d Qs]
bibgemma: checks 
traderr71: bets $0.03
infiniti888: folds 
bibgemma: folds 
Uncalled bet ($0.03) returned to traderr71
traderr71 collected $0.06 from pot
traderr71: doesn't show hand 
*** SUMMARY ***
Total pot $0.06 | Rake $0 
Board [5h 4d Qs]
Seat 1: Dorex2007 folded before Flop (didn't bet)
Seat 2: vasyl3010 folded before Flop (didn't bet)
Seat 4: aleskoren1982 folded before Flop (didn't bet)
Seat 5: BUTAW701 (button) folded before Flop (didn't bet)
Seat 6: bibgemma (small blind) folded on the Flop
Seat 7: traderr71 (big blind) collected ($0.06)
Seat 8: infiniti888 folded on the Flop
Seat 9: aroundwinter folded before Flop (didn't bet)



PokerStars Hand #232178854755:  Hold'em No Limit ($0.01/$0.02 USD) - 2021/12/13 2:06:16 PT [2021/12/13 5:06:16 ET]
Table 'Aase II' 9-max Seat #6 is the button
Seat 1: Dorex2007 ($2.20 in chips) 
Seat 2: vasyl3010 ($2.12 in chips) 
Seat 4: aleskoren1982 ($1.88 in chips) 
Seat 5: BUTAW701 ($4.79 in chips) 
Seat 6: bibgemma ($0.83 in chips) 
Seat 7: traderr71 ($2.39 in chips) 
Seat 8: infiniti888 ($2.25 in chips) 
Seat 9: aroundwinter ($1.36 in chips) 
traderr71: posts small blind $0.01
infiniti888: posts big blind $0.02
*** HOLE CARDS ***
Dealt to Dorex2007 [As Ac]
aroundwinter: folds 
Dorex2007: raises $0.06 to $0.08
vasyl3010: folds 
aleskoren1982: calls $0.08
BUTAW701: calls $0.08
bibgemma: folds 
traderr71: folds 
infiniti888: folds 
*** FLOP *** [6s Ks Jh]
Dorex2007: bets $0.26
aleskoren1982: calls $0.26
BUTAW701 said, "AA?"
Dorex2007 said, "i wish"
BUTAW701: calls $0.26
*** TURN *** [6s Ks Jh] [2d]
Dorex2007: bets $1.86 and is all-in
aleskoren1982: folds 
BUTAW701: folds 
Uncalled bet ($1.86) returned to Dorex2007
Dorex2007 collected $1.01 from pot
Dorex2007: doesn't show hand 
*** SUMMARY ***
Total pot $1.05 | Rake $0.04 
Board [6s Ks Jh 2d]
Seat 1: Dorex2007 collected ($1.01)
Seat 2: vasyl3010 folded before Flop (didn't bet)
Seat 4: aleskoren1982 folded on the Turn
Seat 5: BUTAW701 folded on the Turn
Seat 6: bibgemma (button) folded before Flop (didn't bet)
Seat 7: traderr71 (small blind) folded before Flop
Seat 8: infiniti888 (big blind) folded before Flop
Seat 9: aroundwinter folded before Flop (didn't bet)



PokerStars Hand #232178868509:  Hold'em No Limit ($0.01/$0.02 USD) - 2021/12/13 2:07:28 PT [2021/12/13 5:07:28 ET]
Table 'Aase II' 9-max Seat #7 is the button
Seat 1: Dorex2007 ($2.87 in chips) 
Seat 2: vasyl3010 ($2.12 in chips) 
Seat 4: aleskoren1982 ($1.54 in chips) 
Seat 5: BUTAW701 ($4.45 in chips) 
Seat 6: bibgemma ($0.83 in chips) 
Seat 7: traderr71 ($2.38 in chips) 
Seat 8: infiniti888 ($2.23 in chips) 
Seat 9: aroundwinter ($1.36 in chips) 
infiniti888: posts small blind $0.01
aroundwinter: posts big blind $0.02
*** HOLE CARDS ***
Dealt to Dorex2007 [7d Ad]
BUTAW701 said, "nh"
Dorex2007: calls $0.02
vasyl3010: folds 
aleskoren1982: raises $0.04 to $0.06
BUTAW701: folds 
bibgemma: folds 
traderr71: folds 
infiniti888: folds 
aroundwinter: folds 
Dorex2007: calls $0.04
*** FLOP *** [As 9c Ks]
Dorex2007: checks 
aleskoren1982: bets $0.14
Dorex2007: calls $0.14
*** TURN *** [As 9c Ks] [7h]
Dorex2007: checks 
aleskoren1982: bets $0.20
Dorex2007: raises $2.47 to $2.67 and is all-in
aleskoren1982: folds 
Uncalled bet ($2.47) returned to Dorex2007
Dorex2007 collected $0.80 from pot
Dorex2007: doesn't show hand 
*** SUMMARY ***
Total pot $0.83 | Rake $0.03 
Board [As 9c Ks 7h]
Seat 1: Dorex2007 collected ($0.80)
Seat 2: vasyl3010 folded before Flop (didn't bet)
Seat 4: aleskoren1982 folded on the Turn
Seat 5: BUTAW701 folded before Flop (didn't bet)
Seat 6: bibgemma folded before Flop (didn't bet)
Seat 7: traderr71 (button) folded before Flop (didn't bet)
Seat 8: infiniti888 (small blind) folded before Flop
Seat 9: aroundwinter (big blind) folded before Flop



PokerStars Hand #232178879359:  Hold'em No Limit ($0.01/$0.02 USD) - 2021/12/13 2:08:24 PT [2021/12/13 5:08:24 ET]
Table 'Aase II' 9-max Seat #8 is the button
Seat 1: Dorex2007 ($3.27 in chips) 
Seat 2: vasyl3010 ($2.12 in chips) 
Seat 4: aleskoren1982 ($1.14 in chips) 
Seat 5: BUTAW701 ($4.45 in chips) 
Seat 6: bibgemma ($0.83 in chips) 
Seat 7: traderr71 ($2.38 in chips) 
Seat 8: infiniti888 ($2.22 in chips) 
Seat 9: aroundwinter ($1.34 in chips) 
aroundwinter: posts small blind $0.01
Dorex2007: posts big blind $0.02
*** HOLE CARDS ***
Dealt to Dorex2007 [Jd 3h]
vasyl3010: folds 
aleskoren1982: raises $0.04 to $0.06
BUTAW701: folds 
bibgemma: folds 
traderr71: folds 
infiniti888: folds 
aroundwinter: folds 
Dorex2007: folds 
Uncalled bet ($0.04) returned to aleskoren1982
aleskoren1982 collected $0.05 from pot
aleskoren1982: doesn't show hand 
*** SUMMARY ***
Total pot $0.05 | Rake $0 
Seat 1: Dorex2007 (big blind) folded before Flop
Seat 2: vasyl3010 folded before Flop (didn't bet)
Seat 4: aleskoren1982 collected ($0.05)
Seat 5: BUTAW701 folded before Flop (didn't bet)
Seat 6: bibgemma folded before Flop (didn't bet)
Seat 7: traderr71 folded before Flop (didn't bet)
Seat 8: infiniti888 (button) folded before Flop (didn't bet)
Seat 9: aroundwinter (small blind) folded before Flop



PokerStars Hand #232178882906:  Hold'em No Limit ($0.01/$0.02 USD) - 2021/12/13 2:08:42 PT [2021/12/13 5:08:42 ET]
Table 'Aase II' 9-max Seat #9 is the button
Seat 1: Dorex2007 ($3.25 in chips) 
Seat 2: vasyl3010 ($2.12 in chips) 
Seat 4: aleskoren1982 ($1.17 in chips) 
Seat 5: BUTAW701 ($4.45 in chips) 
Seat 6: bibgemma ($0.83 in chips) 
Seat 7: traderr71 ($2.38 in chips) 
Seat 8: infiniti888 ($2.22 in chips) 
Seat 9: aroundwinter ($1.33 in chips) 
Dorex2007: posts small blind $0.01
vasyl3010: posts big blind $0.02
*** HOLE CARDS ***
Dealt to Dorex2007 [3s Ts]
aleskoren1982: calls $0.02
BUTAW701: raises $0.04 to $0.06
bibgemma: folds 
traderr71: calls $0.06
infiniti888: folds 
aroundwinter: folds 
Dorex2007: folds 
vasyl3010: calls $0.04
aleskoren1982: calls $0.04
*** FLOP *** [7c Js Qh]
vasyl3010: checks 
aleskoren1982: checks 
BUTAW701: checks 
traderr71: bets $0.12
vasyl3010: folds 
aleskoren1982: folds 
BUTAW701: folds 
Uncalled bet ($0.12) returned to traderr71
traderr71 collected $0.24 from pot
traderr71: doesn't show hand 
*** SUMMARY ***
Total pot $0.25 | Rake $0.01 
Board [7c Js Qh]
Seat 1: Dorex2007 (small blind) folded before Flop
Seat 2: vasyl3010 (big blind) folded on the Flop
Seat 4: aleskoren1982 folded on the Flop
Seat 5: BUTAW701 folded on the Flop
Seat 6: bibgemma folded before Flop (didn't bet)
Seat 7: traderr71 collected ($0.24)
Seat 8: infiniti888 folded before Flop (didn't bet)
Seat 9: aroundwinter (button) folded before Flop (didn't bet)



PokerStars Hand #232178893461:  Hold'em No Limit ($0.01/$0.02 USD) - 2021/12/13 2:09:37 PT [2021/12/13 5:09:37 ET]
Table 'Aase II' 9-max Seat #1 is the button
Seat 1: Dorex2007 ($3.24 in chips) 
Seat 2: vasyl3010 ($2.06 in chips) 
Seat 4: aleskoren1982 ($1.11 in chips) 
Seat 5: BUTAW701 ($4.39 in chips) 
Seat 6: bibgemma ($0.83 in chips) 
Seat 7: traderr71 ($2.56 in chips) 
Seat 8: infiniti888 ($2.22 in chips) 
Seat 9: aroundwinter ($1.33 in chips) 
vasyl3010: posts small blind $0.01
aleskoren1982: posts big blind $0.02
*** HOLE CARDS ***
Dealt to Dorex2007 [Jc Jd]
BUTAW701: folds 
bibgemma: folds 
traderr71: folds 
infiniti888: folds 
aroundwinter: folds 
Dorex2007: raises $0.04 to $0.06
vasyl3010: folds 
aleskoren1982: folds 
Uncalled bet ($0.04) returned to Dorex2007
Dorex2007 collected $0.05 from pot
Dorex2007: doesn't show hand 
*** SUMMARY ***
Total pot $0.05 | Rake $0 
Seat 1: Dorex2007 (button) collected ($0.05)
Seat 2: vasyl3010 (small blind) folded before Flop
Seat 4: aleskoren1982 (big blind) folded before Flop
Seat 5: BUTAW701 folded before Flop (didn't bet)
Seat 6: bibgemma folded before Flop (didn't bet)
Seat 7: traderr71 folded before Flop (didn't bet)
Seat 8: infiniti888 folded before Flop (didn't bet)
Seat 9: aroundwinter folded before Flop (didn't bet)



PokerStars Hand #232178897508:  Hold'em No Limit ($0.01/$0.02 USD) - 2021/12/13 2:09:58 PT [2021/12/13 5:09:58 ET]
Table 'Aase II' 9-max Seat #2 is the button
Seat 1: Dorex2007 ($3.27 in chips) 
Seat 2: vasyl3010 ($2.05 in chips) 
Seat 4: aleskoren1982 ($1.09 in chips) 
Seat 5: BUTAW701 ($4.39 in chips) 
Seat 6: bibgemma ($0.83 in chips) 
Seat 7: traderr71 ($2.56 in chips) 
Seat 8: infiniti888 ($2.22 in chips) 
Seat 9: aroundwinter ($1.33 in chips) 
aleskoren1982: posts small blind $0.01
BUTAW701: posts big blind $0.02
*** HOLE CARDS ***
Dealt to Dorex2007 [Ac Qd]
bibgemma: folds 
traderr71: folds 
infiniti888: folds 
aroundwinter: folds 
Dorex2007: raises $0.04 to $0.06
vasyl3010: raises $1.99 to $2.05 and is all-in
aleskoren1982: folds 
BUTAW701: folds 
Dorex2007: folds 
Uncalled bet ($1.99) returned to vasyl3010
vasyl3010 collected $0.15 from pot
vasyl3010: doesn't show hand 
*** SUMMARY ***
Total pot $0.15 | Rake $0 
Seat 1: Dorex2007 folded before Flop
Seat 2: vasyl3010 (button) collected ($0.15)
Seat 4: aleskoren1982 (small blind) folded before Flop
Seat 5: BUTAW701 (big blind) folded before Flop
Seat 6: bibgemma folded before Flop (didn't bet)
Seat 7: traderr71 folded before Flop (didn't bet)
Seat 8: infiniti888 folded before Flop (didn't bet)
Seat 9: aroundwinter folded before Flop (didn't bet)



PokerStars Hand #232178901816:  Hold'em No Limit ($0.01/$0.02 USD) - 2021/12/13 2:10:20 PT [2021/12/13 5:10:20 ET]
Table 'Aase II' 9-max Seat #4 is the button
Seat 1: Dorex2007 ($3.21 in chips) 
Seat 2: vasyl3010 ($2.14 in chips) 
Seat 4: aleskoren1982 ($1.08 in chips) 
Seat 5: BUTAW701 ($4.37 in chips) 
Seat 6: bibgemma ($0.83 in chips) 
Seat 7: traderr71 ($2.56 in chips) 
Seat 8: infiniti888 ($2.22 in chips) 
Seat 9: aroundwinter ($1.33 in chips) 
BUTAW701: posts small blind $0.01
bibgemma: posts big blind $0.02
*** HOLE CARDS ***
Dealt to Dorex2007 [Kc 2h]
traderr71: raises $0.04 to $0.06
infiniti888: folds 
aroundwinter: raises $0.09 to $0.15
Dorex2007: folds 
vasyl3010: folds 
aleskoren1982: folds 
BUTAW701: folds 
bibgemma: folds 
traderr71: calls $0.09
*** FLOP *** [Ts 7d Ks]
traderr71: checks 
aroundwinter: bets $0.11
traderr71: calls $0.11
*** TURN *** [Ts 7d Ks] [Tc]
traderr71: checks 
aroundwinter: bets $0.20
traderr71: folds 
Uncalled bet ($0.20) returned to aroundwinter
aroundwinter collected $0.53 from pot
aroundwinter: doesn't show hand 
*** SUMMARY ***
Total pot $0.55 | Rake $0.02 
Board [Ts 7d Ks Tc]
Seat 1: Dorex2007 folded before Flop (didn't bet)
Seat 2: vasyl3010 folded before Flop (didn't bet)
Seat 4: aleskoren1982 (button) folded before Flop (didn't bet)
Seat 5: BUTAW701 (small blind) folded before Flop
Seat 6: bibgemma (big blind) folded before Flop
Seat 7: traderr71 folded on the Turn
Seat 8: infiniti888 folded before Flop (didn't bet)
Seat 9: aroundwinter collected ($0.53)



PokerStars Hand #232178913121:  Hold'em No Limit ($0.01/$0.02 USD) - 2021/12/13 2:11:18 PT [2021/12/13 5:11:18 ET]
Table 'Aase II' 9-max Seat #5 is the button
Seat 1: Dorex2007 ($3.21 in chips) 
Seat 2: vasyl3010 ($2.14 in chips) 
Seat 4: aleskoren1982 ($1.08 in chips) 
Seat 5: BUTAW701 ($4.36 in chips) 
Seat 6: bibgemma ($0.81 in chips) 
Seat 7: traderr71 ($2.30 in chips) 
Seat 8: infiniti888 ($2.22 in chips) 
Seat 9: aroundwinter ($1.60 in chips) 
bibgemma: posts small blind $0.01
traderr71: posts big blind $0.02
*** HOLE CARDS ***
Dealt to Dorex2007 [5c Kd]
infiniti888: calls $0.02
aroundwinter: folds 
Dorex2007: folds 
vasyl3010: folds 
aleskoren1982: raises $0.06 to $0.08
BUTAW701: folds 
bibgemma: folds 
traderr71: folds 
infiniti888: calls $0.06
*** FLOP *** [2c Tc 4d]
infiniti888: checks 
aleskoren1982: bets $0.18
infiniti888: raises $1.96 to $2.14 and is all-in
aleskoren1982: calls $0.82 and is all-in
Uncalled bet ($1.14) returned to infiniti888
*** TURN *** [2c Tc 4d] [2d]
*** RIVER *** [2c Tc 4d 2d] [Th]
*** SHOW DOWN ***
infiniti888: shows [Jh Jc] (two pair, Jacks and Tens)
aleskoren1982: shows [4h As] (two pair, Tens and Fours)
infiniti888 collected $2.11 from pot
*** SUMMARY ***
Total pot $2.19 | Rake $0.08 
Board [2c Tc 4d 2d Th]
Seat 1: Dorex2007 folded before Flop (didn't bet)
Seat 2: vasyl3010 folded before Flop (didn't bet)
Seat 4: aleskoren1982 showed [4h As] and lost with two pair, Tens and Fours
Seat 5: BUTAW701 (button) folded before Flop (didn't bet)
Seat 6: bibgemma (small blind) folded before Flop
Seat 7: traderr71 (big blind) folded before Flop
Seat 8: infiniti888 showed [Jh Jc] and won ($2.11) with two pair, Jacks and Tens
Seat 9: aroundwinter folded before Flop (didn't bet)



PokerStars Hand #232178922452:  Hold'em No Limit ($0.01/$0.02 USD) - 2021/12/13 2:12:06 PT [2021/12/13 5:12:06 ET]
Table 'Aase II' 9-max Seat #6 is the button
Seat 1: Dorex2007 ($3.21 in chips) 
Seat 2: vasyl3010 ($2.14 in chips) 
Seat 5: BUTAW701 ($4.36 in chips) 
Seat 6: bibgemma ($0.80 in chips) 
Seat 7: traderr71 ($2.28 in chips) 
Seat 8: infiniti888 ($3.25 in chips) 
Seat 9: aroundwinter ($1.60 in chips) 
traderr71: posts small blind $0.01
infiniti888: posts big blind $0.02
*** HOLE CARDS ***
Dealt to Dorex2007 [Ks 4d]
aroundwinter: folds 
Dorex2007: folds 
vasyl3010: folds 
aleskoren1982 leaves the table
cleanok joins the table at seat #4 
BUTAW701: raises $0.04 to $0.06
bibgemma: folds 
traderr71: folds 
infiniti888: folds 
Uncalled bet ($0.04) returned to BUTAW701
BUTAW701 collected $0.05 from pot
BUTAW701: doesn't show hand 
*** SUMMARY ***
Total pot $0.05 | Rake $0 
Seat 1: Dorex2007 folded before Flop (didn't bet)
Seat 2: vasyl3010 folded before Flop (didn't bet)
Seat 5: BUTAW701 collected ($0.05)
Seat 6: bibgemma (button) folded before Flop (didn't bet)
Seat 7: traderr71 (small blind) folded before Flop
Seat 8: infiniti888 (big blind) folded before Flop
Seat 9: aroundwinter folded before Flop (didn't bet)



PokerStars Hand #232178926083:  Hold'em No Limit ($0.01/$0.02 USD) - 2021/12/13 2:12:24 PT [2021/12/13 5:12:24 ET]
Table 'Aase II' 9-max Seat #7 is the button
Seat 1: Dorex2007 ($3.21 in chips) 
Seat 2: vasyl3010 ($2.14 in chips) 
Seat 5: BUTAW701 ($4.39 in chips) 
Seat 6: bibgemma ($0.80 in chips) 
Seat 7: traderr71 ($2.27 in chips) 
Seat 8: infiniti888 ($3.23 in chips) 
Seat 9: aroundwinter ($1.60 in chips) 
infiniti888: posts small blind $0.01
aroundwinter: posts big blind $0.02
cleanok: sits out 
*** HOLE CARDS ***
Dealt to Dorex2007 [3d Jd]
Dorex2007: calls $0.02
vasyl3010: folds 
BUTAW701: folds 
bibgemma: folds 
traderr71: folds 
infiniti888: folds 
aroundwinter: checks 
*** FLOP *** [Jc Qh 4c]
aroundwinter: checks 
Dorex2007: bets $0.05
aroundwinter: folds 
Uncalled bet ($0.05) returned to Dorex2007
Dorex2007 collected $0.05 from pot
Dorex2007: doesn't show hand 
*** SUMMARY ***
Total pot $0.05 | Rake $0 
Board [Jc Qh 4c]
Seat 1: Dorex2007 collected ($0.05)
Seat 2: vasyl3010 folded before Flop (didn't bet)
Seat 5: BUTAW701 folded before Flop (didn't bet)
Seat 6: bibgemma folded before Flop (didn't bet)
Seat 7: traderr71 (button) folded before Flop (didn't bet)
Seat 8: infiniti888 (small blind) folded before Flop
Seat 9: aroundwinter (big blind) folded on the Flop



PokerStars Hand #232178931993:  Hold'em No Limit ($0.01/$0.02 USD) - 2021/12/13 2:12:54 PT [2021/12/13 5:12:54 ET]
Table 'Aase II' 9-max Seat #8 is the button
Seat 1: Dorex2007 ($3.24 in chips) 
Seat 2: vasyl3010 ($2.14 in chips) 
Seat 5: BUTAW701 ($4.39 in chips) 
Seat 6: bibgemma ($0.80 in chips) 
Seat 7: traderr71 ($2.27 in chips) 
Seat 8: infiniti888 ($3.22 in chips) 
Seat 9: aroundwinter ($1.58 in chips) 
aroundwinter: posts small blind $0.01
Dorex2007: posts big blind $0.02
cleanok: sits out 
*** HOLE CARDS ***
Dealt to Dorex2007 [9h 4c]
vasyl3010: folds 
BUTAW701: folds 
bibgemma: folds 
traderr71: folds 
infiniti888: calls $0.02
aroundwinter: folds 
Dorex2007: checks 
*** FLOP *** [Qh Ts 5h]
Dorex2007: checks 
infiniti888: checks 
*** TURN *** [Qh Ts 5h] [3h]
Dorex2007: checks 
infiniti888: bets $0.04
Dorex2007: folds 
Uncalled bet ($0.04) returned to infiniti888
infiniti888 collected $0.05 from pot
infiniti888: doesn't show hand 
*** SUMMARY ***
Total pot $0.05 | Rake $0 
Board [Qh Ts 5h 3h]
Seat 1: Dorex2007 (big blind) folded on the Turn
Seat 2: vasyl3010 folded before Flop (didn't bet)
Seat 5: BUTAW701 folded before Flop (didn't bet)
Seat 6: bibgemma folded before Flop (didn't bet)
Seat 7: traderr71 folded before Flop (didn't bet)
Seat 8: infiniti888 (button) collected ($0.05)
Seat 9: aroundwinter (small blind) folded before Flop



PokerStars Hand #232178939611:  Hold'em No Limit ($0.01/$0.02 USD) - 2021/12/13 2:13:33 PT [2021/12/13 5:13:33 ET]
Table 'Aase II' 9-max Seat #9 is the button
Seat 1: Dorex2007 ($3.22 in chips) 
Seat 2: vasyl3010 ($2.14 in chips) 
Seat 5: BUTAW701 ($4.39 in chips) 
Seat 6: bibgemma ($0.80 in chips) 
Seat 7: traderr71 ($2.27 in chips) 
Seat 8: infiniti888 ($3.25 in chips) 
Seat 9: aroundwinter ($1.57 in chips) 
Dorex2007: posts small blind $0.01
vasyl3010: posts big blind $0.02
cleanok: sits out 
*** HOLE CARDS ***
Dealt to Dorex2007 [Kh Jd]
BUTAW701: raises $0.04 to $0.06
bibgemma: folds 
traderr71: folds 
infiniti888: folds 
aroundwinter: folds 
Dorex2007: folds 
vasyl3010: calls $0.04
*** FLOP *** [4s 2c 3c]
vasyl3010: checks 
BUTAW701: bets $0.07
vasyl3010: folds 
Uncalled bet ($0.07) returned to BUTAW701
BUTAW701 collected $0.13 from pot
BUTAW701: doesn't show hand 
*** SUMMARY ***
Total pot $0.13 | Rake $0 
Board [4s 2c 3c]
Seat 1: Dorex2007 (small blind) folded before Flop
Seat 2: vasyl3010 (big blind) folded on the Flop
Seat 5: BUTAW701 collected ($0.13)
Seat 6: bibgemma folded before Flop (didn't bet)
Seat 7: traderr71 folded before Flop (didn't bet)
Seat 8: infiniti888 folded before Flop (didn't bet)
Seat 9: aroundwinter (button) folded before Flop (didn't bet)



PokerStars Hand #232178946818:  Hold'em No Limit ($0.01/$0.02 USD) - 2021/12/13 2:14:09 PT [2021/12/13 5:14:09 ET]
Table 'Aase II' 9-max Seat #1 is the button
Seat 1: Dorex2007 ($3.21 in chips) 
Seat 2: vasyl3010 ($2.08 in chips) 
Seat 4: cleanok ($2 in chips) 
Seat 5: BUTAW701 ($4.46 in chips) 
Seat 6: bibgemma ($0.80 in chips) 
Seat 7: traderr71 ($2.27 in chips) 
Seat 8: infiniti888 ($3.25 in chips) 
Seat 9: aroundwinter ($1.57 in chips) 
vasyl3010: posts small blind $0.01
cleanok: posts big blind $0.02
*** HOLE CARDS ***
Dealt to Dorex2007 [Js 7s]
BUTAW701: folds 
bibgemma: folds 
traderr71: calls $0.02
infiniti888: folds 
aroundwinter: folds 
Dorex2007: calls $0.02
vasyl3010: folds 
cleanok: checks 
*** FLOP *** [6h 5c Td]
cleanok: checks 
traderr71: checks 
Dorex2007: checks 
*** TURN *** [6h 5c Td] [5h]
cleanok: bets $0.02
traderr71: folds 
Dorex2007: folds 
Uncalled bet ($0.02) returned to cleanok
cleanok collected $0.07 from pot
cleanok: doesn't show hand 
*** SUMMARY ***
Total pot $0.07 | Rake $0 
Board [6h 5c Td 5h]
Seat 1: Dorex2007 (button) folded on the Turn
Seat 2: vasyl3010 (small blind) folded before Flop
Seat 4: cleanok (big blind) collected ($0.07)
Seat 5: BUTAW701 folded before Flop (didn't bet)
Seat 6: bibgemma folded before Flop (didn't bet)
Seat 7: traderr71 folded on the Turn
Seat 8: infiniti888 folded before Flop (didn't bet)
Seat 9: aroundwinter folded before Flop (didn't bet)



PokerStars Hand #232178954586:  Hold'em No Limit ($0.01/$0.02 USD) - 2021/12/13 2:14:49 PT [2021/12/13 5:14:49 ET]
Table 'Aase II' 9-max Seat #2 is the button
Seat 1: Dorex2007 ($3.19 in chips) 
Seat 2: vasyl3010 ($2.07 in chips) 
Seat 4: cleanok ($2.05 in chips) 
Seat 5: BUTAW701 ($4.46 in chips) 
Seat 6: bibgemma ($0.80 in chips) 
Seat 7: traderr71 ($2.25 in chips) 
Seat 8: infiniti888 ($3.25 in chips) 
Seat 9: aroundwinter ($1.57 in chips) 
cleanok: posts small blind $0.01
BUTAW701: posts big blind $0.02
*** HOLE CARDS ***
Dealt to Dorex2007 [Kh 5c]
bibgemma: folds 
traderr71: folds 
infiniti888: folds 
aroundwinter: folds 
Dorex2007: folds 
vasyl3010: calls $0.02
cleanok: folds 
BUTAW701: checks 
*** FLOP *** [3d Ts Kd]
BUTAW701: checks 
vasyl3010: checks 
*** TURN *** [3d Ts Kd] [2d]
BUTAW701: bets $0.03
vasyl3010: calls $0.03
*** RIVER *** [3d Ts Kd 2d] [3s]
BUTAW701: checks 
vasyl3010: bets $0.06
BUTAW701: calls $0.06
*** SHOW DOWN ***
vasyl3010: shows [Jd Ad] (a flush, Ace high)
BUTAW701: mucks hand 
vasyl3010 collected $0.22 from pot
*** SUMMARY ***
Total pot $0.23 | Rake $0.01 
Board [3d Ts Kd 2d 3s]
Seat 1: Dorex2007 folded before Flop (didn't bet)
Seat 2: vasyl3010 (button) showed [Jd Ad] and won ($0.22) with a flush, Ace high
Seat 4: cleanok (small blind) folded before Flop
Seat 5: BUTAW701 (big blind) mucked [As Th]
Seat 6: bibgemma folded before Flop (didn't bet)
Seat 7: traderr71 folded before Flop (didn't bet)
Seat 8: infiniti888 folded before Flop (didn't bet)
Seat 9: aroundwinter folded before Flop (didn't bet)



PokerStars Hand #232178967765:  Hold'em No Limit ($0.01/$0.02 USD) - 2021/12/13 2:15:56 PT [2021/12/13 5:15:56 ET]
Table 'Aase II' 9-max Seat #4 is the button
Seat 1: Dorex2007 ($3.19 in chips) 
Seat 2: vasyl3010 ($2.18 in chips) 
Seat 4: cleanok ($2.04 in chips) 
Seat 5: BUTAW701 ($4.35 in chips) 
Seat 6: bibgemma ($0.80 in chips) 
Seat 7: traderr71 ($2.25 in chips) 
Seat 8: infiniti888 ($3.25 in chips) 
Seat 9: aroundwinter ($1.57 in chips) 
BUTAW701: posts small blind $0.01
bibgemma: posts big blind $0.02
*** HOLE CARDS ***
Dealt to Dorex2007 [Kd 5h]
traderr71: folds 
infiniti888: folds 
infiniti888 leaves the table
aroundwinter: folds 
Dorex2007: folds 
vasyl3010: folds 
xVincitore joins the table at seat #8 
cleanok: folds 
BUTAW701: folds 
Uncalled bet ($0.01) returned to bibgemma
bibgemma collected $0.02 from pot
bibgemma: doesn't show hand 
*** SUMMARY ***
Total pot $0.02 | Rake $0 
Seat 1: Dorex2007 folded before Flop (didn't bet)
Seat 2: vasyl3010 folded before Flop (didn't bet)
Seat 4: cleanok (button) folded before Flop (didn't bet)
Seat 5: BUTAW701 (small blind) folded before Flop
Seat 6: bibgemma (big blind) collected ($0.02)
Seat 7: traderr71 folded before Flop (didn't bet)
Seat 8: infiniti888 folded before Flop (didn't bet)
Seat 9: aroundwinter folded before Flop (didn't bet)



PokerStars Hand #232178972013:  Hold'em No Limit ($0.01/$0.02 USD) - 2021/12/13 2:16:18 PT [2021/12/13 5:16:18 ET]
Table 'Aase II' 9-max Seat #5 is the button
Seat 1: Dorex2007 ($3.19 in chips) 
Seat 2: vasyl3010 ($2.18 in chips) 
Seat 4: cleanok ($2.04 in chips) 
Seat 5: BUTAW701 ($4.34 in chips) 
Seat 6: bibgemma ($0.81 in chips) 
Seat 7: traderr71 ($2.25 in chips) 
Seat 9: aroundwinter ($1.57 in chips) 
bibgemma: posts small blind $0.01
traderr71: posts big blind $0.02
xVincitore: sits out 
*** HOLE CARDS ***
Dealt to Dorex2007 [9d Ks]
aroundwinter: folds 
Dorex2007: folds 
vasyl3010: calls $0.02
cleanok: folds 
BUTAW701: raises $0.04 to $0.06
bibgemma: folds 
traderr71: folds 
vasyl3010: folds 
Uncalled bet ($0.04) returned to BUTAW701
BUTAW701 collected $0.07 from pot
BUTAW701: doesn't show hand 
*** SUMMARY ***
Total pot $0.07 | Rake $0 
Seat 1: Dorex2007 folded before Flop (didn't bet)
Seat 2: vasyl3010 folded before Flop
Seat 4: cleanok folded before Flop (didn't bet)
Seat 5: BUTAW701 (button) collected ($0.07)
Seat 6: bibgemma (small blind) folded before Flop
Seat 7: traderr71 (big blind) folded before Flop
Seat 9: aroundwinter folded before Flop (didn't bet)



PokerStars Hand #232178978967:  Hold'em No Limit ($0.01/$0.02 USD) - 2021/12/13 2:16:53 PT [2021/12/13 5:16:53 ET]
Table 'Aase II' 9-max Seat #6 is the button
Seat 1: Dorex2007 ($3.19 in chips) 
Seat 2: vasyl3010 ($2.16 in chips) 
Seat 4: cleanok ($2.04 in chips) 
Seat 5: BUTAW701 ($4.39 in chips) 
Seat 6: bibgemma ($0.80 in chips) 
Seat 7: traderr71 ($2.23 in chips) 
Seat 8: xVincitore ($2 in chips) 
Seat 9: aroundwinter ($1.57 in chips) 
traderr71: posts small blind $0.01
xVincitore: posts big blind $0.02
*** HOLE CARDS ***
Dealt to Dorex2007 [Jd 8h]
aroundwinter: folds 
Dorex2007: folds 
vasyl3010: folds 
cleanok: folds 
BUTAW701: folds 
bibgemma: calls $0.02
traderr71: calls $0.01
xVincitore: raises $0.04 to $0.06
bibgemma: calls $0.04
traderr71: folds 
*** FLOP *** [7c Kh 7h]
xVincitore: bets $0.08
bibgemma: folds 
Uncalled bet ($0.08) returned to xVincitore
xVincitore collected $0.14 from pot
xVincitore: doesn't show hand 
*** SUMMARY ***
Total pot $0.14 | Rake $0 
Board [7c Kh 7h]
Seat 1: Dorex2007 folded before Flop (didn't bet)
Seat 2: vasyl3010 folded before Flop (didn't bet)
Seat 4: cleanok folded before Flop (didn't bet)
Seat 5: BUTAW701 folded before Flop (didn't bet)
Seat 6: bibgemma (button) folded on the Flop
Seat 7: traderr71 (small blind) folded before Flop
Seat 8: xVincitore (big blind) collected ($0.14)
Seat 9: aroundwinter folded before Flop (didn't bet)



PokerStars Hand #232178988402:  Hold'em No Limit ($0.01/$0.02 USD) - 2021/12/13 2:17:41 PT [2021/12/13 5:17:41 ET]
Table 'Aase II' 9-max Seat #7 is the button
Seat 1: Dorex2007 ($3.19 in chips) 
Seat 2: vasyl3010 ($2.16 in chips) 
Seat 4: cleanok ($2.04 in chips) 
Seat 5: BUTAW701 ($4.39 in chips) 
Seat 6: bibgemma ($0.74 in chips) 
Seat 7: traderr71 ($2.21 in chips) 
Seat 8: xVincitore ($2.08 in chips) 
Seat 9: aroundwinter ($1.57 in chips) 
xVincitore: posts small blind $0.01
aroundwinter: posts big blind $0.02
*** HOLE CARDS ***
Dealt to Dorex2007 [Ah Td]
Dorex2007: raises $0.02 to $0.04
vasyl3010: folds 
cleanok: folds 
BUTAW701: folds 
bibgemma: folds 
traderr71: folds 
xVincitore: calls $0.03
aroundwinter: folds 
*** FLOP *** [3s 4h As]
xVincitore: checks 
Dorex2007: bets $0.10
xVincitore: folds 
Uncalled bet ($0.10) returned to Dorex2007
Dorex2007 collected $0.10 from pot
Dorex2007: doesn't show hand 
*** SUMMARY ***
Total pot $0.10 | Rake $0 
Board [3s 4h As]
Seat 1: Dorex2007 collected ($0.10)
Seat 2: vasyl3010 folded before Flop (didn't bet)
Seat 4: cleanok folded before Flop (didn't bet)
Seat 5: BUTAW701 folded before Flop (didn't bet)
Seat 6: bibgemma folded before Flop (didn't bet)
Seat 7: traderr71 (button) folded before Flop (didn't bet)
Seat 8: xVincitore (small blind) folded on the Flop
Seat 9: aroundwinter (big blind) folded before Flop



PokerStars Hand #232179001700:  Hold'em No Limit ($0.01/$0.02 USD) - 2021/12/13 2:18:49 PT [2021/12/13 5:18:49 ET]
Table 'Aase II' 9-max Seat #8 is the button
Seat 1: Dorex2007 ($3.25 in chips) 
Seat 2: vasyl3010 ($2.16 in chips) 
Seat 4: cleanok ($2.04 in chips) 
Seat 5: BUTAW701 ($4.39 in chips) 
Seat 6: bibgemma ($0.74 in chips) 
Seat 7: traderr71 ($2.21 in chips) 
Seat 8: xVincitore ($2.04 in chips) 
Seat 9: aroundwinter ($1.55 in chips) 
aroundwinter: posts small blind $0.01
Dorex2007: posts big blind $0.02
*** HOLE CARDS ***
Dealt to Dorex2007 [6h 9h]
vasyl3010: folds 
cleanok: folds 
BUTAW701: folds 
bibgemma: folds 
traderr71: raises $0.04 to $0.06
xVincitore: calls $0.06
aroundwinter: folds 
Dorex2007: folds 
*** FLOP *** [Qs 5c 5d]
traderr71: checks 
xVincitore: bets $0.10
traderr71: folds 
Uncalled bet ($0.10) returned to xVincitore
xVincitore collected $0.14 from pot
xVincitore: doesn't show hand 
*** SUMMARY ***
Total pot $0.15 | Rake $0.01 
Board [Qs 5c 5d]
Seat 1: Dorex2007 (big blind) folded before Flop
Seat 2: vasyl3010 folded before Flop (didn't bet)
Seat 4: cleanok folded before Flop (didn't bet)
Seat 5: BUTAW701 folded before Flop (didn't bet)
Seat 6: bibgemma folded before Flop (didn't bet)
Seat 7: traderr71 folded on the Flop
Seat 8: xVincitore (button) collected ($0.14)
Seat 9: aroundwinter (small blind) folded before Flop



PokerStars Hand #232179009270:  Hold'em No Limit ($0.01/$0.02 USD) - 2021/12/13 2:19:27 PT [2021/12/13 5:19:27 ET]
Table 'Aase II' 9-max Seat #9 is the button
Seat 1: Dorex2007 ($3.23 in chips) 
Seat 2: vasyl3010 ($2.16 in chips) 
Seat 4: cleanok ($2.04 in chips) 
Seat 5: BUTAW701 ($4.39 in chips) 
Seat 6: bibgemma ($0.74 in chips) 
Seat 7: traderr71 ($2.15 in chips) 
Seat 8: xVincitore ($2.12 in chips) 
Seat 9: aroundwinter ($1.54 in chips) 
Dorex2007: posts small blind $0.01
vasyl3010: posts big blind $0.02
*** HOLE CARDS ***
Dealt to Dorex2007 [3s 7c]
cleanok: folds 
BUTAW701: folds 
bibgemma: folds 
traderr71: folds 
xVincitore: raises $0.06 to $0.08
aroundwinter: calls $0.08
Dorex2007: folds 
vasyl3010: calls $0.06
*** FLOP *** [3c Ad 5d]
vasyl3010: checks 
xVincitore: bets $0.16
aroundwinter: calls $0.16
vasyl3010: raises $0.16 to $0.32
xVincitore: folds 
aroundwinter: folds 
Uncalled bet ($0.16) returned to vasyl3010
vasyl3010 collected $0.70 from pot
vasyl3010: doesn't show hand 
*** SUMMARY ***
Total pot $0.73 | Rake $0.03 
Board [3c Ad 5d]
Seat 1: Dorex2007 (small blind) folded before Flop
Seat 2: vasyl3010 (big blind) collected ($0.70)
Seat 4: cleanok folded before Flop (didn't bet)
Seat 5: BUTAW701 folded before Flop (didn't bet)
Seat 6: bibgemma folded before Flop (didn't bet)
Seat 7: traderr71 folded before Flop (didn't bet)
Seat 8: xVincitore folded on the Flop
Seat 9: aroundwinter (button) folded on the Flop



PokerStars Hand #232179020888:  Hold'em No Limit ($0.01/$0.02 USD) - 2021/12/13 2:20:26 PT [2021/12/13 5:20:26 ET]
Table 'Aase II' 9-max Seat #1 is the button
Seat 1: Dorex2007 ($3.22 in chips) 
Seat 2: vasyl3010 ($2.62 in chips) 
Seat 4: cleanok ($2.04 in chips) 
Seat 5: BUTAW701 ($4.39 in chips) 
Seat 6: bibgemma ($0.74 in chips) 
Seat 7: traderr71 ($2.15 in chips) 
Seat 8: xVincitore ($1.88 in chips) 
Seat 9: aroundwinter ($1.30 in chips) 
vasyl3010: posts small blind $0.01
cleanok: posts big blind $0.02
*** HOLE CARDS ***
Dealt to Dorex2007 [6s 7s]
BUTAW701: calls $0.02
bibgemma: folds 
traderr71: folds 
xVincitore: raises $0.04 to $0.06
aroundwinter: folds 
Dorex2007: folds 
vasyl3010: folds 
cleanok: folds 
BUTAW701: calls $0.04
*** FLOP *** [Ah 2d 5h]
BUTAW701: checks 
xVincitore: bets $0.08
BUTAW701: calls $0.08
*** TURN *** [Ah 2d 5h] [7c]
BUTAW701: checks 
xVincitore: bets $0.15
BUTAW701: folds 
Uncalled bet ($0.15) returned to xVincitore
xVincitore collected $0.30 from pot
xVincitore: doesn't show hand 
*** SUMMARY ***
Total pot $0.31 | Rake $0.01 
Board [Ah 2d 5h 7c]
Seat 1: Dorex2007 (button) folded before Flop (didn't bet)
Seat 2: vasyl3010 (small blind) folded before Flop
Seat 4: cleanok (big blind) folded before Flop
Seat 5: BUTAW701 folded on the Turn
Seat 6: bibgemma folded before Flop (didn't bet)
Seat 7: traderr71 folded before Flop (didn't bet)
Seat 8: xVincitore collected ($0.30)
Seat 9: aroundwinter folded before Flop (didn't bet)



PokerStars Hand #232179040122:  Hold'em No Limit ($0.01/$0.02 USD) - 2021/12/13 2:22:01 PT [2021/12/13 5:22:01 ET]
Table 'Aase II' 9-max Seat #2 is the button
Seat 1: Dorex2007 ($3.22 in chips) 
Seat 2: vasyl3010 ($2.61 in chips) 
Seat 4: cleanok ($2.02 in chips) 
Seat 5: BUTAW701 ($4.25 in chips) 
Seat 6: bibgemma ($0.74 in chips) 
Seat 7: traderr71 ($2.15 in chips) 
Seat 8: xVincitore ($2.04 in chips) 
Seat 9: aroundwinter ($1.30 in chips) 
cleanok: posts small blind $0.01
BUTAW701: posts big blind $0.02
*** HOLE CARDS ***
Dealt to Dorex2007 [Js 8c]
bibgemma: folds 
traderr71: folds 
xVincitore: raises $0.04 to $0.06
aroundwinter: folds 
Dorex2007: folds 
vasyl3010: folds 
cleanok: folds 
BUTAW701: folds 
Uncalled bet ($0.04) returned to xVincitore
xVincitore collected $0.05 from pot
xVincitore: doesn't show hand 
*** SUMMARY ***
Total pot $0.05 | Rake $0 
Seat 1: Dorex2007 folded before Flop (didn't bet)
Seat 2: vasyl3010 (button) folded before Flop (didn't bet)
Seat 4: cleanok (small blind) folded before Flop
Seat 5: BUTAW701 (big blind) folded before Flop
Seat 6: bibgemma folded before Flop (didn't bet)
Seat 7: traderr71 folded before Flop (didn't bet)
Seat 8: xVincitore collected ($0.05)
Seat 9: aroundwinter folded before Flop (didn't bet)



PokerStars Hand #232179044469:  Hold'em No Limit ($0.01/$0.02 USD) - 2021/12/13 2:22:23 PT [2021/12/13 5:22:23 ET]
Table 'Aase II' 9-max Seat #4 is the button
Seat 1: Dorex2007 ($3.22 in chips) 
Seat 2: vasyl3010 ($2.61 in chips) 
Seat 4: cleanok ($2.01 in chips) 
Seat 5: BUTAW701 ($4.23 in chips) 
Seat 6: bibgemma ($0.74 in chips) 
Seat 7: traderr71 ($2.15 in chips) 
Seat 8: xVincitore ($2.07 in chips) 
Seat 9: aroundwinter ($1.30 in chips) 
BUTAW701: posts small blind $0.01
bibgemma: posts big blind $0.02
Shreyu: sits out 
*** HOLE CARDS ***
Dealt to Dorex2007 [2s 5c]
traderr71 has timed out
traderr71: folds 
xVincitore: raises $0.02 to $0.04
aroundwinter: folds 
Dorex2007: folds 
vasyl3010: folds 
cleanok: folds 
BUTAW701: folds 
bibgemma: calls $0.02
*** FLOP *** [Qh Js Jd]
bibgemma: checks 
xVincitore: bets $0.08
bibgemma: folds 
Uncalled bet ($0.08) returned to xVincitore
xVincitore collected $0.09 from pot
xVincitore: doesn't show hand 
*** SUMMARY ***
Total pot $0.09 | Rake $0 
Board [Qh Js Jd]
Seat 1: Dorex2007 folded before Flop (didn't bet)
Seat 2: vasyl3010 folded before Flop (didn't bet)
Seat 4: cleanok (button) folded before Flop (didn't bet)
Seat 5: BUTAW701 (small blind) folded before Flop
Seat 6: bibgemma (big blind) folded on the Flop
Seat 7: traderr71 folded before Flop (didn't bet)
Seat 8: xVincitore collected ($0.09)
Seat 9: aroundwinter folded before Flop (didn't bet)



PokerStars Hand #232179052857:  Hold'em No Limit ($0.01/$0.02 USD) - 2021/12/13 2:23:04 PT [2021/12/13 5:23:04 ET]
Table 'Aase II' 9-max Seat #5 is the button
Seat 1: Dorex2007 ($3.22 in chips) 
Seat 2: vasyl3010 ($2.61 in chips) 
Seat 4: cleanok ($2.01 in chips) 
Seat 5: BUTAW701 ($4.22 in chips) 
Seat 6: bibgemma ($0.70 in chips) 
Seat 7: traderr71 ($2.15 in chips) 
Seat 8: xVincitore ($2.12 in chips) 
Seat 9: aroundwinter ($1.30 in chips) 
bibgemma: posts small blind $0.01
traderr71: posts big blind $0.02
Shreyu: sits out 
*** HOLE CARDS ***
Dealt to Dorex2007 [7s As]
xVincitore: raises $0.02 to $0.04
aroundwinter: folds 
Dorex2007: calls $0.04
vasyl3010: folds 
cleanok: folds 
BUTAW701: calls $0.04
bibgemma: calls $0.03
traderr71: calls $0.02
*** FLOP *** [2h Js 7h]
bibgemma: checks 
traderr71: checks 
xVincitore: bets $0.14
Dorex2007: folds 
BUTAW701: folds 
bibgemma: folds 
traderr71: folds 
Uncalled bet ($0.14) returned to xVincitore
xVincitore collected $0.19 from pot
xVincitore: doesn't show hand 
*** SUMMARY ***
Total pot $0.20 | Rake $0.01 
Board [2h Js 7h]
Seat 1: Dorex2007 folded on the Flop
Seat 2: vasyl3010 folded before Flop (didn't bet)
Seat 4: cleanok folded before Flop (didn't bet)
Seat 5: BUTAW701 (button) folded on the Flop
Seat 6: bibgemma (small blind) folded on the Flop
Seat 7: traderr71 (big blind) folded on the Flop
Seat 8: xVincitore collected ($0.19)
Seat 9: aroundwinter folded before Flop (didn't bet)



PokerStars Hand #232179066124:  Hold'em No Limit ($0.01/$0.02 USD) - 2021/12/13 2:24:10 PT [2021/12/13 5:24:10 ET]
Table 'Aase II' 9-max Seat #6 is the button
Seat 1: Dorex2007 ($3.18 in chips) 
Seat 2: vasyl3010 ($2.61 in chips) 
Seat 4: cleanok ($2.01 in chips) 
Seat 5: BUTAW701 ($4.18 in chips) 
Seat 6: bibgemma ($0.66 in chips) 
Seat 7: traderr71 ($2.11 in chips) 
Seat 8: xVincitore ($2.27 in chips) 
Seat 9: aroundwinter ($1.30 in chips) 
traderr71: posts small blind $0.01
xVincitore: posts big blind $0.02
Shreyu: sits out 
*** HOLE CARDS ***
Dealt to Dorex2007 [Jd Ah]
aroundwinter: folds 
Dorex2007: raises $0.04 to $0.06
vasyl3010 has timed out
vasyl3010: folds 
cleanok: folds 
BUTAW701: folds 
bibgemma: folds 
traderr71: folds 
xVincitore: calls $0.04
*** FLOP *** [5h 6d Ad]
xVincitore: bets $0.07
Dorex2007: raises $0.09 to $0.16
xVincitore: folds 
Uncalled bet ($0.09) returned to Dorex2007
Dorex2007 collected $0.26 from pot
Dorex2007: doesn't show hand 
*** SUMMARY ***
Total pot $0.27 | Rake $0.01 
Board [5h 6d Ad]
Seat 1: Dorex2007 collected ($0.26)
Seat 2: vasyl3010 folded before Flop (didn't bet)
Seat 4: cleanok folded before Flop (didn't bet)
Seat 5: BUTAW701 folded before Flop (didn't bet)
Seat 6: bibgemma (button) folded before Flop (didn't bet)
Seat 7: traderr71 (small blind) folded before Flop
Seat 8: xVincitore (big blind) folded on the Flop
Seat 9: aroundwinter folded before Flop (didn't bet)



PokerStars Hand #232179076006:  Hold'em No Limit ($0.01/$0.02 USD) - 2021/12/13 2:24:59 PT [2021/12/13 5:24:59 ET]
Table 'Aase II' 9-max Seat #7 is the button
Seat 1: Dorex2007 ($3.31 in chips) 
Seat 2: vasyl3010 ($2.61 in chips) 
Seat 4: cleanok ($2.01 in chips) 
Seat 5: BUTAW701 ($4.18 in chips) 
Seat 6: bibgemma ($0.66 in chips) 
Seat 7: traderr71 ($2.10 in chips) 
Seat 8: xVincitore ($2.14 in chips) 
Seat 9: aroundwinter ($1.30 in chips) 
xVincitore: posts small blind $0.01
aroundwinter: posts big blind $0.02
Shreyu: sits out 
*** HOLE CARDS ***
Dealt to Dorex2007 [Ad 7s]
Dorex2007: folds 
vasyl3010 has timed out
vasyl3010: folds 
cleanok: folds 
BUTAW701: folds 
bibgemma: folds 
traderr71: folds 
xVincitore: raises $0.02 to $0.04
aroundwinter: folds 
Uncalled bet ($0.02) returned to xVincitore
xVincitore collected $0.04 from pot
xVincitore: doesn't show hand 
*** SUMMARY ***
Total pot $0.04 | Rake $0 
Seat 1: Dorex2007 folded before Flop (didn't bet)
Seat 2: vasyl3010 folded before Flop (didn't bet)
Seat 4: cleanok folded before Flop (didn't bet)
Seat 5: BUTAW701 folded before Flop (didn't bet)
Seat 6: bibgemma folded before Flop (didn't bet)
Seat 7: traderr71 (button) folded before Flop (didn't bet)
Seat 8: xVincitore (small blind) collected ($0.04)
Seat 9: aroundwinter (big blind) folded before Flop



PokerStars Hand #232179082605:  Hold'em No Limit ($0.01/$0.02 USD) - 2021/12/13 2:25:32 PT [2021/12/13 5:25:32 ET]
Table 'Aase II' 9-max Seat #8 is the button
Seat 1: Dorex2007 ($3.31 in chips) 
Seat 4: cleanok ($2.01 in chips) 
Seat 5: BUTAW701 ($4.18 in chips) 
Seat 6: bibgemma ($0.66 in chips) 
Seat 7: traderr71 ($2.10 in chips) 
Seat 8: xVincitore ($2.16 in chips) 
Seat 9: aroundwinter ($1.28 in chips) 
aroundwinter: posts small blind $0.01
Dorex2007: posts big blind $0.02
Shreyu: sits out 
*** HOLE CARDS ***
Dealt to Dorex2007 [9c 6s]
cleanok: folds 
BUTAW701: folds 
bibgemma: folds 
traderr71: raises $0.02 to $0.04
xVincitore: calls $0.04
aroundwinter: folds 
Dorex2007: calls $0.02
*** FLOP *** [9s Kh 4h]
Dorex2007: checks 
traderr71: bets $0.07
xVincitore: folds 
Dorex2007: folds 
Uncalled bet ($0.07) returned to traderr71
traderr71 collected $0.13 from pot
traderr71: doesn't show hand 
*** SUMMARY ***
Total pot $0.13 | Rake $0 
Board [9s Kh 4h]
Seat 1: Dorex2007 (big blind) folded on the Flop
Seat 4: cleanok folded before Flop (didn't bet)
Seat 5: BUTAW701 folded before Flop (didn't bet)
Seat 6: bibgemma folded before Flop (didn't bet)
Seat 7: traderr71 collected ($0.13)
Seat 8: xVincitore (button) folded on the Flop
Seat 9: aroundwinter (small blind) folded before Flop



PokerStars Hand #232179089348:  Hold'em No Limit ($0.01/$0.02 USD) - 2021/12/13 2:26:05 PT [2021/12/13 5:26:05 ET]
Table 'Aase II' 9-max Seat #9 is the button
Seat 1: Dorex2007 ($3.27 in chips) 
Seat 3: Shreyu ($2.01 in chips) 
Seat 4: cleanok ($2.01 in chips) 
Seat 5: BUTAW701 ($4.18 in chips) 
Seat 6: bibgemma ($0.66 in chips) 
Seat 7: traderr71 ($2.19 in chips) 
Seat 8: xVincitore ($2.12 in chips) 
Seat 9: aroundwinter ($1.27 in chips) 
Dorex2007: posts small blind $0.01
Shreyu: posts big blind $0.02
*** HOLE CARDS ***
Dealt to Dorex2007 [7h Qd]
cleanok has timed out
cleanok: folds 
BUTAW701: raises $0.04 to $0.06
bibgemma: folds 
traderr71: folds 
xVincitore: calls $0.06
aroundwinter: folds 
Dorex2007: folds 
Shreyu: folds 
*** FLOP *** [5c 7d 8c]
BUTAW701: bets $0.07
xVincitore: calls $0.07
*** TURN *** [5c 7d 8c] [9d]
BUTAW701: checks 
xVincitore: checks 
*** RIVER *** [5c 7d 8c 9d] [Jd]
BUTAW701: checks 
xVincitore: bets $0.14
BUTAW701: calls $0.14
*** SHOW DOWN ***
xVincitore: shows [Ks 6d] (a straight, Five to Nine)
BUTAW701: shows [Jc Tc] (a straight, Seven to Jack)
BUTAW701 collected $0.55 from pot
*** SUMMARY ***
Total pot $0.57 | Rake $0.02 
Board [5c 7d 8c 9d Jd]
Seat 1: Dorex2007 (small blind) folded before Flop
Seat 3: Shreyu (big blind) folded before Flop
Seat 4: cleanok folded before Flop (didn't bet)
Seat 5: BUTAW701 showed [Jc Tc] and won ($0.55) with a straight, Seven to Jack
Seat 6: bibgemma folded before Flop (didn't bet)
Seat 7: traderr71 folded before Flop (didn't bet)
Seat 8: xVincitore showed [Ks 6d] and lost with a straight, Five to Nine
Seat 9: aroundwinter (button) folded before Flop (didn't bet)



PokerStars Hand #232179107509:  Hold'em No Limit ($0.01/$0.02 USD) - 2021/12/13 2:27:35 PT [2021/12/13 5:27:35 ET]
Table 'Aase II' 9-max Seat #1 is the button
Seat 1: Dorex2007 ($3.26 in chips) 
Seat 3: Shreyu ($1.99 in chips) 
Seat 5: BUTAW701 ($4.46 in chips) 
Seat 6: bibgemma ($0.66 in chips) 
Seat 7: traderr71 ($2.19 in chips) 
Seat 8: xVincitore ($1.85 in chips) 
Seat 9: aroundwinter ($1.27 in chips) 
Shreyu: posts small blind $0.01
BUTAW701: posts big blind $0.02
*** HOLE CARDS ***
Dealt to Dorex2007 [6s 5s]
bibgemma: calls $0.02
traderr71: calls $0.02
xVincitore: raises $0.04 to $0.06
aroundwinter: folds 
Dorex2007: folds 
Shreyu: folds 
BUTAW701: folds 
bibgemma: raises $0.60 to $0.66 and is all-in
traderr71: folds 
xVincitore: calls $0.60
*** FLOP *** [4c 3c 9h]
*** TURN *** [4c 3c 9h] [Ad]
*** RIVER *** [4c 3c 9h Ad] [Jd]
*** SHOW DOWN ***
bibgemma: shows [Ts Th] (a pair of Tens)
xVincitore: shows [Js Qh] (a pair of Jacks)
xVincitore collected $1.31 from pot
bibgemma cashed out the hand for $0.73 | Cash Out Fee $0.01
*** SUMMARY ***
Total pot $1.37 | Rake $0.06 
Board [4c 3c 9h Ad Jd]
Seat 1: Dorex2007 (button) folded before Flop (didn't bet)
Seat 3: Shreyu (small blind) folded before Flop
Seat 5: BUTAW701 (big blind) folded before Flop
Seat 6: bibgemma showed [Ts Th] and lost with a pair of Tens (cashed out).
Seat 7: traderr71 folded before Flop
Seat 8: xVincitore showed [Js Qh] and won ($1.31) with a pair of Jacks
Seat 9: aroundwinter folded before Flop (didn't bet)



PokerStars Hand #232179115753:  Hold'em No Limit ($0.01/$0.02 USD) - 2021/12/13 2:28:16 PT [2021/12/13 5:28:16 ET]
Table 'Aase II' 9-max Seat #3 is the button
Seat 1: Dorex2007 ($3.26 in chips) 
Seat 3: Shreyu ($1.98 in chips) 
Seat 5: BUTAW701 ($4.44 in chips) 
Seat 6: bibgemma ($0.73 in chips) 
Seat 7: traderr71 ($2.17 in chips) 
Seat 8: xVincitore ($2.50 in chips) 
Seat 9: aroundwinter ($1.27 in chips) 
BUTAW701: posts small blind $0.01
bibgemma: posts big blind $0.02
*** HOLE CARDS ***
Dealt to Dorex2007 [9d Ah]
traderr71: folds 
xVincitore: raises $0.02 to $0.04
aroundwinter: folds 
Dorex2007: folds 
Shreyu: folds 
BUTAW701: calls $0.03
bibgemma: calls $0.02
*** FLOP *** [Td 2d 3s]
BUTAW701: checks 
bibgemma: checks 
xVincitore: bets $0.10
BUTAW701: folds 
bibgemma: folds 
Uncalled bet ($0.10) returned to xVincitore
xVincitore collected $0.12 from pot
xVincitore: doesn't show hand 
*** SUMMARY ***
Total pot $0.12 | Rake $0 
Board [Td 2d 3s]
Seat 1: Dorex2007 folded before Flop (didn't bet)
Seat 3: Shreyu (button) folded before Flop (didn't bet)
Seat 5: BUTAW701 (small blind) folded on the Flop
Seat 6: bibgemma (big blind) folded on the Flop
Seat 7: traderr71 folded before Flop (didn't bet)
Seat 8: xVincitore collected ($0.12)
Seat 9: aroundwinter folded before Flop (didn't bet)



PokerStars Hand #232179125987:  Hold'em No Limit ($0.01/$0.02 USD) - 2021/12/13 2:29:07 PT [2021/12/13 5:29:07 ET]
Table 'Aase II' 9-max Seat #5 is the button
Seat 1: Dorex2007 ($3.26 in chips) 
Seat 3: Shreyu ($1.98 in chips) 
Seat 5: BUTAW701 ($4.40 in chips) 
Seat 6: bibgemma ($0.69 in chips) 
Seat 7: traderr71 ($2.17 in chips) 
Seat 8: xVincitore ($2.58 in chips) 
Seat 9: aroundwinter ($1.27 in chips) 
bibgemma: posts small blind $0.01
traderr71: posts big blind $0.02
*** HOLE CARDS ***
Dealt to Dorex2007 [6h 2s]
xVincitore: folds 
aroundwinter: raises $0.03 to $0.05
Dorex2007: folds 
Shreyu: folds 
BUTAW701: folds 
bibgemma: folds 
traderr71: calls $0.03
*** FLOP *** [6s Jh Kc]
traderr71: checks 
aroundwinter: bets $0.04
traderr71: calls $0.04
*** TURN *** [6s Jh Kc] [7c]
traderr71: checks 
aroundwinter: bets $0.08
traderr71: folds 
Uncalled bet ($0.08) returned to aroundwinter
aroundwinter collected $0.18 from pot
aroundwinter: doesn't show hand 
*** SUMMARY ***
Total pot $0.19 | Rake $0.01 
Board [6s Jh Kc 7c]
Seat 1: Dorex2007 folded before Flop (didn't bet)
Seat 3: Shreyu folded before Flop (didn't bet)
Seat 5: BUTAW701 (button) folded before Flop (didn't bet)
Seat 6: bibgemma (small blind) folded before Flop
Seat 7: traderr71 (big blind) folded on the Turn
Seat 8: xVincitore folded before Flop (didn't bet)
Seat 9: aroundwinter collected ($0.18)



PokerStars Hand #232179135350:  Hold'em No Limit ($0.01/$0.02 USD) - 2021/12/13 2:29:53 PT [2021/12/13 5:29:53 ET]
Table 'Aase II' 9-max Seat #6 is the button
Seat 1: Dorex2007 ($3.26 in chips) 
Seat 3: Shreyu ($1.98 in chips) 
Seat 5: BUTAW701 ($4.40 in chips) 
Seat 6: bibgemma ($0.68 in chips) 
Seat 7: traderr71 ($2.08 in chips) 
Seat 9: aroundwinter ($1.36 in chips) 
traderr71: posts small blind $0.01
aroundwinter: posts big blind $0.02
*** HOLE CARDS ***
Dealt to Dorex2007 [Jh Jc]
Dorex2007: raises $0.02 to $0.04
Shreyu: folds 
xVincitore leaves the table
BUTAW701: raises $0.03 to $0.07
bibgemma: folds 
traderr71: folds 
aroundwinter: folds 
Dorex2007: calls $0.03
*** FLOP *** [8c 4c 7d]
Dorex2007: checks 
BUTAW701: checks 
*** TURN *** [8c 4c 7d] [Th]
Dorex2007: bets $0.16
danmanYEAH joins the table at seat #8 
danmanYEAH leaves the table
danmanYEAH joins the table at seat #8 
BUTAW701: calls $0.16
*** RIVER *** [8c 4c 7d Th] [8s]
danmanYEAH leaves the table
Dorex2007: bets $3.03 and is all-in
BUTAW701: folds 
Uncalled bet ($3.03) returned to Dorex2007
Dorex2007 collected $0.47 from pot
Dorex2007: doesn't show hand 
*** SUMMARY ***
Total pot $0.49 | Rake $0.02 
Board [8c 4c 7d Th 8s]
Seat 1: Dorex2007 collected ($0.47)
Seat 3: Shreyu folded before Flop (didn't bet)
Seat 5: BUTAW701 folded on the River
Seat 6: bibgemma (button) folded before Flop (didn't bet)
Seat 7: traderr71 (small blind) folded before Flop
Seat 9: aroundwinter (big blind) folded before Flop



PokerStars Hand #232179151941:  Hold'em No Limit ($0.01/$0.02 USD) - 2021/12/13 2:31:15 PT [2021/12/13 5:31:15 ET]
Table 'Aase II' 9-max Seat #7 is the button
Seat 1: Dorex2007 ($3.50 in chips) 
Seat 3: Shreyu ($1.98 in chips) 
Seat 5: BUTAW701 ($4.17 in chips) 
Seat 6: bibgemma ($0.68 in chips) 
Seat 7: traderr71 ($2.07 in chips) 
Seat 9: aroundwinter ($1.34 in chips) 
aroundwinter: posts small blind $0.01
Dorex2007: posts big blind $0.02
*** HOLE CARDS ***
Dealt to Dorex2007 [Qd Qc]
Shreyu: folds 
BUTAW701: folds 
bibgemma: folds 
maxmax525 joins the table at seat #8 
traderr71: calls $0.02
aroundwinter: folds 
Dorex2007: raises $0.10 to $0.12
traderr71: folds 
Uncalled bet ($0.10) returned to Dorex2007
Dorex2007 collected $0.05 from pot
Dorex2007: doesn't show hand 
*** SUMMARY ***
Total pot $0.05 | Rake $0 
Seat 1: Dorex2007 (big blind) collected ($0.05)
Seat 3: Shreyu folded before Flop (didn't bet)
Seat 5: BUTAW701 folded before Flop (didn't bet)
Seat 6: bibgemma folded before Flop (didn't bet)
Seat 7: traderr71 (button) folded before Flop
Seat 9: aroundwinter (small blind) folded before Flop



PokerStars Hand #232179156826:  Hold'em No Limit ($0.01/$0.02 USD) - 2021/12/13 2:31:39 PT [2021/12/13 5:31:39 ET]
Table 'Aase II' 9-max Seat #9 is the button
Seat 1: Dorex2007 ($3.53 in chips) 
Seat 3: Shreyu ($1.98 in chips) 
Seat 5: BUTAW701 ($4.17 in chips) 
Seat 6: bibgemma ($0.68 in chips) 
Seat 7: traderr71 ($2.05 in chips) 
Seat 9: aroundwinter ($1.33 in chips) 
Dorex2007: posts small blind $0.01
Shreyu: posts big blind $0.02
maxmax525: sits out 
*** HOLE CARDS ***
Dealt to Dorex2007 [9h Ts]
BUTAW701: folds 
bibgemma: folds 
traderr71: calls $0.02
aroundwinter: folds 
Dorex2007: calls $0.01
Shreyu: checks 
*** FLOP *** [7h As 5h]
Dorex2007: checks 
Shreyu: checks 
traderr71: checks 
*** TURN *** [7h As 5h] [Kc]
Dorex2007: checks 
Shreyu: checks 
traderr71: checks 
*** RIVER *** [7h As 5h Kc] [9s]
Dorex2007: bets $0.03
Shreyu: folds 
traderr71: folds 
Uncalled bet ($0.03) returned to Dorex2007
Dorex2007 collected $0.06 from pot
Dorex2007: doesn't show hand 
*** SUMMARY ***
Total pot $0.06 | Rake $0 
Board [7h As 5h Kc 9s]
Seat 1: Dorex2007 (small blind) collected ($0.06)
Seat 3: Shreyu (big blind) folded on the River
Seat 5: BUTAW701 folded before Flop (didn't bet)
Seat 6: bibgemma folded before Flop (didn't bet)
Seat 7: traderr71 folded on the River
Seat 9: aroundwinter (button) folded before Flop (didn't bet)



PokerStars Hand #232179172403:  Hold'em No Limit ($0.01/$0.02 USD) - 2021/12/13 2:32:57 PT [2021/12/13 5:32:57 ET]
Table 'Aase II' 9-max Seat #1 is the button
Seat 1: Dorex2007 ($3.57 in chips) 
Seat 3: Shreyu ($1.96 in chips) 
Seat 5: BUTAW701 ($4.17 in chips) 
Seat 6: bibgemma ($0.68 in chips) 
Seat 7: traderr71 ($2.03 in chips) 
Seat 8: maxmax525 ($0.80 in chips) 
Seat 9: aroundwinter ($1.33 in chips) 
Shreyu: posts small blind $0.01
BUTAW701: posts big blind $0.02
maxmax525: posts big blind $0.02
*** HOLE CARDS ***
Dealt to Dorex2007 [8c Kc]
bibgemma: folds 
traderr71: calls $0.02
maxmax525: checks 
aroundwinter: folds 
Dorex2007: calls $0.02
Shreyu: folds 
BUTAW701: checks 
*** FLOP *** [Qc Kh 3s]
Shreyu leaves the table
BUTAW701: checks 
traderr71: bets $0.05
maxmax525: folds 
Dorex2007: calls $0.05
BUTAW701: folds 
*** TURN *** [Qc Kh 3s] [2c]
heureka3 joins the table at seat #3 
traderr71: checks 
Dorex2007: checks 
*** RIVER *** [Qc Kh 3s 2c] [9d]
cleanok leaves the table
traderr71: checks 
Dorex2007: checks 
*** SHOW DOWN ***
traderr71: shows [Ks 8h] (a pair of Kings)
Dorex2007: shows [8c Kc] (a pair of Kings)
traderr71 collected $0.09 from pot
Dorex2007 collected $0.09 from pot
*** SUMMARY ***
Total pot $0.19 | Rake $0.01 
Board [Qc Kh 3s 2c 9d]
Seat 1: Dorex2007 (button) showed [8c Kc] and won ($0.09) with a pair of Kings
Seat 3: Shreyu (small blind) folded before Flop
Seat 5: BUTAW701 (big blind) folded on the Flop
Seat 6: bibgemma folded before Flop (didn't bet)
Seat 7: traderr71 showed [Ks 8h] and won ($0.09) with a pair of Kings
Seat 8: maxmax525 folded on the Flop (didn't bet)
Seat 9: aroundwinter folded before Flop (didn't bet)



PokerStars Hand #232179185572:  Hold'em No Limit ($0.01/$0.02 USD) - 2021/12/13 2:34:02 PT [2021/12/13 5:34:02 ET]
Table 'Aase II' 9-max Seat #5 is the button
Seat 1: Dorex2007 ($3.59 in chips) 
Seat 3: heureka3 ($0.80 in chips) 
Seat 5: BUTAW701 ($4.15 in chips) 
Seat 6: bibgemma ($0.68 in chips) 
Seat 7: traderr71 ($2.05 in chips) 
Seat 8: maxmax525 ($0.78 in chips) 
Seat 9: aroundwinter ($1.33 in chips) 
bibgemma: posts small blind $0.01
traderr71: posts big blind $0.02
heureka3: posts big blind $0.02
*** HOLE CARDS ***
Dealt to Dorex2007 [Ac 4d]
TO_0 ACE joins the table at seat #4 
maxmax525: folds 
aroundwinter: folds 
Dorex2007: folds 
heureka3: checks 
BUTAW701: raises $0.04 to $0.06
bibgemma: folds 
traderr71: folds 
heureka3: folds 
Uncalled bet ($0.04) returned to BUTAW701
BUTAW701 collected $0.07 from pot
BUTAW701: doesn't show hand 
*** SUMMARY ***
Total pot $0.07 | Rake $0 
Seat 1: Dorex2007 folded before Flop (didn't bet)
Seat 3: heureka3 folded before Flop (didn't bet)
Seat 5: BUTAW701 (button) collected ($0.07)
Seat 6: bibgemma (small blind) folded before Flop
Seat 7: traderr71 (big blind) folded before Flop
Seat 8: maxmax525 folded before Flop (didn't bet)
Seat 9: aroundwinter folded before Flop (didn't bet)



PokerStars Hand #232179191481:  Hold'em No Limit ($0.01/$0.02 USD) - 2021/12/13 2:34:31 PT [2021/12/13 5:34:31 ET]
Table 'Aase II' 9-max Seat #6 is the button
Seat 1: Dorex2007 ($3.59 in chips) 
Seat 3: heureka3 ($0.78 in chips) 
Seat 4: TO_0 ACE ($2 in chips) 
Seat 5: BUTAW701 ($4.20 in chips) 
Seat 6: bibgemma ($0.67 in chips) 
Seat 7: traderr71 ($2.03 in chips) 
Seat 8: maxmax525 ($0.78 in chips) 
Seat 9: aroundwinter ($1.33 in chips) 
traderr71: posts small blind $0.01
maxmax525: posts big blind $0.02
TO_0 ACE: posts big blind $0.02
*** HOLE CARDS ***
Dealt to Dorex2007 [Js 2s]
aroundwinter: folds 
Dorex2007: folds 
heureka3: folds 
TO_0 ACE: checks 
BUTAW701: raises $0.04 to $0.06
bibgemma: folds 
traderr71: folds 
maxmax525: folds 
TO_0 ACE: folds 
Uncalled bet ($0.04) returned to BUTAW701
BUTAW701 collected $0.07 from pot
BUTAW701: doesn't show hand 
*** SUMMARY ***
Total pot $0.07 | Rake $0 
Seat 1: Dorex2007 folded before Flop (didn't bet)
Seat 3: heureka3 folded before Flop (didn't bet)
Seat 4: TO_0 ACE folded before Flop (didn't bet)
Seat 5: BUTAW701 collected ($0.07)
Seat 6: bibgemma (button) folded before Flop (didn't bet)
Seat 7: traderr71 (small blind) folded before Flop
Seat 8: maxmax525 (big blind) folded before Flop
Seat 9: aroundwinter folded before Flop (didn't bet)



PokerStars Hand #232179197289:  Hold'em No Limit ($0.01/$0.02 USD) - 2021/12/13 2:34:59 PT [2021/12/13 5:34:59 ET]
Table 'Aase II' 9-max Seat #7 is the button
Seat 1: Dorex2007 ($3.59 in chips) 
Seat 3: heureka3 ($0.78 in chips) 
Seat 4: TO_0 ACE ($2 in chips) 
Seat 5: BUTAW701 ($4.25 in chips) 
Seat 6: bibgemma ($0.67 in chips) 
Seat 7: traderr71 ($2.02 in chips) 
Seat 8: maxmax525 ($0.76 in chips) 
Seat 9: aroundwinter ($1.33 in chips) 
maxmax525: posts small blind $0.01
aroundwinter: posts big blind $0.02
*** HOLE CARDS ***
Dealt to Dorex2007 [4d Qh]
Dorex2007: folds 
heureka3: calls $0.02
TO_0 ACE: folds 
BUTAW701: raises $0.04 to $0.06
bibgemma: folds 
traderr71: folds 
maxmax525: calls $0.05
aroundwinter: folds 
heureka3: calls $0.04
*** FLOP *** [6d 4h 4s]
maxmax525: checks 
heureka3: bets $0.10
BUTAW701: folds 
maxmax525: folds 
Uncalled bet ($0.10) returned to heureka3
heureka3 collected $0.19 from pot
*** SUMMARY ***
Total pot $0.20 | Rake $0.01 
Board [6d 4h 4s]
Seat 1: Dorex2007 folded before Flop (didn't bet)
Seat 3: heureka3 collected ($0.19)
Seat 4: TO_0 ACE folded before Flop (didn't bet)
Seat 5: BUTAW701 folded on the Flop
Seat 6: bibgemma folded before Flop (didn't bet)
Seat 7: traderr71 (button) folded before Flop (didn't bet)
Seat 8: maxmax525 (small blind) folded on the Flop
Seat 9: aroundwinter (big blind) folded before Flop



PokerStars Hand #232179206890:  Hold'em No Limit ($0.01/$0.02 USD) - 2021/12/13 2:35:46 PT [2021/12/13 5:35:46 ET]
Table 'Aase II' 9-max Seat #8 is the button
Seat 1: Dorex2007 ($3.59 in chips) 
Seat 3: heureka3 ($0.91 in chips) 
Seat 4: TO_0 ACE ($2 in chips) 
Seat 5: BUTAW701 ($4.19 in chips) 
Seat 6: bibgemma ($0.67 in chips) 
Seat 7: traderr71 ($2.02 in chips) 
Seat 8: maxmax525 ($0.70 in chips) 
Seat 9: aroundwinter ($1.31 in chips) 
aroundwinter: posts small blind $0.01
Dorex2007: posts big blind $0.02
*** HOLE CARDS ***
Dealt to Dorex2007 [9c 7d]
heureka3: folds 
TO_0 ACE: folds 
BUTAW701: folds 
bibgemma: raises $0.65 to $0.67 and is all-in
traderr71: folds 
maxmax525: calls $0.67
aroundwinter: folds 
Dorex2007: folds 
*** FLOP *** [3d Jd Qs]
*** TURN *** [3d Jd Qs] [Jc]
*** RIVER *** [3d Jd Qs Jc] [4h]
*** SHOW DOWN ***
bibgemma: shows [Ts Tc] (two pair, Jacks and Tens)
maxmax525: shows [As 9s] (a pair of Jacks)
bibgemma cashed out the hand for $0.90 | Cash Out Fee $0.01
*** SUMMARY ***
Total pot $1.37 | Rake $0.05 
Board [3d Jd Qs Jc 4h]
Seat 1: Dorex2007 (big blind) folded before Flop
Seat 3: heureka3 folded before Flop (didn't bet)
Seat 4: TO_0 ACE folded before Flop (didn't bet)
Seat 5: BUTAW701 folded before Flop (didn't bet)
Seat 6: bibgemma showed [Ts Tc] and won ($1.32) with two pair, Jacks and Tens (pot not awarded as player cashed out)
Seat 7: traderr71 folded before Flop (didn't bet)
Seat 8: maxmax525 (button) showed [As 9s] and lost with a pair of Jacks
Seat 9: aroundwinter (small blind) folded before Flop



PokerStars Hand #232179213385:  Hold'em No Limit ($0.01/$0.02 USD) - 2021/12/13 2:36:19 PT [2021/12/13 5:36:19 ET]
Table 'Aase II' 9-max Seat #9 is the button
Seat 1: Dorex2007 ($3.57 in chips) 
Seat 3: heureka3 ($0.91 in chips) 
Seat 4: TO_0 ACE ($2 in chips) 
Seat 5: BUTAW701 ($4.19 in chips) 
Seat 6: bibgemma ($0.90 in chips) 
Seat 7: traderr71 ($2.02 in chips) 
Seat 8: maxmax525 ($0.03 in chips) 
Seat 9: aroundwinter ($1.30 in chips) 
Dorex2007: posts small blind $0.01
heureka3: posts big blind $0.02
*** HOLE CARDS ***
Dealt to Dorex2007 [Ad 4c]
TO_0 ACE: folds 
BUTAW701: folds 
bibgemma: raises $0.88 to $0.90 and is all-in
traderr71: folds 
maxmax525: folds 
aroundwinter: folds 
Dorex2007: folds 
heureka3: folds 
Uncalled bet ($0.88) returned to bibgemma
bibgemma collected $0.05 from pot
bibgemma: doesn't show hand 
*** SUMMARY ***
Total pot $0.05 | Rake $0 
Seat 1: Dorex2007 (small blind) folded before Flop
Seat 3: heureka3 (big blind) folded before Flop
Seat 4: TO_0 ACE folded before Flop (didn't bet)
Seat 5: BUTAW701 folded before Flop (didn't bet)
Seat 6: bibgemma collected ($0.05)
Seat 7: traderr71 folded before Flop (didn't bet)
Seat 8: maxmax525 folded before Flop (didn't bet)
Seat 9: aroundwinter (button) folded before Flop (didn't bet)



PokerStars Hand #232179216685:  Hold'em No Limit ($0.01/$0.02 USD) - 2021/12/13 2:36:34 PT [2021/12/13 5:36:34 ET]
Table 'Aase II' 9-max Seat #1 is the button
Seat 1: Dorex2007 ($3.56 in chips) 
Seat 3: heureka3 ($0.89 in chips) 
Seat 4: TO_0 ACE ($2 in chips) 
Seat 5: BUTAW701 ($4.19 in chips) 
Seat 6: bibgemma ($0.93 in chips) 
Seat 7: traderr71 ($2.02 in chips) 
Seat 8: maxmax525 ($0.03 in chips) 
Seat 9: aroundwinter ($1.30 in chips) 
heureka3: posts small blind $0.01
TO_0 ACE: posts big blind $0.02
*** HOLE CARDS ***
Dealt to Dorex2007 [Ac 6h]
BUTAW701: raises $0.04 to $0.06
bibgemma: folds 
traderr71: folds 
maxmax525: folds 
aroundwinter: folds 
Dorex2007: folds 
heureka3: calls $0.05
TO_0 ACE: folds 
*** FLOP *** [8d 5c Qd]
heureka3: bets $0.07
BUTAW701: folds 
Uncalled bet ($0.07) returned to heureka3
heureka3 collected $0.14 from pot
*** SUMMARY ***
Total pot $0.14 | Rake $0 
Board [8d 5c Qd]
Seat 1: Dorex2007 (button) folded before Flop (didn't bet)
Seat 3: heureka3 (small blind) collected ($0.14)
Seat 4: TO_0 ACE (big blind) folded before Flop
Seat 5: BUTAW701 folded on the Flop
Seat 6: bibgemma folded before Flop (didn't bet)
Seat 7: traderr71 folded before Flop (didn't bet)
Seat 8: maxmax525 folded before Flop (didn't bet)
Seat 9: aroundwinter folded before Flop (didn't bet)



PokerStars Hand #232179223000:  Hold'em No Limit ($0.01/$0.02 USD) - 2021/12/13 2:37:05 PT [2021/12/13 5:37:05 ET]
Table 'Aase II' 9-max Seat #3 is the button
Seat 1: Dorex2007 ($3.56 in chips) 
Seat 3: heureka3 ($0.97 in chips) 
Seat 4: TO_0 ACE ($1.98 in chips) 
Seat 5: BUTAW701 ($4.13 in chips) 
Seat 6: bibgemma ($0.93 in chips) 
Seat 7: traderr71 ($2.02 in chips) 
Seat 8: maxmax525 ($0.03 in chips) 
Seat 9: aroundwinter ($1.30 in chips) 
TO_0 ACE: posts small blind $0.01
BUTAW701: posts big blind $0.02
*** HOLE CARDS ***
Dealt to Dorex2007 [6s Jh]
bibgemma: folds 
traderr71: calls $0.02
maxmax525: raises $0.01 to $0.03 and is all-in
aroundwinter: folds 
Dorex2007: folds 
heureka3: folds 
TO_0 ACE: folds 
BUTAW701: calls $0.01
traderr71: calls $0.01
*** FLOP *** [Th Kh Td]
BUTAW701: checks 
traderr71: checks 
*** TURN *** [Th Kh Td] [Kc]
BUTAW701: checks 
traderr71: bets $0.05
BUTAW701: folds 
Uncalled bet ($0.05) returned to traderr71
*** RIVER *** [Th Kh Td Kc] [3d]
*** SHOW DOWN ***
traderr71: shows [Ad 7h] (two pair, Kings and Tens)
maxmax525: shows [Ts 8s] (a full house, Tens full of Kings)
maxmax525 collected $0.10 from pot
*** SUMMARY ***
Total pot $0.10 | Rake $0 
Board [Th Kh Td Kc 3d]
Seat 1: Dorex2007 folded before Flop (didn't bet)
Seat 3: heureka3 (button) folded before Flop (didn't bet)
Seat 4: TO_0 ACE (small blind) folded before Flop
Seat 5: BUTAW701 (big blind) folded on the Turn
Seat 6: bibgemma folded before Flop (didn't bet)
Seat 7: traderr71 showed [Ad 7h] and lost with two pair, Kings and Tens
Seat 8: maxmax525 showed [Ts 8s] and won ($0.10) with a full house, Tens full of Kings
Seat 9: aroundwinter folded before Flop (didn't bet)



PokerStars Hand #232179232742:  Hold'em No Limit ($0.01/$0.02 USD) - 2021/12/13 2:37:52 PT [2021/12/13 5:37:52 ET]
Table 'Aase II' 9-max Seat #4 is the button
Seat 1: Dorex2007 ($3.56 in chips) 
Seat 3: heureka3 ($0.97 in chips) 
Seat 4: TO_0 ACE ($1.97 in chips) 
Seat 5: BUTAW701 ($4.10 in chips) 
Seat 8: maxmax525 ($0.10 in chips) 
Seat 9: aroundwinter ($1.30 in chips) 
BUTAW701: posts small blind $0.01
maxmax525: posts big blind $0.02
*** HOLE CARDS ***
Dealt to Dorex2007 [7d 8s]
aroundwinter: folds 
Dorex2007: folds 
heureka3: folds 
TO_0 ACE: folds 
BUTAW701: raises $0.08 to $0.10
bibgemma leaves the table
maxmax525: calls $0.08 and is all-in
traderr71 leaves the table
*** FLOP *** [3h Js Td]
*** TURN *** [3h Js Td] [5c]
*** RIVER *** [3h Js Td 5c] [6c]
*** SHOW DOWN ***
BUTAW701: shows [6h 7h] (a pair of Sixes)
maxmax525: shows [Qc Jd] (a pair of Jacks)
maxmax525 collected $0.19 from pot
*** SUMMARY ***
Total pot $0.20 | Rake $0.01 
Board [3h Js Td 5c 6c]
Seat 1: Dorex2007 folded before Flop (didn't bet)
Seat 3: heureka3 folded before Flop (didn't bet)
Seat 4: TO_0 ACE (button) folded before Flop (didn't bet)
Seat 5: BUTAW701 (small blind) showed [6h 7h] and lost with a pair of Sixes
Seat 8: maxmax525 (big blind) showed [Qc Jd] and won ($0.19) with a pair of Jacks
Seat 9: aroundwinter folded before Flop (didn't bet)



PokerStars Hand #232179238495:  Hold'em No Limit ($0.01/$0.02 USD) - 2021/12/13 2:38:20 PT [2021/12/13 5:38:20 ET]
Table 'Aase II' 9-max Seat #5 is the button
Seat 1: Dorex2007 ($3.56 in chips) 
Seat 3: heureka3 ($0.97 in chips) 
Seat 4: TO_0 ACE ($1.97 in chips) 
Seat 5: BUTAW701 ($4 in chips) 
Seat 8: maxmax525 ($0.19 in chips) 
Seat 9: aroundwinter ($1.30 in chips) 
maxmax525: posts small blind $0.01
aroundwinter: posts big blind $0.02
*** HOLE CARDS ***
Dealt to Dorex2007 [Kd 3s]
Dorex2007: folds 
heureka3: folds 
TO_0 ACE: calls $0.02
BUTAW701: folds 
maxmax525: calls $0.01
aroundwinter: checks 
*** FLOP *** [4d Qd 4c]
wrnbrssil joins the table at seat #6 
maxmax525: bets $0.02
aroundwinter: calls $0.02
TO_0 ACE: raises $0.06 to $0.08
Asparrowhawk joins the table at seat #7 
maxmax525: folds 
aroundwinter: calls $0.06
*** TURN *** [4d Qd 4c] [Ad]
aroundwinter: checks 
TO_0 ACE: bets $0.12
aroundwinter: calls $0.12
*** RIVER *** [4d Qd 4c Ad] [6c]
aroundwinter: checks 
TO_0 ACE: checks 
*** SHOW DOWN ***
aroundwinter: shows [8d 4s] (three of a kind, Fours)
TO_0 ACE: mucks hand 
aroundwinter collected $0.46 from pot
*** SUMMARY ***
Total pot $0.48 | Rake $0.02 
Board [4d Qd 4c Ad 6c]
Seat 1: Dorex2007 folded before Flop (didn't bet)
Seat 3: heureka3 folded before Flop (didn't bet)
Seat 4: TO_0 ACE mucked [Jh Qh]
Seat 5: BUTAW701 (button) folded before Flop (didn't bet)
Seat 8: maxmax525 (small blind) folded on the Flop
Seat 9: aroundwinter (big blind) showed [8d 4s] and won ($0.46) with three of a kind, Fours



PokerStars Hand #232179250966:  Hold'em No Limit ($0.01/$0.02 USD) - 2021/12/13 2:39:21 PT [2021/12/13 5:39:21 ET]
Table 'Aase II' 9-max Seat #8 is the button
Seat 1: Dorex2007 ($3.56 in chips) 
Seat 3: heureka3 ($0.97 in chips) 
Seat 4: TO_0 ACE ($1.75 in chips) 
Seat 5: BUTAW701 ($4 in chips) 
Seat 6: wrnbrssil ($2 in chips) 
Seat 8: maxmax525 ($0.15 in chips) 
Seat 9: aroundwinter ($1.54 in chips) 
aroundwinter: posts small blind $0.01
Dorex2007: posts big blind $0.02
wrnbrssil: posts big blind $0.02
Asparrowhawk: sits out 
*** HOLE CARDS ***
Dealt to Dorex2007 [7s 4h]
heureka3: calls $0.02
TO_0 ACE: calls $0.02
BUTAW701: folds 
wrnbrssil: checks 
maxmax525: folds 
aroundwinter: folds 
Dorex2007: checks 
*** FLOP *** [3h Jd Th]
Dorex2007: checks 
heureka3: bets $0.09
TO_0 ACE: calls $0.09
wrnbrssil: folds 
Dorex2007: folds 
*** TURN *** [3h Jd Th] [Ah]
heureka3: bets $0.13
TO_0 ACE: folds 
Uncalled bet ($0.13) returned to heureka3
heureka3 collected $0.26 from pot
*** SUMMARY ***
Total pot $0.27 | Rake $0.01 
Board [3h Jd Th Ah]
Seat 1: Dorex2007 (big blind) folded on the Flop
Seat 3: heureka3 collected ($0.26)
Seat 4: TO_0 ACE folded on the Turn
Seat 5: BUTAW701 folded before Flop (didn't bet)
Seat 6: wrnbrssil folded on the Flop (didn't bet)
Seat 8: maxmax525 (button) folded before Flop (didn't bet)
Seat 9: aroundwinter (small blind) folded before Flop



PokerStars Hand #232179265523:  Hold'em No Limit ($0.01/$0.02 USD) - 2021/12/13 2:40:32 PT [2021/12/13 5:40:32 ET]
Table 'Aase II' 9-max Seat #9 is the button
Seat 1: Dorex2007 ($3.54 in chips) 
Seat 3: heureka3 ($1.12 in chips) 
Seat 4: TO_0 ACE ($1.64 in chips) 
Seat 5: BUTAW701 ($4 in chips) 
Seat 6: wrnbrssil ($1.98 in chips) 
Seat 8: maxmax525 ($0.15 in chips) 
Seat 9: aroundwinter ($1.53 in chips) 
Dorex2007: posts small blind $0.01
heureka3: posts big blind $0.02
Asparrowhawk: sits out 
*** HOLE CARDS ***
Dealt to Dorex2007 [7h Jh]
TO_0 ACE: folds 
BUTAW701: folds 
wrnbrssil: folds 
maxmax525: folds 
aroundwinter: folds 
Dorex2007: calls $0.01
heureka3: checks 
*** FLOP *** [3c Jd Qc]
Dorex2007: checks 
heureka3: bets $0.02
Dorex2007: calls $0.02
*** TURN *** [3c Jd Qc] [5c]
Dorex2007: checks 
heureka3: bets $0.02
Dorex2007: calls $0.02
*** RIVER *** [3c Jd Qc 5c] [Kd]
Dorex2007: bets $0.08
heureka3: folds 
Uncalled bet ($0.08) returned to Dorex2007
Dorex2007 collected $0.12 from pot
vasyl3010 leaves the table
Dorex2007: doesn't show hand 
*** SUMMARY ***
Total pot $0.12 | Rake $0 
Board [3c Jd Qc 5c Kd]
Seat 1: Dorex2007 (small blind) collected ($0.12)
Seat 3: heureka3 (big blind) folded on the River
Seat 4: TO_0 ACE folded before Flop (didn't bet)
Seat 5: BUTAW701 folded before Flop (didn't bet)
Seat 6: wrnbrssil folded before Flop (didn't bet)
Seat 8: maxmax525 folded before Flop (didn't bet)
Seat 9: aroundwinter (button) folded before Flop (didn't bet)



PokerStars Hand #232179273626:  Hold'em No Limit ($0.01/$0.02 USD) - 2021/12/13 2:41:12 PT [2021/12/13 5:41:12 ET]
Table 'Aase II' 9-max Seat #1 is the button
Seat 1: Dorex2007 ($3.60 in chips) 
Seat 3: heureka3 ($1.06 in chips) 
Seat 4: TO_0 ACE ($1.64 in chips) 
Seat 5: BUTAW701 ($4 in chips) 
Seat 6: wrnbrssil ($1.98 in chips) 
Seat 8: maxmax525 ($0.15 in chips) 
Seat 9: aroundwinter ($1.53 in chips) 
heureka3: posts small blind $0.01
TO_0 ACE: posts big blind $0.02
Asparrowhawk: sits out 
*** HOLE CARDS ***
Dealt to Dorex2007 [Jc 7d]
BUTAW701: folds 
wrnbrssil: folds 
maxmax525: folds 
aroundwinter: folds 
Dorex2007: folds 
heureka3: folds 
Uncalled bet ($0.01) returned to TO_0 ACE
TO_0 ACE collected $0.02 from pot
TO_0 ACE: doesn't show hand 
*** SUMMARY ***
Total pot $0.02 | Rake $0 
Seat 1: Dorex2007 (button) folded before Flop (didn't bet)
Seat 3: heureka3 (small blind) folded before Flop
Seat 4: TO_0 ACE (big blind) collected ($0.02)
Seat 5: BUTAW701 folded before Flop (didn't bet)
Seat 6: wrnbrssil folded before Flop (didn't bet)
Seat 8: maxmax525 folded before Flop (didn't bet)
Seat 9: aroundwinter folded before Flop (didn't bet)



PokerStars Hand #232179277798:  Hold'em No Limit ($0.01/$0.02 USD) - 2021/12/13 2:41:33 PT [2021/12/13 5:41:33 ET]
Table 'Aase II' 9-max Seat #3 is the button
Seat 1: Dorex2007 ($3.60 in chips) 
Seat 3: heureka3 ($1.05 in chips) 
Seat 4: TO_0 ACE ($1.65 in chips) 
Seat 5: BUTAW701 ($4 in chips) 
Seat 6: wrnbrssil ($1.98 in chips) 
Seat 8: maxmax525 ($0.15 in chips) 
Seat 9: aroundwinter ($1.53 in chips) 
TO_0 ACE: posts small blind $0.01
BUTAW701: posts big blind $0.02
Asparrowhawk: sits out 
*** HOLE CARDS ***
Dealt to Dorex2007 [5c 3d]
wrnbrssil: raises $0.02 to $0.04
maxmax525: calls $0.04
aroundwinter: folds 
Dorex2007: folds 
heureka3: folds 
TO_0 ACE: raises $0.14 to $0.18
BUTAW701: folds 
wrnbrssil: folds 
maxmax525: calls $0.11 and is all-in
Uncalled bet ($0.03) returned to TO_0 ACE
*** FLOP *** [7c 5d Ts]
*** TURN *** [7c 5d Ts] [8c]
*** RIVER *** [7c 5d Ts 8c] [3c]
*** SHOW DOWN ***
TO_0 ACE: shows [Kd Ac] (high card Ace)
maxmax525: shows [Qh Jd] (high card Queen)
TO_0 ACE collected $0.35 from pot
*** SUMMARY ***
Total pot $0.36 | Rake $0.01 
Board [7c 5d Ts 8c 3c]
Seat 1: Dorex2007 folded before Flop (didn't bet)
Seat 3: heureka3 (button) folded before Flop (didn't bet)
Seat 4: TO_0 ACE (small blind) showed [Kd Ac] and won ($0.35) with high card Ace
Seat 5: BUTAW701 (big blind) folded before Flop
Seat 6: wrnbrssil folded before Flop
Seat 8: maxmax525 showed [Qh Jd] and lost with high card Queen
Seat 9: aroundwinter folded before Flop (didn't bet)



PokerStars Hand #232179286716:  Hold'em No Limit ($0.01/$0.02 USD) - 2021/12/13 2:42:16 PT [2021/12/13 5:42:16 ET]
Table 'Aase II' 9-max Seat #4 is the button
Seat 1: Dorex2007 ($3.60 in chips) 
Seat 3: heureka3 ($1.05 in chips) 
Seat 4: TO_0 ACE ($1.85 in chips) 
Seat 5: BUTAW701 ($3.98 in chips) 
Seat 6: wrnbrssil ($1.94 in chips) 
Seat 7: Asparrowhawk ($1.90 in chips) 
Seat 9: aroundwinter ($1.53 in chips) 
BUTAW701: posts small blind $0.01
wrnbrssil: posts big blind $0.02
Asparrowhawk: posts big blind $0.02
*** HOLE CARDS ***
Dealt to Dorex2007 [7d 8h]
Asparrowhawk: checks 
aroundwinter: folds 
Dorex2007: folds 
heureka3: folds 
TO_0 ACE: folds 
BUTAW701: calls $0.01
wrnbrssil: checks 
*** FLOP *** [Ac 3h 4c]
BUTAW701: checks 
wrnbrssil: checks 
Asparrowhawk: bets $0.02
treffer99 joins the table at seat #2 
BUTAW701: calls $0.02
wrnbrssil: raises $0.06 to $0.08
Asparrowhawk: folds 
BUTAW701: calls $0.06
*** TURN *** [Ac 3h 4c] [Qs]
BUTAW701: checks 
wrnbrssil: bets $0.12
BUTAW701: calls $0.12
*** RIVER *** [Ac 3h 4c Qs] [2h]
BUTAW701: checks 
wrnbrssil: checks 
*** SHOW DOWN ***
BUTAW701: shows [Ad 4d] (two pair, Aces and Fours)
wrnbrssil: mucks hand 
BUTAW701 collected $0.46 from pot
*** SUMMARY ***
Total pot $0.48 | Rake $0.02 
Board [Ac 3h 4c Qs 2h]
Seat 1: Dorex2007 folded before Flop (didn't bet)
Seat 3: heureka3 folded before Flop (didn't bet)
Seat 4: TO_0 ACE (button) folded before Flop (didn't bet)
Seat 5: BUTAW701 (small blind) showed [Ad 4d] and won ($0.46) with two pair, Aces and Fours
Seat 6: wrnbrssil (big blind) mucked [Ah Tc]
Seat 7: Asparrowhawk folded on the Flop
Seat 9: aroundwinter folded before Flop (didn't bet)



PokerStars Hand #232179307061:  Hold'em No Limit ($0.01/$0.02 USD) - 2021/12/13 2:43:55 PT [2021/12/13 5:43:55 ET]
Table 'Aase II' 9-max Seat #5 is the button
Seat 1: Dorex2007 ($3.60 in chips) 
Seat 3: heureka3 ($1.05 in chips) 
Seat 4: TO_0 ACE ($1.85 in chips) 
Seat 5: BUTAW701 ($4.22 in chips) 
Seat 6: wrnbrssil ($1.72 in chips) 
Seat 7: Asparrowhawk ($1.86 in chips) 
Seat 8: maxmax525 ($0.80 in chips) 
Seat 9: aroundwinter ($1.53 in chips) 
wrnbrssil: posts small blind $0.01
Asparrowhawk: posts big blind $0.02
treffer99: sits out 
*** HOLE CARDS ***
Dealt to Dorex2007 [Qh 3c]
maxmax525: calls $0.02
aroundwinter: folds 
Dorex2007: folds 
heureka3: folds 
TO_0 ACE: raises $0.07 to $0.09
BUTAW701: folds 
wrnbrssil: folds 
Asparrowhawk: folds 
maxmax525: calls $0.07
*** FLOP *** [Qc 7h 8c]
maxmax525: checks 
TO_0 ACE: bets $0.10
maxmax525: folds 
Uncalled bet ($0.10) returned to TO_0 ACE
TO_0 ACE collected $0.20 from pot
TO_0 ACE: doesn't show hand 
*** SUMMARY ***
Total pot $0.21 | Rake $0.01 
Board [Qc 7h 8c]
Seat 1: Dorex2007 folded before Flop (didn't bet)
Seat 3: heureka3 folded before Flop (didn't bet)
Seat 4: TO_0 ACE collected ($0.20)
Seat 5: BUTAW701 (button) folded before Flop (didn't bet)
Seat 6: wrnbrssil (small blind) folded before Flop
Seat 7: Asparrowhawk (big blind) folded before Flop
Seat 8: maxmax525 folded on the Flop
Seat 9: aroundwinter folded before Flop (didn't bet)



PokerStars Hand #232179317830:  Hold'em No Limit ($0.01/$0.02 USD) - 2021/12/13 2:44:46 PT [2021/12/13 5:44:46 ET]
Table 'Aase II' 9-max Seat #6 is the button
Seat 1: Dorex2007 ($3.60 in chips) 
Seat 3: heureka3 ($1.05 in chips) 
Seat 4: TO_0 ACE ($1.96 in chips) 
Seat 5: BUTAW701 ($4.22 in chips) 
Seat 6: wrnbrssil ($1.71 in chips) 
Seat 7: Asparrowhawk ($1.84 in chips) 
Seat 8: maxmax525 ($0.71 in chips) 
Seat 9: aroundwinter ($1.53 in chips) 
Asparrowhawk: posts small blind $0.01
maxmax525: posts big blind $0.02
treffer99: sits out 
*** HOLE CARDS ***
Dealt to Dorex2007 [Kd Ah]
aroundwinter: folds 
Dorex2007: raises $0.02 to $0.04
heureka3: folds 
TO_0 ACE: folds 
BUTAW701: folds 
wrnbrssil: folds 
Asparrowhawk: folds 
maxmax525: folds 
Uncalled bet ($0.02) returned to Dorex2007
Dorex2007 collected $0.05 from pot
Dorex2007: doesn't show hand 
*** SUMMARY ***
Total pot $0.05 | Rake $0 
Seat 1: Dorex2007 collected ($0.05)
Seat 3: heureka3 folded before Flop (didn't bet)
Seat 4: TO_0 ACE folded before Flop (didn't bet)
Seat 5: BUTAW701 folded before Flop (didn't bet)
Seat 6: wrnbrssil (button) folded before Flop (didn't bet)
Seat 7: Asparrowhawk (small blind) folded before Flop
Seat 8: maxmax525 (big blind) folded before Flop
Seat 9: aroundwinter folded before Flop (didn't bet)



PokerStars Hand #232179324184:  Hold'em No Limit ($0.01/$0.02 USD) - 2021/12/13 2:45:17 PT [2021/12/13 5:45:17 ET]
Table 'Aase II' 9-max Seat #7 is the button
Seat 1: Dorex2007 ($3.63 in chips) 
Seat 3: heureka3 ($1.05 in chips) 
Seat 4: TO_0 ACE ($1.96 in chips) 
Seat 5: BUTAW701 ($4.22 in chips) 
Seat 6: wrnbrssil ($1.71 in chips) 
Seat 7: Asparrowhawk ($1.83 in chips) 
Seat 8: maxmax525 ($0.69 in chips) 
Seat 9: aroundwinter ($1.53 in chips) 
maxmax525: posts small blind $0.01
aroundwinter: posts big blind $0.02
treffer99: sits out 
*** HOLE CARDS ***
Dealt to Dorex2007 [Qh 5d]
Dorex2007: folds 
heureka3: folds 
TO_0 ACE: folds 
BUTAW701: raises $0.04 to $0.06
wrnbrssil: folds 
Asparrowhawk: folds 
maxmax525: calls $0.05
aroundwinter: folds 
*** FLOP *** [4d Td 6c]
maxmax525: bets $0.02
BUTAW701: calls $0.02
*** TURN *** [4d Td 6c] [3c]
maxmax525: bets $0.02
BUTAW701: calls $0.02
*** RIVER *** [4d Td 6c 3c] [5h]
maxmax525: bets $0.02
BUTAW701: calls $0.02
*** SHOW DOWN ***
maxmax525: shows [8c 8h] (a pair of Eights)
BUTAW701: mucks hand 
maxmax525 collected $0.25 from pot
*** SUMMARY ***
Total pot $0.26 | Rake $0.01 
Board [4d Td 6c 3c 5h]
Seat 1: Dorex2007 folded before Flop (didn't bet)
Seat 3: heureka3 folded before Flop (didn't bet)
Seat 4: TO_0 ACE folded before Flop (didn't bet)
Seat 5: BUTAW701 mucked [Jc Ah]
Seat 6: wrnbrssil folded before Flop (didn't bet)
Seat 7: Asparrowhawk (button) folded before Flop (didn't bet)
Seat 8: maxmax525 (small blind) showed [8c 8h] and won ($0.25) with a pair of Eights
Seat 9: aroundwinter (big blind) folded before Flop



PokerStars Hand #232179341771:  Hold'em No Limit ($0.01/$0.02 USD) - 2021/12/13 2:46:20 PT [2021/12/13 5:46:20 ET]
Table 'Aase II' 9-max Seat #8 is the button
Seat 1: Dorex2007 ($3.63 in chips) 
Seat 3: heureka3 ($1.05 in chips) 
Seat 4: TO_0 ACE ($1.96 in chips) 
Seat 5: BUTAW701 ($4.10 in chips) 
Seat 6: wrnbrssil ($1.71 in chips) 
Seat 7: Asparrowhawk ($1.83 in chips) 
Seat 8: maxmax525 ($0.82 in chips) 
Seat 9: aroundwinter ($1.51 in chips) 
aroundwinter: posts small blind $0.01
Dorex2007: posts big blind $0.02
treffer99: sits out 
*** HOLE CARDS ***
Dealt to Dorex2007 [2d 4c]
heureka3: folds 
TO_0 ACE: folds 
BUTAW701: folds 
wrnbrssil: raises $0.02 to $0.04
Asparrowhawk: calls $0.04
maxmax525: folds 
aroundwinter: folds 
Dorex2007: folds 
*** FLOP *** [8s 4h 6d]
wrnbrssil: checks 
Asparrowhawk: checks 
*** TURN *** [8s 4h 6d] [8d]
wrnbrssil: checks 
Asparrowhawk: checks 
*** RIVER *** [8s 4h 6d 8d] [Jh]
wrnbrssil: checks 
Asparrowhawk: checks 
*** SHOW DOWN ***
wrnbrssil: shows [Ah Qd] (a pair of Eights)
Asparrowhawk: mucks hand 
wrnbrssil collected $0.11 from pot
*** SUMMARY ***
Total pot $0.11 | Rake $0 
Board [8s 4h 6d 8d Jh]
Seat 1: Dorex2007 (big blind) folded before Flop
Seat 3: heureka3 folded before Flop (didn't bet)
Seat 4: TO_0 ACE folded before Flop (didn't bet)
Seat 5: BUTAW701 folded before Flop (didn't bet)
Seat 6: wrnbrssil showed [Ah Qd] and won ($0.11) with a pair of Eights
Seat 7: Asparrowhawk mucked [Ac 9c]
Seat 8: maxmax525 (button) folded before Flop (didn't bet)
Seat 9: aroundwinter (small blind) folded before Flop



PokerStars Hand #232179352046:  Hold'em No Limit ($0.01/$0.02 USD) - 2021/12/13 2:47:10 PT [2021/12/13 5:47:10 ET]
Table 'Aase II' 9-max Seat #9 is the button
Seat 1: Dorex2007 ($3.61 in chips) 
Seat 2: treffer99 ($0.80 in chips) 
Seat 3: heureka3 ($1.05 in chips) 
Seat 4: TO_0 ACE ($1.96 in chips) 
Seat 5: BUTAW701 ($4.10 in chips) 
Seat 6: wrnbrssil ($1.78 in chips) 
Seat 7: Asparrowhawk ($1.79 in chips) 
Seat 8: maxmax525 ($0.82 in chips) 
Seat 9: aroundwinter ($1.50 in chips) 
Dorex2007: posts small blind $0.01
treffer99: posts big blind $0.02
*** HOLE CARDS ***
Dealt to Dorex2007 [5d 4c]
heureka3: raises $0.02 to $0.04
TO_0 ACE: folds 
BUTAW701: folds 
wrnbrssil: folds 
Asparrowhawk: folds 
maxmax525: folds 
aroundwinter: folds 
Dorex2007: folds 
treffer99: folds 
Uncalled bet ($0.02) returned to heureka3
heureka3 collected $0.05 from pot
*** SUMMARY ***
Total pot $0.05 | Rake $0 
Seat 1: Dorex2007 (small blind) folded before Flop
Seat 2: treffer99 (big blind) folded before Flop
Seat 3: heureka3 collected ($0.05)
Seat 4: TO_0 ACE folded before Flop (didn't bet)
Seat 5: BUTAW701 folded before Flop (didn't bet)
Seat 6: wrnbrssil folded before Flop (didn't bet)
Seat 7: Asparrowhawk folded before Flop (didn't bet)
Seat 8: maxmax525 folded before Flop (didn't bet)
Seat 9: aroundwinter (button) folded before Flop (didn't bet)



PokerStars Hand #232179357872:  Hold'em No Limit ($0.01/$0.02 USD) - 2021/12/13 2:47:38 PT [2021/12/13 5:47:38 ET]
Table 'Aase II' 9-max Seat #1 is the button
Seat 1: Dorex2007 ($3.60 in chips) 
Seat 2: treffer99 ($0.78 in chips) 
Seat 3: heureka3 ($1.08 in chips) 
Seat 4: TO_0 ACE ($1.96 in chips) 
Seat 5: BUTAW701 ($4.10 in chips) 
Seat 6: wrnbrssil ($1.78 in chips) 
Seat 7: Asparrowhawk ($1.79 in chips) 
Seat 8: maxmax525 ($0.82 in chips) 
Seat 9: aroundwinter ($1.50 in chips) 
treffer99: posts small blind $0.01
heureka3: posts big blind $0.02
*** HOLE CARDS ***
Dealt to Dorex2007 [Td 5d]
TO_0 ACE: folds 
BUTAW701: folds 
wrnbrssil: folds 
BUTAW701 leaves the table
Asparrowhawk: folds 
SVlad20 joins the table at seat #5 
maxmax525: folds 
aroundwinter: raises $0.03 to $0.05
Dorex2007: folds 
treffer99: folds 
heureka3: calls $0.03
*** FLOP *** [6s 9s 3s]
heureka3: bets $0.06
aroundwinter: calls $0.06
*** TURN *** [6s 9s 3s] [Th]
heureka3: checks 
aroundwinter: checks 
*** RIVER *** [6s 9s 3s Th] [2s]
heureka3: checks 
aroundwinter: bets $0.18
heureka3: calls $0.18
*** SHOW DOWN ***
aroundwinter: shows [Kd As] (a flush, Ace high)
heureka3: mucks hand 
aroundwinter collected $0.57 from pot
*** SUMMARY ***
Total pot $0.59 | Rake $0.02 
Board [6s 9s 3s Th 2s]
Seat 1: Dorex2007 (button) folded before Flop (didn't bet)
Seat 2: treffer99 (small blind) folded before Flop
Seat 3: heureka3 (big blind) mucked [8h 8s]
Seat 4: TO_0 ACE folded before Flop (didn't bet)
Seat 5: BUTAW701 folded before Flop (didn't bet)
Seat 6: wrnbrssil folded before Flop (didn't bet)
Seat 7: Asparrowhawk folded before Flop (didn't bet)
Seat 8: maxmax525 folded before Flop (didn't bet)
Seat 9: aroundwinter showed [Kd As] and won ($0.57) with a flush, Ace high



PokerStars Hand #232179370160:  Hold'em No Limit ($0.01/$0.02 USD) - 2021/12/13 2:48:37 PT [2021/12/13 5:48:37 ET]
Table 'Aase II' 9-max Seat #2 is the button
Seat 1: Dorex2007 ($3.60 in chips) 
Seat 2: treffer99 ($0.77 in chips) 
Seat 3: heureka3 ($0.79 in chips) 
Seat 4: TO_0 ACE ($1.96 in chips) 
Seat 6: wrnbrssil ($1.78 in chips) 
Seat 7: Asparrowhawk ($1.79 in chips) 
Seat 8: maxmax525 ($0.82 in chips) 
Seat 9: aroundwinter ($1.78 in chips) 
heureka3: posts small blind $0.01
TO_0 ACE: posts big blind $0.02
SVlad20: sits out 
*** HOLE CARDS ***
Dealt to Dorex2007 [Qd Jc]
wrnbrssil: folds 
Asparrowhawk: folds 
maxmax525: calls $0.02
aroundwinter: folds 
Dorex2007: calls $0.02
treffer99: calls $0.02
heureka3: folds 
TO_0 ACE: checks 
*** FLOP *** [8h 4d Ks]
TO_0 ACE: checks 
maxmax525: checks 
Dorex2007: checks 
treffer99: checks 
*** TURN *** [8h 4d Ks] [5s]
TO_0 ACE: checks 
maxmax525: checks 
Dorex2007: bets $0.05
treffer99: folds 
TO_0 ACE: calls $0.05
maxmax525: folds 
*** RIVER *** [8h 4d Ks 5s] [5d]
TO_0 ACE: checks 
Dorex2007: bets $0.09
TO_0 ACE: calls $0.09
*** SHOW DOWN ***
Dorex2007: shows [Qd Jc] (a pair of Fives)
TO_0 ACE: shows [Kc 2c] (two pair, Kings and Fives)
TO_0 ACE collected $0.36 from pot
*** SUMMARY ***
Total pot $0.37 | Rake $0.01 
Board [8h 4d Ks 5s 5d]
Seat 1: Dorex2007 showed [Qd Jc] and lost with a pair of Fives
Seat 2: treffer99 (button) folded on the Turn
Seat 3: heureka3 (small blind) folded before Flop
Seat 4: TO_0 ACE (big blind) showed [Kc 2c] and won ($0.36) with two pair, Kings and Fives
Seat 6: wrnbrssil folded before Flop (didn't bet)
Seat 7: Asparrowhawk folded before Flop (didn't bet)
Seat 8: maxmax525 folded on the Turn
Seat 9: aroundwinter folded before Flop (didn't bet)



PokerStars Hand #232179383762:  Hold'em No Limit ($0.01/$0.02 USD) - 2021/12/13 2:49:42 PT [2021/12/13 5:49:42 ET]
Table 'Aase II' 9-max Seat #3 is the button
Seat 1: Dorex2007 ($3.44 in chips) 
Seat 2: treffer99 ($0.75 in chips) 
Seat 3: heureka3 ($0.78 in chips) 
Seat 4: TO_0 ACE ($2.16 in chips) 
Seat 5: SVlad20 ($0.80 in chips) 
Seat 6: wrnbrssil ($1.78 in chips) 
Seat 7: Asparrowhawk ($1.79 in chips) 
Seat 8: maxmax525 ($0.80 in chips) 
Seat 9: aroundwinter ($1.78 in chips) 
TO_0 ACE: posts small blind $0.01
SVlad20: posts big blind $0.02
*** HOLE CARDS ***
Dealt to Dorex2007 [Ah 9h]
wrnbrssil: folds 
Asparrowhawk: folds 
maxmax525: raises $0.04 to $0.06
aroundwinter: folds 
Dorex2007: calls $0.06
treffer99: folds 
heureka3: folds 
TO_0 ACE: folds 
SVlad20: folds 
*** FLOP *** [7c 7d Jc]
SVlad20 leaves the table
maxmax525: bets $0.07
Dorex2007: calls $0.07
*** TURN *** [7c 7d Jc] [Ks]
maxmax525: bets $0.02
Dorex2007: calls $0.02
*** RIVER *** [7c 7d Jc Ks] [3c]
maxmax525: bets $0.02
Dorex2007: raises $0.18 to $0.20
haideko joins the table at seat #5 
maxmax525: folds 
Uncalled bet ($0.18) returned to Dorex2007
Dorex2007 collected $0.36 from pot
Dorex2007: doesn't show hand 
*** SUMMARY ***
Total pot $0.37 | Rake $0.01 
Board [7c 7d Jc Ks 3c]
Seat 1: Dorex2007 collected ($0.36)
Seat 2: treffer99 folded before Flop (didn't bet)
Seat 3: heureka3 (button) folded before Flop (didn't bet)
Seat 4: TO_0 ACE (small blind) folded before Flop
Seat 5: SVlad20 (big blind) folded before Flop
Seat 6: wrnbrssil folded before Flop (didn't bet)
Seat 7: Asparrowhawk folded before Flop (didn't bet)
Seat 8: maxmax525 folded on the River
Seat 9: aroundwinter folded before Flop (didn't bet)



PokerStars Hand #232179397492:  Hold'em No Limit ($0.01/$0.02 USD) - 2021/12/13 2:50:47 PT [2021/12/13 5:50:47 ET]
Table 'Aase II' 9-max Seat #4 is the button
Seat 1: Dorex2007 ($3.63 in chips) 
Seat 2: treffer99 ($0.75 in chips) 
Seat 3: heureka3 ($0.78 in chips) 
Seat 4: TO_0 ACE ($2.15 in chips) 
Seat 6: wrnbrssil ($1.78 in chips) 
Seat 7: Asparrowhawk ($1.79 in chips) 
Seat 8: maxmax525 ($0.63 in chips) 
Seat 9: aroundwinter ($1.78 in chips) 
wrnbrssil: posts small blind $0.01
Asparrowhawk: posts big blind $0.02
*** HOLE CARDS ***
Dealt to Dorex2007 [8s 5c]
maxmax525 has timed out
maxmax525: folds 
aroundwinter: folds 
Dorex2007: folds 
treffer99: folds 
heureka3: calls $0.02
TO_0 ACE: raises $0.07 to $0.09
wrnbrssil: folds 
Asparrowhawk: folds 
heureka3: folds 
Uncalled bet ($0.07) returned to TO_0 ACE
TO_0 ACE collected $0.07 from pot
TO_0 ACE: doesn't show hand 
*** SUMMARY ***
Total pot $0.07 | Rake $0 
Seat 1: Dorex2007 folded before Flop (didn't bet)
Seat 2: treffer99 folded before Flop (didn't bet)
Seat 3: heureka3 folded before Flop
Seat 4: TO_0 ACE (button) collected ($0.07)
Seat 6: wrnbrssil (small blind) folded before Flop
Seat 7: Asparrowhawk (big blind) folded before Flop
Seat 8: maxmax525 folded before Flop (didn't bet)
Seat 9: aroundwinter folded before Flop (didn't bet)



PokerStars Hand #232179402811:  Hold'em No Limit ($0.01/$0.02 USD) - 2021/12/13 2:51:13 PT [2021/12/13 5:51:13 ET]
Table 'Aase II' 9-max Seat #6 is the button
Seat 1: Dorex2007 ($3.63 in chips) 
Seat 2: treffer99 ($0.75 in chips) 
Seat 3: heureka3 ($0.76 in chips) 
Seat 4: TO_0 ACE ($2.20 in chips) 
Seat 6: wrnbrssil ($1.77 in chips) 
Seat 7: Asparrowhawk ($1.77 in chips) 
Seat 9: aroundwinter ($1.78 in chips) 
Asparrowhawk: posts small blind $0.01
aroundwinter: posts big blind $0.02
haideko: sits out 
*** HOLE CARDS ***
Dealt to Dorex2007 [7d 2d]
Dorex2007: folds 
treffer99: folds 
heureka3: folds 
TO_0 ACE: folds 
wrnbrssil: folds 
Asparrowhawk: folds 
Uncalled bet ($0.01) returned to aroundwinter
aroundwinter collected $0.02 from pot
aroundwinter: doesn't show hand 
*** SUMMARY ***
Total pot $0.02 | Rake $0 
Seat 1: Dorex2007 folded before Flop (didn't bet)
Seat 2: treffer99 folded before Flop (didn't bet)
Seat 3: heureka3 folded before Flop (didn't bet)
Seat 4: TO_0 ACE folded before Flop (didn't bet)
Seat 6: wrnbrssil (button) folded before Flop (didn't bet)
Seat 7: Asparrowhawk (small blind) folded before Flop
Seat 9: aroundwinter (big blind) collected ($0.02)



PokerStars Hand #232179406881:  Hold'em No Limit ($0.01/$0.02 USD) - 2021/12/13 2:51:32 PT [2021/12/13 5:51:32 ET]
Table 'Aase II' 9-max Seat #7 is the button
Seat 1: Dorex2007 ($3.63 in chips) 
Seat 2: treffer99 ($0.75 in chips) 
Seat 3: heureka3 ($0.76 in chips) 
Seat 4: TO_0 ACE ($2.20 in chips) 
Seat 6: wrnbrssil ($1.77 in chips) 
Seat 7: Asparrowhawk ($1.76 in chips) 
Seat 9: aroundwinter ($1.79 in chips) 
aroundwinter: posts small blind $0.01
Dorex2007: posts big blind $0.02
haideko: sits out 
*** HOLE CARDS ***
Dealt to Dorex2007 [6c 5c]
treffer99: folds 
heureka3: calls $0.02
TO_0 ACE: folds 
wrnbrssil: folds 
Asparrowhawk: calls $0.02
aroundwinter: folds 
Dorex2007: checks 
*** FLOP *** [Js 7d 7s]
Dorex2007: checks 
heureka3: bets $0.07
Asparrowhawk: folds 
Dorex2007: folds 
Uncalled bet ($0.07) returned to heureka3
heureka3 collected $0.07 from pot
*** SUMMARY ***
Total pot $0.07 | Rake $0 
Board [Js 7d 7s]
Seat 1: Dorex2007 (big blind) folded on the Flop
Seat 2: treffer99 folded before Flop (didn't bet)
Seat 3: heureka3 collected ($0.07)
Seat 4: TO_0 ACE folded before Flop (didn't bet)
Seat 6: wrnbrssil folded before Flop (didn't bet)
Seat 7: Asparrowhawk (button) folded on the Flop
Seat 9: aroundwinter (small blind) folded before Flop



PokerStars Hand #232179413703:  Hold'em No Limit ($0.01/$0.02 USD) - 2021/12/13 2:52:05 PT [2021/12/13 5:52:05 ET]
Table 'Aase II' 9-max Seat #9 is the button
Seat 1: Dorex2007 ($3.61 in chips) 
Seat 2: treffer99 ($0.75 in chips) 
Seat 3: heureka3 ($0.81 in chips) 
Seat 4: TO_0 ACE ($2.20 in chips) 
Seat 6: wrnbrssil ($1.77 in chips) 
Seat 7: Asparrowhawk ($1.74 in chips) 
Seat 9: aroundwinter ($1.78 in chips) 
Dorex2007: posts small blind $0.01
treffer99: posts big blind $0.02
haideko: sits out 
maxmax525: sits out 
*** HOLE CARDS ***
Dealt to Dorex2007 [5h Qc]
heureka3: folds 
TO_0 ACE: folds 
wrnbrssil: folds 
Asparrowhawk: folds 
aroundwinter: folds 
Dorex2007: folds 
Uncalled bet ($0.01) returned to treffer99
treffer99 collected $0.02 from pot
treffer99: doesn't show hand 
*** SUMMARY ***
Total pot $0.02 | Rake $0 
Seat 1: Dorex2007 (small blind) folded before Flop
Seat 2: treffer99 (big blind) collected ($0.02)
Seat 3: heureka3 folded before Flop (didn't bet)
Seat 4: TO_0 ACE folded before Flop (didn't bet)
Seat 6: wrnbrssil folded before Flop (didn't bet)
Seat 7: Asparrowhawk folded before Flop (didn't bet)
Seat 9: aroundwinter (button) folded before Flop (didn't bet)



PokerStars Hand #232179416762:  Hold'em No Limit ($0.01/$0.02 USD) - 2021/12/13 2:52:19 PT [2021/12/13 5:52:19 ET]
Table 'Aase II' 9-max Seat #1 is the button
Seat 1: Dorex2007 ($3.60 in chips) 
Seat 2: treffer99 ($0.76 in chips) 
Seat 3: heureka3 ($0.81 in chips) 
Seat 4: TO_0 ACE ($2.20 in chips) 
Seat 6: wrnbrssil ($1.77 in chips) 
Seat 7: Asparrowhawk ($1.74 in chips) 
Seat 9: aroundwinter ($1.78 in chips) 
treffer99: posts small blind $0.01
heureka3: posts big blind $0.02
haideko: sits out 
maxmax525: sits out 
*** HOLE CARDS ***
Dealt to Dorex2007 [Th As]
TO_0 ACE: folds 
wrnbrssil: folds 
Asparrowhawk: folds 
aroundwinter: folds 
Dorex2007 has timed out
Dorex2007: folds 
treffer99: calls $0.01
heureka3: checks 
*** FLOP *** [7c 8h 3d]
treffer99: bets $0.02
heureka3: calls $0.02
*** TURN *** [7c 8h 3d] [6c]
treffer99: bets $0.02
heureka3: calls $0.02
*** RIVER *** [7c 8h 3d 6c] [Ac]
treffer99: bets $0.02
heureka3: folds 
Uncalled bet ($0.02) returned to treffer99
treffer99 collected $0.12 from pot
treffer99: doesn't show hand 
*** SUMMARY ***
Total pot $0.12 | Rake $0 
Board [7c 8h 3d 6c Ac]
Seat 1: Dorex2007 (button) folded before Flop (didn't bet)
Seat 2: treffer99 (small blind) collected ($0.12)
Seat 3: heureka3 (big blind) folded on the River
Seat 4: TO_0 ACE folded before Flop (didn't bet)
Seat 6: wrnbrssil folded before Flop (didn't bet)
Seat 7: Asparrowhawk folded before Flop (didn't bet)
Seat 9: aroundwinter folded before Flop (didn't bet)



PokerStars Hand #232179426813:  Hold'em No Limit ($0.01/$0.02 USD) - 2021/12/13 2:53:07 PT [2021/12/13 5:53:07 ET]
Table 'Aase II' 9-max Seat #2 is the button
Seat 1: Dorex2007 ($3.60 in chips) 
Seat 2: treffer99 ($0.82 in chips) 
Seat 3: heureka3 ($0.75 in chips) 
Seat 4: TO_0 ACE ($2.20 in chips) 
Seat 6: wrnbrssil ($1.77 in chips) 
Seat 7: Asparrowhawk ($1.74 in chips) 
Seat 8: maxmax525 ($0.63 in chips) 
Seat 9: aroundwinter ($1.78 in chips) 
heureka3: posts small blind $0.01
TO_0 ACE: posts big blind $0.02
haideko: sits out 
maxmax525: posts small & big blinds $0.03
*** HOLE CARDS ***
Dealt to Dorex2007 [Ks 3c]
wrnbrssil: folds 
Asparrowhawk: calls $0.02
maxmax525: checks 
aroundwinter: folds 
Dorex2007: folds 
treffer99: calls $0.02
heureka3: folds 
TO_0 ACE: checks 
*** FLOP *** [Qd 5d 5c]
TO_0 ACE: checks 
Asparrowhawk: checks 
maxmax525: checks 
treffer99: checks 
*** TURN *** [Qd 5d 5c] [6h]
TO_0 ACE: bets $0.05
Asparrowhawk: folds 
maxmax525: folds 
treffer99: folds 
Uncalled bet ($0.05) returned to TO_0 ACE
TO_0 ACE collected $0.10 from pot
TO_0 ACE: doesn't show hand 
*** SUMMARY ***
Total pot $0.10 | Rake $0 
Board [Qd 5d 5c 6h]
Seat 1: Dorex2007 folded before Flop (didn't bet)
Seat 2: treffer99 (button) folded on the Turn
Seat 3: heureka3 (small blind) folded before Flop
Seat 4: TO_0 ACE (big blind) collected ($0.10)
Seat 6: wrnbrssil folded before Flop (didn't bet)
Seat 7: Asparrowhawk folded on the Turn
Seat 8: maxmax525 folded on the Turn (didn't bet)
Seat 9: aroundwinter folded before Flop (didn't bet)



PokerStars Hand #232179445322:  Hold'em No Limit ($0.01/$0.02 USD) - 2021/12/13 2:54:07 PT [2021/12/13 5:54:07 ET]
Table 'Aase II' 9-max Seat #3 is the button
Seat 1: Dorex2007 ($3.60 in chips) 
Seat 2: treffer99 ($0.80 in chips) 
Seat 3: heureka3 ($0.74 in chips) 
Seat 4: TO_0 ACE ($2.28 in chips) 
Seat 5: haideko ($0.80 in chips) 
Seat 6: wrnbrssil ($1.77 in chips) 
Seat 7: Asparrowhawk ($1.72 in chips) 
Seat 8: maxmax525 ($0.60 in chips) 
Seat 9: aroundwinter ($1.78 in chips) 
TO_0 ACE: posts small blind $0.01
haideko: posts big blind $0.02
*** HOLE CARDS ***
Dealt to Dorex2007 [2c 6c]
wrnbrssil: folds 
Asparrowhawk: folds 
maxmax525: folds 
aroundwinter: folds 
Dorex2007: folds 
treffer99: folds 
heureka3: calls $0.02
TO_0 ACE: raises $0.06 to $0.08
haideko: raises $0.72 to $0.80 and is all-in
heureka3: folds 
TO_0 ACE: calls $0.72
*** FLOP *** [4s Td 9c]
*** TURN *** [4s Td 9c] [2s]
*** RIVER *** [4s Td 9c 2s] [As]
*** SHOW DOWN ***
TO_0 ACE: shows [Qc Qd] (a pair of Queens)
haideko: shows [Kh Ad] (a pair of Aces)
haideko collected $1.56 from pot
TO_0 ACE cashed out the hand for $0.88 | Cash Out Fee $0.01
*** SUMMARY ***
Total pot $1.62 | Rake $0.06 
Board [4s Td 9c 2s As]
Seat 1: Dorex2007 folded before Flop (didn't bet)
Seat 2: treffer99 folded before Flop (didn't bet)
Seat 3: heureka3 (button) folded before Flop
Seat 4: TO_0 ACE (small blind) showed [Qc Qd] and lost with a pair of Queens (cashed out).
Seat 5: haideko (big blind) showed [Kh Ad] and won ($1.56) with a pair of Aces
Seat 6: wrnbrssil folded before Flop (didn't bet)
Seat 7: Asparrowhawk folded before Flop (didn't bet)
Seat 8: maxmax525 folded before Flop (didn't bet)
Seat 9: aroundwinter folded before Flop (didn't bet)



PokerStars Hand #232179453600:  Hold'em No Limit ($0.01/$0.02 USD) - 2021/12/13 2:54:46 PT [2021/12/13 5:54:46 ET]
Table 'Aase II' 9-max Seat #4 is the button
Seat 1: Dorex2007 ($3.60 in chips) 
Seat 2: treffer99 ($0.80 in chips) 
Seat 3: heureka3 ($0.72 in chips) 
Seat 4: TO_0 ACE ($2.36 in chips) 
Seat 5: haideko ($1.56 in chips) 
Seat 6: wrnbrssil ($1.77 in chips) 
Seat 7: Asparrowhawk ($1.72 in chips) 
Seat 8: maxmax525 ($0.60 in chips) 
Seat 9: aroundwinter ($1.78 in chips) 
haideko: posts small blind $0.01
wrnbrssil: posts big blind $0.02
*** HOLE CARDS ***
Dealt to Dorex2007 [6s Js]
Asparrowhawk: calls $0.02
maxmax525: folds 
aroundwinter: folds 
Dorex2007: calls $0.02
treffer99: calls $0.02
heureka3: folds 
TO_0 ACE: folds 
haideko: folds 
wrnbrssil: checks 
*** FLOP *** [9s Td Jh]
wrnbrssil: checks 
Asparrowhawk: checks 
Dorex2007: bets $0.06
treffer99: folds 
wrnbrssil: folds 
Asparrowhawk: folds 
Uncalled bet ($0.06) returned to Dorex2007
Dorex2007 collected $0.09 from pot
Dorex2007: doesn't show hand 
*** SUMMARY ***
Total pot $0.09 | Rake $0 
Board [9s Td Jh]
Seat 1: Dorex2007 collected ($0.09)
Seat 2: treffer99 folded on the Flop
Seat 3: heureka3 folded before Flop (didn't bet)
Seat 4: TO_0 ACE (button) folded before Flop (didn't bet)
Seat 5: haideko (small blind) folded before Flop
Seat 6: wrnbrssil (big blind) folded on the Flop
Seat 7: Asparrowhawk folded on the Flop
Seat 8: maxmax525 folded before Flop (didn't bet)
Seat 9: aroundwinter folded before Flop (didn't bet)



PokerStars Hand #232179461077:  Hold'em No Limit ($0.01/$0.02 USD) - 2021/12/13 2:55:24 PT [2021/12/13 5:55:24 ET]
Table 'Aase II' 9-max Seat #5 is the button
Seat 1: Dorex2007 ($3.67 in chips) 
Seat 2: treffer99 ($0.78 in chips) 
Seat 3: heureka3 ($0.72 in chips) 
Seat 4: TO_0 ACE ($2.36 in chips) 
Seat 5: haideko ($1.55 in chips) 
Seat 6: wrnbrssil ($1.75 in chips) 
Seat 7: Asparrowhawk ($1.70 in chips) 
Seat 8: maxmax525 ($0.60 in chips) 
Seat 9: aroundwinter ($1.78 in chips) 
wrnbrssil: posts small blind $0.01
Asparrowhawk: posts big blind $0.02
*** HOLE CARDS ***
Dealt to Dorex2007 [2h Tc]
maxmax525: folds 
aroundwinter: folds 
Dorex2007: folds 
treffer99: calls $0.02
heureka3: folds 
TO_0 ACE: calls $0.02
haideko: raises $0.04 to $0.06
wrnbrssil: folds 
Asparrowhawk: calls $0.04
treffer99: calls $0.04
TO_0 ACE: folds 
*** FLOP *** [6c 5c 5d]
Asparrowhawk: bets $0.02
treffer99: raises $0.02 to $0.04
haideko: calls $0.04
Asparrowhawk: folds 
*** TURN *** [6c 5c 5d] [7h]
treffer99: bets $0.04
haideko: calls $0.04
*** RIVER *** [6c 5c 5d 7h] [5h]
treffer99: checks 
haideko: bets $0.29
treffer99: folds 
Uncalled bet ($0.29) returned to haideko
haideko collected $0.38 from pot
haideko: doesn't show hand 
*** SUMMARY ***
Total pot $0.39 | Rake $0.01 
Board [6c 5c 5d 7h 5h]
Seat 1: Dorex2007 folded before Flop (didn't bet)
Seat 2: treffer99 folded on the River
Seat 3: heureka3 folded before Flop (didn't bet)
Seat 4: TO_0 ACE folded before Flop
Seat 5: haideko (button) collected ($0.38)
Seat 6: wrnbrssil (small blind) folded before Flop
Seat 7: Asparrowhawk (big blind) folded on the Flop
Seat 8: maxmax525 folded before Flop (didn't bet)
Seat 9: aroundwinter folded before Flop (didn't bet)



PokerStars Hand #232179473241:  Hold'em No Limit ($0.01/$0.02 USD) - 2021/12/13 2:56:29 PT [2021/12/13 5:56:29 ET]
Table 'Aase II' 9-max Seat #6 is the button
Seat 1: Dorex2007 ($3.67 in chips) 
Seat 2: treffer99 ($0.64 in chips) 
Seat 3: heureka3 ($0.72 in chips) 
Seat 4: TO_0 ACE ($2.34 in chips) 
Seat 5: haideko ($1.79 in chips) 
Seat 6: wrnbrssil ($1.74 in chips) 
Seat 7: Asparrowhawk ($1.62 in chips) 
Seat 8: maxmax525 ($0.60 in chips) 
Seat 9: aroundwinter ($1.78 in chips) 
Asparrowhawk: posts small blind $0.01
maxmax525: posts big blind $0.02
*** HOLE CARDS ***
Dealt to Dorex2007 [4s 7h]
aroundwinter: folds 
Dorex2007: folds 
treffer99: calls $0.02
heureka3: folds 
TO_0 ACE: folds 
haideko: folds 
wrnbrssil: folds 
Asparrowhawk: calls $0.01
maxmax525: checks 
*** FLOP *** [6s Ad Ts]
Asparrowhawk: checks 
maxmax525: checks 
treffer99: bets $0.04
Asparrowhawk: calls $0.04
maxmax525: folds 
*** TURN *** [6s Ad Ts] [Th]
Asparrowhawk: checks 
treffer99: checks 
*** RIVER *** [6s Ad Ts Th] [7c]
Asparrowhawk: checks 
treffer99: checks 
*** SHOW DOWN ***
Asparrowhawk: shows [Kc Jh] (a pair of Tens)
treffer99: shows [8c 8s] (two pair, Tens and Eights)
treffer99 collected $0.14 from pot
*** SUMMARY ***
Total pot $0.14 | Rake $0 
Board [6s Ad Ts Th 7c]
Seat 1: Dorex2007 folded before Flop (didn't bet)
Seat 2: treffer99 showed [8c 8s] and won ($0.14) with two pair, Tens and Eights
Seat 3: heureka3 folded before Flop (didn't bet)
Seat 4: TO_0 ACE folded before Flop (didn't bet)
Seat 5: haideko folded before Flop (didn't bet)
Seat 6: wrnbrssil (button) folded before Flop (didn't bet)
Seat 7: Asparrowhawk (small blind) showed [Kc Jh] and lost with a pair of Tens
Seat 8: maxmax525 (big blind) folded on the Flop
Seat 9: aroundwinter folded before Flop (didn't bet)



PokerStars Hand #232179483699:  Hold'em No Limit ($0.01/$0.02 USD) - 2021/12/13 2:57:24 PT [2021/12/13 5:57:24 ET]
Table 'Aase II' 9-max Seat #7 is the button
Seat 1: Dorex2007 ($3.67 in chips) 
Seat 2: treffer99 ($0.72 in chips) 
Seat 3: heureka3 ($0.72 in chips) 
Seat 4: TO_0 ACE ($2.34 in chips) 
Seat 5: haideko ($1.79 in chips) 
Seat 6: wrnbrssil ($1.74 in chips) 
Seat 7: Asparrowhawk ($1.56 in chips) 
Seat 8: maxmax525 ($0.58 in chips) 
Seat 9: aroundwinter ($1.78 in chips) 
maxmax525: posts small blind $0.01
aroundwinter: posts big blind $0.02
*** HOLE CARDS ***
Dealt to Dorex2007 [8d 7c]
Dorex2007: folds 
treffer99: folds 
heureka3: calls $0.02
TO_0 ACE: folds 
haideko: raises $0.04 to $0.06
wrnbrssil: raises $0.10 to $0.16
Asparrowhawk: folds 
maxmax525: folds 
aroundwinter: folds 
heureka3: folds 
haideko: folds 
Uncalled bet ($0.10) returned to wrnbrssil
wrnbrssil collected $0.17 from pot
wrnbrssil: doesn't show hand 
*** SUMMARY ***
Total pot $0.17 | Rake $0 
Seat 1: Dorex2007 folded before Flop (didn't bet)
Seat 2: treffer99 folded before Flop (didn't bet)
Seat 3: heureka3 folded before Flop
Seat 4: TO_0 ACE folded before Flop (didn't bet)
Seat 5: haideko folded before Flop
Seat 6: wrnbrssil collected ($0.17)
Seat 7: Asparrowhawk (button) folded before Flop (didn't bet)
Seat 8: maxmax525 (small blind) folded before Flop
Seat 9: aroundwinter (big blind) folded before Flop



PokerStars Hand #232179490329:  Hold'em No Limit ($0.01/$0.02 USD) - 2021/12/13 2:58:00 PT [2021/12/13 5:58:00 ET]
Table 'Aase II' 9-max Seat #8 is the button
Seat 1: Dorex2007 ($3.67 in chips) 
Seat 2: treffer99 ($0.72 in chips) 
Seat 3: heureka3 ($0.70 in chips) 
Seat 4: TO_0 ACE ($2.34 in chips) 
Seat 5: haideko ($1.73 in chips) 
Seat 6: wrnbrssil ($1.85 in chips) 
Seat 7: Asparrowhawk ($1.56 in chips) 
Seat 8: maxmax525 ($0.57 in chips) 
Seat 9: aroundwinter ($1.76 in chips) 
aroundwinter: posts small blind $0.01
Dorex2007: posts big blind $0.02
*** HOLE CARDS ***
Dealt to Dorex2007 [5s 7c]
treffer99: calls $0.02
heureka3: folds 
TO_0 ACE: calls $0.02
haideko: folds 
wrnbrssil: folds 
Asparrowhawk: calls $0.02
maxmax525 has timed out
maxmax525: folds 
aroundwinter: calls $0.01
Dorex2007: checks 
*** FLOP *** [5h Ah Ad]
aroundwinter: checks 
Dorex2007: checks 
treffer99: bets $0.04
TO_0 ACE: folds 
Asparrowhawk: folds 
aroundwinter: folds 
Dorex2007: folds 
Uncalled bet ($0.04) returned to treffer99
treffer99 collected $0.10 from pot
treffer99: doesn't show hand 
*** SUMMARY ***
Total pot $0.10 | Rake $0 
Board [5h Ah Ad]
Seat 1: Dorex2007 (big blind) folded on the Flop
Seat 2: treffer99 collected ($0.10)
Seat 3: heureka3 folded before Flop (didn't bet)
Seat 4: TO_0 ACE folded on the Flop
Seat 5: haideko folded before Flop (didn't bet)
Seat 6: wrnbrssil folded before Flop (didn't bet)
Seat 7: Asparrowhawk folded on the Flop
Seat 8: maxmax525 (button) folded before Flop (didn't bet)
Seat 9: aroundwinter (small blind) folded on the Flop



PokerStars Hand #232179499028:  Hold'em No Limit ($0.01/$0.02 USD) - 2021/12/13 2:58:46 PT [2021/12/13 5:58:46 ET]
Table 'Aase II' 9-max Seat #9 is the button
Seat 1: Dorex2007 ($3.65 in chips) 
Seat 2: treffer99 ($0.80 in chips) 
Seat 3: heureka3 ($0.70 in chips) 
Seat 4: TO_0 ACE ($2.32 in chips) 
Seat 5: haideko ($1.73 in chips) 
Seat 7: Asparrowhawk ($1.54 in chips) 
Seat 8: maxmax525 ($0.57 in chips) 
Seat 9: aroundwinter ($1.74 in chips) 
Dorex2007: posts small blind $0.01
treffer99: posts big blind $0.02
*** HOLE CARDS ***
Dealt to Dorex2007 [Jc 2d]
heureka3: folds 
TO_0 ACE: folds 
haideko: calls $0.02
Asparrowhawk: calls $0.02
maxmax525: folds 
aroundwinter: folds 
Dorex2007: folds 
treffer99: checks 
*** FLOP *** [3d 5c 2h]
treffer99: checks 
haideko: bets $0.04
Asparrowhawk: folds 
treffer99: folds 
Uncalled bet ($0.04) returned to haideko
haideko collected $0.07 from pot
haideko: doesn't show hand 
*** SUMMARY ***
Total pot $0.07 | Rake $0 
Board [3d 5c 2h]
Seat 1: Dorex2007 (small blind) folded before Flop
Seat 2: treffer99 (big blind) folded on the Flop
Seat 3: heureka3 folded before Flop (didn't bet)
Seat 4: TO_0 ACE folded before Flop (didn't bet)
Seat 5: haideko collected ($0.07)
Seat 7: Asparrowhawk folded on the Flop
Seat 8: maxmax525 folded before Flop (didn't bet)
Seat 9: aroundwinter (button) folded before Flop (didn't bet)



PokerStars Hand #232179505348:  Hold'em No Limit ($0.01/$0.02 USD) - 2021/12/13 2:59:21 PT [2021/12/13 5:59:21 ET]
Table 'Aase II' 9-max Seat #1 is the button
Seat 1: Dorex2007 ($3.64 in chips) 
Seat 2: treffer99 ($0.78 in chips) 
Seat 3: heureka3 ($0.70 in chips) 
Seat 4: TO_0 ACE ($2.32 in chips) 
Seat 5: haideko ($1.78 in chips) 
Seat 7: Asparrowhawk ($1.52 in chips) 
Seat 8: maxmax525 ($0.57 in chips) 
Seat 9: aroundwinter ($1.74 in chips) 
treffer99: posts small blind $0.01
heureka3: posts big blind $0.02
*** HOLE CARDS ***
Dealt to Dorex2007 [Qh 2d]
TO_0 ACE: folds 
haideko: folds 
Asparrowhawk: folds 
maxmax525: calls $0.02
aroundwinter: calls $0.02
Dorex2007: folds 
treffer99: calls $0.01
heureka3: checks 
*** FLOP *** [Kh 5c 7d]
treffer99: bets $0.04
heureka3: calls $0.04
maxmax525: folds 
aroundwinter: folds 
*** TURN *** [Kh 5c 7d] [As]
treffer99: bets $0.04
heureka3: folds 
Uncalled bet ($0.04) returned to treffer99
treffer99 collected $0.15 from pot
treffer99: doesn't show hand 
*** SUMMARY ***
Total pot $0.16 | Rake $0.01 
Board [Kh 5c 7d As]
Seat 1: Dorex2007 (button) folded before Flop (didn't bet)
Seat 2: treffer99 (small blind) collected ($0.15)
Seat 3: heureka3 (big blind) folded on the Turn
Seat 4: TO_0 ACE folded before Flop (didn't bet)
Seat 5: haideko folded before Flop (didn't bet)
Seat 7: Asparrowhawk folded before Flop (didn't bet)
Seat 8: maxmax525 folded on the Flop
Seat 9: aroundwinter folded on the Flop



PokerStars Hand #232179514955:  Hold'em No Limit ($0.01/$0.02 USD) - 2021/12/13 3:00:12 PT [2021/12/13 6:00:12 ET]
Table 'Aase II' 9-max Seat #2 is the button
Seat 1: Dorex2007 ($3.64 in chips) 
Seat 2: treffer99 ($0.87 in chips) 
Seat 3: heureka3 ($0.64 in chips) 
Seat 4: TO_0 ACE ($2.32 in chips) 
Seat 5: haideko ($1.78 in chips) 
Seat 7: Asparrowhawk ($1.52 in chips) 
Seat 8: maxmax525 ($0.55 in chips) 
Seat 9: aroundwinter ($1.72 in chips) 
heureka3: posts small blind $0.01
TO_0 ACE: posts big blind $0.02
*** HOLE CARDS ***
Dealt to Dorex2007 [8c 4s]
haideko: folds 
Asparrowhawk: folds 
maxmax525: folds 
aroundwinter: folds 
Dorex2007: folds 
treffer99: calls $0.02
heureka3: folds 
TO_0 ACE: checks 
*** FLOP *** [8h 9d 7d]
TO_0 ACE: checks 
treffer99: bets $0.04
TO_0 ACE: calls $0.04
*** TURN *** [8h 9d 7d] [Qs]
TO_0 ACE: checks 
treffer99: checks 
*** RIVER *** [8h 9d 7d Qs] [Ad]
TO_0 ACE: checks 
treffer99: checks 
*** SHOW DOWN ***
TO_0 ACE: shows [Ts 5h] (high card Ace)
treffer99: shows [8s 6s] (a pair of Eights)
treffer99 collected $0.13 from pot
*** SUMMARY ***
Total pot $0.13 | Rake $0 
Board [8h 9d 7d Qs Ad]
Seat 1: Dorex2007 folded before Flop (didn't bet)
Seat 2: treffer99 (button) showed [8s 6s] and won ($0.13) with a pair of Eights
Seat 3: heureka3 (small blind) folded before Flop
Seat 4: TO_0 ACE (big blind) showed [Ts 5h] and lost with high card Ace
Seat 5: haideko folded before Flop (didn't bet)
Seat 7: Asparrowhawk folded before Flop (didn't bet)
Seat 8: maxmax525 folded before Flop (didn't bet)
Seat 9: aroundwinter folded before Flop (didn't bet)



PokerStars Hand #232179524590:  Hold'em No Limit ($0.01/$0.02 USD) - 2021/12/13 3:01:01 PT [2021/12/13 6:01:01 ET]
Table 'Aase II' 9-max Seat #3 is the button
Seat 1: Dorex2007 ($3.64 in chips) 
Seat 2: treffer99 ($0.94 in chips) 
Seat 3: heureka3 ($0.63 in chips) 
Seat 4: TO_0 ACE ($2.26 in chips) 
Seat 5: haideko ($1.78 in chips) 
Seat 7: Asparrowhawk ($1.52 in chips) 
Seat 8: maxmax525 ($0.55 in chips) 
Seat 9: aroundwinter ($1.72 in chips) 
TO_0 ACE: posts small blind $0.01
haideko: posts big blind $0.02
*** HOLE CARDS ***
Dealt to Dorex2007 [9s 9c]
Asparrowhawk: calls $0.02
maxmax525: folds 
aroundwinter: raises $0.05 to $0.07
Dorex2007: calls $0.07
treffer99: folds 
heureka3: folds 
TO_0 ACE: folds 
haideko: calls $0.05
Asparrowhawk: calls $0.05
*** FLOP *** [2d Qc Ah]
haideko: checks 
Asparrowhawk: bets $0.02
aroundwinter: calls $0.02
Dorex2007: calls $0.02
haideko: folds 
*** TURN *** [2d Qc Ah] [8c]
Asparrowhawk: checks 
aroundwinter: bets $0.12
Dorex2007: folds 
Asparrowhawk: folds 
Uncalled bet ($0.12) returned to aroundwinter
aroundwinter collected $0.34 from pot
aroundwinter: doesn't show hand 
*** SUMMARY ***
Total pot $0.35 | Rake $0.01 
Board [2d Qc Ah 8c]
Seat 1: Dorex2007 folded on the Turn
Seat 2: treffer99 folded before Flop (didn't bet)
Seat 3: heureka3 (button) folded before Flop (didn't bet)
Seat 4: TO_0 ACE (small blind) folded before Flop
Seat 5: haideko (big blind) folded on the Flop
Seat 7: Asparrowhawk folded on the Turn
Seat 8: maxmax525 folded before Flop (didn't bet)
Seat 9: aroundwinter collected ($0.34)



PokerStars Hand #232179538064:  Hold'em No Limit ($0.01/$0.02 USD) - 2021/12/13 3:02:05 PT [2021/12/13 6:02:05 ET]
Table 'Aase II' 9-max Seat #4 is the button
Seat 1: Dorex2007 ($3.55 in chips) 
Seat 2: treffer99 ($0.94 in chips) 
Seat 3: heureka3 ($0.63 in chips) 
Seat 4: TO_0 ACE ($2.25 in chips) 
Seat 5: haideko ($1.71 in chips) 
Seat 6: wrnbrssil ($1.85 in chips) 
Seat 7: Asparrowhawk ($1.43 in chips) 
Seat 8: maxmax525 ($0.55 in chips) 
Seat 9: aroundwinter ($1.97 in chips) 
haideko: posts small blind $0.01
wrnbrssil: posts big blind $0.02
*** HOLE CARDS ***
Dealt to Dorex2007 [Jd 8h]
Asparrowhawk: folds 
maxmax525: folds 
aroundwinter: raises $0.03 to $0.05
Dorex2007: folds 
treffer99: folds 
heureka3: calls $0.05
TO_0 ACE: raises $0.18 to $0.23
haideko: folds 
wrnbrssil: folds 
aroundwinter: folds 
heureka3: calls $0.18
*** FLOP *** [Tc 5c 7c]
heureka3: bets $0.26
TO_0 ACE: raises $0.26 to $0.52
heureka3: calls $0.14 and is all-in
Uncalled bet ($0.12) returned to TO_0 ACE
*** TURN *** [Tc 5c 7c] [2s]
*** RIVER *** [Tc 5c 7c 2s] [8s]
*** SHOW DOWN ***
heureka3: shows [Kc Ad] (high card Ace)
TO_0 ACE: shows [Ac Ah] (a pair of Aces)
TO_0 ACE collected $1.29 from pot
*** SUMMARY ***
Total pot $1.34 | Rake $0.05 
Board [Tc 5c 7c 2s 8s]
Seat 1: Dorex2007 folded before Flop (didn't bet)
Seat 2: treffer99 folded before Flop (didn't bet)
Seat 3: heureka3 showed [Kc Ad] and lost with high card Ace
Seat 4: TO_0 ACE (button) showed [Ac Ah] and won ($1.29) with a pair of Aces
Seat 5: haideko (small blind) folded before Flop
Seat 6: wrnbrssil (big blind) folded before Flop
Seat 7: Asparrowhawk folded before Flop (didn't bet)
Seat 8: maxmax525 folded before Flop (didn't bet)
Seat 9: aroundwinter folded before Flop



PokerStars Hand #232179548546:  Hold'em No Limit ($0.01/$0.02 USD) - 2021/12/13 3:02:55 PT [2021/12/13 6:02:55 ET]
Table 'Aase II' 9-max Seat #5 is the button
Seat 1: Dorex2007 ($3.55 in chips) 
Seat 2: treffer99 ($0.94 in chips) 
Seat 4: TO_0 ACE ($2.91 in chips) 
Seat 5: haideko ($1.70 in chips) 
Seat 6: wrnbrssil ($1.83 in chips) 
Seat 7: Asparrowhawk ($1.43 in chips) 
Seat 8: maxmax525 ($0.55 in chips) 
Seat 9: aroundwinter ($1.92 in chips) 
wrnbrssil: posts small blind $0.01
Asparrowhawk: posts big blind $0.02
*** HOLE CARDS ***
Dealt to Dorex2007 [Qd 2d]
heureka3 leaves the table
maxmax525: calls $0.02
aroundwinter: folds 
Dorex2007: calls $0.02
treffer99: folds 
TO_0 ACE: calls $0.02
haideko: raises $0.09 to $0.11
wrnbrssil: folds 
Asparrowhawk: folds 
maxmax525: calls $0.09
Dorex2007: folds 
TO_0 ACE: calls $0.09
*** FLOP *** [9s Ks Th]
maxmax525: bets $0.02
TO_0 ACE: calls $0.02
haideko: raises $0.22 to $0.24
maxmax525: raises $0.20 to $0.44 and is all-in
Mr. True 067 joins the table at seat #3 
TO_0 ACE: folds 
haideko: calls $0.20
*** TURN *** [9s Ks Th] [9c]
*** RIVER *** [9s Ks Th 9c] [4c]
*** SHOW DOWN ***
maxmax525: shows [Ah Tc] (two pair, Tens and Nines)
haideko: shows [Jc Kd] (two pair, Kings and Nines)
haideko cashed out the hand for $0.98 | Cash Out Fee $0.01
maxmax525 cashed out the hand for $0.25
*** SUMMARY ***
Total pot $1.28 | Rake $0.04 
Board [9s Ks Th 9c 4c]
Seat 1: Dorex2007 folded before Flop
Seat 2: treffer99 folded before Flop (didn't bet)
Seat 4: TO_0 ACE folded on the Flop
Seat 5: haideko (button) showed [Jc Kd] and won ($1.24) with two pair, Kings and Nines (pot not awarded as player cashed out)
Seat 6: wrnbrssil (small blind) folded before Flop
Seat 7: Asparrowhawk (big blind) folded before Flop
Seat 8: maxmax525 showed [Ah Tc] and lost with two pair, Tens and Nines (cashed out).
Seat 9: aroundwinter folded before Flop (didn't bet)



PokerStars Hand #232179569582:  Hold'em No Limit ($0.01/$0.02 USD) - 2021/12/13 3:04:35 PT [2021/12/13 6:04:35 ET]
Table 'Aase II' 9-max Seat #6 is the button
Seat 1: Dorex2007 ($3.53 in chips) 
Seat 2: treffer99 ($0.94 in chips) 
Seat 4: TO_0 ACE ($2.78 in chips) 
Seat 5: haideko ($2.13 in chips) 
Seat 6: wrnbrssil ($1.82 in chips) 
Seat 7: Asparrowhawk ($1.41 in chips) 
Seat 8: maxmax525 ($0.25 in chips) 
Seat 9: aroundwinter ($1.92 in chips) 
Asparrowhawk: posts small blind $0.01
maxmax525: posts big blind $0.02
Mr. True 067: sits out 
*** HOLE CARDS ***
Dealt to Dorex2007 [2s Jh]
aroundwinter: folds 
Dorex2007: folds 
treffer99: folds 
TO_0 ACE: folds 
haideko: raises $0.04 to $0.06
aroundwinter leaves the table
wrnbrssil: folds 
Asparrowhawk: folds 
maxmax525: calls $0.04
*** FLOP *** [8d 3c Kh]
maxmax525: bets $0.02
haideko: raises $2.05 to $2.07 and is all-in
maxmax525: calls $0.17 and is all-in
Uncalled bet ($1.88) returned to haideko
*** TURN *** [8d 3c Kh] [7d]
*** RIVER *** [8d 3c Kh 7d] [7c]
*** SHOW DOWN ***
maxmax525: shows [5d Ks] (two pair, Kings and Sevens)
haideko: shows [Kd Kc] (a full house, Kings full of Sevens)
haideko collected $0.49 from pot
*** SUMMARY ***
Total pot $0.51 | Rake $0.02 
Board [8d 3c Kh 7d 7c]
Seat 1: Dorex2007 folded before Flop (didn't bet)
Seat 2: treffer99 folded before Flop (didn't bet)
Seat 4: TO_0 ACE folded before Flop (didn't bet)
Seat 5: haideko showed [Kd Kc] and won ($0.49) with a full house, Kings full of Sevens
Seat 6: wrnbrssil (button) folded before Flop (didn't bet)
Seat 7: Asparrowhawk (small blind) folded before Flop
Seat 8: maxmax525 (big blind) showed [5d Ks] and lost with two pair, Kings and Sevens
Seat 9: aroundwinter folded before Flop (didn't bet)



PokerStars Hand #232179580338:  Hold'em No Limit ($0.01/$0.02 USD) - 2021/12/13 3:05:26 PT [2021/12/13 6:05:26 ET]
Table 'Aase II' 9-max Seat #7 is the button
Seat 1: Dorex2007 ($3.53 in chips) 
Seat 2: treffer99 ($0.94 in chips) 
Seat 3: Mr. True 067 ($0.80 in chips) 
Seat 4: TO_0 ACE ($2.78 in chips) 
Seat 5: haideko ($2.37 in chips) 
Seat 6: wrnbrssil ($1.82 in chips) 
Seat 7: Asparrowhawk ($1.40 in chips) 
Dorex2007: posts small blind $0.01
treffer99: posts big blind $0.02
Mr. True 067: posts big blind $0.02
*** HOLE CARDS ***
Dealt to Dorex2007 [Qd 5c]
Mr. True 067: checks 
TO_0 ACE: folds 
haideko: folds 
wrnbrssil: folds 
Asparrowhawk: calls $0.02
Dorex2007: calls $0.01
treffer99: checks 
*** FLOP *** [6h Kh 7s]
Dorex2007: checks 
kvgl joins the table at seat #9 
treffer99: checks 
Mr. True 067: bets $0.06
Asparrowhawk: calls $0.06
Dorex2007: folds 
treffer99: folds 
*** TURN *** [6h Kh 7s] [As]
Mr. True 067: bets $0.11
Asparrowhawk: calls $0.11
*** RIVER *** [6h Kh 7s As] [Ac]
Mr. True 067: bets $0.26
Asparrowhawk: calls $0.26
*** SHOW DOWN ***
Mr. True 067: shows [8d 6d] (two pair, Aces and Sixes)
Asparrowhawk: shows [Js Kd] (two pair, Aces and Kings)
Asparrowhawk collected $0.91 from pot
*** SUMMARY ***
Total pot $0.94 | Rake $0.03 
Board [6h Kh 7s As Ac]
Seat 1: Dorex2007 (small blind) folded on the Flop
Seat 2: treffer99 (big blind) folded on the Flop
Seat 3: Mr. True 067 showed [8d 6d] and lost with two pair, Aces and Sixes
Seat 4: TO_0 ACE folded before Flop (didn't bet)
Seat 5: haideko folded before Flop (didn't bet)
Seat 6: wrnbrssil folded before Flop (didn't bet)
Seat 7: Asparrowhawk (button) showed [Js Kd] and won ($0.91) with two pair, Aces and Kings



PokerStars Hand #232179595471:  Hold'em No Limit ($0.01/$0.02 USD) - 2021/12/13 3:06:38 PT [2021/12/13 6:06:38 ET]
Table 'Aase II' 9-max Seat #1 is the button
Seat 1: Dorex2007 ($3.51 in chips) 
Seat 2: treffer99 ($0.92 in chips) 
Seat 3: Mr. True 067 ($0.35 in chips) 
Seat 4: TO_0 ACE ($2.78 in chips) 
Seat 5: haideko ($2.37 in chips) 
Seat 6: wrnbrssil ($1.82 in chips) 
Seat 7: Asparrowhawk ($1.86 in chips) 
Seat 8: maxmax525 ($1.21 in chips) 
treffer99: posts small blind $0.01
Mr. True 067: posts big blind $0.02
maxmax525: posts small blind $0.01
kvgl: sits out 
*** HOLE CARDS ***
Dealt to Dorex2007 [4c 9c]
TO_0 ACE has timed out
TO_0 ACE: folds 
haideko: folds 
wrnbrssil: folds 
Asparrowhawk: folds 
maxmax525: calls $0.02
Dorex2007: calls $0.02
treffer99: calls $0.01
Mr. True 067: checks 
*** FLOP *** [Kh 8h Js]
treffer99: checks 
TO_0 ACE leaves the table
Mr. True 067: bets $0.04
maxmax525: calls $0.04
Dorex2007: folds 
Ivanski1024 joins the table at seat #4 
treffer99: folds 
*** TURN *** [Kh 8h Js] [4d]
Mr. True 067: bets $0.10
maxmax525: raises $1.04 to $1.14 and is all-in
Mr. True 067: calls $0.19 and is all-in
Uncalled bet ($0.85) returned to maxmax525
*** RIVER *** [Kh 8h Js 4d] [Jh]
*** SHOW DOWN ***
Mr. True 067: shows [Kd 2s] (two pair, Kings and Jacks)
maxmax525: shows [8d 7h] (two pair, Jacks and Eights)
Mr. True 067 collected $0.72 from pot
maxmax525 cashed out the hand for $0.08
*** SUMMARY ***
Total pot $0.75 | Rake $0.03 
Board [Kh 8h Js 4d Jh]
Seat 1: Dorex2007 (button) folded on the Flop
Seat 2: treffer99 (small blind) folded on the Flop
Seat 3: Mr. True 067 (big blind) showed [Kd 2s] and won ($0.72) with two pair, Kings and Jacks
Seat 4: TO_0 ACE folded before Flop (didn't bet)
Seat 5: haideko folded before Flop (didn't bet)
Seat 6: wrnbrssil folded before Flop (didn't bet)
Seat 7: Asparrowhawk folded before Flop (didn't bet)
Seat 8: maxmax525 showed [8d 7h] and lost with two pair, Jacks and Eights (cashed out).



PokerStars Hand #232179612088:  Hold'em No Limit ($0.01/$0.02 USD) - 2021/12/13 3:07:58 PT [2021/12/13 6:07:58 ET]
Table 'Aase II' 9-max Seat #2 is the button
Seat 1: Dorex2007 ($3.49 in chips) 
Seat 2: treffer99 ($0.90 in chips) 
Seat 3: Mr. True 067 ($0.72 in chips) 
Seat 4: Ivanski1024 ($0.80 in chips) 
Seat 5: haideko ($2.37 in chips) 
Seat 6: wrnbrssil ($1.82 in chips) 
Seat 7: Asparrowhawk ($1.86 in chips) 
Seat 8: maxmax525 ($0.93 in chips) 
Seat 9: kvgl ($1.60 in chips) 
Mr. True 067: posts small blind $0.01
Ivanski1024: posts big blind $0.02
kvgl: posts big blind $0.02
*** HOLE CARDS ***
Dealt to Dorex2007 [9h As]
haideko: folds 
wrnbrssil: folds 
Asparrowhawk: calls $0.02
maxmax525: folds 
kvgl: checks 
Dorex2007: calls $0.02
treffer99: folds 
Mr. True 067: calls $0.01
Ivanski1024: checks 
*** FLOP *** [8d Js Jc]
Mr. True 067: checks 
Ivanski1024: checks 
Asparrowhawk: checks 
kvgl: checks 
Dorex2007: checks 
*** TURN *** [8d Js Jc] [7s]
Mr. True 067: checks 
Ivanski1024: bets $0.02
Asparrowhawk: folds 
kvgl: calls $0.02
Dorex2007: folds 
Mr. True 067: folds 
*** RIVER *** [8d Js Jc 7s] [5h]
Ivanski1024: bets $0.06
kvgl: folds 
Uncalled bet ($0.06) returned to Ivanski1024
Ivanski1024 collected $0.14 from pot
Ivanski1024: doesn't show hand 
*** SUMMARY ***
Total pot $0.14 | Rake $0 
Board [8d Js Jc 7s 5h]
Seat 1: Dorex2007 folded on the Turn
Seat 2: treffer99 (button) folded before Flop (didn't bet)
Seat 3: Mr. True 067 (small blind) folded on the Turn
Seat 4: Ivanski1024 (big blind) collected ($0.14)
Seat 5: haideko folded before Flop (didn't bet)
Seat 6: wrnbrssil folded before Flop (didn't bet)
Seat 7: Asparrowhawk folded on the Turn
Seat 8: maxmax525 folded before Flop (didn't bet)
Seat 9: kvgl folded on the River



PokerStars Hand #232179624766:  Hold'em No Limit ($0.01/$0.02 USD) - 2021/12/13 3:08:58 PT [2021/12/13 6:08:58 ET]
Table 'Aase II' 9-max Seat #3 is the button
Seat 1: Dorex2007 ($3.47 in chips) 
Seat 2: treffer99 ($0.90 in chips) 
Seat 3: Mr. True 067 ($0.70 in chips) 
Seat 4: Ivanski1024 ($0.90 in chips) 
Seat 5: haideko ($2.37 in chips) 
Seat 6: wrnbrssil ($1.82 in chips) 
Seat 7: Asparrowhawk ($1.84 in chips) 
Seat 8: maxmax525 ($0.93 in chips) 
Seat 9: kvgl ($1.56 in chips) 
Ivanski1024: posts small blind $0.01
haideko: posts big blind $0.02
*** HOLE CARDS ***
Dealt to Dorex2007 [Js Td]
wrnbrssil: folds 
Asparrowhawk: calls $0.02
maxmax525: folds 
kvgl: folds 
Dorex2007: folds 
treffer99: folds 
Mr. True 067: raises $0.07 to $0.09
Ivanski1024: folds 
haideko: folds 
Asparrowhawk: calls $0.07
*** FLOP *** [4c 8h 3d]
Asparrowhawk: checks 
Mr. True 067: bets $0.10
Asparrowhawk: raises $0.54 to $0.64
Mr. True 067: calls $0.51 and is all-in
Uncalled bet ($0.03) returned to Asparrowhawk
*** TURN *** [4c 8h 3d] [9c]
*** RIVER *** [4c 8h 3d 9c] [9d]
*** SHOW DOWN ***
Asparrowhawk: shows [Jh Jd] (two pair, Jacks and Nines)
Mr. True 067: shows [Ac Tc] (a pair of Nines)
Asparrowhawk cashed out the hand for $1.12 | Cash Out Fee $0.01
*** SUMMARY ***
Total pot $1.43 | Rake $0.05 
Board [4c 8h 3d 9c 9d]
Seat 1: Dorex2007 folded before Flop (didn't bet)
Seat 2: treffer99 folded before Flop (didn't bet)
Seat 3: Mr. True 067 (button) showed [Ac Tc] and lost with a pair of Nines
Seat 4: Ivanski1024 (small blind) folded before Flop
Seat 5: haideko (big blind) folded before Flop
Seat 6: wrnbrssil folded before Flop (didn't bet)
Seat 7: Asparrowhawk showed [Jh Jd] and won ($1.38) with two pair, Jacks and Nines (pot not awarded as player cashed out)
Seat 8: maxmax525 folded before Flop (didn't bet)
Seat 9: kvgl folded before Flop (didn't bet)



PokerStars Hand #232179639361:  Hold'em No Limit ($0.01/$0.02 USD) - 2021/12/13 3:10:07 PT [2021/12/13 6:10:07 ET]
Table 'Aase II' 9-max Seat #4 is the button
Seat 1: Dorex2007 ($3.47 in chips) 
Seat 2: treffer99 ($0.90 in chips) 
Seat 4: Ivanski1024 ($0.89 in chips) 
Seat 5: haideko ($2.35 in chips) 
Seat 6: wrnbrssil ($1.82 in chips) 
Seat 7: Asparrowhawk ($2.26 in chips) 
Seat 8: maxmax525 ($0.93 in chips) 
Seat 9: kvgl ($1.56 in chips) 
haideko: posts small blind $0.01
wrnbrssil: posts big blind $0.02
*** HOLE CARDS ***
Dealt to Dorex2007 [6d 3d]
Asparrowhawk: folds 
maxmax525: folds 
kvgl: folds 
Dorex2007: folds 
treffer99: folds 
Ivanski1024: raises $0.04 to $0.06
haideko: calls $0.05
wrnbrssil: folds 
*** FLOP *** [3h 7c Ac]
haideko: bets $0.11
Ivanski1024: folds 
Uncalled bet ($0.11) returned to haideko
haideko collected $0.14 from pot
haideko: doesn't show hand 
*** SUMMARY ***
Total pot $0.14 | Rake $0 
Board [3h 7c Ac]
Seat 1: Dorex2007 folded before Flop (didn't bet)
Seat 2: treffer99 folded before Flop (didn't bet)
Seat 4: Ivanski1024 (button) folded on the Flop
Seat 5: haideko (small blind) collected ($0.14)
Seat 6: wrnbrssil (big blind) folded before Flop
Seat 7: Asparrowhawk folded before Flop (didn't bet)
Seat 8: maxmax525 folded before Flop (didn't bet)
Seat 9: kvgl folded before Flop (didn't bet)



PokerStars Hand #232179647165:  Hold'em No Limit ($0.01/$0.02 USD) - 2021/12/13 3:10:43 PT [2021/12/13 6:10:43 ET]
Table 'Aase II' 9-max Seat #5 is the button
Seat 1: Dorex2007 ($3.47 in chips) 
Seat 2: treffer99 ($0.90 in chips) 
Seat 3: Mr. True 067 ($0.80 in chips) 
Seat 4: Ivanski1024 ($0.83 in chips) 
Seat 5: haideko ($2.43 in chips) 
Seat 6: wrnbrssil ($1.80 in chips) 
Seat 7: Asparrowhawk ($2.26 in chips) 
Seat 8: maxmax525 ($0.93 in chips) 
Seat 9: kvgl ($1.56 in chips) 
wrnbrssil: posts small blind $0.01
Asparrowhawk: posts big blind $0.02
*** HOLE CARDS ***
Dealt to Dorex2007 [7c Th]
maxmax525 has timed out
maxmax525: folds 
kvgl has timed out
kvgl: folds 
Dorex2007: folds 
treffer99: folds 
Mr. True 067: folds 
Ivanski1024: raises $0.04 to $0.06
haideko: folds 
wrnbrssil: folds 
Asparrowhawk: calls $0.04
*** FLOP *** [8s 2h Qs]
Asparrowhawk: bets $0.06
Ivanski1024: raises $0.08 to $0.14
Asparrowhawk: calls $0.08
*** TURN *** [8s 2h Qs] [2c]
Asparrowhawk: bets $0.20
Ivanski1024: calls $0.20
*** RIVER *** [8s 2h Qs 2c] [5s]
treffer99 is disconnected 
Asparrowhawk: bets $0.39
Ivanski1024: calls $0.39
*** SHOW DOWN ***
Asparrowhawk: shows [Qh Ad] (two pair, Queens and Deuces)
Ivanski1024: shows [Ts As] (a flush, Ace high)
Ivanski1024 collected $1.53 from pot
*** SUMMARY ***
Total pot $1.59 | Rake $0.06 
Board [8s 2h Qs 2c 5s]
Seat 1: Dorex2007 folded before Flop (didn't bet)
Seat 2: treffer99 folded before Flop (didn't bet)
Seat 3: Mr. True 067 folded before Flop (didn't bet)
Seat 4: Ivanski1024 showed [Ts As] and won ($1.53) with a flush, Ace high
Seat 5: haideko (button) folded before Flop (didn't bet)
Seat 6: wrnbrssil (small blind) folded before Flop
Seat 7: Asparrowhawk (big blind) showed [Qh Ad] and lost with two pair, Queens and Deuces
Seat 8: maxmax525 folded before Flop (didn't bet)
Seat 9: kvgl folded before Flop (didn't bet)



PokerStars Hand #232179663045:  Hold'em No Limit ($0.01/$0.02 USD) - 2021/12/13 3:11:58 PT [2021/12/13 6:11:58 ET]
Table 'Aase II' 9-max Seat #6 is the button
Seat 1: Dorex2007 ($3.47 in chips) 
Seat 2: treffer99 ($0.90 in chips) 
Seat 3: Mr. True 067 ($0.80 in chips) 
Seat 4: Ivanski1024 ($1.57 in chips) 
Seat 5: haideko ($2.43 in chips) 
Seat 6: wrnbrssil ($1.79 in chips) 
Seat 7: Asparrowhawk ($1.47 in chips) 
Seat 8: maxmax525 ($0.93 in chips) 
Seat 9: kvgl ($1.56 in chips) 
Asparrowhawk: posts small blind $0.01
maxmax525: posts big blind $0.02
*** HOLE CARDS ***
Dealt to Dorex2007 [Ad Qh]
kvgl: folds 
Dorex2007: raises $0.04 to $0.06
treffer99 has timed out while disconnected
treffer99: folds 
Mr. True 067: folds 
Ivanski1024: folds 
haideko: folds 
wrnbrssil: folds 
Asparrowhawk: folds 
maxmax525: folds 
Uncalled bet ($0.04) returned to Dorex2007
Dorex2007 collected $0.05 from pot
Dorex2007: doesn't show hand 
*** SUMMARY ***
Total pot $0.05 | Rake $0 
Seat 1: Dorex2007 collected ($0.05)
Seat 2: treffer99 folded before Flop (didn't bet)
Seat 3: Mr. True 067 folded before Flop (didn't bet)
Seat 4: Ivanski1024 folded before Flop (didn't bet)
Seat 5: haideko folded before Flop (didn't bet)
Seat 6: wrnbrssil (button) folded before Flop (didn't bet)
Seat 7: Asparrowhawk (small blind) folded before Flop
Seat 8: maxmax525 (big blind) folded before Flop
Seat 9: kvgl folded before Flop (didn't bet)



PokerStars Hand #232179675230:  Hold'em No Limit ($0.01/$0.02 USD) - 2021/12/13 3:12:55 PT [2021/12/13 6:12:55 ET]
Table 'Aase II' 9-max Seat #7 is the button
Seat 1: Dorex2007 ($3.50 in chips) 
Seat 3: Mr. True 067 ($0.80 in chips) 
Seat 4: Ivanski1024 ($1.57 in chips) 
Seat 5: haideko ($2.43 in chips) 
Seat 6: wrnbrssil ($1.79 in chips) 
Seat 7: Asparrowhawk ($1.46 in chips) 
Seat 8: maxmax525 ($0.91 in chips) 
Seat 9: kvgl ($1.56 in chips) 
maxmax525: posts small blind $0.01
kvgl: posts big blind $0.02
*** HOLE CARDS ***
Dealt to Dorex2007 [Qc As]
kvgl is disconnected 
Dorex2007: raises $0.02 to $0.04
Mr. True 067: calls $0.04
Ivanski1024: raises $0.08 to $0.12
haideko: folds 
wrnbrssil: folds 
Asparrowhawk: folds 
maxmax525: folds 
kvgl is connected 
kvgl: folds 
Dorex2007: raises $0.24 to $0.36
Mr. True 067: folds 
Ivanski1024: calls $0.24
*** FLOP *** [8c Kh 4s]
Dorex2007: bets $0.76
Ivanski1024: raises $0.45 to $1.21 and is all-in
Dorex2007: calls $0.45
Mr. True 067 is disconnected 
*** TURN *** [8c Kh 4s] [Ts]
*** RIVER *** [8c Kh 4s Ts] [3h]
*** SHOW DOWN ***
Dorex2007: shows [Qc As] (high card Ace)
Ivanski1024: shows [8d 8h] (three of a kind, Eights)
Ivanski1024 collected $3.10 from pot
Dorex2007 cashed out the hand for $0.06
*** SUMMARY ***
Total pot $3.21 | Rake $0.11 
Board [8c Kh 4s Ts 3h]
Seat 1: Dorex2007 showed [Qc As] and lost with high card Ace (cashed out).
Seat 3: Mr. True 067 folded before Flop
Seat 4: Ivanski1024 showed [8d 8h] and won ($3.10) with three of a kind, Eights
Seat 5: haideko folded before Flop (didn't bet)
Seat 6: wrnbrssil folded before Flop (didn't bet)
Seat 7: Asparrowhawk (button) folded before Flop (didn't bet)
Seat 8: maxmax525 (small blind) folded before Flop
Seat 9: kvgl (big blind) folded before Flop



PokerStars Hand #232179698843:  Hold'em No Limit ($0.01/$0.02 USD) - 2021/12/13 3:14:43 PT [2021/12/13 6:14:43 ET]
Table 'Aase II' 9-max Seat #8 is the button
Seat 1: Dorex2007 ($2 in chips) 
Seat 2: treffer99 ($0.90 in chips) 
Seat 3: Mr. True 067 ($0.76 in chips) 
Seat 4: Ivanski1024 ($3.10 in chips) 
Seat 5: haideko ($2.43 in chips) 
Seat 6: wrnbrssil ($1.79 in chips) 
Seat 7: Asparrowhawk ($1.46 in chips) 
Seat 8: maxmax525 ($0.90 in chips) 
Seat 9: kvgl ($1.54 in chips) 
kvgl: posts small blind $0.01
Dorex2007: posts big blind $0.02
*** HOLE CARDS ***
Dealt to Dorex2007 [2c Qs]
treffer99: folds 
treffer99 leaves the table
Mr. True 067 has timed out while disconnected
Mr. True 067: folds 
Ivanski1024: folds 
haideko: folds 
wrnbrssil: folds 
Asparrowhawk: folds 
vanes97 joins the table at seat #2 
maxmax525: calls $0.02
kvgl: calls $0.01
Dorex2007: checks 
*** FLOP *** [5c Kd Th]
kvgl: bets $0.02
Dorex2007: folds 
maxmax525: calls $0.02
*** TURN *** [5c Kd Th] [8d]
kvgl: bets $0.02
maxmax525: calls $0.02
*** RIVER *** [5c Kd Th 8d] [7c]
kvgl: bets $0.02
maxmax525: calls $0.02
*** SHOW DOWN ***
kvgl: shows [Kh Js] (a pair of Kings)
maxmax525: mucks hand 
kvgl collected $0.17 from pot
*** SUMMARY ***
Total pot $0.18 | Rake $0.01 
Board [5c Kd Th 8d 7c]
Seat 1: Dorex2007 (big blind) folded on the Flop
Seat 2: treffer99 folded before Flop (didn't bet)
Seat 3: Mr. True 067 folded before Flop (didn't bet)
Seat 4: Ivanski1024 folded before Flop (didn't bet)
Seat 5: haideko folded before Flop (didn't bet)
Seat 6: wrnbrssil folded before Flop (didn't bet)
Seat 7: Asparrowhawk folded before Flop (didn't bet)
Seat 8: maxmax525 (button) mucked [Tc Jc]
Seat 9: kvgl (small blind) showed [Kh Js] and won ($0.17) with a pair of Kings



PokerStars Hand #232179720413:  Hold'em No Limit ($0.01/$0.02 USD) - 2021/12/13 3:16:25 PT [2021/12/13 6:16:25 ET]
Table 'Aase II' 9-max Seat #9 is the button
Seat 1: Dorex2007 ($2 in chips) 
Seat 2: vanes97 ($0.80 in chips) 
Seat 3: Mr. True 067 ($0.76 in chips) 
Seat 4: Ivanski1024 ($3.10 in chips) 
Seat 5: haideko ($2.43 in chips) 
Seat 6: wrnbrssil ($1.79 in chips) 
Seat 7: Asparrowhawk ($1.96 in chips) 
Seat 8: maxmax525 ($0.82 in chips) 
Seat 9: kvgl ($1.63 in chips) 
Dorex2007: posts small blind $0.01
vanes97: posts big blind $0.02
*** HOLE CARDS ***
Dealt to Dorex2007 [8c Td]
Mr. True 067: calls $0.02
Ivanski1024: folds 
haideko: folds 
wrnbrssil: raises $0.04 to $0.06
Asparrowhawk: folds 
maxmax525: calls $0.06
kvgl: calls $0.06
Dorex2007: folds 
vanes97: folds 
Mr. True 067: calls $0.04
*** FLOP *** [9d 2c 8s]
Mr. True 067: bets $0.13
wrnbrssil: folds 
maxmax525: folds 
kvgl: folds 
Uncalled bet ($0.13) returned to Mr. True 067
Mr. True 067 collected $0.26 from pot
Mr. True 067: doesn't show hand 
*** SUMMARY ***
Total pot $0.27 | Rake $0.01 
Board [9d 2c 8s]
Seat 1: Dorex2007 (small blind) folded before Flop
Seat 2: vanes97 (big blind) folded before Flop
Seat 3: Mr. True 067 collected ($0.26)
Seat 4: Ivanski1024 folded before Flop (didn't bet)
Seat 5: haideko folded before Flop (didn't bet)
Seat 6: wrnbrssil folded on the Flop
Seat 7: Asparrowhawk folded before Flop (didn't bet)
Seat 8: maxmax525 folded on the Flop
Seat 9: kvgl (button) folded on the Flop



PokerStars Hand #232179730031:  Hold'em No Limit ($0.01/$0.02 USD) - 2021/12/13 3:17:10 PT [2021/12/13 6:17:10 ET]
Table 'Aase II' 9-max Seat #1 is the button
Seat 1: Dorex2007 ($2 in chips) 
Seat 2: vanes97 ($0.78 in chips) 
Seat 3: Mr. True 067 ($0.96 in chips) 
Seat 4: Ivanski1024 ($3.10 in chips) 
Seat 5: haideko ($2.43 in chips) 
Seat 6: wrnbrssil ($1.73 in chips) 
Seat 7: Asparrowhawk ($1.96 in chips) 
Seat 8: maxmax525 ($0.76 in chips) 
Seat 9: kvgl ($1.57 in chips) 
vanes97: posts small blind $0.01
Mr. True 067: posts big blind $0.02
*** HOLE CARDS ***
Dealt to Dorex2007 [7h 5h]
Ivanski1024: raises $0.04 to $0.06
haideko: folds 
wrnbrssil: folds 
Asparrowhawk: folds 
maxmax525: folds 
kvgl: folds 
Dorex2007: calls $0.06
vanes97: folds 
Mr. True 067: calls $0.04
*** FLOP *** [Qc Ac 4s]
Mr. True 067: checks 
Ivanski1024: checks 
Dorex2007: checks 
*** TURN *** [Qc Ac 4s] [Ks]
Mr. True 067: checks 
Ivanski1024: bets $0.06
Dorex2007: folds 
Mr. True 067: calls $0.06
*** RIVER *** [Qc Ac 4s Ks] [4c]
Mr. True 067: bets $0.15
Ivanski1024: calls $0.15
*** SHOW DOWN ***
Mr. True 067: shows [7c 9c] (a flush, Ace high)
Ivanski1024: mucks hand 
Mr. True 067 collected $0.59 from pot
*** SUMMARY ***
Total pot $0.61 | Rake $0.02 
Board [Qc Ac 4s Ks 4c]
Seat 1: Dorex2007 (button) folded on the Turn
Seat 2: vanes97 (small blind) folded before Flop
Seat 3: Mr. True 067 (big blind) showed [7c 9c] and won ($0.59) with a flush, Ace high
Seat 4: Ivanski1024 mucked [As 3d]
Seat 5: haideko folded before Flop (didn't bet)
Seat 6: wrnbrssil folded before Flop (didn't bet)
Seat 7: Asparrowhawk folded before Flop (didn't bet)
Seat 8: maxmax525 folded before Flop (didn't bet)
Seat 9: kvgl folded before Flop (didn't bet)



PokerStars Hand #232179745065:  Hold'em No Limit ($0.01/$0.02 USD) - 2021/12/13 3:18:20 PT [2021/12/13 6:18:20 ET]
Table 'Aase II' 9-max Seat #2 is the button
Seat 1: Dorex2007 ($2 in chips) 
Seat 2: vanes97 ($0.77 in chips) 
Seat 3: Mr. True 067 ($1.28 in chips) 
Seat 4: Ivanski1024 ($2.83 in chips) 
Seat 5: haideko ($2.43 in chips) 
Seat 6: wrnbrssil ($1.73 in chips) 
Seat 7: Asparrowhawk ($1.96 in chips) 
Seat 8: maxmax525 ($0.76 in chips) 
Seat 9: kvgl ($1.57 in chips) 
Mr. True 067: posts small blind $0.01
Ivanski1024: posts big blind $0.02
*** HOLE CARDS ***
Dealt to Dorex2007 [Kd 2c]
haideko: folds 
wrnbrssil: folds 
Asparrowhawk: folds 
maxmax525: folds 
kvgl: raises $0.02 to $0.04
Dorex2007: folds 
vanes97: calls $0.04
Mr. True 067: folds 
Ivanski1024: folds 
*** FLOP *** [8c 8d 8s]
kvgl: bets $0.02
vanes97: calls $0.02
*** TURN *** [8c 8d 8s] [Qs]
kvgl: bets $0.07
vanes97: folds 
Uncalled bet ($0.07) returned to kvgl
kvgl collected $0.14 from pot
kvgl: doesn't show hand 
*** SUMMARY ***
Total pot $0.15 | Rake $0.01 
Board [8c 8d 8s Qs]
Seat 1: Dorex2007 folded before Flop (didn't bet)
Seat 2: vanes97 (button) folded on the Turn
Seat 3: Mr. True 067 (small blind) folded before Flop
Seat 4: Ivanski1024 (big blind) folded before Flop
Seat 5: haideko folded before Flop (didn't bet)
Seat 6: wrnbrssil folded before Flop (didn't bet)
Seat 7: Asparrowhawk folded before Flop (didn't bet)
Seat 8: maxmax525 folded before Flop (didn't bet)
Seat 9: kvgl collected ($0.14)



PokerStars Hand #232179753211:  Hold'em No Limit ($0.01/$0.02 USD) - 2021/12/13 3:18:58 PT [2021/12/13 6:18:58 ET]
Table 'Aase II' 9-max Seat #3 is the button
Seat 1: Dorex2007 ($2 in chips) 
Seat 2: vanes97 ($0.71 in chips) 
Seat 3: Mr. True 067 ($1.27 in chips) 
Seat 4: Ivanski1024 ($2.81 in chips) 
Seat 5: haideko ($2.43 in chips) 
Seat 6: wrnbrssil ($1.73 in chips) 
Seat 7: Asparrowhawk ($1.96 in chips) 
Seat 8: maxmax525 ($0.76 in chips) 
Seat 9: kvgl ($1.65 in chips) 
Ivanski1024: posts small blind $0.01
haideko: posts big blind $0.02
*** HOLE CARDS ***
Dealt to Dorex2007 [6c 6h]
wrnbrssil: folds 
Asparrowhawk: folds 
maxmax525: folds 
kvgl: calls $0.02
Dorex2007: calls $0.02
vanes97: folds 
Mr. True 067: raises $0.04 to $0.06
Ivanski1024: folds 
haideko: folds 
kvgl: calls $0.04
Dorex2007: calls $0.04
*** FLOP *** [Qh Kd 9s]
kvgl: bets $0.02
Dorex2007: folds 
Mr. True 067: raises $0.06 to $0.08
kvgl: calls $0.06
*** TURN *** [Qh Kd 9s] [4c]
kvgl: checks 
Ivanski1024 leaves the table
Mr. True 067: bets $0.12
kvgl: folds 
Uncalled bet ($0.12) returned to Mr. True 067
Mr. True 067 collected $0.36 from pot
Mr. True 067: doesn't show hand 
*** SUMMARY ***
Total pot $0.37 | Rake $0.01 
Board [Qh Kd 9s 4c]
Seat 1: Dorex2007 folded on the Flop
Seat 2: vanes97 folded before Flop (didn't bet)
Seat 3: Mr. True 067 (button) collected ($0.36)
Seat 4: Ivanski1024 (small blind) folded before Flop
Seat 5: haideko (big blind) folded before Flop
Seat 6: wrnbrssil folded before Flop (didn't bet)
Seat 7: Asparrowhawk folded before Flop (didn't bet)
Seat 8: maxmax525 folded before Flop (didn't bet)
Seat 9: kvgl folded on the Turn



PokerStars Hand #232179766193:  Hold'em No Limit ($0.01/$0.02 USD) - 2021/12/13 3:19:59 PT [2021/12/13 6:19:59 ET]
Table 'Aase II' 9-max Seat #5 is the button
Seat 1: Dorex2007 ($2 in chips) 
Seat 2: vanes97 ($0.71 in chips) 
Seat 3: Mr. True 067 ($1.49 in chips) 
Seat 5: haideko ($2.41 in chips) 
Seat 6: wrnbrssil ($1.73 in chips) 
Seat 7: Asparrowhawk ($1.96 in chips) 
Seat 8: maxmax525 ($0.76 in chips) 
Seat 9: kvgl ($1.51 in chips) 
wrnbrssil: posts small blind $0.01
Asparrowhawk: posts big blind $0.02
*** HOLE CARDS ***
Dealt to Dorex2007 [Js 7d]
Sclavor joins the table at seat #4 
maxmax525: folds 
kvgl: folds 
Dorex2007: folds 
vanes97: folds 
Mr. True 067: calls $0.02
haideko: raises $0.05 to $0.07
wrnbrssil: folds 
Asparrowhawk: folds 
Mr. True 067: folds 
Uncalled bet ($0.05) returned to haideko
haideko collected $0.07 from pot
haideko: doesn't show hand 
*** SUMMARY ***
Total pot $0.07 | Rake $0 
Seat 1: Dorex2007 folded before Flop (didn't bet)
Seat 2: vanes97 folded before Flop (didn't bet)
Seat 3: Mr. True 067 folded before Flop
Seat 5: haideko (button) collected ($0.07)
Seat 6: wrnbrssil (small blind) folded before Flop
Seat 7: Asparrowhawk (big blind) folded before Flop
Seat 8: maxmax525 folded before Flop (didn't bet)
Seat 9: kvgl folded before Flop (didn't bet)



PokerStars Hand #232179773206:  Hold'em No Limit ($0.01/$0.02 USD) - 2021/12/13 3:20:31 PT [2021/12/13 6:20:31 ET]
Table 'Aase II' 9-max Seat #6 is the button
Seat 1: Dorex2007 ($2 in chips) 
Seat 2: vanes97 ($0.71 in chips) 
Seat 3: Mr. True 067 ($1.47 in chips) 
Seat 5: haideko ($2.46 in chips) 
Seat 6: wrnbrssil ($1.72 in chips) 
Seat 7: Asparrowhawk ($1.94 in chips) 
Seat 8: maxmax525 ($0.76 in chips) 
Seat 9: kvgl ($1.51 in chips) 
Asparrowhawk: posts small blind $0.01
maxmax525: posts big blind $0.02
Sclavor: sits out 
*** HOLE CARDS ***
Dealt to Dorex2007 [Tc 5h]
kvgl: calls $0.02
Dorex2007: folds 
vanes97: folds 
Mr. True 067: calls $0.02
haideko: folds 
wrnbrssil: folds 
Asparrowhawk: calls $0.01
maxmax525: checks 
*** FLOP *** [4s 5c 2h]
Asparrowhawk: checks 
maxmax525: bets $0.02
kvgl: folds 
Mr. True 067: calls $0.02
Asparrowhawk: calls $0.02
*** TURN *** [4s 5c 2h] [6c]
Asparrowhawk: checks 
maxmax525: checks 
Mr. True 067: bets $0.09
Asparrowhawk: folds 
maxmax525: calls $0.09
*** RIVER *** [4s 5c 2h 6c] [6d]
maxmax525: bets $0.02
Mr. True 067: folds 
Uncalled bet ($0.02) returned to maxmax525
maxmax525 collected $0.31 from pot
*** SUMMARY ***
Total pot $0.32 | Rake $0.01 
Board [4s 5c 2h 6c 6d]
Seat 1: Dorex2007 folded before Flop (didn't bet)
Seat 2: vanes97 folded before Flop (didn't bet)
Seat 3: Mr. True 067 folded on the River
Seat 5: haideko folded before Flop (didn't bet)
Seat 6: wrnbrssil (button) folded before Flop (didn't bet)
Seat 7: Asparrowhawk (small blind) folded on the Turn
Seat 8: maxmax525 (big blind) collected ($0.31)
Seat 9: kvgl folded on the Flop



PokerStars Hand #232179792105:  Hold'em No Limit ($0.01/$0.02 USD) - 2021/12/13 3:21:59 PT [2021/12/13 6:21:59 ET]
Table 'Aase II' 9-max Seat #7 is the button
Seat 1: Dorex2007 ($2 in chips) 
Seat 2: vanes97 ($0.71 in chips) 
Seat 3: Mr. True 067 ($1.34 in chips) 
Seat 5: haideko ($2.46 in chips) 
Seat 6: wrnbrssil ($1.72 in chips) 
Seat 7: Asparrowhawk ($1.90 in chips) 
Seat 8: maxmax525 ($0.94 in chips) 
Seat 9: kvgl ($1.49 in chips) 
maxmax525: posts small blind $0.01
kvgl: posts big blind $0.02
Sclavor: sits out 
*** HOLE CARDS ***
Dealt to Dorex2007 [8h 7c]
Dorex2007: folds 
vanes97: folds 
Mr. True 067: folds 
haideko: folds 
wrnbrssil: folds 
Asparrowhawk: folds 
maxmax525: calls $0.01
kvgl: checks 
*** FLOP *** [Qd Jh 6c]
maxmax525: checks 
kvgl: bets $0.02
maxmax525: folds 
Uncalled bet ($0.02) returned to kvgl
kvgl collected $0.04 from pot
kvgl: doesn't show hand 
*** SUMMARY ***
Total pot $0.04 | Rake $0 
Board [Qd Jh 6c]
Seat 1: Dorex2007 folded before Flop (didn't bet)
Seat 2: vanes97 folded before Flop (didn't bet)
Seat 3: Mr. True 067 folded before Flop (didn't bet)
Seat 5: haideko folded before Flop (didn't bet)
Seat 6: wrnbrssil folded before Flop (didn't bet)
Seat 7: Asparrowhawk (button) folded before Flop (didn't bet)
Seat 8: maxmax525 (small blind) folded on the Flop
Seat 9: kvgl (big blind) collected ($0.04)



PokerStars Hand #232179802993:  Hold'em No Limit ($0.01/$0.02 USD) - 2021/12/13 3:22:49 PT [2021/12/13 6:22:49 ET]
Table 'Aase II' 9-max Seat #8 is the button
Seat 1: Dorex2007 ($2 in chips) 
Seat 2: vanes97 ($0.71 in chips) 
Seat 3: Mr. True 067 ($1.34 in chips) 
Seat 5: haideko ($2.46 in chips) 
Seat 6: wrnbrssil ($1.72 in chips) 
Seat 7: Asparrowhawk ($1.90 in chips) 
Seat 8: maxmax525 ($0.92 in chips) 
Seat 9: kvgl ($1.51 in chips) 
kvgl: posts small blind $0.01
Dorex2007: posts big blind $0.02
Sclavor: sits out 
*** HOLE CARDS ***
Dealt to Dorex2007 [7c 2h]
vanes97: folds 
Mr. True 067: folds 
haideko: folds 
wrnbrssil: raises $0.02 to $0.04
Asparrowhawk: folds 
maxmax525: calls $0.04
kvgl: folds 
Dorex2007: folds 
*** FLOP *** [9h 7h Kd]
wrnbrssil: bets $0.03
maxmax525: folds 
Uncalled bet ($0.03) returned to wrnbrssil
wrnbrssil collected $0.11 from pot
wrnbrssil: doesn't show hand 
*** SUMMARY ***
Total pot $0.11 | Rake $0 
Board [9h 7h Kd]
Seat 1: Dorex2007 (big blind) folded before Flop
Seat 2: vanes97 folded before Flop (didn't bet)
Seat 3: Mr. True 067 folded before Flop (didn't bet)
Seat 5: haideko folded before Flop (didn't bet)
Seat 6: wrnbrssil collected ($0.11)
Seat 7: Asparrowhawk folded before Flop (didn't bet)
Seat 8: maxmax525 (button) folded on the Flop
Seat 9: kvgl (small blind) folded before Flop



PokerStars Hand #232179812817:  Hold'em No Limit ($0.01/$0.02 USD) - 2021/12/13 3:23:35 PT [2021/12/13 6:23:35 ET]
Table 'Aase II' 9-max Seat #9 is the button
Seat 1: Dorex2007 ($2 in chips) 
Seat 2: vanes97 ($0.71 in chips) 
Seat 3: Mr. True 067 ($1.34 in chips) 
Seat 5: haideko ($2.46 in chips) 
Seat 6: wrnbrssil ($1.79 in chips) 
Seat 7: Asparrowhawk ($1.90 in chips) 
Seat 8: maxmax525 ($0.88 in chips) 
Seat 9: kvgl ($1.50 in chips) 
Dorex2007: posts small blind $0.01
vanes97: posts big blind $0.02
Sclavor: sits out 
*** HOLE CARDS ***
Dealt to Dorex2007 [Jc 5c]
Mr. True 067: folds 
haideko: folds 
wrnbrssil: raises $0.02 to $0.04
Asparrowhawk: folds 
maxmax525: folds 
kvgl: folds 
Dorex2007: folds 
vanes97: calls $0.02
*** FLOP *** [Kh Ts 2s]
vanes97: checks 
wrnbrssil: checks 
*** TURN *** [Kh Ts 2s] [4c]
vanes97: checks 
wrnbrssil: bets $0.05
vanes97: folds 
Uncalled bet ($0.05) returned to wrnbrssil
wrnbrssil collected $0.09 from pot
wrnbrssil: doesn't show hand 
*** SUMMARY ***
Total pot $0.09 | Rake $0 
Board [Kh Ts 2s 4c]
Seat 1: Dorex2007 (small blind) folded before Flop
Seat 2: vanes97 (big blind) folded on the Turn
Seat 3: Mr. True 067 folded before Flop (didn't bet)
Seat 5: haideko folded before Flop (didn't bet)
Seat 6: wrnbrssil collected ($0.09)
Seat 7: Asparrowhawk folded before Flop (didn't bet)
Seat 8: maxmax525 folded before Flop (didn't bet)
Seat 9: kvgl (button) folded before Flop (didn't bet)



PokerStars Hand #232179821231:  Hold'em No Limit ($0.01/$0.02 USD) - 2021/12/13 3:24:13 PT [2021/12/13 6:24:13 ET]
Table 'Aase II' 9-max Seat #1 is the button
Seat 1: Dorex2007 ($2 in chips) 
Seat 2: vanes97 ($0.67 in chips) 
Seat 3: Mr. True 067 ($1.34 in chips) 
Seat 5: haideko ($2.46 in chips) 
Seat 6: wrnbrssil ($1.84 in chips) 
Seat 7: Asparrowhawk ($1.90 in chips) 
Seat 8: maxmax525 ($0.88 in chips) 
Seat 9: kvgl ($1.50 in chips) 
vanes97: posts small blind $0.01
Mr. True 067: posts big blind $0.02
Sclavor: sits out 
*** HOLE CARDS ***
Dealt to Dorex2007 [5c 9c]
haideko: folds 
wrnbrssil: folds 
Asparrowhawk: folds 
maxmax525: folds 
kvgl: calls $0.02
Dorex2007: folds 
vanes97: folds 
Mr. True 067: checks 
*** FLOP *** [Ah Ks Kc]
Mr. True 067: checks 
kvgl: checks 
*** TURN *** [Ah Ks Kc] [6s]
Mr. True 067: bets $0.02
kvgl: folds 
Uncalled bet ($0.02) returned to Mr. True 067
Mr. True 067 collected $0.05 from pot
Mr. True 067: doesn't show hand 
*** SUMMARY ***
Total pot $0.05 | Rake $0 
Board [Ah Ks Kc 6s]
Seat 1: Dorex2007 (button) folded before Flop (didn't bet)
Seat 2: vanes97 (small blind) folded before Flop
Seat 3: Mr. True 067 (big blind) collected ($0.05)
Seat 5: haideko folded before Flop (didn't bet)
Seat 6: wrnbrssil folded before Flop (didn't bet)
Seat 7: Asparrowhawk folded before Flop (didn't bet)
Seat 8: maxmax525 folded before Flop (didn't bet)
Seat 9: kvgl folded on the Turn



PokerStars Hand #232179830033:  Hold'em No Limit ($0.01/$0.02 USD) - 2021/12/13 3:24:53 PT [2021/12/13 6:24:53 ET]
Table 'Aase II' 9-max Seat #2 is the button
Seat 1: Dorex2007 ($2 in chips) 
Seat 2: vanes97 ($0.66 in chips) 
Seat 3: Mr. True 067 ($1.37 in chips) 
Seat 4: Sclavor ($2 in chips) 
Seat 5: haideko ($2.46 in chips) 
Seat 6: wrnbrssil ($1.84 in chips) 
Seat 7: Asparrowhawk ($1.90 in chips) 
Seat 8: maxmax525 ($0.88 in chips) 
Seat 9: kvgl ($1.48 in chips) 
Mr. True 067: posts small blind $0.01
Sclavor: posts big blind $0.02
*** HOLE CARDS ***
Dealt to Dorex2007 [2s 7c]
haideko: folds 
wrnbrssil: folds 
Asparrowhawk: folds 
Asparrowhawk leaves the table
maxmax525: folds 
twitty31 joins the table at seat #7 
kvgl: calls $0.02
Dorex2007: folds 
vanes97: folds 
Mr. True 067: calls $0.01
Sclavor: raises $1.98 to $2 and is all-in
kvgl: folds 
Mr. True 067: folds 
Uncalled bet ($1.98) returned to Sclavor
Sclavor collected $0.06 from pot
Sclavor: doesn't show hand 
*** SUMMARY ***
Total pot $0.06 | Rake $0 
Seat 1: Dorex2007 folded before Flop (didn't bet)
Seat 2: vanes97 (button) folded before Flop (didn't bet)
Seat 3: Mr. True 067 (small blind) folded before Flop
Seat 4: Sclavor (big blind) collected ($0.06)
Seat 5: haideko folded before Flop (didn't bet)
Seat 6: wrnbrssil folded before Flop (didn't bet)
Seat 7: Asparrowhawk folded before Flop (didn't bet)
Seat 8: maxmax525 folded before Flop (didn't bet)
Seat 9: kvgl folded before Flop



PokerStars Hand #232179837121:  Hold'em No Limit ($0.01/$0.02 USD) - 2021/12/13 3:25:26 PT [2021/12/13 6:25:26 ET]
Table 'Aase II' 9-max Seat #3 is the button
Seat 1: Dorex2007 ($2 in chips) 
Seat 2: vanes97 ($0.66 in chips) 
Seat 3: Mr. True 067 ($1.35 in chips) 
Seat 4: Sclavor ($2.04 in chips) 
Seat 5: haideko ($2.46 in chips) 
Seat 6: wrnbrssil ($1.84 in chips) 
Seat 7: twitty31 ($0.80 in chips) 
Seat 8: maxmax525 ($0.88 in chips) 
Seat 9: kvgl ($1.46 in chips) 
Sclavor: posts small blind $0.01
haideko: posts big blind $0.02
twitty31: posts big blind $0.02
*** HOLE CARDS ***
Dealt to Dorex2007 [8s 2h]
wrnbrssil has timed out
wrnbrssil: folds 
twitty31: raises $0.02 to $0.04
maxmax525: folds 
kvgl: calls $0.04
Dorex2007: folds 
vanes97: folds 
Mr. True 067: calls $0.04
Sclavor: folds 
haideko: folds 
*** FLOP *** [Jh Td Qh]
twitty31: bets $0.14
kvgl: calls $0.14
Mr. True 067: folds 
*** TURN *** [Jh Td Qh] [6c]
twitty31: checks 
kvgl: bets $0.02
twitty31: calls $0.02
*** RIVER *** [Jh Td Qh 6c] [5s]
twitty31: checks 
kvgl: bets $0.02
twitty31: calls $0.02
*** SHOW DOWN ***
kvgl: shows [Js Tc] (two pair, Jacks and Tens)
twitty31: mucks hand 
kvgl collected $0.49 from pot
*** SUMMARY ***
Total pot $0.51 | Rake $0.02 
Board [Jh Td Qh 6c 5s]
Seat 1: Dorex2007 folded before Flop (didn't bet)
Seat 2: vanes97 folded before Flop (didn't bet)
Seat 3: Mr. True 067 (button) folded on the Flop
Seat 4: Sclavor (small blind) folded before Flop
Seat 5: haideko (big blind) folded before Flop
Seat 6: wrnbrssil folded before Flop (didn't bet)
Seat 7: twitty31 mucked [9h Th]
Seat 8: maxmax525 folded before Flop (didn't bet)
Seat 9: kvgl showed [Js Tc] and won ($0.49) with two pair, Jacks and Tens



PokerStars Hand #232179852508:  Hold'em No Limit ($0.01/$0.02 USD) - 2021/12/13 3:26:36 PT [2021/12/13 6:26:36 ET]
Table 'Aase II' 9-max Seat #4 is the button
Seat 1: Dorex2007 ($2 in chips) 
Seat 2: vanes97 ($0.66 in chips) 
Seat 3: Mr. True 067 ($1.31 in chips) 
Seat 4: Sclavor ($2.03 in chips) 
Seat 5: haideko ($2.44 in chips) 
Seat 6: wrnbrssil ($1.84 in chips) 
Seat 7: twitty31 ($0.58 in chips) 
Seat 8: maxmax525 ($0.88 in chips) 
Seat 9: kvgl ($1.73 in chips) 
haideko: posts small blind $0.01
wrnbrssil: posts big blind $0.02
*** HOLE CARDS ***
Dealt to Dorex2007 [5c Ah]
twitty31: folds 
maxmax525: raises $0.04 to $0.06
kvgl: folds 
Dorex2007: folds 
vanes97: folds 
Mr. True 067: calls $0.06
Sclavor: calls $0.06
haideko: folds 
wrnbrssil: folds 
*** FLOP *** [8s Th Ts]
maxmax525: bets $0.10
Mr. True 067: calls $0.10
Sclavor: folds 
*** TURN *** [8s Th Ts] [9s]
maxmax525: bets $0.20
Mr. True 067: calls $0.20
*** RIVER *** [8s Th Ts 9s] [4d]
maxmax525: checks 
Mr. True 067: bets $0.41
maxmax525: calls $0.41
*** SHOW DOWN ***
Mr. True 067: shows [Jh 9d] (two pair, Tens and Nines)
maxmax525: shows [Qd Qs] (two pair, Queens and Tens)
maxmax525 collected $1.57 from pot
*** SUMMARY ***
Total pot $1.63 | Rake $0.06 
Board [8s Th Ts 9s 4d]
Seat 1: Dorex2007 folded before Flop (didn't bet)
Seat 2: vanes97 folded before Flop (didn't bet)
Seat 3: Mr. True 067 showed [Jh 9d] and lost with two pair, Tens and Nines
Seat 4: Sclavor (button) folded on the Flop
Seat 5: haideko (small blind) folded before Flop
Seat 6: wrnbrssil (big blind) folded before Flop
Seat 7: twitty31 folded before Flop (didn't bet)
Seat 8: maxmax525 showed [Qd Qs] and won ($1.57) with two pair, Queens and Tens
Seat 9: kvgl folded before Flop (didn't bet)



PokerStars Hand #232179869356:  Hold'em No Limit ($0.01/$0.02 USD) - 2021/12/13 3:27:52 PT [2021/12/13 6:27:52 ET]
Table 'Aase II' 9-max Seat #5 is the button
Seat 1: Dorex2007 ($2 in chips) 
Seat 2: vanes97 ($0.66 in chips) 
Seat 3: Mr. True 067 ($0.54 in chips) 
Seat 4: Sclavor ($2 in chips) 
Seat 5: haideko ($2.43 in chips) 
Seat 6: wrnbrssil ($1.82 in chips) 
Seat 7: twitty31 ($0.58 in chips) 
Seat 8: maxmax525 ($1.68 in chips) 
Seat 9: kvgl ($1.73 in chips) 
wrnbrssil: posts small blind $0.01
twitty31: posts big blind $0.02
*** HOLE CARDS ***
Dealt to Dorex2007 [6s 7s]
maxmax525: folds 
kvgl: calls $0.02
Dorex2007: calls $0.02
vanes97: folds 
Mr. True 067: folds 
Sclavor: folds 
haideko: folds 
wrnbrssil: folds 
twitty31: checks 
*** FLOP *** [Qd Kd 5h]
twitty31: checks 
kvgl: checks 
Dorex2007: checks 
*** TURN *** [Qd Kd 5h] [Td]
twitty31: checks 
kvgl: checks 
Dorex2007: checks 
*** RIVER *** [Qd Kd 5h Td] [Ac]
twitty31: checks 
kvgl: bets $0.02
Dorex2007: folds 
twitty31: calls $0.02
*** SHOW DOWN ***
kvgl: shows [6h 9h] (high card Ace)
twitty31: shows [3d 5c] (a pair of Fives)
twitty31 collected $0.11 from pot
*** SUMMARY ***
Total pot $0.11 | Rake $0 
Board [Qd Kd 5h Td Ac]
Seat 1: Dorex2007 folded on the River
Seat 2: vanes97 folded before Flop (didn't bet)
Seat 3: Mr. True 067 folded before Flop (didn't bet)
Seat 4: Sclavor folded before Flop (didn't bet)
Seat 5: haideko (button) folded before Flop (didn't bet)
Seat 6: wrnbrssil (small blind) folded before Flop
Seat 7: twitty31 (big blind) showed [3d 5c] and won ($0.11) with a pair of Fives
Seat 8: maxmax525 folded before Flop (didn't bet)
Seat 9: kvgl showed [6h 9h] and lost with high card Ace



PokerStars Hand #232179879599:  Hold'em No Limit ($0.01/$0.02 USD) - 2021/12/13 3:28:37 PT [2021/12/13 6:28:37 ET]
Table 'Aase II' 9-max Seat #6 is the button
Seat 1: Dorex2007 ($2 in chips) 
Seat 2: vanes97 ($0.66 in chips) 
Seat 3: Mr. True 067 ($0.54 in chips) 
Seat 4: Sclavor ($2 in chips) 
Seat 5: haideko ($2.43 in chips) 
Seat 6: wrnbrssil ($1.81 in chips) 
Seat 7: twitty31 ($0.65 in chips) 
Seat 8: maxmax525 ($1.68 in chips) 
Seat 9: kvgl ($1.69 in chips) 
twitty31: posts small blind $0.01
maxmax525: posts big blind $0.02
*** HOLE CARDS ***
Dealt to Dorex2007 [2h Kd]
kvgl: calls $0.02
Dorex2007: folds 
vanes97: folds 
Mr. True 067: raises $0.04 to $0.06
Sclavor: calls $0.06
haideko: folds 
wrnbrssil: folds 
twitty31: calls $0.05
maxmax525: folds 
kvgl: calls $0.04
*** FLOP *** [Ac Jh 3d]
twitty31: checks 
kvgl: checks 
Mr. True 067: checks 
Sclavor: checks 
*** TURN *** [Ac Jh 3d] [Ts]
twitty31: checks 
kvgl: checks 
Mr. True 067: bets $0.12
Sclavor: folds 
twitty31: calls $0.12
kvgl: folds 
*** RIVER *** [Ac Jh 3d Ts] [Jd]
twitty31: checks 
Mr. True 067: checks 
*** SHOW DOWN ***
twitty31: shows [5h Ad] (two pair, Aces and Jacks)
Mr. True 067: mucks hand 
twitty31 collected $0.48 from pot
*** SUMMARY ***
Total pot $0.50 | Rake $0.02 
Board [Ac Jh 3d Ts Jd]
Seat 1: Dorex2007 folded before Flop (didn't bet)
Seat 2: vanes97 folded before Flop (didn't bet)
Seat 3: Mr. True 067 mucked [Td Qd]
Seat 4: Sclavor folded on the Turn
Seat 5: haideko folded before Flop (didn't bet)
Seat 6: wrnbrssil (button) folded before Flop (didn't bet)
Seat 7: twitty31 (small blind) showed [5h Ad] and won ($0.48) with two pair, Aces and Jacks
Seat 8: maxmax525 (big blind) folded before Flop
Seat 9: kvgl folded on the Turn



PokerStars Hand #232179894906:  Hold'em No Limit ($0.01/$0.02 USD) - 2021/12/13 3:29:50 PT [2021/12/13 6:29:50 ET]
Table 'Aase II' 9-max Seat #7 is the button
Seat 1: Dorex2007 ($2 in chips) 
Seat 2: vanes97 ($0.66 in chips) 
Seat 3: Mr. True 067 ($0.36 in chips) 
Seat 4: Sclavor ($2 in chips) 
Seat 5: haideko ($2.43 in chips) 
Seat 6: wrnbrssil ($1.81 in chips) 
Seat 7: twitty31 ($0.95 in chips) 
Seat 8: maxmax525 ($1.66 in chips) 
Seat 9: kvgl ($1.63 in chips) 
maxmax525: posts small blind $0.01
kvgl: posts big blind $0.02
*** HOLE CARDS ***
Dealt to Dorex2007 [6d 3s]
Dorex2007: folds 
vanes97: folds 
Mr. True 067: raises $0.04 to $0.06
Sclavor: folds 
haideko: folds 
wrnbrssil: folds 
twitty31: folds 
maxmax525: folds 
kvgl: folds 
Uncalled bet ($0.04) returned to Mr. True 067
Mr. True 067 collected $0.05 from pot
Mr. True 067: doesn't show hand 
*** SUMMARY ***
Total pot $0.05 | Rake $0 
Seat 1: Dorex2007 folded before Flop (didn't bet)
Seat 2: vanes97 folded before Flop (didn't bet)
Seat 3: Mr. True 067 collected ($0.05)
Seat 4: Sclavor folded before Flop (didn't bet)
Seat 5: haideko folded before Flop (didn't bet)
Seat 6: wrnbrssil folded before Flop (didn't bet)
Seat 7: twitty31 (button) folded before Flop (didn't bet)
Seat 8: maxmax525 (small blind) folded before Flop
Seat 9: kvgl (big blind) folded before Flop



PokerStars Hand #232179900560:  Hold'em No Limit ($0.01/$0.02 USD) - 2021/12/13 3:30:17 PT [2021/12/13 6:30:17 ET]
Table 'Aase II' 9-max Seat #8 is the button
Seat 1: Dorex2007 ($2 in chips) 
Seat 2: vanes97 ($0.66 in chips) 
Seat 3: Mr. True 067 ($0.39 in chips) 
Seat 4: Sclavor ($2 in chips) 
Seat 5: haideko ($2.43 in chips) 
Seat 6: wrnbrssil ($1.81 in chips) 
Seat 7: twitty31 ($0.95 in chips) 
Seat 8: maxmax525 ($1.65 in chips) 
Seat 9: kvgl ($1.61 in chips) 
kvgl: posts small blind $0.01
Dorex2007: posts big blind $0.02
*** HOLE CARDS ***
Dealt to Dorex2007 [7h 4d]
vanes97: folds 
Mr. True 067: raises $0.06 to $0.08
Sclavor: folds 
haideko: folds 
wrnbrssil: folds 
twitty31: folds 
maxmax525: folds 
kvgl: folds 
Dorex2007: folds 
Uncalled bet ($0.06) returned to Mr. True 067
Mr. True 067 collected $0.05 from pot
Mr. True 067: doesn't show hand 
*** SUMMARY ***
Total pot $0.05 | Rake $0 
Seat 1: Dorex2007 (big blind) folded before Flop
Seat 2: vanes97 folded before Flop (didn't bet)
Seat 3: Mr. True 067 collected ($0.05)
Seat 4: Sclavor folded before Flop (didn't bet)
Seat 5: haideko folded before Flop (didn't bet)
Seat 6: wrnbrssil folded before Flop (didn't bet)
Seat 7: twitty31 folded before Flop (didn't bet)
Seat 8: maxmax525 (button) folded before Flop (didn't bet)
Seat 9: kvgl (small blind) folded before Flop



PokerStars Hand #232179908153:  Hold'em No Limit ($0.01/$0.02 USD) - 2021/12/13 3:30:51 PT [2021/12/13 6:30:51 ET]
Table 'Aase II' 9-max Seat #9 is the button
Seat 1: Dorex2007 ($2 in chips) 
Seat 2: vanes97 ($0.66 in chips) 
Seat 3: Mr. True 067 ($0.42 in chips) 
Seat 4: Sclavor ($2 in chips) 
Seat 5: haideko ($2.43 in chips) 
Seat 6: wrnbrssil ($1.81 in chips) 
Seat 7: twitty31 ($0.95 in chips) 
Seat 8: maxmax525 ($1.65 in chips) 
Seat 9: kvgl ($1.60 in chips) 
Dorex2007: posts small blind $0.01
vanes97: posts big blind $0.02
*** HOLE CARDS ***
Dealt to Dorex2007 [5h 7d]
Mr. True 067: calls $0.02
Sclavor: calls $0.02
haideko: calls $0.02
wrnbrssil: folds 
twitty31 has timed out
twitty31: folds 
maxmax525: calls $0.02
kvgl: raises $0.04 to $0.06
Dorex2007: folds 
vanes97: folds 
Mr. True 067: calls $0.04
Sclavor: calls $0.04
haideko: calls $0.04
maxmax525: calls $0.04
*** FLOP *** [3h 7s 2d]
Mr. True 067: checks 
Sclavor: checks 
haideko: checks 
maxmax525: bets $0.02
kvgl: raises $0.02 to $0.04
Mr. True 067: calls $0.04
Sclavor: calls $0.04
haideko: folds 
maxmax525: calls $0.02
*** TURN *** [3h 7s 2d] [4s]
Mr. True 067: checks 
Sclavor: checks 
maxmax525: checks 
kvgl: bets $0.02
Mr. True 067: calls $0.02
Sclavor: calls $0.02
maxmax525: folds 
*** RIVER *** [3h 7s 2d 4s] [2c]
Mr. True 067: bets $0.30 and is all-in
Sclavor: folds 
kvgl: folds 
Uncalled bet ($0.30) returned to Mr. True 067
Mr. True 067 collected $0.53 from pot
Mr. True 067: doesn't show hand 
*** SUMMARY ***
Total pot $0.55 | Rake $0.02 
Board [3h 7s 2d 4s 2c]
Seat 1: Dorex2007 (small blind) folded before Flop
Seat 2: vanes97 (big blind) folded before Flop
Seat 3: Mr. True 067 collected ($0.53)
Seat 4: Sclavor folded on the River
Seat 5: haideko folded on the Flop
Seat 6: wrnbrssil folded before Flop (didn't bet)
Seat 7: twitty31 folded before Flop (didn't bet)
Seat 8: maxmax525 folded on the Turn
Seat 9: kvgl (button) folded on the River



PokerStars Hand #232179934990:  Hold'em No Limit ($0.01/$0.02 USD) - 2021/12/13 3:32:52 PT [2021/12/13 6:32:52 ET]
Table 'Aase II' 9-max Seat #1 is the button
Seat 1: Dorex2007 ($2 in chips) 
Seat 2: vanes97 ($0.64 in chips) 
Seat 3: Mr. True 067 ($0.83 in chips) 
Seat 4: Sclavor ($2 in chips) 
Seat 5: haideko ($2.37 in chips) 
Seat 6: wrnbrssil ($1.81 in chips) 
Seat 7: twitty31 ($0.95 in chips) 
Seat 8: maxmax525 ($1.55 in chips) 
Seat 9: kvgl ($1.48 in chips) 
vanes97: posts small blind $0.01
Mr. True 067: posts big blind $0.02
*** HOLE CARDS ***
Dealt to Dorex2007 [6c 6d]
Sclavor: folds 
haideko: folds 
wrnbrssil: folds 
twitty31 has timed out
twitty31: folds 
maxmax525: folds 
kvgl: calls $0.02
Dorex2007: raises $0.04 to $0.06
vanes97: folds 
Mr. True 067: folds 
kvgl: calls $0.04
*** FLOP *** [Ac 7s 2s]
kvgl: checks 
Dorex2007: checks 
*** TURN *** [Ac 7s 2s] [9h]
kvgl: bets $0.02
Dorex2007: folds 
Uncalled bet ($0.02) returned to kvgl
kvgl collected $0.14 from pot
kvgl: doesn't show hand 
*** SUMMARY ***
Total pot $0.15 | Rake $0.01 
Board [Ac 7s 2s 9h]
Seat 1: Dorex2007 (button) folded on the Turn
Seat 2: vanes97 (small blind) folded before Flop
Seat 3: Mr. True 067 (big blind) folded before Flop
Seat 4: Sclavor folded before Flop (didn't bet)
Seat 5: haideko folded before Flop (didn't bet)
Seat 6: wrnbrssil folded before Flop (didn't bet)
Seat 7: twitty31 folded before Flop (didn't bet)
Seat 8: maxmax525 folded before Flop (didn't bet)
Seat 9: kvgl collected ($0.14)



PokerStars Hand #232179950113:  Hold'em No Limit ($0.01/$0.02 USD) - 2021/12/13 3:34:00 PT [2021/12/13 6:34:00 ET]
Table 'Aase II' 9-max Seat #2 is the button
Seat 1: Dorex2007 ($2 in chips) 
Seat 2: vanes97 ($0.63 in chips) 
Seat 3: Mr. True 067 ($0.81 in chips) 
Seat 4: Sclavor ($2 in chips) 
Seat 5: haideko ($2.37 in chips) 
Seat 6: wrnbrssil ($1.81 in chips) 
Seat 7: twitty31 ($0.95 in chips) 
Seat 8: maxmax525 ($1.55 in chips) 
Seat 9: kvgl ($1.56 in chips) 
Mr. True 067: posts small blind $0.01
Sclavor: posts big blind $0.02
*** HOLE CARDS ***
Dealt to Dorex2007 [6c 8d]
haideko: calls $0.02
wrnbrssil: folds 
twitty31: folds 
maxmax525: folds 
kvgl: raises $0.04 to $0.06
Dorex2007: folds 
vanes97: folds 
Mr. True 067: folds 
Sclavor: folds 
haideko: calls $0.04
*** FLOP *** [7h 2c 7c]
haideko: bets $0.10
kvgl: calls $0.10
*** TURN *** [7h 2c 7c] [6d]
haideko: checks 
kvgl: bets $0.02
haideko: calls $0.02
*** RIVER *** [7h 2c 7c 6d] [Qc]
haideko: checks 
kvgl: bets $0.19
haideko: calls $0.19
*** SHOW DOWN ***
kvgl: shows [Ad Ah] (two pair, Aces and Sevens)
haideko: mucks hand 
kvgl collected $0.74 from pot
*** SUMMARY ***
Total pot $0.77 | Rake $0.03 
Board [7h 2c 7c 6d Qc]
Seat 1: Dorex2007 folded before Flop (didn't bet)
Seat 2: vanes97 (button) folded before Flop (didn't bet)
Seat 3: Mr. True 067 (small blind) folded before Flop
Seat 4: Sclavor (big blind) folded before Flop
Seat 5: haideko mucked [5h 5s]
Seat 6: wrnbrssil folded before Flop (didn't bet)
Seat 7: twitty31 folded before Flop (didn't bet)
Seat 8: maxmax525 folded before Flop (didn't bet)
Seat 9: kvgl showed [Ad Ah] and won ($0.74) with two pair, Aces and Sevens



PokerStars Hand #232179963783:  Hold'em No Limit ($0.01/$0.02 USD) - 2021/12/13 3:34:50 PT [2021/12/13 6:34:50 ET]
Table 'Aase II' 9-max Seat #3 is the button
Seat 1: Dorex2007 ($2 in chips) 
Seat 2: vanes97 ($0.63 in chips) 
Seat 3: Mr. True 067 ($0.80 in chips) 
Seat 4: Sclavor ($2 in chips) 
Seat 5: haideko ($2 in chips) 
Seat 6: wrnbrssil ($1.81 in chips) 
Seat 7: twitty31 ($0.95 in chips) 
Seat 8: maxmax525 ($1.55 in chips) 
Seat 9: kvgl ($1.93 in chips) 
Sclavor: posts small blind $0.01
haideko: posts big blind $0.02
*** HOLE CARDS ***
Dealt to Dorex2007 [6s Js]
wrnbrssil: folds 
twitty31: folds 
maxmax525: folds 
kvgl: calls $0.02
Dorex2007: folds 
vanes97: folds 
Mr. True 067: folds 
Sclavor: folds 
haideko: checks 
*** FLOP *** [6c Ad 8s]
haideko: checks 
kvgl: checks 
*** TURN *** [6c Ad 8s] [As]
haideko: checks 
kvgl: checks 
*** RIVER *** [6c Ad 8s As] [Qs]
haideko: checks 
kvgl: checks 
*** SHOW DOWN ***
haideko: shows [4h 9d] (a pair of Aces)
kvgl: shows [Jh 9h] (a pair of Aces - Queen+Jack kicker)
kvgl collected $0.05 from pot
*** SUMMARY ***
Total pot $0.05 | Rake $0 
Board [6c Ad 8s As Qs]
Seat 1: Dorex2007 folded before Flop (didn't bet)
Seat 2: vanes97 folded before Flop (didn't bet)
Seat 3: Mr. True 067 (button) folded before Flop (didn't bet)
Seat 4: Sclavor (small blind) folded before Flop
Seat 5: haideko (big blind) showed [4h 9d] and lost with a pair of Aces
Seat 6: wrnbrssil folded before Flop (didn't bet)
Seat 7: twitty31 folded before Flop (didn't bet)
Seat 8: maxmax525 folded before Flop (didn't bet)
Seat 9: kvgl showed [Jh 9h] and won ($0.05) with a pair of Aces



PokerStars Hand #232179972271:  Hold'em No Limit ($0.01/$0.02 USD) - 2021/12/13 3:35:28 PT [2021/12/13 6:35:28 ET]
Table 'Aase II' 9-max Seat #4 is the button
Seat 1: Dorex2007 ($2 in chips) 
Seat 2: vanes97 ($0.63 in chips) 
Seat 3: Mr. True 067 ($0.80 in chips) 
Seat 4: Sclavor ($2 in chips) 
Seat 5: haideko ($1.98 in chips) 
Seat 6: wrnbrssil ($1.81 in chips) 
Seat 7: twitty31 ($0.95 in chips) 
Seat 8: maxmax525 ($1.55 in chips) 
Seat 9: kvgl ($1.96 in chips) 
haideko: posts small blind $0.01
wrnbrssil: posts big blind $0.02
*** HOLE CARDS ***
Dealt to Dorex2007 [9c 3c]
twitty31: raises $0.02 to $0.04
maxmax525: folds 
kvgl: folds 
Dorex2007: folds 
vanes97: calls $0.04
Mr. True 067: folds 
Sclavor: folds 
haideko: folds 
wrnbrssil: folds 
*** FLOP *** [Ah 5h As]
twitty31: checks 
vanes97: bets $0.06
twitty31: calls $0.06
*** TURN *** [Ah 5h As] [Ts]
twitty31: checks 
vanes97: checks 
*** RIVER *** [Ah 5h As Ts] [4s]
twitty31: checks 
vanes97: checks 
*** SHOW DOWN ***
twitty31: shows [Kd Qs] (a pair of Aces)
vanes97: shows [6c 6d] (two pair, Aces and Sixes)
vanes97 collected $0.22 from pot
*** SUMMARY ***
Total pot $0.23 | Rake $0.01 
Board [Ah 5h As Ts 4s]
Seat 1: Dorex2007 folded before Flop (didn't bet)
Seat 2: vanes97 showed [6c 6d] and won ($0.22) with two pair, Aces and Sixes
Seat 3: Mr. True 067 folded before Flop (didn't bet)
Seat 4: Sclavor (button) folded before Flop (didn't bet)
Seat 5: haideko (small blind) folded before Flop
Seat 6: wrnbrssil (big blind) folded before Flop
Seat 7: twitty31 showed [Kd Qs] and lost with a pair of Aces
Seat 8: maxmax525 folded before Flop (didn't bet)
Seat 9: kvgl folded before Flop (didn't bet)



PokerStars Hand #232179982351:  Hold'em No Limit ($0.01/$0.02 USD) - 2021/12/13 3:36:12 PT [2021/12/13 6:36:12 ET]
Table 'Aase II' 9-max Seat #5 is the button
Seat 1: Dorex2007 ($2 in chips) 
Seat 2: vanes97 ($0.75 in chips) 
Seat 3: Mr. True 067 ($0.80 in chips) 
Seat 4: Sclavor ($2 in chips) 
Seat 5: haideko ($1.97 in chips) 
Seat 6: wrnbrssil ($1.79 in chips) 
Seat 7: twitty31 ($0.85 in chips) 
Seat 8: maxmax525 ($1.55 in chips) 
Seat 9: kvgl ($1.96 in chips) 
wrnbrssil: posts small blind $0.01
twitty31: posts big blind $0.02
*** HOLE CARDS ***
Dealt to Dorex2007 [6d Ah]
maxmax525: folds 
kvgl: folds 
Dorex2007: folds 
vanes97: folds 
Mr. True 067: raises $0.04 to $0.06
Sclavor: calls $0.06
haideko: folds 
wrnbrssil: folds 
twitty31: folds 
*** FLOP *** [3h 3s 5c]
Mr. True 067: bets $0.07
Sclavor: calls $0.07
*** TURN *** [3h 3s 5c] [Kd]
Mr. True 067: checks 
Sclavor: bets $0.12
Mr. True 067: calls $0.12
*** RIVER *** [3h 3s 5c Kd] [4s]
Mr. True 067: checks 
Sclavor: checks 
*** SHOW DOWN ***
Mr. True 067: shows [Jd Ad] (a pair of Threes)
Sclavor: mucks hand 
Mr. True 067 collected $0.51 from pot
*** SUMMARY ***
Total pot $0.53 | Rake $0.02 
Board [3h 3s 5c Kd 4s]
Seat 1: Dorex2007 folded before Flop (didn't bet)
Seat 2: vanes97 folded before Flop (didn't bet)
Seat 3: Mr. True 067 showed [Jd Ad] and won ($0.51) with a pair of Threes
Seat 4: Sclavor mucked [7h Ac]
Seat 5: haideko (button) folded before Flop (didn't bet)
Seat 6: wrnbrssil (small blind) folded before Flop
Seat 7: twitty31 (big blind) folded before Flop
Seat 8: maxmax525 folded before Flop (didn't bet)
Seat 9: kvgl folded before Flop (didn't bet)



PokerStars Hand #232180000155:  Hold'em No Limit ($0.01/$0.02 USD) - 2021/12/13 3:37:31 PT [2021/12/13 6:37:31 ET]
Table 'Aase II' 9-max Seat #6 is the button
Seat 1: Dorex2007 ($2 in chips) 
Seat 2: vanes97 ($0.75 in chips) 
Seat 3: Mr. True 067 ($1.06 in chips) 
Seat 4: Sclavor ($2 in chips) 
Seat 5: haideko ($1.97 in chips) 
Seat 6: wrnbrssil ($1.78 in chips) 
Seat 7: twitty31 ($0.83 in chips) 
Seat 8: maxmax525 ($1.55 in chips) 
Seat 9: kvgl ($1.96 in chips) 
twitty31: posts small blind $0.01
maxmax525: posts big blind $0.02
*** HOLE CARDS ***
Dealt to Dorex2007 [4h 7s]
kvgl: calls $0.02
Dorex2007: folds 
vanes97: raises $0.04 to $0.06
Mr. True 067: calls $0.06
Sclavor: folds 
haideko: folds 
wrnbrssil: folds 
twitty31: folds 
maxmax525: folds 
kvgl: raises $0.04 to $0.10
vanes97: calls $0.04
Mr. True 067: calls $0.04
*** FLOP *** [Qc Td 6h]
kvgl: bets $0.02
vanes97: calls $0.02
Mr. True 067: calls $0.02
*** TURN *** [Qc Td 6h] [Ts]
kvgl: bets $0.02
vanes97: folds 
Mr. True 067: folds 
Uncalled bet ($0.02) returned to kvgl
kvgl collected $0.38 from pot
kvgl: doesn't show hand 
*** SUMMARY ***
Total pot $0.39 | Rake $0.01 
Board [Qc Td 6h Ts]
Seat 1: Dorex2007 folded before Flop (didn't bet)
Seat 2: vanes97 folded on the Turn
Seat 3: Mr. True 067 folded on the Turn
Seat 4: Sclavor folded before Flop (didn't bet)
Seat 5: haideko folded before Flop (didn't bet)
Seat 6: wrnbrssil (button) folded before Flop (didn't bet)
Seat 7: twitty31 (small blind) folded before Flop
Seat 8: maxmax525 (big blind) folded before Flop
Seat 9: kvgl collected ($0.38)



