PokerStars Hand #227896103390:  Hold'em No Limit ($0.01/$0.02 USD) - 2021/06/27 15:16:17 PT [2021/06/27 18:16:17 ET]
Table 'Fabre III' 9-max Seat #2 is the button
Seat 1: Dorex2007 ($2 in chips) 
Seat 2: Cnopic666 ($1.98 in chips) 
Seat 4: ard1tm ($2.20 in chips) 
Seat 5: yvn745823 ($2.23 in chips) 
Seat 6: Mattizik ($2.88 in chips) 
Seat 7: troyano422 ($1.07 in chips) 
Seat 8: azca12 ($0.20 in chips) 
Seat 9: fbjensen777 ($0.32 in chips) 
ard1tm: posts small blind $0.01
yvn745823: posts big blind $0.02
Dorex2007: posts big blind $0.02
*** HOLE CARDS ***
Dealt to Dorex2007 [Jh 2d]
Mattizik: folds 
troyano422: folds 
azca12: folds 
fbjensen777: folds 
Dorex2007: checks 
Cnopic666: folds 
ard1tm: folds 
yvn745823: raises $0.08 to $0.10
Dorex2007: folds 
Uncalled bet ($0.08) returned to yvn745823
yvn745823 collected $0.05 from pot
yvn745823: doesn't show hand 
*** SUMMARY ***
Total pot $0.05 | Rake $0 
Seat 1: Dorex2007 folded before Flop (didn't bet)
Seat 2: Cnopic666 (button) folded before Flop (didn't bet)
Seat 4: ard1tm (small blind) folded before Flop
Seat 5: yvn745823 (big blind) collected ($0.05)
Seat 6: Mattizik folded before Flop (didn't bet)
Seat 7: troyano422 folded before Flop (didn't bet)
Seat 8: azca12 folded before Flop (didn't bet)
Seat 9: fbjensen777 folded before Flop (didn't bet)



PokerStars Hand #227896120540:  Hold'em No Limit ($0.01/$0.02 USD) - 2021/06/27 15:17:00 PT [2021/06/27 18:17:00 ET]
Table 'Fabre III' 9-max Seat #4 is the button
Seat 1: Dorex2007 ($1.98 in chips) 
Seat 2: Cnopic666 ($1.98 in chips) 
Seat 4: ard1tm ($2.19 in chips) 
Seat 5: yvn745823 ($2.26 in chips) 
Seat 6: Mattizik ($2.88 in chips) 
Seat 7: troyano422 ($1.07 in chips) 
Seat 8: azca12 ($0.20 in chips) 
Seat 9: fbjensen777 ($0.32 in chips) 
yvn745823: posts small blind $0.01
Mattizik: posts big blind $0.02
*** HOLE CARDS ***
Dealt to Dorex2007 [Th Jd]
troyano422: calls $0.02
azca12: folds 
fbjensen777: calls $0.02
Dorex2007: folds 
Cnopic666: folds 
ard1tm: folds 
yvn745823: calls $0.01
Mattizik: checks 
*** FLOP *** [4d Ts Qs]
yvn745823: checks 
Mattizik: checks 
troyano422: bets $0.06
fbjensen777: folds 
yvn745823: calls $0.06
Mattizik: folds 
*** TURN *** [4d Ts Qs] [Tc]
yvn745823: checks 
troyano422: bets $0.10
yvn745823: folds 
Uncalled bet ($0.10) returned to troyano422
troyano422 collected $0.19 from pot
troyano422: doesn't show hand 
*** SUMMARY ***
Total pot $0.20 | Rake $0.01 
Board [4d Ts Qs Tc]
Seat 1: Dorex2007 folded before Flop (didn't bet)
Seat 2: Cnopic666 folded before Flop (didn't bet)
Seat 4: ard1tm (button) folded before Flop (didn't bet)
Seat 5: yvn745823 (small blind) folded on the Turn
Seat 6: Mattizik (big blind) folded on the Flop
Seat 7: troyano422 collected ($0.19)
Seat 8: azca12 folded before Flop (didn't bet)
Seat 9: fbjensen777 folded on the Flop



PokerStars Hand #227896152356:  Hold'em No Limit ($0.01/$0.02 USD) - 2021/06/27 15:18:22 PT [2021/06/27 18:18:22 ET]
Table 'Fabre III' 9-max Seat #5 is the button
Seat 1: Dorex2007 ($1.98 in chips) 
Seat 2: Cnopic666 ($1.98 in chips) 
Seat 3: frosa9397 ($2 in chips) 
Seat 4: ard1tm ($2.19 in chips) 
Seat 5: yvn745823 ($2.18 in chips) 
Seat 6: Mattizik ($2.86 in chips) 
Seat 7: troyano422 ($1.18 in chips) 
Seat 8: azca12 ($0.20 in chips) 
Seat 9: fbjensen777 ($0.30 in chips) 
Mattizik: posts small blind $0.01
troyano422: posts big blind $0.02
frosa9397: posts big blind $0.02
*** HOLE CARDS ***
Dealt to Dorex2007 [5c 9s]
azca12: raises $0.18 to $0.20 and is all-in
fbjensen777: folds 
Dorex2007: folds 
Cnopic666: folds 
frosa9397 has timed out
frosa9397: folds 
ard1tm: folds 
yvn745823: folds 
Mattizik: folds 
troyano422: folds 
Uncalled bet ($0.18) returned to azca12
azca12 collected $0.07 from pot
azca12: doesn't show hand 
*** SUMMARY ***
Total pot $0.07 | Rake $0 
Seat 1: Dorex2007 folded before Flop (didn't bet)
Seat 2: Cnopic666 folded before Flop (didn't bet)
Seat 3: frosa9397 folded before Flop (didn't bet)
Seat 4: ard1tm folded before Flop (didn't bet)
Seat 5: yvn745823 (button) folded before Flop (didn't bet)
Seat 6: Mattizik (small blind) folded before Flop
Seat 7: troyano422 (big blind) folded before Flop
Seat 8: azca12 collected ($0.07)
Seat 9: fbjensen777 folded before Flop (didn't bet)



PokerStars Hand #227896169910:  Hold'em No Limit ($0.01/$0.02 USD) - 2021/06/27 15:19:07 PT [2021/06/27 18:19:07 ET]
Table 'Fabre III' 9-max Seat #7 is the button
Seat 1: Dorex2007 ($1.98 in chips) 
Seat 2: Cnopic666 ($1.98 in chips) 
Seat 4: ard1tm ($2.19 in chips) 
Seat 5: yvn745823 ($2.18 in chips) 
Seat 7: troyano422 ($1.16 in chips) 
Seat 8: azca12 ($0.25 in chips) 
Seat 9: fbjensen777 ($0.30 in chips) 
azca12: posts small blind $0.01
fbjensen777: posts big blind $0.02
*** HOLE CARDS ***
Dealt to Dorex2007 [Td Th]
Dorex2007: raises $0.02 to $0.04
Cnopic666: folds 
ard1tm: calls $0.04
yvn745823: folds 
troyano422: raises $0.04 to $0.08
azca12: folds 
fbjensen777: calls $0.06
Dorex2007: calls $0.04
ard1tm: calls $0.04
*** FLOP *** [Js 9h 4s]
azca12 leaves the table
fbjensen777: checks 
Dorex2007: checks 
ard1tm: checks 
troyano422: checks 
*** TURN *** [Js 9h 4s] [Qc]
motarey joins the table at seat #8 
fbjensen777: bets $0.04
Dorex2007: calls $0.04
ard1tm: folds 
troyano422: calls $0.04
*** RIVER *** [Js 9h 4s Qc] [Qs]
fbjensen777: bets $0.18 and is all-in
Dorex2007: folds 
troyano422: folds 
Uncalled bet ($0.18) returned to fbjensen777
fbjensen777 collected $0.43 from pot
*** SUMMARY ***
Total pot $0.45 | Rake $0.02 
Board [Js 9h 4s Qc Qs]
Seat 1: Dorex2007 folded on the River
Seat 2: Cnopic666 folded before Flop (didn't bet)
Seat 4: ard1tm folded on the Turn
Seat 5: yvn745823 folded before Flop (didn't bet)
Seat 7: troyano422 (button) folded on the River
Seat 8: azca12 (small blind) folded before Flop
Seat 9: fbjensen777 (big blind) collected ($0.43)



PokerStars Hand #227896200479:  Hold'em No Limit ($0.01/$0.02 USD) - 2021/06/27 15:20:26 PT [2021/06/27 18:20:26 ET]
Table 'Fabre III' 9-max Seat #9 is the button
Seat 1: Dorex2007 ($1.86 in chips) 
Seat 2: Cnopic666 ($1.98 in chips) 
Seat 4: ard1tm ($2.11 in chips) 
Seat 5: yvn745823 ($2.18 in chips) 
Seat 7: troyano422 ($1.04 in chips) 
Seat 8: motarey ($1.71 in chips) 
Seat 9: fbjensen777 ($0.61 in chips) 
Dorex2007: posts small blind $0.01
Cnopic666: posts big blind $0.02
motarey: posts big blind $0.02
*** HOLE CARDS ***
Dealt to Dorex2007 [As 5h]
ard1tm: folds 
yvn745823: folds 
troyano422: raises $0.02 to $0.04
motarey: calls $0.02
fbjensen777: calls $0.04
Dorex2007: folds 
Cnopic666: folds 
*** FLOP *** [4d 7s 3h]
troyano422: checks 
motarey: bets $0.07
fbjensen777: folds 
troyano422: folds 
Uncalled bet ($0.07) returned to motarey
motarey collected $0.14 from pot
motarey: doesn't show hand 
*** SUMMARY ***
Total pot $0.15 | Rake $0.01 
Board [4d 7s 3h]
Seat 1: Dorex2007 (small blind) folded before Flop
Seat 2: Cnopic666 (big blind) folded before Flop
Seat 4: ard1tm folded before Flop (didn't bet)
Seat 5: yvn745823 folded before Flop (didn't bet)
Seat 7: troyano422 folded on the Flop
Seat 8: motarey collected ($0.14)
Seat 9: fbjensen777 (button) folded on the Flop



PokerStars Hand #227896211142:  Hold'em No Limit ($0.01/$0.02 USD) - 2021/06/27 15:20:54 PT [2021/06/27 18:20:54 ET]
Table 'Fabre III' 9-max Seat #1 is the button
Seat 1: Dorex2007 ($1.85 in chips) 
Seat 2: Cnopic666 ($1.96 in chips) 
Seat 4: ard1tm ($2.11 in chips) 
Seat 5: yvn745823 ($2.18 in chips) 
Seat 7: troyano422 ($1 in chips) 
Seat 8: motarey ($1.81 in chips) 
Seat 9: fbjensen777 ($0.57 in chips) 
Cnopic666: posts small blind $0.01
ard1tm: posts big blind $0.02
*** HOLE CARDS ***
Dealt to Dorex2007 [2h Js]
yvn745823: folds 
troyano422: folds 
motarey: raises $0.02 to $0.04
fbjensen777: raises $0.08 to $0.12
Dorex2007: folds 
Cnopic666: folds 
ard1tm: calls $0.10
motarey: calls $0.08
*** FLOP *** [7d Kc 6c]
ard1tm: checks 
motarey: checks 
fbjensen777: bets $0.18
ard1tm: raises $0.34 to $0.52
motarey: folds 
fbjensen777: calls $0.27 and is all-in
Uncalled bet ($0.07) returned to ard1tm
*** TURN *** [7d Kc 6c] [8h]
*** RIVER *** [7d Kc 6c 8h] [As]
*** SHOW DOWN ***
ard1tm: shows [Qd Ks] (a pair of Kings)
fbjensen777: shows [7h 7s] (three of a kind, Sevens)
fbjensen777 cashed out the hand for $1.20 | Cash Out Fee $0.01
*** SUMMARY ***
Total pot $1.27 | Rake $0.04 
Board [7d Kc 6c 8h As]
Seat 1: Dorex2007 (button) folded before Flop (didn't bet)
Seat 2: Cnopic666 (small blind) folded before Flop
Seat 4: ard1tm (big blind) showed [Qd Ks] and lost with a pair of Kings
Seat 5: yvn745823 folded before Flop (didn't bet)
Seat 7: troyano422 folded before Flop (didn't bet)
Seat 8: motarey folded on the Flop
Seat 9: fbjensen777 showed [7h 7s] and won ($1.23) with three of a kind, Sevens (pot not awarded as player cashed out)



PokerStars Hand #227896231841:  Hold'em No Limit ($0.01/$0.02 USD) - 2021/06/27 15:21:48 PT [2021/06/27 18:21:48 ET]
Table 'Fabre III' 9-max Seat #2 is the button
Seat 1: Dorex2007 ($1.85 in chips) 
Seat 2: Cnopic666 ($1.95 in chips) 
Seat 4: ard1tm ($2 in chips) 
Seat 5: yvn745823 ($2.18 in chips) 
Seat 6: Mattizik ($2.85 in chips) 
Seat 7: troyano422 ($1 in chips) 
Seat 8: motarey ($1.69 in chips) 
Seat 9: fbjensen777 ($1.20 in chips) 
ard1tm: posts small blind $0.01
yvn745823: posts big blind $0.02
*** HOLE CARDS ***
Dealt to Dorex2007 [4s Td]
Mattizik: folds 
troyano422: folds 
motarey: folds 
fbjensen777: calls $0.02
Dorex2007: folds 
Cnopic666: folds 
ard1tm: raises $0.04 to $0.06
yvn745823: raises $0.18 to $0.24
fbjensen777: folds 
ard1tm: calls $0.18
*** FLOP *** [3d 2s Jc]
ard1tm: checks 
yvn745823: bets $0.17
ard1tm: folds 
Uncalled bet ($0.17) returned to yvn745823
yvn745823 collected $0.48 from pot
yvn745823: doesn't show hand 
*** SUMMARY ***
Total pot $0.50 | Rake $0.02 
Board [3d 2s Jc]
Seat 1: Dorex2007 folded before Flop (didn't bet)
Seat 2: Cnopic666 (button) folded before Flop (didn't bet)
Seat 4: ard1tm (small blind) folded on the Flop
Seat 5: yvn745823 (big blind) collected ($0.48)
Seat 6: Mattizik folded before Flop (didn't bet)
Seat 7: troyano422 folded before Flop (didn't bet)
Seat 8: motarey folded before Flop (didn't bet)
Seat 9: fbjensen777 folded before Flop



PokerStars Hand #227896251421:  Hold'em No Limit ($0.01/$0.02 USD) - 2021/06/27 15:22:40 PT [2021/06/27 18:22:40 ET]
Table 'Fabre III' 9-max Seat #4 is the button
Seat 1: Dorex2007 ($1.85 in chips) 
Seat 2: Cnopic666 ($1.95 in chips) 
Seat 4: ard1tm ($2 in chips) 
Seat 5: yvn745823 ($2.42 in chips) 
Seat 6: Mattizik ($2.85 in chips) 
Seat 7: troyano422 ($1 in chips) 
Seat 8: motarey ($1.69 in chips) 
Seat 9: fbjensen777 ($1.18 in chips) 
yvn745823: posts small blind $0.01
Mattizik: posts big blind $0.02
*** HOLE CARDS ***
Dealt to Dorex2007 [As Tc]
troyano422: folds 
motarey: calls $0.02
fbjensen777: raises $0.02 to $0.04
Dorex2007: raises $0.06 to $0.10
Cnopic666: folds 
ard1tm: folds 
yvn745823: folds 
Mattizik: folds 
motarey: calls $0.08
fbjensen777: raises $1.08 to $1.18 and is all-in
Dorex2007: folds 
motarey: calls $1.08
*** FLOP *** [8s 8d Jd]
*** TURN *** [8s 8d Jd] [2s]
*** RIVER *** [8s 8d Jd 2s] [7h]
*** SHOW DOWN ***
motarey: shows [8h Ts] (three of a kind, Eights)
fbjensen777: shows [Kc Ks] (two pair, Kings and Eights)
motarey cashed out the hand for $0.41
*** SUMMARY ***
Total pot $2.49 | Rake $0.09 
Board [8s 8d Jd 2s 7h]
Seat 1: Dorex2007 folded before Flop
Seat 2: Cnopic666 folded before Flop (didn't bet)
Seat 4: ard1tm (button) folded before Flop (didn't bet)
Seat 5: yvn745823 (small blind) folded before Flop
Seat 6: Mattizik (big blind) folded before Flop
Seat 7: troyano422 folded before Flop (didn't bet)
Seat 8: motarey showed [8h Ts] and won ($2.40) with three of a kind, Eights (pot not awarded as player cashed out)
Seat 9: fbjensen777 showed [Kc Ks] and lost with two pair, Kings and Eights



PokerStars Hand #227896283779:  Hold'em No Limit ($0.01/$0.02 USD) - 2021/06/27 15:23:38 PT [2021/06/27 18:23:38 ET]
Table 'Fabre III' 9-max Seat #5 is the button
Seat 1: Dorex2007 ($1.75 in chips) 
Seat 2: Cnopic666 ($1.95 in chips) 
Seat 4: ard1tm ($2 in chips) 
Seat 5: yvn745823 ($2.41 in chips) 
Seat 6: Mattizik ($2.83 in chips) 
Seat 7: troyano422 ($1 in chips) 
Seat 8: motarey ($0.92 in chips) 
Mattizik: posts small blind $0.01
troyano422: posts big blind $0.02
*** HOLE CARDS ***
Dealt to Dorex2007 [5c 9d]
motarey: calls $0.02
fbjensen777 leaves the table
Dorex2007: folds 
Cnopic666: raises $0.02 to $0.04
ard1tm: folds 
yvn745823: folds 
Mattizik: calls $0.03
troyano422: folds 
motarey: calls $0.02
*** FLOP *** [2c 4c Ac]
Mattizik: bets $0.04
motarey: calls $0.04
Cnopic666: calls $0.04
*** TURN *** [2c 4c Ac] [Ts]
Mattizik: bets $0.08
motarey: calls $0.08
giocata5 joins the table at seat #9 
Cnopic666: calls $0.08
*** RIVER *** [2c 4c Ac Ts] [Js]
Mattizik: bets $0.24
motarey: raises $0.52 to $0.76 and is all-in
Cnopic666: folds 
Mattizik: calls $0.52
*** SHOW DOWN ***
motarey: shows [Tc Jh] (two pair, Jacks and Tens)
Mattizik: shows [Kc Qh] (a straight, Ten to Ace)
Mattizik collected $1.95 from pot
*** SUMMARY ***
Total pot $2.02 | Rake $0.07 
Board [2c 4c Ac Ts Js]
Seat 1: Dorex2007 folded before Flop (didn't bet)
Seat 2: Cnopic666 folded on the River
Seat 4: ard1tm folded before Flop (didn't bet)
Seat 5: yvn745823 (button) folded before Flop (didn't bet)
Seat 6: Mattizik (small blind) showed [Kc Qh] and won ($1.95) with a straight, Ten to Ace
Seat 7: troyano422 (big blind) folded before Flop
Seat 8: motarey showed [Tc Jh] and lost with two pair, Jacks and Tens



PokerStars Hand #227896308942:  Hold'em No Limit ($0.01/$0.02 USD) - 2021/06/27 15:24:44 PT [2021/06/27 18:24:44 ET]
Table 'Fabre III' 9-max Seat #6 is the button
Seat 1: Dorex2007 ($1.75 in chips) 
Seat 2: Cnopic666 ($1.79 in chips) 
Seat 4: ard1tm ($2 in chips) 
Seat 5: yvn745823 ($2.41 in chips) 
Seat 6: Mattizik ($3.86 in chips) 
Seat 7: troyano422 ($0.98 in chips) 
Seat 9: giocata5 ($0.80 in chips) 
troyano422: posts small blind $0.01
giocata5: posts big blind $0.02
*** HOLE CARDS ***
Dealt to Dorex2007 [4d 2s]
Dorex2007: folds 
Cnopic666: raises $0.03 to $0.05
ard1tm: folds 
yvn745823: folds 
Mattizik: folds 
troyano422: folds 
giocata5: folds 
Uncalled bet ($0.03) returned to Cnopic666
Cnopic666 collected $0.05 from pot
Cnopic666: doesn't show hand 
*** SUMMARY ***
Total pot $0.05 | Rake $0 
Seat 1: Dorex2007 folded before Flop (didn't bet)
Seat 2: Cnopic666 collected ($0.05)
Seat 4: ard1tm folded before Flop (didn't bet)
Seat 5: yvn745823 folded before Flop (didn't bet)
Seat 6: Mattizik (button) folded before Flop (didn't bet)
Seat 7: troyano422 (small blind) folded before Flop
Seat 9: giocata5 (big blind) folded before Flop



PokerStars Hand #227896315564:  Hold'em No Limit ($0.01/$0.02 USD) - 2021/06/27 15:25:00 PT [2021/06/27 18:25:00 ET]
Table 'Fabre III' 9-max Seat #7 is the button
Seat 1: Dorex2007 ($1.75 in chips) 
Seat 2: Cnopic666 ($2 in chips) 
Seat 4: ard1tm ($2 in chips) 
Seat 5: yvn745823 ($2.41 in chips) 
Seat 6: Mattizik ($3.86 in chips) 
Seat 7: troyano422 ($0.97 in chips) 
Seat 9: giocata5 ($0.80 in chips) 
giocata5: posts small blind $0.01
Dorex2007: posts big blind $0.02
*** HOLE CARDS ***
Dealt to Dorex2007 [6d Ad]
Cnopic666: folds 
ard1tm: folds 
yvn745823: folds 
Mattizik: folds 
troyano422: folds 
giocata5: raises $0.02 to $0.04
Dorex2007: calls $0.02
*** FLOP *** [8s 8h 5c]
giocata5: checks 
Dorex2007: bets $0.08
giocata5: folds 
Uncalled bet ($0.08) returned to Dorex2007
Dorex2007 collected $0.08 from pot
Dorex2007: doesn't show hand 
*** SUMMARY ***
Total pot $0.08 | Rake $0 
Board [8s 8h 5c]
Seat 1: Dorex2007 (big blind) collected ($0.08)
Seat 2: Cnopic666 folded before Flop (didn't bet)
Seat 4: ard1tm folded before Flop (didn't bet)
Seat 5: yvn745823 folded before Flop (didn't bet)
Seat 6: Mattizik folded before Flop (didn't bet)
Seat 7: troyano422 (button) folded before Flop (didn't bet)
Seat 9: giocata5 (small blind) folded on the Flop



PokerStars Hand #227896327863:  Hold'em No Limit ($0.01/$0.02 USD) - 2021/06/27 15:25:32 PT [2021/06/27 18:25:32 ET]
Table 'Fabre III' 9-max Seat #9 is the button
Seat 1: Dorex2007 ($1.79 in chips) 
Seat 2: Cnopic666 ($2 in chips) 
Seat 4: ard1tm ($2 in chips) 
Seat 5: yvn745823 ($2.41 in chips) 
Seat 6: Mattizik ($3.86 in chips) 
Seat 7: troyano422 ($0.97 in chips) 
Seat 9: giocata5 ($0.80 in chips) 
Dorex2007: posts small blind $0.01
Cnopic666: posts big blind $0.02
*** HOLE CARDS ***
Dealt to Dorex2007 [8h Kd]
ard1tm: folds 
ard1tm leaves the table
yvn745823: folds 
Mattizik: raises $0.02 to $0.04
troyano422: folds 
giocata5: folds 
Dorex2007: folds 
Cnopic666: folds 
Uncalled bet ($0.02) returned to Mattizik
Mattizik collected $0.05 from pot
Mattizik: doesn't show hand 
*** SUMMARY ***
Total pot $0.05 | Rake $0 
Seat 1: Dorex2007 (small blind) folded before Flop
Seat 2: Cnopic666 (big blind) folded before Flop
Seat 4: ard1tm folded before Flop (didn't bet)
Seat 5: yvn745823 folded before Flop (didn't bet)
Seat 6: Mattizik collected ($0.05)
Seat 7: troyano422 folded before Flop (didn't bet)
Seat 9: giocata5 (button) folded before Flop (didn't bet)



PokerStars Hand #227896350164:  Hold'em No Limit ($0.01/$0.02 USD) - 2021/06/27 15:26:11 PT [2021/06/27 18:26:11 ET]
Table 'Fabre III' 9-max Seat #1 is the button
Seat 1: Dorex2007 ($1.78 in chips) 
Seat 2: Cnopic666 ($1.98 in chips) 
Seat 6: Mattizik ($3.89 in chips) 
Seat 7: troyano422 ($0.97 in chips) 
Seat 9: giocata5 ($0.80 in chips) 
Cnopic666: posts small blind $0.01
yvn745823: is sitting out 
Mattizik: posts big blind $0.02
*** HOLE CARDS ***
Dealt to Dorex2007 [Jh Td]
troyano422: folds 
giocata5: raises $0.02 to $0.04
Dorex2007: folds 
Cnopic666: raises $0.10 to $0.14
Mattizik: folds 
giocata5: raises $0.10 to $0.24
Cnopic666: raises $1.74 to $1.98 and is all-in
giocata5: calls $0.56 and is all-in
Uncalled bet ($1.18) returned to Cnopic666
motarey is disconnected 
*** FLOP *** [6h 9c Ks]
*** TURN *** [6h 9c Ks] [Jc]
*** RIVER *** [6h 9c Ks Jc] [7s]
*** SHOW DOWN ***
Cnopic666: shows [Ah Ac] (a pair of Aces)
giocata5: shows [As Ad] (a pair of Aces)
Cnopic666 collected $0.78 from pot
giocata5 collected $0.78 from pot
*** SUMMARY ***
Total pot $1.62 | Rake $0.06 
Board [6h 9c Ks Jc 7s]
Seat 1: Dorex2007 (button) folded before Flop (didn't bet)
Seat 2: Cnopic666 (small blind) showed [Ah Ac] and won ($0.78) with a pair of Aces
Seat 6: Mattizik (big blind) folded before Flop
Seat 7: troyano422 folded before Flop (didn't bet)
Seat 9: giocata5 showed [As Ad] and won ($0.78) with a pair of Aces



PokerStars Hand #227896365830:  Hold'em No Limit ($0.01/$0.02 USD) - 2021/06/27 15:26:52 PT [2021/06/27 18:26:52 ET]
Table 'Fabre III' 9-max Seat #2 is the button
Seat 1: Dorex2007 ($2 in chips) 
Seat 2: Cnopic666 ($1.96 in chips) 
Seat 6: Mattizik ($3.87 in chips) 
Seat 7: troyano422 ($0.97 in chips) 
Seat 9: giocata5 ($0.80 in chips) 
Mattizik: posts small blind $0.01
troyano422: posts big blind $0.02
*** HOLE CARDS ***
Dealt to Dorex2007 [4d 5h]
giocata5: folds 
Dorex2007: folds 
Cnopic666: folds 
Mattizik: folds 
Uncalled bet ($0.01) returned to troyano422
troyano422 collected $0.02 from pot
troyano422: doesn't show hand 
*** SUMMARY ***
Total pot $0.02 | Rake $0 
Seat 1: Dorex2007 folded before Flop (didn't bet)
Seat 2: Cnopic666 (button) folded before Flop (didn't bet)
Seat 6: Mattizik (small blind) folded before Flop
Seat 7: troyano422 (big blind) collected ($0.02)
Seat 9: giocata5 folded before Flop (didn't bet)



PokerStars Hand #227896373313:  Hold'em No Limit ($0.01/$0.02 USD) - 2021/06/27 15:27:12 PT [2021/06/27 18:27:12 ET]
Table 'Fabre III' 9-max Seat #6 is the button
Seat 1: Dorex2007 ($2 in chips) 
Seat 2: Cnopic666 ($1.96 in chips) 
Seat 6: Mattizik ($3.86 in chips) 
Seat 7: troyano422 ($0.98 in chips) 
Seat 9: giocata5 ($0.80 in chips) 
troyano422: posts small blind $0.01
giocata5: posts big blind $0.02
*** HOLE CARDS ***
Dealt to Dorex2007 [Jc Jh]
Dorex2007: raises $0.04 to $0.06
Cnopic666: raises $0.12 to $0.18
yvn745823 leaves the table
Mattizik: folds 
troyano422: folds 
giocata5: folds 
Dorex2007: calls $0.12
*** FLOP *** [5s 8s 7c]
Dorex2007: checks 
Cnopic666: bets $0.10
Negro0643 joins the table at seat #5 
Dorex2007: raises $0.20 to $0.30
Cnopic666: folds 
Uncalled bet ($0.20) returned to Dorex2007
Dorex2007 collected $0.57 from pot
Dorex2007: doesn't show hand 
*** SUMMARY ***
Total pot $0.59 | Rake $0.02 
Board [5s 8s 7c]
Seat 1: Dorex2007 collected ($0.57)
Seat 2: Cnopic666 folded on the Flop
Seat 6: Mattizik (button) folded before Flop (didn't bet)
Seat 7: troyano422 (small blind) folded before Flop
Seat 9: giocata5 (big blind) folded before Flop



PokerStars Hand #227896388894:  Hold'em No Limit ($0.01/$0.02 USD) - 2021/06/27 15:27:55 PT [2021/06/27 18:27:55 ET]
Table 'Fabre III' 9-max Seat #7 is the button
Seat 1: Dorex2007 ($2.29 in chips) 
Seat 2: Cnopic666 ($1.68 in chips) 
Seat 6: Mattizik ($3.86 in chips) 
Seat 7: troyano422 ($0.97 in chips) 
Seat 9: giocata5 ($0.80 in chips) 
giocata5: posts small blind $0.01
Dorex2007: posts big blind $0.02
Negro0643: sits out 
*** HOLE CARDS ***
Dealt to Dorex2007 [Kd 8s]
Cnopic666: folds 
Mattizik: raises $0.02 to $0.04
troyano422: folds 
giocata5: calls $0.03
Dorex2007: calls $0.02
*** FLOP *** [9d 6d Qh]
giocata5: checks 
Dorex2007: checks 
Mattizik: bets $0.08
giocata5: folds 
Dorex2007: folds 
Uncalled bet ($0.08) returned to Mattizik
Mattizik collected $0.12 from pot
Mattizik: doesn't show hand 
*** SUMMARY ***
Total pot $0.12 | Rake $0 
Board [9d 6d Qh]
Seat 1: Dorex2007 (big blind) folded on the Flop
Seat 2: Cnopic666 folded before Flop (didn't bet)
Seat 6: Mattizik collected ($0.12)
Seat 7: troyano422 (button) folded before Flop (didn't bet)
Seat 9: giocata5 (small blind) folded on the Flop



PokerStars Hand #227896406887:  Hold'em No Limit ($0.01/$0.02 USD) - 2021/06/27 15:28:44 PT [2021/06/27 18:28:44 ET]
Table 'Fabre III' 9-max Seat #9 is the button
Seat 1: Dorex2007 ($2.25 in chips) 
Seat 2: Cnopic666 ($2 in chips) 
Seat 6: Mattizik ($3.94 in chips) 
Seat 7: troyano422 ($0.97 in chips) 
Seat 9: giocata5 ($0.80 in chips) 
Dorex2007: posts small blind $0.01
Cnopic666: posts big blind $0.02
Negro0643: sits out 
*** HOLE CARDS ***
Dealt to Dorex2007 [6s 3d]
Mattizik: folds 
Oilersfan790 joins the table at seat #4 
troyano422: folds 
giocata5: folds 
Dorex2007: folds 
Uncalled bet ($0.01) returned to Cnopic666
Cnopic666 collected $0.02 from pot
Cnopic666: doesn't show hand 
*** SUMMARY ***
Total pot $0.02 | Rake $0 
Seat 1: Dorex2007 (small blind) folded before Flop
Seat 2: Cnopic666 (big blind) collected ($0.02)
Seat 6: Mattizik folded before Flop (didn't bet)
Seat 7: troyano422 folded before Flop (didn't bet)
Seat 9: giocata5 (button) folded before Flop (didn't bet)



PokerStars Hand #227896410051:  Hold'em No Limit ($0.01/$0.02 USD) - 2021/06/27 15:28:52 PT [2021/06/27 18:28:52 ET]
Table 'Fabre III' 9-max Seat #1 is the button
Seat 1: Dorex2007 ($2.24 in chips) 
Seat 2: Cnopic666 ($2.01 in chips) 
Seat 4: Oilersfan790 ($2 in chips) 
Seat 6: Mattizik ($3.94 in chips) 
Seat 7: troyano422 ($0.97 in chips) 
Seat 9: giocata5 ($0.80 in chips) 
Cnopic666: posts small blind $0.01
Oilersfan790: posts big blind $0.02
Negro0643: sits out 
*** HOLE CARDS ***
Dealt to Dorex2007 [As Ks]
Mattizik: folds 
troyano422: folds 
giocata5: folds 
Dorex2007: raises $0.04 to $0.06
Cnopic666: folds 
Oilersfan790: folds 
Uncalled bet ($0.04) returned to Dorex2007
Oilersfan790 leaves the table
Dorex2007 collected $0.05 from pot
Dorex2007: doesn't show hand 
*** SUMMARY ***
Total pot $0.05 | Rake $0 
Seat 1: Dorex2007 (button) collected ($0.05)
Seat 2: Cnopic666 (small blind) folded before Flop
Seat 4: Oilersfan790 (big blind) folded before Flop
Seat 6: Mattizik folded before Flop (didn't bet)
Seat 7: troyano422 folded before Flop (didn't bet)
Seat 9: giocata5 folded before Flop (didn't bet)



PokerStars Hand #227896414692:  Hold'em No Limit ($0.01/$0.02 USD) - 2021/06/27 15:29:05 PT [2021/06/27 18:29:05 ET]
Table 'Fabre III' 9-max Seat #2 is the button
Seat 1: Dorex2007 ($2.27 in chips) 
Seat 2: Cnopic666 ($2 in chips) 
Seat 6: Mattizik ($3.94 in chips) 
Seat 7: troyano422 ($0.97 in chips) 
Seat 9: giocata5 ($0.80 in chips) 
Mattizik: posts small blind $0.01
troyano422: posts big blind $0.02
*** HOLE CARDS ***
Dealt to Dorex2007 [Qd 7d]
giocata5: folds 
Dorex2007: folds 
Cnopic666: folds 
Mattizik: folds 
Uncalled bet ($0.01) returned to troyano422
troyano422 collected $0.02 from pot
troyano422: doesn't show hand 
*** SUMMARY ***
Total pot $0.02 | Rake $0 
Seat 1: Dorex2007 folded before Flop (didn't bet)
Seat 2: Cnopic666 (button) folded before Flop (didn't bet)
Seat 6: Mattizik (small blind) folded before Flop
Seat 7: troyano422 (big blind) collected ($0.02)
Seat 9: giocata5 folded before Flop (didn't bet)



PokerStars Hand #227896419654:  Hold'em No Limit ($0.01/$0.02 USD) - 2021/06/27 15:29:18 PT [2021/06/27 18:29:18 ET]
Table 'Fabre III' 9-max Seat #6 is the button
Seat 1: Dorex2007 ($2.27 in chips) 
Seat 2: Cnopic666 ($2 in chips) 
Seat 6: Mattizik ($3.93 in chips) 
Seat 7: troyano422 ($0.98 in chips) 
Seat 9: giocata5 ($0.80 in chips) 
troyano422: posts small blind $0.01
giocata5: posts big blind $0.02
Negro0643: sits out 
*** HOLE CARDS ***
Dealt to Dorex2007 [Jc 9d]
Dorex2007: folds 
Cnopic666: folds 
Mattizik: raises $0.04 to $0.06
troyano422: folds 
giocata5: folds 
Uncalled bet ($0.04) returned to Mattizik
Mattizik collected $0.05 from pot
Mattizik: doesn't show hand 
*** SUMMARY ***
Total pot $0.05 | Rake $0 
Seat 1: Dorex2007 folded before Flop (didn't bet)
Seat 2: Cnopic666 folded before Flop (didn't bet)
Seat 6: Mattizik (button) collected ($0.05)
Seat 7: troyano422 (small blind) folded before Flop
Seat 9: giocata5 (big blind) folded before Flop



PokerStars Hand #227896428877:  Hold'em No Limit ($0.01/$0.02 USD) - 2021/06/27 15:29:43 PT [2021/06/27 18:29:43 ET]
Table 'Fabre III' 9-max Seat #7 is the button
Seat 1: Dorex2007 ($2.27 in chips) 
Seat 2: Cnopic666 ($2 in chips) 
Seat 6: Mattizik ($3.96 in chips) 
Seat 7: troyano422 ($0.97 in chips) 
Seat 9: giocata5 ($0.80 in chips) 
giocata5: posts small blind $0.01
Dorex2007: posts big blind $0.02
Negro0643: sits out 
*** HOLE CARDS ***
Dealt to Dorex2007 [9c Ts]
Cnopic666: raises $0.03 to $0.05
Mattizik: folds 
troyano422: calls $0.05
giocata5: folds 
Dorex2007: folds 
*** FLOP *** [Qh Kd Td]
Cnopic666: bets $0.09
troyano422: folds 
Uncalled bet ($0.09) returned to Cnopic666
Cnopic666 collected $0.13 from pot
Cnopic666: doesn't show hand 
*** SUMMARY ***
Total pot $0.13 | Rake $0 
Board [Qh Kd Td]
Seat 1: Dorex2007 (big blind) folded before Flop
Seat 2: Cnopic666 collected ($0.13)
Seat 6: Mattizik folded before Flop (didn't bet)
Seat 7: troyano422 (button) folded on the Flop
Seat 9: giocata5 (small blind) folded before Flop



PokerStars Hand #227896440608:  Hold'em No Limit ($0.01/$0.02 USD) - 2021/06/27 15:30:15 PT [2021/06/27 18:30:15 ET]
Table 'Fabre III' 9-max Seat #9 is the button
Seat 1: Dorex2007 ($2.25 in chips) 
Seat 2: Cnopic666 ($2.08 in chips) 
Seat 6: Mattizik ($3.96 in chips) 
Seat 7: troyano422 ($0.92 in chips) 
Seat 9: giocata5 ($0.80 in chips) 
Dorex2007: posts small blind $0.01
Cnopic666: posts big blind $0.02
Negro0643: sits out 
*** HOLE CARDS ***
Dealt to Dorex2007 [5h 4s]
Mattizik: raises $0.02 to $0.04
troyano422: folds 
giocata5: folds 
Dorex2007: folds 
Cnopic666: calls $0.02
*** FLOP *** [6c Td Ks]
artvix joins the table at seat #4 
Cnopic666: checks 
Mattizik: bets $0.04
Cnopic666: calls $0.04
*** TURN *** [6c Td Ks] [Kd]
Cnopic666: checks 
Mattizik: bets $0.10
Cnopic666: calls $0.10
*** RIVER *** [6c Td Ks Kd] [Jc]
Cnopic666: checks 
Mattizik: checks 
*** SHOW DOWN ***
Cnopic666: shows [Ac Th] (two pair, Kings and Tens)
Mattizik: shows [Jd As] (two pair, Kings and Jacks)
Mattizik collected $0.36 from pot
*** SUMMARY ***
Total pot $0.37 | Rake $0.01 
Board [6c Td Ks Kd Jc]
Seat 1: Dorex2007 (small blind) folded before Flop
Seat 2: Cnopic666 (big blind) showed [Ac Th] and lost with two pair, Kings and Tens
Seat 6: Mattizik showed [Jd As] and won ($0.36) with two pair, Kings and Jacks
Seat 7: troyano422 folded before Flop (didn't bet)
Seat 9: giocata5 (button) folded before Flop (didn't bet)



PokerStars Hand #227896452368:  Hold'em No Limit ($0.01/$0.02 USD) - 2021/06/27 15:30:46 PT [2021/06/27 18:30:46 ET]
Table 'Fabre III' 9-max Seat #1 is the button
Seat 1: Dorex2007 ($2.24 in chips) 
Seat 2: Cnopic666 ($1.90 in chips) 
Seat 4: artvix ($1 in chips) 
Seat 6: Mattizik ($4.14 in chips) 
Seat 7: troyano422 ($0.92 in chips) 
Seat 9: giocata5 ($0.80 in chips) 
Cnopic666: posts small blind $0.01
artvix: posts big blind $0.02
Negro0643: sits out 
*** HOLE CARDS ***
Dealt to Dorex2007 [7d 3d]
Mattizik: folds 
troyano422: folds 
giocata5: folds 
Dorex2007: folds 
Cnopic666: raises $0.03 to $0.05
artvix: calls $0.03
*** FLOP *** [Ac Qh 7c]
Cnopic666: checks 
artvix: bets $0.06
Cnopic666: calls $0.06
*** TURN *** [Ac Qh 7c] [9c]
Cnopic666: checks 
artvix: bets $0.04
Cnopic666: calls $0.04
*** RIVER *** [Ac Qh 7c 9c] [5s]
troyano422 leaves the table
Cnopic666: checks 
artvix: bets $0.05
Cnopic666: calls $0.05
*** SHOW DOWN ***
artvix: shows [Ad 8c] (a pair of Aces)
Cnopic666: shows [Td As] (a pair of Aces - Queen+Ten kicker)
Cnopic666 collected $0.39 from pot
frosa9397 leaves the table
*** SUMMARY ***
Total pot $0.40 | Rake $0.01 
Board [Ac Qh 7c 9c 5s]
Seat 1: Dorex2007 (button) folded before Flop (didn't bet)
Seat 2: Cnopic666 (small blind) showed [Td As] and won ($0.39) with a pair of Aces
Seat 4: artvix (big blind) showed [Ad 8c] and lost with a pair of Aces
Seat 6: Mattizik folded before Flop (didn't bet)
Seat 7: troyano422 folded before Flop (didn't bet)
Seat 9: giocata5 folded before Flop (didn't bet)



PokerStars Hand #227896477048:  Hold'em No Limit ($0.01/$0.02 USD) - 2021/06/27 15:31:41 PT [2021/06/27 18:31:41 ET]
Table 'Fabre III' 9-max Seat #2 is the button
Seat 1: Dorex2007 ($2.24 in chips) 
Seat 2: Cnopic666 ($2.09 in chips) 
Seat 4: artvix ($0.80 in chips) 
Seat 5: Negro0643 ($2 in chips) 
Seat 6: Mattizik ($4.14 in chips) 
Seat 9: giocata5 ($0.80 in chips) 
artvix: posts small blind $0.01
Negro0643: posts big blind $0.02
*** HOLE CARDS ***
Dealt to Dorex2007 [2h 6h]
Mattizik: raises $0.02 to $0.04
giocata5: folds 
Dorex2007: folds 
Cnopic666: folds 
artvix: calls $0.03
Negro0643: folds 
*** FLOP *** [6s 3d Qs]
artvix: bets $0.02
Mattizik: calls $0.02
*** TURN *** [6s 3d Qs] [Kc]
artvix: checks 
Mattizik: bets $0.08
artvix: folds 
Uncalled bet ($0.08) returned to Mattizik
Mattizik collected $0.14 from pot
Mattizik: doesn't show hand 
*** SUMMARY ***
Total pot $0.14 | Rake $0 
Board [6s 3d Qs Kc]
Seat 1: Dorex2007 folded before Flop (didn't bet)
Seat 2: Cnopic666 (button) folded before Flop (didn't bet)
Seat 4: artvix (small blind) folded on the Turn
Seat 5: Negro0643 (big blind) folded before Flop
Seat 6: Mattizik collected ($0.14)
Seat 9: giocata5 folded before Flop (didn't bet)



PokerStars Hand #227896488491:  Hold'em No Limit ($0.01/$0.02 USD) - 2021/06/27 15:32:11 PT [2021/06/27 18:32:11 ET]
Table 'Fabre III' 9-max Seat #4 is the button
Seat 1: Dorex2007 ($2.24 in chips) 
Seat 2: Cnopic666 ($2.09 in chips) 
Seat 4: artvix ($0.74 in chips) 
Seat 5: Negro0643 ($1.98 in chips) 
Seat 6: Mattizik ($4.22 in chips) 
Seat 9: giocata5 ($0.80 in chips) 
Negro0643: posts small blind $0.01
Mattizik: posts big blind $0.02
*** HOLE CARDS ***
Dealt to Dorex2007 [As 4h]
giocata5: folds 
Dorex2007: folds 
Cnopic666: folds 
artvix: calls $0.02
Negro0643: folds 
Mattizik: checks 
*** FLOP *** [4c Ah 2h]
Mattizik: checks 
Bobby Bean joins the table at seat #7 
artvix: checks 
*** TURN *** [4c Ah 2h] [8s]
Mattizik: checks 
artvix: bets $0.02
Mattizik: folds 
Uncalled bet ($0.02) returned to artvix
artvix collected $0.05 from pot
artvix: doesn't show hand 
*** SUMMARY ***
Total pot $0.05 | Rake $0 
Board [4c Ah 2h 8s]
Seat 1: Dorex2007 folded before Flop (didn't bet)
Seat 2: Cnopic666 folded before Flop (didn't bet)
Seat 4: artvix (button) collected ($0.05)
Seat 5: Negro0643 (small blind) folded before Flop
Seat 6: Mattizik (big blind) folded on the Turn
Seat 9: giocata5 folded before Flop (didn't bet)



PokerStars Hand #227896501241:  Hold'em No Limit ($0.01/$0.02 USD) - 2021/06/27 15:32:45 PT [2021/06/27 18:32:45 ET]
Table 'Fabre III' 9-max Seat #5 is the button
Seat 1: Dorex2007 ($2.24 in chips) 
Seat 2: Cnopic666 ($2.09 in chips) 
Seat 4: artvix ($0.77 in chips) 
Seat 5: Negro0643 ($1.97 in chips) 
Seat 6: Mattizik ($4.20 in chips) 
Seat 7: Bobby Bean ($2 in chips) 
Seat 9: giocata5 ($0.80 in chips) 
Mattizik: posts small blind $0.01
Bobby Bean: posts big blind $0.02
*** HOLE CARDS ***
Dealt to Dorex2007 [8c 2s]
giocata5: folds 
Dorex2007: folds 
Cnopic666: folds 
artvix: folds 
Negro0643: folds 
Mattizik: calls $0.01
Bobby Bean: checks 
*** FLOP *** [Th Kc Jh]
Mattizik: bets $0.02
Bobby Bean: folds 
Uncalled bet ($0.02) returned to Mattizik
Mattizik collected $0.04 from pot
Mattizik: doesn't show hand 
*** SUMMARY ***
Total pot $0.04 | Rake $0 
Board [Th Kc Jh]
Seat 1: Dorex2007 folded before Flop (didn't bet)
Seat 2: Cnopic666 folded before Flop (didn't bet)
Seat 4: artvix folded before Flop (didn't bet)
Seat 5: Negro0643 (button) folded before Flop (didn't bet)
Seat 6: Mattizik (small blind) collected ($0.04)
Seat 7: Bobby Bean (big blind) folded on the Flop
Seat 9: giocata5 folded before Flop (didn't bet)



PokerStars Hand #227896510349:  Hold'em No Limit ($0.01/$0.02 USD) - 2021/06/27 15:33:09 PT [2021/06/27 18:33:09 ET]
Table 'Fabre III' 9-max Seat #6 is the button
Seat 1: Dorex2007 ($2.24 in chips) 
Seat 2: Cnopic666 ($2.09 in chips) 
Seat 4: artvix ($0.77 in chips) 
Seat 5: Negro0643 ($1.97 in chips) 
Seat 6: Mattizik ($4.22 in chips) 
Seat 7: Bobby Bean ($2 in chips) 
Bobby Bean: posts small blind $0.01
giocata5: is sitting out 
Dorex2007: posts big blind $0.02
*** HOLE CARDS ***
Dealt to Dorex2007 [4s Ad]
Cnopic666: raises $0.03 to $0.05
artvix: folds 
Negro0643: folds 
tatytaty16 joins the table at seat #3 
Mattizik: folds 
Bobby Bean: folds 
Dorex2007: calls $0.03
*** FLOP *** [9d 3h Jh]
Dorex2007: checks 
Cnopic666: bets $0.05
Dorex2007: calls $0.05
*** TURN *** [9d 3h Jh] [9c]
Dorex2007: bets $0.20
Cnopic666: calls $0.20
*** RIVER *** [9d 3h Jh 9c] [8d]
Dorex2007: bets $0.30
Cnopic666: calls $0.30
*** SHOW DOWN ***
Dorex2007: shows [4s Ad] (a pair of Nines)
Cnopic666: shows [As Jd] (two pair, Jacks and Nines)
Cnopic666 collected $1.17 from pot
motarey leaves the table
*** SUMMARY ***
Total pot $1.21 | Rake $0.04 
Board [9d 3h Jh 9c 8d]
Seat 1: Dorex2007 (big blind) showed [4s Ad] and lost with a pair of Nines
Seat 2: Cnopic666 showed [As Jd] and won ($1.17) with two pair, Jacks and Nines
Seat 4: artvix folded before Flop (didn't bet)
Seat 5: Negro0643 folded before Flop (didn't bet)
Seat 6: Mattizik (button) folded before Flop (didn't bet)
Seat 7: Bobby Bean (small blind) folded before Flop



PokerStars Hand #227896530599:  Hold'em No Limit ($0.01/$0.02 USD) - 2021/06/27 15:34:03 PT [2021/06/27 18:34:03 ET]
Table 'Fabre III' 9-max Seat #7 is the button
Seat 1: Dorex2007 ($2 in chips) 
Seat 2: Cnopic666 ($2.66 in chips) 
Seat 4: artvix ($0.77 in chips) 
Seat 5: Negro0643 ($1.97 in chips) 
Seat 6: Mattizik ($4.22 in chips) 
Seat 7: Bobby Bean ($2 in chips) 
Dorex2007: posts small blind $0.01
Cnopic666: posts big blind $0.02
tatytaty16: sits out 
*** HOLE CARDS ***
Dealt to Dorex2007 [3h As]
artvix: folds 
Negro0643: folds 
Mattizik: folds 
Bobby Bean: folds 
Dorex2007: calls $0.01
Burgarn joins the table at seat #8 
Cnopic666: checks 
*** FLOP *** [6d 4s Qs]
Dorex2007: checks 
Cnopic666: checks 
*** TURN *** [6d 4s Qs] [Js]
Dorex2007: bets $0.10
Cnopic666: folds 
Uncalled bet ($0.10) returned to Dorex2007
Dorex2007 collected $0.04 from pot
Dorex2007: doesn't show hand 
*** SUMMARY ***
Total pot $0.04 | Rake $0 
Board [6d 4s Qs Js]
Seat 1: Dorex2007 (small blind) collected ($0.04)
Seat 2: Cnopic666 (big blind) folded on the Turn
Seat 4: artvix folded before Flop (didn't bet)
Seat 5: Negro0643 folded before Flop (didn't bet)
Seat 6: Mattizik folded before Flop (didn't bet)
Seat 7: Bobby Bean (button) folded before Flop (didn't bet)



PokerStars Hand #227896543525:  Hold'em No Limit ($0.01/$0.02 USD) - 2021/06/27 15:34:38 PT [2021/06/27 18:34:38 ET]
Table 'Fabre III' 9-max Seat #1 is the button
Seat 1: Dorex2007 ($2.02 in chips) 
Seat 2: Cnopic666 ($2.64 in chips) 
Seat 3: tatytaty16 ($1 in chips) 
Seat 4: artvix ($0.77 in chips) 
Seat 5: Negro0643 ($1.97 in chips) 
Seat 6: Mattizik ($4.22 in chips) 
Seat 7: Bobby Bean ($2 in chips) 
Cnopic666: posts small blind $0.01
tatytaty16: posts big blind $0.02
Burgarn: sits out 
*** HOLE CARDS ***
Dealt to Dorex2007 [Ac 2c]
artvix: calls $0.02
Negro0643: folds 
Mattizik: folds 
Bobby Bean: folds 
Dorex2007: calls $0.02
Cnopic666: raises $0.06 to $0.08
tatytaty16: calls $0.06
artvix: calls $0.06
Dorex2007: calls $0.06
*** FLOP *** [4h 6h 8s]
Cnopic666: checks 
tatytaty16: checks 
artvix: checks 
Dorex2007: checks 
*** TURN *** [4h 6h 8s] [3c]
Cnopic666: checks 
tatytaty16: bets $0.16
artvix: calls $0.16
Dorex2007: folds 
Cnopic666: folds 
*** RIVER *** [4h 6h 8s 3c] [4c]
tatytaty16: checks 
artvix: checks 
*** SHOW DOWN ***
tatytaty16: shows [9h Qs] (a pair of Fours)
artvix: shows [Kh 5h] (a pair of Fours - King kicker)
artvix collected $0.62 from pot
*** SUMMARY ***
Total pot $0.64 | Rake $0.02 
Board [4h 6h 8s 3c 4c]
Seat 1: Dorex2007 (button) folded on the Turn
Seat 2: Cnopic666 (small blind) folded on the Turn
Seat 3: tatytaty16 (big blind) showed [9h Qs] and lost with a pair of Fours
Seat 4: artvix showed [Kh 5h] and won ($0.62) with a pair of Fours
Seat 5: Negro0643 folded before Flop (didn't bet)
Seat 6: Mattizik folded before Flop (didn't bet)
Seat 7: Bobby Bean folded before Flop (didn't bet)



PokerStars Hand #227896568105:  Hold'em No Limit ($0.01/$0.02 USD) - 2021/06/27 15:35:44 PT [2021/06/27 18:35:44 ET]
Table 'Fabre III' 9-max Seat #2 is the button
Seat 1: Dorex2007 ($1.94 in chips) 
Seat 2: Cnopic666 ($2.56 in chips) 
Seat 3: tatytaty16 ($0.76 in chips) 
Seat 4: artvix ($1.15 in chips) 
Seat 5: Negro0643 ($1.97 in chips) 
Seat 6: Mattizik ($4.22 in chips) 
Seat 7: Bobby Bean ($2 in chips) 
tatytaty16: posts small blind $0.01
artvix: posts big blind $0.02
Burgarn: sits out 
*** HOLE CARDS ***
Dealt to Dorex2007 [Jd 4c]
Negro0643: folds 
Mattizik: folds 
Bobby Bean: folds 
Dorex2007: folds 
Cnopic666: folds 
tatytaty16: raises $0.02 to $0.04
artvix: calls $0.02
*** FLOP *** [2s 2c Kc]
tatytaty16: bets $0.08
artvix: folds 
Uncalled bet ($0.08) returned to tatytaty16
tatytaty16 collected $0.08 from pot
tatytaty16: doesn't show hand 
*** SUMMARY ***
Total pot $0.08 | Rake $0 
Board [2s 2c Kc]
Seat 1: Dorex2007 folded before Flop (didn't bet)
Seat 2: Cnopic666 (button) folded before Flop (didn't bet)
Seat 3: tatytaty16 (small blind) collected ($0.08)
Seat 4: artvix (big blind) folded on the Flop
Seat 5: Negro0643 folded before Flop (didn't bet)
Seat 6: Mattizik folded before Flop (didn't bet)
Seat 7: Bobby Bean folded before Flop (didn't bet)



PokerStars Hand #227896577788:  Hold'em No Limit ($0.01/$0.02 USD) - 2021/06/27 15:36:10 PT [2021/06/27 18:36:10 ET]
Table 'Fabre III' 9-max Seat #3 is the button
Seat 1: Dorex2007 ($1.94 in chips) 
Seat 2: Cnopic666 ($2.56 in chips) 
Seat 3: tatytaty16 ($0.80 in chips) 
Seat 4: artvix ($1.11 in chips) 
Seat 5: Negro0643 ($1.97 in chips) 
Seat 6: Mattizik ($4.22 in chips) 
Seat 7: Bobby Bean ($2 in chips) 
artvix: posts small blind $0.01
Negro0643: posts big blind $0.02
Burgarn: sits out 
*** HOLE CARDS ***
Dealt to Dorex2007 [5d 2c]
Mattizik: folds 
Bobby Bean: folds 
Dorex2007: folds 
Cnopic666: folds 
tatytaty16: folds 
artvix: calls $0.01
Negro0643: checks 
*** FLOP *** [Jd Th Tc]
artvix: bets $0.09
Negro0643: folds 
Uncalled bet ($0.09) returned to artvix
artvix collected $0.04 from pot
artvix: doesn't show hand 
*** SUMMARY ***
Total pot $0.04 | Rake $0 
Board [Jd Th Tc]
Seat 1: Dorex2007 folded before Flop (didn't bet)
Seat 2: Cnopic666 folded before Flop (didn't bet)
Seat 3: tatytaty16 (button) folded before Flop (didn't bet)
Seat 4: artvix (small blind) collected ($0.04)
Seat 5: Negro0643 (big blind) folded on the Flop
Seat 6: Mattizik folded before Flop (didn't bet)
Seat 7: Bobby Bean folded before Flop (didn't bet)



PokerStars Hand #227896588745:  Hold'em No Limit ($0.01/$0.02 USD) - 2021/06/27 15:36:40 PT [2021/06/27 18:36:40 ET]
Table 'Fabre III' 9-max Seat #4 is the button
Seat 1: Dorex2007 ($1.94 in chips) 
Seat 2: Cnopic666 ($2.56 in chips) 
Seat 3: tatytaty16 ($0.80 in chips) 
Seat 4: artvix ($1.13 in chips) 
Seat 5: Negro0643 ($1.95 in chips) 
Seat 6: Mattizik ($4.22 in chips) 
Seat 7: Bobby Bean ($2 in chips) 
Negro0643: posts small blind $0.01
Mattizik: posts big blind $0.02
Burgarn: sits out 
*** HOLE CARDS ***
Dealt to Dorex2007 [8c Kd]
Bobby Bean: folds 
Dorex2007: folds 
Cnopic666: raises $0.03 to $0.05
tatytaty16: folds 
artvix: folds 
Negro0643: folds 
Mattizik: calls $0.03
*** FLOP *** [5h 9s 8h]
Mattizik: bets $0.04
Cnopic666: folds 
Uncalled bet ($0.04) returned to Mattizik
Mattizik collected $0.11 from pot
Mattizik: doesn't show hand 
*** SUMMARY ***
Total pot $0.11 | Rake $0 
Board [5h 9s 8h]
Seat 1: Dorex2007 folded before Flop (didn't bet)
Seat 2: Cnopic666 folded on the Flop
Seat 3: tatytaty16 folded before Flop (didn't bet)
Seat 4: artvix (button) folded before Flop (didn't bet)
Seat 5: Negro0643 (small blind) folded before Flop
Seat 6: Mattizik (big blind) collected ($0.11)
Seat 7: Bobby Bean folded before Flop (didn't bet)



PokerStars Hand #227896601728:  Hold'em No Limit ($0.01/$0.02 USD) - 2021/06/27 15:37:16 PT [2021/06/27 18:37:16 ET]
Table 'Fabre III' 9-max Seat #5 is the button
Seat 1: Dorex2007 ($1.94 in chips) 
Seat 2: Cnopic666 ($2.51 in chips) 
Seat 3: tatytaty16 ($0.80 in chips) 
Seat 4: artvix ($1.13 in chips) 
Seat 5: Negro0643 ($1.94 in chips) 
Seat 6: Mattizik ($4.28 in chips) 
Seat 7: Bobby Bean ($2 in chips) 
Mattizik: posts small blind $0.01
Bobby Bean: posts big blind $0.02
Burgarn: sits out 
*** HOLE CARDS ***
Dealt to Dorex2007 [Jc 4h]
Dorex2007: folds 
Cnopic666: raises $0.03 to $0.05
tatytaty16: calls $0.05
artvix: calls $0.05
Negro0643: folds 
Mattizik: calls $0.04
Bobby Bean: folds 
*** FLOP *** [2d 6s 5h]
Mattizik: checks 
Cnopic666: checks 
tatytaty16: checks 
artvix: bets $0.08
Mattizik: folds 
Cnopic666: folds 
tatytaty16: folds 
Uncalled bet ($0.08) returned to artvix
artvix collected $0.21 from pot
artvix: doesn't show hand 
*** SUMMARY ***
Total pot $0.22 | Rake $0.01 
Board [2d 6s 5h]
Seat 1: Dorex2007 folded before Flop (didn't bet)
Seat 2: Cnopic666 folded on the Flop
Seat 3: tatytaty16 folded on the Flop
Seat 4: artvix collected ($0.21)
Seat 5: Negro0643 (button) folded before Flop (didn't bet)
Seat 6: Mattizik (small blind) folded on the Flop
Seat 7: Bobby Bean (big blind) folded before Flop



PokerStars Hand #227896619970:  Hold'em No Limit ($0.01/$0.02 USD) - 2021/06/27 15:38:05 PT [2021/06/27 18:38:05 ET]
Table 'Fabre III' 9-max Seat #7 is the button
Seat 1: Dorex2007 ($1.94 in chips) 
Seat 2: Cnopic666 ($2.46 in chips) 
Seat 3: tatytaty16 ($0.75 in chips) 
Seat 4: artvix ($1.29 in chips) 
Seat 5: Negro0643 ($1.94 in chips) 
Seat 7: Bobby Bean ($2 in chips) 
Dorex2007: posts small blind $0.01
Cnopic666: posts big blind $0.02
*** HOLE CARDS ***
Dealt to Dorex2007 [Ad 2d]
Mattizik leaves the table
tatytaty16: raises $0.02 to $0.04
artvix: calls $0.04
Negro0643: folds 
Bobby Bean: folds 
Dorex2007: folds 
Andr-Tem joins the table at seat #6 
Cnopic666: folds 
*** FLOP *** [5c As 9s]
tatytaty16: bets $0.11
artvix: folds 
Uncalled bet ($0.11) returned to tatytaty16
tatytaty16 collected $0.11 from pot
tatytaty16: doesn't show hand 
*** SUMMARY ***
Total pot $0.11 | Rake $0 
Board [5c As 9s]
Seat 1: Dorex2007 (small blind) folded before Flop
Seat 2: Cnopic666 (big blind) folded before Flop
Seat 3: tatytaty16 collected ($0.11)
Seat 4: artvix folded on the Flop
Seat 5: Negro0643 folded before Flop (didn't bet)
Seat 7: Bobby Bean (button) folded before Flop (didn't bet)



PokerStars Hand #227896633979:  Hold'em No Limit ($0.01/$0.02 USD) - 2021/06/27 15:38:44 PT [2021/06/27 18:38:44 ET]
Table 'Fabre III' 9-max Seat #1 is the button
Seat 1: Dorex2007 ($1.93 in chips) 
Seat 2: Cnopic666 ($2.44 in chips) 
Seat 3: tatytaty16 ($0.82 in chips) 
Seat 4: artvix ($1.25 in chips) 
Seat 5: Negro0643 ($1.94 in chips) 
Seat 7: Bobby Bean ($2 in chips) 
Cnopic666: posts small blind $0.01
tatytaty16: posts big blind $0.02
Andr-Tem: sits out 
Burgarn: sits out 
*** HOLE CARDS ***
Dealt to Dorex2007 [7s Td]
artvix: raises $0.03 to $0.05
Negro0643: folds 
Bobby Bean: folds 
Dorex2007: folds 
Cnopic666: folds 
tatytaty16: folds 
Uncalled bet ($0.03) returned to artvix
artvix collected $0.05 from pot
artvix: doesn't show hand 
*** SUMMARY ***
Total pot $0.05 | Rake $0 
Seat 1: Dorex2007 (button) folded before Flop (didn't bet)
Seat 2: Cnopic666 (small blind) folded before Flop
Seat 3: tatytaty16 (big blind) folded before Flop
Seat 4: artvix collected ($0.05)
Seat 5: Negro0643 folded before Flop (didn't bet)
Seat 7: Bobby Bean folded before Flop (didn't bet)



PokerStars Hand #227896644625:  Hold'em No Limit ($0.01/$0.02 USD) - 2021/06/27 15:39:14 PT [2021/06/27 18:39:14 ET]
Table 'Fabre III' 9-max Seat #2 is the button
Seat 1: Dorex2007 ($1.93 in chips) 
Seat 2: Cnopic666 ($2.43 in chips) 
Seat 3: tatytaty16 ($0.80 in chips) 
Seat 4: artvix ($1.28 in chips) 
Seat 5: Negro0643 ($1.94 in chips) 
Seat 7: Bobby Bean ($2 in chips) 
tatytaty16: posts small blind $0.01
artvix: posts big blind $0.02
Andr-Tem: sits out 
Burgarn: sits out 
*** HOLE CARDS ***
Dealt to Dorex2007 [Th 9d]
Negro0643: folds 
Bobby Bean: folds 
Dorex2007: folds 
Cnopic666: raises $0.03 to $0.05
tatytaty16: calls $0.04
artvix: calls $0.03
*** FLOP *** [4c 3s 6d]
tatytaty16: bets $0.14
artvix: calls $0.14
Cnopic666: folds 
*** TURN *** [4c 3s 6d] [Jd]
tatytaty16: bets $0.41
artvix: raises $0.41 to $0.82
tatytaty16: calls $0.20 and is all-in
Uncalled bet ($0.21) returned to artvix
*** RIVER *** [4c 3s 6d Jd] [7s]
*** SHOW DOWN ***
tatytaty16: shows [Ah 4h] (a pair of Fours)
artvix: shows [Jh As] (a pair of Jacks)
artvix collected $1.59 from pot
tatytaty16 cashed out the hand for $0.08
*** SUMMARY ***
Total pot $1.65 | Rake $0.06 
Board [4c 3s 6d Jd 7s]
Seat 1: Dorex2007 folded before Flop (didn't bet)
Seat 2: Cnopic666 (button) folded on the Flop
Seat 3: tatytaty16 (small blind) showed [Ah 4h] and lost with a pair of Fours (cashed out).
Seat 4: artvix (big blind) showed [Jh As] and won ($1.59) with a pair of Jacks
Seat 5: Negro0643 folded before Flop (didn't bet)
Seat 7: Bobby Bean folded before Flop (didn't bet)



PokerStars Hand #227896675881:  Hold'em No Limit ($0.01/$0.02 USD) - 2021/06/27 15:39:58 PT [2021/06/27 18:39:58 ET]
Table 'Fabre III' 9-max Seat #3 is the button
Seat 1: Dorex2007 ($1.93 in chips) 
Seat 2: Cnopic666 ($2.38 in chips) 
Seat 3: tatytaty16 ($0.08 in chips) 
Seat 4: artvix ($2.07 in chips) 
Seat 5: Negro0643 ($1.94 in chips) 
Seat 7: Bobby Bean ($2 in chips) 
artvix: posts small blind $0.01
Negro0643: posts big blind $0.02
Andr-Tem: sits out 
Burgarn: sits out 
*** HOLE CARDS ***
Dealt to Dorex2007 [4s Kh]
Bobby Bean: folds 
Dorex2007: folds 
Cnopic666: folds 
tatytaty16: calls $0.02
artvix: calls $0.01
Negro0643: checks 
*** FLOP *** [3h 9d Qs]
artvix: checks 
Negro0643: checks 
tatytaty16: checks 
*** TURN *** [3h 9d Qs] [Qh]
artvix: checks 
Negro0643: checks 
tatytaty16: checks 
*** RIVER *** [3h 9d Qs Qh] [Tc]
artvix: checks 
Negro0643: checks 
tatytaty16: checks 
*** SHOW DOWN ***
artvix: shows [5c 6d] (a pair of Queens)
Negro0643: mucks hand 
tatytaty16: shows [6c 5s] (a pair of Queens)
artvix collected $0.03 from pot
tatytaty16 collected $0.03 from pot
*** SUMMARY ***
Total pot $0.06 | Rake $0 
Board [3h 9d Qs Qh Tc]
Seat 1: Dorex2007 folded before Flop (didn't bet)
Seat 2: Cnopic666 folded before Flop (didn't bet)
Seat 3: tatytaty16 (button) showed [6c 5s] and won ($0.03) with a pair of Queens
Seat 4: artvix (small blind) showed [5c 6d] and won ($0.03) with a pair of Queens
Seat 5: Negro0643 (big blind) mucked [2h 4h]
Seat 7: Bobby Bean folded before Flop (didn't bet)



PokerStars Hand #227896693594:  Hold'em No Limit ($0.01/$0.02 USD) - 2021/06/27 15:40:46 PT [2021/06/27 18:40:46 ET]
Table 'Fabre III' 9-max Seat #4 is the button
Seat 1: Dorex2007 ($1.93 in chips) 
Seat 2: Cnopic666 ($2.38 in chips) 
Seat 3: tatytaty16 ($0.09 in chips) 
Seat 4: artvix ($2.08 in chips) 
Seat 5: Negro0643 ($1.92 in chips) 
Seat 6: Andr-Tem ($0.95 in chips) 
Seat 7: Bobby Bean ($2 in chips) 
Negro0643: posts small blind $0.01
Andr-Tem: posts big blind $0.02
Burgarn: sits out 
giocata5: sits out 
*** HOLE CARDS ***
Dealt to Dorex2007 [Td As]
Bobby Bean: folds 
Dorex2007: raises $0.04 to $0.06
Cnopic666: folds 
tatytaty16: raises $0.03 to $0.09 and is all-in
artvix: folds 
Negro0643: folds 
Andr-Tem: folds 
Dorex2007: calls $0.03
*** FLOP *** [4s Ac Ts]
*** TURN *** [4s Ac Ts] [Jd]
*** RIVER *** [4s Ac Ts Jd] [4d]
*** SHOW DOWN ***
Dorex2007: shows [Td As] (two pair, Aces and Tens)
tatytaty16: shows [Ah 2s] (two pair, Aces and Fours)
Dorex2007 collected $0.20 from pot
*** SUMMARY ***
Total pot $0.21 | Rake $0.01 
Board [4s Ac Ts Jd 4d]
Seat 1: Dorex2007 showed [Td As] and won ($0.20) with two pair, Aces and Tens
Seat 2: Cnopic666 folded before Flop (didn't bet)
Seat 3: tatytaty16 showed [Ah 2s] and lost with two pair, Aces and Fours
Seat 4: artvix (button) folded before Flop (didn't bet)
Seat 5: Negro0643 (small blind) folded before Flop
Seat 6: Andr-Tem (big blind) folded before Flop
Seat 7: Bobby Bean folded before Flop (didn't bet)



PokerStars Hand #227896707404:  Hold'em No Limit ($0.01/$0.02 USD) - 2021/06/27 15:41:24 PT [2021/06/27 18:41:24 ET]
Table 'Fabre III' 9-max Seat #5 is the button
Seat 1: Dorex2007 ($2.04 in chips) 
Seat 2: Cnopic666 ($2.38 in chips) 
Seat 4: artvix ($2.08 in chips) 
Seat 5: Negro0643 ($1.91 in chips) 
Seat 6: Andr-Tem ($0.93 in chips) 
Seat 7: Bobby Bean ($2 in chips) 
Andr-Tem: posts small blind $0.01
Bobby Bean: posts big blind $0.02
Burgarn: sits out 
giocata5: sits out 
*** HOLE CARDS ***
Dealt to Dorex2007 [Qh Ad]
tatytaty16 leaves the table
Dorex2007: raises $0.04 to $0.06
Cnopic666: folds 
artvix: folds 
Negro0643: folds 
Andr-Tem: folds 
Bobby Bean: folds 
Uncalled bet ($0.04) returned to Dorex2007
Dorex2007 collected $0.05 from pot
Dorex2007: doesn't show hand 
*** SUMMARY ***
Total pot $0.05 | Rake $0 
Seat 1: Dorex2007 collected ($0.05)
Seat 2: Cnopic666 folded before Flop (didn't bet)
Seat 4: artvix folded before Flop (didn't bet)
Seat 5: Negro0643 (button) folded before Flop (didn't bet)
Seat 6: Andr-Tem (small blind) folded before Flop
Seat 7: Bobby Bean (big blind) folded before Flop



PokerStars Hand #227896715356:  Hold'em No Limit ($0.01/$0.02 USD) - 2021/06/27 15:41:47 PT [2021/06/27 18:41:47 ET]
Table 'Fabre III' 9-max Seat #6 is the button
Seat 1: Dorex2007 ($2.07 in chips) 
Seat 2: Cnopic666 ($2.38 in chips) 
Seat 4: artvix ($2.08 in chips) 
Seat 5: Negro0643 ($1.91 in chips) 
Seat 6: Andr-Tem ($0.92 in chips) 
Seat 7: Bobby Bean ($2 in chips) 
Seat 8: Burgarn ($2 in chips) 
Bobby Bean: posts small blind $0.01
Burgarn: posts big blind $0.02
giocata5: sits out 
*** HOLE CARDS ***
Dealt to Dorex2007 [8d 6s]
Dorex2007: folds 
Cnopic666: raises $0.03 to $0.05
artvix: folds 
Negro0643: folds 
Andr-Tem: folds 
Bobby Bean: folds 
Burgarn: calls $0.03
*** FLOP *** [Ts 6h 8h]
Burgarn: checks 
Cnopic666: bets $0.05
Burgarn: folds 
Uncalled bet ($0.05) returned to Cnopic666
Cnopic666 collected $0.11 from pot
Cnopic666: doesn't show hand 
*** SUMMARY ***
Total pot $0.11 | Rake $0 
Board [Ts 6h 8h]
Seat 1: Dorex2007 folded before Flop (didn't bet)
Seat 2: Cnopic666 collected ($0.11)
Seat 4: artvix folded before Flop (didn't bet)
Seat 5: Negro0643 folded before Flop (didn't bet)
Seat 6: Andr-Tem (button) folded before Flop (didn't bet)
Seat 7: Bobby Bean (small blind) folded before Flop
Seat 8: Burgarn (big blind) folded on the Flop



PokerStars Hand #227896727446:  Hold'em No Limit ($0.01/$0.02 USD) - 2021/06/27 15:42:20 PT [2021/06/27 18:42:20 ET]
Table 'Fabre III' 9-max Seat #7 is the button
Seat 1: Dorex2007 ($2.07 in chips) 
Seat 2: Cnopic666 ($2.44 in chips) 
Seat 4: artvix ($2.08 in chips) 
Seat 5: Negro0643 ($1.91 in chips) 
Seat 6: Andr-Tem ($0.92 in chips) 
Seat 7: Bobby Bean ($2 in chips) 
Seat 8: Burgarn ($1.95 in chips) 
Seat 9: giocata5 ($0.80 in chips) 
Burgarn: posts small blind $0.01
giocata5: posts big blind $0.02
*** HOLE CARDS ***
Dealt to Dorex2007 [8c 3h]
Dorex2007: folds 
Cnopic666: folds 
artvix: folds 
Negro0643: folds 
Andr-Tem: folds 
Bobby Bean: folds 
Burgarn: calls $0.01
giocata5: checks 
*** FLOP *** [Jc Qd Qh]
Burgarn: bets $0.02
giocata5: folds 
Uncalled bet ($0.02) returned to Burgarn
Burgarn collected $0.04 from pot
Burgarn: doesn't show hand 
*** SUMMARY ***
Total pot $0.04 | Rake $0 
Board [Jc Qd Qh]
Seat 1: Dorex2007 folded before Flop (didn't bet)
Seat 2: Cnopic666 folded before Flop (didn't bet)
Seat 4: artvix folded before Flop (didn't bet)
Seat 5: Negro0643 folded before Flop (didn't bet)
Seat 6: Andr-Tem folded before Flop (didn't bet)
Seat 7: Bobby Bean (button) folded before Flop (didn't bet)
Seat 8: Burgarn (small blind) collected ($0.04)
Seat 9: giocata5 (big blind) folded on the Flop



PokerStars Hand #227896738376:  Hold'em No Limit ($0.01/$0.02 USD) - 2021/06/27 15:42:51 PT [2021/06/27 18:42:51 ET]
Table 'Fabre III' 9-max Seat #8 is the button
Seat 1: Dorex2007 ($2.07 in chips) 
Seat 2: Cnopic666 ($2.44 in chips) 
Seat 4: artvix ($2.08 in chips) 
Seat 5: Negro0643 ($1.91 in chips) 
Seat 6: Andr-Tem ($0.92 in chips) 
Seat 7: Bobby Bean ($2 in chips) 
Seat 8: Burgarn ($1.97 in chips) 
Seat 9: giocata5 ($0.80 in chips) 
giocata5: posts small blind $0.01
Dorex2007: posts big blind $0.02
*** HOLE CARDS ***
Dealt to Dorex2007 [5c 2d]
Cnopic666: folds 
artvix: calls $0.02
Negro0643: folds 
Andr-Tem: folds 
Bobby Bean: folds 
Burgarn: folds 
giocata5: folds 
Dorex2007: checks 
*** FLOP *** [7h 8s Ah]
Dorex2007: checks 
akpnot93 joins the table at seat #3 
artvix: bets $0.06
Dorex2007: folds 
Uncalled bet ($0.06) returned to artvix
artvix collected $0.05 from pot
artvix: doesn't show hand 
*** SUMMARY ***
Total pot $0.05 | Rake $0 
Board [7h 8s Ah]
Seat 1: Dorex2007 (big blind) folded on the Flop
Seat 2: Cnopic666 folded before Flop (didn't bet)
Seat 4: artvix collected ($0.05)
Seat 5: Negro0643 folded before Flop (didn't bet)
Seat 6: Andr-Tem folded before Flop (didn't bet)
Seat 7: Bobby Bean folded before Flop (didn't bet)
Seat 8: Burgarn (button) folded before Flop (didn't bet)
Seat 9: giocata5 (small blind) folded before Flop



PokerStars Hand #227896755789:  Hold'em No Limit ($0.01/$0.02 USD) - 2021/06/27 15:43:40 PT [2021/06/27 18:43:40 ET]
Table 'Fabre III' 9-max Seat #9 is the button
Seat 1: Dorex2007 ($2.05 in chips) 
Seat 2: Cnopic666 ($2.44 in chips) 
Seat 4: artvix ($2.11 in chips) 
Seat 5: Negro0643 ($1.91 in chips) 
Seat 6: Andr-Tem ($0.92 in chips) 
Seat 7: Bobby Bean ($2 in chips) 
Seat 8: Burgarn ($1.97 in chips) 
Seat 9: giocata5 ($0.80 in chips) 
Dorex2007: posts small blind $0.01
Cnopic666: posts big blind $0.02
akpnot93: sits out 
*** HOLE CARDS ***
Dealt to Dorex2007 [Qs 5h]
artvix: folds 
Negro0643: calls $0.02
Andr-Tem: folds 
Bobby Bean: calls $0.02
Burgarn: folds 
giocata5: folds 
Dorex2007: calls $0.01
Cnopic666: checks 
*** FLOP *** [3c 8c 8h]
Dorex2007: checks 
Cnopic666: checks 
Negro0643: bets $0.08
Bobby Bean: folds 
Dorex2007: folds 
Cnopic666: folds 
Uncalled bet ($0.08) returned to Negro0643
Negro0643 collected $0.08 from pot
*** SUMMARY ***
Total pot $0.08 | Rake $0 
Board [3c 8c 8h]
Seat 1: Dorex2007 (small blind) folded on the Flop
Seat 2: Cnopic666 (big blind) folded on the Flop
Seat 4: artvix folded before Flop (didn't bet)
Seat 5: Negro0643 collected ($0.08)
Seat 6: Andr-Tem folded before Flop (didn't bet)
Seat 7: Bobby Bean folded on the Flop
Seat 8: Burgarn folded before Flop (didn't bet)
Seat 9: giocata5 (button) folded before Flop (didn't bet)



PokerStars Hand #227896772757:  Hold'em No Limit ($0.01/$0.02 USD) - 2021/06/27 15:44:28 PT [2021/06/27 18:44:28 ET]
Table 'Fabre III' 9-max Seat #1 is the button
Seat 1: Dorex2007 ($2.03 in chips) 
Seat 2: Cnopic666 ($2.42 in chips) 
Seat 3: akpnot93 ($2 in chips) 
Seat 4: artvix ($2.11 in chips) 
Seat 5: Negro0643 ($1.97 in chips) 
Seat 6: Andr-Tem ($0.92 in chips) 
Seat 7: Bobby Bean ($2 in chips) 
Seat 8: Burgarn ($1.97 in chips) 
Seat 9: giocata5 ($0.80 in chips) 
Cnopic666: posts small blind $0.01
akpnot93: posts big blind $0.02
*** HOLE CARDS ***
Dealt to Dorex2007 [9c 3h]
artvix: folds 
Negro0643: folds 
Andr-Tem: folds 
Bobby Bean: folds 
Burgarn: folds 
giocata5: folds 
Dorex2007: folds 
Cnopic666: raises $0.03 to $0.05
akpnot93: folds 
Uncalled bet ($0.03) returned to Cnopic666
Cnopic666 collected $0.04 from pot
Cnopic666: doesn't show hand 
*** SUMMARY ***
Total pot $0.04 | Rake $0 
Seat 1: Dorex2007 (button) folded before Flop (didn't bet)
Seat 2: Cnopic666 (small blind) collected ($0.04)
Seat 3: akpnot93 (big blind) folded before Flop
Seat 4: artvix folded before Flop (didn't bet)
Seat 5: Negro0643 folded before Flop (didn't bet)
Seat 6: Andr-Tem folded before Flop (didn't bet)
Seat 7: Bobby Bean folded before Flop (didn't bet)
Seat 8: Burgarn folded before Flop (didn't bet)
Seat 9: giocata5 folded before Flop (didn't bet)



PokerStars Hand #227896783755:  Hold'em No Limit ($0.01/$0.02 USD) - 2021/06/27 15:44:59 PT [2021/06/27 18:44:59 ET]
Table 'Fabre III' 9-max Seat #2 is the button
Seat 1: Dorex2007 ($2.03 in chips) 
Seat 2: Cnopic666 ($2.44 in chips) 
Seat 3: akpnot93 ($2 in chips) 
Seat 4: artvix ($2.11 in chips) 
Seat 5: Negro0643 ($1.97 in chips) 
Seat 6: Andr-Tem ($0.92 in chips) 
Seat 7: Bobby Bean ($2 in chips) 
Seat 8: Burgarn ($1.97 in chips) 
Seat 9: giocata5 ($0.80 in chips) 
akpnot93: posts small blind $0.01
artvix: posts big blind $0.02
*** HOLE CARDS ***
Dealt to Dorex2007 [Ks 9c]
Negro0643: calls $0.02
Andr-Tem: folds 
Bobby Bean: folds 
Burgarn: folds 
giocata5: folds 
Dorex2007: folds 
Cnopic666: folds 
akpnot93: calls $0.01
artvix: checks 
*** FLOP *** [Qc 7s Td]
akpnot93: checks 
artvix: checks 
Negro0643: checks 
*** TURN *** [Qc 7s Td] [2s]
akpnot93: checks 
artvix: bets $0.04
Negro0643: folds 
akpnot93: folds 
Uncalled bet ($0.04) returned to artvix
artvix collected $0.06 from pot
artvix: doesn't show hand 
*** SUMMARY ***
Total pot $0.06 | Rake $0 
Board [Qc 7s Td 2s]
Seat 1: Dorex2007 folded before Flop (didn't bet)
Seat 2: Cnopic666 (button) folded before Flop (didn't bet)
Seat 3: akpnot93 (small blind) folded on the Turn
Seat 4: artvix (big blind) collected ($0.06)
Seat 5: Negro0643 folded on the Turn
Seat 6: Andr-Tem folded before Flop (didn't bet)
Seat 7: Bobby Bean folded before Flop (didn't bet)
Seat 8: Burgarn folded before Flop (didn't bet)
Seat 9: giocata5 folded before Flop (didn't bet)



PokerStars Hand #227896800513:  Hold'em No Limit ($0.01/$0.02 USD) - 2021/06/27 15:45:46 PT [2021/06/27 18:45:46 ET]
Table 'Fabre III' 9-max Seat #3 is the button
Seat 1: Dorex2007 ($2.03 in chips) 
Seat 2: Cnopic666 ($2.44 in chips) 
Seat 3: akpnot93 ($2 in chips) 
Seat 4: artvix ($2.15 in chips) 
Seat 5: Negro0643 ($1.95 in chips) 
Seat 6: Andr-Tem ($0.92 in chips) 
Seat 7: Bobby Bean ($2 in chips) 
Seat 8: Burgarn ($1.97 in chips) 
Seat 9: giocata5 ($0.80 in chips) 
artvix: posts small blind $0.01
Negro0643: posts big blind $0.02
*** HOLE CARDS ***
Dealt to Dorex2007 [7s 9s]
Andr-Tem: folds 
Bobby Bean: folds 
Burgarn: folds 
giocata5: folds 
Dorex2007: folds 
Cnopic666: raises $0.03 to $0.05
akpnot93: folds 
artvix: calls $0.04
Negro0643: folds 
*** FLOP *** [Jc 3d Ac]
artvix: checks 
Cnopic666: checks 
*** TURN *** [Jc 3d Ac] [8s]
artvix: checks 
Cnopic666: checks 
*** RIVER *** [Jc 3d Ac 8s] [Qs]
artvix: bets $0.05
Cnopic666: raises $0.11 to $0.16
artvix: folds 
Uncalled bet ($0.11) returned to Cnopic666
Cnopic666 collected $0.21 from pot
Cnopic666: doesn't show hand 
*** SUMMARY ***
Total pot $0.22 | Rake $0.01 
Board [Jc 3d Ac 8s Qs]
Seat 1: Dorex2007 folded before Flop (didn't bet)
Seat 2: Cnopic666 collected ($0.21)
Seat 3: akpnot93 (button) folded before Flop (didn't bet)
Seat 4: artvix (small blind) folded on the River
Seat 5: Negro0643 (big blind) folded before Flop
Seat 6: Andr-Tem folded before Flop (didn't bet)
Seat 7: Bobby Bean folded before Flop (didn't bet)
Seat 8: Burgarn folded before Flop (didn't bet)
Seat 9: giocata5 folded before Flop (didn't bet)



PokerStars Hand #227896827470:  Hold'em No Limit ($0.01/$0.02 USD) - 2021/06/27 15:47:03 PT [2021/06/27 18:47:03 ET]
Table 'Fabre III' 9-max Seat #4 is the button
Seat 1: Dorex2007 ($2.03 in chips) 
Seat 2: Cnopic666 ($2.55 in chips) 
Seat 3: akpnot93 ($2 in chips) 
Seat 4: artvix ($2.05 in chips) 
Seat 5: Negro0643 ($1.93 in chips) 
Seat 6: Andr-Tem ($0.92 in chips) 
Seat 7: Bobby Bean ($2 in chips) 
Seat 8: Burgarn ($1.97 in chips) 
Seat 9: giocata5 ($0.80 in chips) 
Negro0643: posts small blind $0.01
Andr-Tem: posts big blind $0.02
*** HOLE CARDS ***
Dealt to Dorex2007 [Qd Qs]
Bobby Bean: folds 
Burgarn: folds 
giocata5: folds 
Dorex2007: raises $0.04 to $0.06
Cnopic666: folds 
akpnot93: folds 
artvix: calls $0.06
Negro0643: folds 
Andr-Tem: folds 
*** FLOP *** [8s 5s 4h]
Dorex2007: bets $0.14
artvix: calls $0.14
*** TURN *** [8s 5s 4h] [Jh]
Dorex2007: bets $0.41
artvix: calls $0.41
*** RIVER *** [8s 5s 4h Jh] [As]
Dorex2007: checks 
artvix: bets $0.04
Dorex2007: calls $0.04
*** SHOW DOWN ***
artvix: shows [9h Ah] (a pair of Aces)
Dorex2007: mucks hand 
artvix collected $1.28 from pot
*** SUMMARY ***
Total pot $1.33 | Rake $0.05 
Board [8s 5s 4h Jh As]
Seat 1: Dorex2007 mucked [Qd Qs]
Seat 2: Cnopic666 folded before Flop (didn't bet)
Seat 3: akpnot93 folded before Flop (didn't bet)
Seat 4: artvix (button) showed [9h Ah] and won ($1.28) with a pair of Aces
Seat 5: Negro0643 (small blind) folded before Flop
Seat 6: Andr-Tem (big blind) folded before Flop
Seat 7: Bobby Bean folded before Flop (didn't bet)
Seat 8: Burgarn folded before Flop (didn't bet)
Seat 9: giocata5 folded before Flop (didn't bet)



PokerStars Hand #227896848656:  Hold'em No Limit ($0.01/$0.02 USD) - 2021/06/27 15:48:04 PT [2021/06/27 18:48:04 ET]
Table 'Fabre III' 9-max Seat #5 is the button
Seat 1: Dorex2007 ($2 in chips) 
Seat 2: Cnopic666 ($2.55 in chips) 
Seat 3: akpnot93 ($2 in chips) 
Seat 4: artvix ($2.68 in chips) 
Seat 5: Negro0643 ($1.92 in chips) 
Seat 6: Andr-Tem ($0.90 in chips) 
Seat 7: Bobby Bean ($2 in chips) 
Seat 8: Burgarn ($1.97 in chips) 
Seat 9: giocata5 ($0.80 in chips) 
Andr-Tem: posts small blind $0.01
Bobby Bean: posts big blind $0.02
*** HOLE CARDS ***
Dealt to Dorex2007 [6d 9s]
Burgarn: folds 
giocata5: folds 
Dorex2007: folds 
Cnopic666: raises $0.03 to $0.05
akpnot93: calls $0.05
artvix: folds 
Negro0643: folds 
Andr-Tem: folds 
Bobby Bean: folds 
*** FLOP *** [2h 8c Qc]
Cnopic666: bets $0.05
akpnot93: calls $0.05
*** TURN *** [2h 8c Qc] [Jc]
Cnopic666: checks 
akpnot93: bets $0.14
Cnopic666: folds 
Uncalled bet ($0.14) returned to akpnot93
akpnot93 collected $0.22 from pot
akpnot93: doesn't show hand 
*** SUMMARY ***
Total pot $0.23 | Rake $0.01 
Board [2h 8c Qc Jc]
Seat 1: Dorex2007 folded before Flop (didn't bet)
Seat 2: Cnopic666 folded on the Turn
Seat 3: akpnot93 collected ($0.22)
Seat 4: artvix folded before Flop (didn't bet)
Seat 5: Negro0643 (button) folded before Flop (didn't bet)
Seat 6: Andr-Tem (small blind) folded before Flop
Seat 7: Bobby Bean (big blind) folded before Flop
Seat 8: Burgarn folded before Flop (didn't bet)
Seat 9: giocata5 folded before Flop (didn't bet)



PokerStars Hand #227896864532:  Hold'em No Limit ($0.01/$0.02 USD) - 2021/06/27 15:48:49 PT [2021/06/27 18:48:49 ET]
Table 'Fabre III' 9-max Seat #6 is the button
Seat 1: Dorex2007 ($2 in chips) 
Seat 2: Cnopic666 ($2.45 in chips) 
Seat 3: akpnot93 ($2.12 in chips) 
Seat 4: artvix ($2.68 in chips) 
Seat 5: Negro0643 ($1.92 in chips) 
Seat 6: Andr-Tem ($0.89 in chips) 
Seat 7: Bobby Bean ($2 in chips) 
Seat 8: Burgarn ($1.97 in chips) 
Seat 9: giocata5 ($0.80 in chips) 
Bobby Bean: posts small blind $0.01
Burgarn: posts big blind $0.02
*** HOLE CARDS ***
Dealt to Dorex2007 [2h As]
giocata5: folds 
Dorex2007: folds 
Cnopic666: raises $0.03 to $0.05
akpnot93: calls $0.05
artvix: calls $0.05
Negro0643: folds 
Andr-Tem: raises $0.19 to $0.24
Bobby Bean: folds 
Burgarn: folds 
Cnopic666: raises $2.21 to $2.45 and is all-in
akpnot93: folds 
artvix: folds 
Andr-Tem: calls $0.65 and is all-in
Uncalled bet ($1.56) returned to Cnopic666
*** FLOP *** [9c 4s Ad]
*** TURN *** [9c 4s Ad] [Td]
*** RIVER *** [9c 4s Ad Td] [7c]
*** SHOW DOWN ***
Cnopic666: shows [Js Jc] (a pair of Jacks)
Andr-Tem: shows [Kh Ks] (a pair of Kings)
Andr-Tem collected $1.84 from pot
*** SUMMARY ***
Total pot $1.91 | Rake $0.07 
Board [9c 4s Ad Td 7c]
Seat 1: Dorex2007 folded before Flop (didn't bet)
Seat 2: Cnopic666 showed [Js Jc] and lost with a pair of Jacks
Seat 3: akpnot93 folded before Flop
Seat 4: artvix folded before Flop
Seat 5: Negro0643 folded before Flop (didn't bet)
Seat 6: Andr-Tem (button) showed [Kh Ks] and won ($1.84) with a pair of Kings
Seat 7: Bobby Bean (small blind) folded before Flop
Seat 8: Burgarn (big blind) folded before Flop
Seat 9: giocata5 folded before Flop (didn't bet)



PokerStars Hand #227896882119:  Hold'em No Limit ($0.01/$0.02 USD) - 2021/06/27 15:49:40 PT [2021/06/27 18:49:40 ET]
Table 'Fabre III' 9-max Seat #7 is the button
Seat 1: Dorex2007 ($2 in chips) 
Seat 2: Cnopic666 ($1.56 in chips) 
Seat 3: akpnot93 ($2.07 in chips) 
Seat 4: artvix ($2.63 in chips) 
Seat 5: Negro0643 ($1.92 in chips) 
Seat 6: Andr-Tem ($1.84 in chips) 
Seat 7: Bobby Bean ($2 in chips) 
Seat 8: Burgarn ($1.95 in chips) 
Seat 9: giocata5 ($0.80 in chips) 
Burgarn: posts small blind $0.01
giocata5: posts big blind $0.02
*** HOLE CARDS ***
Dealt to Dorex2007 [Qc Js]
Dorex2007: folds 
Cnopic666: folds 
akpnot93: raises $0.04 to $0.06
artvix: folds 
Negro0643: calls $0.06
Andr-Tem: folds 
Bobby Bean: folds 
Burgarn: folds 
giocata5: folds 
*** FLOP *** [3c Ac Ts]
akpnot93: checks 
Negro0643: checks 
*** TURN *** [3c Ac Ts] [4h]
akpnot93: bets $0.07
Negro0643: folds 
Uncalled bet ($0.07) returned to akpnot93
akpnot93 collected $0.14 from pot
akpnot93: doesn't show hand 
*** SUMMARY ***
Total pot $0.15 | Rake $0.01 
Board [3c Ac Ts 4h]
Seat 1: Dorex2007 folded before Flop (didn't bet)
Seat 2: Cnopic666 folded before Flop (didn't bet)
Seat 3: akpnot93 collected ($0.14)
Seat 4: artvix folded before Flop (didn't bet)
Seat 5: Negro0643 folded on the Turn
Seat 6: Andr-Tem folded before Flop (didn't bet)
Seat 7: Bobby Bean (button) folded before Flop (didn't bet)
Seat 8: Burgarn (small blind) folded before Flop
Seat 9: giocata5 (big blind) folded before Flop



PokerStars Hand #227896895019:  Hold'em No Limit ($0.01/$0.02 USD) - 2021/06/27 15:50:18 PT [2021/06/27 18:50:18 ET]
Table 'Fabre III' 9-max Seat #8 is the button
Seat 1: Dorex2007 ($2 in chips) 
Seat 2: Cnopic666 ($1.56 in chips) 
Seat 3: akpnot93 ($2.15 in chips) 
Seat 4: artvix ($2.63 in chips) 
Seat 5: Negro0643 ($1.86 in chips) 
Seat 6: Andr-Tem ($1.84 in chips) 
Seat 7: Bobby Bean ($2 in chips) 
Seat 8: Burgarn ($1.94 in chips) 
Seat 9: giocata5 ($0.80 in chips) 
giocata5: posts small blind $0.01
Dorex2007: posts big blind $0.02
*** HOLE CARDS ***
Dealt to Dorex2007 [8d 3d]
Cnopic666: folds 
akpnot93: folds 
artvix: calls $0.02
Negro0643: folds 
Andr-Tem: folds 
Bobby Bean: folds 
Burgarn: calls $0.02
giocata5: folds 
Dorex2007: checks 
*** FLOP *** [4s 9c 9d]
Dorex2007: checks 
artvix: checks 
Burgarn: checks 
*** TURN *** [4s 9c 9d] [Jc]
Dorex2007: checks 
artvix: checks 
Burgarn: checks 
*** RIVER *** [4s 9c 9d Jc] [Th]
Dorex2007: bets $0.12
artvix: folds 
Burgarn: folds 
Uncalled bet ($0.12) returned to Dorex2007
Dorex2007 collected $0.07 from pot
Dorex2007: doesn't show hand 
*** SUMMARY ***
Total pot $0.07 | Rake $0 
Board [4s 9c 9d Jc Th]
Seat 1: Dorex2007 (big blind) collected ($0.07)
Seat 2: Cnopic666 folded before Flop (didn't bet)
Seat 3: akpnot93 folded before Flop (didn't bet)
Seat 4: artvix folded on the River
Seat 5: Negro0643 folded before Flop (didn't bet)
Seat 6: Andr-Tem folded before Flop (didn't bet)
Seat 7: Bobby Bean folded before Flop (didn't bet)
Seat 8: Burgarn (button) folded on the River
Seat 9: giocata5 (small blind) folded before Flop



PokerStars Hand #227896912178:  Hold'em No Limit ($0.01/$0.02 USD) - 2021/06/27 15:51:08 PT [2021/06/27 18:51:08 ET]
Table 'Fabre III' 9-max Seat #9 is the button
Seat 1: Dorex2007 ($2.05 in chips) 
Seat 2: Cnopic666 ($1.56 in chips) 
Seat 3: akpnot93 ($2.15 in chips) 
Seat 4: artvix ($2.61 in chips) 
Seat 5: Negro0643 ($1.86 in chips) 
Seat 6: Andr-Tem ($1.84 in chips) 
Seat 7: Bobby Bean ($2 in chips) 
Seat 8: Burgarn ($1.92 in chips) 
Seat 9: giocata5 ($0.80 in chips) 
Dorex2007: posts small blind $0.01
Cnopic666: posts big blind $0.02
*** HOLE CARDS ***
Dealt to Dorex2007 [9s 8c]
akpnot93: folds 
artvix: calls $0.02
Negro0643: folds 
Andr-Tem: folds 
Bobby Bean: folds 
Burgarn: raises $0.02 to $0.04
giocata5: calls $0.04
Dorex2007: folds 
Cnopic666: folds 
artvix: calls $0.02
*** FLOP *** [3s 7h 6s]
artvix: bets $0.07
Burgarn: calls $0.07
giocata5: calls $0.07
*** TURN *** [3s 7h 6s] [Qd]
artvix: checks 
Burgarn: bets $0.10
giocata5: calls $0.10
artvix: calls $0.10
*** RIVER *** [3s 7h 6s Qd] [9h]
artvix: checks 
Burgarn: checks 
giocata5: checks 
*** SHOW DOWN ***
artvix: shows [5d 5c] (a pair of Fives)
Burgarn: mucks hand 
giocata5: mucks hand 
artvix collected $0.64 from pot
*** SUMMARY ***
Total pot $0.66 | Rake $0.02 
Board [3s 7h 6s Qd 9h]
Seat 1: Dorex2007 (small blind) folded before Flop
Seat 2: Cnopic666 (big blind) folded before Flop
Seat 3: akpnot93 folded before Flop (didn't bet)
Seat 4: artvix showed [5d 5c] and won ($0.64) with a pair of Fives
Seat 5: Negro0643 folded before Flop (didn't bet)
Seat 6: Andr-Tem folded before Flop (didn't bet)
Seat 7: Bobby Bean folded before Flop (didn't bet)
Seat 8: Burgarn mucked [Kd Jd]
Seat 9: giocata5 (button) mucked [2s As]



PokerStars Hand #227896937585:  Hold'em No Limit ($0.01/$0.02 USD) - 2021/06/27 15:52:23 PT [2021/06/27 18:52:23 ET]
Table 'Fabre III' 9-max Seat #1 is the button
Seat 1: Dorex2007 ($2.04 in chips) 
Seat 2: Cnopic666 ($1.98 in chips) 
Seat 3: akpnot93 ($2.15 in chips) 
Seat 4: artvix ($3.04 in chips) 
Seat 5: Negro0643 ($1.86 in chips) 
Seat 6: Andr-Tem ($1.84 in chips) 
Seat 7: Bobby Bean ($2 in chips) 
Seat 8: Burgarn ($1.71 in chips) 
Seat 9: giocata5 ($0.80 in chips) 
Cnopic666: posts small blind $0.01
akpnot93: posts big blind $0.02
*** HOLE CARDS ***
Dealt to Dorex2007 [7h 9h]
artvix: folds 
Negro0643: calls $0.02
Andr-Tem: folds 
Bobby Bean: folds 
Burgarn: folds 
giocata5: folds 
Dorex2007: calls $0.02
Cnopic666: folds 
akpnot93: checks 
*** FLOP *** [9c Js 8c]
akpnot93: checks 
Negro0643: checks 
Dorex2007: bets $0.07
akpnot93: folds 
Negro0643: calls $0.07
*** TURN *** [9c Js 8c] [5s]
artvix leaves the table
Negro0643: checks 
Dorex2007: checks 
*** RIVER *** [9c Js 8c 5s] [8h]
Negro0643: checks 
Dorex2007: bets $0.20
Negro0643: folds 
Uncalled bet ($0.20) returned to Dorex2007
Dorex2007 collected $0.20 from pot
Dorex2007: doesn't show hand 
*** SUMMARY ***
Total pot $0.21 | Rake $0.01 
Board [9c Js 8c 5s 8h]
Seat 1: Dorex2007 (button) collected ($0.20)
Seat 2: Cnopic666 (small blind) folded before Flop
Seat 3: akpnot93 (big blind) folded on the Flop
Seat 4: artvix folded before Flop (didn't bet)
Seat 5: Negro0643 folded on the River
Seat 6: Andr-Tem folded before Flop (didn't bet)
Seat 7: Bobby Bean folded before Flop (didn't bet)
Seat 8: Burgarn folded before Flop (didn't bet)
Seat 9: giocata5 folded before Flop (didn't bet)



PokerStars Hand #227896955348:  Hold'em No Limit ($0.01/$0.02 USD) - 2021/06/27 15:53:15 PT [2021/06/27 18:53:15 ET]
Table 'Fabre III' 9-max Seat #2 is the button
Seat 1: Dorex2007 ($2.15 in chips) 
Seat 2: Cnopic666 ($1.97 in chips) 
Seat 3: akpnot93 ($2.13 in chips) 
Seat 5: Negro0643 ($1.77 in chips) 
Seat 6: Andr-Tem ($1.84 in chips) 
Seat 7: Bobby Bean ($2 in chips) 
Seat 8: Burgarn ($2 in chips) 
Seat 9: giocata5 ($0.80 in chips) 
akpnot93: posts small blind $0.01
Negro0643: posts big blind $0.02
*** HOLE CARDS ***
Dealt to Dorex2007 [5s 7c]
Andr-Tem: folds 
Bobby Bean: folds 
Frosty196 joins the table at seat #4 
Burgarn: folds 
giocata5: folds 
Dorex2007: folds 
Cnopic666: folds 
akpnot93: raises $0.04 to $0.06
Negro0643: folds 
Uncalled bet ($0.04) returned to akpnot93
akpnot93 collected $0.04 from pot
akpnot93: doesn't show hand 
*** SUMMARY ***
Total pot $0.04 | Rake $0 
Seat 1: Dorex2007 folded before Flop (didn't bet)
Seat 2: Cnopic666 (button) folded before Flop (didn't bet)
Seat 3: akpnot93 (small blind) collected ($0.04)
Seat 5: Negro0643 (big blind) folded before Flop
Seat 6: Andr-Tem folded before Flop (didn't bet)
Seat 7: Bobby Bean folded before Flop (didn't bet)
Seat 8: Burgarn folded before Flop (didn't bet)
Seat 9: giocata5 folded before Flop (didn't bet)



PokerStars Hand #227896966197:  Hold'em No Limit ($0.01/$0.02 USD) - 2021/06/27 15:53:35 PT [2021/06/27 18:53:35 ET]
Table 'Fabre III' 9-max Seat #3 is the button
Seat 1: Dorex2007 ($2.15 in chips) 
Seat 2: Cnopic666 ($1.97 in chips) 
Seat 3: akpnot93 ($2.15 in chips) 
Seat 5: Negro0643 ($1.75 in chips) 
Seat 6: Andr-Tem ($1.84 in chips) 
Seat 7: Bobby Bean ($2 in chips) 
Seat 8: Burgarn ($2 in chips) 
Seat 9: giocata5 ($0.80 in chips) 
Negro0643: posts small blind $0.01
Andr-Tem: posts big blind $0.02
*** HOLE CARDS ***
Dealt to Dorex2007 [8s 9c]
Bobby Bean: folds 
Burgarn: folds 
giocata5: raises $0.04 to $0.06
Dorex2007: folds 
Cnopic666: folds 
akpnot93: folds 
Negro0643: folds 
Andr-Tem: folds 
Uncalled bet ($0.04) returned to giocata5
giocata5 collected $0.05 from pot
giocata5: doesn't show hand 
*** SUMMARY ***
Total pot $0.05 | Rake $0 
Seat 1: Dorex2007 folded before Flop (didn't bet)
Seat 2: Cnopic666 folded before Flop (didn't bet)
Seat 3: akpnot93 (button) folded before Flop (didn't bet)
Seat 5: Negro0643 (small blind) folded before Flop
Seat 6: Andr-Tem (big blind) folded before Flop
Seat 7: Bobby Bean folded before Flop (didn't bet)
Seat 8: Burgarn folded before Flop (didn't bet)
Seat 9: giocata5 collected ($0.05)



PokerStars Hand #227896972292:  Hold'em No Limit ($0.01/$0.02 USD) - 2021/06/27 15:53:53 PT [2021/06/27 18:53:53 ET]
Table 'Fabre III' 9-max Seat #5 is the button
Seat 1: Dorex2007 ($2.15 in chips) 
Seat 2: Cnopic666 ($1.97 in chips) 
Seat 3: akpnot93 ($2.15 in chips) 
Seat 4: Frosty196 ($2 in chips) 
Seat 5: Negro0643 ($1.74 in chips) 
Seat 6: Andr-Tem ($1.82 in chips) 
Seat 7: Bobby Bean ($2 in chips) 
Seat 8: Burgarn ($2 in chips) 
Seat 9: giocata5 ($0.83 in chips) 
Andr-Tem: posts small blind $0.01
Bobby Bean: posts big blind $0.02
Frosty196: posts big blind $0.02
*** HOLE CARDS ***
Dealt to Dorex2007 [Kh 4d]
Burgarn: folds 
giocata5: raises $0.06 to $0.08
Dorex2007: folds 
Cnopic666: folds 
akpnot93: folds 
Frosty196: folds 
Negro0643: raises $1.66 to $1.74 and is all-in
Andr-Tem: folds 
Bobby Bean: folds 
giocata5: folds 
Uncalled bet ($1.66) returned to Negro0643
Negro0643 collected $0.21 from pot
*** SUMMARY ***
Total pot $0.21 | Rake $0 
Seat 1: Dorex2007 folded before Flop (didn't bet)
Seat 2: Cnopic666 folded before Flop (didn't bet)
Seat 3: akpnot93 folded before Flop (didn't bet)
Seat 4: Frosty196 folded before Flop (didn't bet)
Seat 5: Negro0643 (button) collected ($0.21)
Seat 6: Andr-Tem (small blind) folded before Flop
Seat 7: Bobby Bean (big blind) folded before Flop
Seat 8: Burgarn folded before Flop (didn't bet)
Seat 9: giocata5 folded before Flop



PokerStars Hand #227896986674:  Hold'em No Limit ($0.01/$0.02 USD) - 2021/06/27 15:54:36 PT [2021/06/27 18:54:36 ET]
Table 'Fabre III' 9-max Seat #6 is the button
Seat 1: Dorex2007 ($2.15 in chips) 
Seat 2: Cnopic666 ($1.97 in chips) 
Seat 3: akpnot93 ($2.15 in chips) 
Seat 4: Frosty196 ($1.98 in chips) 
Seat 5: Negro0643 ($1.87 in chips) 
Seat 6: Andr-Tem ($1.81 in chips) 
Seat 7: Bobby Bean ($2 in chips) 
Seat 8: Burgarn ($2 in chips) 
Seat 9: giocata5 ($0.80 in chips) 
Bobby Bean: posts small blind $0.01
Burgarn: posts big blind $0.02
*** HOLE CARDS ***
Dealt to Dorex2007 [9s 6d]
giocata5: raises $0.04 to $0.06
Dorex2007: folds 
Cnopic666: folds 
akpnot93: folds 
Frosty196: folds 
Negro0643: calls $0.06
Andr-Tem: folds 
Bobby Bean: folds 
Burgarn: calls $0.04
*** FLOP *** [2d Qd 8c]
Burgarn: checks 
giocata5: bets $0.02
Negro0643: raises $0.02 to $0.04
Burgarn: calls $0.04
giocata5: calls $0.02
*** TURN *** [2d Qd 8c] [4d]
Burgarn: checks 
giocata5: checks 
Negro0643: bets $0.30
Burgarn: folds 
giocata5: folds 
Uncalled bet ($0.30) returned to Negro0643
Negro0643 collected $0.30 from pot
*** SUMMARY ***
Total pot $0.31 | Rake $0.01 
Board [2d Qd 8c 4d]
Seat 1: Dorex2007 folded before Flop (didn't bet)
Seat 2: Cnopic666 folded before Flop (didn't bet)
Seat 3: akpnot93 folded before Flop (didn't bet)
Seat 4: Frosty196 folded before Flop (didn't bet)
Seat 5: Negro0643 collected ($0.30)
Seat 6: Andr-Tem (button) folded before Flop (didn't bet)
Seat 7: Bobby Bean (small blind) folded before Flop
Seat 8: Burgarn (big blind) folded on the Turn
Seat 9: giocata5 folded on the Turn



PokerStars Hand #227897003470:  Hold'em No Limit ($0.01/$0.02 USD) - 2021/06/27 15:55:33 PT [2021/06/27 18:55:33 ET]
Table 'Fabre III' 9-max Seat #7 is the button
Seat 1: Dorex2007 ($2.15 in chips) 
Seat 2: Cnopic666 ($1.97 in chips) 
Seat 3: akpnot93 ($2.15 in chips) 
Seat 4: Frosty196 ($1.98 in chips) 
Seat 5: Negro0643 ($2.07 in chips) 
Seat 6: Andr-Tem ($1.81 in chips) 
Seat 7: Bobby Bean ($2 in chips) 
Seat 8: Burgarn ($1.90 in chips) 
Seat 9: giocata5 ($0.80 in chips) 
Burgarn: posts small blind $0.01
giocata5: posts big blind $0.02
*** HOLE CARDS ***
Dealt to Dorex2007 [8h 5d]
Dorex2007: folds 
Cnopic666: folds 
akpnot93: raises $0.04 to $0.06
Frosty196: calls $0.06
Negro0643: calls $0.06
Andr-Tem: folds 
Bobby Bean: folds 
Burgarn: folds 
giocata5: folds 
*** FLOP *** [3d 2h 8d]
akpnot93: checks 
Frosty196: checks 
Negro0643: checks 
*** TURN *** [3d 2h 8d] [Kc]
akpnot93: bets $0.12
Frosty196: folds 
Negro0643: calls $0.12
*** RIVER *** [3d 2h 8d Kc] [Qh]
akpnot93: checks 
Negro0643: bets $0.43
akpnot93: folds 
Uncalled bet ($0.43) returned to Negro0643
Negro0643 collected $0.43 from pot
*** SUMMARY ***
Total pot $0.45 | Rake $0.02 
Board [3d 2h 8d Kc Qh]
Seat 1: Dorex2007 folded before Flop (didn't bet)
Seat 2: Cnopic666 folded before Flop (didn't bet)
Seat 3: akpnot93 folded on the River
Seat 4: Frosty196 folded on the Turn
Seat 5: Negro0643 collected ($0.43)
Seat 6: Andr-Tem folded before Flop (didn't bet)
Seat 7: Bobby Bean (button) folded before Flop (didn't bet)
Seat 8: Burgarn (small blind) folded before Flop
Seat 9: giocata5 (big blind) folded before Flop



PokerStars Hand #227897014850:  Hold'em No Limit ($0.01/$0.02 USD) - 2021/06/27 15:56:18 PT [2021/06/27 18:56:18 ET]
Table 'Fabre III' 9-max Seat #8 is the button
Seat 1: Dorex2007 ($2.15 in chips) 
Seat 2: Cnopic666 ($1.97 in chips) 
Seat 3: akpnot93 ($2 in chips) 
Seat 4: Frosty196 ($1.92 in chips) 
Seat 5: Negro0643 ($2.32 in chips) 
Seat 6: Andr-Tem ($1.81 in chips) 
Seat 7: Bobby Bean ($2 in chips) 
Seat 8: Burgarn ($1.89 in chips) 
Seat 9: giocata5 ($0.80 in chips) 
giocata5: posts small blind $0.01
Dorex2007: posts big blind $0.02
*** HOLE CARDS ***
Dealt to Dorex2007 [Jh 9s]
Cnopic666: folds 
akpnot93: folds 
Frosty196: raises $0.04 to $0.06
Negro0643: folds 
Andr-Tem: folds 
Bobby Bean: folds 
Burgarn: folds 
giocata5: folds 
Dorex2007: folds 
Uncalled bet ($0.04) returned to Frosty196
Frosty196 collected $0.05 from pot
Frosty196: doesn't show hand 
*** SUMMARY ***
Total pot $0.05 | Rake $0 
Seat 1: Dorex2007 (big blind) folded before Flop
Seat 2: Cnopic666 folded before Flop (didn't bet)
Seat 3: akpnot93 folded before Flop (didn't bet)
Seat 4: Frosty196 collected ($0.05)
Seat 5: Negro0643 folded before Flop (didn't bet)
Seat 6: Andr-Tem folded before Flop (didn't bet)
Seat 7: Bobby Bean folded before Flop (didn't bet)
Seat 8: Burgarn (button) folded before Flop (didn't bet)
Seat 9: giocata5 (small blind) folded before Flop



PokerStars Hand #227897022603:  Hold'em No Limit ($0.01/$0.02 USD) - 2021/06/27 15:56:48 PT [2021/06/27 18:56:48 ET]
Table 'Fabre III' 9-max Seat #9 is the button
Seat 1: Dorex2007 ($2.13 in chips) 
Seat 2: Cnopic666 ($1.97 in chips) 
Seat 3: akpnot93 ($2 in chips) 
Seat 4: Frosty196 ($1.95 in chips) 
Seat 5: Negro0643 ($2.32 in chips) 
Seat 6: Andr-Tem ($1.81 in chips) 
Seat 7: Bobby Bean ($2 in chips) 
Seat 8: Burgarn ($1.89 in chips) 
Seat 9: giocata5 ($0.80 in chips) 
Dorex2007: posts small blind $0.01
Cnopic666: posts big blind $0.02
*** HOLE CARDS ***
Dealt to Dorex2007 [Kc Qs]
akpnot93: folds 
Frosty196: folds 
Negro0643: folds 
Andr-Tem: folds 
Bobby Bean: folds 
Burgarn: folds 
giocata5: folds 
Dorex2007: raises $0.04 to $0.06
Cnopic666: folds 
Uncalled bet ($0.04) returned to Dorex2007
Dorex2007 collected $0.04 from pot
Dorex2007: doesn't show hand 
*** SUMMARY ***
Total pot $0.04 | Rake $0 
Seat 1: Dorex2007 (small blind) collected ($0.04)
Seat 2: Cnopic666 (big blind) folded before Flop
Seat 3: akpnot93 folded before Flop (didn't bet)
Seat 4: Frosty196 folded before Flop (didn't bet)
Seat 5: Negro0643 folded before Flop (didn't bet)
Seat 6: Andr-Tem folded before Flop (didn't bet)
Seat 7: Bobby Bean folded before Flop (didn't bet)
Seat 8: Burgarn folded before Flop (didn't bet)
Seat 9: giocata5 (button) folded before Flop (didn't bet)



PokerStars Hand #227897029972:  Hold'em No Limit ($0.01/$0.02 USD) - 2021/06/27 15:57:18 PT [2021/06/27 18:57:18 ET]
Table 'Fabre III' 9-max Seat #1 is the button
Seat 1: Dorex2007 ($2.15 in chips) 
Seat 2: Cnopic666 ($1.95 in chips) 
Seat 3: akpnot93 ($2 in chips) 
Seat 4: Frosty196 ($1.95 in chips) 
Seat 5: Negro0643 ($2.32 in chips) 
Seat 6: Andr-Tem ($1.81 in chips) 
Seat 7: Bobby Bean ($2 in chips) 
Seat 8: Burgarn ($1.89 in chips) 
Seat 9: giocata5 ($0.80 in chips) 
Cnopic666: posts small blind $0.01
akpnot93: posts big blind $0.02
*** HOLE CARDS ***
Dealt to Dorex2007 [Kh 5d]
Frosty196: raises $0.04 to $0.06
Negro0643: folds 
Andr-Tem: folds 
Bobby Bean: folds 
Burgarn: folds 
giocata5: folds 
Dorex2007: folds 
Cnopic666: folds 
akpnot93: folds 
Uncalled bet ($0.04) returned to Frosty196
Frosty196 collected $0.05 from pot
Frosty196: doesn't show hand 
*** SUMMARY ***
Total pot $0.05 | Rake $0 
Seat 1: Dorex2007 (button) folded before Flop (didn't bet)
Seat 2: Cnopic666 (small blind) folded before Flop
Seat 3: akpnot93 (big blind) folded before Flop
Seat 4: Frosty196 collected ($0.05)
Seat 5: Negro0643 folded before Flop (didn't bet)
Seat 6: Andr-Tem folded before Flop (didn't bet)
Seat 7: Bobby Bean folded before Flop (didn't bet)
Seat 8: Burgarn folded before Flop (didn't bet)
Seat 9: giocata5 folded before Flop (didn't bet)



PokerStars Hand #227897036146:  Hold'em No Limit ($0.01/$0.02 USD) - 2021/06/27 15:57:42 PT [2021/06/27 18:57:42 ET]
Table 'Fabre III' 9-max Seat #2 is the button
Seat 1: Dorex2007 ($2.15 in chips) 
Seat 2: Cnopic666 ($1.94 in chips) 
Seat 3: akpnot93 ($2 in chips) 
Seat 4: Frosty196 ($1.98 in chips) 
Seat 5: Negro0643 ($2.32 in chips) 
Seat 6: Andr-Tem ($1.81 in chips) 
Seat 7: Bobby Bean ($2 in chips) 
Seat 8: Burgarn ($1.89 in chips) 
Seat 9: giocata5 ($0.80 in chips) 
akpnot93: posts small blind $0.01
Frosty196: posts big blind $0.02
*** HOLE CARDS ***
Dealt to Dorex2007 [As 8s]
Negro0643: folds 
Andr-Tem: folds 
Bobby Bean: folds 
Burgarn: folds 
giocata5: raises $0.04 to $0.06
Dorex2007: folds 
Cnopic666: folds 
akpnot93: folds 
Frosty196: folds 
Uncalled bet ($0.04) returned to giocata5
giocata5 collected $0.05 from pot
giocata5: doesn't show hand 
*** SUMMARY ***
Total pot $0.05 | Rake $0 
Seat 1: Dorex2007 folded before Flop (didn't bet)
Seat 2: Cnopic666 (button) folded before Flop (didn't bet)
Seat 3: akpnot93 (small blind) folded before Flop
Seat 4: Frosty196 (big blind) folded before Flop
Seat 5: Negro0643 folded before Flop (didn't bet)
Seat 6: Andr-Tem folded before Flop (didn't bet)
Seat 7: Bobby Bean folded before Flop (didn't bet)
Seat 8: Burgarn folded before Flop (didn't bet)
Seat 9: giocata5 collected ($0.05)



PokerStars Hand #227897046495:  Hold'em No Limit ($0.01/$0.02 USD) - 2021/06/27 15:58:23 PT [2021/06/27 18:58:23 ET]
Table 'Fabre III' 9-max Seat #3 is the button
Seat 1: Dorex2007 ($2.15 in chips) 
Seat 2: Cnopic666 ($1.94 in chips) 
Seat 3: akpnot93 ($2 in chips) 
Seat 4: Frosty196 ($1.96 in chips) 
Seat 5: Negro0643 ($2.32 in chips) 
Seat 6: Andr-Tem ($1.81 in chips) 
Seat 7: Bobby Bean ($2 in chips) 
Seat 8: Burgarn ($1.89 in chips) 
Seat 9: giocata5 ($0.83 in chips) 
Frosty196: posts small blind $0.01
Negro0643: posts big blind $0.02
*** HOLE CARDS ***
Dealt to Dorex2007 [2h 4d]
Andr-Tem: folds 
Bobby Bean: folds 
Burgarn: folds 
giocata5: folds 
Dorex2007: folds 
Cnopic666: folds 
akpnot93: raises $0.04 to $0.06
Frosty196: calls $0.05
Negro0643: folds 
*** FLOP *** [8c 6h 4s]
Frosty196: checks 
akpnot93: bets $0.07
Frosty196: calls $0.07
*** TURN *** [8c 6h 4s] [5s]
Frosty196: checks 
akpnot93: checks 
*** RIVER *** [8c 6h 4s 5s] [Kc]
Frosty196: checks 
akpnot93: checks 
*** SHOW DOWN ***
Frosty196: shows [Qc Qh] (a pair of Queens)
akpnot93: mucks hand 
Frosty196 collected $0.27 from pot
*** SUMMARY ***
Total pot $0.28 | Rake $0.01 
Board [8c 6h 4s 5s Kc]
Seat 1: Dorex2007 folded before Flop (didn't bet)
Seat 2: Cnopic666 folded before Flop (didn't bet)
Seat 3: akpnot93 (button) mucked [Qd 6c]
Seat 4: Frosty196 (small blind) showed [Qc Qh] and won ($0.27) with a pair of Queens
Seat 5: Negro0643 (big blind) folded before Flop
Seat 6: Andr-Tem folded before Flop (didn't bet)
Seat 7: Bobby Bean folded before Flop (didn't bet)
Seat 8: Burgarn folded before Flop (didn't bet)
Seat 9: giocata5 folded before Flop (didn't bet)



PokerStars Hand #227897057273:  Hold'em No Limit ($0.01/$0.02 USD) - 2021/06/27 15:59:06 PT [2021/06/27 18:59:06 ET]
Table 'Fabre III' 9-max Seat #4 is the button
Seat 1: Dorex2007 ($2.15 in chips) 
Seat 2: Cnopic666 ($1.94 in chips) 
Seat 3: akpnot93 ($2 in chips) 
Seat 4: Frosty196 ($2.10 in chips) 
Seat 5: Negro0643 ($2.30 in chips) 
Seat 6: Andr-Tem ($1.81 in chips) 
Seat 7: Bobby Bean ($2 in chips) 
Seat 8: Burgarn ($1.89 in chips) 
Seat 9: giocata5 ($0.83 in chips) 
Negro0643: posts small blind $0.01
Andr-Tem: posts big blind $0.02
*** HOLE CARDS ***
Dealt to Dorex2007 [9h Jh]
Bobby Bean: folds 
Burgarn: raises $0.04 to $0.06
giocata5: folds 
Dorex2007: folds 
Cnopic666: folds 
akpnot93: calls $0.06
Frosty196: calls $0.06
Negro0643: calls $0.05
Andr-Tem: folds 
*** FLOP *** [As Ah Kh]
Negro0643: checks 
Burgarn: checks 
akpnot93: checks 
Frosty196: bets $0.13
Negro0643: folds 
Burgarn: calls $0.13
akpnot93: folds 
*** TURN *** [As Ah Kh] [4c]
Burgarn: checks 
Frosty196: checks 
*** RIVER *** [As Ah Kh 4c] [8h]
Burgarn: bets $0.14
Frosty196: folds 
Uncalled bet ($0.14) returned to Burgarn
Burgarn collected $0.50 from pot
Burgarn: doesn't show hand 
*** SUMMARY ***
Total pot $0.52 | Rake $0.02 
Board [As Ah Kh 4c 8h]
Seat 1: Dorex2007 folded before Flop (didn't bet)
Seat 2: Cnopic666 folded before Flop (didn't bet)
Seat 3: akpnot93 folded on the Flop
Seat 4: Frosty196 (button) folded on the River
Seat 5: Negro0643 (small blind) folded on the Flop
Seat 6: Andr-Tem (big blind) folded before Flop
Seat 7: Bobby Bean folded before Flop (didn't bet)
Seat 8: Burgarn collected ($0.50)
Seat 9: giocata5 folded before Flop (didn't bet)



PokerStars Hand #227897077068:  Hold'em No Limit ($0.01/$0.02 USD) - 2021/06/27 16:00:24 PT [2021/06/27 19:00:24 ET]
Table 'Fabre III' 9-max Seat #5 is the button
Seat 1: Dorex2007 ($2.15 in chips) 
Seat 2: Cnopic666 ($1.94 in chips) 
Seat 3: akpnot93 ($2 in chips) 
Seat 4: Frosty196 ($1.91 in chips) 
Seat 5: Negro0643 ($2.24 in chips) 
Seat 6: Andr-Tem ($1.79 in chips) 
Seat 7: Bobby Bean ($2 in chips) 
Seat 8: Burgarn ($2.20 in chips) 
Seat 9: giocata5 ($0.83 in chips) 
Andr-Tem: posts small blind $0.01
Bobby Bean: posts big blind $0.02
*** HOLE CARDS ***
Dealt to Dorex2007 [Kc Qh]
Burgarn: folds 
giocata5: folds 
Dorex2007: raises $0.04 to $0.06
Cnopic666: folds 
akpnot93: raises $0.14 to $0.20
Frosty196: folds 
Negro0643: folds 
Andr-Tem: folds 
Bobby Bean: folds 
Dorex2007: calls $0.14
*** FLOP *** [8h 3c 3d]
Dorex2007: bets $0.41
akpnot93: calls $0.41
*** TURN *** [8h 3c 3d] [6c]
Dorex2007: bets $1.54 and is all-in
akpnot93: folds 
Uncalled bet ($1.54) returned to Dorex2007
Dorex2007 collected $1.21 from pot
Dorex2007: doesn't show hand 
*** SUMMARY ***
Total pot $1.25 | Rake $0.04 
Board [8h 3c 3d 6c]
Seat 1: Dorex2007 collected ($1.21)
Seat 2: Cnopic666 folded before Flop (didn't bet)
Seat 3: akpnot93 folded on the Turn
Seat 4: Frosty196 folded before Flop (didn't bet)
Seat 5: Negro0643 (button) folded before Flop (didn't bet)
Seat 6: Andr-Tem (small blind) folded before Flop
Seat 7: Bobby Bean (big blind) folded before Flop
Seat 8: Burgarn folded before Flop (didn't bet)
Seat 9: giocata5 folded before Flop (didn't bet)



PokerStars Hand #227897090753:  Hold'em No Limit ($0.01/$0.02 USD) - 2021/06/27 16:01:11 PT [2021/06/27 19:01:11 ET]
Table 'Fabre III' 9-max Seat #6 is the button
Seat 1: Dorex2007 ($2.75 in chips) 
Seat 2: Cnopic666 ($1.94 in chips) 
Seat 3: akpnot93 ($2 in chips) 
Seat 4: Frosty196 ($1.91 in chips) 
Seat 5: Negro0643 ($2.24 in chips) 
Seat 6: Andr-Tem ($1.78 in chips) 
Seat 8: Burgarn ($2.20 in chips) 
Seat 9: giocata5 ($0.83 in chips) 
Bobby Bean has timed out
Bobby Bean: is sitting out 
Burgarn: posts small blind $0.01
giocata5: posts big blind $0.02
*** HOLE CARDS ***
Dealt to Dorex2007 [6c 8s]
Bobby Bean is disconnected 
Dorex2007: folds 
Cnopic666: folds 
akpnot93: folds 
Frosty196: folds 
Negro0643: folds 
Andr-Tem: raises $0.04 to $0.06
Burgarn: folds 
giocata5: folds 
Uncalled bet ($0.04) returned to Andr-Tem
Andr-Tem collected $0.05 from pot
*** SUMMARY ***
Total pot $0.05 | Rake $0 
Seat 1: Dorex2007 folded before Flop (didn't bet)
Seat 2: Cnopic666 folded before Flop (didn't bet)
Seat 3: akpnot93 folded before Flop (didn't bet)
Seat 4: Frosty196 folded before Flop (didn't bet)
Seat 5: Negro0643 folded before Flop (didn't bet)
Seat 6: Andr-Tem (button) collected ($0.05)
Seat 8: Burgarn (small blind) folded before Flop
Seat 9: giocata5 (big blind) folded before Flop



PokerStars Hand #227897103757:  Hold'em No Limit ($0.01/$0.02 USD) - 2021/06/27 16:01:41 PT [2021/06/27 19:01:41 ET]
Table 'Fabre III' 9-max Seat #8 is the button
Seat 1: Dorex2007 ($2.75 in chips) 
Seat 2: Cnopic666 ($1.94 in chips) 
Seat 3: akpnot93 ($2 in chips) 
Seat 4: Frosty196 ($1.91 in chips) 
Seat 5: Negro0643 ($2.24 in chips) 
Seat 6: Andr-Tem ($1.81 in chips) 
Seat 8: Burgarn ($2.19 in chips) 
Seat 9: giocata5 ($0.81 in chips) 
giocata5: posts small blind $0.01
Dorex2007: posts big blind $0.02
Bobby Bean: sits out 
*** HOLE CARDS ***
Dealt to Dorex2007 [8h 5h]
Cnopic666: folds 
akpnot93: folds 
Frosty196: folds 
Negro0643: calls $0.02
Andr-Tem: folds 
Burgarn: folds 
giocata5: folds 
Dorex2007: checks 
*** FLOP *** [8d As 9c]
Dorex2007: checks 
Negro0643: checks 
*** TURN *** [8d As 9c] [9h]
Dorex2007: bets $0.03
Negro0643: calls $0.03
*** RIVER *** [8d As 9c 9h] [4s]
Dorex2007: checks 
Negro0643: checks 
*** SHOW DOWN ***
Dorex2007: shows [8h 5h] (two pair, Nines and Eights)
Negro0643: mucks hand 
Dorex2007 collected $0.11 from pot
*** SUMMARY ***
Total pot $0.11 | Rake $0 
Board [8d As 9c 9h 4s]
Seat 1: Dorex2007 (big blind) showed [8h 5h] and won ($0.11) with two pair, Nines and Eights
Seat 2: Cnopic666 folded before Flop (didn't bet)
Seat 3: akpnot93 folded before Flop (didn't bet)
Seat 4: Frosty196 folded before Flop (didn't bet)
Seat 5: Negro0643 mucked [6h 6s]
Seat 6: Andr-Tem folded before Flop (didn't bet)
Seat 8: Burgarn (button) folded before Flop (didn't bet)
Seat 9: giocata5 (small blind) folded before Flop



PokerStars Hand #227897116367:  Hold'em No Limit ($0.01/$0.02 USD) - 2021/06/27 16:02:20 PT [2021/06/27 19:02:20 ET]
Table 'Fabre III' 9-max Seat #9 is the button
Seat 1: Dorex2007 ($2.81 in chips) 
Seat 2: Cnopic666 ($1.94 in chips) 
Seat 3: akpnot93 ($2 in chips) 
Seat 4: Frosty196 ($1.91 in chips) 
Seat 5: Negro0643 ($2.19 in chips) 
Seat 6: Andr-Tem ($1.81 in chips) 
Seat 8: Burgarn ($2.19 in chips) 
Seat 9: giocata5 ($0.80 in chips) 
Dorex2007: posts small blind $0.01
Cnopic666: posts big blind $0.02
Bobby Bean: sits out 
*** HOLE CARDS ***
Dealt to Dorex2007 [Qc Qh]
akpnot93: folds 
Frosty196: folds 
Negro0643: folds 
Andr-Tem: folds 
Burgarn: calls $0.02
giocata5: folds 
Dorex2007: raises $0.08 to $0.10
Cnopic666: folds 
Burgarn: folds 
Uncalled bet ($0.08) returned to Dorex2007
Dorex2007 collected $0.06 from pot
Dorex2007: doesn't show hand 
*** SUMMARY ***
Total pot $0.06 | Rake $0 
Seat 1: Dorex2007 (small blind) collected ($0.06)
Seat 2: Cnopic666 (big blind) folded before Flop
Seat 3: akpnot93 folded before Flop (didn't bet)
Seat 4: Frosty196 folded before Flop (didn't bet)
Seat 5: Negro0643 folded before Flop (didn't bet)
Seat 6: Andr-Tem folded before Flop (didn't bet)
Seat 8: Burgarn folded before Flop
Seat 9: giocata5 (button) folded before Flop (didn't bet)



PokerStars Hand #227897127676:  Hold'em No Limit ($0.01/$0.02 USD) - 2021/06/27 16:02:54 PT [2021/06/27 19:02:54 ET]
Table 'Fabre III' 9-max Seat #1 is the button
Seat 1: Dorex2007 ($2.85 in chips) 
Seat 2: Cnopic666 ($1.92 in chips) 
Seat 3: akpnot93 ($2 in chips) 
Seat 4: Frosty196 ($1.91 in chips) 
Seat 5: Negro0643 ($2.19 in chips) 
Seat 6: Andr-Tem ($1.81 in chips) 
Seat 8: Burgarn ($2.17 in chips) 
Seat 9: giocata5 ($0.80 in chips) 
Cnopic666: posts small blind $0.01
akpnot93: posts big blind $0.02
Bobby Bean: sits out 
*** HOLE CARDS ***
Dealt to Dorex2007 [6h Jd]
Frosty196: folds 
Negro0643: folds 
Andr-Tem: folds 
Burgarn: folds 
giocata5: folds 
Dorex2007: folds 
Cnopic666: folds 
Uncalled bet ($0.01) returned to akpnot93
akpnot93 collected $0.02 from pot
akpnot93: doesn't show hand 
*** SUMMARY ***
Total pot $0.02 | Rake $0 
Seat 1: Dorex2007 (button) folded before Flop (didn't bet)
Seat 2: Cnopic666 (small blind) folded before Flop
Seat 3: akpnot93 (big blind) collected ($0.02)
Seat 4: Frosty196 folded before Flop (didn't bet)
Seat 5: Negro0643 folded before Flop (didn't bet)
Seat 6: Andr-Tem folded before Flop (didn't bet)
Seat 8: Burgarn folded before Flop (didn't bet)
Seat 9: giocata5 folded before Flop (didn't bet)



PokerStars Hand #227897133428:  Hold'em No Limit ($0.01/$0.02 USD) - 2021/06/27 16:03:12 PT [2021/06/27 19:03:12 ET]
Table 'Fabre III' 9-max Seat #2 is the button
Seat 1: Dorex2007 ($2.85 in chips) 
Seat 2: Cnopic666 ($1.91 in chips) 
Seat 3: akpnot93 ($2.01 in chips) 
Seat 4: Frosty196 ($1.91 in chips) 
Seat 5: Negro0643 ($2.19 in chips) 
Seat 6: Andr-Tem ($1.81 in chips) 
Seat 8: Burgarn ($2.17 in chips) 
Seat 9: giocata5 ($0.80 in chips) 
akpnot93: posts small blind $0.01
Frosty196: posts big blind $0.02
Bobby Bean: sits out 
*** HOLE CARDS ***
Dealt to Dorex2007 [Qh 2s]
Negro0643: folds 
Andr-Tem: folds 
Burgarn: folds 
giocata5: folds 
Dorex2007: folds 
Cnopic666: folds 
akpnot93: raises $0.04 to $0.06
Frosty196: calls $0.04
*** FLOP *** [5h 4s 8h]
akpnot93: bets $0.06
Frosty196: folds 
Uncalled bet ($0.06) returned to akpnot93
akpnot93 collected $0.12 from pot
akpnot93: doesn't show hand 
*** SUMMARY ***
Total pot $0.12 | Rake $0 
Board [5h 4s 8h]
Seat 1: Dorex2007 folded before Flop (didn't bet)
Seat 2: Cnopic666 (button) folded before Flop (didn't bet)
Seat 3: akpnot93 (small blind) collected ($0.12)
Seat 4: Frosty196 (big blind) folded on the Flop
Seat 5: Negro0643 folded before Flop (didn't bet)
Seat 6: Andr-Tem folded before Flop (didn't bet)
Seat 8: Burgarn folded before Flop (didn't bet)
Seat 9: giocata5 folded before Flop (didn't bet)



PokerStars Hand #227897142562:  Hold'em No Limit ($0.01/$0.02 USD) - 2021/06/27 16:03:40 PT [2021/06/27 19:03:40 ET]
Table 'Fabre III' 9-max Seat #3 is the button
Seat 1: Dorex2007 ($2.85 in chips) 
Seat 2: Cnopic666 ($1.91 in chips) 
Seat 3: akpnot93 ($2.07 in chips) 
Seat 4: Frosty196 ($1.85 in chips) 
Seat 5: Negro0643 ($2.19 in chips) 
Seat 6: Andr-Tem ($1.81 in chips) 
Seat 8: Burgarn ($2.17 in chips) 
Seat 9: giocata5 ($0.80 in chips) 
Frosty196: posts small blind $0.01
Negro0643: posts big blind $0.02
Bobby Bean: sits out 
*** HOLE CARDS ***
Dealt to Dorex2007 [Ad Ts]
Andr-Tem: folds 
Burgarn: folds 
giocata5: raises $0.04 to $0.06
Dorex2007: folds 
Cnopic666: folds 
akpnot93: folds 
Frosty196: folds 
Negro0643: folds 
Uncalled bet ($0.04) returned to giocata5
giocata5 collected $0.05 from pot
*** SUMMARY ***
Total pot $0.05 | Rake $0 
Seat 1: Dorex2007 folded before Flop (didn't bet)
Seat 2: Cnopic666 folded before Flop (didn't bet)
Seat 3: akpnot93 (button) folded before Flop (didn't bet)
Seat 4: Frosty196 (small blind) folded before Flop
Seat 5: Negro0643 (big blind) folded before Flop
Seat 6: Andr-Tem folded before Flop (didn't bet)
Seat 8: Burgarn folded before Flop (didn't bet)
Seat 9: giocata5 collected ($0.05)



PokerStars Hand #227897161959:  Hold'em No Limit ($0.01/$0.02 USD) - 2021/06/27 16:04:17 PT [2021/06/27 19:04:17 ET]
Table 'Fabre III' 9-max Seat #4 is the button
Seat 1: Dorex2007 ($2.85 in chips) 
Seat 2: Cnopic666 ($1.91 in chips) 
Seat 3: akpnot93 ($2.07 in chips) 
Seat 4: Frosty196 ($1.84 in chips) 
Seat 5: Negro0643 ($2.17 in chips) 
Seat 6: Andr-Tem ($1.81 in chips) 
Seat 8: Burgarn ($2.17 in chips) 
Seat 9: giocata5 ($0.83 in chips) 
Negro0643: posts small blind $0.01
Andr-Tem: posts big blind $0.02
Bobby Bean: sits out 
*** HOLE CARDS ***
Dealt to Dorex2007 [Ts 6d]
Burgarn: folds 
giocata5: folds 
Dorex2007: folds 
Cnopic666: folds 
akpnot93: raises $0.04 to $0.06
Frosty196: calls $0.06
Negro0643: folds 
Andr-Tem: folds 
*** FLOP *** [4d 7d 4s]
akpnot93: bets $0.07
Frosty196: folds 
Uncalled bet ($0.07) returned to akpnot93
akpnot93 collected $0.14 from pot
akpnot93: doesn't show hand 
*** SUMMARY ***
Total pot $0.15 | Rake $0.01 
Board [4d 7d 4s]
Seat 1: Dorex2007 folded before Flop (didn't bet)
Seat 2: Cnopic666 folded before Flop (didn't bet)
Seat 3: akpnot93 collected ($0.14)
Seat 4: Frosty196 (button) folded on the Flop
Seat 5: Negro0643 (small blind) folded before Flop
Seat 6: Andr-Tem (big blind) folded before Flop
Seat 8: Burgarn folded before Flop (didn't bet)
Seat 9: giocata5 folded before Flop (didn't bet)



PokerStars Hand #227897172835:  Hold'em No Limit ($0.01/$0.02 USD) - 2021/06/27 16:04:51 PT [2021/06/27 19:04:51 ET]
Table 'Fabre III' 9-max Seat #5 is the button
Seat 1: Dorex2007 ($2.85 in chips) 
Seat 2: Cnopic666 ($1.91 in chips) 
Seat 3: akpnot93 ($2.15 in chips) 
Seat 4: Frosty196 ($1.78 in chips) 
Seat 5: Negro0643 ($2.16 in chips) 
Seat 6: Andr-Tem ($1.79 in chips) 
Seat 7: Bobby Bean ($2 in chips) 
Seat 8: Burgarn ($2.17 in chips) 
Seat 9: giocata5 ($0.83 in chips) 
Andr-Tem: posts small blind $0.01
Bobby Bean: posts big blind $0.02
*** HOLE CARDS ***
Dealt to Dorex2007 [9s Kc]
Burgarn: folds 
giocata5: folds 
Dorex2007: folds 
Cnopic666: folds 
akpnot93: raises $0.04 to $0.06
Frosty196: calls $0.06
Negro0643: folds 
Andr-Tem: folds 
Bobby Bean: folds 
*** FLOP *** [Js 5h Ad]
akpnot93: bets $0.06
Frosty196: folds 
Uncalled bet ($0.06) returned to akpnot93
akpnot93 collected $0.14 from pot
akpnot93: doesn't show hand 
*** SUMMARY ***
Total pot $0.15 | Rake $0.01 
Board [Js 5h Ad]
Seat 1: Dorex2007 folded before Flop (didn't bet)
Seat 2: Cnopic666 folded before Flop (didn't bet)
Seat 3: akpnot93 collected ($0.14)
Seat 4: Frosty196 folded on the Flop
Seat 5: Negro0643 (button) folded before Flop (didn't bet)
Seat 6: Andr-Tem (small blind) folded before Flop
Seat 7: Bobby Bean (big blind) folded before Flop
Seat 8: Burgarn folded before Flop (didn't bet)
Seat 9: giocata5 folded before Flop (didn't bet)



PokerStars Hand #227897184779:  Hold'em No Limit ($0.01/$0.02 USD) - 2021/06/27 16:05:28 PT [2021/06/27 19:05:28 ET]
Table 'Fabre III' 9-max Seat #6 is the button
Seat 1: Dorex2007 ($2.85 in chips) 
Seat 2: Cnopic666 ($1.91 in chips) 
Seat 3: akpnot93 ($2.23 in chips) 
Seat 4: Frosty196 ($1.72 in chips) 
Seat 5: Negro0643 ($2.16 in chips) 
Seat 6: Andr-Tem ($1.78 in chips) 
Seat 7: Bobby Bean ($2 in chips) 
Seat 8: Burgarn ($2.17 in chips) 
Seat 9: giocata5 ($0.83 in chips) 
Bobby Bean: posts small blind $0.01
Burgarn: posts big blind $0.02
*** HOLE CARDS ***
Dealt to Dorex2007 [Ts 4s]
giocata5: folds 
Dorex2007: folds 
Cnopic666: calls $0.02
akpnot93: raises $0.06 to $0.08
Frosty196: folds 
Negro0643: folds 
Andr-Tem: folds 
Bobby Bean: folds 
Burgarn: folds 
Cnopic666: calls $0.06
*** FLOP *** [6c 6s 4h]
Cnopic666: bets $0.05
akpnot93: raises $0.11 to $0.16
Cnopic666: folds 
Uncalled bet ($0.11) returned to akpnot93
akpnot93 collected $0.28 from pot
akpnot93: doesn't show hand 
*** SUMMARY ***
Total pot $0.29 | Rake $0.01 
Board [6c 6s 4h]
Seat 1: Dorex2007 folded before Flop (didn't bet)
Seat 2: Cnopic666 folded on the Flop
Seat 3: akpnot93 collected ($0.28)
Seat 4: Frosty196 folded before Flop (didn't bet)
Seat 5: Negro0643 folded before Flop (didn't bet)
Seat 6: Andr-Tem (button) folded before Flop (didn't bet)
Seat 7: Bobby Bean (small blind) folded before Flop
Seat 8: Burgarn (big blind) folded before Flop
Seat 9: giocata5 folded before Flop (didn't bet)



PokerStars Hand #227897197565:  Hold'em No Limit ($0.01/$0.02 USD) - 2021/06/27 16:06:07 PT [2021/06/27 19:06:07 ET]
Table 'Fabre III' 9-max Seat #7 is the button
Seat 1: Dorex2007 ($2.85 in chips) 
Seat 2: Cnopic666 ($1.78 in chips) 
Seat 3: akpnot93 ($2.38 in chips) 
Seat 4: Frosty196 ($1.72 in chips) 
Seat 5: Negro0643 ($2.16 in chips) 
Seat 6: Andr-Tem ($1.78 in chips) 
Seat 7: Bobby Bean ($2 in chips) 
Seat 8: Burgarn ($2.15 in chips) 
Seat 9: giocata5 ($0.83 in chips) 
Burgarn: posts small blind $0.01
giocata5: posts big blind $0.02
*** HOLE CARDS ***
Dealt to Dorex2007 [Kd 4h]
Dorex2007: folds 
Cnopic666: folds 
akpnot93: folds 
Frosty196: raises $0.04 to $0.06
Negro0643: folds 
Andr-Tem: folds 
Bobby Bean: folds 
Burgarn: calls $0.05
giocata5: calls $0.04
*** FLOP *** [8c Th 7c]
Burgarn: bets $0.17
giocata5: folds 
Frosty196: folds 
Uncalled bet ($0.17) returned to Burgarn
Burgarn collected $0.17 from pot
Burgarn: doesn't show hand 
*** SUMMARY ***
Total pot $0.18 | Rake $0.01 
Board [8c Th 7c]
Seat 1: Dorex2007 folded before Flop (didn't bet)
Seat 2: Cnopic666 folded before Flop (didn't bet)
Seat 3: akpnot93 folded before Flop (didn't bet)
Seat 4: Frosty196 folded on the Flop
Seat 5: Negro0643 folded before Flop (didn't bet)
Seat 6: Andr-Tem folded before Flop (didn't bet)
Seat 7: Bobby Bean (button) folded before Flop (didn't bet)
Seat 8: Burgarn (small blind) collected ($0.17)
Seat 9: giocata5 (big blind) folded on the Flop



PokerStars Hand #227897209698:  Hold'em No Limit ($0.01/$0.02 USD) - 2021/06/27 16:06:45 PT [2021/06/27 19:06:45 ET]
Table 'Fabre III' 9-max Seat #8 is the button
Seat 1: Dorex2007 ($2.85 in chips) 
Seat 2: Cnopic666 ($1.78 in chips) 
Seat 3: akpnot93 ($2.38 in chips) 
Seat 4: Frosty196 ($1.66 in chips) 
Seat 5: Negro0643 ($2.16 in chips) 
Seat 6: Andr-Tem ($1.78 in chips) 
Seat 7: Bobby Bean ($2 in chips) 
Seat 8: Burgarn ($2.26 in chips) 
Seat 9: giocata5 ($0.80 in chips) 
giocata5: posts small blind $0.01
Dorex2007: posts big blind $0.02
*** HOLE CARDS ***
Dealt to Dorex2007 [9s Js]
Cnopic666: folds 
akpnot93: folds 
Frosty196: folds 
Negro0643: folds 
Andr-Tem: folds 
Bobby Bean: folds 
Burgarn: folds 
giocata5: raises $0.04 to $0.06
Dorex2007: calls $0.04
*** FLOP *** [9h 7c 5c]
giocata5: bets $0.06
Dorex2007: raises $0.12 to $0.18
giocata5: calls $0.12
*** TURN *** [9h 7c 5c] [Ad]
giocata5: checks 
Dorex2007: bets $0.23
giocata5: folds 
Uncalled bet ($0.23) returned to Dorex2007
Dorex2007 collected $0.46 from pot
Dorex2007: doesn't show hand 
*** SUMMARY ***
Total pot $0.48 | Rake $0.02 
Board [9h 7c 5c Ad]
Seat 1: Dorex2007 (big blind) collected ($0.46)
Seat 2: Cnopic666 folded before Flop (didn't bet)
Seat 3: akpnot93 folded before Flop (didn't bet)
Seat 4: Frosty196 folded before Flop (didn't bet)
Seat 5: Negro0643 folded before Flop (didn't bet)
Seat 6: Andr-Tem folded before Flop (didn't bet)
Seat 7: Bobby Bean folded before Flop (didn't bet)
Seat 8: Burgarn (button) folded before Flop (didn't bet)
Seat 9: giocata5 (small blind) folded on the Turn



PokerStars Hand #227897227086:  Hold'em No Limit ($0.01/$0.02 USD) - 2021/06/27 16:07:38 PT [2021/06/27 19:07:38 ET]
Table 'Fabre III' 9-max Seat #9 is the button
Seat 1: Dorex2007 ($3.07 in chips) 
Seat 2: Cnopic666 ($1.78 in chips) 
Seat 3: akpnot93 ($2.38 in chips) 
Seat 4: Frosty196 ($1.66 in chips) 
Seat 5: Negro0643 ($2.16 in chips) 
Seat 6: Andr-Tem ($1.78 in chips) 
Seat 7: Bobby Bean ($2 in chips) 
Seat 8: Burgarn ($2.26 in chips) 
Seat 9: giocata5 ($0.80 in chips) 
Dorex2007: posts small blind $0.01
Cnopic666: posts big blind $0.02
*** HOLE CARDS ***
Dealt to Dorex2007 [2s Js]
akpnot93: folds 
Frosty196: folds 
Negro0643: folds 
Andr-Tem: folds 
Bobby Bean: folds 
Burgarn: folds 
giocata5: folds 
Dorex2007: raises $0.04 to $0.06
Cnopic666: raises $0.12 to $0.18
Dorex2007: folds 
Uncalled bet ($0.12) returned to Cnopic666
Cnopic666 collected $0.12 from pot
Cnopic666: doesn't show hand 
*** SUMMARY ***
Total pot $0.12 | Rake $0 
Seat 1: Dorex2007 (small blind) folded before Flop
Seat 2: Cnopic666 (big blind) collected ($0.12)
Seat 3: akpnot93 folded before Flop (didn't bet)
Seat 4: Frosty196 folded before Flop (didn't bet)
Seat 5: Negro0643 folded before Flop (didn't bet)
Seat 6: Andr-Tem folded before Flop (didn't bet)
Seat 7: Bobby Bean folded before Flop (didn't bet)
Seat 8: Burgarn folded before Flop (didn't bet)
Seat 9: giocata5 (button) folded before Flop (didn't bet)



PokerStars Hand #227897234579:  Hold'em No Limit ($0.01/$0.02 USD) - 2021/06/27 16:08:02 PT [2021/06/27 19:08:02 ET]
Table 'Fabre III' 9-max Seat #1 is the button
Seat 1: Dorex2007 ($3.01 in chips) 
Seat 2: Cnopic666 ($1.84 in chips) 
Seat 3: akpnot93 ($2.38 in chips) 
Seat 4: Frosty196 ($1.66 in chips) 
Seat 5: Negro0643 ($2.16 in chips) 
Seat 6: Andr-Tem ($1.78 in chips) 
Seat 7: Bobby Bean ($2 in chips) 
Seat 8: Burgarn ($2.26 in chips) 
Seat 9: giocata5 ($0.80 in chips) 
Cnopic666: posts small blind $0.01
akpnot93: posts big blind $0.02
*** HOLE CARDS ***
Dealt to Dorex2007 [Js 6s]
Frosty196: folds 
Negro0643: folds 
Andr-Tem: folds 
Bobby Bean: folds 
Burgarn: folds 
giocata5: raises $0.04 to $0.06
Dorex2007: folds 
Cnopic666: folds 
akpnot93: folds 
Uncalled bet ($0.04) returned to giocata5
giocata5 collected $0.05 from pot
giocata5: doesn't show hand 
*** SUMMARY ***
Total pot $0.05 | Rake $0 
Seat 1: Dorex2007 (button) folded before Flop (didn't bet)
Seat 2: Cnopic666 (small blind) folded before Flop
Seat 3: akpnot93 (big blind) folded before Flop
Seat 4: Frosty196 folded before Flop (didn't bet)
Seat 5: Negro0643 folded before Flop (didn't bet)
Seat 6: Andr-Tem folded before Flop (didn't bet)
Seat 7: Bobby Bean folded before Flop (didn't bet)
Seat 8: Burgarn folded before Flop (didn't bet)
Seat 9: giocata5 collected ($0.05)



PokerStars Hand #227897245472:  Hold'em No Limit ($0.01/$0.02 USD) - 2021/06/27 16:08:36 PT [2021/06/27 19:08:36 ET]
Table 'Fabre III' 9-max Seat #2 is the button
Seat 1: Dorex2007 ($3.01 in chips) 
Seat 2: Cnopic666 ($1.83 in chips) 
Seat 3: akpnot93 ($2.36 in chips) 
Seat 4: Frosty196 ($1.66 in chips) 
Seat 5: Negro0643 ($2.16 in chips) 
Seat 6: Andr-Tem ($1.78 in chips) 
Seat 7: Bobby Bean ($2 in chips) 
Seat 8: Burgarn ($2.26 in chips) 
Seat 9: giocata5 ($0.83 in chips) 
akpnot93: posts small blind $0.01
Frosty196: posts big blind $0.02
*** HOLE CARDS ***
Dealt to Dorex2007 [6c Qs]
Negro0643: folds 
Andr-Tem: raises $0.04 to $0.06
Bobby Bean: calls $0.06
Burgarn: folds 
giocata5: folds 
Dorex2007: folds 
Cnopic666: folds 
akpnot93: folds 
Frosty196: folds 
*** FLOP *** [2c Td 7d]
Andr-Tem: checks 
Bobby Bean: checks 
*** TURN *** [2c Td 7d] [6d]
Andr-Tem: checks 
Bobby Bean: checks 
*** RIVER *** [2c Td 7d 6d] [3s]
Andr-Tem: checks 
Bobby Bean: checks 
*** SHOW DOWN ***
Andr-Tem: shows [Ks Js] (high card King)
Bobby Bean: shows [4c 4d] (a pair of Fours)
Bobby Bean collected $0.14 from pot
*** SUMMARY ***
Total pot $0.15 | Rake $0.01 
Board [2c Td 7d 6d 3s]
Seat 1: Dorex2007 folded before Flop (didn't bet)
Seat 2: Cnopic666 (button) folded before Flop (didn't bet)
Seat 3: akpnot93 (small blind) folded before Flop
Seat 4: Frosty196 (big blind) folded before Flop
Seat 5: Negro0643 folded before Flop (didn't bet)
Seat 6: Andr-Tem showed [Ks Js] and lost with high card King
Seat 7: Bobby Bean showed [4c 4d] and won ($0.14) with a pair of Fours
Seat 8: Burgarn folded before Flop (didn't bet)
Seat 9: giocata5 folded before Flop (didn't bet)



PokerStars Hand #227897255052:  Hold'em No Limit ($0.01/$0.02 USD) - 2021/06/27 16:09:05 PT [2021/06/27 19:09:05 ET]
Table 'Fabre III' 9-max Seat #3 is the button
Seat 1: Dorex2007 ($3.01 in chips) 
Seat 2: Cnopic666 ($1.83 in chips) 
Seat 3: akpnot93 ($2.35 in chips) 
Seat 4: Frosty196 ($1.64 in chips) 
Seat 5: Negro0643 ($2.16 in chips) 
Seat 6: Andr-Tem ($1.72 in chips) 
Seat 7: Bobby Bean ($2.08 in chips) 
Seat 8: Burgarn ($2.26 in chips) 
Seat 9: giocata5 ($0.83 in chips) 
Frosty196: posts small blind $0.01
Negro0643: posts big blind $0.02
*** HOLE CARDS ***
Dealt to Dorex2007 [7c 7h]
Andr-Tem: folds 
Bobby Bean: folds 
Burgarn: folds 
giocata5: raises $0.04 to $0.06
Dorex2007: calls $0.06
Cnopic666: folds 
akpnot93: folds 
Frosty196: folds 
Negro0643: folds 
*** FLOP *** [2s 2c 3d]
giocata5: checks 
Dorex2007: bets $0.07
giocata5: raises $0.07 to $0.14
Dorex2007: calls $0.07
*** TURN *** [2s 2c 3d] [5c]
giocata5: checks 
Dorex2007: bets $0.10
giocata5: raises $0.10 to $0.20
Dorex2007: calls $0.10
*** RIVER *** [2s 2c 3d 5c] [Jh]
giocata5: checks 
Dorex2007: checks 
*** SHOW DOWN ***
giocata5: shows [8h Ac] (a pair of Deuces)
Dorex2007: shows [7c 7h] (two pair, Sevens and Deuces)
Dorex2007 collected $0.80 from pot
*** SUMMARY ***
Total pot $0.83 | Rake $0.03 
Board [2s 2c 3d 5c Jh]
Seat 1: Dorex2007 showed [7c 7h] and won ($0.80) with two pair, Sevens and Deuces
Seat 2: Cnopic666 folded before Flop (didn't bet)
Seat 3: akpnot93 (button) folded before Flop (didn't bet)
Seat 4: Frosty196 (small blind) folded before Flop
Seat 5: Negro0643 (big blind) folded before Flop
Seat 6: Andr-Tem folded before Flop (didn't bet)
Seat 7: Bobby Bean folded before Flop (didn't bet)
Seat 8: Burgarn folded before Flop (didn't bet)
Seat 9: giocata5 showed [8h Ac] and lost with a pair of Deuces



PokerStars Hand #227897287247:  Hold'em No Limit ($0.01/$0.02 USD) - 2021/06/27 16:10:47 PT [2021/06/27 19:10:47 ET]
Table 'Fabre III' 9-max Seat #4 is the button
Seat 1: Dorex2007 ($3.41 in chips) 
Seat 2: Cnopic666 ($1.83 in chips) 
Seat 3: akpnot93 ($2.35 in chips) 
Seat 4: Frosty196 ($1.63 in chips) 
Seat 5: Negro0643 ($2.14 in chips) 
Seat 8: Burgarn ($2.26 in chips) 
Seat 9: giocata5 ($0.80 in chips) 
Negro0643: posts small blind $0.01
Andr-Tem: is sitting out 
Bobby Bean: is sitting out 
Burgarn: posts big blind $0.02
*** HOLE CARDS ***
Dealt to Dorex2007 [8c 4h]
Andr-Tem leaves the table
giocata5: folds 
Dorex2007: folds 
Cnopic666: raises $0.03 to $0.05
akpnot93: folds 
Frosty196: calls $0.05
Negro0643: folds 
Burgarn: folds 
*** FLOP *** [3s As 2s]
Cnopic666: bets $0.06
Frosty196: folds 
Uncalled bet ($0.06) returned to Cnopic666
Cnopic666 collected $0.13 from pot
Cnopic666: doesn't show hand 
*** SUMMARY ***
Total pot $0.13 | Rake $0 
Board [3s As 2s]
Seat 1: Dorex2007 folded before Flop (didn't bet)
Seat 2: Cnopic666 collected ($0.13)
Seat 3: akpnot93 folded before Flop (didn't bet)
Seat 4: Frosty196 (button) folded on the Flop
Seat 5: Negro0643 (small blind) folded before Flop
Seat 8: Burgarn (big blind) folded before Flop
Seat 9: giocata5 folded before Flop (didn't bet)



PokerStars Hand #227897305115:  Hold'em No Limit ($0.01/$0.02 USD) - 2021/06/27 16:11:26 PT [2021/06/27 19:11:26 ET]
Table 'Fabre III' 9-max Seat #5 is the button
Seat 1: Dorex2007 ($3.41 in chips) 
Seat 2: Cnopic666 ($1.91 in chips) 
Seat 3: akpnot93 ($2.35 in chips) 
Seat 4: Frosty196 ($1.58 in chips) 
Seat 5: Negro0643 ($2.13 in chips) 
Seat 8: Burgarn ($2.24 in chips) 
Seat 9: giocata5 ($0.80 in chips) 
Burgarn: posts small blind $0.01
giocata5: posts big blind $0.02
*** HOLE CARDS ***
Dealt to Dorex2007 [9s 6d]
Dorex2007: folds 
Cnopic666: folds 
akpnot93: folds 
Frosty196: folds 
Negro0643: folds 
Burgarn: calls $0.01
Bobby Bean leaves the table
giocata5: checks 
*** FLOP *** [Td Jd Kc]
Burgarn: bets $0.02
giocata5: folds 
Uncalled bet ($0.02) returned to Burgarn
Burgarn collected $0.04 from pot
Burgarn: doesn't show hand 
*** SUMMARY ***
Total pot $0.04 | Rake $0 
Board [Td Jd Kc]
Seat 1: Dorex2007 folded before Flop (didn't bet)
Seat 2: Cnopic666 folded before Flop (didn't bet)
Seat 3: akpnot93 folded before Flop (didn't bet)
Seat 4: Frosty196 folded before Flop (didn't bet)
Seat 5: Negro0643 (button) folded before Flop (didn't bet)
Seat 8: Burgarn (small blind) collected ($0.04)
Seat 9: giocata5 (big blind) folded on the Flop



PokerStars Hand #227897319872:  Hold'em No Limit ($0.01/$0.02 USD) - 2021/06/27 16:12:14 PT [2021/06/27 19:12:14 ET]
Table 'Fabre III' 9-max Seat #8 is the button
Seat 1: Dorex2007 ($3.41 in chips) 
Seat 2: Cnopic666 ($1.91 in chips) 
Seat 3: akpnot93 ($2.35 in chips) 
Seat 4: Frosty196 ($1.58 in chips) 
Seat 5: Negro0643 ($2.13 in chips) 
Seat 8: Burgarn ($2.26 in chips) 
Seat 9: giocata5 ($0.80 in chips) 
giocata5: posts small blind $0.01
Dorex2007: posts big blind $0.02
*** HOLE CARDS ***
Dealt to Dorex2007 [Kd 6s]
Cnopic666: folds 
akpnot93: raises $0.04 to $0.06
Frosty196: calls $0.06
Negro0643: folds 
Burgarn: folds 
giocata5: folds 
Dorex2007: folds 
*** FLOP *** [2h Jc 3h]
akpnot93: checks 
Frosty196: bets $0.08
akpnot93: calls $0.08
*** TURN *** [2h Jc 3h] [7c]
akpnot93: checks 
Frosty196: bets $0.15
akpnot93: calls $0.15
*** RIVER *** [2h Jc 3h 7c] [6d]
akpnot93: checks 
Frosty196: checks 
*** SHOW DOWN ***
akpnot93: shows [Ah 9h] (high card Ace)
Frosty196: shows [Js Qs] (a pair of Jacks)
Frosty196 collected $0.59 from pot
*** SUMMARY ***
Total pot $0.61 | Rake $0.02 
Board [2h Jc 3h 7c 6d]
Seat 1: Dorex2007 (big blind) folded before Flop
Seat 2: Cnopic666 folded before Flop (didn't bet)
Seat 3: akpnot93 showed [Ah 9h] and lost with high card Ace
Seat 4: Frosty196 showed [Js Qs] and won ($0.59) with a pair of Jacks
Seat 5: Negro0643 folded before Flop (didn't bet)
Seat 8: Burgarn (button) folded before Flop (didn't bet)
Seat 9: giocata5 (small blind) folded before Flop



PokerStars Hand #227897329994:  Hold'em No Limit ($0.01/$0.02 USD) - 2021/06/27 16:12:46 PT [2021/06/27 19:12:46 ET]
Table 'Fabre III' 9-max Seat #9 is the button
Seat 1: Dorex2007 ($3.39 in chips) 
Seat 2: Cnopic666 ($1.91 in chips) 
Seat 3: akpnot93 ($2.06 in chips) 
Seat 4: Frosty196 ($1.88 in chips) 
Seat 5: Negro0643 ($2.13 in chips) 
Seat 8: Burgarn ($2.26 in chips) 
Seat 9: giocata5 ($0.80 in chips) 
Dorex2007: posts small blind $0.01
Cnopic666: posts big blind $0.02
*** HOLE CARDS ***
Dealt to Dorex2007 [8h 9c]
akpnot93: folds 
Frosty196: folds 
Negro0643: folds 
Burgarn: folds 
giocata5: folds 
Dorex2007: calls $0.01
Cnopic666: checks 
*** FLOP *** [Ad 2c 8s]
Dorex2007: bets $0.06
Cnopic666: folds 
Uncalled bet ($0.06) returned to Dorex2007
Dorex2007 collected $0.04 from pot
Dorex2007: doesn't show hand 
*** SUMMARY ***
Total pot $0.04 | Rake $0 
Board [Ad 2c 8s]
Seat 1: Dorex2007 (small blind) collected ($0.04)
Seat 2: Cnopic666 (big blind) folded on the Flop
Seat 3: akpnot93 folded before Flop (didn't bet)
Seat 4: Frosty196 folded before Flop (didn't bet)
Seat 5: Negro0643 folded before Flop (didn't bet)
Seat 8: Burgarn folded before Flop (didn't bet)
Seat 9: giocata5 (button) folded before Flop (didn't bet)



PokerStars Hand #227897337248:  Hold'em No Limit ($0.01/$0.02 USD) - 2021/06/27 16:13:09 PT [2021/06/27 19:13:09 ET]
Table 'Fabre III' 9-max Seat #1 is the button
Seat 1: Dorex2007 ($3.41 in chips) 
Seat 2: Cnopic666 ($1.89 in chips) 
Seat 3: akpnot93 ($2.06 in chips) 
Seat 4: Frosty196 ($1.88 in chips) 
Seat 5: Negro0643 ($2.13 in chips) 
Seat 8: Burgarn ($2.26 in chips) 
Seat 9: giocata5 ($0.80 in chips) 
Cnopic666: posts small blind $0.01
akpnot93: posts big blind $0.02
*** HOLE CARDS ***
Dealt to Dorex2007 [Qd 5c]
Frosty196: folds 
Negro0643: folds 
Burgarn: folds 
giocata5: folds 
Dorex2007: folds 
Cnopic666: folds 
Uncalled bet ($0.01) returned to akpnot93
akpnot93 collected $0.02 from pot
akpnot93: doesn't show hand 
*** SUMMARY ***
Total pot $0.02 | Rake $0 
Seat 1: Dorex2007 (button) folded before Flop (didn't bet)
Seat 2: Cnopic666 (small blind) folded before Flop
Seat 3: akpnot93 (big blind) collected ($0.02)
Seat 4: Frosty196 folded before Flop (didn't bet)
Seat 5: Negro0643 folded before Flop (didn't bet)
Seat 8: Burgarn folded before Flop (didn't bet)
Seat 9: giocata5 folded before Flop (didn't bet)



PokerStars Hand #227897342087:  Hold'em No Limit ($0.01/$0.02 USD) - 2021/06/27 16:13:25 PT [2021/06/27 19:13:25 ET]
Table 'Fabre III' 9-max Seat #2 is the button
Seat 1: Dorex2007 ($3.41 in chips) 
Seat 2: Cnopic666 ($1.88 in chips) 
Seat 3: akpnot93 ($2.07 in chips) 
Seat 4: Frosty196 ($1.88 in chips) 
Seat 5: Negro0643 ($2.13 in chips) 
Seat 8: Burgarn ($2.26 in chips) 
Seat 9: giocata5 ($0.80 in chips) 
akpnot93: posts small blind $0.01
Frosty196: posts big blind $0.02
*** HOLE CARDS ***
Dealt to Dorex2007 [2c Ts]
Negro0643: folds 
Burgarn: folds 
giocata5: folds 
Dorex2007: folds 
Cnopic666: folds 
akpnot93: folds 
Uncalled bet ($0.01) returned to Frosty196
Frosty196 collected $0.02 from pot
Frosty196: doesn't show hand 
*** SUMMARY ***
Total pot $0.02 | Rake $0 
Seat 1: Dorex2007 folded before Flop (didn't bet)
Seat 2: Cnopic666 (button) folded before Flop (didn't bet)
Seat 3: akpnot93 (small blind) folded before Flop
Seat 4: Frosty196 (big blind) collected ($0.02)
Seat 5: Negro0643 folded before Flop (didn't bet)
Seat 8: Burgarn folded before Flop (didn't bet)
Seat 9: giocata5 folded before Flop (didn't bet)



PokerStars Hand #227897352870:  Hold'em No Limit ($0.01/$0.02 USD) - 2021/06/27 16:14:00 PT [2021/06/27 19:14:00 ET]
Table 'Fabre III' 9-max Seat #3 is the button
Seat 1: Dorex2007 ($3.41 in chips) 
Seat 2: Cnopic666 ($1.88 in chips) 
Seat 3: akpnot93 ($2.06 in chips) 
Seat 4: Frosty196 ($1.89 in chips) 
Seat 5: Negro0643 ($2.13 in chips) 
Seat 8: Burgarn ($2.26 in chips) 
Seat 9: giocata5 ($0.80 in chips) 
Frosty196: posts small blind $0.01
Negro0643: posts big blind $0.02
*** HOLE CARDS ***
Dealt to Dorex2007 [2s 2d]
Burgarn: folds 
giocata5 is disconnected 
giocata5 has timed out while being disconnected
giocata5: folds 
Dorex2007: raises $0.04 to $0.06
Cnopic666: folds 
akpnot93: calls $0.06
Frosty196: folds 
Negro0643: folds 
*** FLOP *** [Ks 7d 3c]
Dorex2007: bets $0.07
akpnot93: folds 
Uncalled bet ($0.07) returned to Dorex2007
Dorex2007 collected $0.14 from pot
Dorex2007: doesn't show hand 
*** SUMMARY ***
Total pot $0.15 | Rake $0.01 
Board [Ks 7d 3c]
Seat 1: Dorex2007 collected ($0.14)
Seat 2: Cnopic666 folded before Flop (didn't bet)
Seat 3: akpnot93 (button) folded on the Flop
Seat 4: Frosty196 (small blind) folded before Flop
Seat 5: Negro0643 (big blind) folded before Flop
Seat 8: Burgarn folded before Flop (didn't bet)
Seat 9: giocata5 folded before Flop (didn't bet)



PokerStars Hand #227897364082:  Hold'em No Limit ($0.01/$0.02 USD) - 2021/06/27 16:14:36 PT [2021/06/27 19:14:36 ET]
Table 'Fabre III' 9-max Seat #4 is the button
Seat 1: Dorex2007 ($3.49 in chips) 
Seat 2: Cnopic666 ($1.88 in chips) 
Seat 3: akpnot93 ($2 in chips) 
Seat 4: Frosty196 ($1.88 in chips) 
Seat 5: Negro0643 ($2.11 in chips) 
Seat 8: Burgarn ($2.26 in chips) 
Negro0643: posts small blind $0.01
Burgarn: posts big blind $0.02
*** HOLE CARDS ***
Dealt to Dorex2007 [8d 6s]
Dorex2007: folds 
Cnopic666: raises $0.03 to $0.05
akpnot93: folds 
Frosty196: calls $0.05
Negro0643: calls $0.04
Burgarn: folds 
*** FLOP *** [Qh Qs 3s]
Negro0643: checks 
Cnopic666: checks 
Frosty196: checks 
*** TURN *** [Qh Qs 3s] [6d]
Negro0643: checks 
Cnopic666: checks 
Frosty196: bets $0.08
Negro0643: folds 
Cnopic666: folds 
Uncalled bet ($0.08) returned to Frosty196
Frosty196 collected $0.16 from pot
Frosty196: doesn't show hand 
*** SUMMARY ***
Total pot $0.17 | Rake $0.01 
Board [Qh Qs 3s 6d]
Seat 1: Dorex2007 folded before Flop (didn't bet)
Seat 2: Cnopic666 folded on the Turn
Seat 3: akpnot93 folded before Flop (didn't bet)
Seat 4: Frosty196 (button) collected ($0.16)
Seat 5: Negro0643 (small blind) folded on the Turn
Seat 8: Burgarn (big blind) folded before Flop



PokerStars Hand #227897375926:  Hold'em No Limit ($0.01/$0.02 USD) - 2021/06/27 16:15:15 PT [2021/06/27 19:15:15 ET]
Table 'Fabre III' 9-max Seat #5 is the button
Seat 1: Dorex2007 ($3.49 in chips) 
Seat 2: Cnopic666 ($1.83 in chips) 
Seat 3: akpnot93 ($2 in chips) 
Seat 4: Frosty196 ($1.99 in chips) 
Seat 5: Negro0643 ($2.06 in chips) 
Seat 8: Burgarn ($2.24 in chips) 
Seat 9: giocata5 ($0.80 in chips) 
Burgarn: posts small blind $0.01
giocata5: posts big blind $0.02
*** HOLE CARDS ***
Dealt to Dorex2007 [9s 4c]
Dorex2007: folds 
Cnopic666: folds 
akpnot93: raises $0.04 to $0.06
Frosty196: calls $0.06
Negro0643: folds 
Burgarn: folds 
giocata5: folds 
*** FLOP *** [6h Qc 8h]
vavillonn joins the table at seat #6 
akpnot93: checks 
Frosty196: bets $0.08
akpnot93: calls $0.08
*** TURN *** [6h Qc 8h] [7d]
akpnot93: checks 
Frosty196: bets $0.15
akpnot93: calls $0.15
*** RIVER *** [6h Qc 8h 7d] [Jc]
akpnot93: checks 
Frosty196: checks 
*** SHOW DOWN ***
akpnot93: shows [Kd Td] (high card King)
Frosty196: shows [Qh Ac] (a pair of Queens)
Frosty196 collected $0.59 from pot
*** SUMMARY ***
Total pot $0.61 | Rake $0.02 
Board [6h Qc 8h 7d Jc]
Seat 1: Dorex2007 folded before Flop (didn't bet)
Seat 2: Cnopic666 folded before Flop (didn't bet)
Seat 3: akpnot93 showed [Kd Td] and lost with high card King
Seat 4: Frosty196 showed [Qh Ac] and won ($0.59) with a pair of Queens
Seat 5: Negro0643 (button) folded before Flop (didn't bet)
Seat 8: Burgarn (small blind) folded before Flop
Seat 9: giocata5 (big blind) folded before Flop



PokerStars Hand #227897386989:  Hold'em No Limit ($0.01/$0.02 USD) - 2021/06/27 16:15:51 PT [2021/06/27 19:15:51 ET]
Table 'Fabre III' 9-max Seat #8 is the button
Seat 1: Dorex2007 ($3.49 in chips) 
Seat 2: Cnopic666 ($1.83 in chips) 
Seat 3: akpnot93 ($2 in chips) 
Seat 4: Frosty196 ($2.29 in chips) 
Seat 5: Negro0643 ($2.06 in chips) 
Seat 8: Burgarn ($2.23 in chips) 
Seat 9: giocata5 ($0.80 in chips) 
giocata5: posts small blind $0.01
Dorex2007: posts big blind $0.02
vavillonn: sits out 
*** HOLE CARDS ***
Dealt to Dorex2007 [8h 7c]
Cnopic666: folds 
akpnot93: folds 
Frosty196: folds 
Negro0643: folds 
Burgarn: folds 
giocata5: folds 
Uncalled bet ($0.01) returned to Dorex2007
Dorex2007 collected $0.02 from pot
Dorex2007: doesn't show hand 
vavillonn leaves the table
*** SUMMARY ***
Total pot $0.02 | Rake $0 
Seat 1: Dorex2007 (big blind) collected ($0.02)
Seat 2: Cnopic666 folded before Flop (didn't bet)
Seat 3: akpnot93 folded before Flop (didn't bet)
Seat 4: Frosty196 folded before Flop (didn't bet)
Seat 5: Negro0643 folded before Flop (didn't bet)
Seat 8: Burgarn (button) folded before Flop (didn't bet)
Seat 9: giocata5 (small blind) folded before Flop



PokerStars Hand #227897391245:  Hold'em No Limit ($0.01/$0.02 USD) - 2021/06/27 16:16:05 PT [2021/06/27 19:16:05 ET]
Table 'Fabre III' 9-max Seat #9 is the button
Seat 1: Dorex2007 ($3.50 in chips) 
Seat 2: Cnopic666 ($1.83 in chips) 
Seat 3: akpnot93 ($2 in chips) 
Seat 4: Frosty196 ($2.29 in chips) 
Seat 5: Negro0643 ($2.06 in chips) 
Seat 8: Burgarn ($2.23 in chips) 
Seat 9: giocata5 ($0.80 in chips) 
Dorex2007: posts small blind $0.01
Cnopic666: posts big blind $0.02
*** HOLE CARDS ***
Dealt to Dorex2007 [5s 3d]
akpnot93: raises $0.04 to $0.06
Frosty196: folds 
Negro0643: folds 
Burgarn: folds 
giocata5: folds 
Dorex2007: folds 
Cnopic666: folds 
Uncalled bet ($0.04) returned to akpnot93
akpnot93 collected $0.05 from pot
akpnot93: doesn't show hand 
*** SUMMARY ***
Total pot $0.05 | Rake $0 
Seat 1: Dorex2007 (small blind) folded before Flop
Seat 2: Cnopic666 (big blind) folded before Flop
Seat 3: akpnot93 collected ($0.05)
Seat 4: Frosty196 folded before Flop (didn't bet)
Seat 5: Negro0643 folded before Flop (didn't bet)
Seat 8: Burgarn folded before Flop (didn't bet)
Seat 9: giocata5 (button) folded before Flop (didn't bet)



PokerStars Hand #227897400927:  Hold'em No Limit ($0.01/$0.02 USD) - 2021/06/27 16:16:29 PT [2021/06/27 19:16:29 ET]
Table 'Fabre III' 9-max Seat #1 is the button
Seat 1: Dorex2007 ($3.49 in chips) 
Seat 2: Cnopic666 ($1.81 in chips) 
Seat 3: akpnot93 ($2.03 in chips) 
Seat 4: Frosty196 ($2.29 in chips) 
Seat 5: Negro0643 ($2.06 in chips) 
Seat 8: Burgarn ($2.23 in chips) 
Seat 9: giocata5 ($0.80 in chips) 
Cnopic666: posts small blind $0.01
akpnot93: posts big blind $0.02
*** HOLE CARDS ***
Dealt to Dorex2007 [3h 4c]
Frosty196: folds 
Negro0643: folds 
Burgarn: folds 
giocata5: folds 
Dorex2007: folds 
Cnopic666: folds 
Uncalled bet ($0.01) returned to akpnot93
akpnot93 collected $0.02 from pot
akpnot93: doesn't show hand 
*** SUMMARY ***
Total pot $0.02 | Rake $0 
Seat 1: Dorex2007 (button) folded before Flop (didn't bet)
Seat 2: Cnopic666 (small blind) folded before Flop
Seat 3: akpnot93 (big blind) collected ($0.02)
Seat 4: Frosty196 folded before Flop (didn't bet)
Seat 5: Negro0643 folded before Flop (didn't bet)
Seat 8: Burgarn folded before Flop (didn't bet)
Seat 9: giocata5 folded before Flop (didn't bet)



PokerStars Hand #227897404159:  Hold'em No Limit ($0.01/$0.02 USD) - 2021/06/27 16:16:40 PT [2021/06/27 19:16:40 ET]
Table 'Fabre III' 9-max Seat #2 is the button
Seat 1: Dorex2007 ($3.49 in chips) 
Seat 2: Cnopic666 ($1.80 in chips) 
Seat 3: akpnot93 ($2.04 in chips) 
Seat 4: Frosty196 ($2.29 in chips) 
Seat 5: Negro0643 ($2.06 in chips) 
Seat 8: Burgarn ($2.23 in chips) 
Seat 9: giocata5 ($0.80 in chips) 
akpnot93: posts small blind $0.01
Frosty196: posts big blind $0.02
*** HOLE CARDS ***
Dealt to Dorex2007 [2d 4s]
Negro0643: folds 
Burgarn: folds 
giocata5: folds 
Dorex2007: folds 
Cnopic666: raises $0.03 to $0.05
akpnot93: raises $0.13 to $0.18
Frosty196: folds 
Cnopic666: folds 
Uncalled bet ($0.13) returned to akpnot93
akpnot93 collected $0.12 from pot
akpnot93: doesn't show hand 
*** SUMMARY ***
Total pot $0.12 | Rake $0 
Seat 1: Dorex2007 folded before Flop (didn't bet)
Seat 2: Cnopic666 (button) folded before Flop
Seat 3: akpnot93 (small blind) collected ($0.12)
Seat 4: Frosty196 (big blind) folded before Flop
Seat 5: Negro0643 folded before Flop (didn't bet)
Seat 8: Burgarn folded before Flop (didn't bet)
Seat 9: giocata5 folded before Flop (didn't bet)



PokerStars Hand #227897411521:  Hold'em No Limit ($0.01/$0.02 USD) - 2021/06/27 16:17:04 PT [2021/06/27 19:17:04 ET]
Table 'Fabre III' 9-max Seat #3 is the button
Seat 1: Dorex2007 ($3.49 in chips) 
Seat 2: Cnopic666 ($1.75 in chips) 
Seat 3: akpnot93 ($2.11 in chips) 
Seat 4: Frosty196 ($2.27 in chips) 
Seat 5: Negro0643 ($2.06 in chips) 
Seat 8: Burgarn ($2.23 in chips) 
Seat 9: giocata5 ($0.80 in chips) 
Frosty196: posts small blind $0.01
Negro0643: posts big blind $0.02
*** HOLE CARDS ***
Dealt to Dorex2007 [6s Th]
Burgarn: folds 
CasObserver joins the table at seat #6 
giocata5: raises $0.04 to $0.06
Dorex2007: folds 
Cnopic666: raises $0.12 to $0.18
akpnot93: folds 
Frosty196: folds 
Negro0643: folds 
giocata5: calls $0.12
*** FLOP *** [5d 7d 7h]
giocata5: checks 
Cnopic666: bets $0.19
giocata5: folds 
Uncalled bet ($0.19) returned to Cnopic666
Cnopic666 collected $0.38 from pot
Cnopic666: doesn't show hand 
*** SUMMARY ***
Total pot $0.39 | Rake $0.01 
Board [5d 7d 7h]
Seat 1: Dorex2007 folded before Flop (didn't bet)
Seat 2: Cnopic666 collected ($0.38)
Seat 3: akpnot93 (button) folded before Flop (didn't bet)
Seat 4: Frosty196 (small blind) folded before Flop
Seat 5: Negro0643 (big blind) folded before Flop
Seat 8: Burgarn folded before Flop (didn't bet)
Seat 9: giocata5 folded on the Flop



PokerStars Hand #227897425475:  Hold'em No Limit ($0.01/$0.02 USD) - 2021/06/27 16:17:50 PT [2021/06/27 19:17:50 ET]
Table 'Fabre III' 9-max Seat #4 is the button
Seat 1: Dorex2007 ($3.49 in chips) 
Seat 2: Cnopic666 ($1.95 in chips) 
Seat 4: Frosty196 ($2.26 in chips) 
Seat 5: Negro0643 ($2.04 in chips) 
Seat 6: CasObserver ($1 in chips) 
Seat 8: Burgarn ($2.23 in chips) 
Seat 9: giocata5 ($0.80 in chips) 
Negro0643: posts small blind $0.01
CasObserver: posts big blind $0.02
*** HOLE CARDS ***
Dealt to Dorex2007 [Td 4c]
Burgarn: raises $0.02 to $0.04
giocata5: folds 
Dorex2007: folds 
Cnopic666: folds 
Frosty196: calls $0.04
Negro0643: folds 
CasObserver: calls $0.02
*** FLOP *** [Ah 6d 8s]
Negro0643 leaves the table
CasObserver: checks 
Burgarn: checks 
Frosty196: bets $0.08
CasObserver: folds 
Burgarn: calls $0.08
*** TURN *** [Ah 6d 8s] [6s]
Burgarn: checks 
Frosty196: checks 
*** RIVER *** [Ah 6d 8s 6s] [Qc]
Burgarn: bets $0.10
Frosty196: folds 
Uncalled bet ($0.10) returned to Burgarn
Burgarn collected $0.28 from pot
Burgarn: doesn't show hand 
*** SUMMARY ***
Total pot $0.29 | Rake $0.01 
Board [Ah 6d 8s 6s Qc]
Seat 1: Dorex2007 folded before Flop (didn't bet)
Seat 2: Cnopic666 folded before Flop (didn't bet)
Seat 4: Frosty196 (button) folded on the River
Seat 5: Negro0643 (small blind) folded before Flop
Seat 6: CasObserver (big blind) folded on the Flop
Seat 8: Burgarn collected ($0.28)
Seat 9: giocata5 folded before Flop (didn't bet)



PokerStars Hand #227897439207:  Hold'em No Limit ($0.01/$0.02 USD) - 2021/06/27 16:18:36 PT [2021/06/27 19:18:36 ET]
Table 'Fabre III' 9-max Seat #6 is the button
Seat 1: Dorex2007 ($3.49 in chips) 
Seat 2: Cnopic666 ($1.95 in chips) 
Seat 4: Frosty196 ($2.14 in chips) 
Seat 6: CasObserver ($0.96 in chips) 
Seat 8: Burgarn ($2.39 in chips) 
Seat 9: giocata5 ($0.80 in chips) 
Burgarn: posts small blind $0.01
giocata5: posts big blind $0.02
*** HOLE CARDS ***
Dealt to Dorex2007 [Tc Js]
Dorex2007: folds 
Cnopic666: folds 
Frosty196: folds 
CasObserver: folds 
Burgarn: folds 
Uncalled bet ($0.01) returned to giocata5
giocata5 collected $0.02 from pot
giocata5: doesn't show hand 
*** SUMMARY ***
Total pot $0.02 | Rake $0 
Seat 1: Dorex2007 folded before Flop (didn't bet)
Seat 2: Cnopic666 folded before Flop (didn't bet)
Seat 4: Frosty196 folded before Flop (didn't bet)
Seat 6: CasObserver (button) folded before Flop (didn't bet)
Seat 8: Burgarn (small blind) folded before Flop
Seat 9: giocata5 (big blind) collected ($0.02)



PokerStars Hand #227897442674:  Hold'em No Limit ($0.01/$0.02 USD) - 2021/06/27 16:18:47 PT [2021/06/27 19:18:47 ET]
Table 'Fabre III' 9-max Seat #8 is the button
Seat 1: Dorex2007 ($3.49 in chips) 
Seat 2: Cnopic666 ($1.95 in chips) 
Seat 4: Frosty196 ($2.14 in chips) 
Seat 6: CasObserver ($0.96 in chips) 
Seat 8: Burgarn ($2.38 in chips) 
Seat 9: giocata5 ($0.81 in chips) 
giocata5: posts small blind $0.01
Dorex2007: posts big blind $0.02
*** HOLE CARDS ***
Dealt to Dorex2007 [9h Qh]
Cnopic666: folds 
Frosty196: folds 
CasObserver: folds 
Burgarn: calls $0.02
giocata5: folds 
Dorex2007: checks 
*** FLOP *** [8c Ad 7h]
akpnot93 leaves the table
Dorex2007: checks 
Burgarn: checks 
*** TURN *** [8c Ad 7h] [Jh]
Dorex2007: bets $0.05
Burgarn: folds 
Uncalled bet ($0.05) returned to Dorex2007
Dorex2007 collected $0.05 from pot
Dorex2007: doesn't show hand 
*** SUMMARY ***
Total pot $0.05 | Rake $0 
Board [8c Ad 7h Jh]
Seat 1: Dorex2007 (big blind) collected ($0.05)
Seat 2: Cnopic666 folded before Flop (didn't bet)
Seat 4: Frosty196 folded before Flop (didn't bet)
Seat 6: CasObserver folded before Flop (didn't bet)
Seat 8: Burgarn (button) folded on the Turn
Seat 9: giocata5 (small blind) folded before Flop



PokerStars Hand #227897456581:  Hold'em No Limit ($0.01/$0.02 USD) - 2021/06/27 16:19:32 PT [2021/06/27 19:19:32 ET]
Table 'Fabre III' 9-max Seat #2 is the button
Seat 1: Dorex2007 ($3.52 in chips) 
Seat 2: Cnopic666 ($1.94 in chips) 
Seat 4: Frosty196 ($2.12 in chips) 
Seat 6: CasObserver ($0.99 in chips) 
Seat 8: Burgarn ($2.36 in chips) 
Seat 9: giocata5 ($0.80 in chips) 
Frosty196: posts small blind $0.01
CasObserver: posts big blind $0.02
Dorex2007: posts small blind $0.01
*** HOLE CARDS ***
Dealt to Dorex2007 [Ts 7d]
Burgarn: calls $0.02
giocata5: folds 
Dorex2007: folds 
Cnopic666: folds 
Frosty196: folds 
CasObserver: checks 
*** FLOP *** [6s 4c Tc]
CasObserver: checks 
Burgarn: bets $0.03
CasObserver: folds 
Uncalled bet ($0.03) returned to Burgarn
Burgarn collected $0.06 from pot
Burgarn: doesn't show hand 
*** SUMMARY ***
Total pot $0.06 | Rake $0 
Board [6s 4c Tc]
Seat 1: Dorex2007 folded before Flop (didn't bet)
Seat 2: Cnopic666 (button) folded before Flop (didn't bet)
Seat 4: Frosty196 (small blind) folded before Flop
Seat 6: CasObserver (big blind) folded on the Flop
Seat 8: Burgarn collected ($0.06)
Seat 9: giocata5 folded before Flop (didn't bet)



PokerStars Hand #227897464167:  Hold'em No Limit ($0.01/$0.02 USD) - 2021/06/27 16:19:57 PT [2021/06/27 19:19:57 ET]
Table 'Fabre III' 9-max Seat #4 is the button
Seat 1: Dorex2007 ($3.51 in chips) 
Seat 2: Cnopic666 ($1.94 in chips) 
Seat 4: Frosty196 ($2.11 in chips) 
Seat 6: CasObserver ($0.97 in chips) 
Seat 8: Burgarn ($2.40 in chips) 
Seat 9: giocata5 ($0.80 in chips) 
CasObserver: posts small blind $0.01
Burgarn: posts big blind $0.02
*** HOLE CARDS ***
Dealt to Dorex2007 [Th Jh]
giocata5: raises $0.04 to $0.06
Dorex2007: folds 
Cnopic666: folds 
Frosty196: folds 
CasObserver: folds 
Burgarn: folds 
Uncalled bet ($0.04) returned to giocata5
giocata5 collected $0.05 from pot
giocata5: doesn't show hand 
*** SUMMARY ***
Total pot $0.05 | Rake $0 
Seat 1: Dorex2007 folded before Flop (didn't bet)
Seat 2: Cnopic666 folded before Flop (didn't bet)
Seat 4: Frosty196 (button) folded before Flop (didn't bet)
Seat 6: CasObserver (small blind) folded before Flop
Seat 8: Burgarn (big blind) folded before Flop
Seat 9: giocata5 collected ($0.05)



PokerStars Hand #227897468946:  Hold'em No Limit ($0.01/$0.02 USD) - 2021/06/27 16:20:13 PT [2021/06/27 19:20:13 ET]
Table 'Fabre III' 9-max Seat #6 is the button
Seat 1: Dorex2007 ($3.51 in chips) 
Seat 2: Cnopic666 ($1.94 in chips) 
Seat 4: Frosty196 ($2.11 in chips) 
Seat 6: CasObserver ($0.96 in chips) 
Seat 8: Burgarn ($2.38 in chips) 
Seat 9: giocata5 ($0.83 in chips) 
Burgarn: posts small blind $0.01
giocata5: posts big blind $0.02
*** HOLE CARDS ***
Dealt to Dorex2007 [5d 2h]
Dorex2007: folds 
Cnopic666: folds 
Frosty196: folds 
CasObserver: folds 
Burgarn: folds 
Uncalled bet ($0.01) returned to giocata5
giocata5 collected $0.02 from pot
*** SUMMARY ***
Total pot $0.02 | Rake $0 
Seat 1: Dorex2007 folded before Flop (didn't bet)
Seat 2: Cnopic666 folded before Flop (didn't bet)
Seat 4: Frosty196 folded before Flop (didn't bet)
Seat 6: CasObserver (button) folded before Flop (didn't bet)
Seat 8: Burgarn (small blind) folded before Flop
Seat 9: giocata5 (big blind) collected ($0.02)



