PokerStars Hand #225585613826:  Hold'em No Limit ($0.01/$0.02 USD) - 2021/04/06 21:50:16 PT [2021/04/07 0:50:16 ET]
Table 'Caprera II' 9-max Seat #3 is the button
Seat 1: txym ($7.35 in chips) 
Seat 2: Kappa Star072 ($1.80 in chips) 
Seat 3: ser447787 ($2 in chips) 
Seat 4: Copetti112 ($2.23 in chips) 
Seat 5: Dorex2007 ($1.50 in chips) 
Seat 6: JDL_X321 ($2.35 in chips) 
Seat 7: Madic Cadim ($2.14 in chips) 
Seat 8: alluring_enemy ($2 in chips) 
Copetti112: posts small blind $0.01
Dorex2007: posts big blind $0.02
*** HOLE CARDS ***
Dealt to Dorex2007 [5s 6c]
JDL_X321: folds 
Madic Cadim: folds 
alluring_enemy: folds 
txym: folds 
Kappa Star072: folds 
ser447787: raises $0.04 to $0.06
Copetti112: folds 
Dorex2007: folds 
Uncalled bet ($0.04) returned to ser447787
ser447787 collected $0.05 from pot
*** SUMMARY ***
Total pot $0.05 | Rake $0 
Seat 1: txym folded before Flop (didn't bet)
Seat 2: Kappa Star072 folded before Flop (didn't bet)
Seat 3: ser447787 (button) collected ($0.05)
Seat 4: Copetti112 (small blind) folded before Flop
Seat 5: Dorex2007 (big blind) folded before Flop
Seat 6: JDL_X321 folded before Flop (didn't bet)
Seat 7: Madic Cadim folded before Flop (didn't bet)
Seat 8: alluring_enemy folded before Flop (didn't bet)



PokerStars Hand #225585616325:  Hold'em No Limit ($0.01/$0.02 USD) - 2021/04/06 21:50:31 PT [2021/04/07 0:50:31 ET]
Table 'Caprera II' 9-max Seat #4 is the button
Seat 1: txym ($7.35 in chips) 
Seat 2: Kappa Star072 ($1.80 in chips) 
Seat 3: ser447787 ($2.03 in chips) 
Seat 4: Copetti112 ($2.22 in chips) 
Seat 5: Dorex2007 ($1.48 in chips) 
Seat 6: JDL_X321 ($2.35 in chips) 
Seat 7: Madic Cadim ($2.14 in chips) 
Seat 8: alluring_enemy ($2 in chips) 
Dorex2007: posts small blind $0.01
JDL_X321: posts big blind $0.02
*** HOLE CARDS ***
Dealt to Dorex2007 [Qd 8h]
Madic Cadim: folds 
alluring_enemy: folds 
txym: folds 
Kappa Star072: folds 
ser447787: raises $0.05 to $0.07
Copetti112: folds 
Dorex2007: folds 
JDL_X321: folds 
Uncalled bet ($0.05) returned to ser447787
ser447787 collected $0.05 from pot
*** SUMMARY ***
Total pot $0.05 | Rake $0 
Seat 1: txym folded before Flop (didn't bet)
Seat 2: Kappa Star072 folded before Flop (didn't bet)
Seat 3: ser447787 collected ($0.05)
Seat 4: Copetti112 (button) folded before Flop (didn't bet)
Seat 5: Dorex2007 (small blind) folded before Flop
Seat 6: JDL_X321 (big blind) folded before Flop
Seat 7: Madic Cadim folded before Flop (didn't bet)
Seat 8: alluring_enemy folded before Flop (didn't bet)



PokerStars Hand #225585619693:  Hold'em No Limit ($0.01/$0.02 USD) - 2021/04/06 21:50:51 PT [2021/04/07 0:50:51 ET]
Table 'Caprera II' 9-max Seat #5 is the button
Seat 1: txym ($7.35 in chips) 
Seat 2: Kappa Star072 ($1.80 in chips) 
Seat 3: ser447787 ($2.06 in chips) 
Seat 4: Copetti112 ($2.22 in chips) 
Seat 5: Dorex2007 ($1.47 in chips) 
Seat 6: JDL_X321 ($2.33 in chips) 
Seat 7: Madic Cadim ($2.14 in chips) 
Seat 8: alluring_enemy ($2 in chips) 
JDL_X321: posts small blind $0.01
Madic Cadim: posts big blind $0.02
*** HOLE CARDS ***
Dealt to Dorex2007 [9c 6d]
alluring_enemy: calls $0.02
txym: folds 
Kappa Star072: calls $0.02
ser447787: folds 
Copetti112: calls $0.02
Dorex2007: folds 
JDL_X321: folds 
Madic Cadim: checks 
*** FLOP *** [6h 8s 8c]
Madic Cadim: checks 
alluring_enemy: checks 
Kappa Star072: checks 
Copetti112: checks 
*** TURN *** [6h 8s 8c] [9d]
Madic Cadim: bets $0.04
alluring_enemy: calls $0.04
Kappa Star072: folds 
Copetti112: folds 
*** RIVER *** [6h 8s 8c 9d] [Qd]
Madic Cadim: bets $0.06
alluring_enemy: calls $0.06
*** SHOW DOWN ***
Madic Cadim: shows [7d Td] (a straight, Six to Ten)
alluring_enemy: mucks hand 
Madic Cadim collected $0.28 from pot
*** SUMMARY ***
Total pot $0.29 | Rake $0.01 
Board [6h 8s 8c 9d Qd]
Seat 1: txym folded before Flop (didn't bet)
Seat 2: Kappa Star072 folded on the Turn
Seat 3: ser447787 folded before Flop (didn't bet)
Seat 4: Copetti112 folded on the Turn
Seat 5: Dorex2007 (button) folded before Flop (didn't bet)
Seat 6: JDL_X321 (small blind) folded before Flop
Seat 7: Madic Cadim (big blind) showed [7d Td] and won ($0.28) with a straight, Six to Ten
Seat 8: alluring_enemy mucked [As Ah]



PokerStars Hand #225585643616:  Hold'em No Limit ($0.01/$0.02 USD) - 2021/04/06 21:53:13 PT [2021/04/07 0:53:13 ET]
Table 'Caprera II' 9-max Seat #7 is the button
Seat 1: txym ($7.35 in chips) 
Seat 2: Kappa Star072 ($1.78 in chips) 
Seat 4: Copetti112 ($2.20 in chips) 
Seat 5: Dorex2007 ($1.47 in chips) 
Seat 6: JDL_X321 ($2.32 in chips) 
Seat 7: Madic Cadim ($2.80 in chips) 
Seat 8: alluring_enemy ($1.86 in chips) 
alluring_enemy: posts small blind $0.01
txym: posts big blind $0.02
*** HOLE CARDS ***
Dealt to Dorex2007 [Qd 3s]
Kappa Star072: raises $0.03 to $0.05
Copetti112: folds 
Dorex2007: folds 
JDL_X321: folds 
Madic Cadim: folds 
alluring_enemy: folds 
txym: folds 
Uncalled bet ($0.03) returned to Kappa Star072
Kappa Star072 collected $0.05 from pot
*** SUMMARY ***
Total pot $0.05 | Rake $0 
Seat 1: txym (big blind) folded before Flop
Seat 2: Kappa Star072 collected ($0.05)
Seat 4: Copetti112 folded before Flop (didn't bet)
Seat 5: Dorex2007 folded before Flop (didn't bet)
Seat 6: JDL_X321 folded before Flop (didn't bet)
Seat 7: Madic Cadim (button) folded before Flop (didn't bet)
Seat 8: alluring_enemy (small blind) folded before Flop



PokerStars Hand #225585645821:  Hold'em No Limit ($0.01/$0.02 USD) - 2021/04/06 21:53:26 PT [2021/04/07 0:53:26 ET]
Table 'Caprera II' 9-max Seat #8 is the button
Seat 1: txym ($7.33 in chips) 
Seat 2: Kappa Star072 ($1.81 in chips) 
Seat 3: ser447787 ($2 in chips) 
Seat 4: Copetti112 ($2.20 in chips) 
Seat 5: Dorex2007 ($1.47 in chips) 
Seat 6: JDL_X321 ($2.32 in chips) 
Seat 7: Madic Cadim ($2.80 in chips) 
Seat 8: alluring_enemy ($1.85 in chips) 
txym: posts small blind $0.01
Kappa Star072: posts big blind $0.02
*** HOLE CARDS ***
Dealt to Dorex2007 [Jc 2c]
ser447787: folds 
Copetti112: folds 
Dorex2007: folds 
JDL_X321: raises $0.04 to $0.06
Madic Cadim: folds 
alluring_enemy: calls $0.06
txym: folds 
Kappa Star072: folds 
*** FLOP *** [2h Ac 4c]
JDL_X321: bets $0.07
alluring_enemy: folds 
Uncalled bet ($0.07) returned to JDL_X321
JDL_X321 collected $0.14 from pot
JDL_X321: doesn't show hand 
*** SUMMARY ***
Total pot $0.15 | Rake $0.01 
Board [2h Ac 4c]
Seat 1: txym (small blind) folded before Flop
Seat 2: Kappa Star072 (big blind) folded before Flop
Seat 3: ser447787 folded before Flop (didn't bet)
Seat 4: Copetti112 folded before Flop (didn't bet)
Seat 5: Dorex2007 folded before Flop (didn't bet)
Seat 6: JDL_X321 collected ($0.14)
Seat 7: Madic Cadim folded before Flop (didn't bet)
Seat 8: alluring_enemy (button) folded on the Flop



PokerStars Hand #225585650297:  Hold'em No Limit ($0.01/$0.02 USD) - 2021/04/06 21:53:53 PT [2021/04/07 0:53:53 ET]
Table 'Caprera II' 9-max Seat #1 is the button
Seat 1: txym ($7.32 in chips) 
Seat 2: Kappa Star072 ($1.79 in chips) 
Seat 3: ser447787 ($2 in chips) 
Seat 4: Copetti112 ($2.20 in chips) 
Seat 5: Dorex2007 ($1.47 in chips) 
Seat 6: JDL_X321 ($2.40 in chips) 
Seat 7: Madic Cadim ($2.80 in chips) 
Seat 8: alluring_enemy ($1.94 in chips) 
Kappa Star072: posts small blind $0.01
ser447787: posts big blind $0.02
*** HOLE CARDS ***
Dealt to Dorex2007 [4d 8h]
Copetti112: raises $0.04 to $0.06
Dorex2007: folds 
JDL_X321: folds 
Madic Cadim: folds 
alluring_enemy: folds 
txym: folds 
Kappa Star072: calls $0.05
ser447787: folds 
*** FLOP *** [8s Kh Ah]
Kappa Star072: checks 
Copetti112: bets $0.14
Kappa Star072: folds 
Uncalled bet ($0.14) returned to Copetti112
Copetti112 collected $0.14 from pot
*** SUMMARY ***
Total pot $0.14 | Rake $0 
Board [8s Kh Ah]
Seat 1: txym (button) folded before Flop (didn't bet)
Seat 2: Kappa Star072 (small blind) folded on the Flop
Seat 3: ser447787 (big blind) folded before Flop
Seat 4: Copetti112 collected ($0.14)
Seat 5: Dorex2007 folded before Flop (didn't bet)
Seat 6: JDL_X321 folded before Flop (didn't bet)
Seat 7: Madic Cadim folded before Flop (didn't bet)
Seat 8: alluring_enemy folded before Flop (didn't bet)



PokerStars Hand #225585655943:  Hold'em No Limit ($0.01/$0.02 USD) - 2021/04/06 21:54:27 PT [2021/04/07 0:54:27 ET]
Table 'Caprera II' 9-max Seat #2 is the button
Seat 1: txym ($7.32 in chips) 
Seat 2: Kappa Star072 ($1.73 in chips) 
Seat 3: ser447787 ($2 in chips) 
Seat 4: Copetti112 ($2.28 in chips) 
Seat 5: Dorex2007 ($1.47 in chips) 
Seat 6: JDL_X321 ($2.40 in chips) 
Seat 7: Madic Cadim ($2.80 in chips) 
Seat 8: alluring_enemy ($1.94 in chips) 
ser447787: posts small blind $0.01
Copetti112: posts big blind $0.02
*** HOLE CARDS ***
Dealt to Dorex2007 [5s Ad]
Dorex2007: folds 
JDL_X321: folds 
Madic Cadim: folds 
alluring_enemy: folds 
txym: folds 
Kappa Star072: raises $0.04 to $0.06
ser447787: folds 
Copetti112: calls $0.04
*** FLOP *** [3d Kc 6c]
Copetti112: checks 
Kappa Star072: checks 
*** TURN *** [3d Kc 6c] [4h]
Copetti112: checks 
Kappa Star072: checks 
*** RIVER *** [3d Kc 6c 4h] [3s]
Copetti112: checks 
Kappa Star072: checks 
*** SHOW DOWN ***
Copetti112: shows [Ac 8h] (a pair of Threes)
Kappa Star072: mucks hand 
Copetti112 collected $0.13 from pot
*** SUMMARY ***
Total pot $0.13 | Rake $0 
Board [3d Kc 6c 4h 3s]
Seat 1: txym folded before Flop (didn't bet)
Seat 2: Kappa Star072 (button) mucked [Ah 2s]
Seat 3: ser447787 (small blind) folded before Flop
Seat 4: Copetti112 (big blind) showed [Ac 8h] and won ($0.13) with a pair of Threes
Seat 5: Dorex2007 folded before Flop (didn't bet)
Seat 6: JDL_X321 folded before Flop (didn't bet)
Seat 7: Madic Cadim folded before Flop (didn't bet)
Seat 8: alluring_enemy folded before Flop (didn't bet)



PokerStars Hand #225585661760:  Hold'em No Limit ($0.01/$0.02 USD) - 2021/04/06 21:55:02 PT [2021/04/07 0:55:02 ET]
Table 'Caprera II' 9-max Seat #3 is the button
Seat 1: txym ($7.32 in chips) 
Seat 2: Kappa Star072 ($1.67 in chips) 
Seat 3: ser447787 ($2 in chips) 
Seat 4: Copetti112 ($2.35 in chips) 
Seat 5: Dorex2007 ($1.47 in chips) 
Seat 6: JDL_X321 ($2.40 in chips) 
Seat 7: Madic Cadim ($2.80 in chips) 
Seat 8: alluring_enemy ($1.94 in chips) 
Copetti112: posts small blind $0.01
Dorex2007: posts big blind $0.02
*** HOLE CARDS ***
Dealt to Dorex2007 [Th Qd]
JDL_X321: folds 
Madic Cadim: folds 
alluring_enemy: calls $0.02
txym: folds 
Kappa Star072: calls $0.02
ser447787: folds 
Copetti112: folds 
Dorex2007: checks 
*** FLOP *** [Ah 4d 7h]
Dorex2007: checks 
alluring_enemy: checks 
Kappa Star072: checks 
*** TURN *** [Ah 4d 7h] [As]
Dorex2007: checks 
alluring_enemy: bets $0.04
Kappa Star072: folds 
Dorex2007: folds 
Uncalled bet ($0.04) returned to alluring_enemy
alluring_enemy collected $0.07 from pot
alluring_enemy: doesn't show hand 
*** SUMMARY ***
Total pot $0.07 | Rake $0 
Board [Ah 4d 7h As]
Seat 1: txym folded before Flop (didn't bet)
Seat 2: Kappa Star072 folded on the Turn
Seat 3: ser447787 (button) folded before Flop (didn't bet)
Seat 4: Copetti112 (small blind) folded before Flop
Seat 5: Dorex2007 (big blind) folded on the Turn
Seat 6: JDL_X321 folded before Flop (didn't bet)
Seat 7: Madic Cadim folded before Flop (didn't bet)
Seat 8: alluring_enemy collected ($0.07)



PokerStars Hand #225585665731:  Hold'em No Limit ($0.01/$0.02 USD) - 2021/04/06 21:55:29 PT [2021/04/07 0:55:29 ET]
Table 'Caprera II' 9-max Seat #4 is the button
Seat 1: txym ($7.32 in chips) 
Seat 2: Kappa Star072 ($1.65 in chips) 
Seat 3: ser447787 ($2 in chips) 
Seat 4: Copetti112 ($2.34 in chips) 
Seat 5: Dorex2007 ($1.45 in chips) 
Seat 6: JDL_X321 ($2.40 in chips) 
Seat 7: Madic Cadim ($2.80 in chips) 
Seat 8: alluring_enemy ($1.99 in chips) 
Dorex2007: posts small blind $0.01
JDL_X321: posts big blind $0.02
*** HOLE CARDS ***
Dealt to Dorex2007 [9c 6c]
Madic Cadim: folds 
alluring_enemy: folds 
txym: folds 
Kappa Star072: raises $0.03 to $0.05
ser447787: folds 
Copetti112: folds 
Dorex2007: folds 
JDL_X321: raises $0.15 to $0.20
Kappa Star072: folds 
Uncalled bet ($0.15) returned to JDL_X321
JDL_X321 collected $0.11 from pot
JDL_X321: doesn't show hand 
*** SUMMARY ***
Total pot $0.11 | Rake $0 
Seat 1: txym folded before Flop (didn't bet)
Seat 2: Kappa Star072 folded before Flop
Seat 3: ser447787 folded before Flop (didn't bet)
Seat 4: Copetti112 (button) folded before Flop (didn't bet)
Seat 5: Dorex2007 (small blind) folded before Flop
Seat 6: JDL_X321 (big blind) collected ($0.11)
Seat 7: Madic Cadim folded before Flop (didn't bet)
Seat 8: alluring_enemy folded before Flop (didn't bet)



PokerStars Hand #225585668735:  Hold'em No Limit ($0.01/$0.02 USD) - 2021/04/06 21:55:50 PT [2021/04/07 0:55:50 ET]
Table 'Caprera II' 9-max Seat #5 is the button
Seat 1: txym ($7.32 in chips) 
Seat 2: Kappa Star072 ($1.60 in chips) 
Seat 3: ser447787 ($2 in chips) 
Seat 4: Copetti112 ($2.34 in chips) 
Seat 5: Dorex2007 ($1.44 in chips) 
Seat 6: JDL_X321 ($2.46 in chips) 
Seat 7: Madic Cadim ($2.80 in chips) 
Seat 8: alluring_enemy ($1.99 in chips) 
JDL_X321: posts small blind $0.01
Madic Cadim: posts big blind $0.02
*** HOLE CARDS ***
Dealt to Dorex2007 [4s 2d]
alluring_enemy: calls $0.02
txym: raises $0.08 to $0.10
Kappa Star072 has timed out
Kappa Star072: folds 
ser447787: folds 
Copetti112: folds 
Dorex2007: folds 
JDL_X321: folds 
Madic Cadim: folds 
alluring_enemy: calls $0.08
*** FLOP *** [4h 6d Td]
alluring_enemy: checks 
txym: bets $0.12
alluring_enemy: calls $0.12
*** TURN *** [4h 6d Td] [Qh]
alluring_enemy: checks 
txym: bets $0.36
alluring_enemy: calls $0.36
*** RIVER *** [4h 6d Td Qh] [8s]
Kappa Star072 is disconnected 
alluring_enemy: checks 
txym: bets $6.74 and is all-in
alluring_enemy: folds 
Uncalled bet ($6.74) returned to txym
txym collected $1.15 from pot
*** SUMMARY ***
Total pot $1.19 | Rake $0.04 
Board [4h 6d Td Qh 8s]
Seat 1: txym collected ($1.15)
Seat 2: Kappa Star072 folded before Flop (didn't bet)
Seat 3: ser447787 folded before Flop (didn't bet)
Seat 4: Copetti112 folded before Flop (didn't bet)
Seat 5: Dorex2007 (button) folded before Flop (didn't bet)
Seat 6: JDL_X321 (small blind) folded before Flop
Seat 7: Madic Cadim (big blind) folded before Flop
Seat 8: alluring_enemy folded on the River



PokerStars Hand #225585678511:  Hold'em No Limit ($0.01/$0.02 USD) - 2021/04/06 21:57:00 PT [2021/04/07 0:57:00 ET]
Table 'Caprera II' 9-max Seat #6 is the button
Seat 1: txym ($7.89 in chips) 
Seat 2: Kappa Star072 ($1.60 in chips) 
Seat 3: ser447787 ($2 in chips) 
Seat 4: Copetti112 ($2.34 in chips) 
Seat 5: Dorex2007 ($1.44 in chips) 
Seat 6: JDL_X321 ($2.45 in chips) 
Seat 7: Madic Cadim ($2.78 in chips) 
Seat 8: alluring_enemy ($1.41 in chips) 
Madic Cadim: posts small blind $0.01
alluring_enemy: posts big blind $0.02
*** HOLE CARDS ***
Dealt to Dorex2007 [Td Qs]
txym: folds 
Kappa Star072 has timed out while disconnected
Kappa Star072: folds 
ser447787: folds 
Copetti112: folds 
Dorex2007: raises $0.04 to $0.06
JDL_X321: folds 
Madic Cadim: folds 
alluring_enemy: calls $0.04
*** FLOP *** [5h 8s 7d]
alluring_enemy: checks 
Dorex2007: bets $0.13
alluring_enemy: calls $0.13
*** TURN *** [5h 8s 7d] [Ts]
alluring_enemy: checks 
Dorex2007: bets $0.25
alluring_enemy: calls $0.25
*** RIVER *** [5h 8s 7d Ts] [Th]
alluring_enemy: checks 
Dorex2007: bets $0.86
alluring_enemy: calls $0.86
*** SHOW DOWN ***
Dorex2007: shows [Td Qs] (three of a kind, Tens)
alluring_enemy: mucks hand 
Dorex2007 collected $2.52 from pot
*** SUMMARY ***
Total pot $2.61 | Rake $0.09 
Board [5h 8s 7d Ts Th]
Seat 1: txym folded before Flop (didn't bet)
Seat 2: Kappa Star072 folded before Flop (didn't bet)
Seat 3: ser447787 folded before Flop (didn't bet)
Seat 4: Copetti112 folded before Flop (didn't bet)
Seat 5: Dorex2007 showed [Td Qs] and won ($2.52) with three of a kind, Tens
Seat 6: JDL_X321 (button) folded before Flop (didn't bet)
Seat 7: Madic Cadim (small blind) folded before Flop
Seat 8: alluring_enemy (big blind) mucked [5c 9h]



PokerStars Hand #225585686879:  Hold'em No Limit ($0.01/$0.02 USD) - 2021/04/06 21:57:48 PT [2021/04/07 0:57:48 ET]
Table 'Caprera II' 9-max Seat #7 is the button
Seat 1: txym ($7.89 in chips) 
Seat 3: ser447787 ($2 in chips) 
Seat 4: Copetti112 ($2.34 in chips) 
Seat 5: Dorex2007 ($2.66 in chips) 
Seat 6: JDL_X321 ($2.45 in chips) 
Seat 7: Madic Cadim ($2.77 in chips) 
Seat 8: alluring_enemy ($0.11 in chips) 
alluring_enemy: posts small blind $0.01
txym: posts big blind $0.02
*** HOLE CARDS ***
Dealt to Dorex2007 [Td 7h]
ser447787: raises $0.04 to $0.06
Copetti112: folds 
Dorex2007: folds 
JDL_X321: folds 
Madic Cadim: folds 
alluring_enemy: raises $0.05 to $0.11 and is all-in
txym: folds 
ser447787: calls $0.05
*** FLOP *** [Qs 6d 8h]
*** TURN *** [Qs 6d 8h] [2d]
*** RIVER *** [Qs 6d 8h 2d] [2c]
*** SHOW DOWN ***
alluring_enemy: shows [Ad Qd] (two pair, Queens and Deuces)
ser447787: shows [2s 2h] (four of a kind, Deuces)
ser447787 collected $0.23 from pot
*** SUMMARY ***
Total pot $0.24 | Rake $0.01 
Board [Qs 6d 8h 2d 2c]
Seat 1: txym (big blind) folded before Flop
Seat 3: ser447787 showed [2s 2h] and won ($0.23) with four of a kind, Deuces
Seat 4: Copetti112 folded before Flop (didn't bet)
Seat 5: Dorex2007 folded before Flop (didn't bet)
Seat 6: JDL_X321 folded before Flop (didn't bet)
Seat 7: Madic Cadim (button) folded before Flop (didn't bet)
Seat 8: alluring_enemy (small blind) showed [Ad Qd] and lost with two pair, Queens and Deuces



PokerStars Hand #225585691371:  Hold'em No Limit ($0.01/$0.02 USD) - 2021/04/06 21:58:20 PT [2021/04/07 0:58:20 ET]
Table 'Caprera II' 9-max Seat #1 is the button
Seat 1: txym ($7.87 in chips) 
Seat 3: ser447787 ($2.12 in chips) 
Seat 4: Copetti112 ($2.34 in chips) 
Seat 5: Dorex2007 ($2.66 in chips) 
Seat 6: JDL_X321 ($2.45 in chips) 
Seat 7: Madic Cadim ($2.77 in chips) 
ser447787: posts small blind $0.01
Copetti112: posts big blind $0.02
*** HOLE CARDS ***
Dealt to Dorex2007 [Kh 7d]
Dorex2007: folds 
JDL_X321: folds 
Madic Cadim: raises $0.04 to $0.06
alluring_enemy leaves the table
txym: raises $0.14 to $0.20
ser447787: folds 
bloody55hawk joins the table at seat #8 
Copetti112: folds 
Madic Cadim: folds 
Uncalled bet ($0.14) returned to txym
txym collected $0.15 from pot
*** SUMMARY ***
Total pot $0.15 | Rake $0 
Seat 1: txym (button) collected ($0.15)
Seat 3: ser447787 (small blind) folded before Flop
Seat 4: Copetti112 (big blind) folded before Flop
Seat 5: Dorex2007 folded before Flop (didn't bet)
Seat 6: JDL_X321 folded before Flop (didn't bet)
Seat 7: Madic Cadim folded before Flop



PokerStars Hand #225585695830:  Hold'em No Limit ($0.01/$0.02 USD) - 2021/04/06 21:58:51 PT [2021/04/07 0:58:51 ET]
Table 'Caprera II' 9-max Seat #3 is the button
Seat 1: txym ($7.96 in chips) 
Seat 3: ser447787 ($2.11 in chips) 
Seat 4: Copetti112 ($2.32 in chips) 
Seat 5: Dorex2007 ($2.66 in chips) 
Seat 6: JDL_X321 ($2.45 in chips) 
Seat 7: Madic Cadim ($2.71 in chips) 
Copetti112: posts small blind $0.01
Dorex2007: posts big blind $0.02
bloody55hawk: sits out 
*** HOLE CARDS ***
Dealt to Dorex2007 [As 4d]
JDL_X321: raises $0.04 to $0.06
Madic Cadim: folds 
txym: folds 
ser447787: calls $0.06
Copetti112: calls $0.05
Dorex2007: folds 
*** FLOP *** [6d 8d 5c]
Copetti112: checks 
JDL_X321: bets $0.10
ser447787: calls $0.10
Copetti112: calls $0.10
*** TURN *** [6d 8d 5c] [Qh]
Copetti112: bets $0.02
JDL_X321: calls $0.02
ser447787: calls $0.02
*** RIVER *** [6d 8d 5c Qh] [3s]
Copetti112: bets $0.24
JDL_X321: folds 
ser447787: folds 
Uncalled bet ($0.24) returned to Copetti112
Copetti112 collected $0.54 from pot
*** SUMMARY ***
Total pot $0.56 | Rake $0.02 
Board [6d 8d 5c Qh 3s]
Seat 1: txym folded before Flop (didn't bet)
Seat 3: ser447787 (button) folded on the River
Seat 4: Copetti112 (small blind) collected ($0.54)
Seat 5: Dorex2007 (big blind) folded before Flop
Seat 6: JDL_X321 folded on the River
Seat 7: Madic Cadim folded before Flop (didn't bet)



PokerStars Hand #225585702773:  Hold'em No Limit ($0.01/$0.02 USD) - 2021/04/06 21:59:38 PT [2021/04/07 0:59:38 ET]
Table 'Caprera II' 9-max Seat #4 is the button
Seat 1: txym ($7.96 in chips) 
Seat 3: ser447787 ($2 in chips) 
Seat 4: Copetti112 ($2.68 in chips) 
Seat 5: Dorex2007 ($2.64 in chips) 
Seat 6: JDL_X321 ($2.27 in chips) 
Seat 7: Madic Cadim ($2.71 in chips) 
Dorex2007: posts small blind $0.01
JDL_X321: posts big blind $0.02
bloody55hawk: sits out 
*** HOLE CARDS ***
Dealt to Dorex2007 [Kd 6c]
Madic Cadim: folds 
txym: folds 
ser447787: folds 
Copetti112: folds 
Dorex2007: calls $0.01
JDL_X321: checks 
*** FLOP *** [Jd Td As]
Dorex2007: checks 
JDL_X321: checks 
*** TURN *** [Jd Td As] [4h]
Dorex2007: checks 
JDL_X321: checks 
*** RIVER *** [Jd Td As 4h] [Qc]
Dorex2007: bets $0.26
JDL_X321: folds 
Uncalled bet ($0.26) returned to Dorex2007
Dorex2007 collected $0.04 from pot
Dorex2007: doesn't show hand 
*** SUMMARY ***
Total pot $0.04 | Rake $0 
Board [Jd Td As 4h Qc]
Seat 1: txym folded before Flop (didn't bet)
Seat 3: ser447787 folded before Flop (didn't bet)
Seat 4: Copetti112 (button) folded before Flop (didn't bet)
Seat 5: Dorex2007 (small blind) collected ($0.04)
Seat 6: JDL_X321 (big blind) folded on the River
Seat 7: Madic Cadim folded before Flop (didn't bet)



PokerStars Hand #225585707814:  Hold'em No Limit ($0.01/$0.02 USD) - 2021/04/06 22:00:13 PT [2021/04/07 1:00:13 ET]
Table 'Caprera II' 9-max Seat #5 is the button
Seat 1: txym ($7.96 in chips) 
Seat 3: ser447787 ($2 in chips) 
Seat 4: Copetti112 ($2.68 in chips) 
Seat 5: Dorex2007 ($2.66 in chips) 
Seat 6: JDL_X321 ($2.25 in chips) 
Seat 7: Madic Cadim ($2.71 in chips) 
JDL_X321: posts small blind $0.01
Madic Cadim: posts big blind $0.02
bloody55hawk: sits out 
*** HOLE CARDS ***
Dealt to Dorex2007 [6h Qs]
txym: folds 
ser447787: folds 
Copetti112: folds 
Dorex2007: folds 
JDL_X321: folds 
Uncalled bet ($0.01) returned to Madic Cadim
Madic Cadim collected $0.02 from pot
Madic Cadim: doesn't show hand 
*** SUMMARY ***
Total pot $0.02 | Rake $0 
Seat 1: txym folded before Flop (didn't bet)
Seat 3: ser447787 folded before Flop (didn't bet)
Seat 4: Copetti112 folded before Flop (didn't bet)
Seat 5: Dorex2007 (button) folded before Flop (didn't bet)
Seat 6: JDL_X321 (small blind) folded before Flop
Seat 7: Madic Cadim (big blind) collected ($0.02)



PokerStars Hand #225585709272:  Hold'em No Limit ($0.01/$0.02 USD) - 2021/04/06 22:00:23 PT [2021/04/07 1:00:23 ET]
Table 'Caprera II' 9-max Seat #6 is the button
Seat 1: txym ($7.96 in chips) 
Seat 3: ser447787 ($2 in chips) 
Seat 4: Copetti112 ($2.68 in chips) 
Seat 5: Dorex2007 ($2.66 in chips) 
Seat 6: JDL_X321 ($2.24 in chips) 
Seat 7: Madic Cadim ($2.72 in chips) 
Seat 8: bloody55hawk ($0.80 in chips) 
Madic Cadim: posts small blind $0.01
bloody55hawk: posts big blind $0.02
*** HOLE CARDS ***
Dealt to Dorex2007 [9s 3c]
txym: folds 
ser447787: folds 
Copetti112: folds 
Dorex2007: folds 
JDL_X321: folds 
Madic Cadim: raises $0.04 to $0.06
bloody55hawk: calls $0.04
*** FLOP *** [Th Kh 7h]
Madic Cadim: bets $0.05
bloody55hawk: raises $0.05 to $0.10
Madic Cadim: calls $0.05
*** TURN *** [Th Kh 7h] [9h]
Madic Cadim: checks 
bloody55hawk: bets $0.16
Madic Cadim: folds 
Uncalled bet ($0.16) returned to bloody55hawk
bloody55hawk collected $0.31 from pot
bloody55hawk: doesn't show hand 
*** SUMMARY ***
Total pot $0.32 | Rake $0.01 
Board [Th Kh 7h 9h]
Seat 1: txym folded before Flop (didn't bet)
Seat 3: ser447787 folded before Flop (didn't bet)
Seat 4: Copetti112 folded before Flop (didn't bet)
Seat 5: Dorex2007 folded before Flop (didn't bet)
Seat 6: JDL_X321 (button) folded before Flop (didn't bet)
Seat 7: Madic Cadim (small blind) folded on the Turn
Seat 8: bloody55hawk (big blind) collected ($0.31)



PokerStars Hand #225585721187:  Hold'em No Limit ($0.01/$0.02 USD) - 2021/04/06 22:01:01 PT [2021/04/07 1:01:01 ET]
Table 'Caprera II' 9-max Seat #7 is the button
Seat 1: txym ($7.96 in chips) 
Seat 3: ser447787 ($2 in chips) 
Seat 4: Copetti112 ($2.68 in chips) 
Seat 5: Dorex2007 ($2.66 in chips) 
Seat 6: JDL_X321 ($2.24 in chips) 
Seat 7: Madic Cadim ($2.56 in chips) 
Seat 8: bloody55hawk ($0.95 in chips) 
bloody55hawk: posts small blind $0.01
txym: posts big blind $0.02
*** HOLE CARDS ***
Dealt to Dorex2007 [Tc Jh]
ser447787: folds 
Copetti112: raises $0.04 to $0.06
Dorex2007: folds 
JDL_X321: folds 
Madic Cadim: folds 
bloody55hawk: folds 
txym: folds 
Uncalled bet ($0.04) returned to Copetti112
Copetti112 collected $0.05 from pot
*** SUMMARY ***
Total pot $0.05 | Rake $0 
Seat 1: txym (big blind) folded before Flop
Seat 3: ser447787 folded before Flop (didn't bet)
Seat 4: Copetti112 collected ($0.05)
Seat 5: Dorex2007 folded before Flop (didn't bet)
Seat 6: JDL_X321 folded before Flop (didn't bet)
Seat 7: Madic Cadim (button) folded before Flop (didn't bet)
Seat 8: bloody55hawk (small blind) folded before Flop



PokerStars Hand #225585722995:  Hold'em No Limit ($0.01/$0.02 USD) - 2021/04/06 22:01:11 PT [2021/04/07 1:01:11 ET]
Table 'Caprera II' 9-max Seat #8 is the button
Seat 1: txym ($7.94 in chips) 
Seat 3: ser447787 ($2 in chips) 
Seat 4: Copetti112 ($2.71 in chips) 
Seat 5: Dorex2007 ($2.66 in chips) 
Seat 6: JDL_X321 ($2.24 in chips) 
Seat 7: Madic Cadim ($2.56 in chips) 
Seat 8: bloody55hawk ($0.94 in chips) 
txym: posts small blind $0.01
ser447787: posts big blind $0.02
*** HOLE CARDS ***
Dealt to Dorex2007 [9d Kd]
Copetti112: folds 
Dorex2007: raises $0.04 to $0.06
JDL_X321: folds 
Madic Cadim: folds 
bloody55hawk: folds 
txym: folds 
ser447787: folds 
Uncalled bet ($0.04) returned to Dorex2007
Dorex2007 collected $0.05 from pot
Dorex2007: doesn't show hand 
*** SUMMARY ***
Total pot $0.05 | Rake $0 
Seat 1: txym (small blind) folded before Flop
Seat 3: ser447787 (big blind) folded before Flop
Seat 4: Copetti112 folded before Flop (didn't bet)
Seat 5: Dorex2007 collected ($0.05)
Seat 6: JDL_X321 folded before Flop (didn't bet)
Seat 7: Madic Cadim folded before Flop (didn't bet)
Seat 8: bloody55hawk (button) folded before Flop (didn't bet)



PokerStars Hand #225585724848:  Hold'em No Limit ($0.01/$0.02 USD) - 2021/04/06 22:01:23 PT [2021/04/07 1:01:23 ET]
Table 'Caprera II' 9-max Seat #1 is the button
Seat 1: txym ($7.93 in chips) 
Seat 3: ser447787 ($2 in chips) 
Seat 4: Copetti112 ($2.71 in chips) 
Seat 5: Dorex2007 ($2.69 in chips) 
Seat 6: JDL_X321 ($2.24 in chips) 
Seat 7: Madic Cadim ($2.56 in chips) 
Seat 8: bloody55hawk ($0.94 in chips) 
ser447787: posts small blind $0.01
Copetti112: posts big blind $0.02
*** HOLE CARDS ***
Dealt to Dorex2007 [8c 9d]
Dorex2007: folds 
JDL_X321: folds 
Madic Cadim: folds 
bloody55hawk: raises $0.06 to $0.08
txym: folds 
ser447787: folds 
Copetti112: calls $0.06
*** FLOP *** [2s 9h 5d]
Copetti112: checks 
bloody55hawk: checks 
*** TURN *** [2s 9h 5d] [Ks]
Copetti112: bets $0.02
bloody55hawk: calls $0.02
*** RIVER *** [2s 9h 5d Ks] [As]
Copetti112: checks 
bloody55hawk: bets $0.10
Copetti112: folds 
Uncalled bet ($0.10) returned to bloody55hawk
bloody55hawk collected $0.20 from pot
bloody55hawk: doesn't show hand 
*** SUMMARY ***
Total pot $0.21 | Rake $0.01 
Board [2s 9h 5d Ks As]
Seat 1: txym (button) folded before Flop (didn't bet)
Seat 3: ser447787 (small blind) folded before Flop
Seat 4: Copetti112 (big blind) folded on the River
Seat 5: Dorex2007 folded before Flop (didn't bet)
Seat 6: JDL_X321 folded before Flop (didn't bet)
Seat 7: Madic Cadim folded before Flop (didn't bet)
Seat 8: bloody55hawk collected ($0.20)



PokerStars Hand #225585730751:  Hold'em No Limit ($0.01/$0.02 USD) - 2021/04/06 22:01:59 PT [2021/04/07 1:01:59 ET]
Table 'Caprera II' 9-max Seat #3 is the button
Seat 1: txym ($7.93 in chips) 
Seat 3: ser447787 ($2 in chips) 
Seat 4: Copetti112 ($2.61 in chips) 
Seat 5: Dorex2007 ($2.69 in chips) 
Seat 6: JDL_X321 ($2.24 in chips) 
Seat 7: Madic Cadim ($2.56 in chips) 
Seat 8: bloody55hawk ($1.04 in chips) 
Copetti112: posts small blind $0.01
Dorex2007: posts big blind $0.02
*** HOLE CARDS ***
Dealt to Dorex2007 [9s Qd]
JDL_X321: folds 
Madic Cadim: folds 
bloody55hawk: folds 
txym: raises $0.04 to $0.06
ser447787: folds 
Copetti112: calls $0.05
Dorex2007: folds 
*** FLOP *** [6d 5c 6h]
Copetti112: checks 
txym: checks 
*** TURN *** [6d 5c 6h] [Jd]
Copetti112: bets $0.14
txym: folds 
Uncalled bet ($0.14) returned to Copetti112
Copetti112 collected $0.14 from pot
*** SUMMARY ***
Total pot $0.14 | Rake $0 
Board [6d 5c 6h Jd]
Seat 1: txym folded on the Turn
Seat 3: ser447787 (button) folded before Flop (didn't bet)
Seat 4: Copetti112 (small blind) collected ($0.14)
Seat 5: Dorex2007 (big blind) folded before Flop
Seat 6: JDL_X321 folded before Flop (didn't bet)
Seat 7: Madic Cadim folded before Flop (didn't bet)
Seat 8: bloody55hawk folded before Flop (didn't bet)



PokerStars Hand #225585738798:  Hold'em No Limit ($0.01/$0.02 USD) - 2021/04/06 22:02:47 PT [2021/04/07 1:02:47 ET]
Table 'Caprera II' 9-max Seat #4 is the button
Seat 1: txym ($7.87 in chips) 
Seat 3: ser447787 ($2 in chips) 
Seat 4: Copetti112 ($2.69 in chips) 
Seat 5: Dorex2007 ($2.67 in chips) 
Seat 6: JDL_X321 ($2.24 in chips) 
Seat 7: Madic Cadim ($2.56 in chips) 
Seat 8: bloody55hawk ($1.04 in chips) 
Dorex2007: posts small blind $0.01
JDL_X321: posts big blind $0.02
*** HOLE CARDS ***
Dealt to Dorex2007 [Kc 6s]
Madic Cadim: folds 
bloody55hawk: folds 
txym: folds 
ser447787: folds 
Copetti112: folds 
Dorex2007: calls $0.01
JDL_X321: raises $0.04 to $0.06
Dorex2007: folds 
Uncalled bet ($0.04) returned to JDL_X321
JDL_X321 collected $0.04 from pot
JDL_X321: doesn't show hand 
*** SUMMARY ***
Total pot $0.04 | Rake $0 
Seat 1: txym folded before Flop (didn't bet)
Seat 3: ser447787 folded before Flop (didn't bet)
Seat 4: Copetti112 (button) folded before Flop (didn't bet)
Seat 5: Dorex2007 (small blind) folded before Flop
Seat 6: JDL_X321 (big blind) collected ($0.04)
Seat 7: Madic Cadim folded before Flop (didn't bet)
Seat 8: bloody55hawk folded before Flop (didn't bet)



PokerStars Hand #225585741793:  Hold'em No Limit ($0.01/$0.02 USD) - 2021/04/06 22:03:05 PT [2021/04/07 1:03:05 ET]
Table 'Caprera II' 9-max Seat #5 is the button
Seat 1: txym ($7.87 in chips) 
Seat 3: ser447787 ($2 in chips) 
Seat 4: Copetti112 ($2.69 in chips) 
Seat 5: Dorex2007 ($2.65 in chips) 
Seat 6: JDL_X321 ($2.26 in chips) 
Seat 8: bloody55hawk ($1.04 in chips) 
JDL_X321: posts small blind $0.01
Madic Cadim: is sitting out 
bloody55hawk: posts big blind $0.02
*** HOLE CARDS ***
Dealt to Dorex2007 [6c 4s]
txym: folds 
ser447787: folds 
Madic Cadim leaves the table
Copetti112: folds 
Dorex2007: folds 
JDL_X321: raises $0.04 to $0.06
bloody55hawk: folds 
Uncalled bet ($0.04) returned to JDL_X321
JDL_X321 collected $0.04 from pot
JDL_X321: doesn't show hand 
*** SUMMARY ***
Total pot $0.04 | Rake $0 
Seat 1: txym folded before Flop (didn't bet)
Seat 3: ser447787 folded before Flop (didn't bet)
Seat 4: Copetti112 folded before Flop (didn't bet)
Seat 5: Dorex2007 (button) folded before Flop (didn't bet)
Seat 6: JDL_X321 (small blind) collected ($0.04)
Seat 8: bloody55hawk (big blind) folded before Flop



PokerStars Hand #225585743907:  Hold'em No Limit ($0.01/$0.02 USD) - 2021/04/06 22:03:18 PT [2021/04/07 1:03:18 ET]
Table 'Caprera II' 9-max Seat #6 is the button
Seat 1: txym ($7.87 in chips) 
Seat 3: ser447787 ($2 in chips) 
Seat 4: Copetti112 ($2.69 in chips) 
Seat 5: Dorex2007 ($2.65 in chips) 
Seat 6: JDL_X321 ($2.28 in chips) 
Seat 8: bloody55hawk ($1.02 in chips) 
bloody55hawk: posts small blind $0.01
txym: posts big blind $0.02
*** HOLE CARDS ***
Dealt to Dorex2007 [9c 5h]
ser447787: folds 
Copetti112: folds 
jeansemite23 joins the table at seat #7 
Dorex2007: folds 
JDL_X321: raises $0.04 to $0.06
bloody55hawk: folds 
txym: calls $0.04
*** FLOP *** [6c 5s 2d]
txym: checks 
JDL_X321: bets $0.13
txym: folds 
Uncalled bet ($0.13) returned to JDL_X321
JDL_X321 collected $0.13 from pot
Mr. Mario171 leaves the table
JDL_X321: doesn't show hand 
*** SUMMARY ***
Total pot $0.13 | Rake $0 
Board [6c 5s 2d]
Seat 1: txym (big blind) folded on the Flop
Seat 3: ser447787 folded before Flop (didn't bet)
Seat 4: Copetti112 folded before Flop (didn't bet)
Seat 5: Dorex2007 folded before Flop (didn't bet)
Seat 6: JDL_X321 (button) collected ($0.13)
Seat 8: bloody55hawk (small blind) folded before Flop



PokerStars Hand #225585748742:  Hold'em No Limit ($0.01/$0.02 USD) - 2021/04/06 22:03:47 PT [2021/04/07 1:03:47 ET]
Table 'Caprera II' 9-max Seat #8 is the button
Seat 1: txym ($7.81 in chips) 
Seat 3: ser447787 ($2 in chips) 
Seat 4: Copetti112 ($2.69 in chips) 
Seat 5: Dorex2007 ($2.65 in chips) 
Seat 6: JDL_X321 ($2.35 in chips) 
Seat 7: jeansemite23 ($0.80 in chips) 
Seat 8: bloody55hawk ($1.01 in chips) 
txym: posts small blind $0.01
ser447787: posts big blind $0.02
jeansemite23: posts big blind $0.02
*** HOLE CARDS ***
Dealt to Dorex2007 [5c 6c]
Copetti112: raises $0.02 to $0.04
Dorex2007: folds 
JDL_X321: folds 
jeansemite23: folds 
bloody55hawk: folds 
txym: folds 
ser447787: folds 
Uncalled bet ($0.02) returned to Copetti112
Copetti112 collected $0.07 from pot
*** SUMMARY ***
Total pot $0.07 | Rake $0 
Seat 1: txym (small blind) folded before Flop
Seat 3: ser447787 (big blind) folded before Flop
Seat 4: Copetti112 collected ($0.07)
Seat 5: Dorex2007 folded before Flop (didn't bet)
Seat 6: JDL_X321 folded before Flop (didn't bet)
Seat 7: jeansemite23 folded before Flop (didn't bet)
Seat 8: bloody55hawk (button) folded before Flop (didn't bet)



PokerStars Hand #225585761418:  Hold'em No Limit ($0.01/$0.02 USD) - 2021/04/06 22:04:19 PT [2021/04/07 1:04:19 ET]
Table 'Caprera II' 9-max Seat #1 is the button
Seat 1: txym ($7.80 in chips) 
Seat 3: ser447787 ($2 in chips) 
Seat 4: Copetti112 ($2.74 in chips) 
Seat 5: Dorex2007 ($2.65 in chips) 
Seat 6: JDL_X321 ($2.35 in chips) 
Seat 7: jeansemite23 ($0.78 in chips) 
Seat 8: bloody55hawk ($1.01 in chips) 
ser447787: posts small blind $0.01
Copetti112: posts big blind $0.02
*** HOLE CARDS ***
Dealt to Dorex2007 [5s 3h]
Dorex2007: folds 
JDL_X321: folds 
jeansemite23: folds 
bloody55hawk: raises $0.04 to $0.06
txym: calls $0.06
ser447787: folds 
Copetti112: folds 
*** FLOP *** [8c Js Td]
bloody55hawk: bets $0.10
txym: calls $0.10
*** TURN *** [8c Js Td] [9h]
bloody55hawk: checks 
txym: bets $0.26
bloody55hawk: folds 
Uncalled bet ($0.26) returned to txym
txym collected $0.34 from pot
*** SUMMARY ***
Total pot $0.35 | Rake $0.01 
Board [8c Js Td 9h]
Seat 1: txym (button) collected ($0.34)
Seat 3: ser447787 (small blind) folded before Flop
Seat 4: Copetti112 (big blind) folded before Flop
Seat 5: Dorex2007 folded before Flop (didn't bet)
Seat 6: JDL_X321 folded before Flop (didn't bet)
Seat 7: jeansemite23 folded before Flop (didn't bet)
Seat 8: bloody55hawk folded on the Turn



PokerStars Hand #225585766229:  Hold'em No Limit ($0.01/$0.02 USD) - 2021/04/06 22:04:49 PT [2021/04/07 1:04:49 ET]
Table 'Caprera II' 9-max Seat #3 is the button
Seat 1: txym ($7.98 in chips) 
Seat 3: ser447787 ($2 in chips) 
Seat 4: Copetti112 ($2.72 in chips) 
Seat 5: Dorex2007 ($2.65 in chips) 
Seat 6: JDL_X321 ($2.35 in chips) 
Seat 7: jeansemite23 ($0.78 in chips) 
Seat 8: bloody55hawk ($0.85 in chips) 
Copetti112: posts small blind $0.01
Dorex2007: posts big blind $0.02
*** HOLE CARDS ***
Dealt to Dorex2007 [Ts Jd]
JDL_X321: folds 
JDL_X321 leaves the table
jeansemite23: raises $0.04 to $0.06
bloody55hawk: folds 
txym: folds 
ser447787: folds 
Copetti112: folds 
Dorex2007: calls $0.04
*** FLOP *** [Th 9s Kd]
Dorex2007: bets $0.13
jeansemite23: folds 
Uncalled bet ($0.13) returned to Dorex2007
Dorex2007 collected $0.13 from pot
Dorex2007: doesn't show hand 
*** SUMMARY ***
Total pot $0.13 | Rake $0 
Board [Th 9s Kd]
Seat 1: txym folded before Flop (didn't bet)
Seat 3: ser447787 (button) folded before Flop (didn't bet)
Seat 4: Copetti112 (small blind) folded before Flop
Seat 5: Dorex2007 (big blind) collected ($0.13)
Seat 6: JDL_X321 folded before Flop (didn't bet)
Seat 7: jeansemite23 folded on the Flop
Seat 8: bloody55hawk folded before Flop (didn't bet)



PokerStars Hand #225585772736:  Hold'em No Limit ($0.01/$0.02 USD) - 2021/04/06 22:05:28 PT [2021/04/07 1:05:28 ET]
Table 'Caprera II' 9-max Seat #4 is the button
Seat 1: txym ($7.98 in chips) 
Seat 3: ser447787 ($2 in chips) 
Seat 4: Copetti112 ($2.71 in chips) 
Seat 5: Dorex2007 ($2.72 in chips) 
Seat 7: jeansemite23 ($0.72 in chips) 
Seat 8: bloody55hawk ($0.85 in chips) 
Dorex2007: posts small blind $0.01
jeansemite23: posts big blind $0.02
*** HOLE CARDS ***
Dealt to Dorex2007 [8s Kd]
bloody55hawk: folds 
txym: raises $0.04 to $0.06
ser447787: folds 
Copetti112: calls $0.06
Dorex2007: folds 
jeansemite23: folds 
*** FLOP *** [6s Ts Kh]
jeansemite23 leaves the table
txym: bets $0.08
Copetti112: calls $0.08
*** TURN *** [6s Ts Kh] [Jc]
txym: bets $0.30
Copetti112: folds 
Uncalled bet ($0.30) returned to txym
txym collected $0.30 from pot
*** SUMMARY ***
Total pot $0.31 | Rake $0.01 
Board [6s Ts Kh Jc]
Seat 1: txym collected ($0.30)
Seat 3: ser447787 folded before Flop (didn't bet)
Seat 4: Copetti112 (button) folded on the Turn
Seat 5: Dorex2007 (small blind) folded before Flop
Seat 7: jeansemite23 (big blind) folded before Flop
Seat 8: bloody55hawk folded before Flop (didn't bet)



PokerStars Hand #225585777921:  Hold'em No Limit ($0.01/$0.02 USD) - 2021/04/06 22:06:01 PT [2021/04/07 1:06:01 ET]
Table 'Caprera II' 9-max Seat #5 is the button
Seat 1: txym ($8.14 in chips) 
Seat 3: ser447787 ($2 in chips) 
Seat 4: Copetti112 ($2.57 in chips) 
Seat 5: Dorex2007 ($2.71 in chips) 
Seat 8: bloody55hawk ($0.85 in chips) 
bloody55hawk: posts small blind $0.01
txym: posts big blind $0.02
*** HOLE CARDS ***
Dealt to Dorex2007 [4h 2c]
ser447787: folds 
Copetti112: raises $0.02 to $0.04
Dorex2007: folds 
ser447787 leaves the table
bloody55hawk: raises $0.81 to $0.85 and is all-in
txym: folds 
Copetti112: folds 
Uncalled bet ($0.81) returned to bloody55hawk
bloody55hawk collected $0.10 from pot
bloody55hawk: doesn't show hand 
*** SUMMARY ***
Total pot $0.10 | Rake $0 
Seat 1: txym (big blind) folded before Flop
Seat 3: ser447787 folded before Flop (didn't bet)
Seat 4: Copetti112 folded before Flop
Seat 5: Dorex2007 (button) folded before Flop (didn't bet)
Seat 8: bloody55hawk (small blind) collected ($0.10)



PokerStars Hand #225585780783:  Hold'em No Limit ($0.01/$0.02 USD) - 2021/04/06 22:06:18 PT [2021/04/07 1:06:18 ET]
Table 'Caprera II' 9-max Seat #8 is the button
Seat 1: txym ($8.12 in chips) 
Seat 4: Copetti112 ($2.53 in chips) 
Seat 5: Dorex2007 ($2.71 in chips) 
Seat 8: bloody55hawk ($0.91 in chips) 
txym: posts small blind $0.01
Copetti112: posts big blind $0.02
*** HOLE CARDS ***
Dealt to Dorex2007 [Kd Ks]
Dorex2007: raises $0.04 to $0.06
bloody55hawk: folds 
txym: folds 
Copetti112: calls $0.04
*** FLOP *** [As 7c 9s]
Copetti112: bets $0.02
Dorex2007: calls $0.02
*** TURN *** [As 7c 9s] [6h]
Copetti112: bets $0.02
HotWheelz 321 joins the table at seat #3 
Dorex2007: calls $0.02
*** RIVER *** [As 7c 9s 6h] [9h]
Copetti112: bets $0.02
Dorex2007: raises $0.16 to $0.18
Kappa Star072 leaves the table
Copetti112: folds 
Uncalled bet ($0.16) returned to Dorex2007
Copetti112 leaves the table
Dorex2007 collected $0.24 from pot
Dorex2007: doesn't show hand 
*** SUMMARY ***
Total pot $0.25 | Rake $0.01 
Board [As 7c 9s 6h 9h]
Seat 1: txym (small blind) folded before Flop
Seat 4: Copetti112 (big blind) folded on the River
Seat 5: Dorex2007 collected ($0.24)
Seat 8: bloody55hawk (button) folded before Flop (didn't bet)



PokerStars Hand #225585786798:  Hold'em No Limit ($0.01/$0.02 USD) - 2021/04/06 22:06:56 PT [2021/04/07 1:06:56 ET]
Table 'Caprera II' 9-max Seat #5 is the button
Seat 1: txym ($8.11 in chips) 
Seat 5: Dorex2007 ($2.83 in chips) 
Dorex2007: posts small blind $0.01
bloody55hawk: is sitting out 
txym: posts big blind $0.02
*** HOLE CARDS ***
Dealt to Dorex2007 [Th 9c]
Dorex2007: folds 
Uncalled bet ($0.01) returned to txym
txym collected $0.02 from pot
*** SUMMARY ***
Total pot $0.02 | Rake $0 
Seat 1: txym (big blind) collected ($0.02)
Seat 5: Dorex2007 (button) (small blind) folded before Flop



