PokerStars Hand #224056830639:  Hold'em No Limit ($0.01/$0.02 USD) - 2021/02/21 1:16:57 PT [2021/02/21 4:16:57 ET]
Table 'Hanna VI' 9-max Seat #8 is the button
Seat 1: Dorex2007 ($1.50 in chips) 
Seat 2: silverzeno ($3.62 in chips) 
Seat 3: Ladada180811 ($1.81 in chips) 
Seat 4: vietalva ($2 in chips) 
Seat 5: Azznak ($2.15 in chips) 
Seat 6: Wachtli ($3.47 in chips) 
Seat 7: hiker1201 ($2.17 in chips) 
Seat 8: zyaleniyeg ($2.05 in chips) 
Seat 9: Hannelore900 ($2.24 in chips) 
Hannelore900: posts small blind $0.01
Dorex2007: posts big blind $0.02
*** HOLE CARDS ***
Dealt to Dorex2007 [Jc As]
silverzeno: folds 
Ladada180811: raises $0.05 to $0.07
vietalva: folds 
Azznak: folds 
Wachtli: folds 
hiker1201: folds 
zyaleniyeg: folds 
Hannelore900: folds 
Dorex2007: calls $0.05
*** FLOP *** [3h Jd 4d]
Dorex2007: bets $0.14
Ladada180811: calls $0.14
*** TURN *** [3h Jd 4d] [6c]
Dorex2007: bets $0.21
Ladada180811: raises $1.39 to $1.60 and is all-in
Dorex2007: calls $1.08 and is all-in
Uncalled bet ($0.31) returned to Ladada180811
*** RIVER *** [3h Jd 4d 6c] [4s]
*** SHOW DOWN ***
Dorex2007: shows [Jc As] (two pair, Jacks and Fours)
Ladada180811: shows [8c 8d] (two pair, Eights and Fours)
Dorex2007 collected $2.90 from pot
*** SUMMARY ***
Total pot $3.01 | Rake $0.11 
Board [3h Jd 4d 6c 4s]
Seat 1: Dorex2007 (big blind) showed [Jc As] and won ($2.90) with two pair, Jacks and Fours
Seat 2: silverzeno folded before Flop (didn't bet)
Seat 3: Ladada180811 showed [8c 8d] and lost with two pair, Eights and Fours
Seat 4: vietalva folded before Flop (didn't bet)
Seat 5: Azznak folded before Flop (didn't bet)
Seat 6: Wachtli folded before Flop (didn't bet)
Seat 7: hiker1201 folded before Flop (didn't bet)
Seat 8: zyaleniyeg (button) folded before Flop (didn't bet)
Seat 9: Hannelore900 (small blind) folded before Flop



PokerStars Hand #224056847940:  Hold'em No Limit ($0.01/$0.02 USD) - 2021/02/21 1:18:02 PT [2021/02/21 4:18:02 ET]
Table 'Hanna VI' 9-max Seat #9 is the button
Seat 1: Dorex2007 ($2.90 in chips) 
Seat 2: silverzeno ($3.62 in chips) 
Seat 3: Ladada180811 ($0.31 in chips) 
Seat 4: vietalva ($2 in chips) 
Seat 5: Azznak ($2.15 in chips) 
Seat 6: Wachtli ($3.47 in chips) 
Seat 7: hiker1201 ($2.17 in chips) 
Seat 8: zyaleniyeg ($2.05 in chips) 
Seat 9: Hannelore900 ($2.23 in chips) 
Dorex2007: posts small blind $0.01
silverzeno: posts big blind $0.02
*** HOLE CARDS ***
Dealt to Dorex2007 [7d 9h]
Ladada180811: folds 
vietalva: folds 
Azznak: folds 
Wachtli: folds 
hiker1201: calls $0.02
zyaleniyeg: folds 
Hannelore900: raises $0.38 to $0.40
Dorex2007: folds 
silverzeno: folds 
hiker1201: folds 
Uncalled bet ($0.38) returned to Hannelore900
Hannelore900 collected $0.07 from pot
Hannelore900: doesn't show hand 
*** SUMMARY ***
Total pot $0.07 | Rake $0 
Seat 1: Dorex2007 (small blind) folded before Flop
Seat 2: silverzeno (big blind) folded before Flop
Seat 3: Ladada180811 folded before Flop (didn't bet)
Seat 4: vietalva folded before Flop (didn't bet)
Seat 5: Azznak folded before Flop (didn't bet)
Seat 6: Wachtli folded before Flop (didn't bet)
Seat 7: hiker1201 folded before Flop
Seat 8: zyaleniyeg folded before Flop (didn't bet)
Seat 9: Hannelore900 (button) collected ($0.07)



PokerStars Hand #224056863949:  Hold'em No Limit ($0.01/$0.02 USD) - 2021/02/21 1:18:29 PT [2021/02/21 4:18:29 ET]
Table 'Hanna VI' 9-max Seat #1 is the button
Seat 1: Dorex2007 ($2.89 in chips) 
Seat 2: silverzeno ($3.60 in chips) 
Seat 3: Ladada180811 ($0.31 in chips) 
Seat 4: vietalva ($2 in chips) 
Seat 5: Azznak ($2.15 in chips) 
Seat 6: Wachtli ($3.47 in chips) 
Seat 7: hiker1201 ($2.15 in chips) 
Seat 8: zyaleniyeg ($2.05 in chips) 
Seat 9: Hannelore900 ($2.28 in chips) 
silverzeno: posts small blind $0.01
Ladada180811: posts big blind $0.02
*** HOLE CARDS ***
Dealt to Dorex2007 [Qh Jc]
vietalva: folds 
Azznak: folds 
Wachtli: folds 
hiker1201: folds 
zyaleniyeg: folds 
Hannelore900: folds 
Dorex2007: raises $0.02 to $0.04
silverzeno: folds 
Ladada180811: calls $0.02
*** FLOP *** [2h 2s Td]
Ladada180811: bets $0.09
Dorex2007: folds 
Uncalled bet ($0.09) returned to Ladada180811
Ladada180811 collected $0.09 from pot
Ladada180811: doesn't show hand 
*** SUMMARY ***
Total pot $0.09 | Rake $0 
Board [2h 2s Td]
Seat 1: Dorex2007 (button) folded on the Flop
Seat 2: silverzeno (small blind) folded before Flop
Seat 3: Ladada180811 (big blind) collected ($0.09)
Seat 4: vietalva folded before Flop (didn't bet)
Seat 5: Azznak folded before Flop (didn't bet)
Seat 6: Wachtli folded before Flop (didn't bet)
Seat 7: hiker1201 folded before Flop (didn't bet)
Seat 8: zyaleniyeg folded before Flop (didn't bet)
Seat 9: Hannelore900 folded before Flop (didn't bet)



PokerStars Hand #224056872543:  Hold'em No Limit ($0.01/$0.02 USD) - 2021/02/21 1:19:01 PT [2021/02/21 4:19:01 ET]
Table 'Hanna VI' 9-max Seat #2 is the button
Seat 1: Dorex2007 ($2.85 in chips) 
Seat 2: silverzeno ($3.59 in chips) 
Seat 3: Ladada180811 ($0.36 in chips) 
Seat 4: vietalva ($2 in chips) 
Seat 5: Azznak ($2.15 in chips) 
Seat 6: Wachtli ($3.47 in chips) 
Seat 7: hiker1201 ($2.15 in chips) 
Seat 8: zyaleniyeg ($2.05 in chips) 
Seat 9: Hannelore900 ($2.28 in chips) 
Ladada180811: posts small blind $0.01
vietalva: posts big blind $0.02
*** HOLE CARDS ***
Dealt to Dorex2007 [Jc Ad]
Azznak: folds 
Wachtli: folds 
hiker1201: raises $0.04 to $0.06
zyaleniyeg: calls $0.06
Hannelore900: calls $0.06
Dorex2007: calls $0.06
silverzeno: folds 
Ladada180811 has timed out
Ladada180811: folds 
vietalva: folds 
*** FLOP *** [Kc 2d Js]
hiker1201: checks 
zyaleniyeg: checks 
Hannelore900: bets $0.13
Dorex2007: calls $0.13
hiker1201: calls $0.13
zyaleniyeg: folds 
*** TURN *** [Kc 2d Js] [2c]
hiker1201: checks 
Hannelore900: checks 
Dorex2007: checks 
*** RIVER *** [Kc 2d Js 2c] [3c]
hiker1201: checks 
Hannelore900: checks 
Dorex2007: checks 
*** SHOW DOWN ***
hiker1201: shows [Qh Qd] (two pair, Queens and Deuces)
Hannelore900: shows [8s Ks] (two pair, Kings and Deuces)
Dorex2007: mucks hand 
Hannelore900 collected $0.64 from pot
*** SUMMARY ***
Total pot $0.66 | Rake $0.02 
Board [Kc 2d Js 2c 3c]
Seat 1: Dorex2007 mucked [Jc Ad]
Seat 2: silverzeno (button) folded before Flop (didn't bet)
Seat 3: Ladada180811 (small blind) folded before Flop
Seat 4: vietalva (big blind) folded before Flop
Seat 5: Azznak folded before Flop (didn't bet)
Seat 6: Wachtli folded before Flop (didn't bet)
Seat 7: hiker1201 showed [Qh Qd] and lost with two pair, Queens and Deuces
Seat 8: zyaleniyeg folded on the Flop
Seat 9: Hannelore900 showed [8s Ks] and won ($0.64) with two pair, Kings and Deuces



PokerStars Hand #224056902443:  Hold'em No Limit ($0.01/$0.02 USD) - 2021/02/21 1:20:51 PT [2021/02/21 4:20:51 ET]
Table 'Hanna VI' 9-max Seat #3 is the button
Seat 1: Dorex2007 ($2.66 in chips) 
Seat 2: silverzeno ($3.59 in chips) 
Seat 3: Ladada180811 ($0.35 in chips) 
Seat 4: vietalva ($2 in chips) 
Seat 5: Azznak ($2.15 in chips) 
Seat 6: Wachtli ($3.47 in chips) 
Seat 7: hiker1201 ($1.96 in chips) 
Seat 8: zyaleniyeg ($2 in chips) 
Seat 9: Hannelore900 ($2.73 in chips) 
vietalva: posts small blind $0.01
Azznak: posts big blind $0.02
*** HOLE CARDS ***
Dealt to Dorex2007 [6h 7c]
Wachtli: folds 
hiker1201: folds 
zyaleniyeg: raises $0.04 to $0.06
Hannelore900: folds 
Dorex2007: folds 
silverzeno: calls $0.06
Ladada180811 has timed out
Ladada180811: folds 
vietalva: folds 
Azznak: folds 
*** FLOP *** [2s Js Qs]
zyaleniyeg: checks 
silverzeno: bets $0.06
zyaleniyeg: calls $0.06
*** TURN *** [2s Js Qs] [As]
zyaleniyeg: checks 
silverzeno: bets $0.06
zyaleniyeg: calls $0.06
*** RIVER *** [2s Js Qs As] [2h]
zyaleniyeg: bets $0.11
silverzeno: raises $0.21 to $0.32
zyaleniyeg: calls $0.21
*** SHOW DOWN ***
silverzeno: shows [Qh Ks] (a flush, Ace high)
zyaleniyeg: mucks hand 
silverzeno collected $0.99 from pot
*** SUMMARY ***
Total pot $1.03 | Rake $0.04 
Board [2s Js Qs As 2h]
Seat 1: Dorex2007 folded before Flop (didn't bet)
Seat 2: silverzeno showed [Qh Ks] and won ($0.99) with a flush, Ace high
Seat 3: Ladada180811 (button) folded before Flop (didn't bet)
Seat 4: vietalva (small blind) folded before Flop
Seat 5: Azznak (big blind) folded before Flop
Seat 6: Wachtli folded before Flop (didn't bet)
Seat 7: hiker1201 folded before Flop (didn't bet)
Seat 8: zyaleniyeg mucked [Ts Ac]
Seat 9: Hannelore900 folded before Flop (didn't bet)



PokerStars Hand #224056922464:  Hold'em No Limit ($0.01/$0.02 USD) - 2021/02/21 1:22:05 PT [2021/02/21 4:22:05 ET]
Table 'Hanna VI' 9-max Seat #4 is the button
Seat 1: Dorex2007 ($2.66 in chips) 
Seat 2: silverzeno ($4.08 in chips) 
Seat 4: vietalva ($2 in chips) 
Seat 5: Azznak ($2.13 in chips) 
Seat 6: Wachtli ($3.47 in chips) 
Seat 7: hiker1201 ($1.96 in chips) 
Seat 8: zyaleniyeg ($2 in chips) 
Seat 9: Hannelore900 ($2.73 in chips) 
Azznak: posts small blind $0.01
Wachtli: posts big blind $0.02
*** HOLE CARDS ***
Dealt to Dorex2007 [Kh Kd]
hiker1201: folds 
zyaleniyeg: folds 
Hannelore900: calls $0.02
Dorex2007: raises $0.04 to $0.06
silverzeno: folds 
vietalva: folds 
Azznak: folds 
Wachtli: folds 
Hannelore900: calls $0.04
*** FLOP *** [8c 9c 2d]
Hannelore900: bets $0.02
Dorex2007: raises $0.04 to $0.06
Hannelore900: raises $0.04 to $0.10
Dorex2007: raises $0.34 to $0.44
Hannelore900: calls $0.34
*** TURN *** [8c 9c 2d] [5h]
Hannelore900: checks 
Dorex2007: bets $2.16 and is all-in
Hannelore900: folds 
Uncalled bet ($2.16) returned to Dorex2007
Dorex2007 collected $0.99 from pot
Dorex2007: doesn't show hand 
*** SUMMARY ***
Total pot $1.03 | Rake $0.04 
Board [8c 9c 2d 5h]
Seat 1: Dorex2007 collected ($0.99)
Seat 2: silverzeno folded before Flop (didn't bet)
Seat 4: vietalva (button) folded before Flop (didn't bet)
Seat 5: Azznak (small blind) folded before Flop
Seat 6: Wachtli (big blind) folded before Flop
Seat 7: hiker1201 folded before Flop (didn't bet)
Seat 8: zyaleniyeg folded before Flop (didn't bet)
Seat 9: Hannelore900 folded on the Turn



PokerStars Hand #224056935231:  Hold'em No Limit ($0.01/$0.02 USD) - 2021/02/21 1:22:51 PT [2021/02/21 4:22:51 ET]
Table 'Hanna VI' 9-max Seat #5 is the button
Seat 1: Dorex2007 ($3.15 in chips) 
Seat 2: silverzeno ($4.08 in chips) 
Seat 3: Ladada180811 ($0.35 in chips) 
Seat 4: vietalva ($2 in chips) 
Seat 5: Azznak ($2.12 in chips) 
Seat 6: Wachtli ($3.45 in chips) 
Seat 7: hiker1201 ($1.96 in chips) 
Seat 8: zyaleniyeg ($2 in chips) 
Seat 9: Hannelore900 ($2.23 in chips) 
Wachtli: posts small blind $0.01
hiker1201: posts big blind $0.02
*** HOLE CARDS ***
Dealt to Dorex2007 [5c Ad]
zyaleniyeg: folds 
Hannelore900: calls $0.02
Dorex2007: folds 
silverzeno: folds 
Ladada180811: calls $0.02
vietalva: folds 
Azznak: folds 
Wachtli: folds 
hiker1201: checks 
*** FLOP *** [2d 4c Qd]
hiker1201: checks 
Hannelore900: checks 
Ladada180811: bets $0.07
hiker1201: folds 
Hannelore900: folds 
Uncalled bet ($0.07) returned to Ladada180811
Ladada180811 collected $0.07 from pot
Ladada180811: doesn't show hand 
*** SUMMARY ***
Total pot $0.07 | Rake $0 
Board [2d 4c Qd]
Seat 1: Dorex2007 folded before Flop (didn't bet)
Seat 2: silverzeno folded before Flop (didn't bet)
Seat 3: Ladada180811 collected ($0.07)
Seat 4: vietalva folded before Flop (didn't bet)
Seat 5: Azznak (button) folded before Flop (didn't bet)
Seat 6: Wachtli (small blind) folded before Flop
Seat 7: hiker1201 (big blind) folded on the Flop
Seat 8: zyaleniyeg folded before Flop (didn't bet)
Seat 9: Hannelore900 folded on the Flop



PokerStars Hand #224056945785:  Hold'em No Limit ($0.01/$0.02 USD) - 2021/02/21 1:23:30 PT [2021/02/21 4:23:30 ET]
Table 'Hanna VI' 9-max Seat #6 is the button
Seat 1: Dorex2007 ($3.15 in chips) 
Seat 2: silverzeno ($4.08 in chips) 
Seat 3: Ladada180811 ($0.40 in chips) 
Seat 4: vietalva ($2 in chips) 
Seat 5: Azznak ($2.12 in chips) 
Seat 6: Wachtli ($3.44 in chips) 
Seat 7: hiker1201 ($1.94 in chips) 
Seat 8: zyaleniyeg ($2 in chips) 
Seat 9: Hannelore900 ($2.21 in chips) 
hiker1201: posts small blind $0.01
zyaleniyeg: posts big blind $0.02
*** HOLE CARDS ***
Dealt to Dorex2007 [7s 2d]
Hannelore900: calls $0.02
Dorex2007: folds 
silverzeno: folds 
Ladada180811: calls $0.02
vietalva: folds 
Azznak: raises $0.08 to $0.10
Wachtli: raises $3.34 to $3.44 and is all-in
hiker1201: folds 
zyaleniyeg: folds 
Hannelore900: folds 
Ladada180811: calls $0.38 and is all-in
Azznak: calls $2.02 and is all-in
Uncalled bet ($1.32) returned to Wachtli
*** FLOP *** [8h 6s 3d]
*** TURN *** [8h 6s 3d] [Kc]
*** RIVER *** [8h 6s 3d Kc] [Td]
*** SHOW DOWN ***
Azznak: shows [Ac Ah] (a pair of Aces)
Wachtli: shows [Qs Qc] (a pair of Queens)
Azznak collected $3.32 from side pot
Ladada180811: shows [6c Ad] (a pair of Sixes)
Azznak collected $1.21 from main pot
*** SUMMARY ***
Total pot $4.69 Main pot $1.21. Side pot $3.32. | Rake $0.16 
Board [8h 6s 3d Kc Td]
Seat 1: Dorex2007 folded before Flop (didn't bet)
Seat 2: silverzeno folded before Flop (didn't bet)
Seat 3: Ladada180811 showed [6c Ad] and lost with a pair of Sixes
Seat 4: vietalva folded before Flop (didn't bet)
Seat 5: Azznak showed [Ac Ah] and won ($4.53) with a pair of Aces
Seat 6: Wachtli (button) showed [Qs Qc] and lost with a pair of Queens
Seat 7: hiker1201 (small blind) folded before Flop
Seat 8: zyaleniyeg (big blind) folded before Flop
Seat 9: Hannelore900 folded before Flop



PokerStars Hand #224056961073:  Hold'em No Limit ($0.01/$0.02 USD) - 2021/02/21 1:24:26 PT [2021/02/21 4:24:26 ET]
Table 'Hanna VI' 9-max Seat #7 is the button
Seat 1: Dorex2007 ($3.15 in chips) 
Seat 2: silverzeno ($4.08 in chips) 
Seat 4: vietalva ($2 in chips) 
Seat 5: Azznak ($4.53 in chips) 
Seat 6: Wachtli ($1.32 in chips) 
Seat 7: hiker1201 ($1.93 in chips) 
Seat 8: zyaleniyeg ($2 in chips) 
Seat 9: Hannelore900 ($2.19 in chips) 
zyaleniyeg: posts small blind $0.01
Hannelore900: posts big blind $0.02
*** HOLE CARDS ***
Dealt to Dorex2007 [Qs Jc]
Dorex2007: folds 
silverzeno: folds 
vietalva: raises $0.02 to $0.04
Azznak: calls $0.04
Wachtli: calls $0.04
hiker1201: folds 
zyaleniyeg: folds 
Hannelore900: calls $0.02
*** FLOP *** [Qc Ad 9c]
Hannelore900: checks 
Ladada180811 leaves the table
vietalva: bets $0.16
Apostol108 joins the table at seat #3 
Azznak: folds 
Wachtli: folds 
Hannelore900: folds 
Uncalled bet ($0.16) returned to vietalva
vietalva collected $0.16 from pot
vietalva: doesn't show hand 
*** SUMMARY ***
Total pot $0.17 | Rake $0.01 
Board [Qc Ad 9c]
Seat 1: Dorex2007 folded before Flop (didn't bet)
Seat 2: silverzeno folded before Flop (didn't bet)
Seat 4: vietalva collected ($0.16)
Seat 5: Azznak folded on the Flop
Seat 6: Wachtli folded on the Flop
Seat 7: hiker1201 (button) folded before Flop (didn't bet)
Seat 8: zyaleniyeg (small blind) folded before Flop
Seat 9: Hannelore900 (big blind) folded on the Flop



PokerStars Hand #224056973164:  Hold'em No Limit ($0.01/$0.02 USD) - 2021/02/21 1:25:10 PT [2021/02/21 4:25:10 ET]
Table 'Hanna VI' 9-max Seat #8 is the button
Seat 1: Dorex2007 ($3.15 in chips) 
Seat 2: silverzeno ($4.08 in chips) 
Seat 4: vietalva ($2.12 in chips) 
Seat 5: Azznak ($4.49 in chips) 
Seat 6: Wachtli ($1.28 in chips) 
Seat 7: hiker1201 ($1.93 in chips) 
Seat 8: zyaleniyeg ($2 in chips) 
Seat 9: Hannelore900 ($2.15 in chips) 
Hannelore900: posts small blind $0.01
Dorex2007: posts big blind $0.02
Apostol108: sits out 
*** HOLE CARDS ***
Dealt to Dorex2007 [7h 3d]
silverzeno: folds 
vietalva: folds 
Azznak: folds 
Wachtli: folds 
hiker1201: folds 
zyaleniyeg: raises $0.02 to $0.04
Hannelore900: calls $0.03
Dorex2007: folds 
*** FLOP *** [7s 8c 7d]
Hannelore900: checks 
zyaleniyeg: checks 
*** TURN *** [7s 8c 7d] [2h]
Hannelore900: checks 
zyaleniyeg: checks 
*** RIVER *** [7s 8c 7d 2h] [8d]
Hannelore900: bets $0.02
zyaleniyeg: folds 
Uncalled bet ($0.02) returned to Hannelore900
Hannelore900 collected $0.10 from pot
Hannelore900: doesn't show hand 
*** SUMMARY ***
Total pot $0.10 | Rake $0 
Board [7s 8c 7d 2h 8d]
Seat 1: Dorex2007 (big blind) folded before Flop
Seat 2: silverzeno folded before Flop (didn't bet)
Seat 4: vietalva folded before Flop (didn't bet)
Seat 5: Azznak folded before Flop (didn't bet)
Seat 6: Wachtli folded before Flop (didn't bet)
Seat 7: hiker1201 folded before Flop (didn't bet)
Seat 8: zyaleniyeg (button) folded on the River
Seat 9: Hannelore900 (small blind) collected ($0.10)



PokerStars Hand #224056982697:  Hold'em No Limit ($0.01/$0.02 USD) - 2021/02/21 1:25:46 PT [2021/02/21 4:25:46 ET]
Table 'Hanna VI' 9-max Seat #9 is the button
Seat 1: Dorex2007 ($3.13 in chips) 
Seat 2: silverzeno ($4.08 in chips) 
Seat 4: vietalva ($2.12 in chips) 
Seat 5: Azznak ($4.49 in chips) 
Seat 6: Wachtli ($1.28 in chips) 
Seat 7: hiker1201 ($1.93 in chips) 
Seat 8: zyaleniyeg ($2 in chips) 
Seat 9: Hannelore900 ($2.21 in chips) 
Dorex2007: posts small blind $0.01
silverzeno: posts big blind $0.02
Apostol108: sits out 
*** HOLE CARDS ***
Dealt to Dorex2007 [6c As]
vietalva: folds 
Azznak: folds 
Wachtli: folds 
hiker1201: folds 
zyaleniyeg: folds 
Hannelore900: calls $0.02
Dorex2007: folds 
silverzeno: checks 
*** FLOP *** [Qh 4c 3d]
silverzeno: checks 
Hannelore900: bets $0.05
silverzeno: folds 
Uncalled bet ($0.05) returned to Hannelore900
Hannelore900 collected $0.05 from pot
Hannelore900: doesn't show hand 
*** SUMMARY ***
Total pot $0.05 | Rake $0 
Board [Qh 4c 3d]
Seat 1: Dorex2007 (small blind) folded before Flop
Seat 2: silverzeno (big blind) folded on the Flop
Seat 4: vietalva folded before Flop (didn't bet)
Seat 5: Azznak folded before Flop (didn't bet)
Seat 6: Wachtli folded before Flop (didn't bet)
Seat 7: hiker1201 folded before Flop (didn't bet)
Seat 8: zyaleniyeg folded before Flop (didn't bet)
Seat 9: Hannelore900 (button) collected ($0.05)



PokerStars Hand #224056989412:  Hold'em No Limit ($0.01/$0.02 USD) - 2021/02/21 1:26:10 PT [2021/02/21 4:26:10 ET]
Table 'Hanna VI' 9-max Seat #1 is the button
Seat 1: Dorex2007 ($3.12 in chips) 
Seat 2: silverzeno ($4.06 in chips) 
Seat 3: Apostol108 ($2 in chips) 
Seat 4: vietalva ($2.12 in chips) 
Seat 5: Azznak ($4.49 in chips) 
Seat 6: Wachtli ($1.28 in chips) 
Seat 7: hiker1201 ($1.93 in chips) 
Seat 8: zyaleniyeg ($2 in chips) 
Seat 9: Hannelore900 ($2.24 in chips) 
silverzeno: posts small blind $0.01
Apostol108: posts big blind $0.02
*** HOLE CARDS ***
Dealt to Dorex2007 [4c Ks]
vietalva: folds 
Azznak: folds 
Wachtli: raises $0.04 to $0.06
hiker1201: folds 
zyaleniyeg: folds 
Hannelore900: folds 
Dorex2007: folds 
silverzeno: folds 
Apostol108: folds 
Uncalled bet ($0.04) returned to Wachtli
Wachtli collected $0.05 from pot
Wachtli: doesn't show hand 
*** SUMMARY ***
Total pot $0.05 | Rake $0 
Seat 1: Dorex2007 (button) folded before Flop (didn't bet)
Seat 2: silverzeno (small blind) folded before Flop
Seat 3: Apostol108 (big blind) folded before Flop
Seat 4: vietalva folded before Flop (didn't bet)
Seat 5: Azznak folded before Flop (didn't bet)
Seat 6: Wachtli collected ($0.05)
Seat 7: hiker1201 folded before Flop (didn't bet)
Seat 8: zyaleniyeg folded before Flop (didn't bet)
Seat 9: Hannelore900 folded before Flop (didn't bet)



PokerStars Hand #224056994529:  Hold'em No Limit ($0.01/$0.02 USD) - 2021/02/21 1:26:29 PT [2021/02/21 4:26:29 ET]
Table 'Hanna VI' 9-max Seat #2 is the button
Seat 1: Dorex2007 ($3.12 in chips) 
Seat 2: silverzeno ($4.05 in chips) 
Seat 3: Apostol108 ($2 in chips) 
Seat 4: vietalva ($2.12 in chips) 
Seat 5: Azznak ($4.49 in chips) 
Seat 6: Wachtli ($1.31 in chips) 
Seat 7: hiker1201 ($1.93 in chips) 
Seat 8: zyaleniyeg ($2 in chips) 
Seat 9: Hannelore900 ($2.24 in chips) 
Apostol108: posts small blind $0.01
vietalva: posts big blind $0.02
*** HOLE CARDS ***
Dealt to Dorex2007 [Td 2c]
Azznak: folds 
Wachtli: folds 
hiker1201: folds 
zyaleniyeg: folds 
Hannelore900: folds 
Dorex2007: folds 
silverzeno: folds 
Apostol108: raises $0.04 to $0.06
vietalva: calls $0.04
*** FLOP *** [Js Jh 4s]
Apostol108: bets $0.07
vietalva: calls $0.07
*** TURN *** [Js Jh 4s] [Kc]
Apostol108: checks 
vietalva: bets $0.17
Apostol108: folds 
Uncalled bet ($0.17) returned to vietalva
vietalva collected $0.25 from pot
vietalva: doesn't show hand 
*** SUMMARY ***
Total pot $0.26 | Rake $0.01 
Board [Js Jh 4s Kc]
Seat 1: Dorex2007 folded before Flop (didn't bet)
Seat 2: silverzeno (button) folded before Flop (didn't bet)
Seat 3: Apostol108 (small blind) folded on the Turn
Seat 4: vietalva (big blind) collected ($0.25)
Seat 5: Azznak folded before Flop (didn't bet)
Seat 6: Wachtli folded before Flop (didn't bet)
Seat 7: hiker1201 folded before Flop (didn't bet)
Seat 8: zyaleniyeg folded before Flop (didn't bet)
Seat 9: Hannelore900 folded before Flop (didn't bet)



PokerStars Hand #224057005638:  Hold'em No Limit ($0.01/$0.02 USD) - 2021/02/21 1:27:10 PT [2021/02/21 4:27:10 ET]
Table 'Hanna VI' 9-max Seat #3 is the button
Seat 1: Dorex2007 ($3.12 in chips) 
Seat 2: silverzeno ($4.05 in chips) 
Seat 3: Apostol108 ($2 in chips) 
Seat 4: vietalva ($2.24 in chips) 
Seat 5: Azznak ($4.49 in chips) 
Seat 6: Wachtli ($1.31 in chips) 
Seat 7: hiker1201 ($1.93 in chips) 
Seat 8: zyaleniyeg ($2 in chips) 
Seat 9: Hannelore900 ($2.24 in chips) 
vietalva: posts small blind $0.01
Azznak: posts big blind $0.02
*** HOLE CARDS ***
Dealt to Dorex2007 [Jh Jc]
Wachtli: folds 
hiker1201: folds 
zyaleniyeg: raises $0.04 to $0.06
Hannelore900: raises $0.15 to $0.21
Dorex2007: folds 
silverzeno: folds 
Apostol108: folds 
vietalva: folds 
Azznak: folds 
zyaleniyeg: calls $0.15
*** FLOP *** [5d 9d 2h]
zyaleniyeg: checks 
Hannelore900: bets $0.22
zyaleniyeg: folds 
Uncalled bet ($0.22) returned to Hannelore900
Hannelore900 collected $0.43 from pot
Hannelore900: doesn't show hand 
*** SUMMARY ***
Total pot $0.45 | Rake $0.02 
Board [5d 9d 2h]
Seat 1: Dorex2007 folded before Flop (didn't bet)
Seat 2: silverzeno folded before Flop (didn't bet)
Seat 3: Apostol108 (button) folded before Flop (didn't bet)
Seat 4: vietalva (small blind) folded before Flop
Seat 5: Azznak (big blind) folded before Flop
Seat 6: Wachtli folded before Flop (didn't bet)
Seat 7: hiker1201 folded before Flop (didn't bet)
Seat 8: zyaleniyeg folded on the Flop
Seat 9: Hannelore900 collected ($0.43)



PokerStars Hand #224057015452:  Hold'em No Limit ($0.01/$0.02 USD) - 2021/02/21 1:27:46 PT [2021/02/21 4:27:46 ET]
Table 'Hanna VI' 9-max Seat #4 is the button
Seat 1: Dorex2007 ($3.12 in chips) 
Seat 2: silverzeno ($4.05 in chips) 
Seat 3: Apostol108 ($2 in chips) 
Seat 4: vietalva ($2.23 in chips) 
Seat 5: Azznak ($4.47 in chips) 
Seat 6: Wachtli ($1.31 in chips) 
Seat 7: hiker1201 ($1.93 in chips) 
Seat 8: zyaleniyeg ($2 in chips) 
Seat 9: Hannelore900 ($2.46 in chips) 
Azznak: posts small blind $0.01
Wachtli: posts big blind $0.02
*** HOLE CARDS ***
Dealt to Dorex2007 [2h 7c]
hiker1201: folds 
zyaleniyeg: folds 
Hannelore900: calls $0.02
Dorex2007: folds 
silverzeno: folds 
Apostol108: raises $0.08 to $0.10
vietalva: folds 
Azznak: folds 
Wachtli: folds 
Hannelore900: calls $0.08
*** FLOP *** [Ah Tc 5d]
Hannelore900: checks 
Apostol108: bets $0.12
Hannelore900: folds 
Uncalled bet ($0.12) returned to Apostol108
Apostol108 collected $0.22 from pot
Apostol108: doesn't show hand 
*** SUMMARY ***
Total pot $0.23 | Rake $0.01 
Board [Ah Tc 5d]
Seat 1: Dorex2007 folded before Flop (didn't bet)
Seat 2: silverzeno folded before Flop (didn't bet)
Seat 3: Apostol108 collected ($0.22)
Seat 4: vietalva (button) folded before Flop (didn't bet)
Seat 5: Azznak (small blind) folded before Flop
Seat 6: Wachtli (big blind) folded before Flop
Seat 7: hiker1201 folded before Flop (didn't bet)
Seat 8: zyaleniyeg folded before Flop (didn't bet)
Seat 9: Hannelore900 folded on the Flop



PokerStars Hand #224057024383:  Hold'em No Limit ($0.01/$0.02 USD) - 2021/02/21 1:28:19 PT [2021/02/21 4:28:19 ET]
Table 'Hanna VI' 9-max Seat #5 is the button
Seat 1: Dorex2007 ($3.12 in chips) 
Seat 2: silverzeno ($4.05 in chips) 
Seat 3: Apostol108 ($2.12 in chips) 
Seat 4: vietalva ($2.23 in chips) 
Seat 5: Azznak ($4.46 in chips) 
Seat 6: Wachtli ($1.29 in chips) 
Seat 7: hiker1201 ($1.93 in chips) 
Seat 8: zyaleniyeg ($2 in chips) 
Seat 9: Hannelore900 ($2.36 in chips) 
Wachtli: posts small blind $0.01
hiker1201: posts big blind $0.02
*** HOLE CARDS ***
Dealt to Dorex2007 [9d Ah]
zyaleniyeg: folds 
Hannelore900: calls $0.02
Dorex2007: folds 
silverzeno: folds 
Apostol108: folds 
vietalva: folds 
Azznak: raises $0.04 to $0.06
Wachtli: folds 
hiker1201: folds 
Hannelore900: calls $0.04
*** FLOP *** [2c 8h Ac]
Hannelore900: checks 
vietalva leaves the table
Azznak: bets $0.07
Hannelore900: raises $0.07 to $0.14
Azznak: folds 
Uncalled bet ($0.07) returned to Hannelore900
Hannelore900 collected $0.28 from pot
Hannelore900: doesn't show hand 
*** SUMMARY ***
Total pot $0.29 | Rake $0.01 
Board [2c 8h Ac]
Seat 1: Dorex2007 folded before Flop (didn't bet)
Seat 2: silverzeno folded before Flop (didn't bet)
Seat 3: Apostol108 folded before Flop (didn't bet)
Seat 4: vietalva folded before Flop (didn't bet)
Seat 5: Azznak (button) folded on the Flop
Seat 6: Wachtli (small blind) folded before Flop
Seat 7: hiker1201 (big blind) folded before Flop
Seat 8: zyaleniyeg folded before Flop (didn't bet)
Seat 9: Hannelore900 collected ($0.28)



PokerStars Hand #224057035240:  Hold'em No Limit ($0.01/$0.02 USD) - 2021/02/21 1:28:58 PT [2021/02/21 4:28:58 ET]
Table 'Hanna VI' 9-max Seat #6 is the button
Seat 1: Dorex2007 ($3.12 in chips) 
Seat 2: silverzeno ($4.05 in chips) 
Seat 3: Apostol108 ($2.12 in chips) 
Seat 5: Azznak ($4.33 in chips) 
Seat 6: Wachtli ($1.28 in chips) 
Seat 7: hiker1201 ($1.91 in chips) 
Seat 8: zyaleniyeg ($2 in chips) 
Seat 9: Hannelore900 ($2.51 in chips) 
hiker1201: posts small blind $0.01
zyaleniyeg: posts big blind $0.02
*** HOLE CARDS ***
Dealt to Dorex2007 [5d 9d]
Hannelore900: folds 
Dorex2007: folds 
silverzeno: folds 
Apostol108: folds 
Azznak: raises $0.04 to $0.06
Wachtli: folds 
hiker1201: calls $0.05
zyaleniyeg: folds 
*** FLOP *** [Jd Qc Qs]
hiker1201: checks 
iohcyerffej joins the table at seat #4 
Azznak: bets $0.07
hiker1201: calls $0.07
*** TURN *** [Jd Qc Qs] [4c]
hiker1201: checks 
Azznak: checks 
*** RIVER *** [Jd Qc Qs 4c] [Jh]
hiker1201: checks 
Azznak: checks 
*** SHOW DOWN ***
hiker1201: shows [Kd Ac] (two pair, Queens and Jacks)
Azznak: shows [Ks As] (two pair, Queens and Jacks)
hiker1201 collected $0.14 from pot
Azznak collected $0.13 from pot
*** SUMMARY ***
Total pot $0.28 | Rake $0.01 
Board [Jd Qc Qs 4c Jh]
Seat 1: Dorex2007 folded before Flop (didn't bet)
Seat 2: silverzeno folded before Flop (didn't bet)
Seat 3: Apostol108 folded before Flop (didn't bet)
Seat 5: Azznak showed [Ks As] and won ($0.13) with two pair, Queens and Jacks
Seat 6: Wachtli (button) folded before Flop (didn't bet)
Seat 7: hiker1201 (small blind) showed [Kd Ac] and won ($0.14) with two pair, Queens and Jacks
Seat 8: zyaleniyeg (big blind) folded before Flop
Seat 9: Hannelore900 folded before Flop (didn't bet)



PokerStars Hand #224057052807:  Hold'em No Limit ($0.01/$0.02 USD) - 2021/02/21 1:30:03 PT [2021/02/21 4:30:03 ET]
Table 'Hanna VI' 9-max Seat #7 is the button
Seat 1: Dorex2007 ($3.12 in chips) 
Seat 3: Apostol108 ($2.12 in chips) 
Seat 4: iohcyerffej ($2 in chips) 
Seat 5: Azznak ($4.33 in chips) 
Seat 6: Wachtli ($1.28 in chips) 
Seat 7: hiker1201 ($1.92 in chips) 
Seat 8: zyaleniyeg ($2 in chips) 
Seat 9: Hannelore900 ($2.51 in chips) 
zyaleniyeg: posts small blind $0.01
Hannelore900: posts big blind $0.02
iohcyerffej: posts big blind $0.02
*** HOLE CARDS ***
Dealt to Dorex2007 [2c Kd]
Dorex2007: folds 
Apostol108: folds 
iohcyerffej: checks 
Azznak: folds 
Wachtli: raises $0.06 to $0.08
hiker1201: folds 
zyaleniyeg: folds 
Hannelore900: folds 
iohcyerffej: folds 
Uncalled bet ($0.06) returned to Wachtli
Wachtli collected $0.07 from pot
Wachtli: doesn't show hand 
*** SUMMARY ***
Total pot $0.07 | Rake $0 
Seat 1: Dorex2007 folded before Flop (didn't bet)
Seat 3: Apostol108 folded before Flop (didn't bet)
Seat 4: iohcyerffej folded before Flop (didn't bet)
Seat 5: Azznak folded before Flop (didn't bet)
Seat 6: Wachtli collected ($0.07)
Seat 7: hiker1201 (button) folded before Flop (didn't bet)
Seat 8: zyaleniyeg (small blind) folded before Flop
Seat 9: Hannelore900 (big blind) folded before Flop



PokerStars Hand #224057056884:  Hold'em No Limit ($0.01/$0.02 USD) - 2021/02/21 1:30:18 PT [2021/02/21 4:30:18 ET]
Table 'Hanna VI' 9-max Seat #8 is the button
Seat 1: Dorex2007 ($3.12 in chips) 
Seat 3: Apostol108 ($2.12 in chips) 
Seat 4: iohcyerffej ($1.98 in chips) 
Seat 6: Wachtli ($1.33 in chips) 
Seat 7: hiker1201 ($1.92 in chips) 
Seat 8: zyaleniyeg ($2 in chips) 
Seat 9: Hannelore900 ($2.49 in chips) 
Hannelore900: posts small blind $0.01
Dorex2007: posts big blind $0.02
*** HOLE CARDS ***
Dealt to Dorex2007 [7c 4c]
Apostol108: folds 
iohcyerffej: calls $0.02
Wachtli: folds 
hiker1201: folds 
zyaleniyeg: calls $0.02
Hannelore900: calls $0.01
Dorex2007: checks 
*** FLOP *** [9d 9c 9h]
Hannelore900: checks 
Dorex2007: checks 
iohcyerffej: bets $0.08
zyaleniyeg: calls $0.08
Hannelore900: folds 
Dorex2007: folds 
*** TURN *** [9d 9c 9h] [Kc]
iohcyerffej: bets $0.14
zyaleniyeg: folds 
Uncalled bet ($0.14) returned to iohcyerffej
iohcyerffej collected $0.23 from pot
iohcyerffej: doesn't show hand 
*** SUMMARY ***
Total pot $0.24 | Rake $0.01 
Board [9d 9c 9h Kc]
Seat 1: Dorex2007 (big blind) folded on the Flop
Seat 3: Apostol108 folded before Flop (didn't bet)
Seat 4: iohcyerffej collected ($0.23)
Seat 6: Wachtli folded before Flop (didn't bet)
Seat 7: hiker1201 folded before Flop (didn't bet)
Seat 8: zyaleniyeg (button) folded on the Turn
Seat 9: Hannelore900 (small blind) folded on the Flop



PokerStars Hand #224057066672:  Hold'em No Limit ($0.01/$0.02 USD) - 2021/02/21 1:30:53 PT [2021/02/21 4:30:53 ET]
Table 'Hanna VI' 9-max Seat #9 is the button
Seat 1: Dorex2007 ($3.10 in chips) 
Seat 3: Apostol108 ($2.12 in chips) 
Seat 4: iohcyerffej ($2.11 in chips) 
Seat 6: Wachtli ($1.33 in chips) 
Seat 7: hiker1201 ($1.92 in chips) 
Seat 8: zyaleniyeg ($2 in chips) 
Seat 9: Hannelore900 ($2.47 in chips) 
Dorex2007: posts small blind $0.01
Apostol108: posts big blind $0.02
*** HOLE CARDS ***
Dealt to Dorex2007 [8s 5c]
iohcyerffej: calls $0.02
Wachtli: calls $0.02
hiker1201: folds 
zyaleniyeg: folds 
Hannelore900: folds 
Dorex2007: folds 
Apostol108: checks 
*** FLOP *** [Qs As 9d]
Apostol108: checks 
iohcyerffej: checks 
Wachtli: checks 
*** TURN *** [Qs As 9d] [Kd]
Apostol108: checks 
iohcyerffej: checks 
Wachtli: checks 
*** RIVER *** [Qs As 9d Kd] [3h]
Apostol108: checks 
iohcyerffej: bets $0.04
Wachtli: folds 
Apostol108: folds 
Uncalled bet ($0.04) returned to iohcyerffej
iohcyerffej collected $0.07 from pot
iohcyerffej: doesn't show hand 
*** SUMMARY ***
Total pot $0.07 | Rake $0 
Board [Qs As 9d Kd 3h]
Seat 1: Dorex2007 (small blind) folded before Flop
Seat 3: Apostol108 (big blind) folded on the River
Seat 4: iohcyerffej collected ($0.07)
Seat 6: Wachtli folded on the River
Seat 7: hiker1201 folded before Flop (didn't bet)
Seat 8: zyaleniyeg folded before Flop (didn't bet)
Seat 9: Hannelore900 (button) folded before Flop (didn't bet)



PokerStars Hand #224057077629:  Hold'em No Limit ($0.01/$0.02 USD) - 2021/02/21 1:31:33 PT [2021/02/21 4:31:33 ET]
Table 'Hanna VI' 9-max Seat #1 is the button
Seat 1: Dorex2007 ($3.09 in chips) 
Seat 3: Apostol108 ($2.10 in chips) 
Seat 4: iohcyerffej ($2.16 in chips) 
Seat 6: Wachtli ($1.31 in chips) 
Seat 7: hiker1201 ($1.92 in chips) 
Seat 8: zyaleniyeg ($2 in chips) 
Seat 9: Hannelore900 ($2.47 in chips) 
Apostol108: posts small blind $0.01
iohcyerffej: posts big blind $0.02
*** HOLE CARDS ***
Dealt to Dorex2007 [Kd Jd]
Wachtli: folds 
hiker1201: folds 
zyaleniyeg: calls $0.02
Hannelore900: folds 
Dorex2007: calls $0.02
Apostol108: folds 
iohcyerffej: checks 
*** FLOP *** [Ts 4c As]
iohcyerffej: checks 
zyaleniyeg: bets $0.04
Dorex2007: folds 
iohcyerffej: folds 
Uncalled bet ($0.04) returned to zyaleniyeg
zyaleniyeg collected $0.07 from pot
*** SUMMARY ***
Total pot $0.07 | Rake $0 
Board [Ts 4c As]
Seat 1: Dorex2007 (button) folded on the Flop
Seat 3: Apostol108 (small blind) folded before Flop
Seat 4: iohcyerffej (big blind) folded on the Flop
Seat 6: Wachtli folded before Flop (didn't bet)
Seat 7: hiker1201 folded before Flop (didn't bet)
Seat 8: zyaleniyeg collected ($0.07)
Seat 9: Hannelore900 folded before Flop (didn't bet)



PokerStars Hand #224057085601:  Hold'em No Limit ($0.01/$0.02 USD) - 2021/02/21 1:32:02 PT [2021/02/21 4:32:02 ET]
Table 'Hanna VI' 9-max Seat #3 is the button
Seat 1: Dorex2007 ($3.07 in chips) 
Seat 3: Apostol108 ($2.09 in chips) 
Seat 4: iohcyerffej ($2.14 in chips) 
Seat 5: Azznak ($4.33 in chips) 
Seat 6: Wachtli ($1.31 in chips) 
Seat 7: hiker1201 ($1.92 in chips) 
Seat 8: zyaleniyeg ($2.05 in chips) 
Seat 9: Hannelore900 ($2.47 in chips) 
iohcyerffej: posts small blind $0.01
Azznak: posts big blind $0.02
*** HOLE CARDS ***
Dealt to Dorex2007 [9d Kc]
Wachtli: raises $0.04 to $0.06
hiker1201: calls $0.06
zyaleniyeg: folds 
Hannelore900: calls $0.06
Dorex2007: folds 
Apostol108: folds 
iohcyerffej: folds 
Azznak: folds 
*** FLOP *** [9s 4d 3c]
Wachtli: bets $0.16
hiker1201: calls $0.16
Hannelore900: folds 
*** TURN *** [9s 4d 3c] [Kh]
Wachtli: checks 
hiker1201: checks 
*** RIVER *** [9s 4d 3c Kh] [As]
Wachtli: checks 
hiker1201: checks 
*** SHOW DOWN ***
Wachtli: shows [Qs Qd] (a pair of Queens)
hiker1201: mucks hand 
Wachtli collected $0.51 from pot
*** SUMMARY ***
Total pot $0.53 | Rake $0.02 
Board [9s 4d 3c Kh As]
Seat 1: Dorex2007 folded before Flop (didn't bet)
Seat 3: Apostol108 (button) folded before Flop (didn't bet)
Seat 4: iohcyerffej (small blind) folded before Flop
Seat 5: Azznak (big blind) folded before Flop
Seat 6: Wachtli showed [Qs Qd] and won ($0.51) with a pair of Queens
Seat 7: hiker1201 mucked [Th Ts]
Seat 8: zyaleniyeg folded before Flop (didn't bet)
Seat 9: Hannelore900 folded on the Flop



PokerStars Hand #224057098886:  Hold'em No Limit ($0.01/$0.02 USD) - 2021/02/21 1:32:50 PT [2021/02/21 4:32:50 ET]
Table 'Hanna VI' 9-max Seat #4 is the button
Seat 1: Dorex2007 ($3.07 in chips) 
Seat 3: Apostol108 ($2.09 in chips) 
Seat 4: iohcyerffej ($2.13 in chips) 
Seat 5: Azznak ($4.31 in chips) 
Seat 6: Wachtli ($1.60 in chips) 
Seat 7: hiker1201 ($1.70 in chips) 
Seat 8: zyaleniyeg ($2.05 in chips) 
Seat 9: Hannelore900 ($2.41 in chips) 
Azznak: posts small blind $0.01
Wachtli: posts big blind $0.02
*** HOLE CARDS ***
Dealt to Dorex2007 [2s Qh]
hiker1201: folds 
zyaleniyeg: folds 
Hannelore900: calls $0.02
Dorex2007: folds 
Apostol108: folds 
iohcyerffej: calls $0.02
Azznak: raises $0.04 to $0.06
Wachtli: folds 
Hannelore900: calls $0.04
iohcyerffej: folds 
*** FLOP *** [Kh 7c 4h]
Azznak: bets $0.15
Hannelore900: folds 
Uncalled bet ($0.15) returned to Azznak
Azznak collected $0.15 from pot
Azznak: doesn't show hand 
*** SUMMARY ***
Total pot $0.16 | Rake $0.01 
Board [Kh 7c 4h]
Seat 1: Dorex2007 folded before Flop (didn't bet)
Seat 3: Apostol108 folded before Flop (didn't bet)
Seat 4: iohcyerffej (button) folded before Flop
Seat 5: Azznak (small blind) collected ($0.15)
Seat 6: Wachtli (big blind) folded before Flop
Seat 7: hiker1201 folded before Flop (didn't bet)
Seat 8: zyaleniyeg folded before Flop (didn't bet)
Seat 9: Hannelore900 folded on the Flop



PokerStars Hand #224057106918:  Hold'em No Limit ($0.01/$0.02 USD) - 2021/02/21 1:33:19 PT [2021/02/21 4:33:19 ET]
Table 'Hanna VI' 9-max Seat #5 is the button
Seat 1: Dorex2007 ($3.07 in chips) 
Seat 3: Apostol108 ($2.09 in chips) 
Seat 4: iohcyerffej ($2.11 in chips) 
Seat 5: Azznak ($4.40 in chips) 
Seat 6: Wachtli ($1.58 in chips) 
Seat 7: hiker1201 ($1.70 in chips) 
Seat 8: zyaleniyeg ($2.05 in chips) 
Seat 9: Hannelore900 ($2.35 in chips) 
Wachtli: posts small blind $0.01
hiker1201: posts big blind $0.02
*** HOLE CARDS ***
Dealt to Dorex2007 [4s 6c]
zyaleniyeg: folds 
Hannelore900: folds 
Dorex2007: folds 
Apostol108: folds 
iohcyerffej: folds 
Azznak: raises $0.04 to $0.06
Wachtli: folds 
hiker1201: folds 
Uncalled bet ($0.04) returned to Azznak
Azznak collected $0.05 from pot
Azznak: doesn't show hand 
*** SUMMARY ***
Total pot $0.05 | Rake $0 
Seat 1: Dorex2007 folded before Flop (didn't bet)
Seat 3: Apostol108 folded before Flop (didn't bet)
Seat 4: iohcyerffej folded before Flop (didn't bet)
Seat 5: Azznak (button) collected ($0.05)
Seat 6: Wachtli (small blind) folded before Flop
Seat 7: hiker1201 (big blind) folded before Flop
Seat 8: zyaleniyeg folded before Flop (didn't bet)
Seat 9: Hannelore900 folded before Flop (didn't bet)



PokerStars Hand #224057113938:  Hold'em No Limit ($0.01/$0.02 USD) - 2021/02/21 1:33:45 PT [2021/02/21 4:33:45 ET]
Table 'Hanna VI' 9-max Seat #6 is the button
Seat 1: Dorex2007 ($3.07 in chips) 
Seat 3: Apostol108 ($2.09 in chips) 
Seat 4: iohcyerffej ($2.11 in chips) 
Seat 5: Azznak ($4.43 in chips) 
Seat 6: Wachtli ($1.57 in chips) 
Seat 7: hiker1201 ($1.68 in chips) 
Seat 8: zyaleniyeg ($2.05 in chips) 
Seat 9: Hannelore900 ($2.35 in chips) 
hiker1201: posts small blind $0.01
zyaleniyeg: posts big blind $0.02
*** HOLE CARDS ***
Dealt to Dorex2007 [8s Qc]
Hannelore900: raises $0.02 to $0.04
Dorex2007: folds 
Apostol108: folds 
iohcyerffej: folds 
Azznak: calls $0.04
Wachtli: folds 
hiker1201: calls $0.03
zyaleniyeg: calls $0.02
*** FLOP *** [7h Qs 6h]
hiker1201: checks 
zyaleniyeg: bets $0.10
Hannelore900: calls $0.10
Azznak: raises $0.45 to $0.55
hiker1201: folds 
zyaleniyeg: raises $1.46 to $2.01 and is all-in
Hannelore900: calls $1.91
Azznak: raises $2.38 to $4.39 and is all-in
Hannelore900: calls $0.30 and is all-in
Uncalled bet ($2.08) returned to Azznak
*** TURN *** [7h Qs 6h] [Ks]
*** RIVER *** [7h Qs 6h Ks] [Jc]
*** SHOW DOWN ***
Hannelore900: shows [Ah 9h] (high card Ace)
Azznak: shows [6c 7c] (two pair, Sevens and Sixes)
zyaleniyeg: shows [6s 7s] (two pair, Sevens and Sixes)
zyaleniyeg collected $2.99 from main pot
Azznak cashed out the hand for $1.95 | Cash Out Fee $0.02
*** SUMMARY ***
Total pot $6.79 Main pot $5.97. Side pot $0.58. | Rake $0.24 
Board [7h Qs 6h Ks Jc]
Seat 1: Dorex2007 folded before Flop (didn't bet)
Seat 3: Apostol108 folded before Flop (didn't bet)
Seat 4: iohcyerffej folded before Flop (didn't bet)
Seat 5: Azznak showed [6c 7c] and won ($3.56) with two pair, Sevens and Sixes (pot not awarded as player cashed out)
Seat 6: Wachtli (button) folded before Flop (didn't bet)
Seat 7: hiker1201 (small blind) folded on the Flop
Seat 8: zyaleniyeg (big blind) showed [6s 7s] and won ($2.99) with two pair, Sevens and Sixes
Seat 9: Hannelore900 showed [Ah 9h] and lost with high card Ace



PokerStars Hand #224057134213:  Hold'em No Limit ($0.01/$0.02 USD) - 2021/02/21 1:34:57 PT [2021/02/21 4:34:57 ET]
Table 'Hanna VI' 9-max Seat #7 is the button
Seat 1: Dorex2007 ($3.07 in chips) 
Seat 3: Apostol108 ($2.09 in chips) 
Seat 4: iohcyerffej ($2.11 in chips) 
Seat 5: Azznak ($4.03 in chips) 
Seat 6: Wachtli ($1.57 in chips) 
Seat 7: hiker1201 ($1.64 in chips) 
Seat 8: zyaleniyeg ($2.99 in chips) 
zyaleniyeg: posts small blind $0.01
Dorex2007: posts big blind $0.02
silverzeno: sits out 
*** HOLE CARDS ***
Dealt to Dorex2007 [2h 3d]
Apostol108: folds 
iohcyerffej: folds 
Azznak: folds 
Wachtli: raises $0.04 to $0.06
hiker1201: folds 
zyaleniyeg: folds 
Dorex2007: folds 
Uncalled bet ($0.04) returned to Wachtli
Wachtli collected $0.05 from pot
Wachtli: doesn't show hand 
*** SUMMARY ***
Total pot $0.05 | Rake $0 
Seat 1: Dorex2007 (big blind) folded before Flop
Seat 3: Apostol108 folded before Flop (didn't bet)
Seat 4: iohcyerffej folded before Flop (didn't bet)
Seat 5: Azznak folded before Flop (didn't bet)
Seat 6: Wachtli collected ($0.05)
Seat 7: hiker1201 (button) folded before Flop (didn't bet)
Seat 8: zyaleniyeg (small blind) folded before Flop



PokerStars Hand #224057138837:  Hold'em No Limit ($0.01/$0.02 USD) - 2021/02/21 1:35:14 PT [2021/02/21 4:35:14 ET]
Table 'Hanna VI' 9-max Seat #8 is the button
Seat 1: Dorex2007 ($3.05 in chips) 
Seat 2: silverzeno ($4.05 in chips) 
Seat 3: Apostol108 ($2.09 in chips) 
Seat 4: iohcyerffej ($2.11 in chips) 
Seat 5: Azznak ($4.03 in chips) 
Seat 6: Wachtli ($1.60 in chips) 
Seat 7: hiker1201 ($1.64 in chips) 
Seat 8: zyaleniyeg ($2.98 in chips) 
Dorex2007: posts small blind $0.01
silverzeno: posts big blind $0.02
*** HOLE CARDS ***
Dealt to Dorex2007 [4c 4d]
Apostol108: folds 
iohcyerffej: folds 
Azznak: folds 
Wachtli: raises $0.04 to $0.06
hiker1201: folds 
zyaleniyeg: folds 
Dorex2007: folds 
silverzeno: folds 
Uncalled bet ($0.04) returned to Wachtli
Wachtli collected $0.05 from pot
Wachtli: doesn't show hand 
*** SUMMARY ***
Total pot $0.05 | Rake $0 
Seat 1: Dorex2007 (small blind) folded before Flop
Seat 2: silverzeno (big blind) folded before Flop
Seat 3: Apostol108 folded before Flop (didn't bet)
Seat 4: iohcyerffej folded before Flop (didn't bet)
Seat 5: Azznak folded before Flop (didn't bet)
Seat 6: Wachtli collected ($0.05)
Seat 7: hiker1201 folded before Flop (didn't bet)
Seat 8: zyaleniyeg (button) folded before Flop (didn't bet)



PokerStars Hand #224057143960:  Hold'em No Limit ($0.01/$0.02 USD) - 2021/02/21 1:35:32 PT [2021/02/21 4:35:32 ET]
Table 'Hanna VI' 9-max Seat #1 is the button
Seat 1: Dorex2007 ($3.04 in chips) 
Seat 2: silverzeno ($4.03 in chips) 
Seat 3: Apostol108 ($2.09 in chips) 
Seat 4: iohcyerffej ($2.11 in chips) 
Seat 5: Azznak ($4.03 in chips) 
Seat 6: Wachtli ($1.63 in chips) 
Seat 7: hiker1201 ($1.64 in chips) 
Seat 8: zyaleniyeg ($2.98 in chips) 
silverzeno: posts small blind $0.01
Apostol108: posts big blind $0.02
*** HOLE CARDS ***
Dealt to Dorex2007 [7c 8d]
iohcyerffej: folds 
Azznak: folds 
Wachtli: folds 
hiker1201: raises $0.04 to $0.06
zyaleniyeg: folds 
Dorex2007: folds 
silverzeno: folds 
Apostol108: calls $0.04
*** FLOP *** [2c Th 3d]
Apostol108: checks 
hiker1201: bets $0.06
Apostol108: folds 
Uncalled bet ($0.06) returned to hiker1201
hiker1201 collected $0.13 from pot
hiker1201: doesn't show hand 
*** SUMMARY ***
Total pot $0.13 | Rake $0 
Board [2c Th 3d]
Seat 1: Dorex2007 (button) folded before Flop (didn't bet)
Seat 2: silverzeno (small blind) folded before Flop
Seat 3: Apostol108 (big blind) folded on the Flop
Seat 4: iohcyerffej folded before Flop (didn't bet)
Seat 5: Azznak folded before Flop (didn't bet)
Seat 6: Wachtli folded before Flop (didn't bet)
Seat 7: hiker1201 collected ($0.13)
Seat 8: zyaleniyeg folded before Flop (didn't bet)



PokerStars Hand #224057154488:  Hold'em No Limit ($0.01/$0.02 USD) - 2021/02/21 1:36:09 PT [2021/02/21 4:36:09 ET]
Table 'Hanna VI' 9-max Seat #2 is the button
Seat 1: Dorex2007 ($3.04 in chips) 
Seat 2: silverzeno ($4.02 in chips) 
Seat 3: Apostol108 ($2.03 in chips) 
Seat 4: iohcyerffej ($2.11 in chips) 
Seat 5: Azznak ($4.03 in chips) 
Seat 6: Wachtli ($1.63 in chips) 
Seat 7: hiker1201 ($1.71 in chips) 
Seat 8: zyaleniyeg ($2.98 in chips) 
Apostol108: posts small blind $0.01
iohcyerffej: posts big blind $0.02
*** HOLE CARDS ***
Dealt to Dorex2007 [7c 5s]
Azznak: folds 
Wachtli: folds 
Hannelore900 leaves the table
hiker1201: folds 
zyaleniyeg: calls $0.02
Dorex2007: folds 
Ykycu_Moe joins the table at seat #9 
silverzeno: folds 
Apostol108: calls $0.01
iohcyerffej: checks 
*** FLOP *** [6d Kd 6h]
Apostol108: checks 
iohcyerffej: checks 
zyaleniyeg: checks 
*** TURN *** [6d Kd 6h] [Kc]
Apostol108: checks 
iohcyerffej: checks 
zyaleniyeg: bets $0.02
Apostol108: calls $0.02
iohcyerffej: folds 
*** RIVER *** [6d Kd 6h Kc] [3d]
Apostol108: checks 
zyaleniyeg: checks 
*** SHOW DOWN ***
Apostol108: shows [Ac 8d] (two pair, Kings and Sixes)
zyaleniyeg: shows [Qd 9d] (a flush, King high)
zyaleniyeg collected $0.10 from pot
*** SUMMARY ***
Total pot $0.10 | Rake $0 
Board [6d Kd 6h Kc 3d]
Seat 1: Dorex2007 folded before Flop (didn't bet)
Seat 2: silverzeno (button) folded before Flop (didn't bet)
Seat 3: Apostol108 (small blind) showed [Ac 8d] and lost with two pair, Kings and Sixes
Seat 4: iohcyerffej (big blind) folded on the Turn
Seat 5: Azznak folded before Flop (didn't bet)
Seat 6: Wachtli folded before Flop (didn't bet)
Seat 7: hiker1201 folded before Flop (didn't bet)
Seat 8: zyaleniyeg showed [Qd 9d] and won ($0.10) with a flush, King high



PokerStars Hand #224057173231:  Hold'em No Limit ($0.01/$0.02 USD) - 2021/02/21 1:37:15 PT [2021/02/21 4:37:15 ET]
Table 'Hanna VI' 9-max Seat #3 is the button
Seat 1: Dorex2007 ($3.04 in chips) 
Seat 2: silverzeno ($4.02 in chips) 
Seat 3: Apostol108 ($2 in chips) 
Seat 4: iohcyerffej ($2.09 in chips) 
Seat 5: Azznak ($4.03 in chips) 
Seat 6: Wachtli ($1.63 in chips) 
Seat 7: hiker1201 ($1.71 in chips) 
Seat 8: zyaleniyeg ($3.04 in chips) 
iohcyerffej: posts small blind $0.01
Azznak: posts big blind $0.02
Ykycu_Moe: sits out 
*** HOLE CARDS ***
Dealt to Dorex2007 [3d Qc]
Wachtli: folds 
hiker1201: folds 
zyaleniyeg: folds 
Dorex2007: folds 
silverzeno: raises $0.04 to $0.06
Apostol108: calls $0.06
iohcyerffej: calls $0.05
Azznak: calls $0.04
*** FLOP *** [2s 5d Jh]
iohcyerffej: bets $0.08
Azznak: calls $0.08
silverzeno: folds 
Apostol108: folds 
*** TURN *** [2s 5d Jh] [7h]
iohcyerffej: checks 
Azznak: bets $0.20
iohcyerffej: folds 
Uncalled bet ($0.20) returned to Azznak
Azznak collected $0.39 from pot
Azznak: doesn't show hand 
*** SUMMARY ***
Total pot $0.40 | Rake $0.01 
Board [2s 5d Jh 7h]
Seat 1: Dorex2007 folded before Flop (didn't bet)
Seat 2: silverzeno folded on the Flop
Seat 3: Apostol108 (button) folded on the Flop
Seat 4: iohcyerffej (small blind) folded on the Turn
Seat 5: Azznak (big blind) collected ($0.39)
Seat 6: Wachtli folded before Flop (didn't bet)
Seat 7: hiker1201 folded before Flop (didn't bet)
Seat 8: zyaleniyeg folded before Flop (didn't bet)



PokerStars Hand #224057193067:  Hold'em No Limit ($0.01/$0.02 USD) - 2021/02/21 1:38:27 PT [2021/02/21 4:38:27 ET]
Table 'Hanna VI' 9-max Seat #4 is the button
Seat 1: Dorex2007 ($3.04 in chips) 
Seat 2: silverzeno ($3.96 in chips) 
Seat 3: Apostol108 ($2 in chips) 
Seat 4: iohcyerffej ($1.95 in chips) 
Seat 5: Azznak ($4.28 in chips) 
Seat 6: Wachtli ($1.63 in chips) 
Seat 7: hiker1201 ($1.71 in chips) 
Seat 8: zyaleniyeg ($3.04 in chips) 
Azznak: posts small blind $0.01
Wachtli: posts big blind $0.02
Ykycu_Moe: sits out 
*** HOLE CARDS ***
Dealt to Dorex2007 [Jc 9c]
hiker1201: folds 
zyaleniyeg: folds 
Dorex2007: folds 
silverzeno: folds 
Apostol108: folds 
iohcyerffej: folds 
Azznak: folds 
Uncalled bet ($0.01) returned to Wachtli
Wachtli collected $0.02 from pot
Wachtli: doesn't show hand 
*** SUMMARY ***
Total pot $0.02 | Rake $0 
Seat 1: Dorex2007 folded before Flop (didn't bet)
Seat 2: silverzeno folded before Flop (didn't bet)
Seat 3: Apostol108 folded before Flop (didn't bet)
Seat 4: iohcyerffej (button) folded before Flop (didn't bet)
Seat 5: Azznak (small blind) folded before Flop
Seat 6: Wachtli (big blind) collected ($0.02)
Seat 7: hiker1201 folded before Flop (didn't bet)
Seat 8: zyaleniyeg folded before Flop (didn't bet)



PokerStars Hand #224057197023:  Hold'em No Limit ($0.01/$0.02 USD) - 2021/02/21 1:38:41 PT [2021/02/21 4:38:41 ET]
Table 'Hanna VI' 9-max Seat #5 is the button
Seat 1: Dorex2007 ($3.04 in chips) 
Seat 2: silverzeno ($3.96 in chips) 
Seat 3: Apostol108 ($2 in chips) 
Seat 4: iohcyerffej ($1.95 in chips) 
Seat 5: Azznak ($4.27 in chips) 
Seat 6: Wachtli ($1.64 in chips) 
Seat 7: hiker1201 ($1.71 in chips) 
Seat 8: zyaleniyeg ($3.04 in chips) 
Wachtli: posts small blind $0.01
hiker1201: posts big blind $0.02
Ykycu_Moe: sits out 
*** HOLE CARDS ***
Dealt to Dorex2007 [Ks 7h]
zyaleniyeg: folds 
Dorex2007: folds 
silverzeno: folds 
Apostol108: folds 
iohcyerffej: folds 
Azznak: raises $0.04 to $0.06
Wachtli: folds 
hiker1201: folds 
Uncalled bet ($0.04) returned to Azznak
Azznak collected $0.05 from pot
Azznak: doesn't show hand 
*** SUMMARY ***
Total pot $0.05 | Rake $0 
Seat 1: Dorex2007 folded before Flop (didn't bet)
Seat 2: silverzeno folded before Flop (didn't bet)
Seat 3: Apostol108 folded before Flop (didn't bet)
Seat 4: iohcyerffej folded before Flop (didn't bet)
Seat 5: Azznak (button) collected ($0.05)
Seat 6: Wachtli (small blind) folded before Flop
Seat 7: hiker1201 (big blind) folded before Flop
Seat 8: zyaleniyeg folded before Flop (didn't bet)



PokerStars Hand #224057205029:  Hold'em No Limit ($0.01/$0.02 USD) - 2021/02/21 1:39:10 PT [2021/02/21 4:39:10 ET]
Table 'Hanna VI' 9-max Seat #6 is the button
Seat 1: Dorex2007 ($3.04 in chips) 
Seat 2: silverzeno ($3.96 in chips) 
Seat 3: Apostol108 ($2 in chips) 
Seat 4: iohcyerffej ($1.95 in chips) 
Seat 5: Azznak ($4.30 in chips) 
Seat 6: Wachtli ($1.63 in chips) 
Seat 7: hiker1201 ($1.69 in chips) 
Seat 9: Ykycu_Moe ($2 in chips) 
hiker1201: posts small blind $0.01
zyaleniyeg: is sitting out 
zyaleniyeg leaves the table
Ykycu_Moe: posts big blind $0.02
*** HOLE CARDS ***
Dealt to Dorex2007 [Ks Ad]
Dorex2007: raises $0.04 to $0.06
silverzeno: folds 
Apostol108: folds 
iohcyerffej: folds 
Azznak: folds 
Wachtli: folds 
SpanishBoy94 joins the table at seat #8 
hiker1201: folds 
Ykycu_Moe: folds 
Uncalled bet ($0.04) returned to Dorex2007
Dorex2007 collected $0.05 from pot
Dorex2007: doesn't show hand 
*** SUMMARY ***
Total pot $0.05 | Rake $0 
Seat 1: Dorex2007 collected ($0.05)
Seat 2: silverzeno folded before Flop (didn't bet)
Seat 3: Apostol108 folded before Flop (didn't bet)
Seat 4: iohcyerffej folded before Flop (didn't bet)
Seat 5: Azznak folded before Flop (didn't bet)
Seat 6: Wachtli (button) folded before Flop (didn't bet)
Seat 7: hiker1201 (small blind) folded before Flop
Seat 9: Ykycu_Moe (big blind) folded before Flop



PokerStars Hand #224057210934:  Hold'em No Limit ($0.01/$0.02 USD) - 2021/02/21 1:39:31 PT [2021/02/21 4:39:31 ET]
Table 'Hanna VI' 9-max Seat #7 is the button
Seat 1: Dorex2007 ($3.07 in chips) 
Seat 2: silverzeno ($3.96 in chips) 
Seat 3: Apostol108 ($2 in chips) 
Seat 4: iohcyerffej ($1.95 in chips) 
Seat 5: Azznak ($4.30 in chips) 
Seat 6: Wachtli ($1.63 in chips) 
Seat 7: hiker1201 ($1.68 in chips) 
Seat 9: Ykycu_Moe ($2 in chips) 
Ykycu_Moe: posts small blind $0.01
Dorex2007: posts big blind $0.02
*** HOLE CARDS ***
Dealt to Dorex2007 [3c 4c]
silverzeno: folds 
Apostol108: folds 
iohcyerffej: folds 
Azznak: folds 
Wachtli: folds 
hiker1201: folds 
Ykycu_Moe: folds 
Uncalled bet ($0.01) returned to Dorex2007
Dorex2007 collected $0.02 from pot
Dorex2007: doesn't show hand 
*** SUMMARY ***
Total pot $0.02 | Rake $0 
Seat 1: Dorex2007 (big blind) collected ($0.02)
Seat 2: silverzeno folded before Flop (didn't bet)
Seat 3: Apostol108 folded before Flop (didn't bet)
Seat 4: iohcyerffej folded before Flop (didn't bet)
Seat 5: Azznak folded before Flop (didn't bet)
Seat 6: Wachtli folded before Flop (didn't bet)
Seat 7: hiker1201 (button) folded before Flop (didn't bet)
Seat 9: Ykycu_Moe (small blind) folded before Flop



PokerStars Hand #224057215192:  Hold'em No Limit ($0.01/$0.02 USD) - 2021/02/21 1:39:47 PT [2021/02/21 4:39:47 ET]
Table 'Hanna VI' 9-max Seat #9 is the button
Seat 1: Dorex2007 ($3.08 in chips) 
Seat 2: silverzeno ($3.96 in chips) 
Seat 3: Apostol108 ($2 in chips) 
Seat 4: iohcyerffej ($1.95 in chips) 
Seat 5: Azznak ($4.30 in chips) 
Seat 6: Wachtli ($1.63 in chips) 
Seat 7: hiker1201 ($1.68 in chips) 
Seat 8: SpanishBoy94 ($2 in chips) 
Seat 9: Ykycu_Moe ($2 in chips) 
Dorex2007: posts small blind $0.01
silverzeno: posts big blind $0.02
SpanishBoy94: posts big blind $0.02
*** HOLE CARDS ***
Dealt to Dorex2007 [2s 2d]
Apostol108: folds 
iohcyerffej: folds 
Azznak: folds 
Wachtli: folds 
hiker1201: calls $0.02
SpanishBoy94: checks 
Ykycu_Moe: folds 
Dorex2007: calls $0.01
silverzeno: raises $0.06 to $0.08
hiker1201: calls $0.06
SpanishBoy94: folds 
Dorex2007: folds 
*** FLOP *** [2c As 6s]
silverzeno: bets $0.08
hiker1201: folds 
Uncalled bet ($0.08) returned to silverzeno
silverzeno collected $0.19 from pot
silverzeno: doesn't show hand 
*** SUMMARY ***
Total pot $0.20 | Rake $0.01 
Board [2c As 6s]
Seat 1: Dorex2007 (small blind) folded before Flop
Seat 2: silverzeno (big blind) collected ($0.19)
Seat 3: Apostol108 folded before Flop (didn't bet)
Seat 4: iohcyerffej folded before Flop (didn't bet)
Seat 5: Azznak folded before Flop (didn't bet)
Seat 6: Wachtli folded before Flop (didn't bet)
Seat 7: hiker1201 folded on the Flop
Seat 8: SpanishBoy94 folded before Flop (didn't bet)
Seat 9: Ykycu_Moe (button) folded before Flop (didn't bet)



PokerStars Hand #224057228172:  Hold'em No Limit ($0.01/$0.02 USD) - 2021/02/21 1:40:33 PT [2021/02/21 4:40:33 ET]
Table 'Hanna VI' 9-max Seat #1 is the button
Seat 1: Dorex2007 ($3.06 in chips) 
Seat 2: silverzeno ($4.07 in chips) 
Seat 3: Apostol108 ($2 in chips) 
Seat 4: iohcyerffej ($1.95 in chips) 
Seat 5: Azznak ($4.30 in chips) 
Seat 6: Wachtli ($1.63 in chips) 
Seat 7: hiker1201 ($1.60 in chips) 
Seat 8: SpanishBoy94 ($1.98 in chips) 
Seat 9: Ykycu_Moe ($2 in chips) 
silverzeno: posts small blind $0.01
Apostol108: posts big blind $0.02
*** HOLE CARDS ***
Dealt to Dorex2007 [2d 9s]
iohcyerffej: folds 
Azznak: folds 
Wachtli: folds 
hiker1201: folds 
SpanishBoy94: raises $0.04 to $0.06
Ykycu_Moe: folds 
Dorex2007: folds 
silverzeno: folds 
Apostol108: folds 
Uncalled bet ($0.04) returned to SpanishBoy94
SpanishBoy94 collected $0.05 from pot
SpanishBoy94: doesn't show hand 
*** SUMMARY ***
Total pot $0.05 | Rake $0 
Seat 1: Dorex2007 (button) folded before Flop (didn't bet)
Seat 2: silverzeno (small blind) folded before Flop
Seat 3: Apostol108 (big blind) folded before Flop
Seat 4: iohcyerffej folded before Flop (didn't bet)
Seat 5: Azznak folded before Flop (didn't bet)
Seat 6: Wachtli folded before Flop (didn't bet)
Seat 7: hiker1201 folded before Flop (didn't bet)
Seat 8: SpanishBoy94 collected ($0.05)
Seat 9: Ykycu_Moe folded before Flop (didn't bet)



PokerStars Hand #224057233015:  Hold'em No Limit ($0.01/$0.02 USD) - 2021/02/21 1:40:50 PT [2021/02/21 4:40:50 ET]
Table 'Hanna VI' 9-max Seat #2 is the button
Seat 1: Dorex2007 ($3.06 in chips) 
Seat 2: silverzeno ($4.06 in chips) 
Seat 3: Apostol108 ($2 in chips) 
Seat 4: iohcyerffej ($1.95 in chips) 
Seat 5: Azznak ($4.30 in chips) 
Seat 6: Wachtli ($1.63 in chips) 
Seat 7: hiker1201 ($1.60 in chips) 
Seat 8: SpanishBoy94 ($2.01 in chips) 
Seat 9: Ykycu_Moe ($2 in chips) 
Apostol108: posts small blind $0.01
iohcyerffej: posts big blind $0.02
*** HOLE CARDS ***
Dealt to Dorex2007 [5d Ad]
Azznak: folds 
Wachtli: folds 
hiker1201: folds 
SpanishBoy94: folds 
Ykycu_Moe: folds 
Dorex2007: raises $0.02 to $0.04
silverzeno: raises $0.10 to $0.14
Apostol108: folds 
iohcyerffej: folds 
Dorex2007: calls $0.10
*** FLOP *** [As Ah Jh]
Dorex2007: checks 
silverzeno: bets $0.10
Dorex2007: calls $0.10
*** TURN *** [As Ah Jh] [5c]
Dorex2007: checks 
silverzeno: bets $0.18
Dorex2007: raises $0.85 to $1.03
silverzeno: calls $0.85
*** RIVER *** [As Ah Jh 5c] [8h]
Dorex2007: bets $1.79 and is all-in
silverzeno: folds 
Uncalled bet ($1.79) returned to Dorex2007
Dorex2007 collected $2.48 from pot
Dorex2007: doesn't show hand 
*** SUMMARY ***
Total pot $2.57 | Rake $0.09 
Board [As Ah Jh 5c 8h]
Seat 1: Dorex2007 collected ($2.48)
Seat 2: silverzeno (button) folded on the River
Seat 3: Apostol108 (small blind) folded before Flop
Seat 4: iohcyerffej (big blind) folded before Flop
Seat 5: Azznak folded before Flop (didn't bet)
Seat 6: Wachtli folded before Flop (didn't bet)
Seat 7: hiker1201 folded before Flop (didn't bet)
Seat 8: SpanishBoy94 folded before Flop (didn't bet)
Seat 9: Ykycu_Moe folded before Flop (didn't bet)



PokerStars Hand #224057274270:  Hold'em No Limit ($0.01/$0.02 USD) - 2021/02/21 1:43:14 PT [2021/02/21 4:43:14 ET]
Table 'Hanna VI' 9-max Seat #3 is the button
Seat 1: Dorex2007 ($4.27 in chips) 
Seat 2: silverzeno ($2.79 in chips) 
Seat 3: Apostol108 ($2 in chips) 
Seat 4: iohcyerffej ($1.93 in chips) 
Seat 5: Azznak ($4.30 in chips) 
Seat 6: Wachtli ($1.63 in chips) 
Seat 7: hiker1201 ($1.60 in chips) 
Seat 8: SpanishBoy94 ($2.01 in chips) 
Seat 9: Ykycu_Moe ($2 in chips) 
iohcyerffej: posts small blind $0.01
Azznak: posts big blind $0.02
*** HOLE CARDS ***
Dealt to Dorex2007 [Jc 7d]
Wachtli: calls $0.02
hiker1201: folds 
SpanishBoy94: folds 
Ykycu_Moe: folds 
Dorex2007: folds 
silverzeno: folds 
Apostol108: folds 
iohcyerffej: calls $0.01
Azznak: checks 
*** FLOP *** [3s 6c 2d]
iohcyerffej: bets $0.04
Azznak: folds 
Wachtli: calls $0.04
*** TURN *** [3s 6c 2d] [9d]
iohcyerffej: checks 
Wachtli: bets $0.06
iohcyerffej: calls $0.06
*** RIVER *** [3s 6c 2d 9d] [Qd]
iohcyerffej: checks 
Wachtli: bets $0.14
iohcyerffej: folds 
Uncalled bet ($0.14) returned to Wachtli
Wachtli collected $0.25 from pot
Wachtli: doesn't show hand 
*** SUMMARY ***
Total pot $0.26 | Rake $0.01 
Board [3s 6c 2d 9d Qd]
Seat 1: Dorex2007 folded before Flop (didn't bet)
Seat 2: silverzeno folded before Flop (didn't bet)
Seat 3: Apostol108 (button) folded before Flop (didn't bet)
Seat 4: iohcyerffej (small blind) folded on the River
Seat 5: Azznak (big blind) folded on the Flop
Seat 6: Wachtli collected ($0.25)
Seat 7: hiker1201 folded before Flop (didn't bet)
Seat 8: SpanishBoy94 folded before Flop (didn't bet)
Seat 9: Ykycu_Moe folded before Flop (didn't bet)



PokerStars Hand #224057292705:  Hold'em No Limit ($0.01/$0.02 USD) - 2021/02/21 1:44:18 PT [2021/02/21 4:44:18 ET]
Table 'Hanna VI' 9-max Seat #4 is the button
Seat 1: Dorex2007 ($4.27 in chips) 
Seat 2: silverzeno ($2.79 in chips) 
Seat 3: Apostol108 ($2 in chips) 
Seat 4: iohcyerffej ($1.81 in chips) 
Seat 5: Azznak ($4.28 in chips) 
Seat 6: Wachtli ($1.76 in chips) 
Seat 7: hiker1201 ($1.60 in chips) 
Seat 8: SpanishBoy94 ($2.01 in chips) 
Seat 9: Ykycu_Moe ($2 in chips) 
Azznak: posts small blind $0.01
Wachtli: posts big blind $0.02
*** HOLE CARDS ***
Dealt to Dorex2007 [2s Tc]
hiker1201: raises $0.04 to $0.06
SpanishBoy94: folds 
Ykycu_Moe: folds 
Dorex2007: folds 
silverzeno: folds 
Apostol108: calls $0.06
iohcyerffej: calls $0.06
Azznak: calls $0.05
Wachtli: folds 
*** FLOP *** [8c Qh 2h]
Azznak: checks 
hiker1201: bets $0.13
Apostol108: calls $0.13
iohcyerffej: folds 
Azznak: folds 
*** TURN *** [8c Qh 2h] [5d]
hiker1201: bets $0.14
Apostol108: calls $0.14
*** RIVER *** [8c Qh 2h 5d] [Th]
hiker1201: checks 
Apostol108: checks 
*** SHOW DOWN ***
hiker1201: shows [Ac Kc] (high card Ace)
Apostol108: shows [Qc Kh] (a pair of Queens)
Apostol108 collected $0.77 from pot
*** SUMMARY ***
Total pot $0.80 | Rake $0.03 
Board [8c Qh 2h 5d Th]
Seat 1: Dorex2007 folded before Flop (didn't bet)
Seat 2: silverzeno folded before Flop (didn't bet)
Seat 3: Apostol108 showed [Qc Kh] and won ($0.77) with a pair of Queens
Seat 4: iohcyerffej (button) folded on the Flop
Seat 5: Azznak (small blind) folded on the Flop
Seat 6: Wachtli (big blind) folded before Flop
Seat 7: hiker1201 showed [Ac Kc] and lost with high card Ace
Seat 8: SpanishBoy94 folded before Flop (didn't bet)
Seat 9: Ykycu_Moe folded before Flop (didn't bet)



PokerStars Hand #224057309363:  Hold'em No Limit ($0.01/$0.02 USD) - 2021/02/21 1:45:15 PT [2021/02/21 4:45:15 ET]
Table 'Hanna VI' 9-max Seat #5 is the button
Seat 1: Dorex2007 ($4.27 in chips) 
Seat 2: silverzeno ($2.79 in chips) 
Seat 3: Apostol108 ($2.44 in chips) 
Seat 4: iohcyerffej ($1.75 in chips) 
Seat 5: Azznak ($4.22 in chips) 
Seat 6: Wachtli ($1.74 in chips) 
Seat 7: hiker1201 ($1.27 in chips) 
Seat 8: SpanishBoy94 ($2.01 in chips) 
Seat 9: Ykycu_Moe ($2 in chips) 
Wachtli: posts small blind $0.01
hiker1201: posts big blind $0.02
*** HOLE CARDS ***
Dealt to Dorex2007 [4h Ac]
SpanishBoy94: folds 
Ykycu_Moe: folds 
Dorex2007: folds 
silverzeno: folds 
Apostol108: folds 
iohcyerffej: folds 
Azznak: folds 
Wachtli: calls $0.01
hiker1201: folds 
hiker1201 leaves the table
Wachtli collected $0.04 from pot
Wachtli: doesn't show hand 
*** SUMMARY ***
Total pot $0.04 | Rake $0 
Seat 1: Dorex2007 folded before Flop (didn't bet)
Seat 2: silverzeno folded before Flop (didn't bet)
Seat 3: Apostol108 folded before Flop (didn't bet)
Seat 4: iohcyerffej folded before Flop (didn't bet)
Seat 5: Azznak (button) folded before Flop (didn't bet)
Seat 6: Wachtli (small blind) collected ($0.04)
Seat 7: hiker1201 (big blind) folded before Flop
Seat 8: SpanishBoy94 folded before Flop (didn't bet)
Seat 9: Ykycu_Moe folded before Flop (didn't bet)



PokerStars Hand #224057313252:  Hold'em No Limit ($0.01/$0.02 USD) - 2021/02/21 1:45:29 PT [2021/02/21 4:45:29 ET]
Table 'Hanna VI' 9-max Seat #6 is the button
Seat 1: Dorex2007 ($4.27 in chips) 
Seat 2: silverzeno ($2.79 in chips) 
Seat 3: Apostol108 ($2.44 in chips) 
Seat 4: iohcyerffej ($1.75 in chips) 
Seat 5: Azznak ($4.22 in chips) 
Seat 6: Wachtli ($1.76 in chips) 
Seat 8: SpanishBoy94 ($2.01 in chips) 
Seat 9: Ykycu_Moe ($2 in chips) 
SpanishBoy94: posts small blind $0.01
Ykycu_Moe: posts big blind $0.02
*** HOLE CARDS ***
Dealt to Dorex2007 [Qd 8c]
Dorex2007: folds 
silverzeno: folds 
Apostol108: raises $0.04 to $0.06
iohcyerffej: folds 
Azznak: folds 
Wachtli: folds 
SpanishBoy94: folds 
Ykycu_Moe: folds 
Uncalled bet ($0.04) returned to Apostol108
Apostol108 collected $0.05 from pot
Apostol108: doesn't show hand 
nephewserg joins the table at seat #7 
*** SUMMARY ***
Total pot $0.05 | Rake $0 
Seat 1: Dorex2007 folded before Flop (didn't bet)
Seat 2: silverzeno folded before Flop (didn't bet)
Seat 3: Apostol108 collected ($0.05)
Seat 4: iohcyerffej folded before Flop (didn't bet)
Seat 5: Azznak folded before Flop (didn't bet)
Seat 6: Wachtli (button) folded before Flop (didn't bet)
Seat 8: SpanishBoy94 (small blind) folded before Flop
Seat 9: Ykycu_Moe (big blind) folded before Flop



PokerStars Hand #224057320382:  Hold'em No Limit ($0.01/$0.02 USD) - 2021/02/21 1:45:54 PT [2021/02/21 4:45:54 ET]
Table 'Hanna VI' 9-max Seat #8 is the button
Seat 1: Dorex2007 ($4.27 in chips) 
Seat 2: silverzeno ($2.79 in chips) 
Seat 3: Apostol108 ($2.47 in chips) 
Seat 4: iohcyerffej ($1.75 in chips) 
Seat 5: Azznak ($4.22 in chips) 
Seat 6: Wachtli ($1.76 in chips) 
Seat 8: SpanishBoy94 ($2 in chips) 
Seat 9: Ykycu_Moe ($2 in chips) 
Ykycu_Moe: posts small blind $0.01
Dorex2007: posts big blind $0.02
nephewserg: sits out 
*** HOLE CARDS ***
Dealt to Dorex2007 [3h As]
silverzeno: folds 
Apostol108: folds 
iohcyerffej: folds 
Azznak: raises $0.04 to $0.06
Wachtli: folds 
SpanishBoy94: folds 
Ykycu_Moe: folds 
Dorex2007: folds 
Uncalled bet ($0.04) returned to Azznak
Azznak collected $0.05 from pot
Azznak: doesn't show hand 
*** SUMMARY ***
Total pot $0.05 | Rake $0 
Seat 1: Dorex2007 (big blind) folded before Flop
Seat 2: silverzeno folded before Flop (didn't bet)
Seat 3: Apostol108 folded before Flop (didn't bet)
Seat 4: iohcyerffej folded before Flop (didn't bet)
Seat 5: Azznak collected ($0.05)
Seat 6: Wachtli folded before Flop (didn't bet)
Seat 8: SpanishBoy94 (button) folded before Flop (didn't bet)
Seat 9: Ykycu_Moe (small blind) folded before Flop



PokerStars Hand #224057326080:  Hold'em No Limit ($0.01/$0.02 USD) - 2021/02/21 1:46:13 PT [2021/02/21 4:46:13 ET]
Table 'Hanna VI' 9-max Seat #9 is the button
Seat 1: Dorex2007 ($4.25 in chips) 
Seat 2: silverzeno ($2.79 in chips) 
Seat 3: Apostol108 ($2.47 in chips) 
Seat 4: iohcyerffej ($1.75 in chips) 
Seat 5: Azznak ($4.25 in chips) 
Seat 6: Wachtli ($1.76 in chips) 
Seat 8: SpanishBoy94 ($2 in chips) 
Seat 9: Ykycu_Moe ($2 in chips) 
Dorex2007: posts small blind $0.01
silverzeno: posts big blind $0.02
nephewserg: sits out 
*** HOLE CARDS ***
Dealt to Dorex2007 [Js 4c]
Apostol108: folds 
iohcyerffej has timed out
iohcyerffej: folds 
Azznak: folds 
Wachtli: folds 
SpanishBoy94: raises $0.04 to $0.06
Ykycu_Moe: folds 
Dorex2007: folds 
silverzeno: folds 
Uncalled bet ($0.04) returned to SpanishBoy94
SpanishBoy94 collected $0.05 from pot
SpanishBoy94: doesn't show hand 
*** SUMMARY ***
Total pot $0.05 | Rake $0 
Seat 1: Dorex2007 (small blind) folded before Flop
Seat 2: silverzeno (big blind) folded before Flop
Seat 3: Apostol108 folded before Flop (didn't bet)
Seat 4: iohcyerffej folded before Flop (didn't bet)
Seat 5: Azznak folded before Flop (didn't bet)
Seat 6: Wachtli folded before Flop (didn't bet)
Seat 8: SpanishBoy94 collected ($0.05)
Seat 9: Ykycu_Moe (button) folded before Flop (didn't bet)



PokerStars Hand #224057335184:  Hold'em No Limit ($0.01/$0.02 USD) - 2021/02/21 1:46:44 PT [2021/02/21 4:46:44 ET]
Table 'Hanna VI' 9-max Seat #1 is the button
Seat 1: Dorex2007 ($4.24 in chips) 
Seat 2: silverzeno ($2.77 in chips) 
Seat 3: Apostol108 ($2.47 in chips) 
Seat 4: iohcyerffej ($1.75 in chips) 
Seat 5: Azznak ($4.25 in chips) 
Seat 6: Wachtli ($1.76 in chips) 
Seat 8: SpanishBoy94 ($2.03 in chips) 
Seat 9: Ykycu_Moe ($2 in chips) 
silverzeno: posts small blind $0.01
Apostol108: posts big blind $0.02
nephewserg: sits out 
*** HOLE CARDS ***
Dealt to Dorex2007 [7h 7s]
iohcyerffej: calls $0.02
Azznak: folds 
Wachtli: folds 
SpanishBoy94 has timed out
SpanishBoy94: folds 
Ykycu_Moe: folds 
Dorex2007: raises $0.04 to $0.06
silverzeno: calls $0.05
Apostol108: folds 
iohcyerffej: calls $0.04
*** FLOP *** [Tc 3s 9s]
silverzeno: checks 
iohcyerffej: bets $0.08
Dorex2007: folds 
silverzeno: calls $0.08
*** TURN *** [Tc 3s 9s] [Qs]
silverzeno: bets $0.18
iohcyerffej: folds 
Uncalled bet ($0.18) returned to silverzeno
silverzeno collected $0.35 from pot
silverzeno: doesn't show hand 
*** SUMMARY ***
Total pot $0.36 | Rake $0.01 
Board [Tc 3s 9s Qs]
Seat 1: Dorex2007 (button) folded on the Flop
Seat 2: silverzeno (small blind) collected ($0.35)
Seat 3: Apostol108 (big blind) folded before Flop
Seat 4: iohcyerffej folded on the Turn
Seat 5: Azznak folded before Flop (didn't bet)
Seat 6: Wachtli folded before Flop (didn't bet)
Seat 8: SpanishBoy94 folded before Flop (didn't bet)
Seat 9: Ykycu_Moe folded before Flop (didn't bet)



PokerStars Hand #224057356039:  Hold'em No Limit ($0.01/$0.02 USD) - 2021/02/21 1:47:55 PT [2021/02/21 4:47:55 ET]
Table 'Hanna VI' 9-max Seat #2 is the button
Seat 1: Dorex2007 ($4.18 in chips) 
Seat 2: silverzeno ($2.98 in chips) 
Seat 3: Apostol108 ($2.45 in chips) 
Seat 4: iohcyerffej ($1.61 in chips) 
Seat 5: Azznak ($4.25 in chips) 
Seat 6: Wachtli ($1.76 in chips) 
Seat 8: SpanishBoy94 ($2.03 in chips) 
Seat 9: Ykycu_Moe ($2 in chips) 
Apostol108: posts small blind $0.01
iohcyerffej: posts big blind $0.02
nephewserg: sits out 
*** HOLE CARDS ***
Dealt to Dorex2007 [6d Kh]
Azznak: raises $0.04 to $0.06
Wachtli: folds 
SpanishBoy94: calls $0.06
Ykycu_Moe: folds 
Dorex2007: folds 
silverzeno: folds 
Apostol108: folds 
iohcyerffej: folds 
*** FLOP *** [8h 6c Tc]
Azznak: bets $0.07
SpanishBoy94: calls $0.07
*** TURN *** [8h 6c Tc] [4s]
Azznak: checks 
SpanishBoy94: bets $0.14
Azznak: folds 
Uncalled bet ($0.14) returned to SpanishBoy94
SpanishBoy94 collected $0.28 from pot
SpanishBoy94: doesn't show hand 
*** SUMMARY ***
Total pot $0.29 | Rake $0.01 
Board [8h 6c Tc 4s]
Seat 1: Dorex2007 folded before Flop (didn't bet)
Seat 2: silverzeno (button) folded before Flop (didn't bet)
Seat 3: Apostol108 (small blind) folded before Flop
Seat 4: iohcyerffej (big blind) folded before Flop
Seat 5: Azznak folded on the Turn
Seat 6: Wachtli folded before Flop (didn't bet)
Seat 8: SpanishBoy94 collected ($0.28)
Seat 9: Ykycu_Moe folded before Flop (didn't bet)



PokerStars Hand #224057367635:  Hold'em No Limit ($0.01/$0.02 USD) - 2021/02/21 1:48:35 PT [2021/02/21 4:48:35 ET]
Table 'Hanna VI' 9-max Seat #3 is the button
Seat 1: Dorex2007 ($4.18 in chips) 
Seat 2: silverzeno ($2.98 in chips) 
Seat 3: Apostol108 ($2.44 in chips) 
Seat 4: iohcyerffej ($1.59 in chips) 
Seat 5: Azznak ($4.12 in chips) 
Seat 6: Wachtli ($1.76 in chips) 
Seat 8: SpanishBoy94 ($2.18 in chips) 
Seat 9: Ykycu_Moe ($2 in chips) 
iohcyerffej: posts small blind $0.01
Azznak: posts big blind $0.02
nephewserg: sits out 
*** HOLE CARDS ***
Dealt to Dorex2007 [Tc Jc]
Wachtli: calls $0.02
SpanishBoy94: folds 
Ykycu_Moe: folds 
Dorex2007: raises $0.02 to $0.04
silverzeno: folds 
Apostol108: folds 
iohcyerffej: folds 
Azznak: folds 
Wachtli: calls $0.02
*** FLOP *** [4d 7s 6s]
Wachtli: bets $0.08
Dorex2007: calls $0.08
*** TURN *** [4d 7s 6s] [9h]
Wachtli: bets $1.64 and is all-in
Dorex2007: folds 
Uncalled bet ($1.64) returned to Wachtli
Wachtli collected $0.26 from pot
Wachtli: doesn't show hand 
*** SUMMARY ***
Total pot $0.27 | Rake $0.01 
Board [4d 7s 6s 9h]
Seat 1: Dorex2007 folded on the Turn
Seat 2: silverzeno folded before Flop (didn't bet)
Seat 3: Apostol108 (button) folded before Flop (didn't bet)
Seat 4: iohcyerffej (small blind) folded before Flop
Seat 5: Azznak (big blind) folded before Flop
Seat 6: Wachtli collected ($0.26)
Seat 8: SpanishBoy94 folded before Flop (didn't bet)
Seat 9: Ykycu_Moe folded before Flop (didn't bet)



PokerStars Hand #224057379967:  Hold'em No Limit ($0.01/$0.02 USD) - 2021/02/21 1:49:17 PT [2021/02/21 4:49:17 ET]
Table 'Hanna VI' 9-max Seat #4 is the button
Seat 1: Dorex2007 ($4.06 in chips) 
Seat 2: silverzeno ($2.98 in chips) 
Seat 3: Apostol108 ($2.44 in chips) 
Seat 4: iohcyerffej ($1.58 in chips) 
Seat 5: Azznak ($4.10 in chips) 
Seat 6: Wachtli ($1.90 in chips) 
Seat 8: SpanishBoy94 ($2.18 in chips) 
Seat 9: Ykycu_Moe ($2 in chips) 
Azznak: posts small blind $0.01
Wachtli: posts big blind $0.02
nephewserg: sits out 
*** HOLE CARDS ***
Dealt to Dorex2007 [8d 8s]
SpanishBoy94: folds 
Ykycu_Moe: folds 
Dorex2007: calls $0.02
silverzeno: raises $0.04 to $0.06
Apostol108: calls $0.06
iohcyerffej: calls $0.06
Azznak: folds 
Wachtli: folds 
Dorex2007: calls $0.04
*** FLOP *** [7h 6c 9d]
Dorex2007: checks 
silverzeno: checks 
Apostol108: checks 
iohcyerffej: checks 
*** TURN *** [7h 6c 9d] [Tc]
Dorex2007: bets $0.13
silverzeno: calls $0.13
Apostol108: folds 
iohcyerffej: folds 
*** RIVER *** [7h 6c 9d Tc] [5h]
Dorex2007: bets $0.51
silverzeno: folds 
Uncalled bet ($0.51) returned to Dorex2007
Dorex2007 collected $0.51 from pot
Dorex2007: doesn't show hand 
*** SUMMARY ***
Total pot $0.53 | Rake $0.02 
Board [7h 6c 9d Tc 5h]
Seat 1: Dorex2007 collected ($0.51)
Seat 2: silverzeno folded on the River
Seat 3: Apostol108 folded on the Turn
Seat 4: iohcyerffej (button) folded on the Turn
Seat 5: Azznak (small blind) folded before Flop
Seat 6: Wachtli (big blind) folded before Flop
Seat 8: SpanishBoy94 folded before Flop (didn't bet)
Seat 9: Ykycu_Moe folded before Flop (didn't bet)



PokerStars Hand #224057418086:  Hold'em No Limit ($0.01/$0.02 USD) - 2021/02/21 1:51:27 PT [2021/02/21 4:51:27 ET]
Table 'Hanna VI' 9-max Seat #5 is the button
Seat 1: Dorex2007 ($4.38 in chips) 
Seat 2: silverzeno ($2.79 in chips) 
Seat 3: Apostol108 ($2.38 in chips) 
Seat 4: iohcyerffej ($1.52 in chips) 
Seat 5: Azznak ($4.09 in chips) 
Seat 6: Wachtli ($1.88 in chips) 
Seat 7: nephewserg ($0.80 in chips) 
Seat 8: SpanishBoy94 ($2.18 in chips) 
Seat 9: Ykycu_Moe ($2 in chips) 
Wachtli: posts small blind $0.01
nephewserg: posts big blind $0.02
*** HOLE CARDS ***
Dealt to Dorex2007 [Kh 5s]
SpanishBoy94: folds 
Ykycu_Moe: folds 
Dorex2007: folds 
silverzeno: folds 
Apostol108: folds 
iohcyerffej: calls $0.02
Azznak: folds 
Wachtli: folds 
nephewserg: checks 
*** FLOP *** [Qs 5d 6h]
nephewserg: checks 
iohcyerffej: checks 
*** TURN *** [Qs 5d 6h] [Kc]
SpanishBoy94 leaves the table
nephewserg: bets $0.04
iohcyerffej: calls $0.04
*** RIVER *** [Qs 5d 6h Kc] [9s]
nephewserg: bets $0.12
iohcyerffej: raises $0.18 to $0.30
nephewserg: folds 
Uncalled bet ($0.18) returned to iohcyerffej
iohcyerffej collected $0.36 from pot
iohcyerffej: doesn't show hand 
*** SUMMARY ***
Total pot $0.37 | Rake $0.01 
Board [Qs 5d 6h Kc 9s]
Seat 1: Dorex2007 folded before Flop (didn't bet)
Seat 2: silverzeno folded before Flop (didn't bet)
Seat 3: Apostol108 folded before Flop (didn't bet)
Seat 4: iohcyerffej collected ($0.36)
Seat 5: Azznak (button) folded before Flop (didn't bet)
Seat 6: Wachtli (small blind) folded before Flop
Seat 7: nephewserg (big blind) folded on the River
Seat 8: SpanishBoy94 folded before Flop (didn't bet)
Seat 9: Ykycu_Moe folded before Flop (didn't bet)



PokerStars Hand #224057433769:  Hold'em No Limit ($0.01/$0.02 USD) - 2021/02/21 1:52:20 PT [2021/02/21 4:52:20 ET]
Table 'Hanna VI' 9-max Seat #6 is the button
Seat 1: Dorex2007 ($4.38 in chips) 
Seat 2: silverzeno ($2.79 in chips) 
Seat 3: Apostol108 ($2.38 in chips) 
Seat 4: iohcyerffej ($1.70 in chips) 
Seat 5: Azznak ($4.09 in chips) 
Seat 6: Wachtli ($1.87 in chips) 
Seat 7: nephewserg ($0.62 in chips) 
Seat 9: Ykycu_Moe ($2 in chips) 
nephewserg: posts small blind $0.01
Ykycu_Moe: posts big blind $0.02
*** HOLE CARDS ***
Dealt to Dorex2007 [Jd 8d]
Dorex2007: folds 
silverzeno: raises $0.04 to $0.06
Apostol108: folds 
iohcyerffej: folds 
Azznak: folds 
Wachtli: folds 
nephewserg: folds 
Ykycu_Moe: folds 
Uncalled bet ($0.04) returned to silverzeno
silverzeno collected $0.05 from pot
silverzeno: doesn't show hand 
*** SUMMARY ***
Total pot $0.05 | Rake $0 
Seat 1: Dorex2007 folded before Flop (didn't bet)
Seat 2: silverzeno collected ($0.05)
Seat 3: Apostol108 folded before Flop (didn't bet)
Seat 4: iohcyerffej folded before Flop (didn't bet)
Seat 5: Azznak folded before Flop (didn't bet)
Seat 6: Wachtli (button) folded before Flop (didn't bet)
Seat 7: nephewserg (small blind) folded before Flop
Seat 9: Ykycu_Moe (big blind) folded before Flop



PokerStars Hand #224057439920:  Hold'em No Limit ($0.01/$0.02 USD) - 2021/02/21 1:52:41 PT [2021/02/21 4:52:41 ET]
Table 'Hanna VI' 9-max Seat #7 is the button
Seat 1: Dorex2007 ($4.38 in chips) 
Seat 2: silverzeno ($2.82 in chips) 
Seat 3: Apostol108 ($2.38 in chips) 
Seat 4: iohcyerffej ($1.70 in chips) 
Seat 5: Azznak ($4.09 in chips) 
Seat 6: Wachtli ($1.87 in chips) 
Seat 7: nephewserg ($0.61 in chips) 
Seat 9: Ykycu_Moe ($2 in chips) 
Ykycu_Moe: posts small blind $0.01
Dorex2007: posts big blind $0.02
*** HOLE CARDS ***
Dealt to Dorex2007 [Ah Ks]
silverzeno: folds 
Apostol108: folds 
iohcyerffej: calls $0.02
Azznak: raises $0.04 to $0.06
Wachtli: folds 
nephewserg: folds 
mailomailo81 joins the table at seat #8 
Ykycu_Moe: folds 
Dorex2007: raises $0.06 to $0.12
iohcyerffej: folds 
Azznak: calls $0.06
*** FLOP *** [Jh 2d 8s]
Dorex2007: bets $0.26
Azznak: folds 
Uncalled bet ($0.26) returned to Dorex2007
Dorex2007 collected $0.26 from pot
Dorex2007: doesn't show hand 
*** SUMMARY ***
Total pot $0.27 | Rake $0.01 
Board [Jh 2d 8s]
Seat 1: Dorex2007 (big blind) collected ($0.26)
Seat 2: silverzeno folded before Flop (didn't bet)
Seat 3: Apostol108 folded before Flop (didn't bet)
Seat 4: iohcyerffej folded before Flop
Seat 5: Azznak folded on the Flop
Seat 6: Wachtli folded before Flop (didn't bet)
Seat 7: nephewserg (button) folded before Flop (didn't bet)
Seat 9: Ykycu_Moe (small blind) folded before Flop



PokerStars Hand #224057449268:  Hold'em No Limit ($0.01/$0.02 USD) - 2021/02/21 1:53:12 PT [2021/02/21 4:53:12 ET]
Table 'Hanna VI' 9-max Seat #9 is the button
Seat 1: Dorex2007 ($4.52 in chips) 
Seat 2: silverzeno ($2.82 in chips) 
Seat 3: Apostol108 ($2.38 in chips) 
Seat 4: iohcyerffej ($1.68 in chips) 
Seat 5: Azznak ($3.97 in chips) 
Seat 6: Wachtli ($1.87 in chips) 
Seat 7: nephewserg ($0.61 in chips) 
Seat 8: mailomailo81 ($1.60 in chips) 
Seat 9: Ykycu_Moe ($2 in chips) 
Dorex2007: posts small blind $0.01
silverzeno: posts big blind $0.02
mailomailo81: posts big blind $0.02
*** HOLE CARDS ***
Dealt to Dorex2007 [Qd 8d]
Apostol108: folds 
iohcyerffej: calls $0.02
Azznak: folds 
Wachtli: folds 
nephewserg: folds 
mailomailo81: checks 
Ykycu_Moe: folds 
Dorex2007: folds 
silverzeno: raises $0.06 to $0.08
iohcyerffej: calls $0.06
mailomailo81: folds 
*** FLOP *** [3s Qs Jc]
silverzeno: bets $0.08
iohcyerffej: folds 
Uncalled bet ($0.08) returned to silverzeno
silverzeno collected $0.18 from pot
silverzeno: doesn't show hand 
*** SUMMARY ***
Total pot $0.19 | Rake $0.01 
Board [3s Qs Jc]
Seat 1: Dorex2007 (small blind) folded before Flop
Seat 2: silverzeno (big blind) collected ($0.18)
Seat 3: Apostol108 folded before Flop (didn't bet)
Seat 4: iohcyerffej folded on the Flop
Seat 5: Azznak folded before Flop (didn't bet)
Seat 6: Wachtli folded before Flop (didn't bet)
Seat 7: nephewserg folded before Flop (didn't bet)
Seat 8: mailomailo81 folded before Flop (didn't bet)
Seat 9: Ykycu_Moe (button) folded before Flop (didn't bet)



PokerStars Hand #224057464661:  Hold'em No Limit ($0.01/$0.02 USD) - 2021/02/21 1:54:04 PT [2021/02/21 4:54:04 ET]
Table 'Hanna VI' 9-max Seat #1 is the button
Seat 1: Dorex2007 ($4.51 in chips) 
Seat 2: silverzeno ($2.92 in chips) 
Seat 3: Apostol108 ($2.38 in chips) 
Seat 4: iohcyerffej ($1.60 in chips) 
Seat 5: Azznak ($3.97 in chips) 
Seat 6: Wachtli ($1.87 in chips) 
Seat 7: nephewserg ($0.61 in chips) 
Seat 8: mailomailo81 ($1.58 in chips) 
Seat 9: Ykycu_Moe ($2 in chips) 
silverzeno: posts small blind $0.01
Apostol108: posts big blind $0.02
*** HOLE CARDS ***
Dealt to Dorex2007 [Th 2c]
iohcyerffej: folds 
Azznak: folds 
Wachtli: folds 
nephewserg: folds 
mailomailo81: raises $0.02 to $0.04
Ykycu_Moe: calls $0.04
Dorex2007: folds 
silverzeno: raises $0.12 to $0.16
Apostol108: folds 
mailomailo81: folds 
Ykycu_Moe: folds 
Uncalled bet ($0.12) returned to silverzeno
silverzeno collected $0.14 from pot
silverzeno: doesn't show hand 
*** SUMMARY ***
Total pot $0.14 | Rake $0 
Seat 1: Dorex2007 (button) folded before Flop (didn't bet)
Seat 2: silverzeno (small blind) collected ($0.14)
Seat 3: Apostol108 (big blind) folded before Flop
Seat 4: iohcyerffej folded before Flop (didn't bet)
Seat 5: Azznak folded before Flop (didn't bet)
Seat 6: Wachtli folded before Flop (didn't bet)
Seat 7: nephewserg folded before Flop (didn't bet)
Seat 8: mailomailo81 folded before Flop
Seat 9: Ykycu_Moe folded before Flop



PokerStars Hand #224057474258:  Hold'em No Limit ($0.01/$0.02 USD) - 2021/02/21 1:54:36 PT [2021/02/21 4:54:36 ET]
Table 'Hanna VI' 9-max Seat #2 is the button
Seat 1: Dorex2007 ($4.51 in chips) 
Seat 2: silverzeno ($3.02 in chips) 
Seat 3: Apostol108 ($2.36 in chips) 
Seat 4: iohcyerffej ($1.60 in chips) 
Seat 5: Azznak ($3.97 in chips) 
Seat 6: Wachtli ($1.87 in chips) 
Seat 7: nephewserg ($0.61 in chips) 
Seat 8: mailomailo81 ($1.54 in chips) 
Seat 9: Ykycu_Moe ($2 in chips) 
Apostol108: posts small blind $0.01
iohcyerffej: posts big blind $0.02
*** HOLE CARDS ***
Dealt to Dorex2007 [Js Jc]
Azznak: folds 
Wachtli: raises $0.04 to $0.06
nephewserg: folds 
mailomailo81: folds 
Ykycu_Moe: folds 
Dorex2007: calls $0.06
silverzeno: folds 
Apostol108: folds 
iohcyerffej: calls $0.04
*** FLOP *** [8h Td 5d]
iohcyerffej: checks 
Wachtli: checks 
Dorex2007: bets $0.22
iohcyerffej: folds 
Wachtli: folds 
Uncalled bet ($0.22) returned to Dorex2007
Dorex2007 collected $0.18 from pot
Dorex2007: doesn't show hand 
*** SUMMARY ***
Total pot $0.19 | Rake $0.01 
Board [8h Td 5d]
Seat 1: Dorex2007 collected ($0.18)
Seat 2: silverzeno (button) folded before Flop (didn't bet)
Seat 3: Apostol108 (small blind) folded before Flop
Seat 4: iohcyerffej (big blind) folded on the Flop
Seat 5: Azznak folded before Flop (didn't bet)
Seat 6: Wachtli folded on the Flop
Seat 7: nephewserg folded before Flop (didn't bet)
Seat 8: mailomailo81 folded before Flop (didn't bet)
Seat 9: Ykycu_Moe folded before Flop (didn't bet)



PokerStars Hand #224057486118:  Hold'em No Limit ($0.01/$0.02 USD) - 2021/02/21 1:55:18 PT [2021/02/21 4:55:18 ET]
Table 'Hanna VI' 9-max Seat #3 is the button
Seat 1: Dorex2007 ($4.63 in chips) 
Seat 2: silverzeno ($3.02 in chips) 
Seat 3: Apostol108 ($2.35 in chips) 
Seat 4: iohcyerffej ($1.54 in chips) 
Seat 5: Azznak ($3.97 in chips) 
Seat 6: Wachtli ($1.81 in chips) 
Seat 7: nephewserg ($0.61 in chips) 
Seat 8: mailomailo81 ($1.54 in chips) 
Seat 9: Ykycu_Moe ($2 in chips) 
iohcyerffej: posts small blind $0.01
Azznak: posts big blind $0.02
*** HOLE CARDS ***
Dealt to Dorex2007 [Ts Jh]
Wachtli: folds 
nephewserg: folds 
mailomailo81: raises $0.02 to $0.04
Ykycu_Moe: folds 
Dorex2007: calls $0.04
silverzeno: calls $0.04
Apostol108: folds 
iohcyerffej: calls $0.03
Azznak: folds 
*** FLOP *** [Qh Kc 7h]
iohcyerffej: checks 
mailomailo81: checks 
Dorex2007: bets $0.09
silverzeno: folds 
iohcyerffej: folds 
mailomailo81: folds 
Uncalled bet ($0.09) returned to Dorex2007
Dorex2007 collected $0.17 from pot
Dorex2007: doesn't show hand 
*** SUMMARY ***
Total pot $0.18 | Rake $0.01 
Board [Qh Kc 7h]
Seat 1: Dorex2007 collected ($0.17)
Seat 2: silverzeno folded on the Flop
Seat 3: Apostol108 (button) folded before Flop (didn't bet)
Seat 4: iohcyerffej (small blind) folded on the Flop
Seat 5: Azznak (big blind) folded before Flop
Seat 6: Wachtli folded before Flop (didn't bet)
Seat 7: nephewserg folded before Flop (didn't bet)
Seat 8: mailomailo81 folded on the Flop
Seat 9: Ykycu_Moe folded before Flop (didn't bet)



PokerStars Hand #224057495712:  Hold'em No Limit ($0.01/$0.02 USD) - 2021/02/21 1:55:57 PT [2021/02/21 4:55:57 ET]
Table 'Hanna VI' 9-max Seat #4 is the button
Seat 1: Dorex2007 ($4.76 in chips) 
Seat 2: silverzeno ($2.98 in chips) 
Seat 3: Apostol108 ($2.35 in chips) 
Seat 4: iohcyerffej ($1.50 in chips) 
Seat 5: Azznak ($3.95 in chips) 
Seat 6: Wachtli ($1.81 in chips) 
Seat 7: nephewserg ($0.61 in chips) 
Seat 8: mailomailo81 ($1.50 in chips) 
Seat 9: Ykycu_Moe ($2 in chips) 
Azznak: posts small blind $0.01
Wachtli: posts big blind $0.02
*** HOLE CARDS ***
Dealt to Dorex2007 [Jh Kc]
nephewserg: folds 
mailomailo81: folds 
Ykycu_Moe: raises $0.04 to $0.06
Dorex2007: calls $0.06
silverzeno: raises $0.16 to $0.22
Apostol108: folds 
iohcyerffej: folds 
Azznak: folds 
Wachtli: folds 
Ykycu_Moe: folds 
Dorex2007: folds 
Uncalled bet ($0.16) returned to silverzeno
silverzeno collected $0.21 from pot
silverzeno: doesn't show hand 
*** SUMMARY ***
Total pot $0.21 | Rake $0 
Seat 1: Dorex2007 folded before Flop
Seat 2: silverzeno collected ($0.21)
Seat 3: Apostol108 folded before Flop (didn't bet)
Seat 4: iohcyerffej (button) folded before Flop (didn't bet)
Seat 5: Azznak (small blind) folded before Flop
Seat 6: Wachtli (big blind) folded before Flop
Seat 7: nephewserg folded before Flop (didn't bet)
Seat 8: mailomailo81 folded before Flop (didn't bet)
Seat 9: Ykycu_Moe folded before Flop



PokerStars Hand #224057503950:  Hold'em No Limit ($0.01/$0.02 USD) - 2021/02/21 1:56:30 PT [2021/02/21 4:56:30 ET]
Table 'Hanna VI' 9-max Seat #5 is the button
Seat 1: Dorex2007 ($4.70 in chips) 
Seat 2: silverzeno ($3.13 in chips) 
Seat 3: Apostol108 ($2.35 in chips) 
Seat 4: iohcyerffej ($1.50 in chips) 
Seat 5: Azznak ($3.94 in chips) 
Seat 6: Wachtli ($1.79 in chips) 
Seat 7: nephewserg ($0.61 in chips) 
Seat 8: mailomailo81 ($1.50 in chips) 
Seat 9: Ykycu_Moe ($2 in chips) 
Wachtli: posts small blind $0.01
nephewserg: posts big blind $0.02
*** HOLE CARDS ***
Dealt to Dorex2007 [Kc Qh]
mailomailo81: folds 
Ykycu_Moe: folds 
Dorex2007: raises $0.02 to $0.04
silverzeno: folds 
Apostol108: folds 
iohcyerffej: calls $0.04
Azznak: folds 
Wachtli: raises $0.10 to $0.14
nephewserg: folds 
Dorex2007: calls $0.10
iohcyerffej: folds 
*** FLOP *** [5d 2s 8d]
Wachtli: bets $0.17
Dorex2007: calls $0.17
*** TURN *** [5d 2s 8d] [Jh]
Wachtli: checks 
Dorex2007: bets $0.33
Wachtli: folds 
Uncalled bet ($0.33) returned to Dorex2007
Dorex2007 collected $0.66 from pot
Dorex2007: doesn't show hand 
*** SUMMARY ***
Total pot $0.68 | Rake $0.02 
Board [5d 2s 8d Jh]
Seat 1: Dorex2007 collected ($0.66)
Seat 2: silverzeno folded before Flop (didn't bet)
Seat 3: Apostol108 folded before Flop (didn't bet)
Seat 4: iohcyerffej folded before Flop
Seat 5: Azznak (button) folded before Flop (didn't bet)
Seat 6: Wachtli (small blind) folded on the Turn
Seat 7: nephewserg (big blind) folded before Flop
Seat 8: mailomailo81 folded before Flop (didn't bet)
Seat 9: Ykycu_Moe folded before Flop (didn't bet)



PokerStars Hand #224057518591:  Hold'em No Limit ($0.01/$0.02 USD) - 2021/02/21 1:57:28 PT [2021/02/21 4:57:28 ET]
Table 'Hanna VI' 9-max Seat #6 is the button
Seat 1: Dorex2007 ($5.05 in chips) 
Seat 2: silverzeno ($3.13 in chips) 
Seat 3: Apostol108 ($2.35 in chips) 
Seat 4: iohcyerffej ($1.46 in chips) 
Seat 5: Azznak ($3.94 in chips) 
Seat 6: Wachtli ($1.48 in chips) 
Seat 7: nephewserg ($0.59 in chips) 
Seat 8: mailomailo81 ($1.50 in chips) 
Seat 9: Ykycu_Moe ($2 in chips) 
nephewserg: posts small blind $0.01
mailomailo81: posts big blind $0.02
*** HOLE CARDS ***
Dealt to Dorex2007 [Jh Kh]
Ykycu_Moe: folds 
Dorex2007: raises $0.02 to $0.04
silverzeno: raises $0.11 to $0.15
Apostol108: folds 
iohcyerffej: calls $0.15
Azznak: folds 
Wachtli: folds 
nephewserg: folds 
mailomailo81: folds 
Dorex2007: folds 
*** FLOP *** [Kc 5c 3s]
silverzeno: checks 
iohcyerffej: checks 
*** TURN *** [Kc 5c 3s] [Tc]
silverzeno: checks 
iohcyerffej: bets $0.18
silverzeno: folds 
Uncalled bet ($0.18) returned to iohcyerffej
iohcyerffej collected $0.36 from pot
iohcyerffej: doesn't show hand 
*** SUMMARY ***
Total pot $0.37 | Rake $0.01 
Board [Kc 5c 3s Tc]
Seat 1: Dorex2007 folded before Flop
Seat 2: silverzeno folded on the Turn
Seat 3: Apostol108 folded before Flop (didn't bet)
Seat 4: iohcyerffej collected ($0.36)
Seat 5: Azznak folded before Flop (didn't bet)
Seat 6: Wachtli (button) folded before Flop (didn't bet)
Seat 7: nephewserg (small blind) folded before Flop
Seat 8: mailomailo81 (big blind) folded before Flop
Seat 9: Ykycu_Moe folded before Flop (didn't bet)



PokerStars Hand #224057542122:  Hold'em No Limit ($0.01/$0.02 USD) - 2021/02/21 1:59:02 PT [2021/02/21 4:59:02 ET]
Table 'Hanna VI' 9-max Seat #7 is the button
Seat 1: Dorex2007 ($5.01 in chips) 
Seat 2: silverzeno ($2.98 in chips) 
Seat 3: Apostol108 ($2.35 in chips) 
Seat 4: iohcyerffej ($1.67 in chips) 
Seat 5: Azznak ($3.94 in chips) 
Seat 6: Wachtli ($1.48 in chips) 
Seat 7: nephewserg ($0.58 in chips) 
Seat 8: mailomailo81 ($1.48 in chips) 
Seat 9: Ykycu_Moe ($2 in chips) 
mailomailo81: posts small blind $0.01
Ykycu_Moe: posts big blind $0.02
*** HOLE CARDS ***
Dealt to Dorex2007 [7s 8d]
Dorex2007: folds 
silverzeno: folds 
Apostol108: folds 
iohcyerffej: folds 
Azznak: folds 
Wachtli: raises $0.04 to $0.06
nephewserg: folds 
mailomailo81: folds 
Ykycu_Moe: folds 
Uncalled bet ($0.04) returned to Wachtli
iohcyerffej leaves the table
Wachtli collected $0.05 from pot
Wachtli: doesn't show hand 
*** SUMMARY ***
Total pot $0.05 | Rake $0 
Seat 1: Dorex2007 folded before Flop (didn't bet)
Seat 2: silverzeno folded before Flop (didn't bet)
Seat 3: Apostol108 folded before Flop (didn't bet)
Seat 4: iohcyerffej folded before Flop (didn't bet)
Seat 5: Azznak folded before Flop (didn't bet)
Seat 6: Wachtli collected ($0.05)
Seat 7: nephewserg (button) folded before Flop (didn't bet)
Seat 8: mailomailo81 (small blind) folded before Flop
Seat 9: Ykycu_Moe (big blind) folded before Flop



PokerStars Hand #224057546666:  Hold'em No Limit ($0.01/$0.02 USD) - 2021/02/21 1:59:19 PT [2021/02/21 4:59:19 ET]
Table 'Hanna VI' 9-max Seat #8 is the button
Seat 1: Dorex2007 ($5.01 in chips) 
Seat 3: Apostol108 ($2.35 in chips) 
Seat 5: Azznak ($3.94 in chips) 
Seat 6: Wachtli ($1.51 in chips) 
Seat 7: nephewserg ($0.58 in chips) 
Seat 8: mailomailo81 ($1.47 in chips) 
Seat 9: Ykycu_Moe ($2 in chips) 
Ykycu_Moe: posts small blind $0.01
Dorex2007: posts big blind $0.02
*** HOLE CARDS ***
Dealt to Dorex2007 [8d 3d]
Apostol108: raises $0.04 to $0.06
Azznak: calls $0.06
Wachtli: folds 
nephewserg: folds 
silverzeno leaves the table
mailomailo81: folds 
Ykycu_Moe: folds 
Dorex2007: folds 
*** FLOP *** [Td Kh Ad]
Apostol108: bets $0.07
Azznak: folds 
Uncalled bet ($0.07) returned to Apostol108
Apostol108 collected $0.14 from pot
Apostol108: doesn't show hand 
*** SUMMARY ***
Total pot $0.15 | Rake $0.01 
Board [Td Kh Ad]
Seat 1: Dorex2007 (big blind) folded before Flop
Seat 3: Apostol108 collected ($0.14)
Seat 5: Azznak folded on the Flop
Seat 6: Wachtli folded before Flop (didn't bet)
Seat 7: nephewserg folded before Flop (didn't bet)
Seat 8: mailomailo81 (button) folded before Flop (didn't bet)
Seat 9: Ykycu_Moe (small blind) folded before Flop



PokerStars Hand #224057553227:  Hold'em No Limit ($0.01/$0.02 USD) - 2021/02/21 1:59:45 PT [2021/02/21 4:59:45 ET]
Table 'Hanna VI' 9-max Seat #9 is the button
Seat 1: Dorex2007 ($4.99 in chips) 
Seat 6: Wachtli ($1.51 in chips) 
Seat 7: nephewserg ($0.58 in chips) 
Seat 8: mailomailo81 ($1.47 in chips) 
Seat 9: Ykycu_Moe ($2 in chips) 
Dorex2007: posts small blind $0.01
Apostol108: is sitting out 
Wachtli: posts big blind $0.02
*** HOLE CARDS ***
Dealt to Dorex2007 [6h 3h]
nephewserg: folds 
mailomailo81: folds 
Azznak leaves the table
Ykycu_Moe: raises $0.04 to $0.06
Dorex2007: folds 
Wachtli: folds 
Uncalled bet ($0.04) returned to Ykycu_Moe
Ykycu_Moe collected $0.05 from pot
Ykycu_Moe: doesn't show hand 
*** SUMMARY ***
Total pot $0.05 | Rake $0 
Seat 1: Dorex2007 (small blind) folded before Flop
Seat 6: Wachtli (big blind) folded before Flop
Seat 7: nephewserg folded before Flop (didn't bet)
Seat 8: mailomailo81 folded before Flop (didn't bet)
Seat 9: Ykycu_Moe (button) collected ($0.05)



PokerStars Hand #224057556809:  Hold'em No Limit ($0.01/$0.02 USD) - 2021/02/21 1:59:59 PT [2021/02/21 4:59:59 ET]
Table 'Hanna VI' 9-max Seat #1 is the button
Seat 1: Dorex2007 ($4.98 in chips) 
Seat 6: Wachtli ($1.49 in chips) 
Seat 7: nephewserg ($0.58 in chips) 
Seat 8: mailomailo81 ($1.47 in chips) 
Seat 9: Ykycu_Moe ($2.03 in chips) 
Wachtli: posts small blind $0.01
nephewserg: posts big blind $0.02
*** HOLE CARDS ***
Dealt to Dorex2007 [5h 4h]
mailomailo81: calls $0.02
Ykycu_Moe: folds 
Dorex2007: folds 
Wachtli: folds 
nephewserg: checks 
*** FLOP *** [9d 3s Kc]
nephewserg: bets $0.04
mailomailo81: raises $0.13 to $0.17
neoli joins the table at seat #2 
nephewserg: folds 
Uncalled bet ($0.13) returned to mailomailo81
mailomailo81 collected $0.13 from pot
mailomailo81: doesn't show hand 
*** SUMMARY ***
Total pot $0.13 | Rake $0 
Board [9d 3s Kc]
Seat 1: Dorex2007 (button) folded before Flop (didn't bet)
Seat 6: Wachtli (small blind) folded before Flop
Seat 7: nephewserg (big blind) folded on the Flop
Seat 8: mailomailo81 collected ($0.13)
Seat 9: Ykycu_Moe folded before Flop (didn't bet)



PokerStars Hand #224057563563:  Hold'em No Limit ($0.01/$0.02 USD) - 2021/02/21 2:00:25 PT [2021/02/21 5:00:25 ET]
Table 'Hanna VI' 9-max Seat #6 is the button
Seat 1: Dorex2007 ($4.98 in chips) 
Seat 6: Wachtli ($1.48 in chips) 
Seat 7: nephewserg ($0.52 in chips) 
Seat 8: mailomailo81 ($1.54 in chips) 
Seat 9: Ykycu_Moe ($2.03 in chips) 
nephewserg: posts small blind $0.01
mailomailo81: posts big blind $0.02
neoli: sits out 
*** HOLE CARDS ***
Dealt to Dorex2007 [Ts 6c]
Ykycu_Moe: folds 
Dorex2007: folds 
Ykycu_Moe leaves the table
Wachtli: raises $0.04 to $0.06
nephewserg: folds 
mailomailo81: calls $0.04
*** FLOP *** [Jd 7h 3c]
mailomailo81: checks 
nephewserg leaves the table
Wachtli: bets $0.08
mailomailo81: folds 
Uncalled bet ($0.08) returned to Wachtli
Wachtli collected $0.13 from pot
Wachtli: doesn't show hand 
*** SUMMARY ***
Total pot $0.13 | Rake $0 
Board [Jd 7h 3c]
Seat 1: Dorex2007 folded before Flop (didn't bet)
Seat 6: Wachtli (button) collected ($0.13)
Seat 7: nephewserg (small blind) folded before Flop
Seat 8: mailomailo81 (big blind) folded on the Flop
Seat 9: Ykycu_Moe folded before Flop (didn't bet)



PokerStars Hand #224057572918:  Hold'em No Limit ($0.01/$0.02 USD) - 2021/02/21 2:00:58 PT [2021/02/21 5:00:58 ET]
Table 'Hanna VI' 9-max Seat #8 is the button
Seat 1: Dorex2007 ($4.98 in chips) 
Seat 2: neoli ($0.90 in chips) 
Seat 6: Wachtli ($1.55 in chips) 
Seat 8: mailomailo81 ($1.48 in chips) 
Dorex2007: posts small blind $0.01
neoli: posts big blind $0.02
*** HOLE CARDS ***
Dealt to Dorex2007 [Qs As]
Wachtli: folds 
mailomailo81: folds 
Dorex2007: raises $0.02 to $0.04
neoli: calls $0.02
*** FLOP *** [3s 7d Jd]
Dorex2007: checks 
neoli: bets $0.08
Dorex2007: folds 
Uncalled bet ($0.08) returned to neoli
neoli collected $0.08 from pot
neoli: doesn't show hand 
*** SUMMARY ***
Total pot $0.08 | Rake $0 
Board [3s 7d Jd]
Seat 1: Dorex2007 (small blind) folded on the Flop
Seat 2: neoli (big blind) collected ($0.08)
Seat 6: Wachtli folded before Flop (didn't bet)
Seat 8: mailomailo81 (button) folded before Flop (didn't bet)



