PokerStars Hand #232585030073:  Hold'em No Limit ($0.01/$0.02 USD) - 2021/12/27 15:24:10 PT [2021/12/27 18:24:10 ET]
Table 'Tisiphone III' 9-max Seat #8 is the button
Seat 1: ViVaa165 ($0.87 in chips) 
Seat 2: Ape2Angel ($3.07 in chips) 
Seat 3: Sparky1337s ($1.99 in chips) 
Seat 5: Canguru19 ($2.78 in chips) 
Seat 6: lirabjj ($0.60 in chips) 
Seat 7: Dorex2007 ($2 in chips) 
Seat 8: Hat_SPb ($0.64 in chips) 
Seat 9: lomini ($1.24 in chips) 
lomini: posts small blind $0.01
ViVaa165: posts big blind $0.02
Dorex2007: posts big blind $0.02
*** HOLE CARDS ***
Dealt to Dorex2007 [8d 4c]
Ape2Angel: folds 
Sparky1337s: folds 
Canguru19: folds 
lirabjj has timed out
lirabjj: folds 
Dorex2007: checks 
Hat_SPb: folds 
lomini: folds 
ViVaa165: checks 
*** FLOP *** [As 9d 5s]
ViVaa165: checks 
Dorex2007: checks 
*** TURN *** [As 9d 5s] [Ac]
ViVaa165: checks 
Dorex2007: checks 
*** RIVER *** [As 9d 5s Ac] [8h]
ViVaa165: checks 
Dorex2007: checks 
*** SHOW DOWN ***
ViVaa165: shows [4h Kh] (a pair of Aces)
Dorex2007: shows [8d 4c] (two pair, Aces and Eights)
Dorex2007 collected $0.05 from pot
*** SUMMARY ***
Total pot $0.05 | Rake $0 
Board [As 9d 5s Ac 8h]
Seat 1: ViVaa165 (big blind) showed [4h Kh] and lost with a pair of Aces
Seat 2: Ape2Angel folded before Flop (didn't bet)
Seat 3: Sparky1337s folded before Flop (didn't bet)
Seat 5: Canguru19 folded before Flop (didn't bet)
Seat 6: lirabjj folded before Flop (didn't bet)
Seat 7: Dorex2007 showed [8d 4c] and won ($0.05) with two pair, Aces and Eights
Seat 8: Hat_SPb (button) folded before Flop (didn't bet)
Seat 9: lomini (small blind) folded before Flop



PokerStars Hand #232585054874:  Hold'em No Limit ($0.01/$0.02 USD) - 2021/12/27 15:25:01 PT [2021/12/27 18:25:01 ET]
Table 'Tisiphone III' 9-max Seat #9 is the button
Seat 1: ViVaa165 ($0.85 in chips) 
Seat 2: Ape2Angel ($3.07 in chips) 
Seat 3: Sparky1337s ($1.99 in chips) 
Seat 5: Canguru19 ($2.78 in chips) 
Seat 6: lirabjj ($0.60 in chips) 
Seat 7: Dorex2007 ($2.03 in chips) 
Seat 8: Hat_SPb ($0.64 in chips) 
Seat 9: lomini ($1.23 in chips) 
ViVaa165: posts small blind $0.01
Ape2Angel: posts big blind $0.02
*** HOLE CARDS ***
Dealt to Dorex2007 [Qs Jh]
Sparky1337s: raises $0.04 to $0.06
Canguru19: folds 
lirabjj: folds 
Dorex2007: folds 
Hat_SPb: folds 
lomini: folds 
ViVaa165: calls $0.05
Ape2Angel: folds 
*** FLOP *** [9d Kc Jd]
ViVaa165: checks 
Sparky1337s: checks 
*** TURN *** [9d Kc Jd] [8d]
ViVaa165: checks 
Sparky1337s: checks 
*** RIVER *** [9d Kc Jd 8d] [Qh]
ViVaa165: checks 
Sparky1337s: checks 
*** SHOW DOWN ***
ViVaa165: shows [Qc 8s] (two pair, Queens and Eights)
Sparky1337s: mucks hand 
ViVaa165 collected $0.14 from pot
*** SUMMARY ***
Total pot $0.14 | Rake $0 
Board [9d Kc Jd 8d Qh]
Seat 1: ViVaa165 (small blind) showed [Qc 8s] and won ($0.14) with two pair, Queens and Eights
Seat 2: Ape2Angel (big blind) folded before Flop
Seat 3: Sparky1337s mucked [As Qd]
Seat 5: Canguru19 folded before Flop (didn't bet)
Seat 6: lirabjj folded before Flop (didn't bet)
Seat 7: Dorex2007 folded before Flop (didn't bet)
Seat 8: Hat_SPb folded before Flop (didn't bet)
Seat 9: lomini (button) folded before Flop (didn't bet)



PokerStars Hand #232585071858:  Hold'em No Limit ($0.01/$0.02 USD) - 2021/12/27 15:25:35 PT [2021/12/27 18:25:35 ET]
Table 'Tisiphone III' 9-max Seat #1 is the button
Seat 1: ViVaa165 ($0.93 in chips) 
Seat 2: Ape2Angel ($3.05 in chips) 
Seat 3: Sparky1337s ($1.93 in chips) 
Seat 5: Canguru19 ($2.78 in chips) 
Seat 6: lirabjj ($0.60 in chips) 
Seat 7: Dorex2007 ($2.03 in chips) 
Seat 8: Hat_SPb ($0.64 in chips) 
Seat 9: lomini ($1.23 in chips) 
Ape2Angel: posts small blind $0.01
Sparky1337s: posts big blind $0.02
*** HOLE CARDS ***
Dealt to Dorex2007 [Jc 4d]
Canguru19: folds 
lirabjj: folds 
Dorex2007: folds 
Hat_SPb: folds 
lomini: folds 
ViVaa165: calls $0.02
Ape2Angel: folds 
Sparky1337s: checks 
*** FLOP *** [5d 9h 8c]
Sparky1337s: checks 
ViVaa165: checks 
*** TURN *** [5d 9h 8c] [8d]
Sparky1337s: checks 
ViVaa165: checks 
*** RIVER *** [5d 9h 8c 8d] [Ks]
Sparky1337s: bets $0.06
ViVaa165: folds 
Uncalled bet ($0.06) returned to Sparky1337s
Sparky1337s collected $0.05 from pot
Sparky1337s: doesn't show hand 
*** SUMMARY ***
Total pot $0.05 | Rake $0 
Board [5d 9h 8c 8d Ks]
Seat 1: ViVaa165 (button) folded on the River
Seat 2: Ape2Angel (small blind) folded before Flop
Seat 3: Sparky1337s (big blind) collected ($0.05)
Seat 5: Canguru19 folded before Flop (didn't bet)
Seat 6: lirabjj folded before Flop (didn't bet)
Seat 7: Dorex2007 folded before Flop (didn't bet)
Seat 8: Hat_SPb folded before Flop (didn't bet)
Seat 9: lomini folded before Flop (didn't bet)



PokerStars Hand #232585101515:  Hold'em No Limit ($0.01/$0.02 USD) - 2021/12/27 15:26:35 PT [2021/12/27 18:26:35 ET]
Table 'Tisiphone III' 9-max Seat #2 is the button
Seat 1: ViVaa165 ($0.91 in chips) 
Seat 2: Ape2Angel ($3.04 in chips) 
Seat 3: Sparky1337s ($1.96 in chips) 
Seat 5: Canguru19 ($2.78 in chips) 
Seat 6: lirabjj ($0.60 in chips) 
Seat 7: Dorex2007 ($2.03 in chips) 
Seat 8: Hat_SPb ($0.64 in chips) 
Seat 9: lomini ($1.23 in chips) 
Sparky1337s: posts small blind $0.01
Canguru19: posts big blind $0.02
*** HOLE CARDS ***
Dealt to Dorex2007 [Kc Jd]
lirabjj has timed out
lirabjj: folds 
Dorex2007: raises $0.04 to $0.06
Hat_SPb: folds 
lomini: folds 
ViVaa165: calls $0.06
Ape2Angel: folds 
Sparky1337s: folds 
Canguru19: calls $0.04
*** FLOP *** [4d Ah 6s]
Canguru19: checks 
Dorex2007: bets $0.09
ViVaa165: calls $0.09
Canguru19: calls $0.09
*** TURN *** [4d Ah 6s] [Ks]
Canguru19: checks 
Dorex2007: checks 
ViVaa165: checks 
*** RIVER *** [4d Ah 6s Ks] [Js]
Canguru19: checks 
Dorex2007: bets $0.44
ViVaa165: folds 
Canguru19: folds 
Uncalled bet ($0.44) returned to Dorex2007
Dorex2007 collected $0.44 from pot
Dorex2007: doesn't show hand 
*** SUMMARY ***
Total pot $0.46 | Rake $0.02 
Board [4d Ah 6s Ks Js]
Seat 1: ViVaa165 folded on the River
Seat 2: Ape2Angel (button) folded before Flop (didn't bet)
Seat 3: Sparky1337s (small blind) folded before Flop
Seat 5: Canguru19 (big blind) folded on the River
Seat 6: lirabjj folded before Flop (didn't bet)
Seat 7: Dorex2007 collected ($0.44)
Seat 8: Hat_SPb folded before Flop (didn't bet)
Seat 9: lomini folded before Flop (didn't bet)



PokerStars Hand #232585133367:  Hold'em No Limit ($0.01/$0.02 USD) - 2021/12/27 15:27:35 PT [2021/12/27 18:27:35 ET]
Table 'Tisiphone III' 9-max Seat #3 is the button
Seat 1: ViVaa165 ($0.76 in chips) 
Seat 2: Ape2Angel ($3.04 in chips) 
Seat 3: Sparky1337s ($1.95 in chips) 
Seat 5: Canguru19 ($2.63 in chips) 
Seat 6: lirabjj ($0.60 in chips) 
Seat 7: Dorex2007 ($2.32 in chips) 
Seat 8: Hat_SPb ($0.64 in chips) 
Seat 9: lomini ($1.23 in chips) 
Canguru19: posts small blind $0.01
lirabjj: posts big blind $0.02
*** HOLE CARDS ***
Dealt to Dorex2007 [Qs Kd]
Dorex2007: folds 
Hat_SPb: folds 
lomini: folds 
ViVaa165: calls $0.02
Ape2Angel: folds 
Sparky1337s: folds 
Canguru19: calls $0.01
lirabjj: raises $0.06 to $0.08
ViVaa165: folds 
Canguru19: folds 
Uncalled bet ($0.06) returned to lirabjj
lirabjj collected $0.06 from pot
lirabjj: doesn't show hand 
*** SUMMARY ***
Total pot $0.06 | Rake $0 
Seat 1: ViVaa165 folded before Flop
Seat 2: Ape2Angel folded before Flop (didn't bet)
Seat 3: Sparky1337s (button) folded before Flop (didn't bet)
Seat 5: Canguru19 (small blind) folded before Flop
Seat 6: lirabjj (big blind) collected ($0.06)
Seat 7: Dorex2007 folded before Flop (didn't bet)
Seat 8: Hat_SPb folded before Flop (didn't bet)
Seat 9: lomini folded before Flop (didn't bet)



PokerStars Hand #232585147670:  Hold'em No Limit ($0.01/$0.02 USD) - 2021/12/27 15:28:05 PT [2021/12/27 18:28:05 ET]
Table 'Tisiphone III' 9-max Seat #5 is the button
Seat 1: ViVaa165 ($0.74 in chips) 
Seat 2: Ape2Angel ($3.04 in chips) 
Seat 3: Sparky1337s ($1.95 in chips) 
Seat 5: Canguru19 ($2.61 in chips) 
Seat 6: lirabjj ($0.64 in chips) 
Seat 7: Dorex2007 ($2.32 in chips) 
Seat 8: Hat_SPb ($0.64 in chips) 
Seat 9: lomini ($1.23 in chips) 
lirabjj: posts small blind $0.01
Dorex2007: posts big blind $0.02
*** HOLE CARDS ***
Dealt to Dorex2007 [Ac 9h]
Hat_SPb: folds 
lomini: folds 
ViVaa165: calls $0.02
Ape2Angel: folds 
Sparky1337s: folds 
Canguru19: calls $0.02
lirabjj: raises $0.04 to $0.06
Dorex2007: folds 
ViVaa165: calls $0.04
Canguru19: folds 
*** FLOP *** [Ad Qs 5h]
lirabjj: checks 
Canguru19 leaves the table
ViVaa165: checks 
*** TURN *** [Ad Qs 5h] [8s]
lirabjj: checks 
ViVaa165: checks 
*** RIVER *** [Ad Qs 5h 8s] [Td]
lirabjj: bets $0.10
Agneobr joins the table at seat #5 
ViVaa165: folds 
Uncalled bet ($0.10) returned to lirabjj
lirabjj collected $0.15 from pot
lirabjj: doesn't show hand 
*** SUMMARY ***
Total pot $0.16 | Rake $0.01 
Board [Ad Qs 5h 8s Td]
Seat 1: ViVaa165 folded on the River
Seat 2: Ape2Angel folded before Flop (didn't bet)
Seat 3: Sparky1337s folded before Flop (didn't bet)
Seat 5: Canguru19 (button) folded before Flop
Seat 6: lirabjj (small blind) collected ($0.15)
Seat 7: Dorex2007 (big blind) folded before Flop
Seat 8: Hat_SPb folded before Flop (didn't bet)
Seat 9: lomini folded before Flop (didn't bet)



PokerStars Hand #232585175380:  Hold'em No Limit ($0.01/$0.02 USD) - 2021/12/27 15:29:02 PT [2021/12/27 18:29:02 ET]
Table 'Tisiphone III' 9-max Seat #6 is the button
Seat 1: ViVaa165 ($0.68 in chips) 
Seat 2: Ape2Angel ($3.04 in chips) 
Seat 3: Sparky1337s ($1.95 in chips) 
Seat 6: lirabjj ($0.73 in chips) 
Seat 7: Dorex2007 ($2.30 in chips) 
Seat 8: Hat_SPb ($0.64 in chips) 
Seat 9: lomini ($1.23 in chips) 
Dorex2007: posts small blind $0.01
Hat_SPb: posts big blind $0.02
Agneobr: sits out 
*** HOLE CARDS ***
Dealt to Dorex2007 [Tc Kh]
donbowring12 is disconnected 
lomini: folds 
ViVaa165: calls $0.02
Ape2Angel: folds 
Sparky1337s: raises $0.07 to $0.09
lirabjj: folds 
Dorex2007: folds 
Hat_SPb: folds 
ViVaa165: calls $0.07
*** FLOP *** [3s Th Qd]
ViVaa165: checks 
Sparky1337s: bets $0.15
ViVaa165: folds 
Uncalled bet ($0.15) returned to Sparky1337s
Sparky1337s collected $0.20 from pot
Sparky1337s: doesn't show hand 
*** SUMMARY ***
Total pot $0.21 | Rake $0.01 
Board [3s Th Qd]
Seat 1: ViVaa165 folded on the Flop
Seat 2: Ape2Angel folded before Flop (didn't bet)
Seat 3: Sparky1337s collected ($0.20)
Seat 6: lirabjj (button) folded before Flop (didn't bet)
Seat 7: Dorex2007 (small blind) folded before Flop
Seat 8: Hat_SPb (big blind) folded before Flop
Seat 9: lomini folded before Flop (didn't bet)



PokerStars Hand #232585194699:  Hold'em No Limit ($0.01/$0.02 USD) - 2021/12/27 15:29:42 PT [2021/12/27 18:29:42 ET]
Table 'Tisiphone III' 9-max Seat #7 is the button
Seat 1: ViVaa165 ($0.59 in chips) 
Seat 2: Ape2Angel ($3.04 in chips) 
Seat 3: Sparky1337s ($2.06 in chips) 
Seat 6: lirabjj ($0.73 in chips) 
Seat 7: Dorex2007 ($2.29 in chips) 
Seat 8: Hat_SPb ($0.62 in chips) 
Seat 9: lomini ($1.23 in chips) 
Hat_SPb: posts small blind $0.01
lomini: posts big blind $0.02
Agneobr: sits out 
*** HOLE CARDS ***
Dealt to Dorex2007 [6h 7h]
ViVaa165: calls $0.02
Ape2Angel: folds 
Sparky1337s: folds 
lirabjj: folds 
Dorex2007: folds 
Hat_SPb: folds 
lomini: checks 
*** FLOP *** [2s 9s 8d]
lomini: checks 
ViVaa165: checks 
*** TURN *** [2s 9s 8d] [Kh]
lomini: checks 
ViVaa165: checks 
*** RIVER *** [2s 9s 8d Kh] [6s]
lomini: checks 
ViVaa165: checks 
*** SHOW DOWN ***
lomini: shows [Jh 4h] (high card King)
ViVaa165: shows [2d 3d] (a pair of Deuces)
ViVaa165 collected $0.05 from pot
*** SUMMARY ***
Total pot $0.05 | Rake $0 
Board [2s 9s 8d Kh 6s]
Seat 1: ViVaa165 showed [2d 3d] and won ($0.05) with a pair of Deuces
Seat 2: Ape2Angel folded before Flop (didn't bet)
Seat 3: Sparky1337s folded before Flop (didn't bet)
Seat 6: lirabjj folded before Flop (didn't bet)
Seat 7: Dorex2007 (button) folded before Flop (didn't bet)
Seat 8: Hat_SPb (small blind) folded before Flop
Seat 9: lomini (big blind) showed [Jh 4h] and lost with high card King



PokerStars Hand #232585218109:  Hold'em No Limit ($0.01/$0.02 USD) - 2021/12/27 15:30:15 PT [2021/12/27 18:30:15 ET]
Table 'Tisiphone III' 9-max Seat #8 is the button
Seat 1: ViVaa165 ($0.62 in chips) 
Seat 2: Ape2Angel ($3.04 in chips) 
Seat 3: Sparky1337s ($2.06 in chips) 
Seat 6: lirabjj ($0.73 in chips) 
Seat 7: Dorex2007 ($2.29 in chips) 
Seat 8: Hat_SPb ($0.61 in chips) 
Seat 9: lomini ($1.21 in chips) 
lomini: posts small blind $0.01
ViVaa165: posts big blind $0.02
Agneobr: sits out 
*** HOLE CARDS ***
Dealt to Dorex2007 [Jc Ks]
Ape2Angel: raises $0.03 to $0.05
Sparky1337s: folds 
lirabjj: folds 
Dorex2007: folds 
Hat_SPb: folds 
lomini: folds 
ViVaa165: calls $0.03
*** FLOP *** [Tc 5d 5h]
ViVaa165: checks 
Ape2Angel: bets $0.02
ViVaa165: folds 
Uncalled bet ($0.02) returned to Ape2Angel
Ape2Angel collected $0.11 from pot
Ape2Angel: doesn't show hand 
*** SUMMARY ***
Total pot $0.11 | Rake $0 
Board [Tc 5d 5h]
Seat 1: ViVaa165 (big blind) folded on the Flop
Seat 2: Ape2Angel collected ($0.11)
Seat 3: Sparky1337s folded before Flop (didn't bet)
Seat 6: lirabjj folded before Flop (didn't bet)
Seat 7: Dorex2007 folded before Flop (didn't bet)
Seat 8: Hat_SPb (button) folded before Flop (didn't bet)
Seat 9: lomini (small blind) folded before Flop



PokerStars Hand #232585236550:  Hold'em No Limit ($0.01/$0.02 USD) - 2021/12/27 15:30:52 PT [2021/12/27 18:30:52 ET]
Table 'Tisiphone III' 9-max Seat #9 is the button
Seat 1: ViVaa165 ($0.57 in chips) 
Seat 2: Ape2Angel ($3.10 in chips) 
Seat 3: Sparky1337s ($2.06 in chips) 
Seat 6: lirabjj ($0.73 in chips) 
Seat 7: Dorex2007 ($2.29 in chips) 
Seat 8: Hat_SPb ($0.61 in chips) 
Seat 9: lomini ($1.20 in chips) 
ViVaa165: posts small blind $0.01
Ape2Angel: posts big blind $0.02
Agneobr: sits out 
*** HOLE CARDS ***
Dealt to Dorex2007 [8c Qh]
Sparky1337s: folds 
lirabjj: folds 
Dorex2007: folds 
Hat_SPb: folds 
lomini: calls $0.02
ViVaa165: calls $0.01
Ape2Angel: raises $3.08 to $3.10 and is all-in
lomini: folds 
ViVaa165: folds 
Uncalled bet ($3.08) returned to Ape2Angel
Ape2Angel collected $0.06 from pot
Ape2Angel: doesn't show hand 
*** SUMMARY ***
Total pot $0.06 | Rake $0 
Seat 1: ViVaa165 (small blind) folded before Flop
Seat 2: Ape2Angel (big blind) collected ($0.06)
Seat 3: Sparky1337s folded before Flop (didn't bet)
Seat 6: lirabjj folded before Flop (didn't bet)
Seat 7: Dorex2007 folded before Flop (didn't bet)
Seat 8: Hat_SPb folded before Flop (didn't bet)
Seat 9: lomini (button) folded before Flop



PokerStars Hand #232585255141:  Hold'em No Limit ($0.01/$0.02 USD) - 2021/12/27 15:31:29 PT [2021/12/27 18:31:29 ET]
Table 'Tisiphone III' 9-max Seat #1 is the button
Seat 1: ViVaa165 ($0.55 in chips) 
Seat 2: Ape2Angel ($3.14 in chips) 
Seat 3: Sparky1337s ($2.06 in chips) 
Seat 6: lirabjj ($0.73 in chips) 
Seat 7: Dorex2007 ($2.29 in chips) 
Seat 8: Hat_SPb ($0.61 in chips) 
Seat 9: lomini ($1.18 in chips) 
Ape2Angel: posts small blind $0.01
Sparky1337s: posts big blind $0.02
Agneobr: sits out 
*** HOLE CARDS ***
Dealt to Dorex2007 [9c Ah]
lirabjj: calls $0.02
Dorex2007: folds 
Hat_SPb: calls $0.02
lomini: raises $0.02 to $0.04
ViVaa165: folds 
Ape2Angel: folds 
Sparky1337s: folds 
lirabjj: calls $0.02
Hat_SPb: calls $0.02
*** FLOP *** [6c 7c 9d]
lirabjj: bets $0.07
Hat_SPb: raises $0.21 to $0.28
lomini: folds 
lirabjj: folds 
Uncalled bet ($0.21) returned to Hat_SPb
Hat_SPb collected $0.28 from pot
Hat_SPb: doesn't show hand 
*** SUMMARY ***
Total pot $0.29 | Rake $0.01 
Board [6c 7c 9d]
Seat 1: ViVaa165 (button) folded before Flop (didn't bet)
Seat 2: Ape2Angel (small blind) folded before Flop
Seat 3: Sparky1337s (big blind) folded before Flop
Seat 6: lirabjj folded on the Flop
Seat 7: Dorex2007 folded before Flop (didn't bet)
Seat 8: Hat_SPb collected ($0.28)
Seat 9: lomini folded on the Flop



PokerStars Hand #232585293128:  Hold'em No Limit ($0.01/$0.02 USD) - 2021/12/27 15:32:46 PT [2021/12/27 18:32:46 ET]
Table 'Tisiphone III' 9-max Seat #2 is the button
Seat 1: ViVaa165 ($0.55 in chips) 
Seat 2: Ape2Angel ($3.13 in chips) 
Seat 3: Sparky1337s ($2.04 in chips) 
Seat 5: Agneobr ($2 in chips) 
Seat 6: lirabjj ($0.62 in chips) 
Seat 7: Dorex2007 ($2.29 in chips) 
Seat 8: Hat_SPb ($0.78 in chips) 
Seat 9: lomini ($1.14 in chips) 
Sparky1337s: posts small blind $0.01
Agneobr: posts big blind $0.02
*** HOLE CARDS ***
Dealt to Dorex2007 [As Ah]
lirabjj has timed out
lirabjj: folds 
Dorex2007: raises $0.08 to $0.10
Hat_SPb: folds 
lomini: calls $0.10
ViVaa165: folds 
Ape2Angel: folds 
Sparky1337s: folds 
Agneobr: folds 
*** FLOP *** [Kc 9c 8s]
Dorex2007: checks 
lomini: bets $1.04 and is all-in
Dorex2007: calls $1.04
*** TURN *** [Kc 9c 8s] [2h]
*** RIVER *** [Kc 9c 8s 2h] [3s]
*** SHOW DOWN ***
Dorex2007: shows [As Ah] (a pair of Aces)
lomini: shows [Tc Ts] (a pair of Tens)
donbowring12 leaves the table
Dorex2007 cashed out the hand for $1.83 | Cash Out Fee $0.02
lomini cashed out the hand for $0.38
*** SUMMARY ***
Total pot $2.31 | Rake $0.08 
Board [Kc 9c 8s 2h 3s]
Seat 1: ViVaa165 folded before Flop (didn't bet)
Seat 2: Ape2Angel (button) folded before Flop (didn't bet)
Seat 3: Sparky1337s (small blind) folded before Flop
Seat 5: Agneobr (big blind) folded before Flop
Seat 6: lirabjj folded before Flop (didn't bet)
Seat 7: Dorex2007 showed [As Ah] and won ($2.23) with a pair of Aces (pot not awarded as player cashed out)
Seat 8: Hat_SPb folded before Flop (didn't bet)
Seat 9: lomini showed [Tc Ts] and lost with a pair of Tens (cashed out).



PokerStars Hand #232585331092:  Hold'em No Limit ($0.01/$0.02 USD) - 2021/12/27 15:34:04 PT [2021/12/27 18:34:04 ET]
Table 'Tisiphone III' 9-max Seat #3 is the button
Seat 1: ViVaa165 ($0.55 in chips) 
Seat 2: Ape2Angel ($3.13 in chips) 
Seat 3: Sparky1337s ($2.03 in chips) 
Seat 5: Agneobr ($1.98 in chips) 
Seat 6: lirabjj ($0.62 in chips) 
Seat 7: Dorex2007 ($2.98 in chips) 
Seat 8: Hat_SPb ($0.78 in chips) 
Seat 9: lomini ($0.38 in chips) 
Agneobr: posts small blind $0.01
lirabjj: posts big blind $0.02
*** HOLE CARDS ***
Dealt to Dorex2007 [Ts Kc]
Dorex2007: folds 
Hat_SPb: folds 
BigSpenderrrr joins the table at seat #4 
lomini: calls $0.02
ViVaa165: calls $0.02
Ape2Angel: folds 
Sparky1337s: folds 
Agneobr: folds 
lirabjj: checks 
*** FLOP *** [Tc 4s 7h]
lirabjj: checks 
lomini: checks 
ViVaa165: checks 
*** TURN *** [Tc 4s 7h] [5d]
lirabjj: checks 
lomini: checks 
ViVaa165: checks 
*** RIVER *** [Tc 4s 7h 5d] [2c]
lirabjj: checks 
lomini: checks 
ViVaa165: checks 
*** SHOW DOWN ***
lirabjj: shows [8d 4c] (a pair of Fours)
lomini: mucks hand 
ViVaa165: mucks hand 
lirabjj collected $0.07 from pot
*** SUMMARY ***
Total pot $0.07 | Rake $0 
Board [Tc 4s 7h 5d 2c]
Seat 1: ViVaa165 mucked [9s 2s]
Seat 2: Ape2Angel folded before Flop (didn't bet)
Seat 3: Sparky1337s (button) folded before Flop (didn't bet)
Seat 5: Agneobr (small blind) folded before Flop
Seat 6: lirabjj (big blind) showed [8d 4c] and won ($0.07) with a pair of Fours
Seat 7: Dorex2007 folded before Flop (didn't bet)
Seat 8: Hat_SPb folded before Flop (didn't bet)
Seat 9: lomini mucked [Qc Jc]



PokerStars Hand #232585371114:  Hold'em No Limit ($0.01/$0.02 USD) - 2021/12/27 15:35:08 PT [2021/12/27 18:35:08 ET]
Table 'Tisiphone III' 9-max Seat #5 is the button
Seat 1: ViVaa165 ($0.53 in chips) 
Seat 2: Ape2Angel ($3.13 in chips) 
Seat 3: Sparky1337s ($2.03 in chips) 
Seat 5: Agneobr ($1.97 in chips) 
Seat 6: lirabjj ($0.67 in chips) 
Seat 7: Dorex2007 ($2.98 in chips) 
Seat 8: Hat_SPb ($0.78 in chips) 
Seat 9: lomini ($0.36 in chips) 
lirabjj: posts small blind $0.01
Dorex2007: posts big blind $0.02
BigSpenderrrr: sits out 
*** HOLE CARDS ***
Dealt to Dorex2007 [Jh Tc]
Hat_SPb: folds 
lomini: folds 
ViVaa165: calls $0.02
Ape2Angel: folds 
Sparky1337s has timed out
Sparky1337s: folds 
Agneobr: folds 
lirabjj: raises $0.06 to $0.08
Dorex2007: folds 
ViVaa165: calls $0.06
*** FLOP *** [9s Ad 7s]
lirabjj: bets $0.17
ViVaa165: folds 
Uncalled bet ($0.17) returned to lirabjj
lirabjj collected $0.17 from pot
lirabjj: doesn't show hand 
*** SUMMARY ***
Total pot $0.18 | Rake $0.01 
Board [9s Ad 7s]
Seat 1: ViVaa165 folded on the Flop
Seat 2: Ape2Angel folded before Flop (didn't bet)
Seat 3: Sparky1337s folded before Flop (didn't bet)
Seat 5: Agneobr (button) folded before Flop (didn't bet)
Seat 6: lirabjj (small blind) collected ($0.17)
Seat 7: Dorex2007 (big blind) folded before Flop
Seat 8: Hat_SPb folded before Flop (didn't bet)
Seat 9: lomini folded before Flop (didn't bet)



PokerStars Hand #232585388354:  Hold'em No Limit ($0.01/$0.02 USD) - 2021/12/27 15:35:43 PT [2021/12/27 18:35:43 ET]
Table 'Tisiphone III' 9-max Seat #6 is the button
Seat 1: ViVaa165 ($0.45 in chips) 
Seat 2: Ape2Angel ($3.13 in chips) 
Seat 3: Sparky1337s ($2.03 in chips) 
Seat 5: Agneobr ($1.97 in chips) 
Seat 6: lirabjj ($0.76 in chips) 
Seat 7: Dorex2007 ($2.96 in chips) 
Seat 8: Hat_SPb ($0.78 in chips) 
Seat 9: lomini ($0.36 in chips) 
Dorex2007: posts small blind $0.01
Hat_SPb: posts big blind $0.02
BigSpenderrrr: sits out 
*** HOLE CARDS ***
Dealt to Dorex2007 [6h 9h]
lomini: raises $0.02 to $0.04
ViVaa165: calls $0.04
Ape2Angel: folds 
Sparky1337s: folds 
Agneobr: folds 
lirabjj: folds 
Dorex2007: folds 
Hat_SPb: folds 
*** FLOP *** [2s 3s 7h]
lomini: bets $0.16
ViVaa165: folds 
Uncalled bet ($0.16) returned to lomini
lomini collected $0.11 from pot
lomini: doesn't show hand 
*** SUMMARY ***
Total pot $0.11 | Rake $0 
Board [2s 3s 7h]
Seat 1: ViVaa165 folded on the Flop
Seat 2: Ape2Angel folded before Flop (didn't bet)
Seat 3: Sparky1337s folded before Flop (didn't bet)
Seat 5: Agneobr folded before Flop (didn't bet)
Seat 6: lirabjj (button) folded before Flop (didn't bet)
Seat 7: Dorex2007 (small blind) folded before Flop
Seat 8: Hat_SPb (big blind) folded before Flop
Seat 9: lomini collected ($0.11)



PokerStars Hand #232585404230:  Hold'em No Limit ($0.01/$0.02 USD) - 2021/12/27 15:36:16 PT [2021/12/27 18:36:16 ET]
Table 'Tisiphone III' 9-max Seat #7 is the button
Seat 1: ViVaa165 ($0.41 in chips) 
Seat 2: Ape2Angel ($3.13 in chips) 
Seat 3: Sparky1337s ($2.03 in chips) 
Seat 5: Agneobr ($1.97 in chips) 
Seat 6: lirabjj ($0.76 in chips) 
Seat 7: Dorex2007 ($2.95 in chips) 
Seat 8: Hat_SPb ($0.76 in chips) 
Seat 9: lomini ($0.43 in chips) 
Hat_SPb: posts small blind $0.01
lomini: posts big blind $0.02
BigSpenderrrr: sits out 
*** HOLE CARDS ***
Dealt to Dorex2007 [Qh Ah]
ViVaa165: calls $0.02
Ape2Angel: folds 
Sparky1337s has timed out
Sparky1337s: folds 
Agneobr: raises $0.04 to $0.06
lirabjj: folds 
Dorex2007: raises $0.10 to $0.16
Hat_SPb: folds 
lomini: calls $0.14
ViVaa165: folds 
Agneobr: folds 
*** FLOP *** [Qc 4h 7s]
lomini: bets $0.27 and is all-in
Dorex2007: calls $0.27
*** TURN *** [Qc 4h 7s] [5h]
*** RIVER *** [Qc 4h 7s 5h] [2s]
*** SHOW DOWN ***
lomini: shows [9s 9c] (a pair of Nines)
Dorex2007: shows [Qh Ah] (a pair of Queens)
Dorex2007 cashed out the hand for $0.83 | Cash Out Fee $0.01
*** SUMMARY ***
Total pot $0.95 | Rake $0.03 
Board [Qc 4h 7s 5h 2s]
Seat 1: ViVaa165 folded before Flop
Seat 2: Ape2Angel folded before Flop (didn't bet)
Seat 3: Sparky1337s folded before Flop (didn't bet)
Seat 5: Agneobr folded before Flop
Seat 6: lirabjj folded before Flop (didn't bet)
Seat 7: Dorex2007 (button) showed [Qh Ah] and won ($0.92) with a pair of Queens (pot not awarded as player cashed out)
Seat 8: Hat_SPb (small blind) folded before Flop
Seat 9: lomini (big blind) showed [9s 9c] and lost with a pair of Nines



PokerStars Hand #232585432615:  Hold'em No Limit ($0.01/$0.02 USD) - 2021/12/27 15:37:14 PT [2021/12/27 18:37:14 ET]
Table 'Tisiphone III' 9-max Seat #8 is the button
Seat 1: ViVaa165 ($0.39 in chips) 
Seat 2: Ape2Angel ($3.13 in chips) 
Seat 5: Agneobr ($1.91 in chips) 
Seat 6: lirabjj ($0.76 in chips) 
Seat 7: Dorex2007 ($3.35 in chips) 
Seat 8: Hat_SPb ($0.75 in chips) 
ViVaa165: posts small blind $0.01
Ape2Angel: posts big blind $0.02
BigSpenderrrr: sits out 
*** HOLE CARDS ***
Dealt to Dorex2007 [7c Qd]
Agneobr: folds 
lirabjj: raises $0.02 to $0.04
Dorex2007: folds 
Hat_SPb: raises $0.71 to $0.75 and is all-in
ViVaa165: folds 
Ape2Angel: raises $2.38 to $3.13 and is all-in
lirabjj: folds 
Uncalled bet ($2.38) returned to Ape2Angel
lomini leaves the table
*** FLOP *** [5h Jd 4h]
*** TURN *** [5h Jd 4h] [Ah]
*** RIVER *** [5h Jd 4h Ah] [Tc]
*** SHOW DOWN ***
Ape2Angel: shows [9d 9h] (a pair of Nines)
Hat_SPb: shows [5s 5c] (three of a kind, Fives)
Hat_SPb collected $1.50 from pot
*** SUMMARY ***
Total pot $1.55 | Rake $0.05 
Board [5h Jd 4h Ah Tc]
Seat 1: ViVaa165 (small blind) folded before Flop
Seat 2: Ape2Angel (big blind) showed [9d 9h] and lost with a pair of Nines
Seat 5: Agneobr folded before Flop (didn't bet)
Seat 6: lirabjj folded before Flop
Seat 7: Dorex2007 folded before Flop (didn't bet)
Seat 8: Hat_SPb (button) showed [5s 5c] and won ($1.50) with three of a kind, Fives



PokerStars Hand #232585451257:  Hold'em No Limit ($0.01/$0.02 USD) - 2021/12/27 15:37:51 PT [2021/12/27 18:37:51 ET]
Table 'Tisiphone III' 9-max Seat #1 is the button
Seat 1: ViVaa165 ($0.38 in chips) 
Seat 2: Ape2Angel ($2.38 in chips) 
Seat 3: Sparky1337s ($2.03 in chips) 
Seat 5: Agneobr ($1.91 in chips) 
Seat 6: lirabjj ($0.72 in chips) 
Seat 7: Dorex2007 ($3.35 in chips) 
Seat 8: Hat_SPb ($1.50 in chips) 
Ape2Angel: posts small blind $0.01
Sparky1337s: posts big blind $0.02
BigSpenderrrr: sits out 
*** HOLE CARDS ***
Dealt to Dorex2007 [Qd 6c]
Agneobr: raises $0.04 to $0.06
lirabjj: folds 
Dorex2007: folds 
Hat_SPb: folds 
ViVaa165: calls $0.06
Ape2Angel: folds 
brunotga joins the table at seat #9 
Sparky1337s: folds 
*** FLOP *** [4s 9d 4h]
Agneobr: checks 
ViVaa165: bets $0.32 and is all-in
Agneobr: folds 
Uncalled bet ($0.32) returned to ViVaa165
ViVaa165 collected $0.14 from pot
ViVaa165: doesn't show hand 
*** SUMMARY ***
Total pot $0.15 | Rake $0.01 
Board [4s 9d 4h]
Seat 1: ViVaa165 (button) collected ($0.14)
Seat 2: Ape2Angel (small blind) folded before Flop
Seat 3: Sparky1337s (big blind) folded before Flop
Seat 5: Agneobr folded on the Flop
Seat 6: lirabjj folded before Flop (didn't bet)
Seat 7: Dorex2007 folded before Flop (didn't bet)
Seat 8: Hat_SPb folded before Flop (didn't bet)



PokerStars Hand #232585463416:  Hold'em No Limit ($0.01/$0.02 USD) - 2021/12/27 15:38:16 PT [2021/12/27 18:38:16 ET]
Table 'Tisiphone III' 9-max Seat #2 is the button
Seat 1: ViVaa165 ($0.46 in chips) 
Seat 2: Ape2Angel ($2.37 in chips) 
Seat 3: Sparky1337s ($2.01 in chips) 
Seat 4: BigSpenderrrr ($2 in chips) 
Seat 5: Agneobr ($1.85 in chips) 
Seat 6: lirabjj ($0.72 in chips) 
Seat 7: Dorex2007 ($3.35 in chips) 
Seat 8: Hat_SPb ($1.50 in chips) 
Seat 9: brunotga ($2 in chips) 
Sparky1337s: posts small blind $0.01
BigSpenderrrr: posts big blind $0.02
brunotga: posts big blind $0.02
*** HOLE CARDS ***
Dealt to Dorex2007 [2s 7c]
Agneobr: folds 
lirabjj: raises $0.04 to $0.06
Dorex2007: folds 
Hat_SPb: folds 
brunotga: folds 
ViVaa165: calls $0.06
Ape2Angel: folds 
Sparky1337s: folds 
BigSpenderrrr: folds 
*** FLOP *** [5d 6s 7d]
lirabjj: checks 
ViVaa165: checks 
*** TURN *** [5d 6s 7d] [4d]
lirabjj: bets $0.08
ViVaa165: calls $0.08
*** RIVER *** [5d 6s 7d 4d] [6c]
lirabjj: bets $0.32
ViVaa165: folds 
Uncalled bet ($0.32) returned to lirabjj
lirabjj collected $0.32 from pot
lirabjj: doesn't show hand 
*** SUMMARY ***
Total pot $0.33 | Rake $0.01 
Board [5d 6s 7d 4d 6c]
Seat 1: ViVaa165 folded on the River
Seat 2: Ape2Angel (button) folded before Flop (didn't bet)
Seat 3: Sparky1337s (small blind) folded before Flop
Seat 4: BigSpenderrrr (big blind) folded before Flop
Seat 5: Agneobr folded before Flop (didn't bet)
Seat 6: lirabjj collected ($0.32)
Seat 7: Dorex2007 folded before Flop (didn't bet)
Seat 8: Hat_SPb folded before Flop (didn't bet)
Seat 9: brunotga folded before Flop (didn't bet)



PokerStars Hand #232585486073:  Hold'em No Limit ($0.01/$0.02 USD) - 2021/12/27 15:39:02 PT [2021/12/27 18:39:02 ET]
Table 'Tisiphone III' 9-max Seat #3 is the button
Seat 1: ViVaa165 ($0.32 in chips) 
Seat 2: Ape2Angel ($2.37 in chips) 
Seat 3: Sparky1337s ($2 in chips) 
Seat 4: BigSpenderrrr ($1.98 in chips) 
Seat 5: Agneobr ($1.85 in chips) 
Seat 6: lirabjj ($0.90 in chips) 
Seat 7: Dorex2007 ($3.35 in chips) 
Seat 8: Hat_SPb ($1.50 in chips) 
Seat 9: brunotga ($1.98 in chips) 
BigSpenderrrr: posts small blind $0.01
Agneobr: posts big blind $0.02
*** HOLE CARDS ***
Dealt to Dorex2007 [3s 3h]
lirabjj: calls $0.02
Dorex2007: calls $0.02
Hat_SPb: raises $0.08 to $0.10
brunotga: folds 
ViVaa165: calls $0.10
Ape2Angel: folds 
Sparky1337s: folds 
BigSpenderrrr: folds 
Agneobr: folds 
lirabjj: folds 
Dorex2007: folds 
*** FLOP *** [4h 7s 5h]
Hat_SPb: bets $0.20
ViVaa165: raises $0.02 to $0.22 and is all-in
Hat_SPb: calls $0.02
*** TURN *** [4h 7s 5h] [Kh]
*** RIVER *** [4h 7s 5h Kh] [6c]
*** SHOW DOWN ***
Hat_SPb: shows [Qh Qd] (a pair of Queens)
ViVaa165: shows [5d Ac] (a pair of Fives)
Hat_SPb collected $0.69 from pot
*** SUMMARY ***
Total pot $0.71 | Rake $0.02 
Board [4h 7s 5h Kh 6c]
Seat 1: ViVaa165 showed [5d Ac] and lost with a pair of Fives
Seat 2: Ape2Angel folded before Flop (didn't bet)
Seat 3: Sparky1337s (button) folded before Flop (didn't bet)
Seat 4: BigSpenderrrr (small blind) folded before Flop
Seat 5: Agneobr (big blind) folded before Flop
Seat 6: lirabjj folded before Flop
Seat 7: Dorex2007 folded before Flop
Seat 8: Hat_SPb showed [Qh Qd] and won ($0.69) with a pair of Queens
Seat 9: brunotga folded before Flop (didn't bet)



PokerStars Hand #232585505692:  Hold'em No Limit ($0.01/$0.02 USD) - 2021/12/27 15:39:38 PT [2021/12/27 18:39:38 ET]
Table 'Tisiphone III' 9-max Seat #4 is the button
Seat 2: Ape2Angel ($2.37 in chips) 
Seat 3: Sparky1337s ($2 in chips) 
Seat 4: BigSpenderrrr ($1.97 in chips) 
Seat 5: Agneobr ($1.83 in chips) 
Seat 6: lirabjj ($0.88 in chips) 
Seat 7: Dorex2007 ($3.33 in chips) 
Seat 8: Hat_SPb ($1.87 in chips) 
Seat 9: brunotga ($1.98 in chips) 
Agneobr: posts small blind $0.01
lirabjj: posts big blind $0.02
*** HOLE CARDS ***
Dealt to Dorex2007 [Th Qh]
Dorex2007: folds 
Hat_SPb: folds 
brunotga: folds 
Ape2Angel: folds 
Sparky1337s: folds 
BigSpenderrrr: folds 
Agneobr: folds 
Uncalled bet ($0.01) returned to lirabjj
lirabjj collected $0.02 from pot
lirabjj: doesn't show hand 
*** SUMMARY ***
Total pot $0.02 | Rake $0 
Seat 2: Ape2Angel folded before Flop (didn't bet)
Seat 3: Sparky1337s folded before Flop (didn't bet)
Seat 4: BigSpenderrrr (button) folded before Flop (didn't bet)
Seat 5: Agneobr (small blind) folded before Flop
Seat 6: lirabjj (big blind) collected ($0.02)
Seat 7: Dorex2007 folded before Flop (didn't bet)
Seat 8: Hat_SPb folded before Flop (didn't bet)
Seat 9: brunotga folded before Flop (didn't bet)



PokerStars Hand #232585513052:  Hold'em No Limit ($0.01/$0.02 USD) - 2021/12/27 15:39:54 PT [2021/12/27 18:39:54 ET]
Table 'Tisiphone III' 9-max Seat #5 is the button
Seat 1: ViVaa165 ($0.80 in chips) 
Seat 2: Ape2Angel ($2.37 in chips) 
Seat 3: Sparky1337s ($2 in chips) 
Seat 4: BigSpenderrrr ($1.97 in chips) 
Seat 5: Agneobr ($1.82 in chips) 
Seat 6: lirabjj ($0.89 in chips) 
Seat 7: Dorex2007 ($3.33 in chips) 
Seat 8: Hat_SPb ($1.87 in chips) 
Seat 9: brunotga ($1.98 in chips) 
lirabjj: posts small blind $0.01
Dorex2007: posts big blind $0.02
*** HOLE CARDS ***
Dealt to Dorex2007 [Jc Qd]
Hat_SPb: folds 
brunotga: folds 
Hat_SPb leaves the table
ViVaa165: folds 
Ape2Angel: raises $0.03 to $0.05
Sparky1337s: folds 
BigSpenderrrr: folds 
Agneobr: folds 
lirabjj: calls $0.04
Dorex2007: folds 
*** FLOP *** [Qc 8h 5d]
lirabjj: checks 
Ape2Angel: bets $0.06
lirabjj: calls $0.06
*** TURN *** [Qc 8h 5d] [3h]
lirabjj: checks 
Ape2Angel: bets $0.12
LEXATT34 joins the table at seat #8 
lirabjj: folds 
Uncalled bet ($0.12) returned to Ape2Angel
Ape2Angel collected $0.23 from pot
Ape2Angel: doesn't show hand 
*** SUMMARY ***
Total pot $0.24 | Rake $0.01 
Board [Qc 8h 5d 3h]
Seat 1: ViVaa165 folded before Flop (didn't bet)
Seat 2: Ape2Angel collected ($0.23)
Seat 3: Sparky1337s folded before Flop (didn't bet)
Seat 4: BigSpenderrrr folded before Flop (didn't bet)
Seat 5: Agneobr (button) folded before Flop (didn't bet)
Seat 6: lirabjj (small blind) folded on the Turn
Seat 7: Dorex2007 (big blind) folded before Flop
Seat 8: Hat_SPb folded before Flop (didn't bet)
Seat 9: brunotga folded before Flop (didn't bet)



PokerStars Hand #232585532692:  Hold'em No Limit ($0.01/$0.02 USD) - 2021/12/27 15:40:35 PT [2021/12/27 18:40:35 ET]
Table 'Tisiphone III' 9-max Seat #6 is the button
Seat 1: ViVaa165 ($0.80 in chips) 
Seat 2: Ape2Angel ($2.49 in chips) 
Seat 3: Sparky1337s ($2 in chips) 
Seat 4: BigSpenderrrr ($1.97 in chips) 
Seat 5: Agneobr ($1.82 in chips) 
Seat 6: lirabjj ($0.78 in chips) 
Seat 7: Dorex2007 ($3.31 in chips) 
Seat 8: LEXATT34 ($2 in chips) 
Seat 9: brunotga ($1.98 in chips) 
Dorex2007: posts small blind $0.01
LEXATT34: posts big blind $0.02
*** HOLE CARDS ***
Dealt to Dorex2007 [6c Ad]
brunotga: calls $0.02
ViVaa165: calls $0.02
Ape2Angel: folds 
Sparky1337s: folds 
BigSpenderrrr: folds 
Agneobr: folds 
lirabjj: calls $0.02
Dorex2007: folds 
LEXATT34: checks 
*** FLOP *** [7c 7d Kh]
LEXATT34: checks 
brunotga: checks 
ViVaa165: checks 
lirabjj: checks 
*** TURN *** [7c 7d Kh] [Ks]
LEXATT34: checks 
brunotga: bets $0.02
ViVaa165: calls $0.02
lirabjj: calls $0.02
LEXATT34: folds 
*** RIVER *** [7c 7d Kh Ks] [4d]
brunotga: checks 
ViVaa165: checks 
lirabjj: checks 
*** SHOW DOWN ***
brunotga: shows [5h Ac] (two pair, Kings and Sevens)
ViVaa165: shows [4c Ah] (two pair, Kings and Sevens)
lirabjj: mucks hand 
brunotga collected $0.07 from pot
ViVaa165 collected $0.07 from pot
*** SUMMARY ***
Total pot $0.15 | Rake $0.01 
Board [7c 7d Kh Ks 4d]
Seat 1: ViVaa165 showed [4c Ah] and won ($0.07) with two pair, Kings and Sevens
Seat 2: Ape2Angel folded before Flop (didn't bet)
Seat 3: Sparky1337s folded before Flop (didn't bet)
Seat 4: BigSpenderrrr folded before Flop (didn't bet)
Seat 5: Agneobr folded before Flop (didn't bet)
Seat 6: lirabjj (button) mucked [6s Js]
Seat 7: Dorex2007 (small blind) folded before Flop
Seat 8: LEXATT34 (big blind) folded on the Turn
Seat 9: brunotga showed [5h Ac] and won ($0.07) with two pair, Kings and Sevens



PokerStars Hand #232585569836:  Hold'em No Limit ($0.01/$0.02 USD) - 2021/12/27 15:41:52 PT [2021/12/27 18:41:52 ET]
Table 'Tisiphone III' 9-max Seat #7 is the button
Seat 1: ViVaa165 ($0.83 in chips) 
Seat 2: Ape2Angel ($2.49 in chips) 
Seat 3: Sparky1337s ($2 in chips) 
Seat 4: BigSpenderrrr ($1.97 in chips) 
Seat 5: Agneobr ($1.82 in chips) 
Seat 6: lirabjj ($0.74 in chips) 
Seat 7: Dorex2007 ($3.30 in chips) 
Seat 8: LEXATT34 ($2 in chips) 
Seat 9: brunotga ($2.01 in chips) 
LEXATT34: posts small blind $0.01
brunotga: posts big blind $0.02
*** HOLE CARDS ***
Dealt to Dorex2007 [7s 6d]
ViVaa165: calls $0.02
Ape2Angel: raises $0.03 to $0.05
Sparky1337s: folds 
BigSpenderrrr: folds 
Agneobr: folds 
lirabjj: calls $0.05
Dorex2007: folds 
LEXATT34: folds 
brunotga: folds 
ViVaa165: calls $0.03
*** FLOP *** [2d 2s 3h]
ViVaa165: checks 
Ape2Angel: bets $0.09
lirabjj: calls $0.09
ViVaa165: folds 
*** TURN *** [2d 2s 3h] [5d]
Ape2Angel: bets $0.12
lirabjj: folds 
Uncalled bet ($0.12) returned to Ape2Angel
Ape2Angel collected $0.35 from pot
Ape2Angel: doesn't show hand 
*** SUMMARY ***
Total pot $0.36 | Rake $0.01 
Board [2d 2s 3h 5d]
Seat 1: ViVaa165 folded on the Flop
Seat 2: Ape2Angel collected ($0.35)
Seat 3: Sparky1337s folded before Flop (didn't bet)
Seat 4: BigSpenderrrr folded before Flop (didn't bet)
Seat 5: Agneobr folded before Flop (didn't bet)
Seat 6: lirabjj folded on the Turn
Seat 7: Dorex2007 (button) folded before Flop (didn't bet)
Seat 8: LEXATT34 (small blind) folded before Flop
Seat 9: brunotga (big blind) folded before Flop



PokerStars Hand #232585595360:  Hold'em No Limit ($0.01/$0.02 USD) - 2021/12/27 15:42:46 PT [2021/12/27 18:42:46 ET]
Table 'Tisiphone III' 9-max Seat #8 is the button
Seat 1: ViVaa165 ($0.78 in chips) 
Seat 2: Ape2Angel ($2.70 in chips) 
Seat 3: Sparky1337s ($2 in chips) 
Seat 4: BigSpenderrrr ($1.97 in chips) 
Seat 5: Agneobr ($1.82 in chips) 
Seat 6: lirabjj ($0.60 in chips) 
Seat 7: Dorex2007 ($3.30 in chips) 
Seat 8: LEXATT34 ($2 in chips) 
Seat 9: brunotga ($1.99 in chips) 
brunotga: posts small blind $0.01
ViVaa165: posts big blind $0.02
*** HOLE CARDS ***
Dealt to Dorex2007 [Kc 3c]
Ape2Angel: folds 
Sparky1337s: raises $0.04 to $0.06
BigSpenderrrr: folds 
Agneobr: folds 
lirabjj: folds 
Dorex2007: folds 
LEXATT34: folds 
brunotga: folds 
ViVaa165: calls $0.04
*** FLOP *** [Jd 9d Jc]
ViVaa165: checks 
Sparky1337s: bets $0.08
ViVaa165: folds 
Uncalled bet ($0.08) returned to Sparky1337s
Sparky1337s collected $0.13 from pot
Sparky1337s: doesn't show hand 
*** SUMMARY ***
Total pot $0.13 | Rake $0 
Board [Jd 9d Jc]
Seat 1: ViVaa165 (big blind) folded on the Flop
Seat 2: Ape2Angel folded before Flop (didn't bet)
Seat 3: Sparky1337s collected ($0.13)
Seat 4: BigSpenderrrr folded before Flop (didn't bet)
Seat 5: Agneobr folded before Flop (didn't bet)
Seat 6: lirabjj folded before Flop (didn't bet)
Seat 7: Dorex2007 folded before Flop (didn't bet)
Seat 8: LEXATT34 (button) folded before Flop (didn't bet)
Seat 9: brunotga (small blind) folded before Flop



PokerStars Hand #232585614004:  Hold'em No Limit ($0.01/$0.02 USD) - 2021/12/27 15:43:26 PT [2021/12/27 18:43:26 ET]
Table 'Tisiphone III' 9-max Seat #9 is the button
Seat 1: ViVaa165 ($0.72 in chips) 
Seat 2: Ape2Angel ($2.70 in chips) 
Seat 3: Sparky1337s ($2.07 in chips) 
Seat 4: BigSpenderrrr ($1.97 in chips) 
Seat 5: Agneobr ($1.82 in chips) 
Seat 6: lirabjj ($0.60 in chips) 
Seat 7: Dorex2007 ($3.30 in chips) 
Seat 8: LEXATT34 ($2 in chips) 
Seat 9: brunotga ($1.98 in chips) 
ViVaa165: posts small blind $0.01
Ape2Angel: posts big blind $0.02
*** HOLE CARDS ***
Dealt to Dorex2007 [Ac 7s]
Sparky1337s: folds 
BigSpenderrrr: folds 
Agneobr: folds 
lirabjj: calls $0.02
Dorex2007: folds 
LEXATT34: folds 
brunotga: folds 
ViVaa165: calls $0.01
Ape2Angel: checks 
*** FLOP *** [Jh Jd 9h]
ViVaa165: checks 
Ape2Angel: checks 
lirabjj: checks 
*** TURN *** [Jh Jd 9h] [Qh]
ViVaa165: checks 
Ape2Angel: bets $0.02
lirabjj: folds 
ViVaa165: calls $0.02
*** RIVER *** [Jh Jd 9h Qh] [2c]
ViVaa165: checks 
Ape2Angel: bets $0.05
ViVaa165: calls $0.05
*** SHOW DOWN ***
Ape2Angel: shows [8c 5h] (a pair of Jacks)
ViVaa165: shows [6s Qc] (two pair, Queens and Jacks)
ViVaa165 collected $0.19 from pot
*** SUMMARY ***
Total pot $0.20 | Rake $0.01 
Board [Jh Jd 9h Qh 2c]
Seat 1: ViVaa165 (small blind) showed [6s Qc] and won ($0.19) with two pair, Queens and Jacks
Seat 2: Ape2Angel (big blind) showed [8c 5h] and lost with a pair of Jacks
Seat 3: Sparky1337s folded before Flop (didn't bet)
Seat 4: BigSpenderrrr folded before Flop (didn't bet)
Seat 5: Agneobr folded before Flop (didn't bet)
Seat 6: lirabjj folded on the Turn
Seat 7: Dorex2007 folded before Flop (didn't bet)
Seat 8: LEXATT34 folded before Flop (didn't bet)
Seat 9: brunotga (button) folded before Flop (didn't bet)



PokerStars Hand #232585638130:  Hold'em No Limit ($0.01/$0.02 USD) - 2021/12/27 15:44:17 PT [2021/12/27 18:44:17 ET]
Table 'Tisiphone III' 9-max Seat #1 is the button
Seat 1: ViVaa165 ($0.82 in chips) 
Seat 2: Ape2Angel ($2.61 in chips) 
Seat 3: Sparky1337s ($2.07 in chips) 
Seat 4: BigSpenderrrr ($1.97 in chips) 
Seat 5: Agneobr ($1.82 in chips) 
Seat 6: lirabjj ($0.58 in chips) 
Seat 7: Dorex2007 ($3.30 in chips) 
Seat 8: LEXATT34 ($2 in chips) 
Seat 9: brunotga ($1.98 in chips) 
Ape2Angel: posts small blind $0.01
Sparky1337s: posts big blind $0.02
*** HOLE CARDS ***
Dealt to Dorex2007 [Kh 8s]
BigSpenderrrr: folds 
Agneobr: folds 
lirabjj: folds 
Dorex2007: folds 
LEXATT34: raises $0.04 to $0.06
brunotga: folds 
ViVaa165: calls $0.06
Ape2Angel: folds 
Sparky1337s: folds 
*** FLOP *** [Js 8c As]
LEXATT34: bets $0.09
ViVaa165: folds 
Uncalled bet ($0.09) returned to LEXATT34
LEXATT34 collected $0.14 from pot
LEXATT34: doesn't show hand 
*** SUMMARY ***
Total pot $0.15 | Rake $0.01 
Board [Js 8c As]
Seat 1: ViVaa165 (button) folded on the Flop
Seat 2: Ape2Angel (small blind) folded before Flop
Seat 3: Sparky1337s (big blind) folded before Flop
Seat 4: BigSpenderrrr folded before Flop (didn't bet)
Seat 5: Agneobr folded before Flop (didn't bet)
Seat 6: lirabjj folded before Flop (didn't bet)
Seat 7: Dorex2007 folded before Flop (didn't bet)
Seat 8: LEXATT34 collected ($0.14)
Seat 9: brunotga folded before Flop (didn't bet)



PokerStars Hand #232585666382:  Hold'em No Limit ($0.01/$0.02 USD) - 2021/12/27 15:44:59 PT [2021/12/27 18:44:59 ET]
Table 'Tisiphone III' 9-max Seat #2 is the button
Seat 1: ViVaa165 ($0.76 in chips) 
Seat 2: Ape2Angel ($2.60 in chips) 
Seat 3: Sparky1337s ($2.05 in chips) 
Seat 4: BigSpenderrrr ($1.97 in chips) 
Seat 5: Agneobr ($1.82 in chips) 
Seat 6: lirabjj ($0.58 in chips) 
Seat 7: Dorex2007 ($3.30 in chips) 
Seat 8: LEXATT34 ($2.08 in chips) 
Seat 9: brunotga ($1.98 in chips) 
Sparky1337s: posts small blind $0.01
BigSpenderrrr: posts big blind $0.02
*** HOLE CARDS ***
Dealt to Dorex2007 [Ac Kh]
Agneobr: folds 
lirabjj: folds 
Dorex2007: raises $0.04 to $0.06
LEXATT34: folds 
brunotga: folds 
ViVaa165: calls $0.06
Ape2Angel: folds 
Sparky1337s: folds 
BigSpenderrrr: folds 
*** FLOP *** [Kc Ks 5c]
Dorex2007: bets $0.14
ViVaa165: calls $0.14
*** TURN *** [Kc Ks 5c] [9d]
Dorex2007: bets $0.21
ViVaa165: folds 
Uncalled bet ($0.21) returned to Dorex2007
Dorex2007 collected $0.41 from pot
Dorex2007: doesn't show hand 
*** SUMMARY ***
Total pot $0.43 | Rake $0.02 
Board [Kc Ks 5c 9d]
Seat 1: ViVaa165 folded on the Turn
Seat 2: Ape2Angel (button) folded before Flop (didn't bet)
Seat 3: Sparky1337s (small blind) folded before Flop
Seat 4: BigSpenderrrr (big blind) folded before Flop
Seat 5: Agneobr folded before Flop (didn't bet)
Seat 6: lirabjj folded before Flop (didn't bet)
Seat 7: Dorex2007 collected ($0.41)
Seat 8: LEXATT34 folded before Flop (didn't bet)
Seat 9: brunotga folded before Flop (didn't bet)



PokerStars Hand #232585688322:  Hold'em No Limit ($0.01/$0.02 USD) - 2021/12/27 15:45:46 PT [2021/12/27 18:45:46 ET]
Table 'Tisiphone III' 9-max Seat #3 is the button
Seat 1: ViVaa165 ($0.56 in chips) 
Seat 2: Ape2Angel ($2.60 in chips) 
Seat 3: Sparky1337s ($2.04 in chips) 
Seat 4: BigSpenderrrr ($1.95 in chips) 
Seat 5: Agneobr ($1.82 in chips) 
Seat 6: lirabjj ($0.58 in chips) 
Seat 7: Dorex2007 ($3.51 in chips) 
Seat 8: LEXATT34 ($2.08 in chips) 
Seat 9: brunotga ($1.98 in chips) 
BigSpenderrrr: posts small blind $0.01
Agneobr: posts big blind $0.02
*** HOLE CARDS ***
Dealt to Dorex2007 [9s 4d]
lirabjj: folds 
Dorex2007: folds 
LEXATT34: folds 
brunotga: calls $0.02
ViVaa165: folds 
Ape2Angel: folds 
Sparky1337s: folds 
BigSpenderrrr: calls $0.01
Agneobr: checks 
*** FLOP *** [5c 6d As]
BigSpenderrrr: checks 
Agneobr: checks 
brunotga: checks 
*** TURN *** [5c 6d As] [8d]
BigSpenderrrr: bets $0.06
Agneobr: folds 
brunotga: folds 
Uncalled bet ($0.06) returned to BigSpenderrrr
BigSpenderrrr collected $0.06 from pot
BigSpenderrrr: doesn't show hand 
*** SUMMARY ***
Total pot $0.06 | Rake $0 
Board [5c 6d As 8d]
Seat 1: ViVaa165 folded before Flop (didn't bet)
Seat 2: Ape2Angel folded before Flop (didn't bet)
Seat 3: Sparky1337s (button) folded before Flop (didn't bet)
Seat 4: BigSpenderrrr (small blind) collected ($0.06)
Seat 5: Agneobr (big blind) folded on the Turn
Seat 6: lirabjj folded before Flop (didn't bet)
Seat 7: Dorex2007 folded before Flop (didn't bet)
Seat 8: LEXATT34 folded before Flop (didn't bet)
Seat 9: brunotga folded on the Turn



PokerStars Hand #232585718306:  Hold'em No Limit ($0.01/$0.02 USD) - 2021/12/27 15:46:51 PT [2021/12/27 18:46:51 ET]
Table 'Tisiphone III' 9-max Seat #4 is the button
Seat 1: ViVaa165 ($0.56 in chips) 
Seat 2: Ape2Angel ($2.60 in chips) 
Seat 3: Sparky1337s ($2.04 in chips) 
Seat 4: BigSpenderrrr ($1.99 in chips) 
Seat 5: Agneobr ($1.80 in chips) 
Seat 6: lirabjj ($0.58 in chips) 
Seat 7: Dorex2007 ($3.51 in chips) 
Seat 8: LEXATT34 ($2.08 in chips) 
Seat 9: brunotga ($1.96 in chips) 
Agneobr: posts small blind $0.01
lirabjj: posts big blind $0.02
*** HOLE CARDS ***
Dealt to Dorex2007 [6h 5c]
Dorex2007: folds 
LEXATT34: folds 
brunotga: folds 
ViVaa165: calls $0.02
Ape2Angel: raises $0.03 to $0.05
Sparky1337s: calls $0.05
BigSpenderrrr: folds 
Agneobr: folds 
lirabjj: folds 
ViVaa165: calls $0.03
*** FLOP *** [5s 5h Qc]
ViVaa165: checks 
Ape2Angel: bets $0.06
Sparky1337s: folds 
ViVaa165: folds 
Uncalled bet ($0.06) returned to Ape2Angel
Ape2Angel collected $0.17 from pot
Ape2Angel: doesn't show hand 
*** SUMMARY ***
Total pot $0.18 | Rake $0.01 
Board [5s 5h Qc]
Seat 1: ViVaa165 folded on the Flop
Seat 2: Ape2Angel collected ($0.17)
Seat 3: Sparky1337s folded on the Flop
Seat 4: BigSpenderrrr (button) folded before Flop (didn't bet)
Seat 5: Agneobr (small blind) folded before Flop
Seat 6: lirabjj (big blind) folded before Flop
Seat 7: Dorex2007 folded before Flop (didn't bet)
Seat 8: LEXATT34 folded before Flop (didn't bet)
Seat 9: brunotga folded before Flop (didn't bet)



PokerStars Hand #232585741000:  Hold'em No Limit ($0.01/$0.02 USD) - 2021/12/27 15:47:40 PT [2021/12/27 18:47:40 ET]
Table 'Tisiphone III' 9-max Seat #5 is the button
Seat 1: ViVaa165 ($0.51 in chips) 
Seat 2: Ape2Angel ($2.72 in chips) 
Seat 3: Sparky1337s ($1.99 in chips) 
Seat 4: BigSpenderrrr ($1.99 in chips) 
Seat 5: Agneobr ($1.79 in chips) 
Seat 6: lirabjj ($0.56 in chips) 
Seat 7: Dorex2007 ($3.51 in chips) 
Seat 8: LEXATT34 ($2.08 in chips) 
Seat 9: brunotga ($1.96 in chips) 
lirabjj: posts small blind $0.01
Dorex2007: posts big blind $0.02
*** HOLE CARDS ***
Dealt to Dorex2007 [5h Tc]
LEXATT34: folds 
brunotga: calls $0.02
ViVaa165: calls $0.02
Ape2Angel: folds 
Sparky1337s: folds 
BigSpenderrrr: folds 
Agneobr: folds 
lirabjj: calls $0.01
Dorex2007: checks 
*** FLOP *** [6s 4c 5c]
lirabjj: checks 
Dorex2007: checks 
brunotga: checks 
ViVaa165: checks 
*** TURN *** [6s 4c 5c] [Jc]
lirabjj: bets $0.08
Dorex2007: folds 
brunotga: calls $0.08
ViVaa165: calls $0.08
*** RIVER *** [6s 4c 5c Jc] [Qh]
lirabjj: checks 
brunotga: checks 
ViVaa165: checks 
*** SHOW DOWN ***
lirabjj: shows [Qd Jh] (two pair, Queens and Jacks)
brunotga: mucks hand 
ViVaa165: mucks hand 
lirabjj collected $0.31 from pot
*** SUMMARY ***
Total pot $0.32 | Rake $0.01 
Board [6s 4c 5c Jc Qh]
Seat 1: ViVaa165 mucked [8s 5s]
Seat 2: Ape2Angel folded before Flop (didn't bet)
Seat 3: Sparky1337s folded before Flop (didn't bet)
Seat 4: BigSpenderrrr folded before Flop (didn't bet)
Seat 5: Agneobr (button) folded before Flop (didn't bet)
Seat 6: lirabjj (small blind) showed [Qd Jh] and won ($0.31) with two pair, Queens and Jacks
Seat 7: Dorex2007 (big blind) folded on the Turn
Seat 8: LEXATT34 folded before Flop (didn't bet)
Seat 9: brunotga mucked [Ah 8c]



PokerStars Hand #232585777592:  Hold'em No Limit ($0.01/$0.02 USD) - 2021/12/27 15:48:59 PT [2021/12/27 18:48:59 ET]
Table 'Tisiphone III' 9-max Seat #6 is the button
Seat 1: ViVaa165 ($0.41 in chips) 
Seat 2: Ape2Angel ($2.72 in chips) 
Seat 3: Sparky1337s ($1.99 in chips) 
Seat 4: BigSpenderrrr ($1.99 in chips) 
Seat 5: Agneobr ($1.79 in chips) 
Seat 6: lirabjj ($0.77 in chips) 
Seat 7: Dorex2007 ($3.49 in chips) 
Seat 8: LEXATT34 ($2.08 in chips) 
Seat 9: brunotga ($1.86 in chips) 
Dorex2007: posts small blind $0.01
LEXATT34: posts big blind $0.02
*** HOLE CARDS ***
Dealt to Dorex2007 [Kh 6d]
brunotga: folds 
ViVaa165: calls $0.02
Ape2Angel: folds 
Sparky1337s: folds 
BigSpenderrrr: folds 
Agneobr: raises $0.07 to $0.09
lirabjj: folds 
Dorex2007: folds 
LEXATT34: folds 
ViVaa165: calls $0.07
*** FLOP *** [Td Jc 2s]
ViVaa165: checks 
Agneobr: bets $0.20
ViVaa165: folds 
Uncalled bet ($0.20) returned to Agneobr
Agneobr collected $0.20 from pot
Agneobr: doesn't show hand 
*** SUMMARY ***
Total pot $0.21 | Rake $0.01 
Board [Td Jc 2s]
Seat 1: ViVaa165 folded on the Flop
Seat 2: Ape2Angel folded before Flop (didn't bet)
Seat 3: Sparky1337s folded before Flop (didn't bet)
Seat 4: BigSpenderrrr folded before Flop (didn't bet)
Seat 5: Agneobr collected ($0.20)
Seat 6: lirabjj (button) folded before Flop (didn't bet)
Seat 7: Dorex2007 (small blind) folded before Flop
Seat 8: LEXATT34 (big blind) folded before Flop
Seat 9: brunotga folded before Flop (didn't bet)



PokerStars Hand #232585802957:  Hold'em No Limit ($0.01/$0.02 USD) - 2021/12/27 15:49:54 PT [2021/12/27 18:49:54 ET]
Table 'Tisiphone III' 9-max Seat #7 is the button
Seat 1: ViVaa165 ($0.32 in chips) 
Seat 2: Ape2Angel ($2.72 in chips) 
Seat 3: Sparky1337s ($1.99 in chips) 
Seat 4: BigSpenderrrr ($1.99 in chips) 
Seat 5: Agneobr ($1.90 in chips) 
Seat 6: lirabjj ($0.77 in chips) 
Seat 7: Dorex2007 ($3.48 in chips) 
Seat 8: LEXATT34 ($2.06 in chips) 
Seat 9: brunotga ($1.86 in chips) 
LEXATT34: posts small blind $0.01
brunotga: posts big blind $0.02
*** HOLE CARDS ***
Dealt to Dorex2007 [Qs 2h]
ViVaa165: calls $0.02
Ape2Angel: folds 
Sparky1337s: folds 
BigSpenderrrr: calls $0.02
Agneobr: folds 
lirabjj: folds 
Dorex2007: folds 
LEXATT34: folds 
brunotga: checks 
*** FLOP *** [4h Ks Th]
brunotga: checks 
ViVaa165: checks 
BigSpenderrrr: bets $0.07
brunotga: folds 
ViVaa165: folds 
Uncalled bet ($0.07) returned to BigSpenderrrr
BigSpenderrrr collected $0.07 from pot
BigSpenderrrr: doesn't show hand 
*** SUMMARY ***
Total pot $0.07 | Rake $0 
Board [4h Ks Th]
Seat 1: ViVaa165 folded on the Flop
Seat 2: Ape2Angel folded before Flop (didn't bet)
Seat 3: Sparky1337s folded before Flop (didn't bet)
Seat 4: BigSpenderrrr collected ($0.07)
Seat 5: Agneobr folded before Flop (didn't bet)
Seat 6: lirabjj folded before Flop (didn't bet)
Seat 7: Dorex2007 (button) folded before Flop (didn't bet)
Seat 8: LEXATT34 (small blind) folded before Flop
Seat 9: brunotga (big blind) folded on the Flop



PokerStars Hand #232585826982:  Hold'em No Limit ($0.01/$0.02 USD) - 2021/12/27 15:50:47 PT [2021/12/27 18:50:47 ET]
Table 'Tisiphone III' 9-max Seat #8 is the button
Seat 1: ViVaa165 ($0.30 in chips) 
Seat 2: Ape2Angel ($2.72 in chips) 
Seat 3: Sparky1337s ($1.99 in chips) 
Seat 4: BigSpenderrrr ($2.04 in chips) 
Seat 5: Agneobr ($1.90 in chips) 
Seat 6: lirabjj ($0.77 in chips) 
Seat 7: Dorex2007 ($3.48 in chips) 
Seat 8: LEXATT34 ($2.05 in chips) 
Seat 9: brunotga ($1.84 in chips) 
brunotga: posts small blind $0.01
ViVaa165: posts big blind $0.02
*** HOLE CARDS ***
Dealt to Dorex2007 [Ts Ks]
Ape2Angel: folds 
Sparky1337s: folds 
BigSpenderrrr: folds 
Agneobr: folds 
lirabjj: raises $0.04 to $0.06
Dorex2007: folds 
LEXATT34: folds 
brunotga: folds 
ViVaa165: calls $0.04
*** FLOP *** [7s Kd 9d]
ViVaa165: checks 
lirabjj: bets $0.07
ViVaa165: calls $0.07
*** TURN *** [7s Kd 9d] [9h]
ViVaa165: checks 
lirabjj: checks 
*** RIVER *** [7s Kd 9d 9h] [3c]
ViVaa165: checks 
lirabjj: checks 
*** SHOW DOWN ***
ViVaa165: shows [4c 5h] (a pair of Nines)
lirabjj: shows [Ah Qc] (a pair of Nines - Ace kicker)
lirabjj collected $0.26 from pot
*** SUMMARY ***
Total pot $0.27 | Rake $0.01 
Board [7s Kd 9d 9h 3c]
Seat 1: ViVaa165 (big blind) showed [4c 5h] and lost with a pair of Nines
Seat 2: Ape2Angel folded before Flop (didn't bet)
Seat 3: Sparky1337s folded before Flop (didn't bet)
Seat 4: BigSpenderrrr folded before Flop (didn't bet)
Seat 5: Agneobr folded before Flop (didn't bet)
Seat 6: lirabjj showed [Ah Qc] and won ($0.26) with a pair of Nines
Seat 7: Dorex2007 folded before Flop (didn't bet)
Seat 8: LEXATT34 (button) folded before Flop (didn't bet)
Seat 9: brunotga (small blind) folded before Flop



PokerStars Hand #232585853438:  Hold'em No Limit ($0.01/$0.02 USD) - 2021/12/27 15:51:46 PT [2021/12/27 18:51:46 ET]
Table 'Tisiphone III' 9-max Seat #9 is the button
Seat 1: ViVaa165 ($0.17 in chips) 
Seat 2: Ape2Angel ($2.72 in chips) 
Seat 3: Sparky1337s ($1.99 in chips) 
Seat 4: BigSpenderrrr ($2.04 in chips) 
Seat 5: Agneobr ($1.90 in chips) 
Seat 6: lirabjj ($0.90 in chips) 
Seat 7: Dorex2007 ($3.48 in chips) 
Seat 8: LEXATT34 ($2.05 in chips) 
Seat 9: brunotga ($1.83 in chips) 
ViVaa165: posts small blind $0.01
Ape2Angel: posts big blind $0.02
*** HOLE CARDS ***
Dealt to Dorex2007 [Th 5s]
Sparky1337s: folds 
BigSpenderrrr: folds 
Agneobr: folds 
lirabjj: raises $0.04 to $0.06
Dorex2007: folds 
LEXATT34: raises $0.12 to $0.18
brunotga: folds 
ViVaa165: calls $0.16 and is all-in
Ape2Angel: folds 
lirabjj: calls $0.12
*** FLOP *** [3h 4c 6s]
lirabjj: checks 
LEXATT34: checks 
*** TURN *** [3h 4c 6s] [9c]
lirabjj: bets $0.72 and is all-in
LEXATT34: folds 
Uncalled bet ($0.72) returned to lirabjj
*** RIVER *** [3h 4c 6s 9c] [7c]
*** SHOW DOWN ***
lirabjj: shows [Tc Jc] (a flush, Jack high)
lirabjj collected $0.02 from side pot
ViVaa165: shows [6d Ah] (a pair of Sixes)
lirabjj collected $0.51 from main pot
*** SUMMARY ***
Total pot $0.55 Main pot $0.51. Side pot $0.02. | Rake $0.02 
Board [3h 4c 6s 9c 7c]
Seat 1: ViVaa165 (small blind) showed [6d Ah] and lost with a pair of Sixes
Seat 2: Ape2Angel (big blind) folded before Flop
Seat 3: Sparky1337s folded before Flop (didn't bet)
Seat 4: BigSpenderrrr folded before Flop (didn't bet)
Seat 5: Agneobr folded before Flop (didn't bet)
Seat 6: lirabjj showed [Tc Jc] and won ($0.53) with a flush, Jack high
Seat 7: Dorex2007 folded before Flop (didn't bet)
Seat 8: LEXATT34 folded on the Turn
Seat 9: brunotga (button) folded before Flop (didn't bet)



PokerStars Hand #232585884352:  Hold'em No Limit ($0.01/$0.02 USD) - 2021/12/27 15:52:54 PT [2021/12/27 18:52:54 ET]
Table 'Tisiphone III' 9-max Seat #2 is the button
Seat 2: Ape2Angel ($2.70 in chips) 
Seat 3: Sparky1337s ($1.99 in chips) 
Seat 4: BigSpenderrrr ($2.04 in chips) 
Seat 5: Agneobr ($1.90 in chips) 
Seat 6: lirabjj ($1.25 in chips) 
Seat 7: Dorex2007 ($3.48 in chips) 
Seat 8: LEXATT34 ($2 in chips) 
Seat 9: brunotga ($1.83 in chips) 
Sparky1337s: posts small blind $0.01
BigSpenderrrr: posts big blind $0.02
*** HOLE CARDS ***
Dealt to Dorex2007 [5h 6d]
Agneobr: folds 
lirabjj: folds 
ViVaa165 leaves the table
Dorex2007 has timed out
Dorex2007: folds 
LEXATT34: folds 
brunotga: folds 
Ape2Angel: folds 
Sparky1337s: folds 
Uncalled bet ($0.01) returned to BigSpenderrrr
BigSpenderrrr collected $0.02 from pot
BigSpenderrrr: doesn't show hand 
*** SUMMARY ***
Total pot $0.02 | Rake $0 
Seat 2: Ape2Angel (button) folded before Flop (didn't bet)
Seat 3: Sparky1337s (small blind) folded before Flop
Seat 4: BigSpenderrrr (big blind) collected ($0.02)
Seat 5: Agneobr folded before Flop (didn't bet)
Seat 6: lirabjj folded before Flop (didn't bet)
Seat 7: Dorex2007 folded before Flop (didn't bet)
Seat 8: LEXATT34 folded before Flop (didn't bet)
Seat 9: brunotga folded before Flop (didn't bet)



PokerStars Hand #232585922966:  Hold'em No Limit ($0.01/$0.02 USD) - 2021/12/27 15:54:21 PT [2021/12/27 18:54:21 ET]
Table 'Tisiphone III' 9-max Seat #4 is the button
Seat 2: Ape2Angel ($3.89 in chips) 
Seat 3: Sparky1337s ($1.98 in chips) 
Seat 4: BigSpenderrrr ($2.04 in chips) 
Seat 5: Agneobr ($1.88 in chips) 
Seat 7: Dorex2007 ($3.48 in chips) 
Seat 8: LEXATT34 ($2 in chips) 
Seat 9: brunotga ($1.83 in chips) 
Agneobr: posts small blind $0.01
Dorex2007: posts big blind $0.02
*** HOLE CARDS ***
Dealt to Dorex2007 [Td 4d]
LEXATT34: folds 
lirabjj leaves the table
brunotga: calls $0.02
Ape2Angel: calls $0.02
Sparky1337s: folds 
BigSpenderrrr: folds 
Agneobr: folds 
Dorex2007: checks 
*** FLOP *** [Jh Qs 9h]
Dorex2007: checks 
brunotga: bets $0.02
Ape2Angel: calls $0.02
Dorex2007: folds 
*** TURN *** [Jh Qs 9h] [7d]
brunotga: checks 
Ape2Angel: checks 
*** RIVER *** [Jh Qs 9h 7d] [9c]
brunotga: checks 
Ape2Angel: checks 
*** SHOW DOWN ***
brunotga: shows [Jd Th] (two pair, Jacks and Nines)
Ape2Angel: mucks hand 
brunotga collected $0.11 from pot
*** SUMMARY ***
Total pot $0.11 | Rake $0 
Board [Jh Qs 9h 7d 9c]
Seat 2: Ape2Angel mucked [As 5s]
Seat 3: Sparky1337s folded before Flop (didn't bet)
Seat 4: BigSpenderrrr (button) folded before Flop (didn't bet)
Seat 5: Agneobr (small blind) folded before Flop
Seat 7: Dorex2007 (big blind) folded on the Flop
Seat 8: LEXATT34 folded before Flop (didn't bet)
Seat 9: brunotga showed [Jd Th] and won ($0.11) with two pair, Jacks and Nines



PokerStars Hand #232585953883:  Hold'em No Limit ($0.01/$0.02 USD) - 2021/12/27 15:55:36 PT [2021/12/27 18:55:36 ET]
Table 'Tisiphone III' 9-max Seat #5 is the button
Seat 2: Ape2Angel ($3.85 in chips) 
Seat 3: Sparky1337s ($1.98 in chips) 
Seat 4: BigSpenderrrr ($2.04 in chips) 
Seat 5: Agneobr ($1.87 in chips) 
Seat 7: Dorex2007 ($3.46 in chips) 
Seat 9: brunotga ($1.90 in chips) 
Dorex2007: posts small blind $0.01
LEXATT34: is sitting out 
brunotga: posts big blind $0.02
*** HOLE CARDS ***
Dealt to Dorex2007 [Jc Td]
Ape2Angel: folds 
Sparky1337s: folds 
BigSpenderrrr: folds 
LEXATT34 leaves the table
Agneobr: folds 
Dorex2007: folds 
Uncalled bet ($0.01) returned to brunotga
brunotga collected $0.02 from pot
*** SUMMARY ***
Total pot $0.02 | Rake $0 
Seat 2: Ape2Angel folded before Flop (didn't bet)
Seat 3: Sparky1337s folded before Flop (didn't bet)
Seat 4: BigSpenderrrr folded before Flop (didn't bet)
Seat 5: Agneobr (button) folded before Flop (didn't bet)
Seat 7: Dorex2007 (small blind) folded before Flop
Seat 9: brunotga (big blind) collected ($0.02)



PokerStars Hand #232585959582:  Hold'em No Limit ($0.01/$0.02 USD) - 2021/12/27 15:55:53 PT [2021/12/27 18:55:53 ET]
Table 'Tisiphone III' 9-max Seat #7 is the button
Seat 3: Sparky1337s ($1.98 in chips) 
Seat 4: BigSpenderrrr ($2.04 in chips) 
Seat 5: Agneobr ($1.87 in chips) 
Seat 7: Dorex2007 ($3.45 in chips) 
Seat 9: brunotga ($1.91 in chips) 
brunotga: posts small blind $0.01
Ape2Angel: is sitting out 
Sparky1337s: posts big blind $0.02
*** HOLE CARDS ***
Dealt to Dorex2007 [Qh 3s]
Ape2Angel leaves the table
BigSpenderrrr has timed out
BigSpenderrrr: folds 
Agneobr: folds 
Dorex2007: folds 
brunotga: calls $0.01
Sparky1337s: checks 
*** FLOP *** [2s 4s As]
brunotga: checks 
Sparky1337s: checks 
*** TURN *** [2s 4s As] [2d]
brunotga: checks 
Sparky1337s: bets $0.08
brunotga: folds 
Uncalled bet ($0.08) returned to Sparky1337s
Sparky1337s collected $0.04 from pot
Sparky1337s: doesn't show hand 
*** SUMMARY ***
Total pot $0.04 | Rake $0 
Board [2s 4s As 2d]
Seat 3: Sparky1337s (big blind) collected ($0.04)
Seat 4: BigSpenderrrr folded before Flop (didn't bet)
Seat 5: Agneobr folded before Flop (didn't bet)
Seat 7: Dorex2007 (button) folded before Flop (didn't bet)
Seat 9: brunotga (small blind) folded on the Turn



PokerStars Hand #232585983000:  Hold'em No Limit ($0.01/$0.02 USD) - 2021/12/27 15:57:03 PT [2021/12/27 18:57:03 ET]
Table 'Tisiphone III' 9-max Seat #9 is the button
Seat 3: Sparky1337s ($2 in chips) 
Seat 4: BigSpenderrrr ($2.04 in chips) 
Seat 5: Agneobr ($1.87 in chips) 
Seat 7: Dorex2007 ($3.45 in chips) 
Seat 9: brunotga ($1.89 in chips) 
Sparky1337s: posts small blind $0.01
BigSpenderrrr: posts big blind $0.02
*** HOLE CARDS ***
Dealt to Dorex2007 [6s Ac]
Agneobr: folds 
Dorex2007: folds 
brunotga: folds 
Sparky1337s: folds 
Uncalled bet ($0.01) returned to BigSpenderrrr
BigSpenderrrr collected $0.02 from pot
BigSpenderrrr: doesn't show hand 
*** SUMMARY ***
Total pot $0.02 | Rake $0 
Seat 3: Sparky1337s (small blind) folded before Flop
Seat 4: BigSpenderrrr (big blind) collected ($0.02)
Seat 5: Agneobr folded before Flop (didn't bet)
Seat 7: Dorex2007 folded before Flop (didn't bet)
Seat 9: brunotga (button) folded before Flop (didn't bet)



PokerStars Hand #232585989436:  Hold'em No Limit ($0.01/$0.02 USD) - 2021/12/27 15:57:22 PT [2021/12/27 18:57:22 ET]
Table 'Tisiphone III' 9-max Seat #3 is the button
Seat 3: Sparky1337s ($1.99 in chips) 
Seat 4: BigSpenderrrr ($2.05 in chips) 
Seat 5: Agneobr ($1.87 in chips) 
Seat 7: Dorex2007 ($3.45 in chips) 
Seat 9: brunotga ($1.89 in chips) 
BigSpenderrrr: posts small blind $0.01
Agneobr: posts big blind $0.02
*** HOLE CARDS ***
Dealt to Dorex2007 [Qs 4h]
Dorex2007: folds 
brunotga has timed out
brunotga: folds 
Sparky1337s: folds 
BigSpenderrrr: raises $0.04 to $0.06
Agneobr: folds 
Uncalled bet ($0.04) returned to BigSpenderrrr
BigSpenderrrr collected $0.04 from pot
BigSpenderrrr: doesn't show hand 
*** SUMMARY ***
Total pot $0.04 | Rake $0 
Seat 3: Sparky1337s (button) folded before Flop (didn't bet)
Seat 4: BigSpenderrrr (small blind) collected ($0.04)
Seat 5: Agneobr (big blind) folded before Flop
Seat 7: Dorex2007 folded before Flop (didn't bet)
Seat 9: brunotga folded before Flop (didn't bet)



PokerStars Hand #232586000107:  Hold'em No Limit ($0.01/$0.02 USD) - 2021/12/27 15:57:54 PT [2021/12/27 18:57:54 ET]
Table 'Tisiphone III' 9-max Seat #4 is the button
Seat 3: Sparky1337s ($1.99 in chips) 
Seat 4: BigSpenderrrr ($2.07 in chips) 
Seat 5: Agneobr ($1.85 in chips) 
Seat 7: Dorex2007 ($3.45 in chips) 
Seat 9: brunotga ($1.89 in chips) 
Agneobr: posts small blind $0.01
Dorex2007: posts big blind $0.02
*** HOLE CARDS ***
Dealt to Dorex2007 [3d 7c]
brunotga: calls $0.02
Sparky1337s: folds 
BigSpenderrrr: folds 
Agneobr: folds 
Dorex2007: checks 
*** FLOP *** [6h As 4s]
Dorex2007: checks 
brunotga: bets $0.02
Dorex2007: folds 
Uncalled bet ($0.02) returned to brunotga
brunotga collected $0.05 from pot
*** SUMMARY ***
Total pot $0.05 | Rake $0 
Board [6h As 4s]
Seat 3: Sparky1337s folded before Flop (didn't bet)
Seat 4: BigSpenderrrr (button) folded before Flop (didn't bet)
Seat 5: Agneobr (small blind) folded before Flop
Seat 7: Dorex2007 (big blind) folded on the Flop
Seat 9: brunotga collected ($0.05)



