PokerStars Hand #232560004756:  Hold'em No Limit ($0.01/$0.02 USD) - 2021/12/26 21:06:11 PT [2021/12/27 0:06:11 ET]
Table 'Victoria III' 9-max Seat #3 is the button
Seat 1: Lex064 ($0.37 in chips) 
Seat 2: Dorex2007 ($3.34 in chips) 
Seat 3: deileon ($2.04 in chips) 
Seat 4: DEMIAN770 ($2.60 in chips) 
Seat 5: Zuban442 ($0.98 in chips) 
Seat 6: Brajinn ($0.51 in chips) 
Seat 7: Sysrq03 ($3.75 in chips) 
Seat 9: goodvibes1 ($1.83 in chips) 
DEMIAN770: posts small blind $0.01
Zuban442: posts big blind $0.02
Dorex2007: posts small & big blinds $0.03
*** HOLE CARDS ***
Dealt to Dorex2007 [Ad Qd]
Brajinn: calls $0.02
Sysrq03: folds 
goodvibes1: folds 
Lex064: calls $0.02
Dorex2007: checks 
deileon: folds 
DEMIAN770: calls $0.01
Zuban442: checks 
*** FLOP *** [4s 8c As]
DEMIAN770: checks 
Zuban442: checks 
Brajinn: checks 
Lex064: bets $0.06
Dorex2007: calls $0.06
DEMIAN770: calls $0.06
Zuban442: folds 
Brajinn: folds 
*** TURN *** [4s 8c As] [5d]
DEMIAN770: checks 
Lex064: bets $0.29 and is all-in
Dorex2007: folds 
DEMIAN770: calls $0.29
*** RIVER *** [4s 8c As 5d] [7c]
*** SHOW DOWN ***
DEMIAN770: shows [7h 6h] (a straight, Four to Eight)
Lex064: shows [8s 9s] (a pair of Eights)
DEMIAN770 collected $0.84 from pot
*** SUMMARY ***
Total pot $0.87 | Rake $0.03 
Board [4s 8c As 5d 7c]
Seat 1: Lex064 showed [8s 9s] and lost with a pair of Eights
Seat 2: Dorex2007 folded on the Turn
Seat 3: deileon (button) folded before Flop (didn't bet)
Seat 4: DEMIAN770 (small blind) showed [7h 6h] and won ($0.84) with a straight, Four to Eight
Seat 5: Zuban442 (big blind) folded on the Flop
Seat 6: Brajinn folded on the Flop
Seat 7: Sysrq03 folded before Flop (didn't bet)
Seat 9: goodvibes1 folded before Flop (didn't bet)



PokerStars Hand #232560017073:  Hold'em No Limit ($0.01/$0.02 USD) - 2021/12/26 21:07:25 PT [2021/12/27 0:07:25 ET]
Table 'Victoria III' 9-max Seat #4 is the button
Seat 2: Dorex2007 ($3.25 in chips) 
Seat 3: deileon ($2.04 in chips) 
Seat 4: DEMIAN770 ($3.07 in chips) 
Seat 5: Zuban442 ($0.96 in chips) 
Seat 6: Brajinn ($0.49 in chips) 
Seat 7: Sysrq03 ($3.75 in chips) 
Seat 9: goodvibes1 ($1.83 in chips) 
Zuban442: posts small blind $0.01
Brajinn: posts big blind $0.02
*** HOLE CARDS ***
Dealt to Dorex2007 [7c 8d]
Sysrq03: folds 
goodvibes1: calls $0.02
Dorex2007: folds 
deileon: folds 
Lex064 leaves the table
DEMIAN770: calls $0.02
Zuban442: folds 
Brajinn: checks 
*** FLOP *** [Qh 5c 7d]
RyanHaire joins the table at seat #1 
Brajinn: checks 
goodvibes1: checks 
DEMIAN770: checks 
*** TURN *** [Qh 5c 7d] [Jc]
Brajinn: checks 
goodvibes1: checks 
DEMIAN770: bets $0.07
Brajinn: folds 
goodvibes1: calls $0.07
*** RIVER *** [Qh 5c 7d Jc] [5d]
goodvibes1: checks 
DEMIAN770: checks 
*** SHOW DOWN ***
goodvibes1: shows [Ac Th] (a pair of Fives)
DEMIAN770: mucks hand 
goodvibes1 collected $0.20 from pot
*** SUMMARY ***
Total pot $0.21 | Rake $0.01 
Board [Qh 5c 7d Jc 5d]
Seat 2: Dorex2007 folded before Flop (didn't bet)
Seat 3: deileon folded before Flop (didn't bet)
Seat 4: DEMIAN770 (button) mucked [Tc 3c]
Seat 5: Zuban442 (small blind) folded before Flop
Seat 6: Brajinn (big blind) folded on the Turn
Seat 7: Sysrq03 folded before Flop (didn't bet)
Seat 9: goodvibes1 showed [Ac Th] and won ($0.20) with a pair of Fives



PokerStars Hand #232560032613:  Hold'em No Limit ($0.01/$0.02 USD) - 2021/12/26 21:08:07 PT [2021/12/27 0:08:07 ET]
Table 'Victoria III' 9-max Seat #5 is the button
Seat 1: RyanHaire ($2 in chips) 
Seat 2: Dorex2007 ($3.25 in chips) 
Seat 3: deileon ($2.04 in chips) 
Seat 4: DEMIAN770 ($2.98 in chips) 
Seat 5: Zuban442 ($0.95 in chips) 
Seat 6: Brajinn ($0.47 in chips) 
Seat 7: Sysrq03 ($3.75 in chips) 
Seat 9: goodvibes1 ($1.94 in chips) 
Brajinn: posts small blind $0.01
Sysrq03: posts big blind $0.02
RyanHaire: posts big blind $0.02
*** HOLE CARDS ***
Dealt to Dorex2007 [Kd 5d]
goodvibes1: calls $0.02
RyanHaire: raises $0.04 to $0.06
Dorex2007: folds 
deileon: folds 
DEMIAN770: folds 
Zuban442: folds 
frosa9397 leaves the table
Brajinn: calls $0.05
Sysrq03: folds 
goodvibes1: calls $0.04
*** FLOP *** [Ah Jc Tc]
Brajinn: checks 
goodvibes1: checks 
RyanHaire: bets $0.08
Brajinn: folds 
goodvibes1: folds 
Uncalled bet ($0.08) returned to RyanHaire
RyanHaire collected $0.19 from pot
RyanHaire: doesn't show hand 
*** SUMMARY ***
Total pot $0.20 | Rake $0.01 
Board [Ah Jc Tc]
Seat 1: RyanHaire collected ($0.19)
Seat 2: Dorex2007 folded before Flop (didn't bet)
Seat 3: deileon folded before Flop (didn't bet)
Seat 4: DEMIAN770 folded before Flop (didn't bet)
Seat 5: Zuban442 (button) folded before Flop (didn't bet)
Seat 6: Brajinn (small blind) folded on the Flop
Seat 7: Sysrq03 (big blind) folded before Flop
Seat 9: goodvibes1 folded on the Flop



PokerStars Hand #232560041882:  Hold'em No Limit ($0.01/$0.02 USD) - 2021/12/26 21:09:03 PT [2021/12/27 0:09:03 ET]
Table 'Victoria III' 9-max Seat #6 is the button
Seat 1: RyanHaire ($2.13 in chips) 
Seat 2: Dorex2007 ($3.25 in chips) 
Seat 3: deileon ($2.04 in chips) 
Seat 4: DEMIAN770 ($2.98 in chips) 
Seat 5: Zuban442 ($0.95 in chips) 
Seat 6: Brajinn ($0.41 in chips) 
Seat 7: Sysrq03 ($3.73 in chips) 
Seat 9: goodvibes1 ($1.88 in chips) 
Sysrq03: posts small blind $0.01
goodvibes1: posts big blind $0.02
*** HOLE CARDS ***
Dealt to Dorex2007 [7c Td]
RyanHaire: raises $0.04 to $0.06
Dorex2007: folds 
deileon: folds 
DEMIAN770: calls $0.06
Zuban442: folds 
Brajinn: folds 
Sysrq03: folds 
goodvibes1: calls $0.04
*** FLOP *** [Qh 5c Ks]
goodvibes1: checks 
RyanHaire: checks 
DEMIAN770: bets $0.09
goodvibes1: calls $0.09
RyanHaire: calls $0.09
*** TURN *** [Qh 5c Ks] [3h]
goodvibes1: checks 
RyanHaire: bets $0.33
DEMIAN770: folds 
goodvibes1: calls $0.33
*** RIVER *** [Qh 5c Ks 3h] [As]
goodvibes1: checks 
RyanHaire: bets $0.81
goodvibes1: folds 
Uncalled bet ($0.81) returned to RyanHaire
RyanHaire collected $1.08 from pot
RyanHaire: doesn't show hand 
*** SUMMARY ***
Total pot $1.12 | Rake $0.04 
Board [Qh 5c Ks 3h As]
Seat 1: RyanHaire collected ($1.08)
Seat 2: Dorex2007 folded before Flop (didn't bet)
Seat 3: deileon folded before Flop (didn't bet)
Seat 4: DEMIAN770 folded on the Turn
Seat 5: Zuban442 folded before Flop (didn't bet)
Seat 6: Brajinn (button) folded before Flop (didn't bet)
Seat 7: Sysrq03 (small blind) folded before Flop
Seat 9: goodvibes1 (big blind) folded on the River



PokerStars Hand #232560051378:  Hold'em No Limit ($0.01/$0.02 USD) - 2021/12/26 21:10:00 PT [2021/12/27 0:10:00 ET]
Table 'Victoria III' 9-max Seat #7 is the button
Seat 1: RyanHaire ($2.73 in chips) 
Seat 2: Dorex2007 ($3.25 in chips) 
Seat 3: deileon ($2.04 in chips) 
Seat 4: DEMIAN770 ($2.83 in chips) 
Seat 5: Zuban442 ($0.95 in chips) 
Seat 6: Brajinn ($0.41 in chips) 
Seat 7: Sysrq03 ($3.72 in chips) 
Seat 9: goodvibes1 ($1.40 in chips) 
goodvibes1: posts small blind $0.01
RyanHaire: posts big blind $0.02
*** HOLE CARDS ***
Dealt to Dorex2007 [3d Ac]
Dorex2007: folds 
deileon: calls $0.02
DEMIAN770: calls $0.02
Zuban442: folds 
Brajinn: folds 
Sysrq03: folds 
goodvibes1: folds 
RyanHaire: checks 
*** FLOP *** [5h 4s Kd]
RyanHaire: checks 
deileon: bets $0.02
DEMIAN770: calls $0.02
RyanHaire: raises $0.10 to $0.12
VLADIMIR1964k joins the table at seat #8 
deileon: folds 
DEMIAN770: folds 
Uncalled bet ($0.10) returned to RyanHaire
RyanHaire collected $0.13 from pot
RyanHaire: doesn't show hand 
*** SUMMARY ***
Total pot $0.13 | Rake $0 
Board [5h 4s Kd]
Seat 1: RyanHaire (big blind) collected ($0.13)
Seat 2: Dorex2007 folded before Flop (didn't bet)
Seat 3: deileon folded on the Flop
Seat 4: DEMIAN770 folded on the Flop
Seat 5: Zuban442 folded before Flop (didn't bet)
Seat 6: Brajinn folded before Flop (didn't bet)
Seat 7: Sysrq03 (button) folded before Flop (didn't bet)
Seat 9: goodvibes1 (small blind) folded before Flop



PokerStars Hand #232560059625:  Hold'em No Limit ($0.01/$0.02 USD) - 2021/12/26 21:10:50 PT [2021/12/27 0:10:50 ET]
Table 'Victoria III' 9-max Seat #9 is the button
Seat 1: RyanHaire ($2.82 in chips) 
Seat 2: Dorex2007 ($3.25 in chips) 
Seat 3: deileon ($2 in chips) 
Seat 4: DEMIAN770 ($2.79 in chips) 
Seat 5: Zuban442 ($0.95 in chips) 
Seat 6: Brajinn ($0.41 in chips) 
Seat 7: Sysrq03 ($3.72 in chips) 
Seat 8: VLADIMIR1964k ($0.80 in chips) 
Seat 9: goodvibes1 ($1.39 in chips) 
RyanHaire: posts small blind $0.01
Dorex2007: posts big blind $0.02
VLADIMIR1964k: posts big blind $0.02
*** HOLE CARDS ***
Dealt to Dorex2007 [Jc 4s]
deileon: folds 
DEMIAN770: folds 
Zuban442: folds 
Brajinn: folds 
Sysrq03: calls $0.02
VLADIMIR1964k: checks 
goodvibes1: folds 
RyanHaire: folds 
Dorex2007: checks 
*** FLOP *** [Ts 7h 8c]
Dorex2007: checks 
Sysrq03: checks 
VLADIMIR1964k: checks 
*** TURN *** [Ts 7h 8c] [Qh]
Dorex2007: checks 
Sysrq03: checks 
VLADIMIR1964k: bets $0.02
Dorex2007: calls $0.02
Sysrq03: folds 
*** RIVER *** [Ts 7h 8c Qh] [Th]
Dorex2007: bets $0.11
VLADIMIR1964k: folds 
Uncalled bet ($0.11) returned to Dorex2007
Dorex2007 collected $0.11 from pot
Dorex2007: doesn't show hand 
*** SUMMARY ***
Total pot $0.11 | Rake $0 
Board [Ts 7h 8c Qh Th]
Seat 1: RyanHaire (small blind) folded before Flop
Seat 2: Dorex2007 (big blind) collected ($0.11)
Seat 3: deileon folded before Flop (didn't bet)
Seat 4: DEMIAN770 folded before Flop (didn't bet)
Seat 5: Zuban442 folded before Flop (didn't bet)
Seat 6: Brajinn folded before Flop (didn't bet)
Seat 7: Sysrq03 folded on the Turn
Seat 8: VLADIMIR1964k folded on the River
Seat 9: goodvibes1 (button) folded before Flop (didn't bet)



PokerStars Hand #232560070800:  Hold'em No Limit ($0.01/$0.02 USD) - 2021/12/26 21:11:57 PT [2021/12/27 0:11:57 ET]
Table 'Victoria III' 9-max Seat #1 is the button
Seat 1: RyanHaire ($2.81 in chips) 
Seat 2: Dorex2007 ($3.32 in chips) 
Seat 3: deileon ($2 in chips) 
Seat 4: DEMIAN770 ($2.79 in chips) 
Seat 5: Zuban442 ($0.95 in chips) 
Seat 6: Brajinn ($0.41 in chips) 
Seat 7: Sysrq03 ($3.70 in chips) 
Seat 8: VLADIMIR1964k ($0.76 in chips) 
Seat 9: goodvibes1 ($1.39 in chips) 
Dorex2007: posts small blind $0.01
deileon: posts big blind $0.02
*** HOLE CARDS ***
Dealt to Dorex2007 [5h Jc]
DEMIAN770: folds 
Zuban442: folds 
Brajinn: folds 
Sysrq03: folds 
VLADIMIR1964k: folds 
goodvibes1: folds 
RyanHaire: raises $0.04 to $0.06
Dorex2007: folds 
deileon: folds 
Uncalled bet ($0.04) returned to RyanHaire
RyanHaire collected $0.05 from pot
RyanHaire: doesn't show hand 
*** SUMMARY ***
Total pot $0.05 | Rake $0 
Seat 1: RyanHaire (button) collected ($0.05)
Seat 2: Dorex2007 (small blind) folded before Flop
Seat 3: deileon (big blind) folded before Flop
Seat 4: DEMIAN770 folded before Flop (didn't bet)
Seat 5: Zuban442 folded before Flop (didn't bet)
Seat 6: Brajinn folded before Flop (didn't bet)
Seat 7: Sysrq03 folded before Flop (didn't bet)
Seat 8: VLADIMIR1964k folded before Flop (didn't bet)
Seat 9: goodvibes1 folded before Flop (didn't bet)



PokerStars Hand #232560074389:  Hold'em No Limit ($0.01/$0.02 USD) - 2021/12/26 21:12:20 PT [2021/12/27 0:12:20 ET]
Table 'Victoria III' 9-max Seat #2 is the button
Seat 1: RyanHaire ($2.84 in chips) 
Seat 2: Dorex2007 ($3.31 in chips) 
Seat 3: deileon ($1.98 in chips) 
Seat 4: DEMIAN770 ($2.79 in chips) 
Seat 5: Zuban442 ($0.95 in chips) 
Seat 6: Brajinn ($0.41 in chips) 
Seat 7: Sysrq03 ($3.70 in chips) 
Seat 8: VLADIMIR1964k ($0.76 in chips) 
Seat 9: goodvibes1 ($1.39 in chips) 
deileon: posts small blind $0.01
DEMIAN770: posts big blind $0.02
*** HOLE CARDS ***
Dealt to Dorex2007 [2s 7h]
Zuban442: folds 
Brajinn: folds 
Sysrq03: folds 
VLADIMIR1964k: calls $0.02
goodvibes1: calls $0.02
RyanHaire: raises $0.04 to $0.06
Dorex2007: folds 
deileon: folds 
DEMIAN770: calls $0.04
VLADIMIR1964k: calls $0.04
goodvibes1: calls $0.04
*** FLOP *** [5c 2h 9c]
DEMIAN770: checks 
VLADIMIR1964k: checks 
goodvibes1: checks 
RyanHaire: bets $0.12
DEMIAN770: folds 
VLADIMIR1964k: folds 
goodvibes1: calls $0.12
*** TURN *** [5c 2h 9c] [5s]
goodvibes1: checks 
RyanHaire: checks 
*** RIVER *** [5c 2h 9c 5s] [8c]
goodvibes1: checks 
RyanHaire: bets $0.35
goodvibes1: folds 
Uncalled bet ($0.35) returned to RyanHaire
RyanHaire collected $0.47 from pot
RyanHaire: doesn't show hand 
*** SUMMARY ***
Total pot $0.49 | Rake $0.02 
Board [5c 2h 9c 5s 8c]
Seat 1: RyanHaire collected ($0.47)
Seat 2: Dorex2007 (button) folded before Flop (didn't bet)
Seat 3: deileon (small blind) folded before Flop
Seat 4: DEMIAN770 (big blind) folded on the Flop
Seat 5: Zuban442 folded before Flop (didn't bet)
Seat 6: Brajinn folded before Flop (didn't bet)
Seat 7: Sysrq03 folded before Flop (didn't bet)
Seat 8: VLADIMIR1964k folded on the Flop
Seat 9: goodvibes1 folded on the River



PokerStars Hand #232560088535:  Hold'em No Limit ($0.01/$0.02 USD) - 2021/12/26 21:13:46 PT [2021/12/27 0:13:46 ET]
Table 'Victoria III' 9-max Seat #3 is the button
Seat 1: RyanHaire ($3.13 in chips) 
Seat 2: Dorex2007 ($3.31 in chips) 
Seat 3: deileon ($1.97 in chips) 
Seat 4: DEMIAN770 ($2.73 in chips) 
Seat 5: Zuban442 ($0.95 in chips) 
Seat 6: Brajinn ($0.41 in chips) 
Seat 7: Sysrq03 ($3.70 in chips) 
Seat 8: VLADIMIR1964k ($0.70 in chips) 
Seat 9: goodvibes1 ($1.21 in chips) 
DEMIAN770: posts small blind $0.01
Zuban442: posts big blind $0.02
*** HOLE CARDS ***
Dealt to Dorex2007 [Tc 3h]
Brajinn: folds 
Sysrq03: folds 
VLADIMIR1964k: calls $0.02
goodvibes1: calls $0.02
RyanHaire: raises $0.08 to $0.10
Dorex2007: folds 
deileon: folds 
DEMIAN770: folds 
Zuban442: folds 
VLADIMIR1964k: folds 
goodvibes1: calls $0.08
*** FLOP *** [Ac 6s As]
goodvibes1: checks 
RyanHaire: checks 
*** TURN *** [Ac 6s As] [Qc]
goodvibes1: checks 
RyanHaire: bets $0.18
goodvibes1: calls $0.18
*** RIVER *** [Ac 6s As Qc] [8h]
goodvibes1: checks 
RyanHaire: checks 
*** SHOW DOWN ***
goodvibes1: shows [Jd Kh] (a pair of Aces)
RyanHaire: mucks hand 
goodvibes1 collected $0.59 from pot
*** SUMMARY ***
Total pot $0.61 | Rake $0.02 
Board [Ac 6s As Qc 8h]
Seat 1: RyanHaire mucked [Jh Td]
Seat 2: Dorex2007 folded before Flop (didn't bet)
Seat 3: deileon (button) folded before Flop (didn't bet)
Seat 4: DEMIAN770 (small blind) folded before Flop
Seat 5: Zuban442 (big blind) folded before Flop
Seat 6: Brajinn folded before Flop (didn't bet)
Seat 7: Sysrq03 folded before Flop (didn't bet)
Seat 8: VLADIMIR1964k folded before Flop
Seat 9: goodvibes1 showed [Jd Kh] and won ($0.59) with a pair of Aces



PokerStars Hand #232560097831:  Hold'em No Limit ($0.01/$0.02 USD) - 2021/12/26 21:14:42 PT [2021/12/27 0:14:42 ET]
Table 'Victoria III' 9-max Seat #4 is the button
Seat 1: RyanHaire ($2.85 in chips) 
Seat 2: Dorex2007 ($3.31 in chips) 
Seat 3: deileon ($1.97 in chips) 
Seat 4: DEMIAN770 ($2.72 in chips) 
Seat 5: Zuban442 ($0.93 in chips) 
Seat 6: Brajinn ($0.41 in chips) 
Seat 7: Sysrq03 ($3.70 in chips) 
Seat 8: VLADIMIR1964k ($0.68 in chips) 
Seat 9: goodvibes1 ($1.52 in chips) 
Zuban442: posts small blind $0.01
Brajinn: posts big blind $0.02
*** HOLE CARDS ***
Dealt to Dorex2007 [4d Kc]
Sysrq03: folds 
VLADIMIR1964k: calls $0.02
goodvibes1: folds 
RyanHaire: raises $0.06 to $0.08
Dorex2007: folds 
deileon: folds 
DEMIAN770: folds 
Zuban442: folds 
Brajinn: folds 
VLADIMIR1964k: calls $0.06
*** FLOP *** [Js Qs 6c]
VLADIMIR1964k: checks 
RyanHaire: bets $0.14
VLADIMIR1964k: calls $0.14
*** TURN *** [Js Qs 6c] [5c]
VLADIMIR1964k: checks 
RyanHaire: checks 
*** RIVER *** [Js Qs 6c 5c] [7s]
VLADIMIR1964k: bets $0.46 and is all-in
RyanHaire: folds 
Uncalled bet ($0.46) returned to VLADIMIR1964k
VLADIMIR1964k collected $0.45 from pot
VLADIMIR1964k: doesn't show hand 
*** SUMMARY ***
Total pot $0.47 | Rake $0.02 
Board [Js Qs 6c 5c 7s]
Seat 1: RyanHaire folded on the River
Seat 2: Dorex2007 folded before Flop (didn't bet)
Seat 3: deileon folded before Flop (didn't bet)
Seat 4: DEMIAN770 (button) folded before Flop (didn't bet)
Seat 5: Zuban442 (small blind) folded before Flop
Seat 6: Brajinn (big blind) folded before Flop
Seat 7: Sysrq03 folded before Flop (didn't bet)
Seat 8: VLADIMIR1964k collected ($0.45)
Seat 9: goodvibes1 folded before Flop (didn't bet)



PokerStars Hand #232560106256:  Hold'em No Limit ($0.01/$0.02 USD) - 2021/12/26 21:15:33 PT [2021/12/27 0:15:33 ET]
Table 'Victoria III' 9-max Seat #5 is the button
Seat 1: RyanHaire ($2.63 in chips) 
Seat 2: Dorex2007 ($3.31 in chips) 
Seat 3: deileon ($1.97 in chips) 
Seat 4: DEMIAN770 ($2.72 in chips) 
Seat 5: Zuban442 ($0.92 in chips) 
Seat 6: Brajinn ($0.39 in chips) 
Seat 7: Sysrq03 ($3.70 in chips) 
Seat 8: VLADIMIR1964k ($0.91 in chips) 
Seat 9: goodvibes1 ($1.52 in chips) 
Brajinn: posts small blind $0.01
Sysrq03: posts big blind $0.02
*** HOLE CARDS ***
Dealt to Dorex2007 [8s 6c]
VLADIMIR1964k: folds 
goodvibes1: calls $0.02
RyanHaire: raises $0.04 to $0.06
Dorex2007: folds 
deileon: folds 
DEMIAN770: calls $0.06
Zuban442: folds 
Brajinn: folds 
Sysrq03: folds 
goodvibes1: calls $0.04
*** FLOP *** [Qc Qs 2h]
goodvibes1: checks 
RyanHaire: checks 
DEMIAN770: bets $0.10
goodvibes1: calls $0.10
RyanHaire: calls $0.10
*** TURN *** [Qc Qs 2h] [Jd]
goodvibes1: bets $0.49
RyanHaire: folds 
DEMIAN770: raises $2.07 to $2.56 and is all-in
goodvibes1: calls $0.87 and is all-in
Uncalled bet ($1.20) returned to DEMIAN770
*** RIVER *** [Qc Qs 2h Jd] [Ts]
*** SHOW DOWN ***
goodvibes1: shows [9d Qh] (three of a kind, Queens)
DEMIAN770: shows [Js Jc] (a full house, Jacks full of Queens)
DEMIAN770 collected $3.12 from pot
*** SUMMARY ***
Total pot $3.23 | Rake $0.11 
Board [Qc Qs 2h Jd Ts]
Seat 1: RyanHaire folded on the Turn
Seat 2: Dorex2007 folded before Flop (didn't bet)
Seat 3: deileon folded before Flop (didn't bet)
Seat 4: DEMIAN770 showed [Js Jc] and won ($3.12) with a full house, Jacks full of Queens
Seat 5: Zuban442 (button) folded before Flop (didn't bet)
Seat 6: Brajinn (small blind) folded before Flop
Seat 7: Sysrq03 (big blind) folded before Flop
Seat 8: VLADIMIR1964k folded before Flop (didn't bet)
Seat 9: goodvibes1 showed [9d Qh] and lost with three of a kind, Queens



PokerStars Hand #232560116365:  Hold'em No Limit ($0.01/$0.02 USD) - 2021/12/26 21:16:34 PT [2021/12/27 0:16:34 ET]
Table 'Victoria III' 9-max Seat #6 is the button
Seat 1: RyanHaire ($2.47 in chips) 
Seat 2: Dorex2007 ($3.31 in chips) 
Seat 3: deileon ($1.97 in chips) 
Seat 4: DEMIAN770 ($4.32 in chips) 
Seat 5: Zuban442 ($0.92 in chips) 
Seat 6: Brajinn ($0.38 in chips) 
Seat 7: Sysrq03 ($3.68 in chips) 
Seat 8: VLADIMIR1964k ($0.91 in chips) 
Sysrq03: posts small blind $0.01
VLADIMIR1964k: posts big blind $0.02
*** HOLE CARDS ***
Dealt to Dorex2007 [7d 6h]
RyanHaire: raises $0.04 to $0.06
Dorex2007: folds 
deileon: folds 
DEMIAN770: calls $0.06
Zuban442: folds 
Brajinn: calls $0.06
Sysrq03: folds 
VLADIMIR1964k: folds 
*** FLOP *** [6d 9h 4c]
RyanHaire: checks 
DEMIAN770: checks 
Brajinn: bets $0.04
RyanHaire: calls $0.04
DEMIAN770: calls $0.04
*** TURN *** [6d 9h 4c] [4s]
RyanHaire: checks 
DEMIAN770: checks 
Brajinn: bets $0.04
RyanHaire: folds 
DEMIAN770: calls $0.04
*** RIVER *** [6d 9h 4c 4s] [Th]
DEMIAN770: checks 
Brajinn: bets $0.10
DEMIAN770: folds 
Uncalled bet ($0.10) returned to Brajinn
Brajinn collected $0.40 from pot
Brajinn: doesn't show hand 
*** SUMMARY ***
Total pot $0.41 | Rake $0.01 
Board [6d 9h 4c 4s Th]
Seat 1: RyanHaire folded on the Turn
Seat 2: Dorex2007 folded before Flop (didn't bet)
Seat 3: deileon folded before Flop (didn't bet)
Seat 4: DEMIAN770 folded on the River
Seat 5: Zuban442 folded before Flop (didn't bet)
Seat 6: Brajinn (button) collected ($0.40)
Seat 7: Sysrq03 (small blind) folded before Flop
Seat 8: VLADIMIR1964k (big blind) folded before Flop



PokerStars Hand #232560132155:  Hold'em No Limit ($0.01/$0.02 USD) - 2021/12/26 21:18:12 PT [2021/12/27 0:18:12 ET]
Table 'Victoria III' 9-max Seat #7 is the button
Seat 1: RyanHaire ($2.37 in chips) 
Seat 2: Dorex2007 ($3.31 in chips) 
Seat 3: deileon ($1.97 in chips) 
Seat 4: DEMIAN770 ($4.18 in chips) 
Seat 5: Zuban442 ($0.92 in chips) 
Seat 6: Brajinn ($0.64 in chips) 
Seat 7: Sysrq03 ($3.67 in chips) 
Seat 8: VLADIMIR1964k ($0.89 in chips) 
Seat 9: goodvibes1 ($0.80 in chips) 
VLADIMIR1964k: posts small blind $0.01
goodvibes1: posts big blind $0.02
*** HOLE CARDS ***
Dealt to Dorex2007 [9c 7s]
RyanHaire: raises $0.04 to $0.06
Dorex2007: folds 
deileon: folds 
DEMIAN770: calls $0.06
Zuban442: folds 
Brajinn: folds 
Sysrq03: folds 
VLADIMIR1964k: folds 
goodvibes1: calls $0.04
*** FLOP *** [3c 2s Kd]
goodvibes1: bets $0.02
RyanHaire: raises $0.10 to $0.12
DEMIAN770: calls $0.12
goodvibes1: calls $0.10
*** TURN *** [3c 2s Kd] [Qh]
goodvibes1: checks 
RyanHaire: checks 
DEMIAN770: bets $0.53
goodvibes1: folds 
RyanHaire: folds 
Uncalled bet ($0.53) returned to DEMIAN770
DEMIAN770 collected $0.53 from pot
DEMIAN770: doesn't show hand 
*** SUMMARY ***
Total pot $0.55 | Rake $0.02 
Board [3c 2s Kd Qh]
Seat 1: RyanHaire folded on the Turn
Seat 2: Dorex2007 folded before Flop (didn't bet)
Seat 3: deileon folded before Flop (didn't bet)
Seat 4: DEMIAN770 collected ($0.53)
Seat 5: Zuban442 folded before Flop (didn't bet)
Seat 6: Brajinn folded before Flop (didn't bet)
Seat 7: Sysrq03 (button) folded before Flop (didn't bet)
Seat 8: VLADIMIR1964k (small blind) folded before Flop
Seat 9: goodvibes1 (big blind) folded on the Turn



PokerStars Hand #232560145924:  Hold'em No Limit ($0.01/$0.02 USD) - 2021/12/26 21:19:09 PT [2021/12/27 0:19:09 ET]
Table 'Victoria III' 9-max Seat #8 is the button
Seat 1: RyanHaire ($2.19 in chips) 
Seat 2: Dorex2007 ($3.31 in chips) 
Seat 3: deileon ($1.97 in chips) 
Seat 4: DEMIAN770 ($4.53 in chips) 
Seat 5: Zuban442 ($0.92 in chips) 
Seat 6: Brajinn ($0.64 in chips) 
Seat 7: Sysrq03 ($3.67 in chips) 
Seat 8: VLADIMIR1964k ($0.88 in chips) 
Seat 9: goodvibes1 ($0.62 in chips) 
goodvibes1: posts small blind $0.01
RyanHaire: posts big blind $0.02
*** HOLE CARDS ***
Dealt to Dorex2007 [4d Ts]
Dorex2007: folds 
deileon: folds 
DEMIAN770: calls $0.02
Zuban442: folds 
Brajinn: folds 
Sysrq03: folds 
VLADIMIR1964k: calls $0.02
goodvibes1: calls $0.01
RyanHaire: raises $0.04 to $0.06
DEMIAN770: calls $0.04
VLADIMIR1964k: calls $0.04
goodvibes1: calls $0.04
*** FLOP *** [5s 8c Tc]
goodvibes1: checks 
RyanHaire: bets $0.20
DEMIAN770: folds 
VLADIMIR1964k: calls $0.20
goodvibes1: folds 
*** TURN *** [5s 8c Tc] [2h]
RyanHaire: bets $0.06
VLADIMIR1964k: raises $0.37 to $0.43
RyanHaire: calls $0.37
*** RIVER *** [5s 8c Tc 2h] [Jc]
RyanHaire: checks 
VLADIMIR1964k: bets $0.19 and is all-in
RyanHaire: folds 
Uncalled bet ($0.19) returned to VLADIMIR1964k
VLADIMIR1964k collected $1.45 from pot
VLADIMIR1964k: doesn't show hand 
*** SUMMARY ***
Total pot $1.50 | Rake $0.05 
Board [5s 8c Tc 2h Jc]
Seat 1: RyanHaire (big blind) folded on the River
Seat 2: Dorex2007 folded before Flop (didn't bet)
Seat 3: deileon folded before Flop (didn't bet)
Seat 4: DEMIAN770 folded on the Flop
Seat 5: Zuban442 folded before Flop (didn't bet)
Seat 6: Brajinn folded before Flop (didn't bet)
Seat 7: Sysrq03 folded before Flop (didn't bet)
Seat 8: VLADIMIR1964k (button) collected ($1.45)
Seat 9: goodvibes1 (small blind) folded on the Flop



PokerStars Hand #232560162609:  Hold'em No Limit ($0.01/$0.02 USD) - 2021/12/26 21:20:51 PT [2021/12/27 0:20:51 ET]
Table 'Victoria III' 9-max Seat #9 is the button
Seat 1: RyanHaire ($1.50 in chips) 
Seat 2: Dorex2007 ($3.31 in chips) 
Seat 3: deileon ($1.97 in chips) 
Seat 4: DEMIAN770 ($4.47 in chips) 
Seat 6: Brajinn ($0.64 in chips) 
Seat 7: Sysrq03 ($3.67 in chips) 
Seat 8: VLADIMIR1964k ($1.64 in chips) 
Seat 9: goodvibes1 ($0.56 in chips) 
RyanHaire: posts small blind $0.01
Dorex2007: posts big blind $0.02
*** HOLE CARDS ***
Dealt to Dorex2007 [7h 9h]
deileon: calls $0.02
DEMIAN770: folds 
Brajinn: folds 
Sysrq03: folds 
VLADIMIR1964k: folds 
goodvibes1: calls $0.02
RyanHaire: calls $0.01
Dorex2007: checks 
*** FLOP *** [9c 9d 2c]
RyanHaire: checks 
Dorex2007: bets $0.08
deileon: folds 
goodvibes1: calls $0.08
RyanHaire: calls $0.08
*** TURN *** [9c 9d 2c] [Qs]
RyanHaire: checks 
Dorex2007: bets $0.16
goodvibes1: calls $0.16
RyanHaire: calls $0.16
*** RIVER *** [9c 9d 2c Qs] [Jc]
RyanHaire: checks 
Dorex2007: bets $0.51
goodvibes1: calls $0.30 and is all-in
RyanHaire: folds 
Uncalled bet ($0.21) returned to Dorex2007
*** SHOW DOWN ***
Dorex2007: shows [7h 9h] (three of a kind, Nines)
goodvibes1: shows [9s Ks] (three of a kind, Nines - King kicker)
goodvibes1 collected $1.35 from pot
*** SUMMARY ***
Total pot $1.40 | Rake $0.05 
Board [9c 9d 2c Qs Jc]
Seat 1: RyanHaire (small blind) folded on the River
Seat 2: Dorex2007 (big blind) showed [7h 9h] and lost with three of a kind, Nines
Seat 3: deileon folded on the Flop
Seat 4: DEMIAN770 folded before Flop (didn't bet)
Seat 6: Brajinn folded before Flop (didn't bet)
Seat 7: Sysrq03 folded before Flop (didn't bet)
Seat 8: VLADIMIR1964k folded before Flop (didn't bet)
Seat 9: goodvibes1 (button) showed [9s Ks] and won ($1.35) with three of a kind, Nines



PokerStars Hand #232560175287:  Hold'em No Limit ($0.01/$0.02 USD) - 2021/12/26 21:22:09 PT [2021/12/27 0:22:09 ET]
Table 'Victoria III' 9-max Seat #1 is the button
Seat 1: RyanHaire ($1.24 in chips) 
Seat 2: Dorex2007 ($2.75 in chips) 
Seat 4: DEMIAN770 ($4.47 in chips) 
Seat 6: Brajinn ($0.64 in chips) 
Seat 7: Sysrq03 ($3.67 in chips) 
Seat 8: VLADIMIR1964k ($1.64 in chips) 
Seat 9: goodvibes1 ($1.35 in chips) 
Dorex2007: posts small blind $0.01
deileon: is sitting out 
DEMIAN770: posts big blind $0.02
*** HOLE CARDS ***
Dealt to Dorex2007 [5h 4c]
Brajinn: calls $0.02
Sysrq03: folds 
VLADIMIR1964k: folds 
goodvibes1: calls $0.02
RyanHaire: calls $0.02
Dorex2007: folds 
DEMIAN770: checks 
*** FLOP *** [2h 5c Th]
DEMIAN770: bets $0.06
Brajinn: folds 
goodvibes1: folds 
RyanHaire: folds 
Uncalled bet ($0.06) returned to DEMIAN770
DEMIAN770 collected $0.09 from pot
DEMIAN770: doesn't show hand 
*** SUMMARY ***
Total pot $0.09 | Rake $0 
Board [2h 5c Th]
Seat 1: RyanHaire (button) folded on the Flop
Seat 2: Dorex2007 (small blind) folded before Flop
Seat 4: DEMIAN770 (big blind) collected ($0.09)
Seat 6: Brajinn folded on the Flop
Seat 7: Sysrq03 folded before Flop (didn't bet)
Seat 8: VLADIMIR1964k folded before Flop (didn't bet)
Seat 9: goodvibes1 folded on the Flop



PokerStars Hand #232560181458:  Hold'em No Limit ($0.01/$0.02 USD) - 2021/12/26 21:22:47 PT [2021/12/27 0:22:47 ET]
Table 'Victoria III' 9-max Seat #2 is the button
Seat 1: RyanHaire ($1.22 in chips) 
Seat 2: Dorex2007 ($2.74 in chips) 
Seat 4: DEMIAN770 ($4.54 in chips) 
Seat 5: Zuban442 ($0.92 in chips) 
Seat 6: Brajinn ($0.62 in chips) 
Seat 7: Sysrq03 ($3.67 in chips) 
Seat 8: VLADIMIR1964k ($1.64 in chips) 
Seat 9: goodvibes1 ($1.33 in chips) 
DEMIAN770: posts small blind $0.01
Zuban442: posts big blind $0.02
*** HOLE CARDS ***
Dealt to Dorex2007 [7d 6s]
Brajinn: folds 
Sysrq03: folds 
VLADIMIR1964k: folds 
goodvibes1: folds 
RyanHaire: raises $0.04 to $0.06
Dorex2007: folds 
DEMIAN770: folds 
Zuban442: folds 
Uncalled bet ($0.04) returned to RyanHaire
RyanHaire collected $0.05 from pot
RyanHaire: doesn't show hand 
*** SUMMARY ***
Total pot $0.05 | Rake $0 
Seat 1: RyanHaire collected ($0.05)
Seat 2: Dorex2007 (button) folded before Flop (didn't bet)
Seat 4: DEMIAN770 (small blind) folded before Flop
Seat 5: Zuban442 (big blind) folded before Flop
Seat 6: Brajinn folded before Flop (didn't bet)
Seat 7: Sysrq03 folded before Flop (didn't bet)
Seat 8: VLADIMIR1964k folded before Flop (didn't bet)
Seat 9: goodvibes1 folded before Flop (didn't bet)



PokerStars Hand #232560185769:  Hold'em No Limit ($0.01/$0.02 USD) - 2021/12/26 21:23:13 PT [2021/12/27 0:23:13 ET]
Table 'Victoria III' 9-max Seat #4 is the button
Seat 1: RyanHaire ($1.25 in chips) 
Seat 2: Dorex2007 ($2.74 in chips) 
Seat 4: DEMIAN770 ($4.53 in chips) 
Seat 5: Zuban442 ($0.90 in chips) 
Seat 6: Brajinn ($0.62 in chips) 
Seat 7: Sysrq03 ($3.67 in chips) 
Seat 8: VLADIMIR1964k ($1.64 in chips) 
Seat 9: goodvibes1 ($1.33 in chips) 
Zuban442: posts small blind $0.01
Brajinn: posts big blind $0.02
*** HOLE CARDS ***
Dealt to Dorex2007 [7h 5d]
Sysrq03: folds 
VLADIMIR1964k: calls $0.02
goodvibes1: folds 
RyanHaire: raises $0.04 to $0.06
Dorex2007: folds 
DEMIAN770: folds 
Zuban442: folds 
Brajinn: calls $0.04
VLADIMIR1964k: calls $0.04
*** FLOP *** [Jc 6d 9d]
Brajinn: checks 
VLADIMIR1964k: checks 
RyanHaire: bets $0.24
Brajinn: calls $0.24
VLADIMIR1964k: folds 
*** TURN *** [Jc 6d 9d] [Ac]
Brajinn: checks 
RyanHaire: bets $0.32
Brajinn: calls $0.32 and is all-in
*** RIVER *** [Jc 6d 9d Ac] [7c]
*** SHOW DOWN ***
Brajinn: shows [Kd Td] (high card Ace)
RyanHaire: shows [3h 2h] (high card Ace - lower kicker)
Brajinn cashed out the hand for $1.14 | Cash Out Fee $0.01
*** SUMMARY ***
Total pot $1.31 | Rake $0.05 
Board [Jc 6d 9d Ac 7c]
Seat 1: RyanHaire showed [3h 2h] and lost with high card Ace
Seat 2: Dorex2007 folded before Flop (didn't bet)
Seat 4: DEMIAN770 (button) folded before Flop (didn't bet)
Seat 5: Zuban442 (small blind) folded before Flop
Seat 6: Brajinn (big blind) showed [Kd Td] and won ($1.26) with high card Ace (pot not awarded as player cashed out)
Seat 7: Sysrq03 folded before Flop (didn't bet)
Seat 8: VLADIMIR1964k folded on the Flop
Seat 9: goodvibes1 folded before Flop (didn't bet)



PokerStars Hand #232560196767:  Hold'em No Limit ($0.01/$0.02 USD) - 2021/12/26 21:24:21 PT [2021/12/27 0:24:21 ET]
Table 'Victoria III' 9-max Seat #5 is the button
Seat 1: RyanHaire ($0.63 in chips) 
Seat 2: Dorex2007 ($2.74 in chips) 
Seat 4: DEMIAN770 ($4.53 in chips) 
Seat 5: Zuban442 ($0.89 in chips) 
Seat 6: Brajinn ($1.14 in chips) 
Seat 7: Sysrq03 ($3.67 in chips) 
Seat 8: VLADIMIR1964k ($1.58 in chips) 
Seat 9: goodvibes1 ($1.33 in chips) 
Brajinn: posts small blind $0.01
Sysrq03: posts big blind $0.02
*** HOLE CARDS ***
Dealt to Dorex2007 [3c 9d]
VLADIMIR1964k: folds 
goodvibes1: folds 
RyanHaire: folds 
Dorex2007: folds 
DEMIAN770: folds 
Zuban442: folds 
Brajinn: calls $0.01
Sysrq03: checks 
*** FLOP *** [3h Ts As]
Brajinn: bets $0.02
Sysrq03: calls $0.02
*** TURN *** [3h Ts As] [Ac]
Zuban442 is disconnected 
Brajinn: bets $0.04
Sysrq03: calls $0.04
*** RIVER *** [3h Ts As Ac] [Qh]
Brajinn: bets $0.08
Sysrq03: calls $0.08
*** SHOW DOWN ***
Brajinn: shows [Ah Kh] (three of a kind, Aces)
Sysrq03: mucks hand 
Brajinn collected $0.31 from pot
*** SUMMARY ***
Total pot $0.32 | Rake $0.01 
Board [3h Ts As Ac Qh]
Seat 1: RyanHaire folded before Flop (didn't bet)
Seat 2: Dorex2007 folded before Flop (didn't bet)
Seat 4: DEMIAN770 folded before Flop (didn't bet)
Seat 5: Zuban442 (button) folded before Flop (didn't bet)
Seat 6: Brajinn (small blind) showed [Ah Kh] and won ($0.31) with three of a kind, Aces
Seat 7: Sysrq03 (big blind) mucked [Tc 5s]
Seat 8: VLADIMIR1964k folded before Flop (didn't bet)
Seat 9: goodvibes1 folded before Flop (didn't bet)



PokerStars Hand #232560206075:  Hold'em No Limit ($0.01/$0.02 USD) - 2021/12/26 21:25:18 PT [2021/12/27 0:25:18 ET]
Table 'Victoria III' 9-max Seat #6 is the button
Seat 1: RyanHaire ($1.99 in chips) 
Seat 2: Dorex2007 ($2.74 in chips) 
Seat 4: DEMIAN770 ($4.53 in chips) 
Seat 5: Zuban442 ($0.89 in chips) 
Seat 6: Brajinn ($1.29 in chips) 
Seat 7: Sysrq03 ($3.51 in chips) 
Seat 8: VLADIMIR1964k ($1.58 in chips) 
Seat 9: goodvibes1 ($1.33 in chips) 
Sysrq03: posts small blind $0.01
VLADIMIR1964k: posts big blind $0.02
*** HOLE CARDS ***
Dealt to Dorex2007 [6h Tc]
goodvibes1: calls $0.02
RyanHaire: raises $0.04 to $0.06
Dorex2007: folds 
DEMIAN770: folds 
Zuban442 has timed out while disconnected
Zuban442: folds 
Brajinn: folds 
Sysrq03: folds 
VLADIMIR1964k: folds 
goodvibes1: raises $0.15 to $0.21
RyanHaire: calls $0.15
*** FLOP *** [Jh Jd Kd]
goodvibes1: bets $0.43
RyanHaire: calls $0.43
*** TURN *** [Jh Jd Kd] [2d]
goodvibes1: bets $0.69 and is all-in
RyanHaire: calls $0.69
*** RIVER *** [Jh Jd Kd 2d] [2s]
*** SHOW DOWN ***
goodvibes1: shows [Kh Kc] (a full house, Kings full of Jacks)
RyanHaire: shows [Ad 5d] (a flush, Ace high)
goodvibes1 collected $2.60 from pot
*** SUMMARY ***
Total pot $2.69 | Rake $0.09 
Board [Jh Jd Kd 2d 2s]
Seat 1: RyanHaire showed [Ad 5d] and lost with a flush, Ace high
Seat 2: Dorex2007 folded before Flop (didn't bet)
Seat 4: DEMIAN770 folded before Flop (didn't bet)
Seat 5: Zuban442 folded before Flop (didn't bet)
Seat 6: Brajinn (button) folded before Flop (didn't bet)
Seat 7: Sysrq03 (small blind) folded before Flop
Seat 8: VLADIMIR1964k (big blind) folded before Flop
Seat 9: goodvibes1 showed [Kh Kc] and won ($2.60) with a full house, Kings full of Jacks



PokerStars Hand #232560216192:  Hold'em No Limit ($0.01/$0.02 USD) - 2021/12/26 21:26:21 PT [2021/12/27 0:26:21 ET]
Table 'Victoria III' 9-max Seat #7 is the button
Seat 1: RyanHaire ($0.66 in chips) 
Seat 2: Dorex2007 ($2.74 in chips) 
Seat 4: DEMIAN770 ($4.53 in chips) 
Seat 6: Brajinn ($1.29 in chips) 
Seat 7: Sysrq03 ($3.50 in chips) 
Seat 8: VLADIMIR1964k ($1.56 in chips) 
Seat 9: goodvibes1 ($2.60 in chips) 
VLADIMIR1964k: posts small blind $0.01
goodvibes1: posts big blind $0.02
*** HOLE CARDS ***
Dealt to Dorex2007 [4s Qs]
RyanHaire: folds 
Dorex2007: folds 
DEMIAN770: folds 
Brajinn: folds 
Sysrq03: folds 
VLADIMIR1964k: calls $0.01
goodvibes1: checks 
*** FLOP *** [Ad Ts Ah]
VLADIMIR1964k: bets $0.02
goodvibes1: folds 
Uncalled bet ($0.02) returned to VLADIMIR1964k
VLADIMIR1964k collected $0.04 from pot
VLADIMIR1964k: doesn't show hand 
*** SUMMARY ***
Total pot $0.04 | Rake $0 
Board [Ad Ts Ah]
Seat 1: RyanHaire folded before Flop (didn't bet)
Seat 2: Dorex2007 folded before Flop (didn't bet)
Seat 4: DEMIAN770 folded before Flop (didn't bet)
Seat 6: Brajinn folded before Flop (didn't bet)
Seat 7: Sysrq03 (button) folded before Flop (didn't bet)
Seat 8: VLADIMIR1964k (small blind) collected ($0.04)
Seat 9: goodvibes1 (big blind) folded on the Flop



PokerStars Hand #232560219841:  Hold'em No Limit ($0.01/$0.02 USD) - 2021/12/26 21:26:44 PT [2021/12/27 0:26:44 ET]
Table 'Victoria III' 9-max Seat #8 is the button
Seat 1: RyanHaire ($2 in chips) 
Seat 2: Dorex2007 ($2.74 in chips) 
Seat 4: DEMIAN770 ($4.53 in chips) 
Seat 6: Brajinn ($1.29 in chips) 
Seat 7: Sysrq03 ($3.50 in chips) 
Seat 8: VLADIMIR1964k ($1.58 in chips) 
Seat 9: goodvibes1 ($2.58 in chips) 
goodvibes1: posts small blind $0.01
RyanHaire: posts big blind $0.02
*** HOLE CARDS ***
Dealt to Dorex2007 [Jc 8h]
Dorex2007: folds 
DEMIAN770: calls $0.02
Brajinn: folds 
Sysrq03: folds 
VLADIMIR1964k: calls $0.02
goodvibes1: folds 
RyanHaire: checks 
*** FLOP *** [8s 4s Ad]
RyanHaire: checks 
DEMIAN770: checks 
VLADIMIR1964k: bets $0.07
RyanHaire: folds 
DEMIAN770: folds 
Uncalled bet ($0.07) returned to VLADIMIR1964k
VLADIMIR1964k collected $0.07 from pot
VLADIMIR1964k: doesn't show hand 
*** SUMMARY ***
Total pot $0.07 | Rake $0 
Board [8s 4s Ad]
Seat 1: RyanHaire (big blind) folded on the Flop
Seat 2: Dorex2007 folded before Flop (didn't bet)
Seat 4: DEMIAN770 folded on the Flop
Seat 6: Brajinn folded before Flop (didn't bet)
Seat 7: Sysrq03 folded before Flop (didn't bet)
Seat 8: VLADIMIR1964k (button) collected ($0.07)
Seat 9: goodvibes1 (small blind) folded before Flop



PokerStars Hand #232560227616:  Hold'em No Limit ($0.01/$0.02 USD) - 2021/12/26 21:27:33 PT [2021/12/27 0:27:33 ET]
Table 'Victoria III' 9-max Seat #9 is the button
Seat 1: RyanHaire ($1.98 in chips) 
Seat 2: Dorex2007 ($2.74 in chips) 
Seat 4: DEMIAN770 ($4.51 in chips) 
Seat 6: Brajinn ($1.29 in chips) 
Seat 7: Sysrq03 ($3.50 in chips) 
Seat 8: VLADIMIR1964k ($1.63 in chips) 
Seat 9: goodvibes1 ($2.57 in chips) 
RyanHaire: posts small blind $0.01
Dorex2007: posts big blind $0.02
*** HOLE CARDS ***
Dealt to Dorex2007 [8h 6h]
DEMIAN770: folds 
Brajinn: folds 
Sysrq03: folds 
VLADIMIR1964k: folds 
goodvibes1: folds 
RyanHaire: raises $0.04 to $0.06
Dorex2007: folds 
Uncalled bet ($0.04) returned to RyanHaire
RyanHaire collected $0.04 from pot
RyanHaire: doesn't show hand 
*** SUMMARY ***
Total pot $0.04 | Rake $0 
Seat 1: RyanHaire (small blind) collected ($0.04)
Seat 2: Dorex2007 (big blind) folded before Flop
Seat 4: DEMIAN770 folded before Flop (didn't bet)
Seat 6: Brajinn folded before Flop (didn't bet)
Seat 7: Sysrq03 folded before Flop (didn't bet)
Seat 8: VLADIMIR1964k folded before Flop (didn't bet)
Seat 9: goodvibes1 (button) folded before Flop (didn't bet)



PokerStars Hand #232560231815:  Hold'em No Limit ($0.01/$0.02 USD) - 2021/12/26 21:27:59 PT [2021/12/27 0:27:59 ET]
Table 'Victoria III' 9-max Seat #1 is the button
Seat 1: RyanHaire ($2 in chips) 
Seat 2: Dorex2007 ($2.72 in chips) 
Seat 4: DEMIAN770 ($4.51 in chips) 
Seat 6: Brajinn ($1.29 in chips) 
Seat 7: Sysrq03 ($3.50 in chips) 
Seat 8: VLADIMIR1964k ($1.63 in chips) 
Seat 9: goodvibes1 ($2.57 in chips) 
Dorex2007: posts small blind $0.01
DEMIAN770: posts big blind $0.02
*** HOLE CARDS ***
Dealt to Dorex2007 [2c 5d]
Brajinn: folds 
Sysrq03: folds 
VLADIMIR1964k: folds 
goodvibes1: folds 
RyanHaire: raises $0.04 to $0.06
Dorex2007: folds 
DEMIAN770: calls $0.04
*** FLOP *** [7d Qd 3c]
DEMIAN770: checks 
RyanHaire: bets $0.14
DEMIAN770: calls $0.14
*** TURN *** [7d Qd 3c] [5h]
DEMIAN770: checks 
RyanHaire: checks 
*** RIVER *** [7d Qd 3c 5h] [8h]
DEMIAN770: bets $0.20
RyanHaire: folds 
Uncalled bet ($0.20) returned to DEMIAN770
DEMIAN770 collected $0.40 from pot
DEMIAN770: doesn't show hand 
*** SUMMARY ***
Total pot $0.41 | Rake $0.01 
Board [7d Qd 3c 5h 8h]
Seat 1: RyanHaire (button) folded on the River
Seat 2: Dorex2007 (small blind) folded before Flop
Seat 4: DEMIAN770 (big blind) collected ($0.40)
Seat 6: Brajinn folded before Flop (didn't bet)
Seat 7: Sysrq03 folded before Flop (didn't bet)
Seat 8: VLADIMIR1964k folded before Flop (didn't bet)
Seat 9: goodvibes1 folded before Flop (didn't bet)



PokerStars Hand #232560241316:  Hold'em No Limit ($0.01/$0.02 USD) - 2021/12/26 21:28:49 PT [2021/12/27 0:28:49 ET]
Table 'Victoria III' 9-max Seat #2 is the button
Seat 1: RyanHaire ($1.80 in chips) 
Seat 2: Dorex2007 ($2.71 in chips) 
Seat 4: DEMIAN770 ($4.71 in chips) 
Seat 5: Zuban442 ($0.89 in chips) 
Seat 6: Brajinn ($1.29 in chips) 
Seat 7: Sysrq03 ($3.50 in chips) 
Seat 8: VLADIMIR1964k ($1.63 in chips) 
Seat 9: goodvibes1 ($2.57 in chips) 
DEMIAN770: posts small blind $0.01
Zuban442: posts big blind $0.02
*** HOLE CARDS ***
Dealt to Dorex2007 [As 3h]
Brajinn: folds 
Sysrq03: folds 
VLADIMIR1964k: calls $0.02
goodvibes1: calls $0.02
RyanHaire: raises $0.08 to $0.10
Dorex2007: folds 
DEMIAN770: folds 
Zuban442: folds 
VLADIMIR1964k: calls $0.08
goodvibes1: calls $0.08
*** FLOP *** [3d 8h 5c]
VLADIMIR1964k: checks 
goodvibes1: checks 
RyanHaire: bets $0.16
VLADIMIR1964k: folds 
goodvibes1: folds 
Uncalled bet ($0.16) returned to RyanHaire
RyanHaire collected $0.32 from pot
RyanHaire: doesn't show hand 
*** SUMMARY ***
Total pot $0.33 | Rake $0.01 
Board [3d 8h 5c]
Seat 1: RyanHaire collected ($0.32)
Seat 2: Dorex2007 (button) folded before Flop (didn't bet)
Seat 4: DEMIAN770 (small blind) folded before Flop
Seat 5: Zuban442 (big blind) folded before Flop
Seat 6: Brajinn folded before Flop (didn't bet)
Seat 7: Sysrq03 folded before Flop (didn't bet)
Seat 8: VLADIMIR1964k folded on the Flop
Seat 9: goodvibes1 folded on the Flop



PokerStars Hand #232560249019:  Hold'em No Limit ($0.01/$0.02 USD) - 2021/12/26 21:29:37 PT [2021/12/27 0:29:37 ET]
Table 'Victoria III' 9-max Seat #4 is the button
Seat 1: RyanHaire ($2.02 in chips) 
Seat 2: Dorex2007 ($2.71 in chips) 
Seat 4: DEMIAN770 ($4.70 in chips) 
Seat 5: Zuban442 ($0.87 in chips) 
Seat 6: Brajinn ($1.29 in chips) 
Seat 7: Sysrq03 ($3.50 in chips) 
Seat 8: VLADIMIR1964k ($1.53 in chips) 
Seat 9: goodvibes1 ($2.47 in chips) 
Zuban442: posts small blind $0.01
Brajinn: posts big blind $0.02
*** HOLE CARDS ***
Dealt to Dorex2007 [Th Kc]
Sysrq03: folds 
VLADIMIR1964k: calls $0.02
goodvibes1: calls $0.02
RyanHaire: folds 
Dorex2007: folds 
DEMIAN770: folds 
Zuban442: folds 
Brajinn: checks 
*** FLOP *** [Ad 3d Tc]
Brajinn: checks 
VLADIMIR1964k: bets $0.02
goodvibes1: folds 
Brajinn: calls $0.02
*** TURN *** [Ad 3d Tc] [3s]
Brajinn: checks 
VLADIMIR1964k: bets $0.02
Brajinn: calls $0.02
*** RIVER *** [Ad 3d Tc 3s] [9s]
Brajinn: checks 
VLADIMIR1964k: checks 
*** SHOW DOWN ***
Brajinn: shows [2s 4d] (a pair of Threes)
VLADIMIR1964k: shows [6c As] (two pair, Aces and Threes)
VLADIMIR1964k collected $0.14 from pot
*** SUMMARY ***
Total pot $0.15 | Rake $0.01 
Board [Ad 3d Tc 3s 9s]
Seat 1: RyanHaire folded before Flop (didn't bet)
Seat 2: Dorex2007 folded before Flop (didn't bet)
Seat 4: DEMIAN770 (button) folded before Flop (didn't bet)
Seat 5: Zuban442 (small blind) folded before Flop
Seat 6: Brajinn (big blind) showed [2s 4d] and lost with a pair of Threes
Seat 7: Sysrq03 folded before Flop (didn't bet)
Seat 8: VLADIMIR1964k showed [6c As] and won ($0.14) with two pair, Aces and Threes
Seat 9: goodvibes1 folded on the Flop



PokerStars Hand #232560256445:  Hold'em No Limit ($0.01/$0.02 USD) - 2021/12/26 21:30:23 PT [2021/12/27 0:30:23 ET]
Table 'Victoria III' 9-max Seat #5 is the button
Seat 1: RyanHaire ($2.02 in chips) 
Seat 2: Dorex2007 ($2.71 in chips) 
Seat 4: DEMIAN770 ($4.70 in chips) 
Seat 5: Zuban442 ($0.86 in chips) 
Seat 6: Brajinn ($1.23 in chips) 
Seat 7: Sysrq03 ($3.50 in chips) 
Seat 8: VLADIMIR1964k ($1.61 in chips) 
Seat 9: goodvibes1 ($2.45 in chips) 
Brajinn: posts small blind $0.01
Sysrq03: posts big blind $0.02
*** HOLE CARDS ***
Dealt to Dorex2007 [3d 7d]
VLADIMIR1964k: folds 
goodvibes1: folds 
RyanHaire: folds 
Dorex2007: folds 
DEMIAN770: folds 
Zuban442: folds 
Brajinn: folds 
Uncalled bet ($0.01) returned to Sysrq03
Brajinn leaves the table
Sysrq03 collected $0.02 from pot
*** SUMMARY ***
Total pot $0.02 | Rake $0 
Seat 1: RyanHaire folded before Flop (didn't bet)
Seat 2: Dorex2007 folded before Flop (didn't bet)
Seat 4: DEMIAN770 folded before Flop (didn't bet)
Seat 5: Zuban442 (button) folded before Flop (didn't bet)
Seat 6: Brajinn (small blind) folded before Flop
Seat 7: Sysrq03 (big blind) collected ($0.02)
Seat 8: VLADIMIR1964k folded before Flop (didn't bet)
Seat 9: goodvibes1 folded before Flop (didn't bet)



PokerStars Hand #232560259035:  Hold'em No Limit ($0.01/$0.02 USD) - 2021/12/26 21:30:39 PT [2021/12/27 0:30:39 ET]
Table 'Victoria III' 9-max Seat #7 is the button
Seat 1: RyanHaire ($2.02 in chips) 
Seat 2: Dorex2007 ($2.71 in chips) 
Seat 4: DEMIAN770 ($4.70 in chips) 
Seat 5: Zuban442 ($0.86 in chips) 
Seat 7: Sysrq03 ($3.51 in chips) 
Seat 8: VLADIMIR1964k ($1.61 in chips) 
Seat 9: goodvibes1 ($2.45 in chips) 
VLADIMIR1964k: posts small blind $0.01
goodvibes1: posts big blind $0.02
*** HOLE CARDS ***
Dealt to Dorex2007 [As Qh]
RyanHaire: folds 
Dorex2007: raises $0.04 to $0.06
DEMIAN770: folds 
Zuban442: folds 
Sysrq03: folds 
VLADIMIR1964k: folds 
goodvibes1: folds 
Uncalled bet ($0.04) returned to Dorex2007
Dorex2007 collected $0.05 from pot
Dorex2007: doesn't show hand 
*** SUMMARY ***
Total pot $0.05 | Rake $0 
Seat 1: RyanHaire folded before Flop (didn't bet)
Seat 2: Dorex2007 collected ($0.05)
Seat 4: DEMIAN770 folded before Flop (didn't bet)
Seat 5: Zuban442 folded before Flop (didn't bet)
Seat 7: Sysrq03 (button) folded before Flop (didn't bet)
Seat 8: VLADIMIR1964k (small blind) folded before Flop
Seat 9: goodvibes1 (big blind) folded before Flop



PokerStars Hand #232560263834:  Hold'em No Limit ($0.01/$0.02 USD) - 2021/12/26 21:31:09 PT [2021/12/27 0:31:09 ET]
Table 'Victoria III' 9-max Seat #8 is the button
Seat 1: RyanHaire ($2.02 in chips) 
Seat 2: Dorex2007 ($2.74 in chips) 
Seat 4: DEMIAN770 ($4.70 in chips) 
Seat 5: Zuban442 ($0.86 in chips) 
Seat 7: Sysrq03 ($3.51 in chips) 
Seat 8: VLADIMIR1964k ($1.60 in chips) 
Seat 9: goodvibes1 ($2.43 in chips) 
goodvibes1: posts small blind $0.01
RyanHaire: posts big blind $0.02
*** HOLE CARDS ***
Dealt to Dorex2007 [4h 4d]
Dorex2007: calls $0.02
DEMIAN770: calls $0.02
BAZ1NGA 986 joins the table at seat #6 
Zuban442: folds 
Sysrq03: folds 
VLADIMIR1964k: folds 
goodvibes1: calls $0.01
RyanHaire: raises $0.10 to $0.12
Dorex2007: folds 
DEMIAN770: folds 
goodvibes1: calls $0.10
*** FLOP *** [2h Ks Th]
goodvibes1: checks 
RyanHaire: checks 
*** TURN *** [2h Ks Th] [3h]
goodvibes1: checks 
RyanHaire: bets $0.20
goodvibes1: calls $0.20
*** RIVER *** [2h Ks Th 3h] [Qh]
goodvibes1: bets $2.11 and is all-in
RyanHaire: folds 
Uncalled bet ($2.11) returned to goodvibes1
goodvibes1 collected $0.66 from pot
goodvibes1: doesn't show hand 
*** SUMMARY ***
Total pot $0.68 | Rake $0.02 
Board [2h Ks Th 3h Qh]
Seat 1: RyanHaire (big blind) folded on the River
Seat 2: Dorex2007 folded before Flop
Seat 4: DEMIAN770 folded before Flop
Seat 5: Zuban442 folded before Flop (didn't bet)
Seat 7: Sysrq03 folded before Flop (didn't bet)
Seat 8: VLADIMIR1964k (button) folded before Flop (didn't bet)
Seat 9: goodvibes1 (small blind) collected ($0.66)



PokerStars Hand #232560271331:  Hold'em No Limit ($0.01/$0.02 USD) - 2021/12/26 21:31:56 PT [2021/12/27 0:31:56 ET]
Table 'Victoria III' 9-max Seat #9 is the button
Seat 1: RyanHaire ($1.70 in chips) 
Seat 2: Dorex2007 ($2.72 in chips) 
Seat 4: DEMIAN770 ($4.68 in chips) 
Seat 5: Zuban442 ($0.86 in chips) 
Seat 6: BAZ1NGA 986 ($1.60 in chips) 
Seat 7: Sysrq03 ($3.51 in chips) 
Seat 8: VLADIMIR1964k ($1.60 in chips) 
Seat 9: goodvibes1 ($2.77 in chips) 
RyanHaire: posts small blind $0.01
Dorex2007: posts big blind $0.02
BAZ1NGA 986: posts big blind $0.02
*** HOLE CARDS ***
Dealt to Dorex2007 [Th 7s]
DEMIAN770: calls $0.02
Zuban442: folds 
BAZ1NGA 986: checks 
Sysrq03: folds 
VLADIMIR1964k: folds 
goodvibes1: folds 
RyanHaire: folds 
Dorex2007: checks 
*** FLOP *** [As 6h 2h]
Dorex2007: checks 
DEMIAN770: checks 
BAZ1NGA 986: bets $0.02
Dorex2007: folds 
DEMIAN770: folds 
Uncalled bet ($0.02) returned to BAZ1NGA 986
BAZ1NGA 986 collected $0.07 from pot
BAZ1NGA 986: doesn't show hand 
*** SUMMARY ***
Total pot $0.07 | Rake $0 
Board [As 6h 2h]
Seat 1: RyanHaire (small blind) folded before Flop
Seat 2: Dorex2007 (big blind) folded on the Flop
Seat 4: DEMIAN770 folded on the Flop
Seat 5: Zuban442 folded before Flop (didn't bet)
Seat 6: BAZ1NGA 986 collected ($0.07)
Seat 7: Sysrq03 folded before Flop (didn't bet)
Seat 8: VLADIMIR1964k folded before Flop (didn't bet)
Seat 9: goodvibes1 (button) folded before Flop (didn't bet)



PokerStars Hand #232560277250:  Hold'em No Limit ($0.01/$0.02 USD) - 2021/12/26 21:32:33 PT [2021/12/27 0:32:33 ET]
Table 'Victoria III' 9-max Seat #1 is the button
Seat 1: RyanHaire ($1.69 in chips) 
Seat 2: Dorex2007 ($2.70 in chips) 
Seat 4: DEMIAN770 ($4.66 in chips) 
Seat 5: Zuban442 ($0.86 in chips) 
Seat 6: BAZ1NGA 986 ($1.65 in chips) 
Seat 7: Sysrq03 ($3.51 in chips) 
Seat 8: VLADIMIR1964k ($1.60 in chips) 
Seat 9: goodvibes1 ($2.77 in chips) 
Dorex2007: posts small blind $0.01
DEMIAN770: posts big blind $0.02
*** HOLE CARDS ***
Dealt to Dorex2007 [6d Kd]
Zuban442: raises $0.02 to $0.04
BAZ1NGA 986: folds 
Sysrq03: folds 
VLADIMIR1964k: calls $0.04
goodvibes1: folds 
RyanHaire: folds 
Dorex2007: calls $0.03
DEMIAN770: calls $0.02
*** FLOP *** [Qh Th 5s]
Dorex2007: checks 
DEMIAN770: checks 
Zuban442: checks 
VLADIMIR1964k: bets $0.07
Dorex2007: folds 
DEMIAN770: calls $0.07
Zuban442: calls $0.07
*** TURN *** [Qh Th 5s] [4s]
DEMIAN770: checks 
Zuban442: checks 
VLADIMIR1964k: bets $0.18
DEMIAN770: folds 
Zuban442: folds 
Uncalled bet ($0.18) returned to VLADIMIR1964k
VLADIMIR1964k collected $0.36 from pot
*** SUMMARY ***
Total pot $0.37 | Rake $0.01 
Board [Qh Th 5s 4s]
Seat 1: RyanHaire (button) folded before Flop (didn't bet)
Seat 2: Dorex2007 (small blind) folded on the Flop
Seat 4: DEMIAN770 (big blind) folded on the Turn
Seat 5: Zuban442 folded on the Turn
Seat 6: BAZ1NGA 986 folded before Flop (didn't bet)
Seat 7: Sysrq03 folded before Flop (didn't bet)
Seat 8: VLADIMIR1964k collected ($0.36)
Seat 9: goodvibes1 folded before Flop (didn't bet)



PokerStars Hand #232560293841:  Hold'em No Limit ($0.01/$0.02 USD) - 2021/12/26 21:33:36 PT [2021/12/27 0:33:36 ET]
Table 'Victoria III' 9-max Seat #2 is the button
Seat 1: RyanHaire ($2 in chips) 
Seat 2: Dorex2007 ($2.66 in chips) 
Seat 4: DEMIAN770 ($4.55 in chips) 
Seat 5: Zuban442 ($0.75 in chips) 
Seat 6: BAZ1NGA 986 ($1.65 in chips) 
Seat 7: Sysrq03 ($3.51 in chips) 
Seat 8: VLADIMIR1964k ($1.85 in chips) 
Seat 9: goodvibes1 ($2.77 in chips) 
DEMIAN770: posts small blind $0.01
Zuban442: posts big blind $0.02
*** HOLE CARDS ***
Dealt to Dorex2007 [Qs 7c]
BAZ1NGA 986: folds 
Sysrq03: folds 
VLADIMIR1964k: folds 
goodvibes1: folds 
Zuban442 is disconnected 
RyanHaire: raises $0.06 to $0.08
Dorex2007: folds 
DEMIAN770: folds 
Zuban442 has timed out while disconnected
Zuban442: folds 
Uncalled bet ($0.06) returned to RyanHaire
RyanHaire collected $0.05 from pot
RyanHaire: doesn't show hand 
*** SUMMARY ***
Total pot $0.05 | Rake $0 
Seat 1: RyanHaire collected ($0.05)
Seat 2: Dorex2007 (button) folded before Flop (didn't bet)
Seat 4: DEMIAN770 (small blind) folded before Flop
Seat 5: Zuban442 (big blind) folded before Flop
Seat 6: BAZ1NGA 986 folded before Flop (didn't bet)
Seat 7: Sysrq03 folded before Flop (didn't bet)
Seat 8: VLADIMIR1964k folded before Flop (didn't bet)
Seat 9: goodvibes1 folded before Flop (didn't bet)



PokerStars Hand #232560304935:  Hold'em No Limit ($0.01/$0.02 USD) - 2021/12/26 21:34:29 PT [2021/12/27 0:34:29 ET]
Table 'Victoria III' 9-max Seat #4 is the button
Seat 1: RyanHaire ($2.03 in chips) 
Seat 2: Dorex2007 ($2.66 in chips) 
Seat 4: DEMIAN770 ($4.54 in chips) 
Seat 6: BAZ1NGA 986 ($1.65 in chips) 
Seat 7: Sysrq03 ($3.51 in chips) 
Seat 8: VLADIMIR1964k ($1.85 in chips) 
Seat 9: goodvibes1 ($2.77 in chips) 
BAZ1NGA 986: posts small blind $0.01
Sysrq03: posts big blind $0.02
*** HOLE CARDS ***
Dealt to Dorex2007 [6d 8c]
VLADIMIR1964k: calls $0.02
goodvibes1: folds 
RyanHaire: raises $0.04 to $0.06
Dorex2007: folds 
DEMIAN770: calls $0.06
BAZ1NGA 986: calls $0.05
Sysrq03: folds 
VLADIMIR1964k: calls $0.04
*** FLOP *** [As 8s 6h]
BAZ1NGA 986: bets $0.02
VLADIMIR1964k: calls $0.02
RyanHaire: raises $0.16 to $0.18
DEMIAN770: calls $0.18
BAZ1NGA 986: calls $0.16
VLADIMIR1964k: calls $0.16
*** TURN *** [As 8s 6h] [Qd]
BAZ1NGA 986: bets $0.02
VLADIMIR1964k: calls $0.02
RyanHaire: folds 
DEMIAN770: raises $1.01 to $1.03
BAZ1NGA 986: folds 
VLADIMIR1964k: folds 
Uncalled bet ($1.01) returned to DEMIAN770
DEMIAN770 collected $1 from pot
DEMIAN770: doesn't show hand 
*** SUMMARY ***
Total pot $1.04 | Rake $0.04 
Board [As 8s 6h Qd]
Seat 1: RyanHaire folded on the Turn
Seat 2: Dorex2007 folded before Flop (didn't bet)
Seat 4: DEMIAN770 (button) collected ($1)
Seat 6: BAZ1NGA 986 (small blind) folded on the Turn
Seat 7: Sysrq03 (big blind) folded before Flop
Seat 8: VLADIMIR1964k folded on the Turn
Seat 9: goodvibes1 folded before Flop (didn't bet)



PokerStars Hand #232560323188:  Hold'em No Limit ($0.01/$0.02 USD) - 2021/12/26 21:36:25 PT [2021/12/27 0:36:25 ET]
Table 'Victoria III' 9-max Seat #6 is the button
Seat 1: RyanHaire ($1.79 in chips) 
Seat 2: Dorex2007 ($2.66 in chips) 
Seat 4: DEMIAN770 ($5.28 in chips) 
Seat 6: BAZ1NGA 986 ($1.39 in chips) 
Seat 7: Sysrq03 ($3.49 in chips) 
Seat 8: VLADIMIR1964k ($1.59 in chips) 
Seat 9: goodvibes1 ($2.77 in chips) 
Sysrq03: posts small blind $0.01
VLADIMIR1964k: posts big blind $0.02
*** HOLE CARDS ***
Dealt to Dorex2007 [8c 9c]
goodvibes1: calls $0.02
RyanHaire: folds 
Dorex2007: folds 
DEMIAN770: calls $0.02
BAZ1NGA 986: calls $0.02
Sysrq03: calls $0.01
VLADIMIR1964k: checks 
*** FLOP *** [8h 5c Ac]
Sysrq03: checks 
VLADIMIR1964k: checks 
goodvibes1: checks 
DEMIAN770: bets $0.05
BAZ1NGA 986: raises $0.05 to $0.10
Sysrq03: folds 
VLADIMIR1964k: folds 
goodvibes1: folds 
DEMIAN770: calls $0.05
*** TURN *** [8h 5c Ac] [4c]
DEMIAN770: checks 
BAZ1NGA 986: bets $1.27 and is all-in
DEMIAN770: folds 
Uncalled bet ($1.27) returned to BAZ1NGA 986
BAZ1NGA 986 collected $0.29 from pot
BAZ1NGA 986: doesn't show hand 
*** SUMMARY ***
Total pot $0.30 | Rake $0.01 
Board [8h 5c Ac 4c]
Seat 1: RyanHaire folded before Flop (didn't bet)
Seat 2: Dorex2007 folded before Flop (didn't bet)
Seat 4: DEMIAN770 folded on the Turn
Seat 6: BAZ1NGA 986 (button) collected ($0.29)
Seat 7: Sysrq03 (small blind) folded on the Flop
Seat 8: VLADIMIR1964k (big blind) folded on the Flop
Seat 9: goodvibes1 folded on the Flop



PokerStars Hand #232560330631:  Hold'em No Limit ($0.01/$0.02 USD) - 2021/12/26 21:37:11 PT [2021/12/27 0:37:11 ET]
Table 'Victoria III' 9-max Seat #7 is the button
Seat 1: RyanHaire ($1.79 in chips) 
Seat 2: Dorex2007 ($2.66 in chips) 
Seat 4: DEMIAN770 ($5.16 in chips) 
Seat 6: BAZ1NGA 986 ($1.56 in chips) 
Seat 7: Sysrq03 ($3.47 in chips) 
Seat 8: VLADIMIR1964k ($1.57 in chips) 
Seat 9: goodvibes1 ($2.75 in chips) 
VLADIMIR1964k: posts small blind $0.01
goodvibes1: posts big blind $0.02
*** HOLE CARDS ***
Dealt to Dorex2007 [6h 9d]
RyanHaire: folds 
Dorex2007: folds 
DEMIAN770: calls $0.02
BAZ1NGA 986: calls $0.02
Sysrq03: calls $0.02
VLADIMIR1964k: calls $0.01
goodvibes1: checks 
*** FLOP *** [6d 8s 4c]
VLADIMIR1964k: checks 
goodvibes1: checks 
DEMIAN770: checks 
BAZ1NGA 986: bets $0.02
Zuban442 leaves the table
Sysrq03: folds 
VLADIMIR1964k: calls $0.02
goodvibes1: calls $0.02
DEMIAN770: calls $0.02
*** TURN *** [6d 8s 4c] [As]
VLADIMIR1964k: checks 
goodvibes1: checks 
slipfinger72 joins the table at seat #5 
DEMIAN770: checks 
BAZ1NGA 986: checks 
*** RIVER *** [6d 8s 4c As] [6c]
deileon leaves the table
VLADIMIR1964k: checks 
goodvibes1: checks 
DEMIAN770: checks 
BAZ1NGA 986: bets $0.08
VLADIMIR1964k: folds 
goodvibes1: folds 
DEMIAN770: folds 
Uncalled bet ($0.08) returned to BAZ1NGA 986
BAZ1NGA 986 collected $0.17 from pot
BAZ1NGA 986: doesn't show hand 
*** SUMMARY ***
Total pot $0.18 | Rake $0.01 
Board [6d 8s 4c As 6c]
Seat 1: RyanHaire folded before Flop (didn't bet)
Seat 2: Dorex2007 folded before Flop (didn't bet)
Seat 4: DEMIAN770 folded on the River
Seat 6: BAZ1NGA 986 collected ($0.17)
Seat 7: Sysrq03 (button) folded on the Flop
Seat 8: VLADIMIR1964k (small blind) folded on the River
Seat 9: goodvibes1 (big blind) folded on the River



PokerStars Hand #232560349493:  Hold'em No Limit ($0.01/$0.02 USD) - 2021/12/26 21:39:11 PT [2021/12/27 0:39:11 ET]
Table 'Victoria III' 9-max Seat #8 is the button
Seat 1: RyanHaire ($1.79 in chips) 
Seat 2: Dorex2007 ($2.66 in chips) 
Seat 4: DEMIAN770 ($5.12 in chips) 
Seat 6: BAZ1NGA 986 ($1.69 in chips) 
Seat 7: Sysrq03 ($3.45 in chips) 
Seat 8: VLADIMIR1964k ($1.53 in chips) 
Seat 9: goodvibes1 ($2.71 in chips) 
goodvibes1: posts small blind $0.01
RyanHaire: posts big blind $0.02
slipfinger72: sits out 
*** HOLE CARDS ***
Dealt to Dorex2007 [Qc Ts]
Dorex2007: folds 
DEMIAN770: calls $0.02
BAZ1NGA 986: calls $0.02
Sysrq03: folds 
VLADIMIR1964k has timed out
VLADIMIR1964k: folds 
goodvibes1: calls $0.01
RyanHaire: raises $0.08 to $0.10
DEMIAN770: folds 
BAZ1NGA 986: folds 
goodvibes1: calls $0.08
*** FLOP *** [3h As Tc]
goodvibes1: checks 
RyanHaire: bets $0.17
goodvibes1: folds 
Uncalled bet ($0.17) returned to RyanHaire
RyanHaire collected $0.23 from pot
RyanHaire: doesn't show hand 
*** SUMMARY ***
Total pot $0.24 | Rake $0.01 
Board [3h As Tc]
Seat 1: RyanHaire (big blind) collected ($0.23)
Seat 2: Dorex2007 folded before Flop (didn't bet)
Seat 4: DEMIAN770 folded before Flop
Seat 6: BAZ1NGA 986 folded before Flop
Seat 7: Sysrq03 folded before Flop (didn't bet)
Seat 8: VLADIMIR1964k (button) folded before Flop (didn't bet)
Seat 9: goodvibes1 (small blind) folded on the Flop



PokerStars Hand #232560356846:  Hold'em No Limit ($0.01/$0.02 USD) - 2021/12/26 21:39:58 PT [2021/12/27 0:39:58 ET]
Table 'Victoria III' 9-max Seat #9 is the button
Seat 1: RyanHaire ($1.92 in chips) 
Seat 2: Dorex2007 ($2.66 in chips) 
Seat 4: DEMIAN770 ($5.10 in chips) 
Seat 6: BAZ1NGA 986 ($1.67 in chips) 
Seat 7: Sysrq03 ($3.45 in chips) 
Seat 8: VLADIMIR1964k ($1.53 in chips) 
Seat 9: goodvibes1 ($2.61 in chips) 
RyanHaire: posts small blind $0.01
Dorex2007: posts big blind $0.02
slipfinger72: sits out 
*** HOLE CARDS ***
Dealt to Dorex2007 [5c 7s]
DEMIAN770: folds 
BAZ1NGA 986: calls $0.02
Sysrq03: folds 
VLADIMIR1964k: calls $0.02
goodvibes1: folds 
RyanHaire: folds 
Dorex2007: checks 
*** FLOP *** [8s Ts 2s]
Dorex2007: checks 
BAZ1NGA 986: bets $0.02
VLADIMIR1964k: calls $0.02
Dorex2007: calls $0.02
*** TURN *** [8s Ts 2s] [Kd]
Dorex2007: checks 
BAZ1NGA 986: bets $0.02
VLADIMIR1964k: calls $0.02
Dorex2007: folds 
*** RIVER *** [8s Ts 2s Kd] [6s]
BAZ1NGA 986: bets $1.61 and is all-in
VLADIMIR1964k: folds 
Uncalled bet ($1.61) returned to BAZ1NGA 986
BAZ1NGA 986 collected $0.16 from pot
BAZ1NGA 986: doesn't show hand 
*** SUMMARY ***
Total pot $0.17 | Rake $0.01 
Board [8s Ts 2s Kd 6s]
Seat 1: RyanHaire (small blind) folded before Flop
Seat 2: Dorex2007 (big blind) folded on the Turn
Seat 4: DEMIAN770 folded before Flop (didn't bet)
Seat 6: BAZ1NGA 986 collected ($0.16)
Seat 7: Sysrq03 folded before Flop (didn't bet)
Seat 8: VLADIMIR1964k folded on the River
Seat 9: goodvibes1 (button) folded before Flop (didn't bet)



PokerStars Hand #232560364101:  Hold'em No Limit ($0.01/$0.02 USD) - 2021/12/26 21:40:45 PT [2021/12/27 0:40:45 ET]
Table 'Victoria III' 9-max Seat #1 is the button
Seat 1: RyanHaire ($1.91 in chips) 
Seat 2: Dorex2007 ($2.62 in chips) 
Seat 4: DEMIAN770 ($5.10 in chips) 
Seat 6: BAZ1NGA 986 ($1.77 in chips) 
Seat 7: Sysrq03 ($3.45 in chips) 
Seat 8: VLADIMIR1964k ($1.47 in chips) 
Seat 9: goodvibes1 ($2.61 in chips) 
Dorex2007: posts small blind $0.01
DEMIAN770: posts big blind $0.02
slipfinger72: sits out 
*** HOLE CARDS ***
Dealt to Dorex2007 [4c Kd]
BAZ1NGA 986: folds 
Sysrq03: folds 
VLADIMIR1964k: calls $0.02
goodvibes1: calls $0.02
RyanHaire: raises $0.08 to $0.10
Dorex2007: folds 
GENJD joins the table at seat #3 
DEMIAN770: folds 
VLADIMIR1964k: folds 
goodvibes1: calls $0.08
*** FLOP *** [7h 5c 2c]
goodvibes1: checks 
RyanHaire: bets $0.18
goodvibes1: calls $0.18
*** TURN *** [7h 5c 2c] [Kh]
goodvibes1: checks 
RyanHaire: bets $0.44
goodvibes1: calls $0.44
*** RIVER *** [7h 5c 2c Kh] [9c]
goodvibes1: checks 
RyanHaire: bets $1.08
goodvibes1: folds 
Uncalled bet ($1.08) returned to RyanHaire
RyanHaire collected $1.44 from pot
RyanHaire: doesn't show hand 
*** SUMMARY ***
Total pot $1.49 | Rake $0.05 
Board [7h 5c 2c Kh 9c]
Seat 1: RyanHaire (button) collected ($1.44)
Seat 2: Dorex2007 (small blind) folded before Flop
Seat 4: DEMIAN770 (big blind) folded before Flop
Seat 6: BAZ1NGA 986 folded before Flop (didn't bet)
Seat 7: Sysrq03 folded before Flop (didn't bet)
Seat 8: VLADIMIR1964k folded before Flop
Seat 9: goodvibes1 folded on the River



PokerStars Hand #232560374586:  Hold'em No Limit ($0.01/$0.02 USD) - 2021/12/26 21:41:52 PT [2021/12/27 0:41:52 ET]
Table 'Victoria III' 9-max Seat #2 is the button
Seat 1: RyanHaire ($2.63 in chips) 
Seat 2: Dorex2007 ($2.61 in chips) 
Seat 4: DEMIAN770 ($5.08 in chips) 
Seat 5: slipfinger72 ($2 in chips) 
Seat 6: BAZ1NGA 986 ($1.77 in chips) 
Seat 7: Sysrq03 ($3.45 in chips) 
Seat 8: VLADIMIR1964k ($1.45 in chips) 
Seat 9: goodvibes1 ($1.89 in chips) 
DEMIAN770: posts small blind $0.01
slipfinger72: posts big blind $0.02
*** HOLE CARDS ***
Dealt to Dorex2007 [5c 5s]
BAZ1NGA 986: calls $0.02
Sysrq03: raises $0.06 to $0.08
VLADIMIR1964k: folds 
goodvibes1: folds 
RyanHaire: raises $0.14 to $0.22
Dorex2007: folds 
DEMIAN770: folds 
slipfinger72: folds 
BAZ1NGA 986: folds 
Sysrq03: raises $0.36 to $0.58
RyanHaire: calls $0.36
*** FLOP *** [2c 7s 7h]
Sysrq03: bets $0.62
RyanHaire: calls $0.62
*** TURN *** [2c 7s 7h] [4d]
Sysrq03: bets $1.60
RyanHaire: calls $1.43 and is all-in
Uncalled bet ($0.17) returned to Sysrq03
*** RIVER *** [2c 7s 7h 4d] [4s]
*** SHOW DOWN ***
Sysrq03: shows [As Ac] (two pair, Aces and Sevens)
RyanHaire: shows [Th 8h] (two pair, Sevens and Fours)
Sysrq03 collected $5.12 from pot
*** SUMMARY ***
Total pot $5.31 | Rake $0.19 
Board [2c 7s 7h 4d 4s]
Seat 1: RyanHaire showed [Th 8h] and lost with two pair, Sevens and Fours
Seat 2: Dorex2007 (button) folded before Flop (didn't bet)
Seat 4: DEMIAN770 (small blind) folded before Flop
Seat 5: slipfinger72 (big blind) folded before Flop
Seat 6: BAZ1NGA 986 folded before Flop
Seat 7: Sysrq03 showed [As Ac] and won ($5.12) with two pair, Aces and Sevens
Seat 8: VLADIMIR1964k folded before Flop (didn't bet)
Seat 9: goodvibes1 folded before Flop (didn't bet)



PokerStars Hand #232560386498:  Hold'em No Limit ($0.01/$0.02 USD) - 2021/12/26 21:43:09 PT [2021/12/27 0:43:09 ET]
Table 'Victoria III' 9-max Seat #4 is the button
Seat 2: Dorex2007 ($2.61 in chips) 
Seat 3: GENJD ($2 in chips) 
Seat 4: DEMIAN770 ($5.07 in chips) 
Seat 5: slipfinger72 ($2 in chips) 
Seat 6: BAZ1NGA 986 ($1.75 in chips) 
Seat 7: Sysrq03 ($5.94 in chips) 
Seat 8: VLADIMIR1964k ($1.45 in chips) 
Seat 9: goodvibes1 ($1.89 in chips) 
slipfinger72: posts small blind $0.01
BAZ1NGA 986: posts big blind $0.02
GENJD: posts big blind $0.02
*** HOLE CARDS ***
Dealt to Dorex2007 [2h 8c]
Sysrq03: folds 
VLADIMIR1964k: calls $0.02
goodvibes1: folds 
Dorex2007: folds 
GENJD: checks 
DEMIAN770: folds 
slipfinger72: folds 
BAZ1NGA 986: checks 
*** FLOP *** [Qh 5c Ah]
BAZ1NGA 986: checks 
VLADIMIR1964k: checks 
GENJD: checks 
*** TURN *** [Qh 5c Ah] [4c]
BAZ1NGA 986: bets $0.02
VLADIMIR1964k: folds 
GENJD: calls $0.02
*** RIVER *** [Qh 5c Ah 4c] [3d]
BAZ1NGA 986: bets $0.02
GENJD: calls $0.02
*** SHOW DOWN ***
BAZ1NGA 986: shows [2c 4s] (a straight, Ace to Five)
GENJD: mucks hand 
BAZ1NGA 986 collected $0.14 from pot
*** SUMMARY ***
Total pot $0.15 | Rake $0.01 
Board [Qh 5c Ah 4c 3d]
Seat 2: Dorex2007 folded before Flop (didn't bet)
Seat 3: GENJD mucked [Jh 3s]
Seat 4: DEMIAN770 (button) folded before Flop (didn't bet)
Seat 5: slipfinger72 (small blind) folded before Flop
Seat 6: BAZ1NGA 986 (big blind) showed [2c 4s] and won ($0.14) with a straight, Ace to Five
Seat 7: Sysrq03 folded before Flop (didn't bet)
Seat 8: VLADIMIR1964k folded on the Turn
Seat 9: goodvibes1 folded before Flop (didn't bet)



PokerStars Hand #232560395863:  Hold'em No Limit ($0.01/$0.02 USD) - 2021/12/26 21:44:09 PT [2021/12/27 0:44:09 ET]
Table 'Victoria III' 9-max Seat #5 is the button
Seat 1: RyanHaire ($2 in chips) 
Seat 2: Dorex2007 ($2.61 in chips) 
Seat 3: GENJD ($2 in chips) 
Seat 4: DEMIAN770 ($5.07 in chips) 
Seat 5: slipfinger72 ($2 in chips) 
Seat 6: BAZ1NGA 986 ($1.83 in chips) 
Seat 7: Sysrq03 ($5.94 in chips) 
Seat 8: VLADIMIR1964k ($1.43 in chips) 
Seat 9: goodvibes1 ($1.89 in chips) 
BAZ1NGA 986: posts small blind $0.01
Sysrq03: posts big blind $0.02
*** HOLE CARDS ***
Dealt to Dorex2007 [5s Qh]
VLADIMIR1964k: folds 
goodvibes1: raises $0.08 to $0.10
RyanHaire: folds 
Dorex2007: folds 
GENJD: calls $0.10
DEMIAN770: folds 
slipfinger72: folds 
BAZ1NGA 986: folds 
Sysrq03: folds 
*** FLOP *** [Qs 4h Td]
goodvibes1: bets $0.22
GENJD: folds 
Uncalled bet ($0.22) returned to goodvibes1
goodvibes1 collected $0.22 from pot
goodvibes1: doesn't show hand 
*** SUMMARY ***
Total pot $0.23 | Rake $0.01 
Board [Qs 4h Td]
Seat 1: RyanHaire folded before Flop (didn't bet)
Seat 2: Dorex2007 folded before Flop (didn't bet)
Seat 3: GENJD folded on the Flop
Seat 4: DEMIAN770 folded before Flop (didn't bet)
Seat 5: slipfinger72 (button) folded before Flop (didn't bet)
Seat 6: BAZ1NGA 986 (small blind) folded before Flop
Seat 7: Sysrq03 (big blind) folded before Flop
Seat 8: VLADIMIR1964k folded before Flop (didn't bet)
Seat 9: goodvibes1 collected ($0.22)



PokerStars Hand #232560405241:  Hold'em No Limit ($0.01/$0.02 USD) - 2021/12/26 21:44:48 PT [2021/12/27 0:44:48 ET]
Table 'Victoria III' 9-max Seat #6 is the button
Seat 1: RyanHaire ($2 in chips) 
Seat 2: Dorex2007 ($2.61 in chips) 
Seat 3: GENJD ($2 in chips) 
Seat 4: DEMIAN770 ($5.07 in chips) 
Seat 5: slipfinger72 ($2 in chips) 
Seat 6: BAZ1NGA 986 ($1.82 in chips) 
Seat 7: Sysrq03 ($5.92 in chips) 
Seat 9: goodvibes1 ($2.01 in chips) 
Sysrq03: posts small blind $0.01
VLADIMIR1964k has timed out
VLADIMIR1964k: is sitting out 
goodvibes1: posts big blind $0.02
*** HOLE CARDS ***
Dealt to Dorex2007 [6d 6h]
RyanHaire: folds 
Dorex2007: calls $0.02
GENJD: folds 
DEMIAN770: folds 
slipfinger72: folds 
VLADIMIR1964k is disconnected 
BAZ1NGA 986: calls $0.02
Sysrq03: folds 
goodvibes1: raises $0.08 to $0.10
Dorex2007: folds 
BAZ1NGA 986: calls $0.08
*** FLOP *** [6s Ad Ah]
goodvibes1: bets $0.11
BAZ1NGA 986: raises $1.61 to $1.72 and is all-in
goodvibes1: folds 
Uncalled bet ($1.61) returned to BAZ1NGA 986
BAZ1NGA 986 collected $0.43 from pot
BAZ1NGA 986: doesn't show hand 
*** SUMMARY ***
Total pot $0.45 | Rake $0.02 
Board [6s Ad Ah]
Seat 1: RyanHaire folded before Flop (didn't bet)
Seat 2: Dorex2007 folded before Flop
Seat 3: GENJD folded before Flop (didn't bet)
Seat 4: DEMIAN770 folded before Flop (didn't bet)
Seat 5: slipfinger72 folded before Flop (didn't bet)
Seat 6: BAZ1NGA 986 (button) collected ($0.43)
Seat 7: Sysrq03 (small blind) folded before Flop
Seat 9: goodvibes1 (big blind) folded on the Flop



PokerStars Hand #232560421590:  Hold'em No Limit ($0.01/$0.02 USD) - 2021/12/26 21:45:44 PT [2021/12/27 0:45:44 ET]
Table 'Victoria III' 9-max Seat #7 is the button
Seat 1: RyanHaire ($2 in chips) 
Seat 2: Dorex2007 ($2.59 in chips) 
Seat 3: GENJD ($2 in chips) 
Seat 4: DEMIAN770 ($5.07 in chips) 
Seat 5: slipfinger72 ($2 in chips) 
Seat 6: BAZ1NGA 986 ($2.04 in chips) 
Seat 7: Sysrq03 ($5.91 in chips) 
Seat 9: goodvibes1 ($1.80 in chips) 
goodvibes1: posts small blind $0.01
RyanHaire: posts big blind $0.02
*** HOLE CARDS ***
Dealt to Dorex2007 [5d 7d]
Dorex2007: folds 
GENJD: calls $0.02
DEMIAN770: folds 
slipfinger72: calls $0.02
BAZ1NGA 986: calls $0.02
Sysrq03: folds 
goodvibes1: calls $0.01
RyanHaire: checks 
*** FLOP *** [9c 2d 3d]
goodvibes1: checks 
RyanHaire: checks 
GENJD: bets $0.10
slipfinger72: calls $0.10
BAZ1NGA 986: folds 
goodvibes1: folds 
RyanHaire: calls $0.10
*** TURN *** [9c 2d 3d] [3s]
RyanHaire: checks 
GENJD: bets $0.39
slipfinger72: folds 
RyanHaire: folds 
Uncalled bet ($0.39) returned to GENJD
GENJD collected $0.39 from pot
GENJD: doesn't show hand 
*** SUMMARY ***
Total pot $0.40 | Rake $0.01 
Board [9c 2d 3d 3s]
Seat 1: RyanHaire (big blind) folded on the Turn
Seat 2: Dorex2007 folded before Flop (didn't bet)
Seat 3: GENJD collected ($0.39)
Seat 4: DEMIAN770 folded before Flop (didn't bet)
Seat 5: slipfinger72 folded on the Turn
Seat 6: BAZ1NGA 986 folded on the Flop
Seat 7: Sysrq03 (button) folded before Flop (didn't bet)
Seat 9: goodvibes1 (small blind) folded on the Flop



PokerStars Hand #232560429334:  Hold'em No Limit ($0.01/$0.02 USD) - 2021/12/26 21:46:34 PT [2021/12/27 0:46:34 ET]
Table 'Victoria III' 9-max Seat #9 is the button
Seat 1: RyanHaire ($1.88 in chips) 
Seat 2: Dorex2007 ($2.59 in chips) 
Seat 3: GENJD ($2.27 in chips) 
Seat 4: DEMIAN770 ($5.07 in chips) 
Seat 5: slipfinger72 ($2 in chips) 
Seat 6: BAZ1NGA 986 ($2.02 in chips) 
Seat 7: Sysrq03 ($5.91 in chips) 
Seat 8: VLADIMIR1964k ($1.43 in chips) 
Seat 9: goodvibes1 ($1.78 in chips) 
RyanHaire: posts small blind $0.01
Dorex2007: posts big blind $0.02
VLADIMIR1964k: posts small & big blinds $0.03
*** HOLE CARDS ***
Dealt to Dorex2007 [3h 4s]
GENJD: folds 
DEMIAN770: calls $0.02
slipfinger72: folds 
BAZ1NGA 986: folds 
Sysrq03: folds 
VLADIMIR1964k: checks 
goodvibes1: calls $0.02
RyanHaire: raises $0.10 to $0.12
Dorex2007: folds 
DEMIAN770: folds 
VLADIMIR1964k: calls $0.10
goodvibes1: calls $0.10
*** FLOP *** [5h 8s 6h]
RyanHaire: bets $0.30
VLADIMIR1964k: folds 
goodvibes1: calls $0.30
*** TURN *** [5h 8s 6h] [3s]
RyanHaire: bets $0.73
goodvibes1: calls $0.73
*** RIVER *** [5h 8s 6h 3s] [Ac]
RyanHaire: checks 
goodvibes1: checks 
*** SHOW DOWN ***
RyanHaire: shows [9h 9c] (a pair of Nines)
goodvibes1: shows [7c Ad] (a pair of Aces)
goodvibes1 collected $2.38 from pot
*** SUMMARY ***
Total pot $2.47 | Rake $0.09 
Board [5h 8s 6h 3s Ac]
Seat 1: RyanHaire (small blind) showed [9h 9c] and lost with a pair of Nines
Seat 2: Dorex2007 (big blind) folded before Flop
Seat 3: GENJD folded before Flop (didn't bet)
Seat 4: DEMIAN770 folded before Flop
Seat 5: slipfinger72 folded before Flop (didn't bet)
Seat 6: BAZ1NGA 986 folded before Flop (didn't bet)
Seat 7: Sysrq03 folded before Flop (didn't bet)
Seat 8: VLADIMIR1964k folded on the Flop
Seat 9: goodvibes1 (button) showed [7c Ad] and won ($2.38) with a pair of Aces



PokerStars Hand #232560439866:  Hold'em No Limit ($0.01/$0.02 USD) - 2021/12/26 21:47:44 PT [2021/12/27 0:47:44 ET]
Table 'Victoria III' 9-max Seat #1 is the button
Seat 1: RyanHaire ($0.73 in chips) 
Seat 2: Dorex2007 ($2.57 in chips) 
Seat 3: GENJD ($2.27 in chips) 
Seat 4: DEMIAN770 ($5.05 in chips) 
Seat 5: slipfinger72 ($2 in chips) 
Seat 6: BAZ1NGA 986 ($2.02 in chips) 
Seat 7: Sysrq03 ($5.91 in chips) 
Seat 8: VLADIMIR1964k ($1.30 in chips) 
Seat 9: goodvibes1 ($3.01 in chips) 
Dorex2007: posts small blind $0.01
GENJD: posts big blind $0.02
*** HOLE CARDS ***
Dealt to Dorex2007 [Ac 9c]
DEMIAN770: folds 
slipfinger72: folds 
BAZ1NGA 986: folds 
Sysrq03: raises $0.04 to $0.06
VLADIMIR1964k: calls $0.06
goodvibes1: folds 
RyanHaire: folds 
Dorex2007: calls $0.05
GENJD: folds 
*** FLOP *** [5h 5c Ts]
Dorex2007: checks 
Sysrq03: checks 
VLADIMIR1964k: bets $0.19
Dorex2007: folds 
Sysrq03: folds 
Uncalled bet ($0.19) returned to VLADIMIR1964k
VLADIMIR1964k collected $0.19 from pot
*** SUMMARY ***
Total pot $0.20 | Rake $0.01 
Board [5h 5c Ts]
Seat 1: RyanHaire (button) folded before Flop (didn't bet)
Seat 2: Dorex2007 (small blind) folded on the Flop
Seat 3: GENJD (big blind) folded before Flop
Seat 4: DEMIAN770 folded before Flop (didn't bet)
Seat 5: slipfinger72 folded before Flop (didn't bet)
Seat 6: BAZ1NGA 986 folded before Flop (didn't bet)
Seat 7: Sysrq03 folded on the Flop
Seat 8: VLADIMIR1964k collected ($0.19)
Seat 9: goodvibes1 folded before Flop (didn't bet)



PokerStars Hand #232560447642:  Hold'em No Limit ($0.01/$0.02 USD) - 2021/12/26 21:48:36 PT [2021/12/27 0:48:36 ET]
Table 'Victoria III' 9-max Seat #2 is the button
Seat 1: RyanHaire ($0.73 in chips) 
Seat 2: Dorex2007 ($2.51 in chips) 
Seat 3: GENJD ($2.25 in chips) 
Seat 4: DEMIAN770 ($5.05 in chips) 
Seat 5: slipfinger72 ($2 in chips) 
Seat 6: BAZ1NGA 986 ($2.02 in chips) 
Seat 7: Sysrq03 ($5.85 in chips) 
Seat 8: VLADIMIR1964k ($1.43 in chips) 
Seat 9: goodvibes1 ($3.01 in chips) 
GENJD: posts small blind $0.01
DEMIAN770: posts big blind $0.02
*** HOLE CARDS ***
Dealt to Dorex2007 [2h 7d]
slipfinger72: folds 
BAZ1NGA 986: calls $0.02
Sysrq03: folds 
VLADIMIR1964k: folds 
goodvibes1: raises $0.07 to $0.09
RyanHaire: raises $0.09 to $0.18
Dorex2007: folds 
GENJD: folds 
DEMIAN770: folds 
BAZ1NGA 986: folds 
goodvibes1: calls $0.09
*** FLOP *** [8c 8d Ac]
goodvibes1: checks 
RyanHaire: bets $0.22
goodvibes1: calls $0.22
*** TURN *** [8c 8d Ac] [5c]
goodvibes1: checks 
RyanHaire: bets $0.33 and is all-in
goodvibes1: calls $0.33
*** RIVER *** [8c 8d Ac 5c] [5d]
*** SHOW DOWN ***
goodvibes1: shows [9h 9d] (two pair, Nines and Eights)
RyanHaire: shows [6d Ad] (two pair, Aces and Eights)
RyanHaire collected $1.46 from pot
goodvibes1 cashed out the hand for $0.07
*** SUMMARY ***
Total pot $1.51 | Rake $0.05 
Board [8c 8d Ac 5c 5d]
Seat 1: RyanHaire showed [6d Ad] and won ($1.46) with two pair, Aces and Eights
Seat 2: Dorex2007 (button) folded before Flop (didn't bet)
Seat 3: GENJD (small blind) folded before Flop
Seat 4: DEMIAN770 (big blind) folded before Flop
Seat 5: slipfinger72 folded before Flop (didn't bet)
Seat 6: BAZ1NGA 986 folded before Flop
Seat 7: Sysrq03 folded before Flop (didn't bet)
Seat 8: VLADIMIR1964k folded before Flop (didn't bet)
Seat 9: goodvibes1 showed [9h 9d] and lost with two pair, Nines and Eights (cashed out).



PokerStars Hand #232560455710:  Hold'em No Limit ($0.01/$0.02 USD) - 2021/12/26 21:49:30 PT [2021/12/27 0:49:30 ET]
Table 'Victoria III' 9-max Seat #3 is the button
Seat 1: RyanHaire ($1.46 in chips) 
Seat 2: Dorex2007 ($2.51 in chips) 
Seat 3: GENJD ($2.24 in chips) 
Seat 4: DEMIAN770 ($5.03 in chips) 
Seat 5: slipfinger72 ($2 in chips) 
Seat 6: BAZ1NGA 986 ($2 in chips) 
Seat 7: Sysrq03 ($5.85 in chips) 
Seat 8: VLADIMIR1964k ($1.43 in chips) 
Seat 9: goodvibes1 ($2.35 in chips) 
DEMIAN770: posts small blind $0.01
slipfinger72: posts big blind $0.02
*** HOLE CARDS ***
Dealt to Dorex2007 [5d 7d]
BAZ1NGA 986: calls $0.02
Sysrq03: raises $0.02 to $0.04
VLADIMIR1964k: folds 
goodvibes1: calls $0.04
RyanHaire: raises $0.12 to $0.16
Dorex2007: folds 
GENJD: folds 
DEMIAN770: folds 
slipfinger72: folds 
BAZ1NGA 986: calls $0.14
Sysrq03: raises $0.38 to $0.54
goodvibes1: folds 
RyanHaire: calls $0.38
BAZ1NGA 986: calls $0.38
*** FLOP *** [3d Tc 6c]
BAZ1NGA 986: bets $0.02
Sysrq03: raises $0.90 to $0.92
RyanHaire: calls $0.92 and is all-in
BAZ1NGA 986: calls $0.90
*** TURN *** [3d Tc 6c] [Qd]
BAZ1NGA 986: bets $0.54 and is all-in
Sysrq03: calls $0.54
*** RIVER *** [3d Tc 6c Qd] [2d]
*** SHOW DOWN ***
BAZ1NGA 986: shows [Qc 5c] (a pair of Queens)
Sysrq03: shows [Ad Ac] (a pair of Aces)
Sysrq03 collected $1.05 from side pot
RyanHaire: shows [Td 8h] (a pair of Tens)
Sysrq03 collected $4.29 from main pot
RyanHaire cashed out the hand for $0.40
*** SUMMARY ***
Total pot $5.53 Main pot $4.29. Side pot $1.05. | Rake $0.19 
Board [3d Tc 6c Qd 2d]
Seat 1: RyanHaire showed [Td 8h] and lost with a pair of Tens (cashed out).
Seat 2: Dorex2007 folded before Flop (didn't bet)
Seat 3: GENJD (button) folded before Flop (didn't bet)
Seat 4: DEMIAN770 (small blind) folded before Flop
Seat 5: slipfinger72 (big blind) folded before Flop
Seat 6: BAZ1NGA 986 showed [Qc 5c] and lost with a pair of Queens
Seat 7: Sysrq03 showed [Ad Ac] and won ($5.34) with a pair of Aces
Seat 8: VLADIMIR1964k folded before Flop (didn't bet)
Seat 9: goodvibes1 folded before Flop



PokerStars Hand #232560469163:  Hold'em No Limit ($0.01/$0.02 USD) - 2021/12/26 21:50:59 PT [2021/12/27 0:50:59 ET]
Table 'Victoria III' 9-max Seat #4 is the button
Seat 1: RyanHaire ($0.40 in chips) 
Seat 2: Dorex2007 ($2.51 in chips) 
Seat 3: GENJD ($2.24 in chips) 
Seat 4: DEMIAN770 ($5.02 in chips) 
Seat 5: slipfinger72 ($2 in chips) 
Seat 7: Sysrq03 ($9.19 in chips) 
Seat 8: VLADIMIR1964k ($1.43 in chips) 
Seat 9: goodvibes1 ($2.31 in chips) 
slipfinger72: posts small blind $0.01
Sysrq03: posts big blind $0.02
*** HOLE CARDS ***
Dealt to Dorex2007 [Ah 6c]
VLADIMIR1964k: folds 
goodvibes1: folds 
RyanHaire: folds 
BAZ1NGA 986 leaves the table
Dorex2007: folds 
GENJD: folds 
DEMIAN770: folds 
slipfinger72: raises $0.04 to $0.06
Sysrq03: calls $0.04
*** FLOP *** [As Qc 8s]
slipfinger72: checks 
Sysrq03: checks 
*** TURN *** [As Qc 8s] [3c]
RyanHaire leaves the table
slipfinger72: checks 
Sysrq03: bets $0.04
slipfinger72: folds 
Uncalled bet ($0.04) returned to Sysrq03
Sysrq03 collected $0.12 from pot
*** SUMMARY ***
Total pot $0.12 | Rake $0 
Board [As Qc 8s 3c]
Seat 1: RyanHaire folded before Flop (didn't bet)
Seat 2: Dorex2007 folded before Flop (didn't bet)
Seat 3: GENJD folded before Flop (didn't bet)
Seat 4: DEMIAN770 (button) folded before Flop (didn't bet)
Seat 5: slipfinger72 (small blind) folded on the Turn
Seat 7: Sysrq03 (big blind) collected ($0.12)
Seat 8: VLADIMIR1964k folded before Flop (didn't bet)
Seat 9: goodvibes1 folded before Flop (didn't bet)



PokerStars Hand #232560476345:  Hold'em No Limit ($0.01/$0.02 USD) - 2021/12/26 21:51:47 PT [2021/12/27 0:51:47 ET]
Table 'Victoria III' 9-max Seat #5 is the button
Seat 2: Dorex2007 ($2.51 in chips) 
Seat 3: GENJD ($2.24 in chips) 
Seat 4: DEMIAN770 ($5.02 in chips) 
Seat 5: slipfinger72 ($2 in chips) 
Seat 7: Sysrq03 ($9.25 in chips) 
Seat 8: VLADIMIR1964k ($1.43 in chips) 
Seat 9: goodvibes1 ($2.31 in chips) 
Sysrq03: posts small blind $0.01
VLADIMIR1964k: posts big blind $0.02
*** HOLE CARDS ***
Dealt to Dorex2007 [6d 4c]
cincinatus13 joins the table at seat #1 
goodvibes1: folds 
Dorex2007: folds 
GENJD: folds 
DEMIAN770: calls $0.02
slipfinger72: folds 
Sysrq03: calls $0.01
VLADIMIR1964k: checks 
*** FLOP *** [Ad Kc 5d]
Sysrq03: checks 
VLADIMIR1964k: bets $0.02
DEMIAN770: folds 
Sysrq03: folds 
Uncalled bet ($0.02) returned to VLADIMIR1964k
VLADIMIR1964k collected $0.06 from pot
*** SUMMARY ***
Total pot $0.06 | Rake $0 
Board [Ad Kc 5d]
Seat 2: Dorex2007 folded before Flop (didn't bet)
Seat 3: GENJD folded before Flop (didn't bet)
Seat 4: DEMIAN770 folded on the Flop
Seat 5: slipfinger72 (button) folded before Flop (didn't bet)
Seat 7: Sysrq03 (small blind) folded on the Flop
Seat 8: VLADIMIR1964k (big blind) collected ($0.06)
Seat 9: goodvibes1 folded before Flop (didn't bet)



PokerStars Hand #232560483086:  Hold'em No Limit ($0.01/$0.02 USD) - 2021/12/26 21:52:31 PT [2021/12/27 0:52:31 ET]
Table 'Victoria III' 9-max Seat #7 is the button
Seat 2: Dorex2007 ($2.51 in chips) 
Seat 3: GENJD ($2.24 in chips) 
Seat 4: DEMIAN770 ($5 in chips) 
Seat 5: slipfinger72 ($2 in chips) 
Seat 7: Sysrq03 ($9.23 in chips) 
Seat 8: VLADIMIR1964k ($1.47 in chips) 
Seat 9: goodvibes1 ($2.31 in chips) 
VLADIMIR1964k: posts small blind $0.01
goodvibes1: posts big blind $0.02
cincinatus13: sits out 
*** HOLE CARDS ***
Dealt to Dorex2007 [4s 4d]
Dorex2007: calls $0.02
GENJD: calls $0.02
DEMIAN770: calls $0.02
slipfinger72: folds 
Sysrq03: folds 
VLADIMIR1964k: calls $0.01
goodvibes1: raises $0.10 to $0.12
Dorex2007: folds 
GENJD: calls $0.10
DEMIAN770: folds 
VLADIMIR1964k: calls $0.10
*** FLOP *** [7h 5h Ts]
VLADIMIR1964k: bets $0.39
goodvibes1: folds 
GENJD: folds 
Uncalled bet ($0.39) returned to VLADIMIR1964k
VLADIMIR1964k collected $0.39 from pot
*** SUMMARY ***
Total pot $0.40 | Rake $0.01 
Board [7h 5h Ts]
Seat 2: Dorex2007 folded before Flop
Seat 3: GENJD folded on the Flop
Seat 4: DEMIAN770 folded before Flop
Seat 5: slipfinger72 folded before Flop (didn't bet)
Seat 7: Sysrq03 (button) folded before Flop (didn't bet)
Seat 8: VLADIMIR1964k (small blind) collected ($0.39)
Seat 9: goodvibes1 (big blind) folded on the Flop



PokerStars Hand #232560489893:  Hold'em No Limit ($0.01/$0.02 USD) - 2021/12/26 21:53:17 PT [2021/12/27 0:53:17 ET]
Table 'Victoria III' 9-max Seat #8 is the button
Seat 1: cincinatus13 ($2 in chips) 
Seat 2: Dorex2007 ($2.49 in chips) 
Seat 3: GENJD ($2.12 in chips) 
Seat 4: DEMIAN770 ($4.98 in chips) 
Seat 5: slipfinger72 ($2 in chips) 
Seat 7: Sysrq03 ($9.23 in chips) 
Seat 8: VLADIMIR1964k ($1.74 in chips) 
Seat 9: goodvibes1 ($2.19 in chips) 
goodvibes1: posts small blind $0.01
cincinatus13: posts big blind $0.02
*** HOLE CARDS ***
Dealt to Dorex2007 [Jd As]
Dorex2007: raises $0.04 to $0.06
GENJD: folds 
DEMIAN770: folds 
slipfinger72: folds 
Sysrq03: folds 
VLADIMIR1964k: folds 
goodvibes1: calls $0.05
cincinatus13: folds 
*** FLOP *** [3d 4h 2d]
goodvibes1: checks 
Dorex2007: bets $2.43 and is all-in
goodvibes1: calls $2.13 and is all-in
Uncalled bet ($0.30) returned to Dorex2007
*** TURN *** [3d 4h 2d] [4c]
*** RIVER *** [3d 4h 2d 4c] [Tc]
*** SHOW DOWN ***
goodvibes1: shows [Kh Ks] (two pair, Kings and Fours)
Dorex2007: shows [Jd As] (a pair of Fours)
goodvibes1 cashed out the hand for $2.94 | Cash Out Fee $0.03
*** SUMMARY ***
Total pot $4.40 | Rake $0.15 
Board [3d 4h 2d 4c Tc]
Seat 1: cincinatus13 (big blind) folded before Flop
Seat 2: Dorex2007 showed [Jd As] and lost with a pair of Fours
Seat 3: GENJD folded before Flop (didn't bet)
Seat 4: DEMIAN770 folded before Flop (didn't bet)
Seat 5: slipfinger72 folded before Flop (didn't bet)
Seat 7: Sysrq03 folded before Flop (didn't bet)
Seat 8: VLADIMIR1964k (button) folded before Flop (didn't bet)
Seat 9: goodvibes1 (small blind) showed [Kh Ks] and won ($4.25) with two pair, Kings and Fours (pot not awarded as player cashed out)



PokerStars Hand #232560498223:  Hold'em No Limit ($0.01/$0.02 USD) - 2021/12/26 21:54:12 PT [2021/12/27 0:54:12 ET]
Table 'Victoria III' 9-max Seat #9 is the button
Seat 1: cincinatus13 ($1.98 in chips) 
Seat 2: Dorex2007 ($2 in chips) 
Seat 3: GENJD ($2.12 in chips) 
Seat 4: DEMIAN770 ($4.98 in chips) 
Seat 5: slipfinger72 ($2 in chips) 
Seat 7: Sysrq03 ($9.23 in chips) 
Seat 8: VLADIMIR1964k ($1.74 in chips) 
Seat 9: goodvibes1 ($2.94 in chips) 
cincinatus13: posts small blind $0.01
Dorex2007: posts big blind $0.02
*** HOLE CARDS ***
Dealt to Dorex2007 [2s Kh]
GENJD: folds 
DEMIAN770: folds 
slipfinger72: raises $0.04 to $0.06
Sysrq03: folds 
VLADIMIR1964k: calls $0.06
goodvibes1: calls $0.06
cincinatus13: folds 
Dorex2007: folds 
*** FLOP *** [Jc 7h Qc]
slipfinger72: bets $0.13
VLADIMIR1964k: folds 
goodvibes1: folds 
Uncalled bet ($0.13) returned to slipfinger72
slipfinger72 collected $0.20 from pot
slipfinger72: doesn't show hand 
*** SUMMARY ***
Total pot $0.21 | Rake $0.01 
Board [Jc 7h Qc]
Seat 1: cincinatus13 (small blind) folded before Flop
Seat 2: Dorex2007 (big blind) folded before Flop
Seat 3: GENJD folded before Flop (didn't bet)
Seat 4: DEMIAN770 folded before Flop (didn't bet)
Seat 5: slipfinger72 collected ($0.20)
Seat 7: Sysrq03 folded before Flop (didn't bet)
Seat 8: VLADIMIR1964k folded on the Flop
Seat 9: goodvibes1 (button) folded on the Flop



PokerStars Hand #232560502975:  Hold'em No Limit ($0.01/$0.02 USD) - 2021/12/26 21:54:43 PT [2021/12/27 0:54:43 ET]
Table 'Victoria III' 9-max Seat #1 is the button
Seat 1: cincinatus13 ($1.97 in chips) 
Seat 2: Dorex2007 ($2 in chips) 
Seat 3: GENJD ($2.12 in chips) 
Seat 4: DEMIAN770 ($4.98 in chips) 
Seat 5: slipfinger72 ($2.14 in chips) 
Seat 7: Sysrq03 ($9.23 in chips) 
Seat 8: VLADIMIR1964k ($1.68 in chips) 
Seat 9: goodvibes1 ($2.88 in chips) 
Dorex2007: posts small blind $0.01
GENJD: posts big blind $0.02
*** HOLE CARDS ***
Dealt to Dorex2007 [8h Ac]
DEMIAN770: calls $0.02
slipfinger72: folds 
Sysrq03: folds 
VLADIMIR1964k: calls $0.02
goodvibes1: folds 
cincinatus13: calls $0.02
Dorex2007: calls $0.01
GENJD: checks 
*** FLOP *** [Tc As 5s]
Dorex2007: checks 
GENJD: checks 
DEMIAN770: checks 
VLADIMIR1964k: checks 
cincinatus13: bets $0.05
Dorex2007: calls $0.05
GENJD: folds 
DEMIAN770: folds 
VLADIMIR1964k: folds 
*** TURN *** [Tc As 5s] [8s]
golod123 joins the table at seat #6 
Dorex2007: bets $0.19
cincinatus13: raises $0.19 to $0.38
Dorex2007: calls $0.19
*** RIVER *** [Tc As 5s 8s] [Qc]
Dorex2007: bets $0.47
cincinatus13: raises $0.47 to $0.94
Dorex2007: calls $0.47
*** SHOW DOWN ***
cincinatus13: shows [7s Qs] (a flush, Ace high)
Dorex2007: mucks hand 
cincinatus13 collected $2.74 from pot
*** SUMMARY ***
Total pot $2.84 | Rake $0.10 
Board [Tc As 5s 8s Qc]
Seat 1: cincinatus13 (button) showed [7s Qs] and won ($2.74) with a flush, Ace high
Seat 2: Dorex2007 (small blind) mucked [8h Ac]
Seat 3: GENJD (big blind) folded on the Flop
Seat 4: DEMIAN770 folded on the Flop
Seat 5: slipfinger72 folded before Flop (didn't bet)
Seat 7: Sysrq03 folded before Flop (didn't bet)
Seat 8: VLADIMIR1964k folded on the Flop
Seat 9: goodvibes1 folded before Flop (didn't bet)



