PokerStars Hand #227818912606:  Hold'em No Limit ($0.01/$0.02 USD) - 2021/06/24 12:51:12 PT [2021/06/24 15:51:12 ET]
Table 'Aconcagua III' 9-max Seat #4 is the button
Seat 1: EliFilho55 ($3.85 in chips) 
Seat 2: Dorex2007 ($2.05 in chips) 
Seat 3: varly24 ($1.10 in chips) 
Seat 4: hdlü ($2.34 in chips) 
Seat 5: ostrograd ($2 in chips) 
Seat 6: marcos jo196 ($1.55 in chips) 
Seat 7: EK-MAX0406 ($2.15 in chips) 
Seat 8: SMUTJAN72 ($1.18 in chips) 
Seat 9: Vainamoinenn ($3.48 in chips) 
ostrograd: posts small blind $0.01
marcos jo196: posts big blind $0.02
*** HOLE CARDS ***
Dealt to Dorex2007 [Kc 8c]
EK-MAX0406: folds 
SMUTJAN72: folds 
Vainamoinenn: folds 
EK-MAX0406 leaves the table
EliFilho55: folds 
Dorex2007: folds 
varly24: calls $0.02
hdlü: calls $0.02
ostrograd: calls $0.01
marcos jo196: checks 
*** FLOP *** [Js 3c 6c]
ostrograd: checks 
marcos jo196: checks 
varly24: checks 
hdlü: checks 
*** TURN *** [Js 3c 6c] [5c]
ostrograd: checks 
mikechuyk joins the table at seat #7 
marcos jo196: checks 
varly24: checks 
hdlü: bets $0.02
ostrograd: folds 
marcos jo196: folds 
varly24: folds 
Uncalled bet ($0.02) returned to hdlü
hdlü collected $0.08 from pot
hdlü: doesn't show hand 
*** SUMMARY ***
Total pot $0.08 | Rake $0 
Board [Js 3c 6c 5c]
Seat 1: EliFilho55 folded before Flop (didn't bet)
Seat 2: Dorex2007 folded before Flop (didn't bet)
Seat 3: varly24 folded on the Turn
Seat 4: hdlü (button) collected ($0.08)
Seat 5: ostrograd (small blind) folded on the Turn
Seat 6: marcos jo196 (big blind) folded on the Turn
Seat 7: EK-MAX0406 folded before Flop (didn't bet)
Seat 8: SMUTJAN72 folded before Flop (didn't bet)
Seat 9: Vainamoinenn folded before Flop (didn't bet)



PokerStars Hand #227818936212:  Hold'em No Limit ($0.01/$0.02 USD) - 2021/06/24 12:52:03 PT [2021/06/24 15:52:03 ET]
Table 'Aconcagua III' 9-max Seat #5 is the button
Seat 1: EliFilho55 ($3.85 in chips) 
Seat 2: Dorex2007 ($2.05 in chips) 
Seat 3: varly24 ($1.08 in chips) 
Seat 4: hdlü ($2.40 in chips) 
Seat 5: ostrograd ($2 in chips) 
Seat 6: marcos jo196 ($1.53 in chips) 
Seat 7: mikechuyk ($2 in chips) 
Seat 8: SMUTJAN72 ($1.18 in chips) 
Seat 9: Vainamoinenn ($3.48 in chips) 
marcos jo196: posts small blind $0.01
mikechuyk: posts big blind $0.02
*** HOLE CARDS ***
Dealt to Dorex2007 [5h 4s]
SMUTJAN72: folds 
Vainamoinenn: folds 
EliFilho55: raises $0.02 to $0.04
Dorex2007: folds 
varly24: calls $0.04
hdlü: folds 
ostrograd: folds 
marcos jo196: calls $0.03
mikechuyk: folds 
*** FLOP *** [Qc 9d 6c]
marcos jo196: checks 
EliFilho55: checks 
varly24: checks 
*** TURN *** [Qc 9d 6c] [3c]
marcos jo196: checks 
EliFilho55: checks 
varly24: checks 
*** RIVER *** [Qc 9d 6c 3c] [Ks]
marcos jo196: checks 
EliFilho55: checks 
varly24: checks 
*** SHOW DOWN ***
marcos jo196: shows [8d As] (high card Ace)
EliFilho55: mucks hand 
varly24: mucks hand 
marcos jo196 collected $0.14 from pot
*** SUMMARY ***
Total pot $0.14 | Rake $0 
Board [Qc 9d 6c 3c Ks]
Seat 1: EliFilho55 mucked [8s 5s]
Seat 2: Dorex2007 folded before Flop (didn't bet)
Seat 3: varly24 mucked [Jd 5c]
Seat 4: hdlü folded before Flop (didn't bet)
Seat 5: ostrograd (button) folded before Flop (didn't bet)
Seat 6: marcos jo196 (small blind) showed [8d As] and won ($0.14) with high card Ace
Seat 7: mikechuyk (big blind) folded before Flop
Seat 8: SMUTJAN72 folded before Flop (didn't bet)
Seat 9: Vainamoinenn folded before Flop (didn't bet)



PokerStars Hand #227818963238:  Hold'em No Limit ($0.01/$0.02 USD) - 2021/06/24 12:52:57 PT [2021/06/24 15:52:57 ET]
Table 'Aconcagua III' 9-max Seat #6 is the button
Seat 1: EliFilho55 ($3.81 in chips) 
Seat 2: Dorex2007 ($2.05 in chips) 
Seat 3: varly24 ($1.04 in chips) 
Seat 4: hdlü ($2.40 in chips) 
Seat 5: ostrograd ($2 in chips) 
Seat 6: marcos jo196 ($1.63 in chips) 
Seat 7: mikechuyk ($1.98 in chips) 
Seat 9: Vainamoinenn ($3.48 in chips) 
mikechuyk: posts small blind $0.01
SMUTJAN72: is sitting out 
SMUTJAN72 leaves the table
Vainamoinenn: posts big blind $0.02
*** HOLE CARDS ***
Dealt to Dorex2007 [6h Ac]
EliFilho55: raises $0.02 to $0.04
Dorex2007: folds 
varly24: raises $0.11 to $0.15
megazanos joins the table at seat #8 
hdlü: folds 
ostrograd: folds 
marcos jo196: folds 
mikechuyk: folds 
Vainamoinenn: folds 
EliFilho55: raises $3.66 to $3.81 and is all-in
varly24: calls $0.89 and is all-in
Uncalled bet ($2.77) returned to EliFilho55
*** FLOP *** [3c Jc 9d]
*** TURN *** [3c Jc 9d] [3s]
*** RIVER *** [3c Jc 9d 3s] [4d]
*** SHOW DOWN ***
EliFilho55: shows [Ad Kd] (a pair of Threes)
varly24: shows [Ah As] (two pair, Aces and Threes)
varly24 collected $2.04 from pot
*** SUMMARY ***
Total pot $2.11 | Rake $0.07 
Board [3c Jc 9d 3s 4d]
Seat 1: EliFilho55 showed [Ad Kd] and lost with a pair of Threes
Seat 2: Dorex2007 folded before Flop (didn't bet)
Seat 3: varly24 showed [Ah As] and won ($2.04) with two pair, Aces and Threes
Seat 4: hdlü folded before Flop (didn't bet)
Seat 5: ostrograd folded before Flop (didn't bet)
Seat 6: marcos jo196 (button) folded before Flop (didn't bet)
Seat 7: mikechuyk (small blind) folded before Flop
Seat 9: Vainamoinenn (big blind) folded before Flop



PokerStars Hand #227818979889:  Hold'em No Limit ($0.01/$0.02 USD) - 2021/06/24 12:53:33 PT [2021/06/24 15:53:33 ET]
Table 'Aconcagua III' 9-max Seat #7 is the button
Seat 1: EliFilho55 ($2.77 in chips) 
Seat 2: Dorex2007 ($2.05 in chips) 
Seat 3: varly24 ($2.04 in chips) 
Seat 4: hdlü ($2.40 in chips) 
Seat 5: ostrograd ($2 in chips) 
Seat 6: marcos jo196 ($1.63 in chips) 
Seat 7: mikechuyk ($1.97 in chips) 
Seat 9: Vainamoinenn ($3.46 in chips) 
Vainamoinenn: posts small blind $0.01
EliFilho55: posts big blind $0.02
*** HOLE CARDS ***
Dealt to Dorex2007 [Jh 9s]
Dorex2007: folds 
varly24: calls $0.02
hdlü: folds 
ostrograd: raises $0.04 to $0.06
marcos jo196: folds 
mikechuyk: folds 
Vainamoinenn: calls $0.05
EliFilho55: raises $2.71 to $2.77 and is all-in
varly24: folds 
ostrograd: folds 
Vainamoinenn: folds 
Uncalled bet ($2.71) returned to EliFilho55
EliFilho55 collected $0.20 from pot
EliFilho55: doesn't show hand 
*** SUMMARY ***
Total pot $0.20 | Rake $0 
Seat 1: EliFilho55 (big blind) collected ($0.20)
Seat 2: Dorex2007 folded before Flop (didn't bet)
Seat 3: varly24 folded before Flop
Seat 4: hdlü folded before Flop (didn't bet)
Seat 5: ostrograd folded before Flop
Seat 6: marcos jo196 folded before Flop (didn't bet)
Seat 7: mikechuyk (button) folded before Flop (didn't bet)
Seat 9: Vainamoinenn (small blind) folded before Flop



PokerStars Hand #227818993050:  Hold'em No Limit ($0.01/$0.02 USD) - 2021/06/24 12:54:01 PT [2021/06/24 15:54:01 ET]
Table 'Aconcagua III' 9-max Seat #9 is the button
Seat 1: EliFilho55 ($2.91 in chips) 
Seat 2: Dorex2007 ($2.05 in chips) 
Seat 3: varly24 ($2.02 in chips) 
Seat 4: hdlü ($2.40 in chips) 
Seat 5: ostrograd ($2 in chips) 
Seat 6: marcos jo196 ($1.63 in chips) 
Seat 7: mikechuyk ($1.97 in chips) 
Seat 9: Vainamoinenn ($3.40 in chips) 
EliFilho55: posts small blind $0.01
Dorex2007: posts big blind $0.02
megazanos: sits out 
*** HOLE CARDS ***
Dealt to Dorex2007 [2d 5s]
varly24: folds 
varly24 leaves the table
hdlü: calls $0.02
ostrograd: folds 
marcos jo196: folds 
mikechuyk: calls $0.02
Vainamoinenn: folds 
EliFilho55: calls $0.01
Dorex2007: checks 
*** FLOP *** [Qd 5c 5h]
EliFilho55: checks 
Dorex2007: checks 
hdlü: bets $0.02
mikechuyk: folds 
kaglok joins the table at seat #3 
EliFilho55: folds 
Dorex2007: calls $0.02
*** TURN *** [Qd 5c 5h] [Jc]
Dorex2007: checks 
hdlü: bets $0.06
Dorex2007: calls $0.06
*** RIVER *** [Qd 5c 5h Jc] [As]
Dorex2007: checks 
hdlü: bets $0.06
Dorex2007: raises $0.12 to $0.18
hdlü: calls $0.12
*** SHOW DOWN ***
Dorex2007: shows [2d 5s] (three of a kind, Fives)
hdlü: mucks hand 
Dorex2007 collected $0.58 from pot
*** SUMMARY ***
Total pot $0.60 | Rake $0.02 
Board [Qd 5c 5h Jc As]
Seat 1: EliFilho55 (small blind) folded on the Flop
Seat 2: Dorex2007 (big blind) showed [2d 5s] and won ($0.58) with three of a kind, Fives
Seat 3: varly24 folded before Flop (didn't bet)
Seat 4: hdlü mucked [Qc Jd]
Seat 5: ostrograd folded before Flop (didn't bet)
Seat 6: marcos jo196 folded before Flop (didn't bet)
Seat 7: mikechuyk folded on the Flop
Seat 9: Vainamoinenn (button) folded before Flop (didn't bet)



PokerStars Hand #227819025065:  Hold'em No Limit ($0.01/$0.02 USD) - 2021/06/24 12:55:11 PT [2021/06/24 15:55:11 ET]
Table 'Aconcagua III' 9-max Seat #1 is the button
Seat 1: EliFilho55 ($2.89 in chips) 
Seat 2: Dorex2007 ($2.35 in chips) 
Seat 3: kaglok ($1.60 in chips) 
Seat 4: hdlü ($2.12 in chips) 
Seat 5: ostrograd ($2 in chips) 
Seat 6: marcos jo196 ($1.63 in chips) 
Seat 7: mikechuyk ($1.95 in chips) 
Seat 9: Vainamoinenn ($3.40 in chips) 
Dorex2007: posts small blind $0.01
kaglok: posts big blind $0.02
megazanos: sits out 
*** HOLE CARDS ***
Dealt to Dorex2007 [2c Qs]
hdlü: folds 
ostrograd: folds 
marcos jo196: folds 
mikechuyk: folds 
Vainamoinenn: raises $0.05 to $0.07
EliFilho55: calls $0.07
Dorex2007: folds 
kaglok: folds 
*** FLOP *** [Qc 7h Jh]
Vainamoinenn: checks 
EliFilho55: checks 
*** TURN *** [Qc 7h Jh] [9s]
Vainamoinenn: bets $0.08
EliFilho55: calls $0.08
*** RIVER *** [Qc 7h Jh 9s] [2h]
Vainamoinenn: checks 
EliFilho55: bets $0.32
Vainamoinenn: folds 
Uncalled bet ($0.32) returned to EliFilho55
EliFilho55 collected $0.32 from pot
EliFilho55: doesn't show hand 
*** SUMMARY ***
Total pot $0.33 | Rake $0.01 
Board [Qc 7h Jh 9s 2h]
Seat 1: EliFilho55 (button) collected ($0.32)
Seat 2: Dorex2007 (small blind) folded before Flop
Seat 3: kaglok (big blind) folded before Flop
Seat 4: hdlü folded before Flop (didn't bet)
Seat 5: ostrograd folded before Flop (didn't bet)
Seat 6: marcos jo196 folded before Flop (didn't bet)
Seat 7: mikechuyk folded before Flop (didn't bet)
Seat 9: Vainamoinenn folded on the River



PokerStars Hand #227819049016:  Hold'em No Limit ($0.01/$0.02 USD) - 2021/06/24 12:56:17 PT [2021/06/24 15:56:17 ET]
Table 'Aconcagua III' 9-max Seat #2 is the button
Seat 1: EliFilho55 ($3.06 in chips) 
Seat 2: Dorex2007 ($2.34 in chips) 
Seat 3: kaglok ($1.58 in chips) 
Seat 4: hdlü ($2.12 in chips) 
Seat 5: ostrograd ($2 in chips) 
Seat 6: marcos jo196 ($1.63 in chips) 
Seat 7: mikechuyk ($1.95 in chips) 
kaglok: posts small blind $0.01
hdlü: posts big blind $0.02
megazanos: sits out 
*** HOLE CARDS ***
Dealt to Dorex2007 [Qs 2h]
ostrograd: folds 
marcos jo196: calls $0.02
mikechuyk: folds 
EliFilho55: calls $0.02
Dorex2007: folds 
kaglok: folds 
hdlü: checks 
*** FLOP *** [Qh 6c 4s]
hdlü: checks 
marcos jo196: bets $0.02
EliFilho55: calls $0.02
hdlü: calls $0.02
*** TURN *** [Qh 6c 4s] [Ks]
hdlü: checks 
marcos jo196: bets $0.02
EliFilho55: calls $0.02
hdlü: raises $0.08 to $0.10
marcos jo196: calls $0.08
EliFilho55: calls $0.08
*** RIVER *** [Qh 6c 4s Ks] [Kc]
hdlü: bets $0.28
marcos jo196: folds 
EliFilho55: folds 
Uncalled bet ($0.28) returned to hdlü
hdlü collected $0.41 from pot
hdlü: doesn't show hand 
*** SUMMARY ***
Total pot $0.43 | Rake $0.02 
Board [Qh 6c 4s Ks Kc]
Seat 1: EliFilho55 folded on the River
Seat 2: Dorex2007 (button) folded before Flop (didn't bet)
Seat 3: kaglok (small blind) folded before Flop
Seat 4: hdlü (big blind) collected ($0.41)
Seat 5: ostrograd folded before Flop (didn't bet)
Seat 6: marcos jo196 folded on the River
Seat 7: mikechuyk folded before Flop (didn't bet)



PokerStars Hand #227819073250:  Hold'em No Limit ($0.01/$0.02 USD) - 2021/06/24 12:57:31 PT [2021/06/24 15:57:31 ET]
Table 'Aconcagua III' 9-max Seat #3 is the button
Seat 1: EliFilho55 ($2.92 in chips) 
Seat 2: Dorex2007 ($2.34 in chips) 
Seat 3: kaglok ($1.57 in chips) 
Seat 4: hdlü ($2.39 in chips) 
Seat 5: ostrograd ($2 in chips) 
Seat 6: marcos jo196 ($1.49 in chips) 
Seat 7: mikechuyk ($1.95 in chips) 
hdlü: posts small blind $0.01
ostrograd: posts big blind $0.02
megazanos: sits out 
*** HOLE CARDS ***
Dealt to Dorex2007 [3d 3s]
marcos jo196: raises $0.05 to $0.07
mikechuyk: folds 
EliFilho55: calls $0.07
Dorex2007: calls $0.07
kaglok: folds 
hdlü: folds 
ostrograd: calls $0.05
*** FLOP *** [6c 6h 6s]
ostrograd: checks 
marcos jo196: checks 
EliFilho55: bets $0.18
Dorex2007: folds 
ostrograd: folds 
marcos jo196: calls $0.18
*** TURN *** [6c 6h 6s] [4h]
marcos jo196: checks 
EliFilho55: bets $0.12
marcos jo196: calls $0.12
*** RIVER *** [6c 6h 6s 4h] [Ad]
marcos jo196: checks 
EliFilho55: bets $2.55 and is all-in
marcos jo196: folds 
Uncalled bet ($2.55) returned to EliFilho55
EliFilho55 collected $0.86 from pot
EliFilho55: doesn't show hand 
*** SUMMARY ***
Total pot $0.89 | Rake $0.03 
Board [6c 6h 6s 4h Ad]
Seat 1: EliFilho55 collected ($0.86)
Seat 2: Dorex2007 folded on the Flop
Seat 3: kaglok (button) folded before Flop (didn't bet)
Seat 4: hdlü (small blind) folded before Flop
Seat 5: ostrograd (big blind) folded on the Flop
Seat 6: marcos jo196 folded on the River
Seat 7: mikechuyk folded before Flop (didn't bet)



PokerStars Hand #227819097256:  Hold'em No Limit ($0.01/$0.02 USD) - 2021/06/24 12:58:43 PT [2021/06/24 15:58:43 ET]
Table 'Aconcagua III' 9-max Seat #4 is the button
Seat 1: EliFilho55 ($3.41 in chips) 
Seat 2: Dorex2007 ($2.27 in chips) 
Seat 3: kaglok ($1.57 in chips) 
Seat 4: hdlü ($2.38 in chips) 
Seat 5: ostrograd ($2 in chips) 
Seat 6: marcos jo196 ($1.12 in chips) 
Seat 7: mikechuyk ($1.95 in chips) 
Seat 9: Vainamoinenn ($3.25 in chips) 
ostrograd: posts small blind $0.01
marcos jo196: posts big blind $0.02
megazanos: sits out 
*** HOLE CARDS ***
Dealt to Dorex2007 [Ks 8d]
mikechuyk: folds 
Vainamoinenn has timed out
Vainamoinenn: folds 
EliFilho55: folds 
Dorex2007: folds 
kaglok: folds 
hdlü: folds 
ostrograd: calls $0.01
marcos jo196: checks 
*** FLOP *** [As 3d Ts]
ostrograd: checks 
marcos jo196: bets $0.04
ostrograd: folds 
Uncalled bet ($0.04) returned to marcos jo196
marcos jo196 collected $0.04 from pot
marcos jo196: doesn't show hand 
*** SUMMARY ***
Total pot $0.04 | Rake $0 
Board [As 3d Ts]
Seat 1: EliFilho55 folded before Flop (didn't bet)
Seat 2: Dorex2007 folded before Flop (didn't bet)
Seat 3: kaglok folded before Flop (didn't bet)
Seat 4: hdlü (button) folded before Flop (didn't bet)
Seat 5: ostrograd (small blind) folded on the Flop
Seat 6: marcos jo196 (big blind) collected ($0.04)
Seat 7: mikechuyk folded before Flop (didn't bet)
Seat 9: Vainamoinenn folded before Flop (didn't bet)



PokerStars Hand #227819110004:  Hold'em No Limit ($0.01/$0.02 USD) - 2021/06/24 12:59:21 PT [2021/06/24 15:59:21 ET]
Table 'Aconcagua III' 9-max Seat #5 is the button
Seat 1: EliFilho55 ($3.41 in chips) 
Seat 2: Dorex2007 ($2.27 in chips) 
Seat 3: kaglok ($1.57 in chips) 
Seat 4: hdlü ($2.38 in chips) 
Seat 5: ostrograd ($2 in chips) 
Seat 6: marcos jo196 ($1.14 in chips) 
Seat 7: mikechuyk ($1.95 in chips) 
Seat 9: Vainamoinenn ($3.25 in chips) 
marcos jo196: posts small blind $0.01
mikechuyk: posts big blind $0.02
megazanos: sits out 
*** HOLE CARDS ***
Dealt to Dorex2007 [Kd Tc]
Vainamoinenn: folds 
EliFilho55: calls $0.02
Dorex2007: folds 
kaglok: folds 
hdlü: folds 
ostrograd: folds 
marcos jo196: calls $0.01
mikechuyk: checks 
*** FLOP *** [2s Jc 4s]
marcos jo196: checks 
mikechuyk: checks 
EliFilho55: checks 
*** TURN *** [2s Jc 4s] [3c]
marcos jo196: bets $0.02
mikechuyk: calls $0.02
EliFilho55: calls $0.02
*** RIVER *** [2s Jc 4s 3c] [7c]
marcos jo196: checks 
mikechuyk: bets $0.09
EliFilho55: folds 
marcos jo196: folds 
Uncalled bet ($0.09) returned to mikechuyk
mikechuyk collected $0.12 from pot
mikechuyk: doesn't show hand 
*** SUMMARY ***
Total pot $0.12 | Rake $0 
Board [2s Jc 4s 3c 7c]
Seat 1: EliFilho55 folded on the River
Seat 2: Dorex2007 folded before Flop (didn't bet)
Seat 3: kaglok folded before Flop (didn't bet)
Seat 4: hdlü folded before Flop (didn't bet)
Seat 5: ostrograd (button) folded before Flop (didn't bet)
Seat 6: marcos jo196 (small blind) folded on the River
Seat 7: mikechuyk (big blind) collected ($0.12)
Seat 9: Vainamoinenn folded before Flop (didn't bet)



PokerStars Hand #227819135540:  Hold'em No Limit ($0.01/$0.02 USD) - 2021/06/24 13:00:36 PT [2021/06/24 16:00:36 ET]
Table 'Aconcagua III' 9-max Seat #6 is the button
Seat 1: EliFilho55 ($3.37 in chips) 
Seat 2: Dorex2007 ($2.27 in chips) 
Seat 3: kaglok ($1.57 in chips) 
Seat 4: hdlü ($2.38 in chips) 
Seat 5: ostrograd ($2 in chips) 
Seat 6: marcos jo196 ($1.10 in chips) 
Seat 7: mikechuyk ($2.03 in chips) 
Seat 8: megazanos ($2 in chips) 
Seat 9: Vainamoinenn ($3.25 in chips) 
mikechuyk: posts small blind $0.01
megazanos: posts big blind $0.02
*** HOLE CARDS ***
Dealt to Dorex2007 [7d Ah]
Vainamoinenn: folds 
EliFilho55: calls $0.02
Dorex2007: folds 
kaglok: folds 
hdlü: calls $0.02
ostrograd: folds 
marcos jo196: folds 
mikechuyk: folds 
megazanos: checks 
*** FLOP *** [2d 3h 4d]
megazanos: checks 
EliFilho55: checks 
hdlü: bets $0.02
megazanos: folds 
EliFilho55: calls $0.02
*** TURN *** [2d 3h 4d] [3c]
EliFilho55: checks 
hdlü: bets $0.02
EliFilho55: calls $0.02
*** RIVER *** [2d 3h 4d 3c] [8s]
EliFilho55: checks 
hdlü: bets $0.06
EliFilho55: calls $0.06
*** SHOW DOWN ***
hdlü: shows [9s 9d] (two pair, Nines and Threes)
EliFilho55: mucks hand 
hdlü collected $0.26 from pot
*** SUMMARY ***
Total pot $0.27 | Rake $0.01 
Board [2d 3h 4d 3c 8s]
Seat 1: EliFilho55 mucked [Jh 4h]
Seat 2: Dorex2007 folded before Flop (didn't bet)
Seat 3: kaglok folded before Flop (didn't bet)
Seat 4: hdlü showed [9s 9d] and won ($0.26) with two pair, Nines and Threes
Seat 5: ostrograd folded before Flop (didn't bet)
Seat 6: marcos jo196 (button) folded before Flop (didn't bet)
Seat 7: mikechuyk (small blind) folded before Flop
Seat 8: megazanos (big blind) folded on the Flop
Seat 9: Vainamoinenn folded before Flop (didn't bet)



PokerStars Hand #227819158963:  Hold'em No Limit ($0.01/$0.02 USD) - 2021/06/24 13:01:35 PT [2021/06/24 16:01:35 ET]
Table 'Aconcagua III' 9-max Seat #7 is the button
Seat 1: EliFilho55 ($3.25 in chips) 
Seat 2: Dorex2007 ($2.27 in chips) 
Seat 3: kaglok ($1.57 in chips) 
Seat 4: hdlü ($2.52 in chips) 
Seat 5: ostrograd ($2 in chips) 
Seat 6: marcos jo196 ($1.10 in chips) 
Seat 7: mikechuyk ($2.02 in chips) 
Seat 8: megazanos ($2 in chips) 
Seat 9: Vainamoinenn ($3.25 in chips) 
megazanos: posts small blind $0.01
Vainamoinenn: posts big blind $0.02
*** HOLE CARDS ***
Dealt to Dorex2007 [6c Jd]
EliFilho55: folds 
Dorex2007: folds 
kaglok: raises $0.02 to $0.04
EliFilho55 leaves the table
hdlü: folds 
ostrograd: folds 
yjqian23 joins the table at seat #1 
marcos jo196: folds 
mikechuyk: calls $0.04
megazanos: folds 
Vainamoinenn: raises $0.13 to $0.17
kaglok: folds 
mikechuyk: folds 
Uncalled bet ($0.13) returned to Vainamoinenn
Vainamoinenn collected $0.13 from pot
Vainamoinenn: doesn't show hand 
*** SUMMARY ***
Total pot $0.13 | Rake $0 
Seat 1: EliFilho55 folded before Flop (didn't bet)
Seat 2: Dorex2007 folded before Flop (didn't bet)
Seat 3: kaglok folded before Flop
Seat 4: hdlü folded before Flop (didn't bet)
Seat 5: ostrograd folded before Flop (didn't bet)
Seat 6: marcos jo196 folded before Flop (didn't bet)
Seat 7: mikechuyk (button) folded before Flop
Seat 8: megazanos (small blind) folded before Flop
Seat 9: Vainamoinenn (big blind) collected ($0.13)



