PokerStars Hand #224470362858:  Hold'em No Limit ($0.01/$0.02 USD) - 2021/03/04 21:20:30 PT [2021/03/05 0:20:30 ET]
Table 'Lampland II' 9-max Seat #5 is the button
Seat 2: jablon4881 ($1.01 in chips) 
Seat 4: ghostinthefora ($1.90 in chips) 
Seat 5: Azznak ($2.10 in chips) 
Seat 6: Kelaj15203 ($2.07 in chips) 
Seat 7: Dorex2007 ($1.50 in chips) 
Kelaj15203: posts small blind $0.01
Dorex2007: posts big blind $0.02
187Equalizer: sits out 
HAL0710: is sitting out 
HAL0710 leaves the table
Mtosha: sits out 
*** HOLE CARDS ***
Dealt to Dorex2007 [Qh 2h]
jablon4881: folds 
ghostinthefora: folds 
Azznak: raises $0.02 to $0.04
Kelaj15203: calls $0.03
Dorex2007: calls $0.02
*** FLOP *** [5c 2c Tc]
Kelaj15203: checks 
Dorex2007: checks 
Azznak: bets $0.08
RazvanBabanu joins the table at seat #1 
Kelaj15203: folds 
Dorex2007: folds 
Uncalled bet ($0.08) returned to Azznak
Azznak collected $0.12 from pot
Azznak: doesn't show hand 
*** SUMMARY ***
Total pot $0.12 | Rake $0 
Board [5c 2c Tc]
Seat 2: jablon4881 folded before Flop (didn't bet)
Seat 4: ghostinthefora folded before Flop (didn't bet)
Seat 5: Azznak (button) collected ($0.12)
Seat 6: Kelaj15203 (small blind) folded on the Flop
Seat 7: Dorex2007 (big blind) folded on the Flop



PokerStars Hand #224470375792:  Hold'em No Limit ($0.01/$0.02 USD) - 2021/03/04 21:21:29 PT [2021/03/05 0:21:29 ET]
Table 'Lampland II' 9-max Seat #6 is the button
Seat 2: jablon4881 ($1.01 in chips) 
Seat 4: ghostinthefora ($1.90 in chips) 
Seat 5: Azznak ($2.18 in chips) 
Seat 6: Kelaj15203 ($2.03 in chips) 
Seat 7: Dorex2007 ($1.46 in chips) 
Seat 8: 187Equalizer ($0.80 in chips) 
Scaramanzzia joins the table at seat #9 
Dorex2007: posts small blind $0.01
187Equalizer: posts big blind $0.02
RazvanBabanu: sits out 
Mtosha: sits out 
*** HOLE CARDS ***
Dealt to Dorex2007 [4s 2c]
jablon4881: calls $0.02
ghostinthefora: raises $0.04 to $0.06
Azznak: folds 
Kelaj15203: folds 
Dorex2007: folds 
187Equalizer: folds 
jablon4881: calls $0.04
*** FLOP *** [9s Jd 4c]
jablon4881: checks 
ghostinthefora: checks 
*** TURN *** [9s Jd 4c] [Jc]
jablon4881: checks 
ghostinthefora: checks 
*** RIVER *** [9s Jd 4c Jc] [9c]
jablon4881: bets $0.14
ghostinthefora: folds 
Uncalled bet ($0.14) returned to jablon4881
jablon4881 collected $0.14 from pot
jablon4881: doesn't show hand 
*** SUMMARY ***
Total pot $0.15 | Rake $0.01 
Board [9s Jd 4c Jc 9c]
Seat 2: jablon4881 collected ($0.14)
Seat 4: ghostinthefora folded on the River
Seat 5: Azznak folded before Flop (didn't bet)
Seat 6: Kelaj15203 (button) folded before Flop (didn't bet)
Seat 7: Dorex2007 (small blind) folded before Flop
Seat 8: 187Equalizer (big blind) folded before Flop



PokerStars Hand #224470385235:  Hold'em No Limit ($0.01/$0.02 USD) - 2021/03/04 21:22:17 PT [2021/03/05 0:22:17 ET]
Table 'Lampland II' 9-max Seat #7 is the button
Seat 2: jablon4881 ($1.09 in chips) 
Seat 4: ghostinthefora ($1.84 in chips) 
Seat 5: Azznak ($2.18 in chips) 
Seat 6: Kelaj15203 ($2.03 in chips) 
Seat 7: Dorex2007 ($1.45 in chips) 
Seat 8: 187Equalizer ($0.78 in chips) 
Seat 9: Scaramanzzia ($0.88 in chips) 
187Equalizer: posts small blind $0.01
Scaramanzzia: posts big blind $0.02
RazvanBabanu: sits out 
Mtosha: sits out 
*** HOLE CARDS ***
Dealt to Dorex2007 [Jh Ts]
jablon4881: calls $0.02
ghostinthefora: folds 
Azznak: folds 
Kelaj15203: folds 
Dorex2007: raises $0.04 to $0.06
187Equalizer: calls $0.05
Scaramanzzia: calls $0.04
jablon4881: folds 
*** FLOP *** [3c 7h Ah]
187Equalizer: checks 
Scaramanzzia: bets $0.08
Dorex2007: folds 
187Equalizer: folds 
Uncalled bet ($0.08) returned to Scaramanzzia
Scaramanzzia collected $0.19 from pot
*** SUMMARY ***
Total pot $0.20 | Rake $0.01 
Board [3c 7h Ah]
Seat 2: jablon4881 folded before Flop
Seat 4: ghostinthefora folded before Flop (didn't bet)
Seat 5: Azznak folded before Flop (didn't bet)
Seat 6: Kelaj15203 folded before Flop (didn't bet)
Seat 7: Dorex2007 (button) folded on the Flop
Seat 8: 187Equalizer (small blind) folded on the Flop
Seat 9: Scaramanzzia (big blind) collected ($0.19)



PokerStars Hand #224470395464:  Hold'em No Limit ($0.01/$0.02 USD) - 2021/03/04 21:22:58 PT [2021/03/05 0:22:58 ET]
Table 'Lampland II' 9-max Seat #8 is the button
Seat 1: RazvanBabanu ($2 in chips) 
Seat 2: jablon4881 ($1.07 in chips) 
Seat 4: ghostinthefora ($1.84 in chips) 
Seat 5: Azznak ($2.18 in chips) 
Seat 6: Kelaj15203 ($2.03 in chips) 
Seat 7: Dorex2007 ($1.39 in chips) 
Seat 8: 187Equalizer ($0.72 in chips) 
Seat 9: Scaramanzzia ($1.01 in chips) 
Scaramanzzia: posts small blind $0.01
RazvanBabanu: posts big blind $0.02
Mtosha: sits out 
*** HOLE CARDS ***
Dealt to Dorex2007 [8d 9h]
jablon4881: folds 
ghostinthefora: folds 
Azznak: folds 
Kelaj15203: folds 
Dorex2007: folds 
187Equalizer: folds 
Scaramanzzia: raises $0.04 to $0.06
RazvanBabanu: calls $0.04
*** FLOP *** [Jc 7d Ac]
Scaramanzzia: checks 
RazvanBabanu: checks 
*** TURN *** [Jc 7d Ac] [9c]
Scaramanzzia: bets $0.12
RazvanBabanu: calls $0.12
*** RIVER *** [Jc 7d Ac 9c] [3h]
Scaramanzzia: bets $0.83 and is all-in
RazvanBabanu: folds 
Uncalled bet ($0.83) returned to Scaramanzzia
Scaramanzzia collected $0.35 from pot
Scaramanzzia: doesn't show hand 
*** SUMMARY ***
Total pot $0.36 | Rake $0.01 
Board [Jc 7d Ac 9c 3h]
Seat 1: RazvanBabanu (big blind) folded on the River
Seat 2: jablon4881 folded before Flop (didn't bet)
Seat 4: ghostinthefora folded before Flop (didn't bet)
Seat 5: Azznak folded before Flop (didn't bet)
Seat 6: Kelaj15203 folded before Flop (didn't bet)
Seat 7: Dorex2007 folded before Flop (didn't bet)
Seat 8: 187Equalizer (button) folded before Flop (didn't bet)
Seat 9: Scaramanzzia (small blind) collected ($0.35)



PokerStars Hand #224470404745:  Hold'em No Limit ($0.01/$0.02 USD) - 2021/03/04 21:23:46 PT [2021/03/05 0:23:46 ET]
Table 'Lampland II' 9-max Seat #9 is the button
Seat 1: RazvanBabanu ($1.82 in chips) 
Seat 2: jablon4881 ($1.07 in chips) 
Seat 4: ghostinthefora ($1.84 in chips) 
Seat 5: Azznak ($2.18 in chips) 
Seat 6: Kelaj15203 ($2.03 in chips) 
Seat 7: Dorex2007 ($1.39 in chips) 
Seat 8: 187Equalizer ($0.72 in chips) 
Seat 9: Scaramanzzia ($1.18 in chips) 
RazvanBabanu: posts small blind $0.01
jablon4881: posts big blind $0.02
Mtosha: sits out 
*** HOLE CARDS ***
Dealt to Dorex2007 [Jc 9c]
ghostinthefora has timed out
ghostinthefora: folds 
Azznak: folds 
Kelaj15203: folds 
Dorex2007: raises $0.04 to $0.06
187Equalizer: folds 
Scaramanzzia: calls $0.06
RazvanBabanu: folds 
jablon4881: folds 
*** FLOP *** [3d Th Jd]
Dorex2007: bets $0.14
Scaramanzzia: raises $0.98 to $1.12 and is all-in
Dorex2007: calls $0.98
*** TURN *** [3d Th Jd] [Qd]
*** RIVER *** [3d Th Jd Qd] [8d]
*** SHOW DOWN ***
Dorex2007: shows [Jc 9c] (a straight, Eight to Queen)
Scaramanzzia: shows [Jh 8s] (two pair, Jacks and Eights)
Dorex2007 collected $2.31 from pot
Scaramanzzia cashed out the hand for $0.53 | Cash Out Fee $0.01
*** SUMMARY ***
Total pot $2.39 | Rake $0.08 
Board [3d Th Jd Qd 8d]
Seat 1: RazvanBabanu (small blind) folded before Flop
Seat 2: jablon4881 (big blind) folded before Flop
Seat 4: ghostinthefora folded before Flop (didn't bet)
Seat 5: Azznak folded before Flop (didn't bet)
Seat 6: Kelaj15203 folded before Flop (didn't bet)
Seat 7: Dorex2007 showed [Jc 9c] and won ($2.31) with a straight, Eight to Queen
Seat 8: 187Equalizer folded before Flop (didn't bet)
Seat 9: Scaramanzzia (button) showed [Jh 8s] and lost with two pair, Jacks and Eights (cashed out).



PokerStars Hand #224470427368:  Hold'em No Limit ($0.01/$0.02 USD) - 2021/03/04 21:25:04 PT [2021/03/05 0:25:04 ET]
Table 'Lampland II' 9-max Seat #1 is the button
Seat 1: RazvanBabanu ($1.81 in chips) 
Seat 2: jablon4881 ($1.05 in chips) 
Seat 3: Mtosha ($2 in chips) 
Seat 4: ghostinthefora ($1.84 in chips) 
Seat 5: Azznak ($2.18 in chips) 
Seat 6: Kelaj15203 ($2.03 in chips) 
Seat 7: Dorex2007 ($2.52 in chips) 
Seat 8: 187Equalizer ($0.72 in chips) 
Seat 9: Scaramanzzia ($0.53 in chips) 
jablon4881: posts small blind $0.01
Mtosha: posts big blind $0.02
*** HOLE CARDS ***
Dealt to Dorex2007 [Ah Qc]
ghostinthefora: raises $0.02 to $0.04
Azznak: folds 
Kelaj15203: folds 
Dorex2007: calls $0.04
187Equalizer: folds 
Scaramanzzia: raises $0.02 to $0.06
RazvanBabanu: folds 
jablon4881: folds 
Mtosha: folds 
ghostinthefora: calls $0.02
Dorex2007: calls $0.02
*** FLOP *** [2c As 5d]
ghostinthefora: checks 
Dorex2007: bets $0.15
Scaramanzzia: folds 
ghostinthefora: folds 
Uncalled bet ($0.15) returned to Dorex2007
Dorex2007 collected $0.20 from pot
Dorex2007: doesn't show hand 
*** SUMMARY ***
Total pot $0.21 | Rake $0.01 
Board [2c As 5d]
Seat 1: RazvanBabanu (button) folded before Flop (didn't bet)
Seat 2: jablon4881 (small blind) folded before Flop
Seat 3: Mtosha (big blind) folded before Flop
Seat 4: ghostinthefora folded on the Flop
Seat 5: Azznak folded before Flop (didn't bet)
Seat 6: Kelaj15203 folded before Flop (didn't bet)
Seat 7: Dorex2007 collected ($0.20)
Seat 8: 187Equalizer folded before Flop (didn't bet)
Seat 9: Scaramanzzia folded on the Flop



PokerStars Hand #224470438909:  Hold'em No Limit ($0.01/$0.02 USD) - 2021/03/04 21:26:03 PT [2021/03/05 0:26:03 ET]
Table 'Lampland II' 9-max Seat #2 is the button
Seat 1: RazvanBabanu ($1.81 in chips) 
Seat 2: jablon4881 ($1.04 in chips) 
Seat 3: Mtosha ($2 in chips) 
Seat 4: ghostinthefora ($1.78 in chips) 
Seat 5: Azznak ($2.18 in chips) 
Seat 6: Kelaj15203 ($2.03 in chips) 
Seat 7: Dorex2007 ($2.66 in chips) 
Seat 8: 187Equalizer ($0.72 in chips) 
Seat 9: Scaramanzzia ($0.47 in chips) 
Mtosha: posts small blind $0.01
ghostinthefora: posts big blind $0.02
*** HOLE CARDS ***
Dealt to Dorex2007 [6c As]
Azznak: folds 
Kelaj15203: folds 
Dorex2007: folds 
187Equalizer: calls $0.02
Scaramanzzia: raises $0.45 to $0.47 and is all-in
RazvanBabanu: folds 
jablon4881: folds 
Mtosha has timed out
Mtosha: folds 
ghostinthefora: folds 
187Equalizer: folds 
Uncalled bet ($0.45) returned to Scaramanzzia
Scaramanzzia collected $0.07 from pot
Scaramanzzia: doesn't show hand 
*** SUMMARY ***
Total pot $0.07 | Rake $0 
Seat 1: RazvanBabanu folded before Flop (didn't bet)
Seat 2: jablon4881 (button) folded before Flop (didn't bet)
Seat 3: Mtosha (small blind) folded before Flop
Seat 4: ghostinthefora (big blind) folded before Flop
Seat 5: Azznak folded before Flop (didn't bet)
Seat 6: Kelaj15203 folded before Flop (didn't bet)
Seat 7: Dorex2007 folded before Flop (didn't bet)
Seat 8: 187Equalizer folded before Flop
Seat 9: Scaramanzzia collected ($0.07)



PokerStars Hand #224470450191:  Hold'em No Limit ($0.01/$0.02 USD) - 2021/03/04 21:27:01 PT [2021/03/05 0:27:01 ET]
Table 'Lampland II' 9-max Seat #3 is the button
Seat 1: RazvanBabanu ($1.81 in chips) 
Seat 2: jablon4881 ($1.04 in chips) 
Seat 3: Mtosha ($2 in chips) 
Seat 4: ghostinthefora ($1.76 in chips) 
Seat 5: Azznak ($2.18 in chips) 
Seat 6: Kelaj15203 ($2.03 in chips) 
Seat 7: Dorex2007 ($2.66 in chips) 
Seat 8: 187Equalizer ($0.70 in chips) 
Seat 9: Scaramanzzia ($0.52 in chips) 
ghostinthefora: posts small blind $0.01
Azznak: posts big blind $0.02
*** HOLE CARDS ***
Dealt to Dorex2007 [Qh Qd]
Kelaj15203: folds 
Dorex2007: raises $0.04 to $0.06
187Equalizer: folds 
Scaramanzzia: folds 
RazvanBabanu: calls $0.06
jablon4881: folds 
Mtosha: folds 
ghostinthefora: calls $0.05
Azznak: folds 
*** FLOP *** [4s 4d 3c]
ghostinthefora: checks 
Dorex2007: bets $0.19
RazvanBabanu: folds 
ghostinthefora: folds 
Uncalled bet ($0.19) returned to Dorex2007
Dorex2007 collected $0.19 from pot
Dorex2007: doesn't show hand 
*** SUMMARY ***
Total pot $0.20 | Rake $0.01 
Board [4s 4d 3c]
Seat 1: RazvanBabanu folded on the Flop
Seat 2: jablon4881 folded before Flop (didn't bet)
Seat 3: Mtosha (button) folded before Flop (didn't bet)
Seat 4: ghostinthefora (small blind) folded on the Flop
Seat 5: Azznak (big blind) folded before Flop
Seat 6: Kelaj15203 folded before Flop (didn't bet)
Seat 7: Dorex2007 collected ($0.19)
Seat 8: 187Equalizer folded before Flop (didn't bet)
Seat 9: Scaramanzzia folded before Flop (didn't bet)



PokerStars Hand #224470457443:  Hold'em No Limit ($0.01/$0.02 USD) - 2021/03/04 21:27:38 PT [2021/03/05 0:27:38 ET]
Table 'Lampland II' 9-max Seat #4 is the button
Seat 1: RazvanBabanu ($1.75 in chips) 
Seat 2: jablon4881 ($1.04 in chips) 
Seat 3: Mtosha ($2 in chips) 
Seat 4: ghostinthefora ($1.70 in chips) 
Seat 5: Azznak ($2.16 in chips) 
Seat 6: Kelaj15203 ($2.03 in chips) 
Seat 7: Dorex2007 ($2.79 in chips) 
Seat 8: 187Equalizer ($0.70 in chips) 
Seat 9: Scaramanzzia ($0.52 in chips) 
Azznak: posts small blind $0.01
Kelaj15203: posts big blind $0.02
*** HOLE CARDS ***
Dealt to Dorex2007 [Ad 7s]
Dorex2007: folds 
187Equalizer: folds 
Scaramanzzia: folds 
RazvanBabanu: folds 
jablon4881: folds 
Mtosha has timed out
Mtosha: folds 
ghostinthefora: raises $0.02 to $0.04
Azznak: calls $0.03
Kelaj15203: folds 
*** FLOP *** [4d 8c 2c]
Azznak: checks 
ghostinthefora: bets $0.06
Azznak: calls $0.06
*** TURN *** [4d 8c 2c] [7c]
Azznak: checks 
ghostinthefora: bets $0.08
Azznak: raises $0.37 to $0.45
ghostinthefora: calls $0.37
*** RIVER *** [4d 8c 2c 7c] [Kh]
Azznak: bets $1.61 and is all-in
ghostinthefora: folds 
Uncalled bet ($1.61) returned to Azznak
Azznak collected $1.08 from pot
Azznak: doesn't show hand 
*** SUMMARY ***
Total pot $1.12 | Rake $0.04 
Board [4d 8c 2c 7c Kh]
Seat 1: RazvanBabanu folded before Flop (didn't bet)
Seat 2: jablon4881 folded before Flop (didn't bet)
Seat 3: Mtosha folded before Flop (didn't bet)
Seat 4: ghostinthefora (button) folded on the River
Seat 5: Azznak (small blind) collected ($1.08)
Seat 6: Kelaj15203 (big blind) folded before Flop
Seat 7: Dorex2007 folded before Flop (didn't bet)
Seat 8: 187Equalizer folded before Flop (didn't bet)
Seat 9: Scaramanzzia folded before Flop (didn't bet)



PokerStars Hand #224470468421:  Hold'em No Limit ($0.01/$0.02 USD) - 2021/03/04 21:28:35 PT [2021/03/05 0:28:35 ET]
Table 'Lampland II' 9-max Seat #5 is the button
Seat 1: RazvanBabanu ($1.75 in chips) 
Seat 2: jablon4881 ($1.04 in chips) 
Seat 3: Mtosha ($2 in chips) 
Seat 4: ghostinthefora ($1.15 in chips) 
Seat 5: Azznak ($2.69 in chips) 
Seat 6: Kelaj15203 ($2.01 in chips) 
Seat 7: Dorex2007 ($2.79 in chips) 
Seat 8: 187Equalizer ($0.70 in chips) 
Seat 9: Scaramanzzia ($0.52 in chips) 
Kelaj15203: posts small blind $0.01
Dorex2007: posts big blind $0.02
*** HOLE CARDS ***
Dealt to Dorex2007 [7d 8h]
187Equalizer: folds 
Scaramanzzia: raises $0.04 to $0.06
RazvanBabanu: folds 
jablon4881: folds 
Mtosha: folds 
ghostinthefora: folds 
Azznak: folds 
Kelaj15203: folds 
Dorex2007: folds 
Uncalled bet ($0.04) returned to Scaramanzzia
Scaramanzzia collected $0.05 from pot
Scaramanzzia: doesn't show hand 
*** SUMMARY ***
Total pot $0.05 | Rake $0 
Seat 1: RazvanBabanu folded before Flop (didn't bet)
Seat 2: jablon4881 folded before Flop (didn't bet)
Seat 3: Mtosha folded before Flop (didn't bet)
Seat 4: ghostinthefora folded before Flop (didn't bet)
Seat 5: Azznak (button) folded before Flop (didn't bet)
Seat 6: Kelaj15203 (small blind) folded before Flop
Seat 7: Dorex2007 (big blind) folded before Flop
Seat 8: 187Equalizer folded before Flop (didn't bet)
Seat 9: Scaramanzzia collected ($0.05)



PokerStars Hand #224470480338:  Hold'em No Limit ($0.01/$0.02 USD) - 2021/03/04 21:29:02 PT [2021/03/05 0:29:02 ET]
Table 'Lampland II' 9-max Seat #6 is the button
Seat 1: RazvanBabanu ($1.75 in chips) 
Seat 2: jablon4881 ($1.04 in chips) 
Seat 3: Mtosha ($2 in chips) 
Seat 4: ghostinthefora ($1.15 in chips) 
Seat 5: Azznak ($2.69 in chips) 
Seat 6: Kelaj15203 ($2 in chips) 
Seat 7: Dorex2007 ($2.77 in chips) 
Seat 8: 187Equalizer ($0.70 in chips) 
Seat 9: Scaramanzzia ($0.55 in chips) 
Dorex2007: posts small blind $0.01
187Equalizer: posts big blind $0.02
*** HOLE CARDS ***
Dealt to Dorex2007 [8d Ac]
Scaramanzzia: folds 
RazvanBabanu: folds 
jablon4881: folds 
Mtosha: calls $0.02
ghostinthefora: raises $0.04 to $0.06
Azznak: folds 
Kelaj15203: calls $0.06
Dorex2007: folds 
187Equalizer: calls $0.04
Mtosha: calls $0.04
*** FLOP *** [7c Qd Ad]
187Equalizer: checks 
Mtosha: checks 
ghostinthefora: checks 
Kelaj15203: checks 
*** TURN *** [7c Qd Ad] [6c]
187Equalizer: checks 
Mtosha: checks 
ghostinthefora: checks 
Kelaj15203: bets $0.12
187Equalizer: calls $0.12
Mtosha: folds 
ghostinthefora: folds 
*** RIVER *** [7c Qd Ad 6c] [5s]
187Equalizer: checks 
Kelaj15203: checks 
*** SHOW DOWN ***
187Equalizer: shows [Th Kc] (high card Ace)
Kelaj15203: shows [As Jd] (a pair of Aces)
Kelaj15203 collected $0.47 from pot
*** SUMMARY ***
Total pot $0.49 | Rake $0.02 
Board [7c Qd Ad 6c 5s]
Seat 1: RazvanBabanu folded before Flop (didn't bet)
Seat 2: jablon4881 folded before Flop (didn't bet)
Seat 3: Mtosha folded on the Turn
Seat 4: ghostinthefora folded on the Turn
Seat 5: Azznak folded before Flop (didn't bet)
Seat 6: Kelaj15203 (button) showed [As Jd] and won ($0.47) with a pair of Aces
Seat 7: Dorex2007 (small blind) folded before Flop
Seat 8: 187Equalizer (big blind) showed [Th Kc] and lost with high card Ace
Seat 9: Scaramanzzia folded before Flop (didn't bet)



PokerStars Hand #224470500312:  Hold'em No Limit ($0.01/$0.02 USD) - 2021/03/04 21:30:44 PT [2021/03/05 0:30:44 ET]
Table 'Lampland II' 9-max Seat #7 is the button
Seat 1: RazvanBabanu ($1.75 in chips) 
Seat 2: jablon4881 ($1.04 in chips) 
Seat 3: Mtosha ($2 in chips) 
Seat 4: ghostinthefora ($1.09 in chips) 
Seat 5: Azznak ($2.69 in chips) 
Seat 6: Kelaj15203 ($2.29 in chips) 
Seat 7: Dorex2007 ($2.76 in chips) 
Seat 8: 187Equalizer ($0.52 in chips) 
Seat 9: Scaramanzzia ($0.55 in chips) 
187Equalizer: posts small blind $0.01
Scaramanzzia: posts big blind $0.02
*** HOLE CARDS ***
Dealt to Dorex2007 [6h 7h]
RazvanBabanu: folds 
jablon4881: calls $0.02
Mtosha: folds 
ghostinthefora: folds 
Azznak: folds 
Kelaj15203: folds 
Dorex2007: calls $0.02
187Equalizer: calls $0.01
Scaramanzzia: checks 
*** FLOP *** [4h 9h 7d]
187Equalizer: checks 
Scaramanzzia: checks 
jablon4881: bets $0.08
Dorex2007: calls $0.08
187Equalizer: folds 
Scaramanzzia: calls $0.08
*** TURN *** [4h 9h 7d] [Jc]
Scaramanzzia: checks 
jablon4881: checks 
Dorex2007: checks 
*** RIVER *** [4h 9h 7d Jc] [3d]
Scaramanzzia: bets $0.15
jablon4881: folds 
Dorex2007: calls $0.15
*** SHOW DOWN ***
Scaramanzzia: shows [3h 5c] (a pair of Threes)
Dorex2007: shows [6h 7h] (a pair of Sevens)
Dorex2007 collected $0.60 from pot
*** SUMMARY ***
Total pot $0.62 | Rake $0.02 
Board [4h 9h 7d Jc 3d]
Seat 1: RazvanBabanu folded before Flop (didn't bet)
Seat 2: jablon4881 folded on the River
Seat 3: Mtosha folded before Flop (didn't bet)
Seat 4: ghostinthefora folded before Flop (didn't bet)
Seat 5: Azznak folded before Flop (didn't bet)
Seat 6: Kelaj15203 folded before Flop (didn't bet)
Seat 7: Dorex2007 (button) showed [6h 7h] and won ($0.60) with a pair of Sevens
Seat 8: 187Equalizer (small blind) folded on the Flop
Seat 9: Scaramanzzia (big blind) showed [3h 5c] and lost with a pair of Threes



PokerStars Hand #224470513013:  Hold'em No Limit ($0.01/$0.02 USD) - 2021/03/04 21:31:49 PT [2021/03/05 0:31:49 ET]
Table 'Lampland II' 9-max Seat #8 is the button
Seat 1: RazvanBabanu ($1.75 in chips) 
Seat 2: jablon4881 ($0.94 in chips) 
Seat 3: Mtosha ($2 in chips) 
Seat 4: ghostinthefora ($1.09 in chips) 
Seat 5: Azznak ($2.69 in chips) 
Seat 6: Kelaj15203 ($2.29 in chips) 
Seat 7: Dorex2007 ($3.11 in chips) 
Seat 8: 187Equalizer ($1.98 in chips) 
Seat 9: Scaramanzzia ($0.30 in chips) 
Scaramanzzia: posts small blind $0.01
RazvanBabanu: posts big blind $0.02
*** HOLE CARDS ***
Dealt to Dorex2007 [Ah 3s]
jablon4881: calls $0.02
Mtosha: folds 
ghostinthefora: folds 
Azznak: folds 
Kelaj15203: folds 
Dorex2007: folds 
187Equalizer: calls $0.02
Scaramanzzia: calls $0.01
RazvanBabanu: checks 
*** FLOP *** [8s Jc Qs]
Scaramanzzia: checks 
RazvanBabanu: checks 
jablon4881: bets $0.08
187Equalizer: calls $0.08
Scaramanzzia: calls $0.08
RazvanBabanu: folds 
*** TURN *** [8s Jc Qs] [9c]
Scaramanzzia: checks 
jablon4881: checks 
187Equalizer: checks 
*** RIVER *** [8s Jc Qs 9c] [Kh]
Scaramanzzia: bets $0.20 and is all-in
jablon4881: calls $0.20
187Equalizer: folds 
*** SHOW DOWN ***
Scaramanzzia: shows [9s 6d] (a pair of Nines)
jablon4881: shows [Kd Jd] (two pair, Kings and Jacks)
jablon4881 collected $0.69 from pot
*** SUMMARY ***
Total pot $0.72 | Rake $0.03 
Board [8s Jc Qs 9c Kh]
Seat 1: RazvanBabanu (big blind) folded on the Flop
Seat 2: jablon4881 showed [Kd Jd] and won ($0.69) with two pair, Kings and Jacks
Seat 3: Mtosha folded before Flop (didn't bet)
Seat 4: ghostinthefora folded before Flop (didn't bet)
Seat 5: Azznak folded before Flop (didn't bet)
Seat 6: Kelaj15203 folded before Flop (didn't bet)
Seat 7: Dorex2007 folded before Flop (didn't bet)
Seat 8: 187Equalizer (button) folded on the River
Seat 9: Scaramanzzia (small blind) showed [9s 6d] and lost with a pair of Nines



PokerStars Hand #224470526552:  Hold'em No Limit ($0.01/$0.02 USD) - 2021/03/04 21:32:58 PT [2021/03/05 0:32:58 ET]
Table 'Lampland II' 9-max Seat #1 is the button
Seat 1: RazvanBabanu ($1.73 in chips) 
Seat 2: jablon4881 ($1.33 in chips) 
Seat 3: Mtosha ($2 in chips) 
Seat 4: ghostinthefora ($1.09 in chips) 
Seat 5: Azznak ($2.69 in chips) 
Seat 6: Kelaj15203 ($2.29 in chips) 
Seat 7: Dorex2007 ($3.11 in chips) 
Seat 8: 187Equalizer ($1.88 in chips) 
jablon4881: posts small blind $0.01
Mtosha: posts big blind $0.02
*** HOLE CARDS ***
Dealt to Dorex2007 [6d Td]
ghostinthefora: raises $0.02 to $0.04
Azznak: folds 
Kelaj15203: folds 
Dorex2007: folds 
187Equalizer: folds 
RazvanBabanu: folds 
Scaramanzzia is disconnected 
jablon4881: folds 
Mtosha: raises $0.02 to $0.06
ghostinthefora: calls $0.02
*** FLOP *** [Kc 2s 6h]
Mtosha: checks 
ghostinthefora: bets $0.06
Mtosha: folds 
Uncalled bet ($0.06) returned to ghostinthefora
ghostinthefora collected $0.13 from pot
*** SUMMARY ***
Total pot $0.13 | Rake $0 
Board [Kc 2s 6h]
Seat 1: RazvanBabanu (button) folded before Flop (didn't bet)
Seat 2: jablon4881 (small blind) folded before Flop
Seat 3: Mtosha (big blind) folded on the Flop
Seat 4: ghostinthefora collected ($0.13)
Seat 5: Azznak folded before Flop (didn't bet)
Seat 6: Kelaj15203 folded before Flop (didn't bet)
Seat 7: Dorex2007 folded before Flop (didn't bet)
Seat 8: 187Equalizer folded before Flop (didn't bet)



PokerStars Hand #224470534415:  Hold'em No Limit ($0.01/$0.02 USD) - 2021/03/04 21:33:38 PT [2021/03/05 0:33:38 ET]
Table 'Lampland II' 9-max Seat #2 is the button
Seat 1: RazvanBabanu ($1.73 in chips) 
Seat 2: jablon4881 ($1.32 in chips) 
Seat 3: Mtosha ($2 in chips) 
Seat 4: ghostinthefora ($1.16 in chips) 
Seat 5: Azznak ($2.69 in chips) 
Seat 6: Kelaj15203 ($2.29 in chips) 
Seat 7: Dorex2007 ($3.11 in chips) 
Seat 8: 187Equalizer ($1.88 in chips) 
Mtosha: posts small blind $0.01
ghostinthefora: posts big blind $0.02
*** HOLE CARDS ***
Dealt to Dorex2007 [4d 3c]
Azznak: calls $0.02
Kelaj15203: calls $0.02
Dorex2007: folds 
187Equalizer: folds 
RazvanBabanu: folds 
jablon4881: folds 
Mtosha: raises $0.06 to $0.08
ghostinthefora: folds 
Azznak: calls $0.06
Kelaj15203: calls $0.06
*** FLOP *** [Jd Ah 6h]
Mtosha: bets $0.10
Azznak: folds 
Kelaj15203: calls $0.10
*** TURN *** [Jd Ah 6h] [7s]
Mtosha: bets $0.10
Kelaj15203: raises $0.14 to $0.24
Mtosha: calls $0.14
*** RIVER *** [Jd Ah 6h 7s] [Tc]
Mtosha: bets $0.04
Kelaj15203: raises $0.22 to $0.26
Mtosha: calls $0.22
*** SHOW DOWN ***
Kelaj15203: shows [Jh Jc] (three of a kind, Jacks)
Mtosha: mucks hand 
Kelaj15203 collected $1.41 from pot
*** SUMMARY ***
Total pot $1.46 | Rake $0.05 
Board [Jd Ah 6h 7s Tc]
Seat 1: RazvanBabanu folded before Flop (didn't bet)
Seat 2: jablon4881 (button) folded before Flop (didn't bet)
Seat 3: Mtosha (small blind) mucked [Ad 7c]
Seat 4: ghostinthefora (big blind) folded before Flop
Seat 5: Azznak folded on the Flop
Seat 6: Kelaj15203 showed [Jh Jc] and won ($1.41) with three of a kind, Jacks
Seat 7: Dorex2007 folded before Flop (didn't bet)
Seat 8: 187Equalizer folded before Flop (didn't bet)



PokerStars Hand #224470546448:  Hold'em No Limit ($0.01/$0.02 USD) - 2021/03/04 21:34:39 PT [2021/03/05 0:34:39 ET]
Table 'Lampland II' 9-max Seat #3 is the button
Seat 1: RazvanBabanu ($1.73 in chips) 
Seat 2: jablon4881 ($1.32 in chips) 
Seat 3: Mtosha ($2 in chips) 
Seat 4: ghostinthefora ($1.14 in chips) 
Seat 5: Azznak ($2.61 in chips) 
Seat 6: Kelaj15203 ($3.02 in chips) 
Seat 7: Dorex2007 ($3.11 in chips) 
Seat 8: 187Equalizer ($1.88 in chips) 
ghostinthefora: posts small blind $0.01
Azznak: posts big blind $0.02
*** HOLE CARDS ***
Dealt to Dorex2007 [4c Qs]
Kelaj15203: folds 
Dorex2007: folds 
187Equalizer: calls $0.02
RazvanBabanu: folds 
jablon4881: calls $0.02
Mtosha: folds 
ghostinthefora: calls $0.01
Azznak: checks 
*** FLOP *** [9s Jh 7s]
ghostinthefora: checks 
Azznak: checks 
187Equalizer: bets $0.06
jablon4881: raises $0.06 to $0.12
ghostinthefora: folds 
Azznak: folds 
187Equalizer: calls $0.06
*** TURN *** [9s Jh 7s] [Qd]
187Equalizer: bets $0.26
jablon4881: raises $0.83 to $1.09
187Equalizer: calls $0.83
*** RIVER *** [9s Jh 7s Qd] [8s]
187Equalizer: bets $0.65 and is all-in
jablon4881: calls $0.09 and is all-in
Uncalled bet ($0.56) returned to 187Equalizer
*** SHOW DOWN ***
187Equalizer: shows [As Ts] (a flush, Ace high)
jablon4881: shows [9d Qh] (two pair, Queens and Nines)
187Equalizer collected $2.59 from pot
*** SUMMARY ***
Total pot $2.68 | Rake $0.09 
Board [9s Jh 7s Qd 8s]
Seat 1: RazvanBabanu folded before Flop (didn't bet)
Seat 2: jablon4881 showed [9d Qh] and lost with two pair, Queens and Nines
Seat 3: Mtosha (button) folded before Flop (didn't bet)
Seat 4: ghostinthefora (small blind) folded on the Flop
Seat 5: Azznak (big blind) folded on the Flop
Seat 6: Kelaj15203 folded before Flop (didn't bet)
Seat 7: Dorex2007 folded before Flop (didn't bet)
Seat 8: 187Equalizer showed [As Ts] and won ($2.59) with a flush, Ace high



PokerStars Hand #224470563342:  Hold'em No Limit ($0.01/$0.02 USD) - 2021/03/04 21:36:07 PT [2021/03/05 0:36:07 ET]
Table 'Lampland II' 9-max Seat #4 is the button
Seat 1: RazvanBabanu ($1.73 in chips) 
Seat 3: Mtosha ($2 in chips) 
Seat 4: ghostinthefora ($1.12 in chips) 
Seat 5: Azznak ($2.59 in chips) 
Seat 7: Dorex2007 ($3.11 in chips) 
Seat 8: 187Equalizer ($3.15 in chips) 
Azznak: posts small blind $0.01
Kelaj15203: is sitting out 
Dorex2007: posts big blind $0.02
*** HOLE CARDS ***
Dealt to Dorex2007 [3s 2h]
187Equalizer: folds 
Kelaj15203 leaves the table
RazvanBabanu: folds 
jablon4881 is disconnected 
Mtosha: folds 
tomashovka55 joins the table at seat #6 
ghostinthefora: folds 
Azznak: folds 
Uncalled bet ($0.01) returned to Dorex2007
Dorex2007 collected $0.02 from pot
Dorex2007: doesn't show hand 
*** SUMMARY ***
Total pot $0.02 | Rake $0 
Seat 1: RazvanBabanu folded before Flop (didn't bet)
Seat 3: Mtosha folded before Flop (didn't bet)
Seat 4: ghostinthefora (button) folded before Flop (didn't bet)
Seat 5: Azznak (small blind) folded before Flop
Seat 7: Dorex2007 (big blind) collected ($0.02)
Seat 8: 187Equalizer folded before Flop (didn't bet)



PokerStars Hand #224470566749:  Hold'em No Limit ($0.01/$0.02 USD) - 2021/03/04 21:36:24 PT [2021/03/05 0:36:24 ET]
Table 'Lampland II' 9-max Seat #5 is the button
Seat 1: RazvanBabanu ($1.73 in chips) 
Seat 3: Mtosha ($2 in chips) 
Seat 4: ghostinthefora ($1.12 in chips) 
Seat 5: Azznak ($2.58 in chips) 
Seat 7: Dorex2007 ($3.12 in chips) 
Seat 8: 187Equalizer ($3.15 in chips) 
Dorex2007: posts small blind $0.01
187Equalizer: posts big blind $0.02
*** HOLE CARDS ***
Dealt to Dorex2007 [2d Td]
RazvanBabanu: folds 
Mtosha: folds 
ghostinthefora: folds 
Azznak: calls $0.02
Dorex2007: calls $0.01
187Equalizer: checks 
*** FLOP *** [7s As 4c]
Dorex2007: checks 
187Equalizer: checks 
Azznak: checks 
*** TURN *** [7s As 4c] [Ts]
Dorex2007: bets $0.06
187Equalizer: folds 
Azznak: calls $0.06
*** RIVER *** [7s As 4c Ts] [2c]
Dorex2007: checks 
Azznak: checks 
*** SHOW DOWN ***
Dorex2007: shows [2d Td] (two pair, Tens and Deuces)
Azznak: mucks hand 
Dorex2007 collected $0.17 from pot
*** SUMMARY ***
Total pot $0.18 | Rake $0.01 
Board [7s As 4c Ts 2c]
Seat 1: RazvanBabanu folded before Flop (didn't bet)
Seat 3: Mtosha folded before Flop (didn't bet)
Seat 4: ghostinthefora folded before Flop (didn't bet)
Seat 5: Azznak (button) mucked [9d 8h]
Seat 7: Dorex2007 (small blind) showed [2d Td] and won ($0.17) with two pair, Tens and Deuces
Seat 8: 187Equalizer (big blind) folded on the Turn



PokerStars Hand #224470575495:  Hold'em No Limit ($0.01/$0.02 USD) - 2021/03/04 21:37:09 PT [2021/03/05 0:37:09 ET]
Table 'Lampland II' 9-max Seat #7 is the button
Seat 1: RazvanBabanu ($1.73 in chips) 
Seat 3: Mtosha ($2 in chips) 
Seat 4: ghostinthefora ($1.12 in chips) 
Seat 5: Azznak ($2.50 in chips) 
Seat 7: Dorex2007 ($3.21 in chips) 
Seat 8: 187Equalizer ($3.13 in chips) 
187Equalizer: posts small blind $0.01
RazvanBabanu: posts big blind $0.02
tomashovka55: sits out 
*** HOLE CARDS ***
Dealt to Dorex2007 [9c 4c]
Mtosha: folds 
ghostinthefora: folds 
Azznak: raises $0.04 to $0.06
Dorex2007: folds 
187Equalizer: folds 
RazvanBabanu: folds 
Uncalled bet ($0.04) returned to Azznak
Azznak collected $0.05 from pot
Azznak: doesn't show hand 
*** SUMMARY ***
Total pot $0.05 | Rake $0 
Seat 1: RazvanBabanu (big blind) folded before Flop
Seat 3: Mtosha folded before Flop (didn't bet)
Seat 4: ghostinthefora folded before Flop (didn't bet)
Seat 5: Azznak collected ($0.05)
Seat 7: Dorex2007 (button) folded before Flop (didn't bet)
Seat 8: 187Equalizer (small blind) folded before Flop



PokerStars Hand #224470577865:  Hold'em No Limit ($0.01/$0.02 USD) - 2021/03/04 21:37:21 PT [2021/03/05 0:37:21 ET]
Table 'Lampland II' 9-max Seat #8 is the button
Seat 1: RazvanBabanu ($1.71 in chips) 
Seat 3: Mtosha ($2 in chips) 
Seat 4: ghostinthefora ($1.12 in chips) 
Seat 5: Azznak ($2.53 in chips) 
Seat 7: Dorex2007 ($3.21 in chips) 
Seat 8: 187Equalizer ($3.12 in chips) 
RazvanBabanu: posts small blind $0.01
Mtosha: posts big blind $0.02
tomashovka55: sits out 
*** HOLE CARDS ***
Dealt to Dorex2007 [5s 8c]
ghostinthefora: folds 
Azznak: folds 
Dorex2007: folds 
187Equalizer: folds 
RazvanBabanu: calls $0.01
Mtosha: checks 
*** FLOP *** [2s Tc 5d]
RazvanBabanu: checks 
Mtosha: bets $0.04
RazvanBabanu: calls $0.04
*** TURN *** [2s Tc 5d] [Ac]
RazvanBabanu: checks 
Mtosha: checks 
*** RIVER *** [2s Tc 5d Ac] [9c]
RazvanBabanu: bets $0.02
Mtosha: calls $0.02
*** SHOW DOWN ***
RazvanBabanu: shows [3s Ad] (a pair of Aces)
Mtosha: mucks hand 
RazvanBabanu collected $0.15 from pot
*** SUMMARY ***
Total pot $0.16 | Rake $0.01 
Board [2s Tc 5d Ac 9c]
Seat 1: RazvanBabanu (small blind) showed [3s Ad] and won ($0.15) with a pair of Aces
Seat 3: Mtosha (big blind) mucked [Td 6s]
Seat 4: ghostinthefora folded before Flop (didn't bet)
Seat 5: Azznak folded before Flop (didn't bet)
Seat 7: Dorex2007 folded before Flop (didn't bet)
Seat 8: 187Equalizer (button) folded before Flop (didn't bet)



PokerStars Hand #224470583657:  Hold'em No Limit ($0.01/$0.02 USD) - 2021/03/04 21:37:51 PT [2021/03/05 0:37:51 ET]
Table 'Lampland II' 9-max Seat #1 is the button
Seat 1: RazvanBabanu ($1.78 in chips) 
Seat 3: Mtosha ($2 in chips) 
Seat 4: ghostinthefora ($1.12 in chips) 
Seat 5: Azznak ($2.53 in chips) 
Seat 7: Dorex2007 ($3.21 in chips) 
Seat 8: 187Equalizer ($3.12 in chips) 
Mtosha: posts small blind $0.01
ghostinthefora: posts big blind $0.02
tomashovka55: sits out 
*** HOLE CARDS ***
Dealt to Dorex2007 [Jh 2d]
Azznak: folds 
Dorex2007: folds 
187Equalizer: folds 
RazvanBabanu: folds 
Mtosha: folds 
Uncalled bet ($0.01) returned to ghostinthefora
ghostinthefora collected $0.02 from pot
ghostinthefora: doesn't show hand 
*** SUMMARY ***
Total pot $0.02 | Rake $0 
Seat 1: RazvanBabanu (button) folded before Flop (didn't bet)
Seat 3: Mtosha (small blind) folded before Flop
Seat 4: ghostinthefora (big blind) collected ($0.02)
Seat 5: Azznak folded before Flop (didn't bet)
Seat 7: Dorex2007 folded before Flop (didn't bet)
Seat 8: 187Equalizer folded before Flop (didn't bet)



PokerStars Hand #224470584915:  Hold'em No Limit ($0.01/$0.02 USD) - 2021/03/04 21:37:58 PT [2021/03/05 0:37:58 ET]
Table 'Lampland II' 9-max Seat #3 is the button
Seat 1: RazvanBabanu ($1.78 in chips) 
Seat 3: Mtosha ($2 in chips) 
Seat 4: ghostinthefora ($1.13 in chips) 
Seat 5: Azznak ($2.53 in chips) 
Seat 7: Dorex2007 ($3.21 in chips) 
Seat 8: 187Equalizer ($3.12 in chips) 
ghostinthefora: posts small blind $0.01
Azznak: posts big blind $0.02
tomashovka55: sits out 
*** HOLE CARDS ***
Dealt to Dorex2007 [4s Jd]
Dorex2007: folds 
187Equalizer: folds 
RazvanBabanu: folds 
Mtosha: folds 
ghostinthefora: folds 
Uncalled bet ($0.01) returned to Azznak
Azznak collected $0.02 from pot
Azznak: doesn't show hand 
*** SUMMARY ***
Total pot $0.02 | Rake $0 
Seat 1: RazvanBabanu folded before Flop (didn't bet)
Seat 3: Mtosha (button) folded before Flop (didn't bet)
Seat 4: ghostinthefora (small blind) folded before Flop
Seat 5: Azznak (big blind) collected ($0.02)
Seat 7: Dorex2007 folded before Flop (didn't bet)
Seat 8: 187Equalizer folded before Flop (didn't bet)



PokerStars Hand #224470587428:  Hold'em No Limit ($0.01/$0.02 USD) - 2021/03/04 21:38:11 PT [2021/03/05 0:38:11 ET]
Table 'Lampland II' 9-max Seat #4 is the button
Seat 1: RazvanBabanu ($1.78 in chips) 
Seat 3: Mtosha ($2 in chips) 
Seat 4: ghostinthefora ($1.12 in chips) 
Seat 5: Azznak ($2.54 in chips) 
Seat 6: tomashovka55 ($2 in chips) 
Seat 7: Dorex2007 ($3.21 in chips) 
Seat 8: 187Equalizer ($3.12 in chips) 
Azznak: posts small blind $0.01
tomashovka55: posts big blind $0.02
*** HOLE CARDS ***
Dealt to Dorex2007 [6c 4c]
Dorex2007: folds 
187Equalizer: calls $0.02
RazvanBabanu: folds 
Mtosha: folds 
ghostinthefora: folds 
Azznak: calls $0.01
tomashovka55: checks 
*** FLOP *** [6s 8d Ad]
Azznak: checks 
tomashovka55: checks 
187Equalizer: checks 
*** TURN *** [6s 8d Ad] [4s]
Azznak: checks 
tomashovka55: checks 
187Equalizer: bets $0.06
Azznak: calls $0.06
tomashovka55: folds 
*** RIVER *** [6s 8d Ad 4s] [7h]
Azznak: checks 
187Equalizer: bets $0.06
Azznak: folds 
Uncalled bet ($0.06) returned to 187Equalizer
187Equalizer collected $0.17 from pot
187Equalizer: doesn't show hand 
*** SUMMARY ***
Total pot $0.18 | Rake $0.01 
Board [6s 8d Ad 4s 7h]
Seat 1: RazvanBabanu folded before Flop (didn't bet)
Seat 3: Mtosha folded before Flop (didn't bet)
Seat 4: ghostinthefora (button) folded before Flop (didn't bet)
Seat 5: Azznak (small blind) folded on the River
Seat 6: tomashovka55 (big blind) folded on the Turn
Seat 7: Dorex2007 folded before Flop (didn't bet)
Seat 8: 187Equalizer collected ($0.17)



PokerStars Hand #224470595967:  Hold'em No Limit ($0.01/$0.02 USD) - 2021/03/04 21:38:55 PT [2021/03/05 0:38:55 ET]
Table 'Lampland II' 9-max Seat #5 is the button
Seat 1: RazvanBabanu ($1.78 in chips) 
Seat 3: Mtosha ($2 in chips) 
Seat 4: ghostinthefora ($1.12 in chips) 
Seat 5: Azznak ($2.46 in chips) 
Seat 6: tomashovka55 ($2 in chips) 
Seat 7: Dorex2007 ($3.21 in chips) 
Seat 8: 187Equalizer ($3.21 in chips) 
tomashovka55: posts small blind $0.01
Dorex2007: posts big blind $0.02
*** HOLE CARDS ***
Dealt to Dorex2007 [7s Jc]
187Equalizer: folds 
RazvanBabanu: folds 
Mtosha: raises $0.04 to $0.06
ghostinthefora: folds 
Azznak: calls $0.06
tomashovka55: folds 
Dorex2007: folds 
*** FLOP *** [Ks 8c 4s]
Mtosha: checks 
Azznak: bets $0.07
Mtosha: calls $0.07
*** TURN *** [Ks 8c 4s] [Qd]
Mtosha: checks 
Azznak: checks 
*** RIVER *** [Ks 8c 4s Qd] [Js]
Mtosha: bets $0.02
Azznak: raises $0.16 to $0.18
Mtosha: calls $0.16
*** SHOW DOWN ***
Azznak: shows [8s 5s] (a flush, King high)
Mtosha: mucks hand 
Azznak collected $0.63 from pot
*** SUMMARY ***
Total pot $0.65 | Rake $0.02 
Board [Ks 8c 4s Qd Js]
Seat 1: RazvanBabanu folded before Flop (didn't bet)
Seat 3: Mtosha mucked [Ah Qs]
Seat 4: ghostinthefora folded before Flop (didn't bet)
Seat 5: Azznak (button) showed [8s 5s] and won ($0.63) with a flush, King high
Seat 6: tomashovka55 (small blind) folded before Flop
Seat 7: Dorex2007 (big blind) folded before Flop
Seat 8: 187Equalizer folded before Flop (didn't bet)



PokerStars Hand #224470605569:  Hold'em No Limit ($0.01/$0.02 USD) - 2021/03/04 21:39:45 PT [2021/03/05 0:39:45 ET]
Table 'Lampland II' 9-max Seat #6 is the button
Seat 1: RazvanBabanu ($1.78 in chips) 
Seat 3: Mtosha ($2 in chips) 
Seat 4: ghostinthefora ($1.12 in chips) 
Seat 5: Azznak ($2.78 in chips) 
Seat 6: tomashovka55 ($2 in chips) 
Seat 7: Dorex2007 ($3.19 in chips) 
Seat 8: 187Equalizer ($3.21 in chips) 
Dorex2007: posts small blind $0.01
187Equalizer: posts big blind $0.02
*** HOLE CARDS ***
Dealt to Dorex2007 [Qs 9s]
RazvanBabanu: folds 
Mtosha: folds 
ghostinthefora: raises $0.04 to $0.06
Azznak: folds 
tomashovka55: calls $0.06
Dorex2007: folds 
187Equalizer: folds 
*** FLOP *** [Qd 6c Kc]
ghostinthefora: checks 
tomashovka55: bets $0.10
ghostinthefora: calls $0.10
*** TURN *** [Qd 6c Kc] [7h]
ghostinthefora: checks 
tomashovka55: bets $0.23
ghostinthefora: calls $0.23
*** RIVER *** [Qd 6c Kc 7h] [7d]
ghostinthefora: bets $0.73 and is all-in
tomashovka55: calls $0.73
*** SHOW DOWN ***
ghostinthefora: shows [Kh Ks] (a full house, Kings full of Sevens)
tomashovka55: shows [Kd Jd] (two pair, Kings and Sevens)
ghostinthefora collected $2.19 from pot
*** SUMMARY ***
Total pot $2.27 | Rake $0.08 
Board [Qd 6c Kc 7h 7d]
Seat 1: RazvanBabanu folded before Flop (didn't bet)
Seat 3: Mtosha folded before Flop (didn't bet)
Seat 4: ghostinthefora showed [Kh Ks] and won ($2.19) with a full house, Kings full of Sevens
Seat 5: Azznak folded before Flop (didn't bet)
Seat 6: tomashovka55 (button) showed [Kd Jd] and lost with two pair, Kings and Sevens
Seat 7: Dorex2007 (small blind) folded before Flop
Seat 8: 187Equalizer (big blind) folded before Flop



PokerStars Hand #224470627575:  Hold'em No Limit ($0.01/$0.02 USD) - 2021/03/04 21:40:52 PT [2021/03/05 0:40:52 ET]
Table 'Lampland II' 9-max Seat #7 is the button
Seat 1: RazvanBabanu ($1.78 in chips) 
Seat 3: Mtosha ($2 in chips) 
Seat 4: ghostinthefora ($2.19 in chips) 
Seat 5: Azznak ($2.78 in chips) 
Seat 6: tomashovka55 ($2 in chips) 
Seat 7: Dorex2007 ($3.18 in chips) 
Seat 8: 187Equalizer ($3.19 in chips) 
187Equalizer: posts small blind $0.01
RazvanBabanu: posts big blind $0.02
*** HOLE CARDS ***
Dealt to Dorex2007 [Ts 3d]
Mtosha: raises $0.06 to $0.08
ghostinthefora: folds 
Azznak: folds 
tomashovka55: folds 
Dorex2007: folds 
187Equalizer: folds 
RazvanBabanu: folds 
Uncalled bet ($0.06) returned to Mtosha
Mtosha collected $0.05 from pot
Mtosha: doesn't show hand 
*** SUMMARY ***
Total pot $0.05 | Rake $0 
Seat 1: RazvanBabanu (big blind) folded before Flop
Seat 3: Mtosha collected ($0.05)
Seat 4: ghostinthefora folded before Flop (didn't bet)
Seat 5: Azznak folded before Flop (didn't bet)
Seat 6: tomashovka55 folded before Flop (didn't bet)
Seat 7: Dorex2007 (button) folded before Flop (didn't bet)
Seat 8: 187Equalizer (small blind) folded before Flop



PokerStars Hand #224470631329:  Hold'em No Limit ($0.01/$0.02 USD) - 2021/03/04 21:41:12 PT [2021/03/05 0:41:12 ET]
Table 'Lampland II' 9-max Seat #8 is the button
Seat 1: RazvanBabanu ($1.76 in chips) 
Seat 3: Mtosha ($2.03 in chips) 
Seat 4: ghostinthefora ($2.19 in chips) 
Seat 5: Azznak ($2.78 in chips) 
Seat 6: tomashovka55 ($2 in chips) 
Seat 7: Dorex2007 ($3.18 in chips) 
Seat 8: 187Equalizer ($3.18 in chips) 
RazvanBabanu: posts small blind $0.01
Mtosha: posts big blind $0.02
*** HOLE CARDS ***
Dealt to Dorex2007 [5d 6c]
ghostinthefora: raises $0.02 to $0.04
Azznak: folds 
tomashovka55: folds 
Dorex2007: folds 
187Equalizer: folds 
RazvanBabanu: calls $0.03
Mtosha: raises $0.10 to $0.14
ghostinthefora: calls $0.10
RazvanBabanu: folds 
*** FLOP *** [9h Jh Kc]
Mtosha: bets $0.06
ghostinthefora: calls $0.06
*** TURN *** [9h Jh Kc] [7h]
Mtosha: bets $0.06
ghostinthefora: calls $0.06
*** RIVER *** [9h Jh Kc 7h] [3h]
Mtosha: bets $0.27
ghostinthefora: calls $0.27
*** SHOW DOWN ***
Mtosha: shows [Ad Qs] (high card Ace)
ghostinthefora: shows [Ac Th] (a flush, Jack high)
ghostinthefora collected $1.06 from pot
*** SUMMARY ***
Total pot $1.10 | Rake $0.04 
Board [9h Jh Kc 7h 3h]
Seat 1: RazvanBabanu (small blind) folded before Flop
Seat 3: Mtosha (big blind) showed [Ad Qs] and lost with high card Ace
Seat 4: ghostinthefora showed [Ac Th] and won ($1.06) with a flush, Jack high
Seat 5: Azznak folded before Flop (didn't bet)
Seat 6: tomashovka55 folded before Flop (didn't bet)
Seat 7: Dorex2007 folded before Flop (didn't bet)
Seat 8: 187Equalizer (button) folded before Flop (didn't bet)



PokerStars Hand #224470641746:  Hold'em No Limit ($0.01/$0.02 USD) - 2021/03/04 21:42:06 PT [2021/03/05 0:42:06 ET]
Table 'Lampland II' 9-max Seat #1 is the button
Seat 1: RazvanBabanu ($1.72 in chips) 
Seat 3: Mtosha ($2 in chips) 
Seat 4: ghostinthefora ($2.72 in chips) 
Seat 5: Azznak ($2.78 in chips) 
Seat 6: tomashovka55 ($2 in chips) 
Seat 7: Dorex2007 ($3.18 in chips) 
Seat 8: 187Equalizer ($3.18 in chips) 
Mtosha: posts small blind $0.01
ghostinthefora: posts big blind $0.02
*** HOLE CARDS ***
Dealt to Dorex2007 [3s 3c]
Azznak: folds 
tomashovka55: folds 
Dorex2007: calls $0.02
187Equalizer: folds 
RazvanBabanu: calls $0.02
Mtosha: folds 
ghostinthefora: checks 
*** FLOP *** [Qd 5s Jc]
ghostinthefora: bets $0.02
Dorex2007: calls $0.02
RazvanBabanu: calls $0.02
*** TURN *** [Qd 5s Jc] [8d]
ghostinthefora: bets $0.04
Dorex2007: folds 
RazvanBabanu: calls $0.04
*** RIVER *** [Qd 5s Jc 8d] [7s]
ghostinthefora: bets $0.20
RazvanBabanu: folds 
Uncalled bet ($0.20) returned to ghostinthefora
ghostinthefora collected $0.20 from pot
*** SUMMARY ***
Total pot $0.21 | Rake $0.01 
Board [Qd 5s Jc 8d 7s]
Seat 1: RazvanBabanu (button) folded on the River
Seat 3: Mtosha (small blind) folded before Flop
Seat 4: ghostinthefora (big blind) collected ($0.20)
Seat 5: Azznak folded before Flop (didn't bet)
Seat 6: tomashovka55 folded before Flop (didn't bet)
Seat 7: Dorex2007 folded on the Turn
Seat 8: 187Equalizer folded before Flop (didn't bet)



PokerStars Hand #224470652844:  Hold'em No Limit ($0.01/$0.02 USD) - 2021/03/04 21:43:04 PT [2021/03/05 0:43:04 ET]
Table 'Lampland II' 9-max Seat #3 is the button
Seat 1: RazvanBabanu ($1.64 in chips) 
Seat 3: Mtosha ($2 in chips) 
Seat 4: ghostinthefora ($2.84 in chips) 
Seat 5: Azznak ($2.78 in chips) 
Seat 6: tomashovka55 ($2 in chips) 
Seat 7: Dorex2007 ($3.14 in chips) 
Seat 8: 187Equalizer ($3.18 in chips) 
ghostinthefora: posts small blind $0.01
Azznak: posts big blind $0.02
*** HOLE CARDS ***
Dealt to Dorex2007 [8c Qd]
Scaramanzzia leaves the table
tomashovka55: folds 
Dorex2007: folds 
187Equalizer: folds 
RazvanBabanu: folds 
Mtosha: raises $0.04 to $0.06
alystair joins the table at seat #9 
ghostinthefora: calls $0.05
Azznak: folds 
*** FLOP *** [Kh 2c Kc]
ghostinthefora: checks 
Mtosha: bets $0.14
ghostinthefora: folds 
Uncalled bet ($0.14) returned to Mtosha
Mtosha collected $0.14 from pot
Mtosha: doesn't show hand 
*** SUMMARY ***
Total pot $0.14 | Rake $0 
Board [Kh 2c Kc]
Seat 1: RazvanBabanu folded before Flop (didn't bet)
Seat 3: Mtosha (button) collected ($0.14)
Seat 4: ghostinthefora (small blind) folded on the Flop
Seat 5: Azznak (big blind) folded before Flop
Seat 6: tomashovka55 folded before Flop (didn't bet)
Seat 7: Dorex2007 folded before Flop (didn't bet)
Seat 8: 187Equalizer folded before Flop (didn't bet)



PokerStars Hand #224470658855:  Hold'em No Limit ($0.01/$0.02 USD) - 2021/03/04 21:43:36 PT [2021/03/05 0:43:36 ET]
Table 'Lampland II' 9-max Seat #4 is the button
Seat 1: RazvanBabanu ($1.64 in chips) 
Seat 3: Mtosha ($2.08 in chips) 
Seat 4: ghostinthefora ($2.78 in chips) 
Seat 5: Azznak ($2.76 in chips) 
Seat 6: tomashovka55 ($2 in chips) 
Seat 7: Dorex2007 ($3.14 in chips) 
Seat 8: 187Equalizer ($3.18 in chips) 
Azznak: posts small blind $0.01
tomashovka55: posts big blind $0.02
alystair: sits out 
*** HOLE CARDS ***
Dealt to Dorex2007 [Qd 6c]
Dorex2007: folds 
187Equalizer: folds 
RazvanBabanu: calls $0.02
Mtosha: folds 
ghostinthefora: folds 
Azznak: folds 
tomashovka55: checks 
*** FLOP *** [5c 6h 9c]
tomashovka55: checks 
RazvanBabanu: checks 
*** TURN *** [5c 6h 9c] [4s]
tomashovka55: checks 
RazvanBabanu: checks 
*** RIVER *** [5c 6h 9c 4s] [Th]
tomashovka55: checks 
RazvanBabanu: checks 
*** SHOW DOWN ***
tomashovka55: shows [Ad Jd] (high card Ace)
RazvanBabanu: mucks hand 
tomashovka55 collected $0.05 from pot
*** SUMMARY ***
Total pot $0.05 | Rake $0 
Board [5c 6h 9c 4s Th]
Seat 1: RazvanBabanu mucked [Qs Kc]
Seat 3: Mtosha folded before Flop (didn't bet)
Seat 4: ghostinthefora (button) folded before Flop (didn't bet)
Seat 5: Azznak (small blind) folded before Flop
Seat 6: tomashovka55 (big blind) showed [Ad Jd] and won ($0.05) with high card Ace
Seat 7: Dorex2007 folded before Flop (didn't bet)
Seat 8: 187Equalizer folded before Flop (didn't bet)



PokerStars Hand #224470665595:  Hold'em No Limit ($0.01/$0.02 USD) - 2021/03/04 21:44:11 PT [2021/03/05 0:44:11 ET]
Table 'Lampland II' 9-max Seat #5 is the button
Seat 1: RazvanBabanu ($1.62 in chips) 
Seat 3: Mtosha ($2.08 in chips) 
Seat 4: ghostinthefora ($2.78 in chips) 
Seat 5: Azznak ($2.75 in chips) 
Seat 6: tomashovka55 ($2.03 in chips) 
Seat 7: Dorex2007 ($3.14 in chips) 
Seat 8: 187Equalizer ($3.18 in chips) 
tomashovka55: posts small blind $0.01
Dorex2007: posts big blind $0.02
alystair: sits out 
*** HOLE CARDS ***
Dealt to Dorex2007 [6c Qs]
187Equalizer: folds 
RazvanBabanu: folds 
Mtosha: raises $0.06 to $0.08
ghostinthefora: folds 
187Equalizer leaves the table
Azznak: folds 
tomashovka55: folds 
Antracyd joins the table at seat #8 
Dorex2007: folds 
Uncalled bet ($0.06) returned to Mtosha
Mtosha collected $0.05 from pot
Mtosha: doesn't show hand 
*** SUMMARY ***
Total pot $0.05 | Rake $0 
Seat 1: RazvanBabanu folded before Flop (didn't bet)
Seat 3: Mtosha collected ($0.05)
Seat 4: ghostinthefora folded before Flop (didn't bet)
Seat 5: Azznak (button) folded before Flop (didn't bet)
Seat 6: tomashovka55 (small blind) folded before Flop
Seat 7: Dorex2007 (big blind) folded before Flop
Seat 8: 187Equalizer folded before Flop (didn't bet)



PokerStars Hand #224470670545:  Hold'em No Limit ($0.01/$0.02 USD) - 2021/03/04 21:44:37 PT [2021/03/05 0:44:37 ET]
Table 'Lampland II' 9-max Seat #6 is the button
Seat 1: RazvanBabanu ($1.62 in chips) 
Seat 3: Mtosha ($2.11 in chips) 
Seat 4: ghostinthefora ($2.78 in chips) 
Seat 5: Azznak ($2.75 in chips) 
Seat 6: tomashovka55 ($2.02 in chips) 
Seat 7: Dorex2007 ($3.12 in chips) 
Seat 8: Antracyd ($2 in chips) 
Dorex2007: posts small blind $0.01
Antracyd: posts big blind $0.02
alystair: sits out 
*** HOLE CARDS ***
Dealt to Dorex2007 [8s 8h]
RazvanBabanu: calls $0.02
Mtosha: folds 
ghostinthefora: folds 
Azznak: calls $0.02
tomashovka55: folds 
Dorex2007: calls $0.01
Antracyd: checks 
*** FLOP *** [Jh 4d Tc]
Dorex2007: checks 
Antracyd: checks 
RazvanBabanu: checks 
Azznak: checks 
*** TURN *** [Jh 4d Tc] [Kc]
Dorex2007: checks 
Antracyd: checks 
RazvanBabanu: bets $0.04
Azznak: folds 
Dorex2007: folds 
Antracyd: calls $0.04
*** RIVER *** [Jh 4d Tc Kc] [Qs]
Antracyd: checks 
RazvanBabanu: checks 
*** SHOW DOWN ***
Antracyd: shows [Qc 7h] (a pair of Queens)
RazvanBabanu: shows [Th Kd] (two pair, Kings and Tens)
RazvanBabanu collected $0.15 from pot
*** SUMMARY ***
Total pot $0.16 | Rake $0.01 
Board [Jh 4d Tc Kc Qs]
Seat 1: RazvanBabanu showed [Th Kd] and won ($0.15) with two pair, Kings and Tens
Seat 3: Mtosha folded before Flop (didn't bet)
Seat 4: ghostinthefora folded before Flop (didn't bet)
Seat 5: Azznak folded on the Turn
Seat 6: tomashovka55 (button) folded before Flop (didn't bet)
Seat 7: Dorex2007 (small blind) folded on the Turn
Seat 8: Antracyd (big blind) showed [Qc 7h] and lost with a pair of Queens



PokerStars Hand #224470682893:  Hold'em No Limit ($0.01/$0.02 USD) - 2021/03/04 21:45:42 PT [2021/03/05 0:45:42 ET]
Table 'Lampland II' 9-max Seat #7 is the button
Seat 1: RazvanBabanu ($1.71 in chips) 
Seat 3: Mtosha ($2.11 in chips) 
Seat 4: ghostinthefora ($2.78 in chips) 
Seat 5: Azznak ($2.73 in chips) 
Seat 6: tomashovka55 ($2.02 in chips) 
Seat 7: Dorex2007 ($3.10 in chips) 
Seat 8: Antracyd ($1.94 in chips) 
Seat 9: alystair ($2 in chips) 
Antracyd: posts small blind $0.01
alystair: posts big blind $0.02
*** HOLE CARDS ***
Dealt to Dorex2007 [Jd Ac]
RazvanBabanu: calls $0.02
Mtosha: raises $0.04 to $0.06
ghostinthefora: folds 
Azznak: folds 
tomashovka55: folds 
Dorex2007: calls $0.06
Antracyd: folds 
jablon4881 leaves the table
alystair: calls $0.04
RazvanBabanu: calls $0.04
*** FLOP *** [6c 3d Qd]
alystair: checks 
RazvanBabanu: checks 
Mtosha: checks 
Dorex2007: bets $0.18
alystair: folds 
cgurl72 joins the table at seat #2 
RazvanBabanu: raises $1.47 to $1.65 and is all-in
Mtosha is disconnected 
cgurl72 leaves the table
Mtosha has timed out while disconnected
Mtosha: folds 
Dorex2007: folds 
Uncalled bet ($1.47) returned to RazvanBabanu
RazvanBabanu collected $0.59 from pot
RazvanBabanu: doesn't show hand 
*** SUMMARY ***
Total pot $0.61 | Rake $0.02 
Board [6c 3d Qd]
Seat 1: RazvanBabanu collected ($0.59)
Seat 3: Mtosha folded on the Flop
Seat 4: ghostinthefora folded before Flop (didn't bet)
Seat 5: Azznak folded before Flop (didn't bet)
Seat 6: tomashovka55 folded before Flop (didn't bet)
Seat 7: Dorex2007 (button) folded on the Flop
Seat 8: Antracyd (small blind) folded before Flop
Seat 9: alystair (big blind) folded on the Flop



PokerStars Hand #224470752880:  Hold'em No Limit ($0.01/$0.02 USD) - 2021/03/04 21:51:18 PT [2021/03/05 0:51:18 ET]
Table 'Lampland II' 9-max Seat #8 is the button
Seat 4: ghostinthefora ($2.78 in chips) 
Seat 5: Azznak ($2.73 in chips) 
Seat 6: tomashovka55 ($2.02 in chips) 
Seat 7: Dorex2007 ($2.86 in chips) 
Seat 8: Antracyd ($1.93 in chips) 
Seat 9: alystair ($2 in chips) 
alystair: posts small blind $0.01
RazvanBabanu: is sitting out 
ghostinthefora: posts big blind $0.02
*** HOLE CARDS ***
Dealt to Dorex2007 [3s Kd]
Azznak: folds 
RazvanBabanu leaves the table
tomashovka55: folds 
Dorex2007: folds 
Antracyd: folds 
alystair: folds 
Uncalled bet ($0.01) returned to ghostinthefora
ghostinthefora collected $0.02 from pot
ghostinthefora: doesn't show hand 
*** SUMMARY ***
Total pot $0.02 | Rake $0 
Seat 4: ghostinthefora (big blind) collected ($0.02)
Seat 5: Azznak folded before Flop (didn't bet)
Seat 6: tomashovka55 folded before Flop (didn't bet)
Seat 7: Dorex2007 folded before Flop (didn't bet)
Seat 8: Antracyd (button) folded before Flop (didn't bet)
Seat 9: alystair (small blind) folded before Flop



PokerStars Hand #224470755596:  Hold'em No Limit ($0.01/$0.02 USD) - 2021/03/04 21:51:32 PT [2021/03/05 0:51:32 ET]
Table 'Lampland II' 9-max Seat #9 is the button
Seat 4: ghostinthefora ($2.79 in chips) 
Seat 5: Azznak ($2.73 in chips) 
Seat 6: tomashovka55 ($2.02 in chips) 
Seat 7: Dorex2007 ($2.86 in chips) 
Seat 8: Antracyd ($1.93 in chips) 
Seat 9: alystair ($2 in chips) 
ghostinthefora: posts small blind $0.01
Azznak: posts big blind $0.02
*** HOLE CARDS ***
Dealt to Dorex2007 [4h Td]
tomashovka55: folds 
Dorex2007: folds 
Antracyd: folds 
alystair: raises $0.02 to $0.04
ghostinthefora: calls $0.03
Azznak: calls $0.02
*** FLOP *** [As 8h Jd]
ghostinthefora: checks 
Azznak: checks 
alystair: checks 
*** TURN *** [As 8h Jd] [8c]
ghostinthefora: checks 
Azznak: bets $0.06
alystair: folds 
ghostinthefora: folds 
Uncalled bet ($0.06) returned to Azznak
Azznak collected $0.12 from pot
Azznak: doesn't show hand 
*** SUMMARY ***
Total pot $0.12 | Rake $0 
Board [As 8h Jd 8c]
Seat 4: ghostinthefora (small blind) folded on the Turn
Seat 5: Azznak (big blind) collected ($0.12)
Seat 6: tomashovka55 folded before Flop (didn't bet)
Seat 7: Dorex2007 folded before Flop (didn't bet)
Seat 8: Antracyd folded before Flop (didn't bet)
Seat 9: alystair (button) folded on the Turn



PokerStars Hand #224470763417:  Hold'em No Limit ($0.01/$0.02 USD) - 2021/03/04 21:52:14 PT [2021/03/05 0:52:14 ET]
Table 'Lampland II' 9-max Seat #4 is the button
Seat 4: ghostinthefora ($2.75 in chips) 
Seat 5: Azznak ($2.81 in chips) 
Seat 6: tomashovka55 ($2.02 in chips) 
Seat 7: Dorex2007 ($2.86 in chips) 
Seat 8: Antracyd ($1.93 in chips) 
Seat 9: alystair ($2 in chips) 
Azznak: posts small blind $0.01
tomashovka55: posts big blind $0.02
*** HOLE CARDS ***
Dealt to Dorex2007 [4d Jd]
Dorex2007: folds 
Antracyd: folds 
alystair: raises $0.04 to $0.06
ghostinthefora: raises $0.04 to $0.10
Azznak: folds 
tomashovka55: folds 
alystair: calls $0.04
*** FLOP *** [8s Ah 9c]
alystair: checks 
ghostinthefora: checks 
*** TURN *** [8s Ah 9c] [3c]
alystair: checks 
ghostinthefora: checks 
*** RIVER *** [8s Ah 9c 3c] [Kh]
alystair: checks 
ghostinthefora: checks 
*** SHOW DOWN ***
alystair: shows [Ks Qh] (a pair of Kings)
ghostinthefora: mucks hand 
alystair collected $0.22 from pot
*** SUMMARY ***
Total pot $0.23 | Rake $0.01 
Board [8s Ah 9c 3c Kh]
Seat 4: ghostinthefora (button) mucked [Tc Th]
Seat 5: Azznak (small blind) folded before Flop
Seat 6: tomashovka55 (big blind) folded before Flop
Seat 7: Dorex2007 folded before Flop (didn't bet)
Seat 8: Antracyd folded before Flop (didn't bet)
Seat 9: alystair showed [Ks Qh] and won ($0.22) with a pair of Kings



PokerStars Hand #224470771222:  Hold'em No Limit ($0.01/$0.02 USD) - 2021/03/04 21:52:55 PT [2021/03/05 0:52:55 ET]
Table 'Lampland II' 9-max Seat #5 is the button
Seat 4: ghostinthefora ($2.65 in chips) 
Seat 5: Azznak ($2.80 in chips) 
Seat 6: tomashovka55 ($2 in chips) 
Seat 7: Dorex2007 ($2.86 in chips) 
Seat 8: Antracyd ($1.93 in chips) 
Seat 9: alystair ($2.12 in chips) 
tomashovka55: posts small blind $0.01
Dorex2007: posts big blind $0.02
*** HOLE CARDS ***
Dealt to Dorex2007 [3h 8d]
Antracyd: folds 
alystair: folds 
ghostinthefora: raises $0.04 to $0.06
Azznak: folds 
tomashovka55: folds 
Dorex2007: folds 
Uncalled bet ($0.04) returned to ghostinthefora
ghostinthefora collected $0.05 from pot
ghostinthefora: doesn't show hand 
*** SUMMARY ***
Total pot $0.05 | Rake $0 
Seat 4: ghostinthefora collected ($0.05)
Seat 5: Azznak (button) folded before Flop (didn't bet)
Seat 6: tomashovka55 (small blind) folded before Flop
Seat 7: Dorex2007 (big blind) folded before Flop
Seat 8: Antracyd folded before Flop (didn't bet)
Seat 9: alystair folded before Flop (didn't bet)



PokerStars Hand #224470775098:  Hold'em No Limit ($0.01/$0.02 USD) - 2021/03/04 21:53:15 PT [2021/03/05 0:53:15 ET]
Table 'Lampland II' 9-max Seat #6 is the button
Seat 4: ghostinthefora ($2.68 in chips) 
Seat 5: Azznak ($2.80 in chips) 
Seat 6: tomashovka55 ($2 in chips) 
Seat 7: Dorex2007 ($2.84 in chips) 
Seat 8: Antracyd ($1.93 in chips) 
Seat 9: alystair ($2.12 in chips) 
Dorex2007: posts small blind $0.01
Antracyd: posts big blind $0.02
*** HOLE CARDS ***
Dealt to Dorex2007 [8c Kh]
alystair: folds 
ghostinthefora: folds 
Azznak: raises $0.04 to $0.06
tomashovka55: calls $0.06
Dorex2007: folds 
Antracyd: calls $0.04
*** FLOP *** [Jh Kc 8s]
Antracyd: checks 
Azznak: bets $0.18
tomashovka55: folds 
Antracyd: folds 
Uncalled bet ($0.18) returned to Azznak
Azznak collected $0.18 from pot
Azznak: doesn't show hand 
*** SUMMARY ***
Total pot $0.19 | Rake $0.01 
Board [Jh Kc 8s]
Seat 4: ghostinthefora folded before Flop (didn't bet)
Seat 5: Azznak collected ($0.18)
Seat 6: tomashovka55 (button) folded on the Flop
Seat 7: Dorex2007 (small blind) folded before Flop
Seat 8: Antracyd (big blind) folded on the Flop
Seat 9: alystair folded before Flop (didn't bet)



PokerStars Hand #224470786103:  Hold'em No Limit ($0.01/$0.02 USD) - 2021/03/04 21:54:13 PT [2021/03/05 0:54:13 ET]
Table 'Lampland II' 9-max Seat #7 is the button
Seat 4: ghostinthefora ($2.68 in chips) 
Seat 5: Azznak ($2.92 in chips) 
Seat 6: tomashovka55 ($2 in chips) 
Seat 7: Dorex2007 ($2.83 in chips) 
Seat 8: Antracyd ($1.87 in chips) 
Seat 9: alystair ($2.12 in chips) 
Antracyd: posts small blind $0.01
alystair: posts big blind $0.02
*** HOLE CARDS ***
Dealt to Dorex2007 [2d 7d]
ghostinthefora: folds 
Azznak: calls $0.02
tomashovka55: folds 
Dorex2007: folds 
Antracyd: folds 
alystair: checks 
*** FLOP *** [Kc 8s 7h]
alystair: checks 
Azznak: bets $0.05
alystair: folds 
Uncalled bet ($0.05) returned to Azznak
Azznak collected $0.05 from pot
Azznak: doesn't show hand 
*** SUMMARY ***
Total pot $0.05 | Rake $0 
Board [Kc 8s 7h]
Seat 4: ghostinthefora folded before Flop (didn't bet)
Seat 5: Azznak collected ($0.05)
Seat 6: tomashovka55 folded before Flop (didn't bet)
Seat 7: Dorex2007 (button) folded before Flop (didn't bet)
Seat 8: Antracyd (small blind) folded before Flop
Seat 9: alystair (big blind) folded on the Flop



PokerStars Hand #224470790718:  Hold'em No Limit ($0.01/$0.02 USD) - 2021/03/04 21:54:37 PT [2021/03/05 0:54:37 ET]
Table 'Lampland II' 9-max Seat #8 is the button
Seat 4: ghostinthefora ($2.68 in chips) 
Seat 5: Azznak ($2.95 in chips) 
Seat 6: tomashovka55 ($2 in chips) 
Seat 7: Dorex2007 ($2.83 in chips) 
Seat 8: Antracyd ($1.86 in chips) 
Seat 9: alystair ($2.10 in chips) 
alystair: posts small blind $0.01
ghostinthefora: posts big blind $0.02
*** HOLE CARDS ***
Dealt to Dorex2007 [4d 2d]
Azznak: calls $0.02
tomashovka55: folds 
Dorex2007: folds 
Antracyd: folds 
alystair: folds 
ghostinthefora: checks 
*** FLOP *** [8c 4h 6h]
ghostinthefora: bets $0.02
Azznak: calls $0.02
*** TURN *** [8c 4h 6h] [7d]
ghostinthefora: checks 
Azznak: checks 
*** RIVER *** [8c 4h 6h 7d] [5d]
ghostinthefora: bets $0.04
Azznak: folds 
Uncalled bet ($0.04) returned to ghostinthefora
ghostinthefora collected $0.09 from pot
ghostinthefora: doesn't show hand 
*** SUMMARY ***
Total pot $0.09 | Rake $0 
Board [8c 4h 6h 7d 5d]
Seat 4: ghostinthefora (big blind) collected ($0.09)
Seat 5: Azznak folded on the River
Seat 6: tomashovka55 folded before Flop (didn't bet)
Seat 7: Dorex2007 folded before Flop (didn't bet)
Seat 8: Antracyd (button) folded before Flop (didn't bet)
Seat 9: alystair (small blind) folded before Flop



PokerStars Hand #224470798121:  Hold'em No Limit ($0.01/$0.02 USD) - 2021/03/04 21:55:17 PT [2021/03/05 0:55:17 ET]
Table 'Lampland II' 9-max Seat #9 is the button
Seat 4: ghostinthefora ($2.73 in chips) 
Seat 5: Azznak ($2.91 in chips) 
Seat 6: tomashovka55 ($2 in chips) 
Seat 7: Dorex2007 ($2.83 in chips) 
Seat 8: Antracyd ($1.86 in chips) 
Seat 9: alystair ($2.09 in chips) 
ghostinthefora: posts small blind $0.01
Azznak: posts big blind $0.02
*** HOLE CARDS ***
Dealt to Dorex2007 [Jh Td]
V888NON joins the table at seat #2 
tomashovka55: folds 
Dorex2007: calls $0.02
conte7779 joins the table at seat #1 
Antracyd: folds 
alystair: folds 
ghostinthefora: calls $0.01
Azznak: checks 
*** FLOP *** [6h 5d 2d]
ghostinthefora: bets $0.04
Azznak: calls $0.04
Dorex2007: folds 
*** TURN *** [6h 5d 2d] [Ks]
ghostinthefora: bets $0.08
Azznak: calls $0.08
*** RIVER *** [6h 5d 2d Ks] [9d]
ghostinthefora: checks 
Azznak: checks 
*** SHOW DOWN ***
ghostinthefora: shows [3d 4h] (a straight, Deuce to Six)
Azznak: mucks hand 
ghostinthefora collected $0.29 from pot
*** SUMMARY ***
Total pot $0.30 | Rake $0.01 
Board [6h 5d 2d Ks 9d]
Seat 4: ghostinthefora (small blind) showed [3d 4h] and won ($0.29) with a straight, Deuce to Six
Seat 5: Azznak (big blind) mucked [3c Ac]
Seat 6: tomashovka55 folded before Flop (didn't bet)
Seat 7: Dorex2007 folded on the Flop
Seat 8: Antracyd folded before Flop (didn't bet)
Seat 9: alystair (button) folded before Flop (didn't bet)



PokerStars Hand #224470807500:  Hold'em No Limit ($0.01/$0.02 USD) - 2021/03/04 21:56:15 PT [2021/03/05 0:56:15 ET]
Table 'Lampland II' 9-max Seat #4 is the button
Seat 4: ghostinthefora ($2.88 in chips) 
Seat 5: Azznak ($2.77 in chips) 
Seat 6: tomashovka55 ($2 in chips) 
Seat 7: Dorex2007 ($2.81 in chips) 
Seat 8: Antracyd ($1.86 in chips) 
Seat 9: alystair ($2.09 in chips) 
Azznak: posts small blind $0.01
tomashovka55: posts big blind $0.02
conte7779: sits out 
V888NON: sits out 
*** HOLE CARDS ***
Dealt to Dorex2007 [6d 2h]
Dorex2007: folds 
Antracyd: folds 
alystair: folds 
ghostinthefora: folds 
Azznak: calls $0.01
tomashovka55: checks 
*** FLOP *** [Kh 5c 8d]
Azznak: checks 
tomashovka55: bets $0.02
Azznak: calls $0.02
*** TURN *** [Kh 5c 8d] [Ks]
Azznak: checks 
tomashovka55: bets $0.06
Azznak: folds 
Uncalled bet ($0.06) returned to tomashovka55
tomashovka55 collected $0.08 from pot
tomashovka55: doesn't show hand 
*** SUMMARY ***
Total pot $0.08 | Rake $0 
Board [Kh 5c 8d Ks]
Seat 4: ghostinthefora (button) folded before Flop (didn't bet)
Seat 5: Azznak (small blind) folded on the Turn
Seat 6: tomashovka55 (big blind) collected ($0.08)
Seat 7: Dorex2007 folded before Flop (didn't bet)
Seat 8: Antracyd folded before Flop (didn't bet)
Seat 9: alystair folded before Flop (didn't bet)



PokerStars Hand #224470812719:  Hold'em No Limit ($0.01/$0.02 USD) - 2021/03/04 21:56:48 PT [2021/03/05 0:56:48 ET]
Table 'Lampland II' 9-max Seat #5 is the button
Seat 4: ghostinthefora ($2.88 in chips) 
Seat 5: Azznak ($2.73 in chips) 
Seat 6: tomashovka55 ($2.04 in chips) 
Seat 7: Dorex2007 ($2.81 in chips) 
Seat 8: Antracyd ($1.86 in chips) 
Seat 9: alystair ($2.09 in chips) 
tomashovka55: posts small blind $0.01
Dorex2007: posts big blind $0.02
conte7779: sits out 
V888NON: sits out 
*** HOLE CARDS ***
Dealt to Dorex2007 [6c Qh]
Antracyd: folds 
alystair: folds 
ghostinthefora: raises $0.02 to $0.04
Azznak: folds 
tomashovka55: folds 
Dorex2007: calls $0.02
*** FLOP *** [Kh 5d 6s]
Dorex2007: checks 
ghostinthefora: bets $0.04
Dorex2007: calls $0.04
*** TURN *** [Kh 5d 6s] [3s]
Dorex2007: checks 
ghostinthefora: bets $0.06
Dorex2007: calls $0.06
*** RIVER *** [Kh 5d 6s 3s] [3c]
Dorex2007: bets $0.14
ghostinthefora: calls $0.14
*** SHOW DOWN ***
Dorex2007: shows [6c Qh] (two pair, Sixes and Threes)
ghostinthefora: shows [Ts Kd] (two pair, Kings and Threes)
ghostinthefora collected $0.55 from pot
*** SUMMARY ***
Total pot $0.57 | Rake $0.02 
Board [Kh 5d 6s 3s 3c]
Seat 4: ghostinthefora showed [Ts Kd] and won ($0.55) with two pair, Kings and Threes
Seat 5: Azznak (button) folded before Flop (didn't bet)
Seat 6: tomashovka55 (small blind) folded before Flop
Seat 7: Dorex2007 (big blind) showed [6c Qh] and lost with two pair, Sixes and Threes
Seat 8: Antracyd folded before Flop (didn't bet)
Seat 9: alystair folded before Flop (didn't bet)



PokerStars Hand #224470820506:  Hold'em No Limit ($0.01/$0.02 USD) - 2021/03/04 21:57:37 PT [2021/03/05 0:57:37 ET]
Table 'Lampland II' 9-max Seat #6 is the button
Seat 4: ghostinthefora ($3.15 in chips) 
Seat 5: Azznak ($2.73 in chips) 
Seat 6: tomashovka55 ($2.03 in chips) 
Seat 7: Dorex2007 ($2.53 in chips) 
Seat 8: Antracyd ($1.86 in chips) 
Seat 9: alystair ($2.09 in chips) 
Dorex2007: posts small blind $0.01
Antracyd: posts big blind $0.02
conte7779: sits out 
V888NON has timed out
V888NON: is sitting out 
*** HOLE CARDS ***
Dealt to Dorex2007 [Tc Kd]
alystair: folds 
V888NON is disconnected 
ghostinthefora: raises $0.02 to $0.04
Azznak: folds 
tomashovka55: folds 
Dorex2007: raises $0.08 to $0.12
Antracyd: folds 
ghostinthefora: folds 
Uncalled bet ($0.08) returned to Dorex2007
Dorex2007 collected $0.10 from pot
Dorex2007: doesn't show hand 
*** SUMMARY ***
Total pot $0.10 | Rake $0 
Seat 4: ghostinthefora folded before Flop
Seat 5: Azznak folded before Flop (didn't bet)
Seat 6: tomashovka55 (button) folded before Flop (didn't bet)
Seat 7: Dorex2007 (small blind) collected ($0.10)
Seat 8: Antracyd (big blind) folded before Flop
Seat 9: alystair folded before Flop (didn't bet)



PokerStars Hand #224470826068:  Hold'em No Limit ($0.01/$0.02 USD) - 2021/03/04 21:58:12 PT [2021/03/05 0:58:12 ET]
Table 'Lampland II' 9-max Seat #7 is the button
Seat 4: ghostinthefora ($3.11 in chips) 
Seat 5: Azznak ($2.73 in chips) 
Seat 6: tomashovka55 ($2.03 in chips) 
Seat 7: Dorex2007 ($2.59 in chips) 
Seat 8: Antracyd ($1.84 in chips) 
Seat 9: alystair ($2.09 in chips) 
Antracyd: posts small blind $0.01
alystair: posts big blind $0.02
conte7779: sits out 
*** HOLE CARDS ***
Dealt to Dorex2007 [Ts Qs]
ghostinthefora: folds 
Azznak: folds 
tomashovka55: folds 
Dorex2007: raises $0.04 to $0.06
Antracyd: folds 
alystair: folds 
Uncalled bet ($0.04) returned to Dorex2007
Dorex2007 collected $0.05 from pot
Dorex2007: doesn't show hand 
*** SUMMARY ***
Total pot $0.05 | Rake $0 
Seat 4: ghostinthefora folded before Flop (didn't bet)
Seat 5: Azznak folded before Flop (didn't bet)
Seat 6: tomashovka55 folded before Flop (didn't bet)
Seat 7: Dorex2007 (button) collected ($0.05)
Seat 8: Antracyd (small blind) folded before Flop
Seat 9: alystair (big blind) folded before Flop



PokerStars Hand #224470828835:  Hold'em No Limit ($0.01/$0.02 USD) - 2021/03/04 21:58:30 PT [2021/03/05 0:58:30 ET]
Table 'Lampland II' 9-max Seat #8 is the button
Seat 1: conte7779 ($2 in chips) 
Seat 4: ghostinthefora ($3.11 in chips) 
Seat 5: Azznak ($2.73 in chips) 
Seat 6: tomashovka55 ($2.03 in chips) 
Seat 7: Dorex2007 ($2.62 in chips) 
Seat 8: Antracyd ($1.83 in chips) 
Seat 9: alystair ($2.07 in chips) 
alystair: posts small blind $0.01
conte7779: posts big blind $0.02
*** HOLE CARDS ***
Dealt to Dorex2007 [9s Jh]
ghostinthefora: raises $0.02 to $0.04
Azznak: folds 
tomashovka55: raises $0.13 to $0.17
Dorex2007: folds 
Antracyd: folds 
alystair: folds 
conte7779: folds 
ghostinthefora: calls $0.13
*** FLOP *** [Ad 5h 6d]
ghostinthefora: checks 
tomashovka55: bets $0.19
ghostinthefora: folds 
Uncalled bet ($0.19) returned to tomashovka55
tomashovka55 collected $0.36 from pot
tomashovka55: doesn't show hand 
*** SUMMARY ***
Total pot $0.37 | Rake $0.01 
Board [Ad 5h 6d]
Seat 1: conte7779 (big blind) folded before Flop
Seat 4: ghostinthefora folded on the Flop
Seat 5: Azznak folded before Flop (didn't bet)
Seat 6: tomashovka55 collected ($0.36)
Seat 7: Dorex2007 folded before Flop (didn't bet)
Seat 8: Antracyd (button) folded before Flop (didn't bet)
Seat 9: alystair (small blind) folded before Flop



PokerStars Hand #224470836126:  Hold'em No Limit ($0.01/$0.02 USD) - 2021/03/04 21:59:15 PT [2021/03/05 0:59:15 ET]
Table 'Lampland II' 9-max Seat #9 is the button
Seat 1: conte7779 ($1.98 in chips) 
Seat 2: V888NON ($2 in chips) 
Seat 4: ghostinthefora ($2.94 in chips) 
Seat 5: Azznak ($2.73 in chips) 
Seat 6: tomashovka55 ($2.22 in chips) 
Seat 7: Dorex2007 ($2.62 in chips) 
Seat 8: Antracyd ($1.83 in chips) 
Seat 9: alystair ($2.06 in chips) 
conte7779: posts small blind $0.01
V888NON: posts big blind $0.02
*** HOLE CARDS ***
Dealt to Dorex2007 [2d 9d]
ghostinthefora: folds 
Azznak: folds 
tomashovka55: folds 
Dorex2007: folds 
Antracyd: calls $0.02
alystair: folds 
conte7779: raises $0.06 to $0.08
V888NON: folds 
Antracyd: folds 
Uncalled bet ($0.06) returned to conte7779
conte7779 collected $0.06 from pot
conte7779: doesn't show hand 
*** SUMMARY ***
Total pot $0.06 | Rake $0 
Seat 1: conte7779 (small blind) collected ($0.06)
Seat 2: V888NON (big blind) folded before Flop
Seat 4: ghostinthefora folded before Flop (didn't bet)
Seat 5: Azznak folded before Flop (didn't bet)
Seat 6: tomashovka55 folded before Flop (didn't bet)
Seat 7: Dorex2007 folded before Flop (didn't bet)
Seat 8: Antracyd folded before Flop
Seat 9: alystair (button) folded before Flop (didn't bet)



PokerStars Hand #224470841430:  Hold'em No Limit ($0.01/$0.02 USD) - 2021/03/04 21:59:49 PT [2021/03/05 0:59:49 ET]
Table 'Lampland II' 9-max Seat #1 is the button
Seat 1: conte7779 ($2.02 in chips) 
Seat 2: V888NON ($1.98 in chips) 
Seat 4: ghostinthefora ($2.94 in chips) 
Seat 5: Azznak ($2.73 in chips) 
Seat 6: tomashovka55 ($2.22 in chips) 
Seat 7: Dorex2007 ($2.62 in chips) 
Seat 8: Antracyd ($1.81 in chips) 
Seat 9: alystair ($2.06 in chips) 
V888NON: posts small blind $0.01
ghostinthefora: posts big blind $0.02
*** HOLE CARDS ***
Dealt to Dorex2007 [8s 6s]
Azznak: folds 
tomashovka55: folds 
Dorex2007: folds 
Antracyd: calls $0.02
alystair: raises $0.07 to $0.09
conte7779: calls $0.09
V888NON has timed out
V888NON: folds 
ghostinthefora: folds 
Antracyd: folds 
*** FLOP *** [Ac 9s 9h]
alystair: bets $0.06
conte7779: calls $0.06
*** TURN *** [Ac 9s 9h] [Ts]
alystair: bets $0.08
conte7779: calls $0.08
*** RIVER *** [Ac 9s 9h Ts] [2s]
alystair: bets $0.10
conte7779: raises $0.35 to $0.45
Mtosha leaves the table
alystair: folds 
Uncalled bet ($0.35) returned to conte7779
conte7779 collected $0.69 from pot
conte7779: doesn't show hand 
*** SUMMARY ***
Total pot $0.71 | Rake $0.02 
Board [Ac 9s 9h Ts 2s]
Seat 1: conte7779 (button) collected ($0.69)
Seat 2: V888NON (small blind) folded before Flop
Seat 4: ghostinthefora (big blind) folded before Flop
Seat 5: Azznak folded before Flop (didn't bet)
Seat 6: tomashovka55 folded before Flop (didn't bet)
Seat 7: Dorex2007 folded before Flop (didn't bet)
Seat 8: Antracyd folded before Flop
Seat 9: alystair folded on the River



PokerStars Hand #224470857359:  Hold'em No Limit ($0.01/$0.02 USD) - 2021/03/04 22:01:22 PT [2021/03/05 1:01:22 ET]
Table 'Lampland II' 9-max Seat #4 is the button
Seat 1: conte7779 ($2.38 in chips) 
Seat 4: ghostinthefora ($2.92 in chips) 
Seat 5: Azznak ($2.73 in chips) 
Seat 6: tomashovka55 ($2.22 in chips) 
Seat 7: Dorex2007 ($2.62 in chips) 
Seat 8: Antracyd ($1.79 in chips) 
Seat 9: alystair ($2 in chips) 
Azznak: posts small blind $0.01
tomashovka55: posts big blind $0.02
*** HOLE CARDS ***
Dealt to Dorex2007 [7s 9s]
Dorex2007: folds 
Antracyd: calls $0.02
alystair: folds 
conte7779: folds 
ghostinthefora: folds 
Azznak: raises $0.06 to $0.08
tomashovka55: folds 
Antracyd: calls $0.06
*** FLOP *** [Th Js 4c]
Azznak: bets $0.17
Antracyd: folds 
Uncalled bet ($0.17) returned to Azznak
Azznak collected $0.17 from pot
Azznak: doesn't show hand 
*** SUMMARY ***
Total pot $0.18 | Rake $0.01 
Board [Th Js 4c]
Seat 1: conte7779 folded before Flop (didn't bet)
Seat 4: ghostinthefora (button) folded before Flop (didn't bet)
Seat 5: Azznak (small blind) collected ($0.17)
Seat 6: tomashovka55 (big blind) folded before Flop
Seat 7: Dorex2007 folded before Flop (didn't bet)
Seat 8: Antracyd folded on the Flop
Seat 9: alystair folded before Flop (didn't bet)



PokerStars Hand #224470863780:  Hold'em No Limit ($0.01/$0.02 USD) - 2021/03/04 22:01:57 PT [2021/03/05 1:01:57 ET]
Table 'Lampland II' 9-max Seat #5 is the button
Seat 2: V888NON ($1.97 in chips) 
Seat 4: ghostinthefora ($2.92 in chips) 
Seat 5: Azznak ($2.82 in chips) 
Seat 6: tomashovka55 ($2.20 in chips) 
Seat 7: Dorex2007 ($2.62 in chips) 
Seat 8: Antracyd ($1.71 in chips) 
Seat 9: alystair ($2 in chips) 
tomashovka55: posts small blind $0.01
Dorex2007: posts big blind $0.02
*** HOLE CARDS ***
Dealt to Dorex2007 [Kc 8s]
Antracyd: folds 
alystair: folds 
V888NON: raises $0.02 to $0.04
crossA.D. joins the table at seat #3 
ghostinthefora: calls $0.04
Azznak: folds 
tomashovka55: calls $0.03
Dorex2007: folds 
*** FLOP *** [5s Jd 7s]
tomashovka55: checks 
V888NON: checks 
ghostinthefora: checks 
*** TURN *** [5s Jd 7s] [Jh]
tomashovka55: bets $0.06
V888NON: raises $0.06 to $0.12
ghostinthefora: folds 
tomashovka55: folds 
Uncalled bet ($0.06) returned to V888NON
V888NON collected $0.25 from pot
V888NON: doesn't show hand 
*** SUMMARY ***
Total pot $0.26 | Rake $0.01 
Board [5s Jd 7s Jh]
Seat 2: V888NON collected ($0.25)
Seat 4: ghostinthefora folded on the Turn
Seat 5: Azznak (button) folded before Flop (didn't bet)
Seat 6: tomashovka55 (small blind) folded on the Turn
Seat 7: Dorex2007 (big blind) folded before Flop
Seat 8: Antracyd folded before Flop (didn't bet)
Seat 9: alystair folded before Flop (didn't bet)



PokerStars Hand #224470890698:  Hold'em No Limit ($0.01/$0.02 USD) - 2021/03/04 22:02:51 PT [2021/03/05 1:02:51 ET]
Table 'Lampland II' 9-max Seat #6 is the button
Seat 2: V888NON ($2.12 in chips) 
Seat 3: crossA.D. ($2 in chips) 
Seat 4: ghostinthefora ($2.88 in chips) 
Seat 5: Azznak ($2.82 in chips) 
Seat 6: tomashovka55 ($2.10 in chips) 
Seat 7: Dorex2007 ($2.60 in chips) 
Seat 8: Antracyd ($1.71 in chips) 
Seat 9: alystair ($2 in chips) 
Dorex2007: posts small blind $0.01
Antracyd: posts big blind $0.02
crossA.D.: posts big blind $0.02
*** HOLE CARDS ***
Dealt to Dorex2007 [7s Th]
alystair: folds 
V888NON: folds 
crossA.D.: raises $0.02 to $0.04
ghostinthefora: folds 
Azznak: folds 
tomashovka55: calls $0.04
Dorex2007: folds 
Antracyd: calls $0.02
*** FLOP *** [Kd 2s 9h]
Antracyd: checks 
crossA.D.: checks 
tomashovka55: checks 
*** TURN *** [Kd 2s 9h] [Ad]
Antracyd: checks 
crossA.D.: checks 
tomashovka55: checks 
*** RIVER *** [Kd 2s 9h Ad] [Js]
Antracyd: checks 
crossA.D.: checks 
tomashovka55: checks 
*** SHOW DOWN ***
Antracyd: shows [4s 6d] (high card Ace)
crossA.D.: shows [Qh Qd] (a pair of Queens)
tomashovka55: mucks hand 
crossA.D. collected $0.13 from pot
*** SUMMARY ***
Total pot $0.13 | Rake $0 
Board [Kd 2s 9h Ad Js]
Seat 2: V888NON folded before Flop (didn't bet)
Seat 3: crossA.D. showed [Qh Qd] and won ($0.13) with a pair of Queens
Seat 4: ghostinthefora folded before Flop (didn't bet)
Seat 5: Azznak folded before Flop (didn't bet)
Seat 6: tomashovka55 (button) mucked [6h 6c]
Seat 7: Dorex2007 (small blind) folded before Flop
Seat 8: Antracyd (big blind) showed [4s 6d] and lost with high card Ace
Seat 9: alystair folded before Flop (didn't bet)



PokerStars Hand #224470899111:  Hold'em No Limit ($0.01/$0.02 USD) - 2021/03/04 22:03:37 PT [2021/03/05 1:03:37 ET]
Table 'Lampland II' 9-max Seat #7 is the button
Seat 2: V888NON ($2.12 in chips) 
Seat 3: crossA.D. ($2.09 in chips) 
Seat 4: ghostinthefora ($2.88 in chips) 
Seat 5: Azznak ($2.82 in chips) 
Seat 6: tomashovka55 ($2.06 in chips) 
Seat 7: Dorex2007 ($2.59 in chips) 
Seat 8: Antracyd ($1.67 in chips) 
Seat 9: alystair ($2 in chips) 
Antracyd: posts small blind $0.01
alystair: posts big blind $0.02
*** HOLE CARDS ***
Dealt to Dorex2007 [4s 7d]
V888NON: raises $0.06 to $0.08
crossA.D.: folds 
ghostinthefora: folds 
Azznak: folds 
tomashovka55: folds 
Dorex2007: folds 
Antracyd: folds 
alystair: folds 
Uncalled bet ($0.06) returned to V888NON
V888NON collected $0.05 from pot
V888NON: doesn't show hand 
*** SUMMARY ***
Total pot $0.05 | Rake $0 
Seat 2: V888NON collected ($0.05)
Seat 3: crossA.D. folded before Flop (didn't bet)
Seat 4: ghostinthefora folded before Flop (didn't bet)
Seat 5: Azznak folded before Flop (didn't bet)
Seat 6: tomashovka55 folded before Flop (didn't bet)
Seat 7: Dorex2007 (button) folded before Flop (didn't bet)
Seat 8: Antracyd (small blind) folded before Flop
Seat 9: alystair (big blind) folded before Flop



PokerStars Hand #224470902130:  Hold'em No Limit ($0.01/$0.02 USD) - 2021/03/04 22:03:53 PT [2021/03/05 1:03:53 ET]
Table 'Lampland II' 9-max Seat #8 is the button
Seat 2: V888NON ($2.15 in chips) 
Seat 3: crossA.D. ($2.09 in chips) 
Seat 4: ghostinthefora ($2.88 in chips) 
Seat 5: Azznak ($2.82 in chips) 
Seat 6: tomashovka55 ($2.06 in chips) 
Seat 7: Dorex2007 ($2.59 in chips) 
Seat 8: Antracyd ($1.66 in chips) 
Seat 9: alystair ($2 in chips) 
alystair: posts small blind $0.01
V888NON: posts big blind $0.02
*** HOLE CARDS ***
Dealt to Dorex2007 [6c 9c]
crossA.D.: folds 
ghostinthefora: raises $0.02 to $0.04
Azznak: folds 
tomashovka55: calls $0.04
Dorex2007: folds 
Antracyd: calls $0.04
alystair: folds 
V888NON: folds 
*** FLOP *** [2d As Qd]
ghostinthefora: bets $0.04
tomashovka55: raises $0.15 to $0.19
Antracyd: folds 
ghostinthefora: calls $0.15
*** TURN *** [2d As Qd] [2h]
ghostinthefora: checks 
tomashovka55: bets $0.46
ghostinthefora: calls $0.46
*** RIVER *** [2d As Qd 2h] [6d]
ghostinthefora: checks 
tomashovka55: checks 
*** SHOW DOWN ***
ghostinthefora: shows [9h Ad] (two pair, Aces and Deuces)
tomashovka55: shows [Qs Ac] (two pair, Aces and Queens)
tomashovka55 collected $1.40 from pot
*** SUMMARY ***
Total pot $1.45 | Rake $0.05 
Board [2d As Qd 2h 6d]
Seat 2: V888NON (big blind) folded before Flop
Seat 3: crossA.D. folded before Flop (didn't bet)
Seat 4: ghostinthefora showed [9h Ad] and lost with two pair, Aces and Deuces
Seat 5: Azznak folded before Flop (didn't bet)
Seat 6: tomashovka55 showed [Qs Ac] and won ($1.40) with two pair, Aces and Queens
Seat 7: Dorex2007 folded before Flop (didn't bet)
Seat 8: Antracyd (button) folded on the Flop
Seat 9: alystair (small blind) folded before Flop



PokerStars Hand #224470910619:  Hold'em No Limit ($0.01/$0.02 USD) - 2021/03/04 22:04:39 PT [2021/03/05 1:04:39 ET]
Table 'Lampland II' 9-max Seat #9 is the button
Seat 2: V888NON ($2.13 in chips) 
Seat 3: crossA.D. ($2.09 in chips) 
Seat 4: ghostinthefora ($2.19 in chips) 
Seat 5: Azznak ($2.82 in chips) 
Seat 6: tomashovka55 ($2.77 in chips) 
Seat 7: Dorex2007 ($2.59 in chips) 
Seat 8: Antracyd ($1.62 in chips) 
Seat 9: alystair ($2 in chips) 
V888NON: posts small blind $0.01
crossA.D.: posts big blind $0.02
*** HOLE CARDS ***
Dealt to Dorex2007 [Qs Ts]
ghostinthefora: folds 
Azznak: folds 
tomashovka55: raises $0.02 to $0.04
Dorex2007: calls $0.04
Antracyd: folds 
alystair: folds 
V888NON: folds 
crossA.D.: calls $0.02
*** FLOP *** [5s 4h 9h]
crossA.D.: checks 
tomashovka55: checks 
Dorex2007: bets $0.10
crossA.D.: folds 
tomashovka55: folds 
Uncalled bet ($0.10) returned to Dorex2007
Dorex2007 collected $0.13 from pot
Dorex2007: doesn't show hand 
*** SUMMARY ***
Total pot $0.13 | Rake $0 
Board [5s 4h 9h]
Seat 2: V888NON (small blind) folded before Flop
Seat 3: crossA.D. (big blind) folded on the Flop
Seat 4: ghostinthefora folded before Flop (didn't bet)
Seat 5: Azznak folded before Flop (didn't bet)
Seat 6: tomashovka55 folded on the Flop
Seat 7: Dorex2007 collected ($0.13)
Seat 8: Antracyd folded before Flop (didn't bet)
Seat 9: alystair (button) folded before Flop (didn't bet)



PokerStars Hand #224470917721:  Hold'em No Limit ($0.01/$0.02 USD) - 2021/03/04 22:05:18 PT [2021/03/05 1:05:18 ET]
Table 'Lampland II' 9-max Seat #2 is the button
Seat 2: V888NON ($2.12 in chips) 
Seat 3: crossA.D. ($2.05 in chips) 
Seat 4: ghostinthefora ($2.19 in chips) 
Seat 5: Azznak ($2.82 in chips) 
Seat 6: tomashovka55 ($2.73 in chips) 
Seat 7: Dorex2007 ($2.68 in chips) 
Seat 8: Antracyd ($1.62 in chips) 
Seat 9: alystair ($2 in chips) 
crossA.D.: posts small blind $0.01
ghostinthefora: posts big blind $0.02
conte7779: sits out 
*** HOLE CARDS ***
Dealt to Dorex2007 [9h 5d]
Azznak: folds 
tomashovka55: folds 
Dorex2007: folds 
Antracyd: folds 
alystair: folds 
V888NON: folds 
crossA.D.: folds 
Uncalled bet ($0.01) returned to ghostinthefora
ghostinthefora collected $0.02 from pot
ghostinthefora: doesn't show hand 
*** SUMMARY ***
Total pot $0.02 | Rake $0 
Seat 2: V888NON (button) folded before Flop (didn't bet)
Seat 3: crossA.D. (small blind) folded before Flop
Seat 4: ghostinthefora (big blind) collected ($0.02)
Seat 5: Azznak folded before Flop (didn't bet)
Seat 6: tomashovka55 folded before Flop (didn't bet)
Seat 7: Dorex2007 folded before Flop (didn't bet)
Seat 8: Antracyd folded before Flop (didn't bet)
Seat 9: alystair folded before Flop (didn't bet)



PokerStars Hand #224470919976:  Hold'em No Limit ($0.01/$0.02 USD) - 2021/03/04 22:05:30 PT [2021/03/05 1:05:30 ET]
Table 'Lampland II' 9-max Seat #3 is the button
Seat 2: V888NON ($2.12 in chips) 
Seat 3: crossA.D. ($2.04 in chips) 
Seat 4: ghostinthefora ($2.20 in chips) 
Seat 5: Azznak ($2.82 in chips) 
Seat 6: tomashovka55 ($2.73 in chips) 
Seat 7: Dorex2007 ($2.68 in chips) 
Seat 8: Antracyd ($1.62 in chips) 
Seat 9: alystair ($2 in chips) 
ghostinthefora: posts small blind $0.01
Azznak: posts big blind $0.02
conte7779: sits out 
*** HOLE CARDS ***
Dealt to Dorex2007 [9h 5s]
tomashovka55: folds 
Dorex2007: folds 
Antracyd: folds 
alystair: folds 
V888NON: folds 
crossA.D.: calls $0.02
ghostinthefora: calls $0.01
Azznak: checks 
*** FLOP *** [2d Ac 2h]
ghostinthefora: checks 
Azznak: checks 
crossA.D.: checks 
*** TURN *** [2d Ac 2h] [Kc]
ghostinthefora: checks 
Azznak: checks 
crossA.D.: checks 
*** RIVER *** [2d Ac 2h Kc] [Ts]
ghostinthefora: checks 
Azznak: checks 
crossA.D.: checks 
*** SHOW DOWN ***
ghostinthefora: shows [4d 9d] (a pair of Deuces)
Azznak: shows [3s 7s] (a pair of Deuces)
crossA.D.: shows [Th 9c] (two pair, Tens and Deuces)
crossA.D. collected $0.06 from pot
*** SUMMARY ***
Total pot $0.06 | Rake $0 
Board [2d Ac 2h Kc Ts]
Seat 2: V888NON folded before Flop (didn't bet)
Seat 3: crossA.D. (button) showed [Th 9c] and won ($0.06) with two pair, Tens and Deuces
Seat 4: ghostinthefora (small blind) showed [4d 9d] and lost with a pair of Deuces
Seat 5: Azznak (big blind) showed [3s 7s] and lost with a pair of Deuces
Seat 6: tomashovka55 folded before Flop (didn't bet)
Seat 7: Dorex2007 folded before Flop (didn't bet)
Seat 8: Antracyd folded before Flop (didn't bet)
Seat 9: alystair folded before Flop (didn't bet)



PokerStars Hand #224470928321:  Hold'em No Limit ($0.01/$0.02 USD) - 2021/03/04 22:06:16 PT [2021/03/05 1:06:16 ET]
Table 'Lampland II' 9-max Seat #4 is the button
Seat 2: V888NON ($2.12 in chips) 
Seat 3: crossA.D. ($2.08 in chips) 
Seat 4: ghostinthefora ($2.18 in chips) 
Seat 5: Azznak ($2.80 in chips) 
Seat 7: Dorex2007 ($2.68 in chips) 
Seat 8: Antracyd ($1.62 in chips) 
Seat 9: alystair ($2 in chips) 
Azznak: posts small blind $0.01
Dorex2007: posts big blind $0.02
conte7779: sits out 
*** HOLE CARDS ***
Dealt to Dorex2007 [5d Js]
Antracyd: calls $0.02
alystair: folds 
V888NON: calls $0.02
crossA.D.: calls $0.02
ghostinthefora: folds 
Azznak: folds 
Dorex2007: checks 
*** FLOP *** [2s 5s Ts]
Dorex2007: checks 
Antracyd: checks 
V888NON: bets $0.09
crossA.D.: folds 
conte7779 leaves the table
Dorex2007: calls $0.09
Antracyd: folds 
*** TURN *** [2s 5s Ts] [9c]
Dorex2007: checks 
V888NON: bets $2.01 and is all-in
Dorex2007: folds 
Uncalled bet ($2.01) returned to V888NON
V888NON collected $0.26 from pot
V888NON: doesn't show hand 
*** SUMMARY ***
Total pot $0.27 | Rake $0.01 
Board [2s 5s Ts 9c]
Seat 2: V888NON collected ($0.26)
Seat 3: crossA.D. folded on the Flop
Seat 4: ghostinthefora (button) folded before Flop (didn't bet)
Seat 5: Azznak (small blind) folded before Flop
Seat 7: Dorex2007 (big blind) folded on the Turn
Seat 8: Antracyd folded on the Flop
Seat 9: alystair folded before Flop (didn't bet)



PokerStars Hand #224470941416:  Hold'em No Limit ($0.01/$0.02 USD) - 2021/03/04 22:07:27 PT [2021/03/05 1:07:27 ET]
Table 'Lampland II' 9-max Seat #5 is the button
Seat 2: V888NON ($2.27 in chips) 
Seat 3: crossA.D. ($2.06 in chips) 
Seat 4: ghostinthefora ($2.18 in chips) 
Seat 5: Azznak ($2.79 in chips) 
Seat 7: Dorex2007 ($2.57 in chips) 
Seat 8: Antracyd ($1.60 in chips) 
Seat 9: alystair ($2 in chips) 
Dorex2007: posts small blind $0.01
Antracyd: posts big blind $0.02
*** HOLE CARDS ***
Dealt to Dorex2007 [2s Kc]
alystair: folds 
V888NON: folds 
kiling1 joins the table at seat #1 
crossA.D.: calls $0.02
ghostinthefora: folds 
Azznak: calls $0.02
Dorex2007: folds 
Antracyd: checks 
*** FLOP *** [Kd Qh Qs]
Antracyd: checks 
crossA.D.: bets $0.02
Azznak: calls $0.02
Antracyd: folds 
*** TURN *** [Kd Qh Qs] [6h]
crossA.D.: bets $0.02
Azznak: calls $0.02
*** RIVER *** [Kd Qh Qs 6h] [4c]
crossA.D.: bets $0.02
Azznak: calls $0.02
*** SHOW DOWN ***
crossA.D.: shows [4s 9s] (two pair, Queens and Fours)
Azznak: shows [Kh 9h] (two pair, Kings and Queens)
Azznak collected $0.18 from pot
*** SUMMARY ***
Total pot $0.19 | Rake $0.01 
Board [Kd Qh Qs 6h 4c]
Seat 2: V888NON folded before Flop (didn't bet)
Seat 3: crossA.D. showed [4s 9s] and lost with two pair, Queens and Fours
Seat 4: ghostinthefora folded before Flop (didn't bet)
Seat 5: Azznak (button) showed [Kh 9h] and won ($0.18) with two pair, Kings and Queens
Seat 7: Dorex2007 (small blind) folded before Flop
Seat 8: Antracyd (big blind) folded on the Flop
Seat 9: alystair folded before Flop (didn't bet)



PokerStars Hand #224470950410:  Hold'em No Limit ($0.01/$0.02 USD) - 2021/03/04 22:08:17 PT [2021/03/05 1:08:17 ET]
Table 'Lampland II' 9-max Seat #7 is the button
Seat 2: V888NON ($2.27 in chips) 
Seat 3: crossA.D. ($1.98 in chips) 
Seat 4: ghostinthefora ($2.18 in chips) 
Seat 5: Azznak ($2.89 in chips) 
Seat 7: Dorex2007 ($2.56 in chips) 
Seat 8: Antracyd ($1.58 in chips) 
Seat 9: alystair ($2 in chips) 
Antracyd: posts small blind $0.01
alystair: posts big blind $0.02
kiling1: sits out 
*** HOLE CARDS ***
Dealt to Dorex2007 [Qd Ad]
V888NON: calls $0.02
crossA.D.: calls $0.02
ghostinthefora: folds 
Azznak: folds 
Dorex2007: raises $0.04 to $0.06
Antracyd: calls $0.05
alystair: folds 
V888NON: calls $0.04
crossA.D.: calls $0.04
*** FLOP *** [3s 6h Ts]
Antracyd: checks 
V888NON: checks 
crossA.D.: checks 
Dorex2007: bets $0.13
Antracyd: folds 
V888NON: folds 
crossA.D.: folds 
Uncalled bet ($0.13) returned to Dorex2007
Dorex2007 collected $0.25 from pot
Dorex2007: doesn't show hand 
*** SUMMARY ***
Total pot $0.26 | Rake $0.01 
Board [3s 6h Ts]
Seat 2: V888NON folded on the Flop
Seat 3: crossA.D. folded on the Flop
Seat 4: ghostinthefora folded before Flop (didn't bet)
Seat 5: Azznak folded before Flop (didn't bet)
Seat 7: Dorex2007 (button) collected ($0.25)
Seat 8: Antracyd (small blind) folded on the Flop
Seat 9: alystair (big blind) folded before Flop



PokerStars Hand #224470959078:  Hold'em No Limit ($0.01/$0.02 USD) - 2021/03/04 22:09:04 PT [2021/03/05 1:09:04 ET]
Table 'Lampland II' 9-max Seat #8 is the button
Seat 1: kiling1 ($2 in chips) 
Seat 2: V888NON ($2.21 in chips) 
Seat 3: crossA.D. ($1.92 in chips) 
Seat 4: ghostinthefora ($2.18 in chips) 
Seat 5: Azznak ($2.89 in chips) 
Seat 7: Dorex2007 ($2.75 in chips) 
Seat 8: Antracyd ($1.52 in chips) 
Seat 9: alystair ($2 in chips) 
alystair: posts small blind $0.01
kiling1: posts big blind $0.02
*** HOLE CARDS ***
Dealt to Dorex2007 [Qd 3c]
V888NON: calls $0.02
crossA.D.: folds 
ghostinthefora: raises $0.04 to $0.06
Azznak: folds 
Dorex2007: folds 
Antracyd: folds 
alystair: folds 
kiling1: folds 
V888NON: calls $0.04
*** FLOP *** [5c Ks Kd]
V888NON: checks 
ghostinthefora: bets $0.06
V888NON: folds 
Uncalled bet ($0.06) returned to ghostinthefora
ghostinthefora collected $0.14 from pot
*** SUMMARY ***
Total pot $0.15 | Rake $0.01 
Board [5c Ks Kd]
Seat 1: kiling1 (big blind) folded before Flop
Seat 2: V888NON folded on the Flop
Seat 3: crossA.D. folded before Flop (didn't bet)
Seat 4: ghostinthefora collected ($0.14)
Seat 5: Azznak folded before Flop (didn't bet)
Seat 7: Dorex2007 folded before Flop (didn't bet)
Seat 8: Antracyd (button) folded before Flop (didn't bet)
Seat 9: alystair (small blind) folded before Flop



PokerStars Hand #224470968314:  Hold'em No Limit ($0.01/$0.02 USD) - 2021/03/04 22:09:55 PT [2021/03/05 1:09:55 ET]
Table 'Lampland II' 9-max Seat #9 is the button
Seat 1: kiling1 ($1.98 in chips) 
Seat 2: V888NON ($2.15 in chips) 
Seat 3: crossA.D. ($1.92 in chips) 
Seat 4: ghostinthefora ($2.26 in chips) 
Seat 5: Azznak ($2.89 in chips) 
Seat 7: Dorex2007 ($2.75 in chips) 
Seat 8: Antracyd ($1.52 in chips) 
Seat 9: alystair ($2 in chips) 
kiling1: posts small blind $0.01
V888NON: posts big blind $0.02
tomashovka55: sits out 
*** HOLE CARDS ***
Dealt to Dorex2007 [3c Kh]
crossA.D.: calls $0.02
ghostinthefora: folds 
Azznak: folds 
Dorex2007: folds 
Antracyd: folds 
alystair: folds 
kiling1: raises $0.06 to $0.08
V888NON: folds 
crossA.D.: calls $0.06
*** FLOP *** [Qs 3s Ah]
kiling1: bets $0.08
crossA.D.: calls $0.08
*** TURN *** [Qs 3s Ah] [Jc]
kiling1: bets $0.22
crossA.D.: folds 
Uncalled bet ($0.22) returned to kiling1
kiling1 collected $0.33 from pot
kiling1: doesn't show hand 
*** SUMMARY ***
Total pot $0.34 | Rake $0.01 
Board [Qs 3s Ah Jc]
Seat 1: kiling1 (small blind) collected ($0.33)
Seat 2: V888NON (big blind) folded before Flop
Seat 3: crossA.D. folded on the Turn
Seat 4: ghostinthefora folded before Flop (didn't bet)
Seat 5: Azznak folded before Flop (didn't bet)
Seat 7: Dorex2007 folded before Flop (didn't bet)
Seat 8: Antracyd folded before Flop (didn't bet)
Seat 9: alystair (button) folded before Flop (didn't bet)



PokerStars Hand #224470980605:  Hold'em No Limit ($0.01/$0.02 USD) - 2021/03/04 22:11:02 PT [2021/03/05 1:11:02 ET]
Table 'Lampland II' 9-max Seat #1 is the button
Seat 1: kiling1 ($2.15 in chips) 
Seat 2: V888NON ($2.13 in chips) 
Seat 3: crossA.D. ($1.76 in chips) 
Seat 4: ghostinthefora ($2.26 in chips) 
Seat 5: Azznak ($2.89 in chips) 
Seat 7: Dorex2007 ($2.75 in chips) 
Seat 8: Antracyd ($1.52 in chips) 
Seat 9: alystair ($2 in chips) 
V888NON: posts small blind $0.01
crossA.D.: posts big blind $0.02
tomashovka55: sits out 
*** HOLE CARDS ***
Dealt to Dorex2007 [8c Ts]
ghostinthefora: raises $0.02 to $0.04
Azznak: folds 
Dorex2007: folds 
Antracyd: folds 
alystair: folds 
kiling1: folds 
V888NON: raises $0.10 to $0.14
crossA.D.: folds 
ghostinthefora: calls $0.10
*** FLOP *** [Ks 6c Jd]
V888NON: bets $0.29
ghostinthefora: folds 
Uncalled bet ($0.29) returned to V888NON
V888NON collected $0.29 from pot
V888NON: doesn't show hand 
*** SUMMARY ***
Total pot $0.30 | Rake $0.01 
Board [Ks 6c Jd]
Seat 1: kiling1 (button) folded before Flop (didn't bet)
Seat 2: V888NON (small blind) collected ($0.29)
Seat 3: crossA.D. (big blind) folded before Flop
Seat 4: ghostinthefora folded on the Flop
Seat 5: Azznak folded before Flop (didn't bet)
Seat 7: Dorex2007 folded before Flop (didn't bet)
Seat 8: Antracyd folded before Flop (didn't bet)
Seat 9: alystair folded before Flop (didn't bet)



PokerStars Hand #224470987760:  Hold'em No Limit ($0.01/$0.02 USD) - 2021/03/04 22:11:42 PT [2021/03/05 1:11:42 ET]
Table 'Lampland II' 9-max Seat #2 is the button
Seat 1: kiling1 ($2.15 in chips) 
Seat 2: V888NON ($2.28 in chips) 
Seat 3: crossA.D. ($1.74 in chips) 
Seat 4: ghostinthefora ($2.12 in chips) 
Seat 5: Azznak ($2.89 in chips) 
Seat 7: Dorex2007 ($2.75 in chips) 
Seat 8: Antracyd ($1.52 in chips) 
Seat 9: alystair ($2 in chips) 
crossA.D.: posts small blind $0.01
ghostinthefora: posts big blind $0.02
tomashovka55: sits out 
*** HOLE CARDS ***
Dealt to Dorex2007 [2s 5h]
Azznak: folds 
Dorex2007: folds 
Antracyd: folds 
alystair: raises $0.04 to $0.06
kiling1: folds 
V888NON: calls $0.06
crossA.D.: folds 
ghostinthefora: calls $0.04
*** FLOP *** [Ah 5d 6c]
ghostinthefora: checks 
alystair: bets $0.12
V888NON: folds 
ghostinthefora: calls $0.12
*** TURN *** [Ah 5d 6c] [5c]
ghostinthefora: checks 
alystair: bets $0.27
ghostinthefora: calls $0.27
*** RIVER *** [Ah 5d 6c 5c] [Kh]
ghostinthefora: checks 
alystair: checks 
*** SHOW DOWN ***
ghostinthefora: shows [As 8d] (two pair, Aces and Fives)
alystair: shows [Js Ad] (two pair, Aces and Fives)
ghostinthefora collected $0.47 from pot
alystair collected $0.47 from pot
*** SUMMARY ***
Total pot $0.97 | Rake $0.03 
Board [Ah 5d 6c 5c Kh]
Seat 1: kiling1 folded before Flop (didn't bet)
Seat 2: V888NON (button) folded on the Flop
Seat 3: crossA.D. (small blind) folded before Flop
Seat 4: ghostinthefora (big blind) showed [As 8d] and won ($0.47) with two pair, Aces and Fives
Seat 5: Azznak folded before Flop (didn't bet)
Seat 7: Dorex2007 folded before Flop (didn't bet)
Seat 8: Antracyd folded before Flop (didn't bet)
Seat 9: alystair showed [Js Ad] and won ($0.47) with two pair, Aces and Fives



PokerStars Hand #224470999562:  Hold'em No Limit ($0.01/$0.02 USD) - 2021/03/04 22:12:46 PT [2021/03/05 1:12:46 ET]
Table 'Lampland II' 9-max Seat #3 is the button
Seat 1: kiling1 ($2.15 in chips) 
Seat 2: V888NON ($2.22 in chips) 
Seat 3: crossA.D. ($1.73 in chips) 
Seat 4: ghostinthefora ($2.14 in chips) 
Seat 5: Azznak ($2.89 in chips) 
Seat 7: Dorex2007 ($2.75 in chips) 
Seat 8: Antracyd ($1.52 in chips) 
Seat 9: alystair ($2.02 in chips) 
ghostinthefora: posts small blind $0.01
Azznak: posts big blind $0.02
tomashovka55: sits out 
*** HOLE CARDS ***
Dealt to Dorex2007 [3c As]
Dorex2007: folds 
Antracyd: folds 
alystair: folds 
kiling1: folds 
V888NON: raises $0.02 to $0.04
crossA.D.: calls $0.04
ghostinthefora: calls $0.03
Azznak: folds 
*** FLOP *** [6d Kd 9h]
ghostinthefora: checks 
V888NON: checks 
crossA.D.: checks 
*** TURN *** [6d Kd 9h] [2h]
ghostinthefora: checks 
V888NON: checks 
crossA.D.: checks 
*** RIVER *** [6d Kd 9h 2h] [Kh]
ghostinthefora: checks 
V888NON: bets $0.06
crossA.D.: calls $0.06
ghostinthefora: folds 
*** SHOW DOWN ***
V888NON: shows [Qc 7c] (a pair of Kings)
crossA.D.: shows [Qs Ac] (a pair of Kings - Ace kicker)
crossA.D. collected $0.25 from pot
*** SUMMARY ***
Total pot $0.26 | Rake $0.01 
Board [6d Kd 9h 2h Kh]
Seat 1: kiling1 folded before Flop (didn't bet)
Seat 2: V888NON showed [Qc 7c] and lost with a pair of Kings
Seat 3: crossA.D. (button) showed [Qs Ac] and won ($0.25) with a pair of Kings
Seat 4: ghostinthefora (small blind) folded on the River
Seat 5: Azznak (big blind) folded before Flop
Seat 7: Dorex2007 folded before Flop (didn't bet)
Seat 8: Antracyd folded before Flop (didn't bet)
Seat 9: alystair folded before Flop (didn't bet)



PokerStars Hand #224471013500:  Hold'em No Limit ($0.01/$0.02 USD) - 2021/03/04 22:14:04 PT [2021/03/05 1:14:04 ET]
Table 'Lampland II' 9-max Seat #4 is the button
Seat 1: kiling1 ($2.15 in chips) 
Seat 2: V888NON ($2.12 in chips) 
Seat 3: crossA.D. ($1.88 in chips) 
Seat 4: ghostinthefora ($2.10 in chips) 
Seat 5: Azznak ($2.87 in chips) 
Seat 6: tomashovka55 ($2.73 in chips) 
Seat 7: Dorex2007 ($2.75 in chips) 
Seat 8: Antracyd ($1.52 in chips) 
Seat 9: alystair ($2.02 in chips) 
Azznak: posts small blind $0.01
tomashovka55: posts big blind $0.02
*** HOLE CARDS ***
Dealt to Dorex2007 [9h 3c]
Dorex2007: folds 
Antracyd: calls $0.02
alystair: folds 
kiling1: raises $0.07 to $0.09
V888NON: folds 
crossA.D.: folds 
ghostinthefora: folds 
Azznak: folds 
tomashovka55: folds 
Antracyd: calls $0.07
*** FLOP *** [Ts 8h 3h]
Antracyd: checks 
kiling1: checks 
*** TURN *** [Ts 8h 3h] [Th]
Antracyd: checks 
kiling1: checks 
*** RIVER *** [Ts 8h 3h Th] [5h]
Antracyd: checks 
kiling1: checks 
*** SHOW DOWN ***
Antracyd: shows [Jc Ks] (a pair of Tens)
kiling1: shows [7c 7s] (two pair, Tens and Sevens)
kiling1 collected $0.20 from pot
*** SUMMARY ***
Total pot $0.21 | Rake $0.01 
Board [Ts 8h 3h Th 5h]
Seat 1: kiling1 showed [7c 7s] and won ($0.20) with two pair, Tens and Sevens
Seat 2: V888NON folded before Flop (didn't bet)
Seat 3: crossA.D. folded before Flop (didn't bet)
Seat 4: ghostinthefora (button) folded before Flop (didn't bet)
Seat 5: Azznak (small blind) folded before Flop
Seat 6: tomashovka55 (big blind) folded before Flop
Seat 7: Dorex2007 folded before Flop (didn't bet)
Seat 8: Antracyd showed [Jc Ks] and lost with a pair of Tens
Seat 9: alystair folded before Flop (didn't bet)



PokerStars Hand #224471025595:  Hold'em No Limit ($0.01/$0.02 USD) - 2021/03/04 22:15:11 PT [2021/03/05 1:15:11 ET]
Table 'Lampland II' 9-max Seat #5 is the button
Seat 1: kiling1 ($2.26 in chips) 
Seat 2: V888NON ($2.12 in chips) 
Seat 3: crossA.D. ($1.88 in chips) 
Seat 4: ghostinthefora ($2.10 in chips) 
Seat 5: Azznak ($2.86 in chips) 
Seat 6: tomashovka55 ($2.71 in chips) 
Seat 7: Dorex2007 ($2.75 in chips) 
Seat 8: Antracyd ($1.43 in chips) 
Seat 9: alystair ($2.02 in chips) 
tomashovka55: posts small blind $0.01
Dorex2007: posts big blind $0.02
*** HOLE CARDS ***
Dealt to Dorex2007 [9h 8c]
Antracyd: folds 
alystair: folds 
kiling1 has timed out
kiling1: folds 
V888NON: folds 
crossA.D.: calls $0.02
ghostinthefora: folds 
Azznak: folds 
tomashovka55: calls $0.01
Dorex2007: checks 
*** FLOP *** [Ts Kc 4h]
tomashovka55: checks 
Dorex2007: checks 
crossA.D.: bets $0.04
tomashovka55: folds 
Dorex2007: folds 
Uncalled bet ($0.04) returned to crossA.D.
crossA.D. collected $0.06 from pot
crossA.D.: doesn't show hand 
*** SUMMARY ***
Total pot $0.06 | Rake $0 
Board [Ts Kc 4h]
Seat 1: kiling1 folded before Flop (didn't bet)
Seat 2: V888NON folded before Flop (didn't bet)
Seat 3: crossA.D. collected ($0.06)
Seat 4: ghostinthefora folded before Flop (didn't bet)
Seat 5: Azznak (button) folded before Flop (didn't bet)
Seat 6: tomashovka55 (small blind) folded on the Flop
Seat 7: Dorex2007 (big blind) folded on the Flop
Seat 8: Antracyd folded before Flop (didn't bet)
Seat 9: alystair folded before Flop (didn't bet)



PokerStars Hand #224471033886:  Hold'em No Limit ($0.01/$0.02 USD) - 2021/03/04 22:15:57 PT [2021/03/05 1:15:57 ET]
Table 'Lampland II' 9-max Seat #6 is the button
Seat 1: kiling1 ($2.26 in chips) 
Seat 2: V888NON ($2.12 in chips) 
Seat 3: crossA.D. ($1.92 in chips) 
Seat 4: ghostinthefora ($2.10 in chips) 
Seat 5: Azznak ($2.86 in chips) 
Seat 6: tomashovka55 ($2.69 in chips) 
Seat 7: Dorex2007 ($2.73 in chips) 
Seat 8: Antracyd ($1.43 in chips) 
Seat 9: alystair ($2.02 in chips) 
Dorex2007: posts small blind $0.01
Antracyd: posts big blind $0.02
*** HOLE CARDS ***
Dealt to Dorex2007 [8c Qc]
alystair: folds 
kiling1: folds 
V888NON: folds 
crossA.D.: folds 
ghostinthefora: raises $0.02 to $0.04
Azznak: folds 
tomashovka55: raises $0.11 to $0.15
Dorex2007: folds 
Antracyd: calls $0.13
ghostinthefora: calls $0.11
*** FLOP *** [Tc Jd 2s]
Antracyd: checks 
ghostinthefora: checks 
tomashovka55: checks 
*** TURN *** [Tc Jd 2s] [8d]
Antracyd: checks 
ghostinthefora: bets $0.12
tomashovka55: calls $0.12
Antracyd: folds 
*** RIVER *** [Tc Jd 2s 8d] [As]
ghostinthefora: bets $0.34
tomashovka55: calls $0.34
*** SHOW DOWN ***
ghostinthefora: shows [Js Jh] (three of a kind, Jacks)
tomashovka55: mucks hand 
ghostinthefora collected $1.33 from pot
*** SUMMARY ***
Total pot $1.38 | Rake $0.05 
Board [Tc Jd 2s 8d As]
Seat 1: kiling1 folded before Flop (didn't bet)
Seat 2: V888NON folded before Flop (didn't bet)
Seat 3: crossA.D. folded before Flop (didn't bet)
Seat 4: ghostinthefora showed [Js Jh] and won ($1.33) with three of a kind, Jacks
Seat 5: Azznak folded before Flop (didn't bet)
Seat 6: tomashovka55 (button) mucked [Qh Ad]
Seat 7: Dorex2007 (small blind) folded before Flop
Seat 8: Antracyd (big blind) folded on the Turn
Seat 9: alystair folded before Flop (didn't bet)



PokerStars Hand #224471049433:  Hold'em No Limit ($0.01/$0.02 USD) - 2021/03/04 22:17:23 PT [2021/03/05 1:17:23 ET]
Table 'Lampland II' 9-max Seat #7 is the button
Seat 1: kiling1 ($2.26 in chips) 
Seat 2: V888NON ($2.12 in chips) 
Seat 3: crossA.D. ($1.92 in chips) 
Seat 4: ghostinthefora ($2.82 in chips) 
Seat 5: Azznak ($2.86 in chips) 
Seat 6: tomashovka55 ($2.08 in chips) 
Seat 7: Dorex2007 ($2.72 in chips) 
Seat 8: Antracyd ($1.28 in chips) 
Seat 9: alystair ($2.02 in chips) 
Antracyd: posts small blind $0.01
alystair: posts big blind $0.02
*** HOLE CARDS ***
Dealt to Dorex2007 [3c Ad]
kiling1: folds 
V888NON: folds 
crossA.D.: calls $0.02
ghostinthefora: raises $0.04 to $0.06
Azznak: folds 
tomashovka55: folds 
Dorex2007: folds 
Antracyd: calls $0.05
alystair: folds 
crossA.D.: calls $0.04
*** FLOP *** [6d Td 6s]
Antracyd: checks 
crossA.D.: checks 
ghostinthefora: checks 
*** TURN *** [6d Td 6s] [Qh]
Antracyd: checks 
crossA.D.: checks 
ghostinthefora: bets $0.06
Antracyd: calls $0.06
crossA.D.: folds 
*** RIVER *** [6d Td 6s Qh] [Kd]
Antracyd: checks 
ghostinthefora: bets $0.21
Antracyd: calls $0.21
*** SHOW DOWN ***
ghostinthefora: shows [Qs Ks] (two pair, Kings and Queens)
Antracyd: mucks hand 
ghostinthefora collected $0.71 from pot
*** SUMMARY ***
Total pot $0.74 | Rake $0.03 
Board [6d Td 6s Qh Kd]
Seat 1: kiling1 folded before Flop (didn't bet)
Seat 2: V888NON folded before Flop (didn't bet)
Seat 3: crossA.D. folded on the Turn
Seat 4: ghostinthefora showed [Qs Ks] and won ($0.71) with two pair, Kings and Queens
Seat 5: Azznak folded before Flop (didn't bet)
Seat 6: tomashovka55 folded before Flop (didn't bet)
Seat 7: Dorex2007 (button) folded before Flop (didn't bet)
Seat 8: Antracyd (small blind) mucked [Kh Js]
Seat 9: alystair (big blind) folded before Flop



PokerStars Hand #224471063479:  Hold'em No Limit ($0.01/$0.02 USD) - 2021/03/04 22:18:42 PT [2021/03/05 1:18:42 ET]
Table 'Lampland II' 9-max Seat #8 is the button
Seat 1: kiling1 ($2.26 in chips) 
Seat 2: V888NON ($2.12 in chips) 
Seat 3: crossA.D. ($1.86 in chips) 
Seat 4: ghostinthefora ($3.20 in chips) 
Seat 5: Azznak ($2.86 in chips) 
Seat 6: tomashovka55 ($2.08 in chips) 
Seat 7: Dorex2007 ($2.72 in chips) 
Seat 8: Antracyd ($0.95 in chips) 
Seat 9: alystair ($2 in chips) 
alystair: posts small blind $0.01
kiling1: posts big blind $0.02
*** HOLE CARDS ***
Dealt to Dorex2007 [9s 7s]
V888NON: folds 
crossA.D.: folds 
ghostinthefora: raises $0.02 to $0.04
Azznak: folds 
tomashovka55: folds 
Dorex2007: folds 
Antracyd: calls $0.04
alystair: folds 
kiling1: calls $0.02
*** FLOP *** [6h 3c 3s]
kiling1: checks 
ghostinthefora: checks 
Antracyd: bets $0.08
kiling1: calls $0.08
ghostinthefora: folds 
*** TURN *** [6h 3c 3s] [2c]
kiling1: checks 
Antracyd: bets $0.16
kiling1: calls $0.16
*** RIVER *** [6h 3c 3s 2c] [4c]
kiling1: checks 
Antracyd: checks 
*** SHOW DOWN ***
kiling1: shows [Ad 6d] (two pair, Sixes and Threes)
Antracyd: shows [9c 9d] (two pair, Nines and Threes)
Antracyd collected $0.59 from pot
*** SUMMARY ***
Total pot $0.61 | Rake $0.02 
Board [6h 3c 3s 2c 4c]
Seat 1: kiling1 (big blind) showed [Ad 6d] and lost with two pair, Sixes and Threes
Seat 2: V888NON folded before Flop (didn't bet)
Seat 3: crossA.D. folded before Flop (didn't bet)
Seat 4: ghostinthefora folded on the Flop
Seat 5: Azznak folded before Flop (didn't bet)
Seat 6: tomashovka55 folded before Flop (didn't bet)
Seat 7: Dorex2007 folded before Flop (didn't bet)
Seat 8: Antracyd (button) showed [9c 9d] and won ($0.59) with two pair, Nines and Threes
Seat 9: alystair (small blind) folded before Flop



PokerStars Hand #224471081854:  Hold'em No Limit ($0.01/$0.02 USD) - 2021/03/04 22:20:24 PT [2021/03/05 1:20:24 ET]
Table 'Lampland II' 9-max Seat #9 is the button
Seat 1: kiling1 ($1.98 in chips) 
Seat 2: V888NON ($2.12 in chips) 
Seat 3: crossA.D. ($1.86 in chips) 
Seat 4: ghostinthefora ($3.16 in chips) 
Seat 5: Azznak ($2.86 in chips) 
Seat 6: tomashovka55 ($2.08 in chips) 
Seat 7: Dorex2007 ($2.72 in chips) 
Seat 8: Antracyd ($1.26 in chips) 
Seat 9: alystair ($2 in chips) 
kiling1: posts small blind $0.01
V888NON: posts big blind $0.02
*** HOLE CARDS ***
Dealt to Dorex2007 [7s 9s]
crossA.D.: calls $0.02
ghostinthefora: folds 
Azznak: folds 
tomashovka55: folds 
Dorex2007: folds 
Antracyd: calls $0.02
alystair: folds 
kiling1: folds 
V888NON has timed out
V888NON: checks 
*** FLOP *** [2d 9d Tc]
V888NON has timed out
V888NON: checks 
crossA.D.: checks 
Antracyd: bets $0.03
V888NON has timed out
V888NON: folds 
crossA.D.: calls $0.03
*** TURN *** [2d 9d Tc] [Ks]
crossA.D.: checks 
Antracyd: bets $0.08
crossA.D.: raises $0.08 to $0.16
Antracyd: raises $0.23 to $0.39
crossA.D.: calls $0.23
*** RIVER *** [2d 9d Tc Ks] [3c]
crossA.D.: checks 
Antracyd: bets $0.82 and is all-in
crossA.D.: calls $0.82
*** SHOW DOWN ***
Antracyd: shows [Jc Qc] (a straight, Nine to King)
crossA.D.: shows [2h Kd] (two pair, Kings and Deuces)
Antracyd collected $2.46 from pot
*** SUMMARY ***
Total pot $2.55 | Rake $0.09 
Board [2d 9d Tc Ks 3c]
Seat 1: kiling1 (small blind) folded before Flop
Seat 2: V888NON (big blind) folded on the Flop
Seat 3: crossA.D. showed [2h Kd] and lost with two pair, Kings and Deuces
Seat 4: ghostinthefora folded before Flop (didn't bet)
Seat 5: Azznak folded before Flop (didn't bet)
Seat 6: tomashovka55 folded before Flop (didn't bet)
Seat 7: Dorex2007 folded before Flop (didn't bet)
Seat 8: Antracyd showed [Jc Qc] and won ($2.46) with a straight, Nine to King
Seat 9: alystair (button) folded before Flop (didn't bet)



PokerStars Hand #224471108278:  Hold'em No Limit ($0.01/$0.02 USD) - 2021/03/04 22:22:50 PT [2021/03/05 1:22:50 ET]
Table 'Lampland II' 9-max Seat #1 is the button
Seat 1: kiling1 ($1.97 in chips) 
Seat 2: V888NON ($2.10 in chips) 
Seat 3: crossA.D. ($0.60 in chips) 
Seat 4: ghostinthefora ($3.16 in chips) 
Seat 6: tomashovka55 ($2.08 in chips) 
Seat 7: Dorex2007 ($2.72 in chips) 
Seat 8: Antracyd ($2.46 in chips) 
Seat 9: alystair ($2 in chips) 
V888NON: posts small blind $0.01
crossA.D.: posts big blind $0.02
*** HOLE CARDS ***
Dealt to Dorex2007 [Jh Ts]
ghostinthefora: raises $0.02 to $0.04
tomashovka55: folds 
Dorex2007: calls $0.04
Antracyd: folds 
alystair: folds 
kiling1: raises $0.15 to $0.19
V888NON: folds 
crossA.D.: folds 
ghostinthefora: calls $0.15
Dorex2007: folds 
*** FLOP *** [Js 6d 8c]
ghostinthefora: checks 
kiling1: bets $0.15
ghostinthefora: calls $0.15
*** TURN *** [Js 6d 8c] [6s]
ghostinthefora: checks 
kiling1: checks 
*** RIVER *** [Js 6d 8c 6s] [Ad]
ghostinthefora: checks 
kiling1: bets $0.40
ghostinthefora: calls $0.40
*** SHOW DOWN ***
kiling1: shows [Td Kd] (a pair of Sixes)
ghostinthefora: shows [Qd As] (two pair, Aces and Sixes)
ghostinthefora collected $1.50 from pot
*** SUMMARY ***
Total pot $1.55 | Rake $0.05 
Board [Js 6d 8c 6s Ad]
Seat 1: kiling1 (button) showed [Td Kd] and lost with a pair of Sixes
Seat 2: V888NON (small blind) folded before Flop
Seat 3: crossA.D. (big blind) folded before Flop
Seat 4: ghostinthefora showed [Qd As] and won ($1.50) with two pair, Aces and Sixes
Seat 6: tomashovka55 folded before Flop (didn't bet)
Seat 7: Dorex2007 folded before Flop
Seat 8: Antracyd folded before Flop (didn't bet)
Seat 9: alystair folded before Flop (didn't bet)



PokerStars Hand #224471126123:  Hold'em No Limit ($0.01/$0.02 USD) - 2021/03/04 22:24:27 PT [2021/03/05 1:24:27 ET]
Table 'Lampland II' 9-max Seat #2 is the button
Seat 1: kiling1 ($1.23 in chips) 
Seat 2: V888NON ($2.09 in chips) 
Seat 3: crossA.D. ($0.58 in chips) 
Seat 4: ghostinthefora ($3.92 in chips) 
Seat 5: Azznak ($2.86 in chips) 
Seat 6: tomashovka55 ($2.08 in chips) 
Seat 7: Dorex2007 ($2.68 in chips) 
Seat 8: Antracyd ($2.46 in chips) 
Seat 9: alystair ($2 in chips) 
crossA.D.: posts small blind $0.01
ghostinthefora: posts big blind $0.02
*** HOLE CARDS ***
Dealt to Dorex2007 [9h 7d]
Azznak: folds 
tomashovka55: folds 
Dorex2007: folds 
Antracyd: folds 
alystair: raises $0.04 to $0.06
kiling1: folds 
V888NON: folds 
crossA.D.: folds 
ghostinthefora: calls $0.04
*** FLOP *** [Jd 8c 6d]
ghostinthefora: bets $0.06
alystair: calls $0.06
*** TURN *** [Jd 8c 6d] [6h]
ghostinthefora: bets $0.12
alystair: folds 
Uncalled bet ($0.12) returned to ghostinthefora
ghostinthefora collected $0.24 from pot
ghostinthefora: doesn't show hand 
*** SUMMARY ***
Total pot $0.25 | Rake $0.01 
Board [Jd 8c 6d 6h]
Seat 1: kiling1 folded before Flop (didn't bet)
Seat 2: V888NON (button) folded before Flop (didn't bet)
Seat 3: crossA.D. (small blind) folded before Flop
Seat 4: ghostinthefora (big blind) collected ($0.24)
Seat 5: Azznak folded before Flop (didn't bet)
Seat 6: tomashovka55 folded before Flop (didn't bet)
Seat 7: Dorex2007 folded before Flop (didn't bet)
Seat 8: Antracyd folded before Flop (didn't bet)
Seat 9: alystair folded on the Turn



PokerStars Hand #224471134373:  Hold'em No Limit ($0.01/$0.02 USD) - 2021/03/04 22:25:13 PT [2021/03/05 1:25:13 ET]
Table 'Lampland II' 9-max Seat #3 is the button
Seat 1: kiling1 ($1.23 in chips) 
Seat 2: V888NON ($2.09 in chips) 
Seat 3: crossA.D. ($0.57 in chips) 
Seat 4: ghostinthefora ($4.04 in chips) 
Seat 5: Azznak ($2.86 in chips) 
Seat 6: tomashovka55 ($2.08 in chips) 
Seat 7: Dorex2007 ($2.68 in chips) 
Seat 8: Antracyd ($2.46 in chips) 
Seat 9: alystair ($2 in chips) 
ghostinthefora: posts small blind $0.01
Azznak: posts big blind $0.02
*** HOLE CARDS ***
Dealt to Dorex2007 [3s 9c]
tomashovka55: folds 
Dorex2007: folds 
Antracyd: folds 
alystair: raises $0.02 to $0.04
kiling1: calls $0.04
V888NON: folds 
crossA.D.: raises $0.02 to $0.06
ghostinthefora: calls $0.05
Azznak: folds 
alystair: calls $0.02
Antracyd is disconnected 
kiling1: calls $0.02
*** FLOP *** [9d 7h Qs]
ghostinthefora: checks 
alystair: checks 
kiling1: checks 
crossA.D.: bets $0.51 and is all-in
ghostinthefora: folds 
alystair: folds 
kiling1: folds 
Uncalled bet ($0.51) returned to crossA.D.
crossA.D. collected $0.25 from pot
crossA.D.: doesn't show hand 
*** SUMMARY ***
Total pot $0.26 | Rake $0.01 
Board [9d 7h Qs]
Seat 1: kiling1 folded on the Flop
Seat 2: V888NON folded before Flop (didn't bet)
Seat 3: crossA.D. (button) collected ($0.25)
Seat 4: ghostinthefora (small blind) folded on the Flop
Seat 5: Azznak (big blind) folded before Flop
Seat 6: tomashovka55 folded before Flop (didn't bet)
Seat 7: Dorex2007 folded before Flop (didn't bet)
Seat 8: Antracyd folded before Flop (didn't bet)
Seat 9: alystair folded on the Flop



PokerStars Hand #224471148016:  Hold'em No Limit ($0.01/$0.02 USD) - 2021/03/04 22:26:28 PT [2021/03/05 1:26:28 ET]
Table 'Lampland II' 9-max Seat #4 is the button
Seat 1: kiling1 ($1.17 in chips) 
Seat 2: V888NON ($2.09 in chips) 
Seat 3: crossA.D. ($0.76 in chips) 
Seat 4: ghostinthefora ($3.98 in chips) 
Seat 5: Azznak ($2.84 in chips) 
Seat 6: tomashovka55 ($2.08 in chips) 
Seat 7: Dorex2007 ($2.68 in chips) 
Seat 9: alystair ($2 in chips) 
Azznak: posts small blind $0.01
tomashovka55: posts big blind $0.02
*** HOLE CARDS ***
Dealt to Dorex2007 [4c Ts]
Antracyd leaves the table
Dorex2007: folds 
alystair: folds 
kiling1: folds 
V888NON: raises $0.02 to $0.04
crossA.D.: calls $0.04
ghostinthefora: folds 
Azznak: folds 
shuhrat19744 joins the table at seat #8 
tomashovka55: folds 
*** FLOP *** [2h Qd 8d]
V888NON: bets $0.02
crossA.D.: calls $0.02
*** TURN *** [2h Qd 8d] [6h]
V888NON: bets $0.06
crossA.D.: folds 
Uncalled bet ($0.06) returned to V888NON
V888NON collected $0.14 from pot
V888NON: doesn't show hand 
*** SUMMARY ***
Total pot $0.15 | Rake $0.01 
Board [2h Qd 8d 6h]
Seat 1: kiling1 folded before Flop (didn't bet)
Seat 2: V888NON collected ($0.14)
Seat 3: crossA.D. folded on the Turn
Seat 4: ghostinthefora (button) folded before Flop (didn't bet)
Seat 5: Azznak (small blind) folded before Flop
Seat 6: tomashovka55 (big blind) folded before Flop
Seat 7: Dorex2007 folded before Flop (didn't bet)
Seat 9: alystair folded before Flop (didn't bet)



PokerStars Hand #224471154633:  Hold'em No Limit ($0.01/$0.02 USD) - 2021/03/04 22:27:05 PT [2021/03/05 1:27:05 ET]
Table 'Lampland II' 9-max Seat #5 is the button
Seat 1: kiling1 ($1.17 in chips) 
Seat 2: V888NON ($2.17 in chips) 
Seat 3: crossA.D. ($0.70 in chips) 
Seat 4: ghostinthefora ($3.98 in chips) 
Seat 5: Azznak ($2.83 in chips) 
Seat 6: tomashovka55 ($2.06 in chips) 
Seat 7: Dorex2007 ($2.68 in chips) 
Seat 9: alystair ($2 in chips) 
tomashovka55: posts small blind $0.01
Dorex2007: posts big blind $0.02
shuhrat19744: sits out 
*** HOLE CARDS ***
Dealt to Dorex2007 [Ah 9s]
alystair: folds 
kiling1: folds 
V888NON: folds 
crossA.D.: folds 
ghostinthefora: folds 
Azznak: folds 
tomashovka55: folds 
Uncalled bet ($0.01) returned to Dorex2007
Dorex2007 collected $0.02 from pot
Dorex2007: doesn't show hand 
*** SUMMARY ***
Total pot $0.02 | Rake $0 
Seat 1: kiling1 folded before Flop (didn't bet)
Seat 2: V888NON folded before Flop (didn't bet)
Seat 3: crossA.D. folded before Flop (didn't bet)
Seat 4: ghostinthefora folded before Flop (didn't bet)
Seat 5: Azznak (button) folded before Flop (didn't bet)
Seat 6: tomashovka55 (small blind) folded before Flop
Seat 7: Dorex2007 (big blind) collected ($0.02)
Seat 9: alystair folded before Flop (didn't bet)



PokerStars Hand #224471159666:  Hold'em No Limit ($0.01/$0.02 USD) - 2021/03/04 22:27:33 PT [2021/03/05 1:27:33 ET]
Table 'Lampland II' 9-max Seat #6 is the button
Seat 1: kiling1 ($1.17 in chips) 
Seat 2: V888NON ($2.17 in chips) 
Seat 3: crossA.D. ($0.70 in chips) 
Seat 4: ghostinthefora ($3.98 in chips) 
Seat 5: Azznak ($2.83 in chips) 
Seat 6: tomashovka55 ($2.05 in chips) 
Seat 7: Dorex2007 ($2.69 in chips) 
Seat 8: shuhrat19744 ($2 in chips) 
Seat 9: alystair ($2 in chips) 
Dorex2007: posts small blind $0.01
shuhrat19744: posts big blind $0.02
*** HOLE CARDS ***
Dealt to Dorex2007 [2s Ts]
alystair: folds 
kiling1: folds 
V888NON: folds 
crossA.D.: calls $0.02
ghostinthefora: raises $0.02 to $0.04
Azznak: folds 
tomashovka55: folds 
Dorex2007: folds 
shuhrat19744: calls $0.02
crossA.D.: calls $0.02
*** FLOP *** [Jh Kh 7s]
shuhrat19744: checks 
crossA.D.: checks 
ghostinthefora: bets $0.06
shuhrat19744: folds 
crossA.D.: raises $0.06 to $0.12
ghostinthefora: calls $0.06
*** TURN *** [Jh Kh 7s] [9d]
crossA.D.: bets $0.54 and is all-in
ghostinthefora: folds 
Uncalled bet ($0.54) returned to crossA.D.
crossA.D. collected $0.36 from pot
crossA.D.: doesn't show hand 
*** SUMMARY ***
Total pot $0.37 | Rake $0.01 
Board [Jh Kh 7s 9d]
Seat 1: kiling1 folded before Flop (didn't bet)
Seat 2: V888NON folded before Flop (didn't bet)
Seat 3: crossA.D. collected ($0.36)
Seat 4: ghostinthefora folded on the Turn
Seat 5: Azznak folded before Flop (didn't bet)
Seat 6: tomashovka55 (button) folded before Flop (didn't bet)
Seat 7: Dorex2007 (small blind) folded before Flop
Seat 8: shuhrat19744 (big blind) folded on the Flop
Seat 9: alystair folded before Flop (didn't bet)



PokerStars Hand #224471171088:  Hold'em No Limit ($0.01/$0.02 USD) - 2021/03/04 22:28:36 PT [2021/03/05 1:28:36 ET]
Table 'Lampland II' 9-max Seat #7 is the button
Seat 1: kiling1 ($1.17 in chips) 
Seat 2: V888NON ($2.17 in chips) 
Seat 3: crossA.D. ($0.90 in chips) 
Seat 4: ghostinthefora ($3.82 in chips) 
Seat 5: Azznak ($2.83 in chips) 
Seat 6: tomashovka55 ($2.05 in chips) 
Seat 7: Dorex2007 ($2.68 in chips) 
Seat 8: shuhrat19744 ($2 in chips) 
Seat 9: alystair ($2 in chips) 
shuhrat19744: posts small blind $0.01
alystair: posts big blind $0.02
*** HOLE CARDS ***
Dealt to Dorex2007 [9d 3h]
kiling1: folds 
V888NON: calls $0.02
crossA.D.: calls $0.02
ghostinthefora: raises $0.06 to $0.08
Azznak: folds 
tomashovka55: folds 
Dorex2007: folds 
shuhrat19744: folds 
alystair: folds 
V888NON: folds 
crossA.D.: raises $0.82 to $0.90 and is all-in
ghostinthefora: calls $0.82
*** FLOP *** [2c 6s 5s]
*** TURN *** [2c 6s 5s] [3s]
*** RIVER *** [2c 6s 5s 3s] [3c]
*** SHOW DOWN ***
crossA.D.: shows [Jd Ah] (a pair of Threes)
ghostinthefora: shows [Ad As] (two pair, Aces and Threes)
ghostinthefora collected $1.79 from pot
*** SUMMARY ***
Total pot $1.85 | Rake $0.06 
Board [2c 6s 5s 3s 3c]
Seat 1: kiling1 folded before Flop (didn't bet)
Seat 2: V888NON folded before Flop
Seat 3: crossA.D. showed [Jd Ah] and lost with a pair of Threes
Seat 4: ghostinthefora showed [Ad As] and won ($1.79) with two pair, Aces and Threes
Seat 5: Azznak folded before Flop (didn't bet)
Seat 6: tomashovka55 folded before Flop (didn't bet)
Seat 7: Dorex2007 (button) folded before Flop (didn't bet)
Seat 8: shuhrat19744 (small blind) folded before Flop
Seat 9: alystair (big blind) folded before Flop



PokerStars Hand #224471179695:  Hold'em No Limit ($0.01/$0.02 USD) - 2021/03/04 22:29:23 PT [2021/03/05 1:29:23 ET]
Table 'Lampland II' 9-max Seat #8 is the button
Seat 1: kiling1 ($1.17 in chips) 
Seat 2: V888NON ($2.15 in chips) 
Seat 4: ghostinthefora ($4.71 in chips) 
Seat 5: Azznak ($2.83 in chips) 
Seat 6: tomashovka55 ($2.05 in chips) 
Seat 7: Dorex2007 ($2.68 in chips) 
Seat 8: shuhrat19744 ($2 in chips) 
Seat 9: alystair ($2 in chips) 
alystair: posts small blind $0.01
kiling1: posts big blind $0.02
*** HOLE CARDS ***
Dealt to Dorex2007 [6c 3d]
V888NON: calls $0.02
ghostinthefora: folds 
Azznak: folds 
tomashovka55: folds 
Dorex2007: folds 
shuhrat19744: calls $0.02
crossA.D. leaves the table
alystair: folds 
kiling1: checks 
*** FLOP *** [Qh 9h Th]
kiling1: bets $0.07
V888NON: calls $0.07
shuhrat19744: folds 
*** TURN *** [Qh 9h Th] [Jh]
kiling1: bets $0.06
V888NON: calls $0.06
*** RIVER *** [Qh 9h Th Jh] [4c]
kiling1: bets $0.10
V888NON: raises $0.10 to $0.20
kiling1: folds 
Uncalled bet ($0.10) returned to V888NON
V888NON collected $0.51 from pot
V888NON: doesn't show hand 
*** SUMMARY ***
Total pot $0.53 | Rake $0.02 
Board [Qh 9h Th Jh 4c]
Seat 1: kiling1 (big blind) folded on the River
Seat 2: V888NON collected ($0.51)
Seat 4: ghostinthefora folded before Flop (didn't bet)
Seat 5: Azznak folded before Flop (didn't bet)
Seat 6: tomashovka55 folded before Flop (didn't bet)
Seat 7: Dorex2007 folded before Flop (didn't bet)
Seat 8: shuhrat19744 (button) folded on the Flop
Seat 9: alystair (small blind) folded before Flop



PokerStars Hand #224471194917:  Hold'em No Limit ($0.01/$0.02 USD) - 2021/03/04 22:30:47 PT [2021/03/05 1:30:47 ET]
Table 'Lampland II' 9-max Seat #9 is the button
Seat 1: kiling1 ($0.92 in chips) 
Seat 2: V888NON ($2.41 in chips) 
Seat 4: ghostinthefora ($4.71 in chips) 
Seat 5: Azznak ($2.83 in chips) 
Seat 6: tomashovka55 ($2.05 in chips) 
Seat 7: Dorex2007 ($2.68 in chips) 
Seat 8: shuhrat19744 ($2 in chips) 
Seat 9: alystair ($2 in chips) 
kiling1: posts small blind $0.01
V888NON: posts big blind $0.02
*** HOLE CARDS ***
Dealt to Dorex2007 [4c 2d]
ghostinthefora: folds 
Azznak: folds 
tomashovka55: raises $0.04 to $0.06
Dorex2007: folds 
shuhrat19744: folds 
alystair: folds 
kiling1: folds 
wave89wave joins the table at seat #3 
V888NON: folds 
Uncalled bet ($0.04) returned to tomashovka55
tomashovka55 collected $0.05 from pot
tomashovka55: doesn't show hand 
*** SUMMARY ***
Total pot $0.05 | Rake $0 
Seat 1: kiling1 (small blind) folded before Flop
Seat 2: V888NON (big blind) folded before Flop
Seat 4: ghostinthefora folded before Flop (didn't bet)
Seat 5: Azznak folded before Flop (didn't bet)
Seat 6: tomashovka55 collected ($0.05)
Seat 7: Dorex2007 folded before Flop (didn't bet)
Seat 8: shuhrat19744 folded before Flop (didn't bet)
Seat 9: alystair (button) folded before Flop (didn't bet)



PokerStars Hand #224471199237:  Hold'em No Limit ($0.01/$0.02 USD) - 2021/03/04 22:31:11 PT [2021/03/05 1:31:11 ET]
Table 'Lampland II' 9-max Seat #1 is the button
Seat 1: kiling1 ($1.99 in chips) 
Seat 2: V888NON ($2.39 in chips) 
Seat 3: wave89wave ($0.80 in chips) 
Seat 4: ghostinthefora ($4.71 in chips) 
Seat 5: Azznak ($2.83 in chips) 
Seat 6: tomashovka55 ($2.08 in chips) 
Seat 7: Dorex2007 ($2.68 in chips) 
Seat 8: shuhrat19744 ($2 in chips) 
Seat 9: alystair ($2 in chips) 
V888NON: posts small blind $0.01
wave89wave: posts big blind $0.02
*** HOLE CARDS ***
Dealt to Dorex2007 [9s Ks]
ghostinthefora: folds 
Azznak: calls $0.02
tomashovka55: folds 
Dorex2007: calls $0.02
shuhrat19744: folds 
alystair: folds 
kiling1: folds 
V888NON: folds 
wave89wave: checks 
*** FLOP *** [9h Th Ts]
wave89wave: bets $0.02
Azznak: folds 
Dorex2007: raises $0.08 to $0.10
wave89wave: calls $0.08
*** TURN *** [9h Th Ts] [Qd]
wave89wave: bets $0.02
Dorex2007: calls $0.02
*** RIVER *** [9h Th Ts Qd] [2c]
wave89wave: bets $0.02
Dorex2007: calls $0.02
*** SHOW DOWN ***
wave89wave: shows [4c Qs] (two pair, Queens and Tens)
Dorex2007: mucks hand 
wave89wave collected $0.34 from pot
*** SUMMARY ***
Total pot $0.35 | Rake $0.01 
Board [9h Th Ts Qd 2c]
Seat 1: kiling1 (button) folded before Flop (didn't bet)
Seat 2: V888NON (small blind) folded before Flop
Seat 3: wave89wave (big blind) showed [4c Qs] and won ($0.34) with two pair, Queens and Tens
Seat 4: ghostinthefora folded before Flop (didn't bet)
Seat 5: Azznak folded on the Flop
Seat 6: tomashovka55 folded before Flop (didn't bet)
Seat 7: Dorex2007 mucked [9s Ks]
Seat 8: shuhrat19744 folded before Flop (didn't bet)
Seat 9: alystair folded before Flop (didn't bet)



PokerStars Hand #224471213584:  Hold'em No Limit ($0.01/$0.02 USD) - 2021/03/04 22:32:30 PT [2021/03/05 1:32:30 ET]
Table 'Lampland II' 9-max Seat #2 is the button
Seat 1: kiling1 ($1.99 in chips) 
Seat 2: V888NON ($2.38 in chips) 
Seat 3: wave89wave ($0.98 in chips) 
Seat 4: ghostinthefora ($4.71 in chips) 
Seat 5: Azznak ($2.81 in chips) 
Seat 6: tomashovka55 ($2.08 in chips) 
Seat 7: Dorex2007 ($2.52 in chips) 
Seat 8: shuhrat19744 ($2 in chips) 
Seat 9: alystair ($2 in chips) 
wave89wave: posts small blind $0.01
ghostinthefora: posts big blind $0.02
*** HOLE CARDS ***
Dealt to Dorex2007 [Ad 8c]
Azznak: folds 
tomashovka55: folds 
Dorex2007: folds 
shuhrat19744: folds 
alystair: folds 
kiling1: calls $0.02
V888NON: folds 
wave89wave: calls $0.01
ghostinthefora: checks 
*** FLOP *** [Ah Tc 2d]
wave89wave: bets $0.02
ghostinthefora: folds 
kiling1: calls $0.02
*** TURN *** [Ah Tc 2d] [Js]
wave89wave: bets $0.02
kiling1: folds 
Uncalled bet ($0.02) returned to wave89wave
wave89wave collected $0.10 from pot
wave89wave: doesn't show hand 
*** SUMMARY ***
Total pot $0.10 | Rake $0 
Board [Ah Tc 2d Js]
Seat 1: kiling1 folded on the Turn
Seat 2: V888NON (button) folded before Flop (didn't bet)
Seat 3: wave89wave (small blind) collected ($0.10)
Seat 4: ghostinthefora (big blind) folded on the Flop
Seat 5: Azznak folded before Flop (didn't bet)
Seat 6: tomashovka55 folded before Flop (didn't bet)
Seat 7: Dorex2007 folded before Flop (didn't bet)
Seat 8: shuhrat19744 folded before Flop (didn't bet)
Seat 9: alystair folded before Flop (didn't bet)



PokerStars Hand #224471224640:  Hold'em No Limit ($0.01/$0.02 USD) - 2021/03/04 22:33:32 PT [2021/03/05 1:33:32 ET]
Table 'Lampland II' 9-max Seat #3 is the button
Seat 1: kiling1 ($1.95 in chips) 
Seat 2: V888NON ($2.38 in chips) 
Seat 3: wave89wave ($1.04 in chips) 
Seat 4: ghostinthefora ($4.69 in chips) 
Seat 5: Azznak ($2.81 in chips) 
Seat 6: tomashovka55 ($2.08 in chips) 
Seat 7: Dorex2007 ($2.52 in chips) 
Seat 8: shuhrat19744 ($2 in chips) 
Seat 9: alystair ($2 in chips) 
ghostinthefora: posts small blind $0.01
Azznak: posts big blind $0.02
*** HOLE CARDS ***
Dealt to Dorex2007 [3c 4h]
tomashovka55: folds 
Dorex2007: folds 
shuhrat19744: folds 
alystair: folds 
kiling1: folds 
V888NON: raises $0.02 to $0.04
wave89wave: calls $0.04
ghostinthefora: calls $0.03
Azznak: folds 
*** FLOP *** [5d 2c 8d]
ghostinthefora: checks 
V888NON: checks 
wave89wave: checks 
*** TURN *** [5d 2c 8d] [Jd]
ghostinthefora: checks 
V888NON: checks 
wave89wave: bets $0.02
ghostinthefora: calls $0.02
V888NON: folds 
*** RIVER *** [5d 2c 8d Jd] [7d]
ghostinthefora: bets $0.17
wave89wave: folds 
Uncalled bet ($0.17) returned to ghostinthefora
ghostinthefora collected $0.17 from pot
*** SUMMARY ***
Total pot $0.18 | Rake $0.01 
Board [5d 2c 8d Jd 7d]
Seat 1: kiling1 folded before Flop (didn't bet)
Seat 2: V888NON folded on the Turn
Seat 3: wave89wave (button) folded on the River
Seat 4: ghostinthefora (small blind) collected ($0.17)
Seat 5: Azznak (big blind) folded before Flop
Seat 6: tomashovka55 folded before Flop (didn't bet)
Seat 7: Dorex2007 folded before Flop (didn't bet)
Seat 8: shuhrat19744 folded before Flop (didn't bet)
Seat 9: alystair folded before Flop (didn't bet)



PokerStars Hand #224471239760:  Hold'em No Limit ($0.01/$0.02 USD) - 2021/03/04 22:34:55 PT [2021/03/05 1:34:55 ET]
Table 'Lampland II' 9-max Seat #4 is the button
Seat 1: kiling1 ($1.95 in chips) 
Seat 2: V888NON ($2.34 in chips) 
Seat 3: wave89wave ($0.98 in chips) 
Seat 4: ghostinthefora ($4.80 in chips) 
Seat 5: Azznak ($2.79 in chips) 
Seat 6: tomashovka55 ($2.08 in chips) 
Seat 7: Dorex2007 ($2.52 in chips) 
Seat 8: shuhrat19744 ($2 in chips) 
Seat 9: alystair ($2 in chips) 
Azznak: posts small blind $0.01
tomashovka55: posts big blind $0.02
*** HOLE CARDS ***
Dealt to Dorex2007 [5c 5s]
Dorex2007: calls $0.02
shuhrat19744: folds 
alystair: folds 
kiling1: folds 
V888NON: folds 
wave89wave: calls $0.02
ghostinthefora: folds 
Azznak: folds 
tomashovka55: checks 
*** FLOP *** [Ks 6d 7s]
tomashovka55: checks 
Azznak leaves the table
Dorex2007: bets $0.07
wave89wave: calls $0.07
tomashovka55: folds 
*** TURN *** [Ks 6d 7s] [6c]
Dorex2007: bets $0.22
wave89wave: folds 
Uncalled bet ($0.22) returned to Dorex2007
Dorex2007 collected $0.20 from pot
Dorex2007: doesn't show hand 
*** SUMMARY ***
Total pot $0.21 | Rake $0.01 
Board [Ks 6d 7s 6c]
Seat 1: kiling1 folded before Flop (didn't bet)
Seat 2: V888NON folded before Flop (didn't bet)
Seat 3: wave89wave folded on the Turn
Seat 4: ghostinthefora (button) folded before Flop (didn't bet)
Seat 5: Azznak (small blind) folded before Flop
Seat 6: tomashovka55 (big blind) folded on the Flop
Seat 7: Dorex2007 collected ($0.20)
Seat 8: shuhrat19744 folded before Flop (didn't bet)
Seat 9: alystair folded before Flop (didn't bet)



PokerStars Hand #224471252497:  Hold'em No Limit ($0.01/$0.02 USD) - 2021/03/04 22:36:06 PT [2021/03/05 1:36:06 ET]
Table 'Lampland II' 9-max Seat #6 is the button
Seat 1: kiling1 ($1.95 in chips) 
Seat 2: V888NON ($2.34 in chips) 
Seat 3: wave89wave ($0.89 in chips) 
Seat 4: ghostinthefora ($4.80 in chips) 
Seat 6: tomashovka55 ($2.06 in chips) 
Seat 7: Dorex2007 ($2.63 in chips) 
Seat 8: shuhrat19744 ($2 in chips) 
Seat 9: alystair ($2 in chips) 
Dorex2007: posts small blind $0.01
shuhrat19744: posts big blind $0.02
*** HOLE CARDS ***
Dealt to Dorex2007 [9s Ts]
alystair: folds 
danyorka joins the table at seat #5 
kiling1: folds 
V888NON has timed out
V888NON: folds 
wave89wave: folds 
ghostinthefora: folds 
tomashovka55: folds 
Dorex2007: calls $0.01
shuhrat19744: raises $0.06 to $0.08
Dorex2007: calls $0.06
*** FLOP *** [8h Kh 3d]
Dorex2007: checks 
shuhrat19744: bets $0.11
Dorex2007: folds 
Uncalled bet ($0.11) returned to shuhrat19744
shuhrat19744 collected $0.15 from pot
shuhrat19744: doesn't show hand 
*** SUMMARY ***
Total pot $0.16 | Rake $0.01 
Board [8h Kh 3d]
Seat 1: kiling1 folded before Flop (didn't bet)
Seat 2: V888NON folded before Flop (didn't bet)
Seat 3: wave89wave folded before Flop (didn't bet)
Seat 4: ghostinthefora folded before Flop (didn't bet)
Seat 6: tomashovka55 (button) folded before Flop (didn't bet)
Seat 7: Dorex2007 (small blind) folded on the Flop
Seat 8: shuhrat19744 (big blind) collected ($0.15)
Seat 9: alystair folded before Flop (didn't bet)



PokerStars Hand #224471261967:  Hold'em No Limit ($0.01/$0.02 USD) - 2021/03/04 22:36:58 PT [2021/03/05 1:36:58 ET]
Table 'Lampland II' 9-max Seat #7 is the button
Seat 1: kiling1 ($1.95 in chips) 
Seat 3: wave89wave ($0.89 in chips) 
Seat 4: ghostinthefora ($4.80 in chips) 
Seat 5: danyorka ($0.94 in chips) 
Seat 6: tomashovka55 ($2.06 in chips) 
Seat 7: Dorex2007 ($2.55 in chips) 
Seat 8: shuhrat19744 ($2.07 in chips) 
Seat 9: alystair ($2 in chips) 
shuhrat19744: posts small blind $0.01
alystair: posts big blind $0.02
danyorka: posts big blind $0.02
*** HOLE CARDS ***
Dealt to Dorex2007 [Qs 4c]
kiling1: folds 
wave89wave: folds 
ghostinthefora: folds 
danyorka: checks 
tomashovka55: folds 
Dorex2007: folds 
shuhrat19744: folds 
alystair: raises $0.05 to $0.07
danyorka: calls $0.05
*** FLOP *** [Kc 6d Jd]
alystair: bets $0.09
danyorka: raises $0.78 to $0.87 and is all-in
alystair: calls $0.78
*** TURN *** [Kc 6d Jd] [9h]
*** RIVER *** [Kc 6d Jd 9h] [8c]
*** SHOW DOWN ***
alystair: shows [Qc Kd] (a pair of Kings)
danyorka: shows [7s Ks] (a pair of Kings - lower kicker)
alystair collected $1.82 from pot
*** SUMMARY ***
Total pot $1.89 | Rake $0.07 
Board [Kc 6d Jd 9h 8c]
Seat 1: kiling1 folded before Flop (didn't bet)
Seat 3: wave89wave folded before Flop (didn't bet)
Seat 4: ghostinthefora folded before Flop (didn't bet)
Seat 5: danyorka showed [7s Ks] and lost with a pair of Kings
Seat 6: tomashovka55 folded before Flop (didn't bet)
Seat 7: Dorex2007 (button) folded before Flop (didn't bet)
Seat 8: shuhrat19744 (small blind) folded before Flop
Seat 9: alystair (big blind) showed [Qc Kd] and won ($1.82) with a pair of Kings



PokerStars Hand #224471270684:  Hold'em No Limit ($0.01/$0.02 USD) - 2021/03/04 22:37:47 PT [2021/03/05 1:37:47 ET]
Table 'Lampland II' 9-max Seat #8 is the button
Seat 1: kiling1 ($1.95 in chips) 
Seat 2: V888NON ($2.34 in chips) 
Seat 3: wave89wave ($0.89 in chips) 
Seat 4: ghostinthefora ($4.80 in chips) 
Seat 6: tomashovka55 ($2.06 in chips) 
Seat 7: Dorex2007 ($2.55 in chips) 
Seat 8: shuhrat19744 ($2.06 in chips) 
Seat 9: alystair ($2.88 in chips) 
alystair: posts small blind $0.01
kiling1: posts big blind $0.02
*** HOLE CARDS ***
Dealt to Dorex2007 [Qh 2h]
V888NON: folds 
wave89wave: calls $0.02
ghostinthefora: raises $0.04 to $0.06
tomashovka55: folds 
Dorex2007: folds 
shuhrat19744: calls $0.06
alystair: folds 
kiling1: folds 
wave89wave: calls $0.04
*** FLOP *** [7h 3d 6d]
wave89wave: bets $0.02
ghostinthefora: calls $0.02
shuhrat19744: calls $0.02
*** TURN *** [7h 3d 6d] [Ks]
wave89wave: bets $0.02
ghostinthefora: folds 
shuhrat19744: raises $0.23 to $0.25
wave89wave: folds 
Uncalled bet ($0.23) returned to shuhrat19744
shuhrat19744 collected $0.30 from pot
shuhrat19744: doesn't show hand 
*** SUMMARY ***
Total pot $0.31 | Rake $0.01 
Board [7h 3d 6d Ks]
Seat 1: kiling1 (big blind) folded before Flop
Seat 2: V888NON folded before Flop (didn't bet)
Seat 3: wave89wave folded on the Turn
Seat 4: ghostinthefora folded on the Turn
Seat 6: tomashovka55 folded before Flop (didn't bet)
Seat 7: Dorex2007 folded before Flop (didn't bet)
Seat 8: shuhrat19744 (button) collected ($0.30)
Seat 9: alystair (small blind) folded before Flop



PokerStars Hand #224471285223:  Hold'em No Limit ($0.01/$0.02 USD) - 2021/03/04 22:39:07 PT [2021/03/05 1:39:07 ET]
Table 'Lampland II' 9-max Seat #9 is the button
Seat 1: kiling1 ($1.93 in chips) 
Seat 2: V888NON ($2.34 in chips) 
Seat 3: wave89wave ($0.79 in chips) 
Seat 4: ghostinthefora ($4.72 in chips) 
Seat 5: danyorka ($0.82 in chips) 
Seat 6: tomashovka55 ($2.06 in chips) 
Seat 7: Dorex2007 ($2.55 in chips) 
Seat 8: shuhrat19744 ($2.26 in chips) 
Seat 9: alystair ($2.87 in chips) 
kiling1: posts small blind $0.01
V888NON: posts big blind $0.02
*** HOLE CARDS ***
Dealt to Dorex2007 [Ts 6h]
wave89wave: calls $0.02
ghostinthefora: folds 
danyorka: folds 
tomashovka55: folds 
Dorex2007: folds 
shuhrat19744: calls $0.02
alystair: folds 
kiling1: folds 
V888NON: checks 
*** FLOP *** [9d 9c Qd]
V888NON: checks 
wave89wave: bets $0.02
shuhrat19744: raises $0.02 to $0.04
V888NON: raises $0.02 to $0.06
wave89wave: folds 
shuhrat19744: calls $0.02
*** TURN *** [9d 9c Qd] [7c]
V888NON: bets $0.08
shuhrat19744: folds 
Uncalled bet ($0.08) returned to V888NON
V888NON collected $0.20 from pot
V888NON: doesn't show hand 
*** SUMMARY ***
Total pot $0.21 | Rake $0.01 
Board [9d 9c Qd 7c]
Seat 1: kiling1 (small blind) folded before Flop
Seat 2: V888NON (big blind) collected ($0.20)
Seat 3: wave89wave folded on the Flop
Seat 4: ghostinthefora folded before Flop (didn't bet)
Seat 5: danyorka folded before Flop (didn't bet)
Seat 6: tomashovka55 folded before Flop (didn't bet)
Seat 7: Dorex2007 folded before Flop (didn't bet)
Seat 8: shuhrat19744 folded on the Turn
Seat 9: alystair (button) folded before Flop (didn't bet)



PokerStars Hand #224471297911:  Hold'em No Limit ($0.01/$0.02 USD) - 2021/03/04 22:39:59 PT [2021/03/05 1:39:59 ET]
Table 'Lampland II' 9-max Seat #1 is the button
Seat 1: kiling1 ($1.92 in chips) 
Seat 2: V888NON ($2.46 in chips) 
Seat 3: wave89wave ($0.75 in chips) 
Seat 4: ghostinthefora ($4.72 in chips) 
Seat 5: danyorka ($0.82 in chips) 
Seat 6: tomashovka55 ($2.06 in chips) 
Seat 7: Dorex2007 ($2.55 in chips) 
Seat 8: shuhrat19744 ($2.18 in chips) 
Seat 9: alystair ($2.87 in chips) 
V888NON: posts small blind $0.01
wave89wave: posts big blind $0.02
*** HOLE CARDS ***
Dealt to Dorex2007 [4d 7c]
ghostinthefora: folds 
danyorka: calls $0.02
tomashovka55: folds 
Dorex2007: folds 
shuhrat19744: folds 
alystair: calls $0.02
kiling1: folds 
V888NON: calls $0.01
wave89wave: checks 
*** FLOP *** [6s 2c 9h]
V888NON: checks 
wave89wave: bets $0.02
danyorka: folds 
alystair: folds 
V888NON: raises $0.02 to $0.04
wave89wave: calls $0.02
*** TURN *** [6s 2c 9h] [5d]
V888NON: bets $0.06
wave89wave: raises $0.06 to $0.12
V888NON: folds 
Uncalled bet ($0.06) returned to wave89wave
wave89wave collected $0.27 from pot
wave89wave: doesn't show hand 
*** SUMMARY ***
Total pot $0.28 | Rake $0.01 
Board [6s 2c 9h 5d]
Seat 1: kiling1 (button) folded before Flop (didn't bet)
Seat 2: V888NON (small blind) folded on the Turn
Seat 3: wave89wave (big blind) collected ($0.27)
Seat 4: ghostinthefora folded before Flop (didn't bet)
Seat 5: danyorka folded on the Flop
Seat 6: tomashovka55 folded before Flop (didn't bet)
Seat 7: Dorex2007 folded before Flop (didn't bet)
Seat 8: shuhrat19744 folded before Flop (didn't bet)
Seat 9: alystair folded on the Flop



PokerStars Hand #224471313902:  Hold'em No Limit ($0.01/$0.02 USD) - 2021/03/04 22:41:14 PT [2021/03/05 1:41:14 ET]
Table 'Lampland II' 9-max Seat #2 is the button
Seat 1: kiling1 ($1.92 in chips) 
Seat 2: V888NON ($2.34 in chips) 
Seat 3: wave89wave ($0.90 in chips) 
Seat 4: ghostinthefora ($4.72 in chips) 
Seat 5: danyorka ($0.80 in chips) 
Seat 6: tomashovka55 ($2.06 in chips) 
Seat 7: Dorex2007 ($2.55 in chips) 
Seat 8: shuhrat19744 ($2.18 in chips) 
Seat 9: alystair ($2.85 in chips) 
wave89wave: posts small blind $0.01
ghostinthefora: posts big blind $0.02
*** HOLE CARDS ***
Dealt to Dorex2007 [Ks 8c]
danyorka: folds 
tomashovka55: folds 
Dorex2007: folds 
shuhrat19744: folds 
alystair: folds 
kiling1: folds 
V888NON: folds 
wave89wave: calls $0.01
ghostinthefora: checks 
*** FLOP *** [4d Js 9d]
wave89wave: checks 
ghostinthefora: checks 
*** TURN *** [4d Js 9d] [8d]
wave89wave: bets $0.02
ghostinthefora: calls $0.02
*** RIVER *** [4d Js 9d 8d] [Qd]
wave89wave: checks 
ghostinthefora: bets $0.08
wave89wave: raises $0.08 to $0.16
ghostinthefora: raises $0.08 to $0.24
wave89wave: calls $0.08
*** SHOW DOWN ***
ghostinthefora: shows [6h Kd] (a flush, King high)
wave89wave: mucks hand 
ghostinthefora collected $0.54 from pot
*** SUMMARY ***
Total pot $0.56 | Rake $0.02 
Board [4d Js 9d 8d Qd]
Seat 1: kiling1 folded before Flop (didn't bet)
Seat 2: V888NON (button) folded before Flop (didn't bet)
Seat 3: wave89wave (small blind) mucked [Jd 7c]
Seat 4: ghostinthefora (big blind) showed [6h Kd] and won ($0.54) with a flush, King high
Seat 5: danyorka folded before Flop (didn't bet)
Seat 6: tomashovka55 folded before Flop (didn't bet)
Seat 7: Dorex2007 folded before Flop (didn't bet)
Seat 8: shuhrat19744 folded before Flop (didn't bet)
Seat 9: alystair folded before Flop (didn't bet)



PokerStars Hand #224471328891:  Hold'em No Limit ($0.01/$0.02 USD) - 2021/03/04 22:42:38 PT [2021/03/05 1:42:38 ET]
Table 'Lampland II' 9-max Seat #3 is the button
Seat 1: kiling1 ($1.92 in chips) 
Seat 2: V888NON ($2.34 in chips) 
Seat 3: wave89wave ($0.62 in chips) 
Seat 4: ghostinthefora ($4.98 in chips) 
Seat 5: danyorka ($0.80 in chips) 
Seat 6: tomashovka55 ($2.06 in chips) 
Seat 7: Dorex2007 ($2.55 in chips) 
Seat 8: shuhrat19744 ($2.18 in chips) 
Seat 9: alystair ($2.85 in chips) 
ghostinthefora: posts small blind $0.01
danyorka: posts big blind $0.02
*** HOLE CARDS ***
Dealt to Dorex2007 [8c 3h]
tomashovka55: folds 
Dorex2007: folds 
shuhrat19744: folds 
alystair: raises $0.02 to $0.04
kiling1: folds 
V888NON: calls $0.04
wave89wave: calls $0.04
ghostinthefora: raises $0.04 to $0.08
danyorka: raises $0.72 to $0.80 and is all-in
alystair: folds 
V888NON: folds 
wave89wave: folds 
ghostinthefora: calls $0.72
*** FLOP *** [6c 2h Ad]
*** TURN *** [6c 2h Ad] [Qh]
*** RIVER *** [6c 2h Ad Qh] [Jd]
*** SHOW DOWN ***
ghostinthefora: shows [As Qs] (two pair, Aces and Queens)
danyorka: shows [8d Ah] (a pair of Aces)
ghostinthefora collected $1.66 from pot
*** SUMMARY ***
Total pot $1.72 | Rake $0.06 
Board [6c 2h Ad Qh Jd]
Seat 1: kiling1 folded before Flop (didn't bet)
Seat 2: V888NON folded before Flop
Seat 3: wave89wave (button) folded before Flop
Seat 4: ghostinthefora (small blind) showed [As Qs] and won ($1.66) with two pair, Aces and Queens
Seat 5: danyorka (big blind) showed [8d Ah] and lost with a pair of Aces
Seat 6: tomashovka55 folded before Flop (didn't bet)
Seat 7: Dorex2007 folded before Flop (didn't bet)
Seat 8: shuhrat19744 folded before Flop (didn't bet)
Seat 9: alystair folded before Flop



PokerStars Hand #224471341556:  Hold'em No Limit ($0.01/$0.02 USD) - 2021/03/04 22:43:49 PT [2021/03/05 1:43:49 ET]
Table 'Lampland II' 9-max Seat #4 is the button
Seat 1: kiling1 ($1.92 in chips) 
Seat 2: V888NON ($2.30 in chips) 
Seat 3: wave89wave ($0.58 in chips) 
Seat 4: ghostinthefora ($5.84 in chips) 
Seat 6: tomashovka55 ($2.06 in chips) 
Seat 7: Dorex2007 ($2.55 in chips) 
Seat 8: shuhrat19744 ($2.18 in chips) 
Seat 9: alystair ($2.81 in chips) 
tomashovka55: posts small blind $0.01
Dorex2007: posts big blind $0.02
*** HOLE CARDS ***
Dealt to Dorex2007 [9h Kh]
shuhrat19744: folds 
alystair: folds 
kiling1: folds 
V888NON: raises $0.02 to $0.04
wave89wave: calls $0.04
ghostinthefora: folds 
danyorka leaves the table
tomashovka55: folds 
Dorex2007: calls $0.02
*** FLOP *** [5s Qd Ac]
Dorex2007: checks 
V888NON: checks 
wave89wave: checks 
*** TURN *** [5s Qd Ac] [Ah]
Dorex2007: checks 
V888NON: bets $0.02
wave89wave: folds 
Dorex2007: calls $0.02
*** RIVER *** [5s Qd Ac Ah] [7c]
Dorex2007: checks 
V888NON: checks 
*** SHOW DOWN ***
Dorex2007: shows [9h Kh] (a pair of Aces)
V888NON: shows [Jd Jh] (two pair, Aces and Jacks)
V888NON collected $0.16 from pot
*** SUMMARY ***
Total pot $0.17 | Rake $0.01 
Board [5s Qd Ac Ah 7c]
Seat 1: kiling1 folded before Flop (didn't bet)
Seat 2: V888NON showed [Jd Jh] and won ($0.16) with two pair, Aces and Jacks
Seat 3: wave89wave folded on the Turn
Seat 4: ghostinthefora (button) folded before Flop (didn't bet)
Seat 6: tomashovka55 (small blind) folded before Flop
Seat 7: Dorex2007 (big blind) showed [9h Kh] and lost with a pair of Aces
Seat 8: shuhrat19744 folded before Flop (didn't bet)
Seat 9: alystair folded before Flop (didn't bet)



PokerStars Hand #224471348521:  Hold'em No Limit ($0.01/$0.02 USD) - 2021/03/04 22:44:28 PT [2021/03/05 1:44:28 ET]
Table 'Lampland II' 9-max Seat #6 is the button
Seat 1: kiling1 ($1.92 in chips) 
Seat 2: V888NON ($2.40 in chips) 
Seat 3: wave89wave ($0.54 in chips) 
Seat 4: ghostinthefora ($5.84 in chips) 
Seat 6: tomashovka55 ($2.05 in chips) 
Seat 7: Dorex2007 ($2.49 in chips) 
Seat 8: shuhrat19744 ($2.18 in chips) 
Seat 9: alystair ($2.81 in chips) 
Dorex2007: posts small blind $0.01
shuhrat19744: posts big blind $0.02
*** HOLE CARDS ***
Dealt to Dorex2007 [4s 6h]
alystair: folds 
kiling1: folds 
V888NON: folds 
wave89wave: calls $0.02
ghostinthefora: raises $0.06 to $0.08
tomashovka55: calls $0.08
Dorex2007: folds 
shuhrat19744: folds 
wave89wave: calls $0.06
*** FLOP *** [Jh 5h 5s]
wave89wave: bets $0.10
ghostinthefora: calls $0.10
tomashovka55: calls $0.10
*** TURN *** [Jh 5h 5s] [7c]
wave89wave: bets $0.16
ghostinthefora: calls $0.16
tomashovka55: calls $0.16
*** RIVER *** [Jh 5h 5s 7c] [Jc]
wave89wave: checks 
ghostinthefora: checks 
tomashovka55: checks 
*** SHOW DOWN ***
wave89wave: shows [3h 6c] (two pair, Jacks and Fives)
ghostinthefora: shows [Ah Qh] (two pair, Jacks and Fives - Ace kicker)
tomashovka55: mucks hand 
ghostinthefora collected $1.01 from pot
*** SUMMARY ***
Total pot $1.05 | Rake $0.04 
Board [Jh 5h 5s 7c Jc]
Seat 1: kiling1 folded before Flop (didn't bet)
Seat 2: V888NON folded before Flop (didn't bet)
Seat 3: wave89wave showed [3h 6c] and lost with two pair, Jacks and Fives
Seat 4: ghostinthefora showed [Ah Qh] and won ($1.01) with two pair, Jacks and Fives
Seat 6: tomashovka55 (button) mucked [9h 8h]
Seat 7: Dorex2007 (small blind) folded before Flop
Seat 8: shuhrat19744 (big blind) folded before Flop
Seat 9: alystair folded before Flop (didn't bet)



PokerStars Hand #224471359919:  Hold'em No Limit ($0.01/$0.02 USD) - 2021/03/04 22:45:32 PT [2021/03/05 1:45:32 ET]
Table 'Lampland II' 9-max Seat #7 is the button
Seat 1: kiling1 ($1.92 in chips) 
Seat 2: V888NON ($2.40 in chips) 
Seat 3: wave89wave ($0.20 in chips) 
Seat 4: ghostinthefora ($6.51 in chips) 
Seat 6: tomashovka55 ($2 in chips) 
Seat 7: Dorex2007 ($2.48 in chips) 
Seat 8: shuhrat19744 ($2.16 in chips) 
shuhrat19744: posts small blind $0.01
alystair: is sitting out 
kiling1: posts big blind $0.02
*** HOLE CARDS ***
Dealt to Dorex2007 [8s 7h]
V888NON: folds 
wave89wave: folds 
ghostinthefora: folds 
alystair leaves the table
tomashovka55: folds 
wave89wave leaves the table
Dorex2007: folds 
shuhrat19744: folds 
Uncalled bet ($0.01) returned to kiling1
kiling1 collected $0.02 from pot
kiling1: doesn't show hand 
*** SUMMARY ***
Total pot $0.02 | Rake $0 
Seat 1: kiling1 (big blind) collected ($0.02)
Seat 2: V888NON folded before Flop (didn't bet)
Seat 3: wave89wave folded before Flop (didn't bet)
Seat 4: ghostinthefora folded before Flop (didn't bet)
Seat 6: tomashovka55 folded before Flop (didn't bet)
Seat 7: Dorex2007 (button) folded before Flop (didn't bet)
Seat 8: shuhrat19744 (small blind) folded before Flop



PokerStars Hand #224471364216:  Hold'em No Limit ($0.01/$0.02 USD) - 2021/03/04 22:45:56 PT [2021/03/05 1:45:56 ET]
Table 'Lampland II' 9-max Seat #8 is the button
Seat 1: kiling1 ($1.93 in chips) 
Seat 2: V888NON ($2.40 in chips) 
Seat 4: ghostinthefora ($6.51 in chips) 
Seat 6: tomashovka55 ($2 in chips) 
Seat 7: Dorex2007 ($2.48 in chips) 
Seat 8: shuhrat19744 ($2.15 in chips) 
kiling1: posts small blind $0.01
V888NON: posts big blind $0.02
*** HOLE CARDS ***
Dealt to Dorex2007 [Th Ts]
ghostinthefora: folds 
tomashovka55: folds 
Dorex2007: raises $0.02 to $0.04
shuhrat19744: folds 
kiling1: folds 
V888NON: folds 
Uncalled bet ($0.02) returned to Dorex2007
Dorex2007 collected $0.05 from pot
Dorex2007: doesn't show hand 
*** SUMMARY ***
Total pot $0.05 | Rake $0 
Seat 1: kiling1 (small blind) folded before Flop
Seat 2: V888NON (big blind) folded before Flop
Seat 4: ghostinthefora folded before Flop (didn't bet)
Seat 6: tomashovka55 folded before Flop (didn't bet)
Seat 7: Dorex2007 collected ($0.05)
Seat 8: shuhrat19744 (button) folded before Flop (didn't bet)



PokerStars Hand #224471367353:  Hold'em No Limit ($0.01/$0.02 USD) - 2021/03/04 22:46:14 PT [2021/03/05 1:46:14 ET]
Table 'Lampland II' 9-max Seat #1 is the button
Seat 1: kiling1 ($1.92 in chips) 
Seat 2: V888NON ($2.38 in chips) 
Seat 4: ghostinthefora ($6.51 in chips) 
Seat 6: tomashovka55 ($2 in chips) 
Seat 7: Dorex2007 ($2.51 in chips) 
Seat 8: shuhrat19744 ($2.15 in chips) 
V888NON: posts small blind $0.01
ghostinthefora: posts big blind $0.02
*** HOLE CARDS ***
Dealt to Dorex2007 [Qh 7c]
tomashovka55: raises $0.04 to $0.06
Dorex2007: folds 
shuhrat19744: folds 
kiling1: folds 
V888NON: calls $0.05
ghostinthefora: folds 
*** FLOP *** [2c As Td]
V888NON: checks 
tomashovka55: bets $0.07
V888NON: folds 
Uncalled bet ($0.07) returned to tomashovka55
tomashovka55 collected $0.14 from pot
tomashovka55: doesn't show hand 
*** SUMMARY ***
Total pot $0.14 | Rake $0 
Board [2c As Td]
Seat 1: kiling1 (button) folded before Flop (didn't bet)
Seat 2: V888NON (small blind) folded on the Flop
Seat 4: ghostinthefora (big blind) folded before Flop
Seat 6: tomashovka55 collected ($0.14)
Seat 7: Dorex2007 folded before Flop (didn't bet)
Seat 8: shuhrat19744 folded before Flop (didn't bet)



PokerStars Hand #224471375215:  Hold'em No Limit ($0.01/$0.02 USD) - 2021/03/04 22:46:58 PT [2021/03/05 1:46:58 ET]
Table 'Lampland II' 9-max Seat #2 is the button
Seat 1: kiling1 ($1.92 in chips) 
Seat 2: V888NON ($2.32 in chips) 
Seat 4: ghostinthefora ($6.49 in chips) 
Seat 6: tomashovka55 ($2.08 in chips) 
Seat 7: Dorex2007 ($2.51 in chips) 
Seat 8: shuhrat19744 ($2.15 in chips) 
ghostinthefora: posts small blind $0.01
tomashovka55: posts big blind $0.02
*** HOLE CARDS ***
Dealt to Dorex2007 [9d 6d]
Dorex2007: folds 
shuhrat19744: folds 
kiling1: folds 
V888NON: folds 
ghostinthefora: raises $0.02 to $0.04
tomashovka55: folds 
Uncalled bet ($0.02) returned to ghostinthefora
ghostinthefora collected $0.04 from pot
ghostinthefora: doesn't show hand 
*** SUMMARY ***
Total pot $0.04 | Rake $0 
Seat 1: kiling1 folded before Flop (didn't bet)
Seat 2: V888NON (button) folded before Flop (didn't bet)
Seat 4: ghostinthefora (small blind) collected ($0.04)
Seat 6: tomashovka55 (big blind) folded before Flop
Seat 7: Dorex2007 folded before Flop (didn't bet)
Seat 8: shuhrat19744 folded before Flop (didn't bet)



PokerStars Hand #224471379324:  Hold'em No Limit ($0.01/$0.02 USD) - 2021/03/04 22:47:21 PT [2021/03/05 1:47:21 ET]
Table 'Lampland II' 9-max Seat #4 is the button
Seat 1: kiling1 ($1.92 in chips) 
Seat 2: V888NON ($2.32 in chips) 
Seat 4: ghostinthefora ($6.51 in chips) 
Seat 6: tomashovka55 ($2.06 in chips) 
Seat 7: Dorex2007 ($2.51 in chips) 
Seat 8: shuhrat19744 ($2.15 in chips) 
tomashovka55: posts small blind $0.01
Dorex2007: posts big blind $0.02
*** HOLE CARDS ***
Dealt to Dorex2007 [3s 5h]
shuhrat19744: folds 
kiling1: folds 
V888NON: raises $0.02 to $0.04
ghostinthefora: folds 
tomashovka55: calls $0.03
Dorex2007: folds 
*** FLOP *** [4d 7c Jh]
tomashovka55: checks 
V888NON: bets $0.06
tomashovka55: folds 
Uncalled bet ($0.06) returned to V888NON
V888NON collected $0.10 from pot
V888NON: doesn't show hand 
*** SUMMARY ***
Total pot $0.10 | Rake $0 
Board [4d 7c Jh]
Seat 1: kiling1 folded before Flop (didn't bet)
Seat 2: V888NON collected ($0.10)
Seat 4: ghostinthefora (button) folded before Flop (didn't bet)
Seat 6: tomashovka55 (small blind) folded on the Flop
Seat 7: Dorex2007 (big blind) folded before Flop
Seat 8: shuhrat19744 folded before Flop (didn't bet)



PokerStars Hand #224471385023:  Hold'em No Limit ($0.01/$0.02 USD) - 2021/03/04 22:47:53 PT [2021/03/05 1:47:53 ET]
Table 'Lampland II' 9-max Seat #6 is the button
Seat 1: kiling1 ($1.92 in chips) 
Seat 2: V888NON ($2.38 in chips) 
Seat 4: ghostinthefora ($6.51 in chips) 
Seat 6: tomashovka55 ($2.02 in chips) 
Seat 7: Dorex2007 ($2.49 in chips) 
Seat 8: shuhrat19744 ($2.15 in chips) 
Dorex2007: posts small blind $0.01
shuhrat19744: posts big blind $0.02
*** HOLE CARDS ***
Dealt to Dorex2007 [Qh 3h]
kiling1: folds 
V888NON: calls $0.02
ghostinthefora: folds 
tomashovka55: folds 
Dorex2007: folds 
shuhrat19744: checks 
*** FLOP *** [Kd Ad Jc]
shuhrat19744: checks 
V888NON: bets $0.05
shuhrat19744: folds 
Uncalled bet ($0.05) returned to V888NON
V888NON collected $0.05 from pot
V888NON: doesn't show hand 
*** SUMMARY ***
Total pot $0.05 | Rake $0 
Board [Kd Ad Jc]
Seat 1: kiling1 folded before Flop (didn't bet)
Seat 2: V888NON collected ($0.05)
Seat 4: ghostinthefora folded before Flop (didn't bet)
Seat 6: tomashovka55 (button) folded before Flop (didn't bet)
Seat 7: Dorex2007 (small blind) folded before Flop
Seat 8: shuhrat19744 (big blind) folded on the Flop



PokerStars Hand #224471389692:  Hold'em No Limit ($0.01/$0.02 USD) - 2021/03/04 22:48:19 PT [2021/03/05 1:48:19 ET]
Table 'Lampland II' 9-max Seat #7 is the button
Seat 1: kiling1 ($1.92 in chips) 
Seat 2: V888NON ($2.41 in chips) 
Seat 4: ghostinthefora ($6.51 in chips) 
Seat 6: tomashovka55 ($2.02 in chips) 
Seat 7: Dorex2007 ($2.48 in chips) 
Seat 8: shuhrat19744 ($2.13 in chips) 
shuhrat19744: posts small blind $0.01
kiling1: posts big blind $0.02
*** HOLE CARDS ***
Dealt to Dorex2007 [9s Tc]
V888NON: folds 
ghostinthefora: folds 
tomashovka55: folds 
V888NON leaves the table
Dorex2007: calls $0.02
shuhrat19744: folds 
kiling1: checks 
*** FLOP *** [Jd As Th]
kiling1: bets $0.02
Dorex2007: calls $0.02
*** TURN *** [Jd As Th] [Ks]
kiling1: bets $0.04
Dorex2007: folds 
Uncalled bet ($0.04) returned to kiling1
kiling1 collected $0.09 from pot
kiling1: doesn't show hand 
*** SUMMARY ***
Total pot $0.09 | Rake $0 
Board [Jd As Th Ks]
Seat 1: kiling1 (big blind) collected ($0.09)
Seat 2: V888NON folded before Flop (didn't bet)
Seat 4: ghostinthefora folded before Flop (didn't bet)
Seat 6: tomashovka55 folded before Flop (didn't bet)
Seat 7: Dorex2007 (button) folded on the Turn
Seat 8: shuhrat19744 (small blind) folded before Flop



PokerStars Hand #224471398908:  Hold'em No Limit ($0.01/$0.02 USD) - 2021/03/04 22:49:10 PT [2021/03/05 1:49:10 ET]
Table 'Lampland II' 9-max Seat #8 is the button
Seat 1: kiling1 ($1.97 in chips) 
Seat 4: ghostinthefora ($6.51 in chips) 
Seat 6: tomashovka55 ($2.02 in chips) 
Seat 7: Dorex2007 ($2.44 in chips) 
Seat 8: shuhrat19744 ($2.12 in chips) 
kiling1: posts small blind $0.01
ghostinthefora: posts big blind $0.02
*** HOLE CARDS ***
Dealt to Dorex2007 [7d 6h]
tomashovka55: folds 
Dorex2007: folds 
shuhrat19744: folds 
kiling1: folds 
Uncalled bet ($0.01) returned to ghostinthefora
ghostinthefora collected $0.02 from pot
ghostinthefora: doesn't show hand 
*** SUMMARY ***
Total pot $0.02 | Rake $0 
Seat 1: kiling1 (small blind) folded before Flop
Seat 4: ghostinthefora (big blind) collected ($0.02)
Seat 6: tomashovka55 folded before Flop (didn't bet)
Seat 7: Dorex2007 folded before Flop (didn't bet)
Seat 8: shuhrat19744 (button) folded before Flop (didn't bet)



PokerStars Hand #224471402765:  Hold'em No Limit ($0.01/$0.02 USD) - 2021/03/04 22:49:31 PT [2021/03/05 1:49:31 ET]
Table 'Lampland II' 9-max Seat #1 is the button
Seat 1: kiling1 ($1.96 in chips) 
Seat 4: ghostinthefora ($6.52 in chips) 
Seat 7: Dorex2007 ($2.44 in chips) 
Seat 8: shuhrat19744 ($2.12 in chips) 
ghostinthefora: posts small blind $0.01
tomashovka55: is sitting out 
Dorex2007: posts big blind $0.02
*** HOLE CARDS ***
Dealt to Dorex2007 [Td 5s]
shuhrat19744: folds 
shuhrat19744 leaves the table
kiling1: raises $0.04 to $0.06
ghostinthefora: folds 
Dorex2007: folds 
Uncalled bet ($0.04) returned to kiling1
kiling1 collected $0.05 from pot
kiling1: doesn't show hand 
*** SUMMARY ***
Total pot $0.05 | Rake $0 
Seat 1: kiling1 (button) collected ($0.05)
Seat 4: ghostinthefora (small blind) folded before Flop
Seat 7: Dorex2007 (big blind) folded before Flop
Seat 8: shuhrat19744 folded before Flop (didn't bet)



