PokerStars Hand #232476494883:  Hold'em No Limit ($0.01/$0.02 USD) - 2021/12/24 0:56:35 PT [2021/12/24 3:56:35 ET]
Table 'Zwetana III' 9-max Seat #3 is the button
Seat 1: gluhonemoj ($1.22 in chips) 
Seat 2: Dorex2007 ($2 in chips) 
Seat 3: ugur48688 ($1.18 in chips) 
Seat 4: McPartiZano ($3.28 in chips) 
Seat 5: Herzas1976 ($2.75 in chips) 
Seat 6: Jet-Shark777 ($2.10 in chips) 
Seat 7: Yen Rodrguez ($2.43 in chips) 
Seat 8: hunter199855 ($1.01 in chips) 
Seat 9: Andorrior ($1.03 in chips) 
McPartiZano: posts small blind $0.01
Herzas1976: posts big blind $0.02
Dorex2007: posts big blind $0.02
*** HOLE CARDS ***
Dealt to Dorex2007 [8h Ac]
Jet-Shark777: calls $0.02
Yen Rodrguez: raises $0.04 to $0.06
hunter199855: folds 
Andorrior: folds 
gluhonemoj: folds 
Dorex2007: folds 
ugur48688: folds 
McPartiZano: raises $0.18 to $0.24
Herzas1976: folds 
Jet-Shark777: folds 
Yen Rodrguez: calls $0.18
*** FLOP *** [Qc Jh Td]
McPartiZano: bets $0.35
Yen Rodrguez: calls $0.35
*** TURN *** [Qc Jh Td] [2d]
McPartiZano: checks 
Yen Rodrguez: checks 
*** RIVER *** [Qc Jh Td 2d] [3c]
McPartiZano: bets $0.60
Yen Rodrguez: calls $0.60
*** SHOW DOWN ***
McPartiZano: shows [Kd Kh] (a pair of Kings)
Yen Rodrguez: mucks hand 
McPartiZano collected $2.35 from pot
*** SUMMARY ***
Total pot $2.44 | Rake $0.09 
Board [Qc Jh Td 2d 3c]
Seat 1: gluhonemoj folded before Flop (didn't bet)
Seat 2: Dorex2007 folded before Flop (didn't bet)
Seat 3: ugur48688 (button) folded before Flop (didn't bet)
Seat 4: McPartiZano (small blind) showed [Kd Kh] and won ($2.35) with a pair of Kings
Seat 5: Herzas1976 (big blind) folded before Flop
Seat 6: Jet-Shark777 folded before Flop
Seat 7: Yen Rodrguez mucked [Qs Ks]
Seat 8: hunter199855 folded before Flop (didn't bet)
Seat 9: Andorrior folded before Flop (didn't bet)



PokerStars Hand #232476510967:  Hold'em No Limit ($0.01/$0.02 USD) - 2021/12/24 0:58:18 PT [2021/12/24 3:58:18 ET]
Table 'Zwetana III' 9-max Seat #4 is the button
Seat 1: gluhonemoj ($1.22 in chips) 
Seat 2: Dorex2007 ($2 in chips) 
Seat 3: ugur48688 ($1.98 in chips) 
Seat 4: McPartiZano ($4.44 in chips) 
Seat 5: Herzas1976 ($2.73 in chips) 
Seat 6: Jet-Shark777 ($2.08 in chips) 
Seat 7: Yen Rodrguez ($1.24 in chips) 
Seat 8: hunter199855 ($1.01 in chips) 
Seat 9: Andorrior ($1.03 in chips) 
Herzas1976: posts small blind $0.01
Jet-Shark777: posts big blind $0.02
*** HOLE CARDS ***
Dealt to Dorex2007 [2h Ks]
Yen Rodrguez has timed out
Yen Rodrguez: folds 
hunter199855: raises $0.04 to $0.06
Andorrior: folds 
gluhonemoj: folds 
Dorex2007: folds 
ugur48688: folds 
McPartiZano: folds 
Herzas1976: folds 
Jet-Shark777: calls $0.04
*** FLOP *** [Ah Tc 3s]
Jet-Shark777: checks 
hunter199855: bets $0.06
Jet-Shark777: calls $0.06
*** TURN *** [Ah Tc 3s] [Jh]
Jet-Shark777: checks 
hunter199855: bets $0.12
Jet-Shark777: calls $0.12
*** RIVER *** [Ah Tc 3s Jh] [9c]
Jet-Shark777: checks 
hunter199855: bets $0.36
Jet-Shark777: folds 
Uncalled bet ($0.36) returned to hunter199855
hunter199855 collected $0.47 from pot
hunter199855: doesn't show hand 
*** SUMMARY ***
Total pot $0.49 | Rake $0.02 
Board [Ah Tc 3s Jh 9c]
Seat 1: gluhonemoj folded before Flop (didn't bet)
Seat 2: Dorex2007 folded before Flop (didn't bet)
Seat 3: ugur48688 folded before Flop (didn't bet)
Seat 4: McPartiZano (button) folded before Flop (didn't bet)
Seat 5: Herzas1976 (small blind) folded before Flop
Seat 6: Jet-Shark777 (big blind) folded on the River
Seat 7: Yen Rodrguez folded before Flop (didn't bet)
Seat 8: hunter199855 collected ($0.47)
Seat 9: Andorrior folded before Flop (didn't bet)



PokerStars Hand #232476521816:  Hold'em No Limit ($0.01/$0.02 USD) - 2021/12/24 0:59:27 PT [2021/12/24 3:59:27 ET]
Table 'Zwetana III' 9-max Seat #5 is the button
Seat 1: gluhonemoj ($1.22 in chips) 
Seat 2: Dorex2007 ($2 in chips) 
Seat 3: ugur48688 ($1.98 in chips) 
Seat 4: McPartiZano ($4.44 in chips) 
Seat 5: Herzas1976 ($2.72 in chips) 
Seat 6: Jet-Shark777 ($1.84 in chips) 
Seat 7: Yen Rodrguez ($1.24 in chips) 
Seat 8: hunter199855 ($1.24 in chips) 
Seat 9: Andorrior ($1.03 in chips) 
Jet-Shark777: posts small blind $0.01
Yen Rodrguez: posts big blind $0.02
*** HOLE CARDS ***
Dealt to Dorex2007 [5h Kd]
hunter199855: calls $0.02
Andorrior: folds 
gluhonemoj: folds 
Dorex2007: folds 
ugur48688: calls $0.02
McPartiZano: folds 
Herzas1976: raises $0.09 to $0.11
Jet-Shark777: folds 
Yen Rodrguez: folds 
hunter199855: calls $0.09
ugur48688: calls $0.09
*** FLOP *** [5d Qd 3d]
hunter199855: checks 
ugur48688: checks 
Herzas1976: bets $0.18
hunter199855: folds 
ugur48688: folds 
Uncalled bet ($0.18) returned to Herzas1976
Herzas1976 collected $0.35 from pot
Herzas1976: doesn't show hand 
*** SUMMARY ***
Total pot $0.36 | Rake $0.01 
Board [5d Qd 3d]
Seat 1: gluhonemoj folded before Flop (didn't bet)
Seat 2: Dorex2007 folded before Flop (didn't bet)
Seat 3: ugur48688 folded on the Flop
Seat 4: McPartiZano folded before Flop (didn't bet)
Seat 5: Herzas1976 (button) collected ($0.35)
Seat 6: Jet-Shark777 (small blind) folded before Flop
Seat 7: Yen Rodrguez (big blind) folded before Flop
Seat 8: hunter199855 folded on the Flop
Seat 9: Andorrior folded before Flop (didn't bet)



PokerStars Hand #232476527949:  Hold'em No Limit ($0.01/$0.02 USD) - 2021/12/24 1:00:06 PT [2021/12/24 4:00:06 ET]
Table 'Zwetana III' 9-max Seat #6 is the button
Seat 1: gluhonemoj ($1.22 in chips) 
Seat 2: Dorex2007 ($2 in chips) 
Seat 3: ugur48688 ($1.87 in chips) 
Seat 4: McPartiZano ($4.44 in chips) 
Seat 5: Herzas1976 ($2.96 in chips) 
Seat 6: Jet-Shark777 ($1.83 in chips) 
Seat 7: Yen Rodrguez ($1.22 in chips) 
Seat 9: Andorrior ($1.03 in chips) 
Yen Rodrguez: posts small blind $0.01
hunter199855: is sitting out 
Andorrior: posts big blind $0.02
*** HOLE CARDS ***
Dealt to Dorex2007 [Jc 8c]
gluhonemoj: calls $0.02
hunter199855 leaves the table
Dorex2007: folds 
ugur48688: folds 
McPartiZano: folds 
Herzas1976: folds 
Jet-Shark777: raises $0.06 to $0.08
Yen Rodrguez: folds 
Andorrior: folds 
gluhonemoj: calls $0.06
*** FLOP *** [4c Ts Ks]
gluhonemoj: checks 
Jet-Shark777: checks 
*** TURN *** [4c Ts Ks] [Qs]
gluhonemoj: bets $0.09
Jet-Shark777: calls $0.09
*** RIVER *** [4c Ts Ks Qs] [7s]
gluhonemoj: bets $0.19
Jet-Shark777: folds 
Uncalled bet ($0.19) returned to gluhonemoj
gluhonemoj collected $0.36 from pot
gluhonemoj: doesn't show hand 
*** SUMMARY ***
Total pot $0.37 | Rake $0.01 
Board [4c Ts Ks Qs 7s]
Seat 1: gluhonemoj collected ($0.36)
Seat 2: Dorex2007 folded before Flop (didn't bet)
Seat 3: ugur48688 folded before Flop (didn't bet)
Seat 4: McPartiZano folded before Flop (didn't bet)
Seat 5: Herzas1976 folded before Flop (didn't bet)
Seat 6: Jet-Shark777 (button) folded on the River
Seat 7: Yen Rodrguez (small blind) folded before Flop
Seat 9: Andorrior (big blind) folded before Flop



PokerStars Hand #232476536407:  Hold'em No Limit ($0.01/$0.02 USD) - 2021/12/24 1:00:58 PT [2021/12/24 4:00:58 ET]
Table 'Zwetana III' 9-max Seat #7 is the button
Seat 1: gluhonemoj ($1.41 in chips) 
Seat 2: Dorex2007 ($2 in chips) 
Seat 3: ugur48688 ($1.87 in chips) 
Seat 4: McPartiZano ($4.44 in chips) 
Seat 5: Herzas1976 ($2.96 in chips) 
Seat 6: Jet-Shark777 ($1.66 in chips) 
Seat 7: Yen Rodrguez ($1.21 in chips) 
Seat 9: Andorrior ($1.01 in chips) 
Andorrior: posts small blind $0.01
gluhonemoj: posts big blind $0.02
*** HOLE CARDS ***
Dealt to Dorex2007 [Th 8s]
Dorex2007: folds 
ugur48688: calls $0.02
McPartiZano: folds 
Herzas1976: folds 
Jet-Shark777: folds 
KRandall12 joins the table at seat #8 
Yen Rodrguez: folds 
Andorrior: folds 
gluhonemoj: checks 
*** FLOP *** [Jh Kh Kc]
gluhonemoj: checks 
ugur48688: checks 
*** TURN *** [Jh Kh Kc] [Td]
gluhonemoj: checks 
ugur48688: checks 
*** RIVER *** [Jh Kh Kc Td] [Js]
gluhonemoj: checks 
ugur48688: checks 
*** SHOW DOWN ***
gluhonemoj: shows [4h Qs] (two pair, Kings and Jacks)
ugur48688: mucks hand 
gluhonemoj collected $0.05 from pot
*** SUMMARY ***
Total pot $0.05 | Rake $0 
Board [Jh Kh Kc Td Js]
Seat 1: gluhonemoj (big blind) showed [4h Qs] and won ($0.05) with two pair, Kings and Jacks
Seat 2: Dorex2007 folded before Flop (didn't bet)
Seat 3: ugur48688 mucked [6c 5c]
Seat 4: McPartiZano folded before Flop (didn't bet)
Seat 5: Herzas1976 folded before Flop (didn't bet)
Seat 6: Jet-Shark777 folded before Flop (didn't bet)
Seat 7: Yen Rodrguez (button) folded before Flop (didn't bet)
Seat 9: Andorrior (small blind) folded before Flop



PokerStars Hand #232476542305:  Hold'em No Limit ($0.01/$0.02 USD) - 2021/12/24 1:01:32 PT [2021/12/24 4:01:32 ET]
Table 'Zwetana III' 9-max Seat #9 is the button
Seat 1: gluhonemoj ($1.44 in chips) 
Seat 2: Dorex2007 ($2 in chips) 
Seat 3: ugur48688 ($1.85 in chips) 
Seat 4: McPartiZano ($4.44 in chips) 
Seat 5: Herzas1976 ($2.96 in chips) 
Seat 6: Jet-Shark777 ($1.66 in chips) 
Seat 7: Yen Rodrguez ($1.21 in chips) 
Seat 9: Andorrior ($1 in chips) 
gluhonemoj: posts small blind $0.01
Dorex2007: posts big blind $0.02
KRandall12: sits out 
*** HOLE CARDS ***
Dealt to Dorex2007 [7h Ac]
ugur48688: folds 
McPartiZano: raises $0.04 to $0.06
Herzas1976: folds 
Jet-Shark777: folds 
Yen Rodrguez: folds 
Andorrior: folds 
gluhonemoj: folds 
Dorex2007: folds 
Uncalled bet ($0.04) returned to McPartiZano
McPartiZano collected $0.05 from pot
McPartiZano: doesn't show hand 
*** SUMMARY ***
Total pot $0.05 | Rake $0 
Seat 1: gluhonemoj (small blind) folded before Flop
Seat 2: Dorex2007 (big blind) folded before Flop
Seat 3: ugur48688 folded before Flop (didn't bet)
Seat 4: McPartiZano collected ($0.05)
Seat 5: Herzas1976 folded before Flop (didn't bet)
Seat 6: Jet-Shark777 folded before Flop (didn't bet)
Seat 7: Yen Rodrguez folded before Flop (didn't bet)
Seat 9: Andorrior (button) folded before Flop (didn't bet)



PokerStars Hand #232476544607:  Hold'em No Limit ($0.01/$0.02 USD) - 2021/12/24 1:01:45 PT [2021/12/24 4:01:45 ET]
Table 'Zwetana III' 9-max Seat #1 is the button
Seat 1: gluhonemoj ($1.43 in chips) 
Seat 2: Dorex2007 ($2 in chips) 
Seat 3: ugur48688 ($1.85 in chips) 
Seat 4: McPartiZano ($4.47 in chips) 
Seat 5: Herzas1976 ($2.96 in chips) 
Seat 6: Jet-Shark777 ($1.66 in chips) 
Seat 7: Yen Rodrguez ($1.21 in chips) 
Seat 9: Andorrior ($1 in chips) 
Dorex2007: posts small blind $0.01
ugur48688: posts big blind $0.02
KRandall12: sits out 
*** HOLE CARDS ***
Dealt to Dorex2007 [4d Ah]
McPartiZano: folds 
Herzas1976: folds 
Jet-Shark777: folds 
Yen Rodrguez: folds 
Andorrior: folds 
gluhonemoj: folds 
Dorex2007: raises $0.02 to $0.04
ugur48688: folds 
Uncalled bet ($0.02) returned to Dorex2007
Dorex2007 collected $0.04 from pot
Dorex2007: doesn't show hand 
*** SUMMARY ***
Total pot $0.04 | Rake $0 
Seat 1: gluhonemoj (button) folded before Flop (didn't bet)
Seat 2: Dorex2007 (small blind) collected ($0.04)
Seat 3: ugur48688 (big blind) folded before Flop
Seat 4: McPartiZano folded before Flop (didn't bet)
Seat 5: Herzas1976 folded before Flop (didn't bet)
Seat 6: Jet-Shark777 folded before Flop (didn't bet)
Seat 7: Yen Rodrguez folded before Flop (didn't bet)
Seat 9: Andorrior folded before Flop (didn't bet)



PokerStars Hand #232476547554:  Hold'em No Limit ($0.01/$0.02 USD) - 2021/12/24 1:02:02 PT [2021/12/24 4:02:02 ET]
Table 'Zwetana III' 9-max Seat #2 is the button
Seat 1: gluhonemoj ($1.43 in chips) 
Seat 2: Dorex2007 ($2.02 in chips) 
Seat 3: ugur48688 ($1.83 in chips) 
Seat 4: McPartiZano ($4.47 in chips) 
Seat 5: Herzas1976 ($2.96 in chips) 
Seat 6: Jet-Shark777 ($1.66 in chips) 
Seat 7: Yen Rodrguez ($1.21 in chips) 
Seat 9: Andorrior ($1 in chips) 
ugur48688: posts small blind $0.01
McPartiZano: posts big blind $0.02
KRandall12: sits out 
*** HOLE CARDS ***
Dealt to Dorex2007 [Kc 6s]
Herzas1976: folds 
Jet-Shark777: calls $0.02
Yen Rodrguez: raises $0.04 to $0.06
Andorrior: folds 
gluhonemoj has timed out
gluhonemoj: folds 
Dorex2007: folds 
ugur48688: folds 
McPartiZano: folds 
Jet-Shark777: calls $0.04
*** FLOP *** [Tc Qc Ad]
Jet-Shark777: checks 
Yen Rodrguez: bets $0.06
Jet-Shark777: folds 
Uncalled bet ($0.06) returned to Yen Rodrguez
Yen Rodrguez collected $0.14 from pot
Yen Rodrguez: doesn't show hand 
*** SUMMARY ***
Total pot $0.15 | Rake $0.01 
Board [Tc Qc Ad]
Seat 1: gluhonemoj folded before Flop (didn't bet)
Seat 2: Dorex2007 (button) folded before Flop (didn't bet)
Seat 3: ugur48688 (small blind) folded before Flop
Seat 4: McPartiZano (big blind) folded before Flop
Seat 5: Herzas1976 folded before Flop (didn't bet)
Seat 6: Jet-Shark777 folded on the Flop
Seat 7: Yen Rodrguez collected ($0.14)
Seat 9: Andorrior folded before Flop (didn't bet)



PokerStars Hand #232476555012:  Hold'em No Limit ($0.01/$0.02 USD) - 2021/12/24 1:02:45 PT [2021/12/24 4:02:45 ET]
Table 'Zwetana III' 9-max Seat #3 is the button
Seat 1: gluhonemoj ($1.43 in chips) 
Seat 2: Dorex2007 ($2.02 in chips) 
Seat 3: ugur48688 ($1.82 in chips) 
Seat 4: McPartiZano ($4.45 in chips) 
Seat 5: Herzas1976 ($2.96 in chips) 
Seat 6: Jet-Shark777 ($1.60 in chips) 
Seat 7: Yen Rodrguez ($1.29 in chips) 
Seat 9: Andorrior ($1 in chips) 
McPartiZano: posts small blind $0.01
Herzas1976: posts big blind $0.02
KRandall12: sits out 
*** HOLE CARDS ***
Dealt to Dorex2007 [Qh Th]
Jet-Shark777: folds 
Yen Rodrguez: folds 
Andorrior: folds 
gluhonemoj: folds 
Dorex2007: raises $0.04 to $0.06
ugur48688: folds 
McPartiZano: folds 
Herzas1976: calls $0.04
*** FLOP *** [9c 3d Kh]
Herzas1976: checks 
Dorex2007: bets $0.07
Herzas1976: folds 
Uncalled bet ($0.07) returned to Dorex2007
Dorex2007 collected $0.13 from pot
Dorex2007: doesn't show hand 
*** SUMMARY ***
Total pot $0.13 | Rake $0 
Board [9c 3d Kh]
Seat 1: gluhonemoj folded before Flop (didn't bet)
Seat 2: Dorex2007 collected ($0.13)
Seat 3: ugur48688 (button) folded before Flop (didn't bet)
Seat 4: McPartiZano (small blind) folded before Flop
Seat 5: Herzas1976 (big blind) folded on the Flop
Seat 6: Jet-Shark777 folded before Flop (didn't bet)
Seat 7: Yen Rodrguez folded before Flop (didn't bet)
Seat 9: Andorrior folded before Flop (didn't bet)



PokerStars Hand #232476559247:  Hold'em No Limit ($0.01/$0.02 USD) - 2021/12/24 1:03:09 PT [2021/12/24 4:03:09 ET]
Table 'Zwetana III' 9-max Seat #4 is the button
Seat 1: gluhonemoj ($1.43 in chips) 
Seat 2: Dorex2007 ($2.09 in chips) 
Seat 3: ugur48688 ($1.82 in chips) 
Seat 4: McPartiZano ($4.44 in chips) 
Seat 5: Herzas1976 ($2.90 in chips) 
Seat 6: Jet-Shark777 ($1.60 in chips) 
Seat 7: Yen Rodrguez ($1.29 in chips) 
Seat 9: Andorrior ($1 in chips) 
Herzas1976: posts small blind $0.01
Jet-Shark777: posts big blind $0.02
KRandall12: sits out 
*** HOLE CARDS ***
Dealt to Dorex2007 [Jh Jc]
Yen Rodrguez: folds 
Andorrior: folds 
gluhonemoj: folds 
Dorex2007: raises $0.04 to $0.06
ugur48688: folds 
McPartiZano: calls $0.06
Herzas1976: folds 
Jet-Shark777: folds 
*** FLOP *** [7h 2c Kc]
Dorex2007: bets $0.07
McPartiZano: folds 
Uncalled bet ($0.07) returned to Dorex2007
Dorex2007 collected $0.14 from pot
Dorex2007: doesn't show hand 
*** SUMMARY ***
Total pot $0.15 | Rake $0.01 
Board [7h 2c Kc]
Seat 1: gluhonemoj folded before Flop (didn't bet)
Seat 2: Dorex2007 collected ($0.14)
Seat 3: ugur48688 folded before Flop (didn't bet)
Seat 4: McPartiZano (button) folded on the Flop
Seat 5: Herzas1976 (small blind) folded before Flop
Seat 6: Jet-Shark777 (big blind) folded before Flop
Seat 7: Yen Rodrguez folded before Flop (didn't bet)
Seat 9: Andorrior folded before Flop (didn't bet)



PokerStars Hand #232476564703:  Hold'em No Limit ($0.01/$0.02 USD) - 2021/12/24 1:03:40 PT [2021/12/24 4:03:40 ET]
Table 'Zwetana III' 9-max Seat #5 is the button
Seat 1: gluhonemoj ($1.43 in chips) 
Seat 2: Dorex2007 ($2.17 in chips) 
Seat 3: ugur48688 ($1.82 in chips) 
Seat 4: McPartiZano ($4.38 in chips) 
Seat 5: Herzas1976 ($2.89 in chips) 
Seat 6: Jet-Shark777 ($1.58 in chips) 
Seat 7: Yen Rodrguez ($1.29 in chips) 
Seat 9: Andorrior ($1 in chips) 
Jet-Shark777: posts small blind $0.01
Yen Rodrguez: posts big blind $0.02
KRandall12: sits out 
*** HOLE CARDS ***
Dealt to Dorex2007 [5d 8d]
Andorrior: folds 
gluhonemoj: folds 
Dorex2007: folds 
ugur48688: folds 
McPartiZano: folds 
Herzas1976: raises $0.04 to $0.06
Jet-Shark777: folds 
Yen Rodrguez: calls $0.04
*** FLOP *** [Qs 2d 3d]
Yen Rodrguez: bets $0.04
Herzas1976: raises $0.08 to $0.12
Yen Rodrguez: folds 
Uncalled bet ($0.08) returned to Herzas1976
Herzas1976 collected $0.20 from pot
Herzas1976: doesn't show hand 
*** SUMMARY ***
Total pot $0.21 | Rake $0.01 
Board [Qs 2d 3d]
Seat 1: gluhonemoj folded before Flop (didn't bet)
Seat 2: Dorex2007 folded before Flop (didn't bet)
Seat 3: ugur48688 folded before Flop (didn't bet)
Seat 4: McPartiZano folded before Flop (didn't bet)
Seat 5: Herzas1976 (button) collected ($0.20)
Seat 6: Jet-Shark777 (small blind) folded before Flop
Seat 7: Yen Rodrguez (big blind) folded on the Flop
Seat 9: Andorrior folded before Flop (didn't bet)



PokerStars Hand #232476571624:  Hold'em No Limit ($0.01/$0.02 USD) - 2021/12/24 1:04:19 PT [2021/12/24 4:04:19 ET]
Table 'Zwetana III' 9-max Seat #6 is the button
Seat 1: gluhonemoj ($1.43 in chips) 
Seat 2: Dorex2007 ($2.17 in chips) 
Seat 3: ugur48688 ($1.82 in chips) 
Seat 4: McPartiZano ($4.38 in chips) 
Seat 5: Herzas1976 ($2.99 in chips) 
Seat 6: Jet-Shark777 ($1.57 in chips) 
Seat 7: Yen Rodrguez ($1.19 in chips) 
Seat 8: KRandall12 ($0.80 in chips) 
Seat 9: Andorrior ($1 in chips) 
Yen Rodrguez: posts small blind $0.01
KRandall12: posts big blind $0.02
*** HOLE CARDS ***
Dealt to Dorex2007 [2c 3d]
Andorrior: folds 
gluhonemoj: folds 
Dorex2007: folds 
ugur48688: calls $0.02
McPartiZano: folds 
Herzas1976: raises $0.07 to $0.09
Jet-Shark777: folds 
Yen Rodrguez: folds 
KRandall12: folds 
ugur48688: calls $0.07
*** FLOP *** [5d Kc Ah]
ugur48688: checks 
Herzas1976: bets $0.10
ugur48688: calls $0.10
*** TURN *** [5d Kc Ah] [Th]
ugur48688: checks 
Herzas1976: checks 
*** RIVER *** [5d Kc Ah Th] [4h]
ugur48688: bets $0.20
Herzas1976: folds 
Uncalled bet ($0.20) returned to ugur48688
ugur48688 collected $0.40 from pot
ugur48688: doesn't show hand 
*** SUMMARY ***
Total pot $0.41 | Rake $0.01 
Board [5d Kc Ah Th 4h]
Seat 1: gluhonemoj folded before Flop (didn't bet)
Seat 2: Dorex2007 folded before Flop (didn't bet)
Seat 3: ugur48688 collected ($0.40)
Seat 4: McPartiZano folded before Flop (didn't bet)
Seat 5: Herzas1976 folded on the River
Seat 6: Jet-Shark777 (button) folded before Flop (didn't bet)
Seat 7: Yen Rodrguez (small blind) folded before Flop
Seat 8: KRandall12 (big blind) folded before Flop
Seat 9: Andorrior folded before Flop (didn't bet)



PokerStars Hand #232476580616:  Hold'em No Limit ($0.01/$0.02 USD) - 2021/12/24 1:05:10 PT [2021/12/24 4:05:10 ET]
Table 'Zwetana III' 9-max Seat #7 is the button
Seat 1: gluhonemoj ($1.43 in chips) 
Seat 2: Dorex2007 ($2.17 in chips) 
Seat 3: ugur48688 ($2.03 in chips) 
Seat 4: McPartiZano ($4.38 in chips) 
Seat 5: Herzas1976 ($2.80 in chips) 
Seat 6: Jet-Shark777 ($1.57 in chips) 
Seat 7: Yen Rodrguez ($1.18 in chips) 
Seat 8: KRandall12 ($0.80 in chips) 
Seat 9: Andorrior ($1 in chips) 
KRandall12: posts small blind $0.01
Andorrior: posts big blind $0.02
*** HOLE CARDS ***
Dealt to Dorex2007 [7c 5c]
gluhonemoj: folds 
Dorex2007: folds 
ugur48688: folds 
McPartiZano: folds 
Herzas1976: raises $0.04 to $0.06
Jet-Shark777: folds 
Yen Rodrguez: folds 
KRandall12: raises $0.14 to $0.20
Andorrior: folds 
Herzas1976: folds 
Uncalled bet ($0.14) returned to KRandall12
KRandall12 collected $0.14 from pot
KRandall12: doesn't show hand 
*** SUMMARY ***
Total pot $0.14 | Rake $0 
Seat 1: gluhonemoj folded before Flop (didn't bet)
Seat 2: Dorex2007 folded before Flop (didn't bet)
Seat 3: ugur48688 folded before Flop (didn't bet)
Seat 4: McPartiZano folded before Flop (didn't bet)
Seat 5: Herzas1976 folded before Flop
Seat 6: Jet-Shark777 folded before Flop (didn't bet)
Seat 7: Yen Rodrguez (button) folded before Flop (didn't bet)
Seat 8: KRandall12 (small blind) collected ($0.14)
Seat 9: Andorrior (big blind) folded before Flop



PokerStars Hand #232476585918:  Hold'em No Limit ($0.01/$0.02 USD) - 2021/12/24 1:05:40 PT [2021/12/24 4:05:40 ET]
Table 'Zwetana III' 9-max Seat #8 is the button
Seat 1: gluhonemoj ($1.43 in chips) 
Seat 2: Dorex2007 ($2.17 in chips) 
Seat 3: ugur48688 ($2.03 in chips) 
Seat 4: McPartiZano ($4.38 in chips) 
Seat 5: Herzas1976 ($2.74 in chips) 
Seat 6: Jet-Shark777 ($1.57 in chips) 
Seat 7: Yen Rodrguez ($1.18 in chips) 
Seat 8: KRandall12 ($0.88 in chips) 
Seat 9: Andorrior ($0.98 in chips) 
Andorrior: posts small blind $0.01
gluhonemoj: posts big blind $0.02
*** HOLE CARDS ***
Dealt to Dorex2007 [7d 8h]
Dorex2007: folds 
ugur48688: folds 
McPartiZano: folds 
Herzas1976: folds 
Jet-Shark777: raises $0.04 to $0.06
Yen Rodrguez: folds 
KRandall12: folds 
Andorrior: folds 
gluhonemoj: folds 
Uncalled bet ($0.04) returned to Jet-Shark777
Jet-Shark777 collected $0.05 from pot
Jet-Shark777: doesn't show hand 
*** SUMMARY ***
Total pot $0.05 | Rake $0 
Seat 1: gluhonemoj (big blind) folded before Flop
Seat 2: Dorex2007 folded before Flop (didn't bet)
Seat 3: ugur48688 folded before Flop (didn't bet)
Seat 4: McPartiZano folded before Flop (didn't bet)
Seat 5: Herzas1976 folded before Flop (didn't bet)
Seat 6: Jet-Shark777 collected ($0.05)
Seat 7: Yen Rodrguez folded before Flop (didn't bet)
Seat 8: KRandall12 (button) folded before Flop (didn't bet)
Seat 9: Andorrior (small blind) folded before Flop



PokerStars Hand #232476589014:  Hold'em No Limit ($0.01/$0.02 USD) - 2021/12/24 1:05:57 PT [2021/12/24 4:05:57 ET]
Table 'Zwetana III' 9-max Seat #9 is the button
Seat 1: gluhonemoj ($1.41 in chips) 
Seat 2: Dorex2007 ($2.17 in chips) 
Seat 3: ugur48688 ($2.03 in chips) 
Seat 4: McPartiZano ($4.38 in chips) 
Seat 5: Herzas1976 ($2.74 in chips) 
Seat 6: Jet-Shark777 ($1.60 in chips) 
Seat 7: Yen Rodrguez ($1.18 in chips) 
Seat 8: KRandall12 ($0.88 in chips) 
Seat 9: Andorrior ($0.97 in chips) 
gluhonemoj: posts small blind $0.01
Dorex2007: posts big blind $0.02
*** HOLE CARDS ***
Dealt to Dorex2007 [Kh 4s]
ugur48688: folds 
McPartiZano: folds 
Herzas1976: raises $0.04 to $0.06
Jet-Shark777: folds 
Yen Rodrguez: calls $0.06
KRandall12: folds 
Andorrior: folds 
gluhonemoj: folds 
Dorex2007: folds 
*** FLOP *** [Js 2h Qh]
Herzas1976: checks 
Yen Rodrguez: bets $0.06
Herzas1976: folds 
Uncalled bet ($0.06) returned to Yen Rodrguez
Yen Rodrguez collected $0.14 from pot
Yen Rodrguez: doesn't show hand 
*** SUMMARY ***
Total pot $0.15 | Rake $0.01 
Board [Js 2h Qh]
Seat 1: gluhonemoj (small blind) folded before Flop
Seat 2: Dorex2007 (big blind) folded before Flop
Seat 3: ugur48688 folded before Flop (didn't bet)
Seat 4: McPartiZano folded before Flop (didn't bet)
Seat 5: Herzas1976 folded on the Flop
Seat 6: Jet-Shark777 folded before Flop (didn't bet)
Seat 7: Yen Rodrguez collected ($0.14)
Seat 8: KRandall12 folded before Flop (didn't bet)
Seat 9: Andorrior (button) folded before Flop (didn't bet)



PokerStars Hand #232476594387:  Hold'em No Limit ($0.01/$0.02 USD) - 2021/12/24 1:06:27 PT [2021/12/24 4:06:27 ET]
Table 'Zwetana III' 9-max Seat #1 is the button
Seat 1: gluhonemoj ($1.40 in chips) 
Seat 2: Dorex2007 ($2.15 in chips) 
Seat 3: ugur48688 ($2.03 in chips) 
Seat 4: McPartiZano ($4.38 in chips) 
Seat 5: Herzas1976 ($2.68 in chips) 
Seat 6: Jet-Shark777 ($1.60 in chips) 
Seat 7: Yen Rodrguez ($1.26 in chips) 
Seat 8: KRandall12 ($0.88 in chips) 
Seat 9: Andorrior ($0.97 in chips) 
Dorex2007: posts small blind $0.01
ugur48688: posts big blind $0.02
*** HOLE CARDS ***
Dealt to Dorex2007 [Th As]
McPartiZano: folds 
Herzas1976: folds 
Jet-Shark777: calls $0.02
Yen Rodrguez: raises $0.04 to $0.06
KRandall12: folds 
Andorrior: folds 
gluhonemoj: folds 
Dorex2007: folds 
ugur48688: calls $0.04
Jet-Shark777: calls $0.04
*** FLOP *** [2c Kc 2s]
ugur48688: checks 
Jet-Shark777: checks 
Yen Rodrguez: bets $0.09
ugur48688: folds 
Jet-Shark777: folds 
Uncalled bet ($0.09) returned to Yen Rodrguez
Yen Rodrguez collected $0.18 from pot
Yen Rodrguez: doesn't show hand 
*** SUMMARY ***
Total pot $0.19 | Rake $0.01 
Board [2c Kc 2s]
Seat 1: gluhonemoj (button) folded before Flop (didn't bet)
Seat 2: Dorex2007 (small blind) folded before Flop
Seat 3: ugur48688 (big blind) folded on the Flop
Seat 4: McPartiZano folded before Flop (didn't bet)
Seat 5: Herzas1976 folded before Flop (didn't bet)
Seat 6: Jet-Shark777 folded on the Flop
Seat 7: Yen Rodrguez collected ($0.18)
Seat 8: KRandall12 folded before Flop (didn't bet)
Seat 9: Andorrior folded before Flop (didn't bet)



PokerStars Hand #232476602180:  Hold'em No Limit ($0.01/$0.02 USD) - 2021/12/24 1:07:11 PT [2021/12/24 4:07:11 ET]
Table 'Zwetana III' 9-max Seat #2 is the button
Seat 1: gluhonemoj ($1.40 in chips) 
Seat 2: Dorex2007 ($2.14 in chips) 
Seat 3: ugur48688 ($1.97 in chips) 
Seat 4: McPartiZano ($4.38 in chips) 
Seat 5: Herzas1976 ($2.68 in chips) 
Seat 6: Jet-Shark777 ($1.54 in chips) 
Seat 7: Yen Rodrguez ($1.38 in chips) 
Seat 8: KRandall12 ($0.88 in chips) 
Seat 9: Andorrior ($0.97 in chips) 
ugur48688: posts small blind $0.01
McPartiZano: posts big blind $0.02
*** HOLE CARDS ***
Dealt to Dorex2007 [5d 8s]
Herzas1976: folds 
Jet-Shark777: folds 
Yen Rodrguez: folds 
KRandall12: folds 
Andorrior: folds 
gluhonemoj: folds 
Dorex2007: folds 
ugur48688: folds 
Uncalled bet ($0.01) returned to McPartiZano
McPartiZano collected $0.02 from pot
McPartiZano: doesn't show hand 
*** SUMMARY ***
Total pot $0.02 | Rake $0 
Seat 1: gluhonemoj folded before Flop (didn't bet)
Seat 2: Dorex2007 (button) folded before Flop (didn't bet)
Seat 3: ugur48688 (small blind) folded before Flop
Seat 4: McPartiZano (big blind) collected ($0.02)
Seat 5: Herzas1976 folded before Flop (didn't bet)
Seat 6: Jet-Shark777 folded before Flop (didn't bet)
Seat 7: Yen Rodrguez folded before Flop (didn't bet)
Seat 8: KRandall12 folded before Flop (didn't bet)
Seat 9: Andorrior folded before Flop (didn't bet)



PokerStars Hand #232476605288:  Hold'em No Limit ($0.01/$0.02 USD) - 2021/12/24 1:07:28 PT [2021/12/24 4:07:28 ET]
Table 'Zwetana III' 9-max Seat #3 is the button
Seat 1: gluhonemoj ($1.40 in chips) 
Seat 2: Dorex2007 ($2.14 in chips) 
Seat 3: ugur48688 ($1.96 in chips) 
Seat 4: McPartiZano ($4.39 in chips) 
Seat 5: Herzas1976 ($2.68 in chips) 
Seat 6: Jet-Shark777 ($1.54 in chips) 
Seat 7: Yen Rodrguez ($1.38 in chips) 
Seat 8: KRandall12 ($0.88 in chips) 
Seat 9: Andorrior ($0.97 in chips) 
McPartiZano: posts small blind $0.01
Herzas1976: posts big blind $0.02
*** HOLE CARDS ***
Dealt to Dorex2007 [6s 5c]
Jet-Shark777: folds 
Yen Rodrguez: folds 
KRandall12: folds 
Andorrior: folds 
gluhonemoj: folds 
Dorex2007: folds 
ugur48688: folds 
McPartiZano: folds 
Uncalled bet ($0.01) returned to Herzas1976
Herzas1976 collected $0.02 from pot
Herzas1976: doesn't show hand 
*** SUMMARY ***
Total pot $0.02 | Rake $0 
Seat 1: gluhonemoj folded before Flop (didn't bet)
Seat 2: Dorex2007 folded before Flop (didn't bet)
Seat 3: ugur48688 (button) folded before Flop (didn't bet)
Seat 4: McPartiZano (small blind) folded before Flop
Seat 5: Herzas1976 (big blind) collected ($0.02)
Seat 6: Jet-Shark777 folded before Flop (didn't bet)
Seat 7: Yen Rodrguez folded before Flop (didn't bet)
Seat 8: KRandall12 folded before Flop (didn't bet)
Seat 9: Andorrior folded before Flop (didn't bet)



PokerStars Hand #232476608616:  Hold'em No Limit ($0.01/$0.02 USD) - 2021/12/24 1:07:47 PT [2021/12/24 4:07:47 ET]
Table 'Zwetana III' 9-max Seat #4 is the button
Seat 1: gluhonemoj ($1.40 in chips) 
Seat 2: Dorex2007 ($2.14 in chips) 
Seat 3: ugur48688 ($1.96 in chips) 
Seat 4: McPartiZano ($4.38 in chips) 
Seat 5: Herzas1976 ($2.69 in chips) 
Seat 6: Jet-Shark777 ($1.54 in chips) 
Seat 7: Yen Rodrguez ($1.38 in chips) 
Seat 8: KRandall12 ($0.88 in chips) 
Seat 9: Andorrior ($0.97 in chips) 
Herzas1976: posts small blind $0.01
Jet-Shark777: posts big blind $0.02
*** HOLE CARDS ***
Dealt to Dorex2007 [6h 6s]
Yen Rodrguez: folds 
KRandall12: folds 
Andorrior: folds 
gluhonemoj: folds 
Dorex2007 has timed out
Dorex2007: folds 
ugur48688: raises $0.04 to $0.06
McPartiZano: folds 
Herzas1976: folds 
Jet-Shark777: folds 
Uncalled bet ($0.04) returned to ugur48688
ugur48688 collected $0.05 from pot
ugur48688: doesn't show hand 
*** SUMMARY ***
Total pot $0.05 | Rake $0 
Seat 1: gluhonemoj folded before Flop (didn't bet)
Seat 2: Dorex2007 folded before Flop (didn't bet)
Seat 3: ugur48688 collected ($0.05)
Seat 4: McPartiZano (button) folded before Flop (didn't bet)
Seat 5: Herzas1976 (small blind) folded before Flop
Seat 6: Jet-Shark777 (big blind) folded before Flop
Seat 7: Yen Rodrguez folded before Flop (didn't bet)
Seat 8: KRandall12 folded before Flop (didn't bet)
Seat 9: Andorrior folded before Flop (didn't bet)



PokerStars Hand #232476614193:  Hold'em No Limit ($0.01/$0.02 USD) - 2021/12/24 1:08:18 PT [2021/12/24 4:08:18 ET]
Table 'Zwetana III' 9-max Seat #5 is the button
Seat 1: gluhonemoj ($1.40 in chips) 
Seat 2: Dorex2007 ($2.14 in chips) 
Seat 3: ugur48688 ($1.99 in chips) 
Seat 4: McPartiZano ($4.38 in chips) 
Seat 5: Herzas1976 ($2.68 in chips) 
Seat 6: Jet-Shark777 ($1.52 in chips) 
Seat 7: Yen Rodrguez ($1.38 in chips) 
Seat 8: KRandall12 ($0.88 in chips) 
Seat 9: Andorrior ($0.97 in chips) 
Jet-Shark777: posts small blind $0.01
Yen Rodrguez: posts big blind $0.02
*** HOLE CARDS ***
Dealt to Dorex2007 [Qc 7d]
KRandall12: raises $0.03 to $0.05
Andorrior: folds 
gluhonemoj: folds 
Dorex2007: folds 
ugur48688: calls $0.05
McPartiZano: folds 
Herzas1976: calls $0.05
Jet-Shark777: folds 
Yen Rodrguez: calls $0.03
*** FLOP *** [9c 5s 6d]
Yen Rodrguez: checks 
KRandall12: bets $0.15
ugur48688: folds 
Herzas1976: folds 
Yen Rodrguez: folds 
Uncalled bet ($0.15) returned to KRandall12
KRandall12 collected $0.20 from pot
KRandall12: doesn't show hand 
*** SUMMARY ***
Total pot $0.21 | Rake $0.01 
Board [9c 5s 6d]
Seat 1: gluhonemoj folded before Flop (didn't bet)
Seat 2: Dorex2007 folded before Flop (didn't bet)
Seat 3: ugur48688 folded on the Flop
Seat 4: McPartiZano folded before Flop (didn't bet)
Seat 5: Herzas1976 (button) folded on the Flop
Seat 6: Jet-Shark777 (small blind) folded before Flop
Seat 7: Yen Rodrguez (big blind) folded on the Flop
Seat 8: KRandall12 collected ($0.20)
Seat 9: Andorrior folded before Flop (didn't bet)



PokerStars Hand #232476621503:  Hold'em No Limit ($0.01/$0.02 USD) - 2021/12/24 1:08:58 PT [2021/12/24 4:08:58 ET]
Table 'Zwetana III' 9-max Seat #6 is the button
Seat 1: gluhonemoj ($1.40 in chips) 
Seat 2: Dorex2007 ($2.14 in chips) 
Seat 3: ugur48688 ($1.94 in chips) 
Seat 4: McPartiZano ($4.38 in chips) 
Seat 5: Herzas1976 ($2.63 in chips) 
Seat 6: Jet-Shark777 ($1.51 in chips) 
Seat 7: Yen Rodrguez ($1.33 in chips) 
Seat 8: KRandall12 ($1.03 in chips) 
Seat 9: Andorrior ($0.97 in chips) 
Yen Rodrguez: posts small blind $0.01
KRandall12: posts big blind $0.02
*** HOLE CARDS ***
Dealt to Dorex2007 [4d 2h]
Andorrior: folds 
gluhonemoj: folds 
Dorex2007: folds 
ugur48688: folds 
McPartiZano: folds 
Herzas1976: folds 
Jet-Shark777: folds 
Yen Rodrguez: calls $0.01
KRandall12: checks 
*** FLOP *** [8d Ac Qd]
Yen Rodrguez: bets $0.02
KRandall12: folds 
Uncalled bet ($0.02) returned to Yen Rodrguez
Yen Rodrguez collected $0.04 from pot
Yen Rodrguez: doesn't show hand 
*** SUMMARY ***
Total pot $0.04 | Rake $0 
Board [8d Ac Qd]
Seat 1: gluhonemoj folded before Flop (didn't bet)
Seat 2: Dorex2007 folded before Flop (didn't bet)
Seat 3: ugur48688 folded before Flop (didn't bet)
Seat 4: McPartiZano folded before Flop (didn't bet)
Seat 5: Herzas1976 folded before Flop (didn't bet)
Seat 6: Jet-Shark777 (button) folded before Flop (didn't bet)
Seat 7: Yen Rodrguez (small blind) collected ($0.04)
Seat 8: KRandall12 (big blind) folded on the Flop
Seat 9: Andorrior folded before Flop (didn't bet)



PokerStars Hand #232476625935:  Hold'em No Limit ($0.01/$0.02 USD) - 2021/12/24 1:09:23 PT [2021/12/24 4:09:23 ET]
Table 'Zwetana III' 9-max Seat #7 is the button
Seat 1: gluhonemoj ($1.40 in chips) 
Seat 2: Dorex2007 ($2.14 in chips) 
Seat 3: ugur48688 ($1.94 in chips) 
Seat 4: McPartiZano ($4.38 in chips) 
Seat 5: Herzas1976 ($2.63 in chips) 
Seat 6: Jet-Shark777 ($1.51 in chips) 
Seat 7: Yen Rodrguez ($1.35 in chips) 
Seat 8: KRandall12 ($1.01 in chips) 
Seat 9: Andorrior ($0.97 in chips) 
KRandall12: posts small blind $0.01
Andorrior: posts big blind $0.02
*** HOLE CARDS ***
Dealt to Dorex2007 [Ks 2h]
gluhonemoj: folds 
Dorex2007: folds 
ugur48688: folds 
McPartiZano: folds 
Herzas1976: folds 
Jet-Shark777: folds 
Yen Rodrguez: folds 
KRandall12: folds 
Uncalled bet ($0.01) returned to Andorrior
Andorrior collected $0.02 from pot
*** SUMMARY ***
Total pot $0.02 | Rake $0 
Seat 1: gluhonemoj folded before Flop (didn't bet)
Seat 2: Dorex2007 folded before Flop (didn't bet)
Seat 3: ugur48688 folded before Flop (didn't bet)
Seat 4: McPartiZano folded before Flop (didn't bet)
Seat 5: Herzas1976 folded before Flop (didn't bet)
Seat 6: Jet-Shark777 folded before Flop (didn't bet)
Seat 7: Yen Rodrguez (button) folded before Flop (didn't bet)
Seat 8: KRandall12 (small blind) folded before Flop
Seat 9: Andorrior (big blind) collected ($0.02)



PokerStars Hand #232476628354:  Hold'em No Limit ($0.01/$0.02 USD) - 2021/12/24 1:09:36 PT [2021/12/24 4:09:36 ET]
Table 'Zwetana III' 9-max Seat #8 is the button
Seat 1: gluhonemoj ($1.40 in chips) 
Seat 2: Dorex2007 ($2.14 in chips) 
Seat 3: ugur48688 ($1.94 in chips) 
Seat 4: McPartiZano ($4.38 in chips) 
Seat 5: Herzas1976 ($2.63 in chips) 
Seat 6: Jet-Shark777 ($1.51 in chips) 
Seat 7: Yen Rodrguez ($1.35 in chips) 
Seat 8: KRandall12 ($1 in chips) 
Seat 9: Andorrior ($0.98 in chips) 
Andorrior: posts small blind $0.01
gluhonemoj: posts big blind $0.02
*** HOLE CARDS ***
Dealt to Dorex2007 [2c 9c]
Dorex2007: folds 
ugur48688: folds 
McPartiZano: raises $0.04 to $0.06
Herzas1976: folds 
Jet-Shark777: calls $0.06
Yen Rodrguez: calls $0.06
KRandall12: folds 
Andorrior: folds 
gluhonemoj: raises $1.34 to $1.40 and is all-in
McPartiZano: folds 
Jet-Shark777: folds 
Yen Rodrguez: calls $1.29 and is all-in
Uncalled bet ($0.05) returned to gluhonemoj
*** FLOP *** [5d Jd 4s]
*** TURN *** [5d Jd 4s] [2h]
*** RIVER *** [5d Jd 4s 2h] [4h]
*** SHOW DOWN ***
gluhonemoj: shows [Kd Kc] (two pair, Kings and Fours)
Yen Rodrguez: shows [As Ks] (a pair of Fours)
gluhonemoj collected $2.71 from pot
*** SUMMARY ***
Total pot $2.83 | Rake $0.12 
Board [5d Jd 4s 2h 4h]
Seat 1: gluhonemoj (big blind) showed [Kd Kc] and won ($2.71) with two pair, Kings and Fours
Seat 2: Dorex2007 folded before Flop (didn't bet)
Seat 3: ugur48688 folded before Flop (didn't bet)
Seat 4: McPartiZano folded before Flop
Seat 5: Herzas1976 folded before Flop (didn't bet)
Seat 6: Jet-Shark777 folded before Flop
Seat 7: Yen Rodrguez showed [As Ks] and lost with a pair of Fours
Seat 8: KRandall12 (button) folded before Flop (didn't bet)
Seat 9: Andorrior (small blind) folded before Flop



PokerStars Hand #232476637778:  Hold'em No Limit ($0.01/$0.02 USD) - 2021/12/24 1:10:27 PT [2021/12/24 4:10:27 ET]
Table 'Zwetana III' 9-max Seat #9 is the button
Seat 1: gluhonemoj ($2.76 in chips) 
Seat 2: Dorex2007 ($2.14 in chips) 
Seat 3: ugur48688 ($1.94 in chips) 
Seat 4: McPartiZano ($4.32 in chips) 
Seat 5: Herzas1976 ($2.63 in chips) 
Seat 6: Jet-Shark777 ($1.45 in chips) 
Seat 8: KRandall12 ($1 in chips) 
Seat 9: Andorrior ($0.97 in chips) 
gluhonemoj: posts small blind $0.01
Dorex2007: posts big blind $0.02
*** HOLE CARDS ***
Dealt to Dorex2007 [5s Ks]
ugur48688: raises $0.04 to $0.06
McPartiZano: calls $0.06
Herzas1976: folds 
Jet-Shark777: folds 
KRandall12: folds 
Andorrior: folds 
gluhonemoj: folds 
Dorex2007: folds 
*** FLOP *** [Qs 6c 9d]
ugur48688: checks 
McPartiZano: bets $0.09
ugur48688: folds 
Uncalled bet ($0.09) returned to McPartiZano
McPartiZano collected $0.14 from pot
McPartiZano: doesn't show hand 
*** SUMMARY ***
Total pot $0.15 | Rake $0.01 
Board [Qs 6c 9d]
Seat 1: gluhonemoj (small blind) folded before Flop
Seat 2: Dorex2007 (big blind) folded before Flop
Seat 3: ugur48688 folded on the Flop
Seat 4: McPartiZano collected ($0.14)
Seat 5: Herzas1976 folded before Flop (didn't bet)
Seat 6: Jet-Shark777 folded before Flop (didn't bet)
Seat 8: KRandall12 folded before Flop (didn't bet)
Seat 9: Andorrior (button) folded before Flop (didn't bet)



PokerStars Hand #232476643220:  Hold'em No Limit ($0.01/$0.02 USD) - 2021/12/24 1:10:56 PT [2021/12/24 4:10:56 ET]
Table 'Zwetana III' 9-max Seat #1 is the button
Seat 1: gluhonemoj ($2.75 in chips) 
Seat 2: Dorex2007 ($2.12 in chips) 
Seat 3: ugur48688 ($1.88 in chips) 
Seat 4: McPartiZano ($4.40 in chips) 
Seat 5: Herzas1976 ($2.63 in chips) 
Seat 6: Jet-Shark777 ($1.45 in chips) 
Seat 8: KRandall12 ($1 in chips) 
Seat 9: Andorrior ($0.97 in chips) 
Dorex2007: posts small blind $0.01
ugur48688: posts big blind $0.02
*** HOLE CARDS ***
Dealt to Dorex2007 [Ts Ah]
McPartiZano: folds 
Herzas1976: folds 
Jet-Shark777: folds 
KRandall12: folds 
Andorrior: folds 
gluhonemoj: raises $0.05 to $0.07
Dorex2007: calls $0.06
ugur48688: calls $0.05
*** FLOP *** [7s Qs 3d]
Dorex2007: bets $0.13
ugur48688: folds 
gluhonemoj: folds 
Uncalled bet ($0.13) returned to Dorex2007
Dorex2007 collected $0.20 from pot
Dorex2007: doesn't show hand 
*** SUMMARY ***
Total pot $0.21 | Rake $0.01 
Board [7s Qs 3d]
Seat 1: gluhonemoj (button) folded on the Flop
Seat 2: Dorex2007 (small blind) collected ($0.20)
Seat 3: ugur48688 (big blind) folded on the Flop
Seat 4: McPartiZano folded before Flop (didn't bet)
Seat 5: Herzas1976 folded before Flop (didn't bet)
Seat 6: Jet-Shark777 folded before Flop (didn't bet)
Seat 8: KRandall12 folded before Flop (didn't bet)
Seat 9: Andorrior folded before Flop (didn't bet)



PokerStars Hand #232476649439:  Hold'em No Limit ($0.01/$0.02 USD) - 2021/12/24 1:11:30 PT [2021/12/24 4:11:30 ET]
Table 'Zwetana III' 9-max Seat #2 is the button
Seat 1: gluhonemoj ($2.68 in chips) 
Seat 2: Dorex2007 ($2.25 in chips) 
Seat 3: ugur48688 ($1.81 in chips) 
Seat 4: McPartiZano ($4.40 in chips) 
Seat 5: Herzas1976 ($2.63 in chips) 
Seat 6: Jet-Shark777 ($1.45 in chips) 
Seat 8: KRandall12 ($1 in chips) 
Seat 9: Andorrior ($0.97 in chips) 
ugur48688: posts small blind $0.01
McPartiZano: posts big blind $0.02
*** HOLE CARDS ***
Dealt to Dorex2007 [Kc 4h]
Herzas1976: folds 
Jet-Shark777: calls $0.02
KRandall12: folds 
Andorrior: folds 
gluhonemoj: folds 
Dorex2007: folds 
ugur48688: calls $0.01
McPartiZano: checks 
*** FLOP *** [Ah Js 6h]
ugur48688: checks 
McPartiZano: checks 
Jet-Shark777: bets $0.04
ugur48688: calls $0.04
McPartiZano: folds 
*** TURN *** [Ah Js 6h] [8h]
ugur48688: checks 
Jet-Shark777: checks 
*** RIVER *** [Ah Js 6h 8h] [6s]
ugur48688: bets $0.07
Jet-Shark777: calls $0.07
*** SHOW DOWN ***
ugur48688: shows [Jd 2d] (two pair, Jacks and Sixes)
Jet-Shark777: shows [4d Ad] (two pair, Aces and Sixes)
Jet-Shark777 collected $0.27 from pot
*** SUMMARY ***
Total pot $0.28 | Rake $0.01 
Board [Ah Js 6h 8h 6s]
Seat 1: gluhonemoj folded before Flop (didn't bet)
Seat 2: Dorex2007 (button) folded before Flop (didn't bet)
Seat 3: ugur48688 (small blind) showed [Jd 2d] and lost with two pair, Jacks and Sixes
Seat 4: McPartiZano (big blind) folded on the Flop
Seat 5: Herzas1976 folded before Flop (didn't bet)
Seat 6: Jet-Shark777 showed [4d Ad] and won ($0.27) with two pair, Aces and Sixes
Seat 8: KRandall12 folded before Flop (didn't bet)
Seat 9: Andorrior folded before Flop (didn't bet)



PokerStars Hand #232476658331:  Hold'em No Limit ($0.01/$0.02 USD) - 2021/12/24 1:12:18 PT [2021/12/24 4:12:18 ET]
Table 'Zwetana III' 9-max Seat #3 is the button
Seat 1: gluhonemoj ($2.68 in chips) 
Seat 2: Dorex2007 ($2.25 in chips) 
Seat 3: ugur48688 ($1.68 in chips) 
Seat 4: McPartiZano ($4.38 in chips) 
Seat 5: Herzas1976 ($2.63 in chips) 
Seat 6: Jet-Shark777 ($1.59 in chips) 
Seat 8: KRandall12 ($1 in chips) 
Seat 9: Andorrior ($0.97 in chips) 
McPartiZano: posts small blind $0.01
Herzas1976: posts big blind $0.02
*** HOLE CARDS ***
Dealt to Dorex2007 [Ac 6s]
Jet-Shark777: folds 
KRandall12: folds 
Andorrior: calls $0.02
gluhonemoj: folds 
Dorex2007: folds 
ugur48688: folds 
McPartiZano: folds 
Herzas1976: checks 
*** FLOP *** [8h 2s Td]
Herzas1976: checks 
Andorrior: checks 
*** TURN *** [8h 2s Td] [2c]
Herzas1976: checks 
Andorrior: checks 
*** RIVER *** [8h 2s Td 2c] [4d]
Herzas1976: checks 
Andorrior: checks 
*** SHOW DOWN ***
Herzas1976: shows [3d 5h] (a pair of Deuces)
Andorrior: shows [3c 3s] (two pair, Threes and Deuces)
Andorrior collected $0.05 from pot
*** SUMMARY ***
Total pot $0.05 | Rake $0 
Board [8h 2s Td 2c 4d]
Seat 1: gluhonemoj folded before Flop (didn't bet)
Seat 2: Dorex2007 folded before Flop (didn't bet)
Seat 3: ugur48688 (button) folded before Flop (didn't bet)
Seat 4: McPartiZano (small blind) folded before Flop
Seat 5: Herzas1976 (big blind) showed [3d 5h] and lost with a pair of Deuces
Seat 6: Jet-Shark777 folded before Flop (didn't bet)
Seat 8: KRandall12 folded before Flop (didn't bet)
Seat 9: Andorrior showed [3c 3s] and won ($0.05) with two pair, Threes and Deuces



PokerStars Hand #232476665608:  Hold'em No Limit ($0.01/$0.02 USD) - 2021/12/24 1:12:57 PT [2021/12/24 4:12:57 ET]
Table 'Zwetana III' 9-max Seat #4 is the button
Seat 1: gluhonemoj ($2.68 in chips) 
Seat 2: Dorex2007 ($2.25 in chips) 
Seat 3: ugur48688 ($1.68 in chips) 
Seat 4: McPartiZano ($4.37 in chips) 
Seat 5: Herzas1976 ($2.61 in chips) 
Seat 6: Jet-Shark777 ($1.59 in chips) 
Seat 8: KRandall12 ($1 in chips) 
Seat 9: Andorrior ($1 in chips) 
Herzas1976: posts small blind $0.01
Jet-Shark777: posts big blind $0.02
*** HOLE CARDS ***
Dealt to Dorex2007 [5s 7h]
KRandall12: folds 
Andorrior: folds 
gluhonemoj: folds 
Dorex2007: folds 
ugur48688: folds 
McPartiZano: folds 
Herzas1976: folds 
Uncalled bet ($0.01) returned to Jet-Shark777
Jet-Shark777 collected $0.02 from pot
Jet-Shark777: doesn't show hand 
*** SUMMARY ***
Total pot $0.02 | Rake $0 
Seat 1: gluhonemoj folded before Flop (didn't bet)
Seat 2: Dorex2007 folded before Flop (didn't bet)
Seat 3: ugur48688 folded before Flop (didn't bet)
Seat 4: McPartiZano (button) folded before Flop (didn't bet)
Seat 5: Herzas1976 (small blind) folded before Flop
Seat 6: Jet-Shark777 (big blind) collected ($0.02)
Seat 8: KRandall12 folded before Flop (didn't bet)
Seat 9: Andorrior folded before Flop (didn't bet)



PokerStars Hand #232476667087:  Hold'em No Limit ($0.01/$0.02 USD) - 2021/12/24 1:13:05 PT [2021/12/24 4:13:05 ET]
Table 'Zwetana III' 9-max Seat #5 is the button
Seat 1: gluhonemoj ($2.68 in chips) 
Seat 2: Dorex2007 ($2.25 in chips) 
Seat 3: ugur48688 ($1.68 in chips) 
Seat 4: McPartiZano ($4.37 in chips) 
Seat 5: Herzas1976 ($2.60 in chips) 
Seat 6: Jet-Shark777 ($1.60 in chips) 
Seat 7: Yen Rodrguez ($0.97 in chips) 
Seat 8: KRandall12 ($1 in chips) 
Seat 9: Andorrior ($1 in chips) 
Jet-Shark777: posts small blind $0.01
Yen Rodrguez: posts big blind $0.02
*** HOLE CARDS ***
Dealt to Dorex2007 [4s 6h]
KRandall12: folds 
Andorrior: folds 
gluhonemoj: folds 
Dorex2007: folds 
ugur48688: raises $0.04 to $0.06
McPartiZano: folds 
Herzas1976: raises $0.12 to $0.18
Jet-Shark777: folds 
Yen Rodrguez: folds 
ugur48688: calls $0.12
*** FLOP *** [7c 5c Qh]
ugur48688: checks 
Herzas1976: checks 
*** TURN *** [7c 5c Qh] [Jd]
ugur48688: bets $0.19
Herzas1976: folds 
Uncalled bet ($0.19) returned to ugur48688
ugur48688 collected $0.38 from pot
ugur48688: doesn't show hand 
*** SUMMARY ***
Total pot $0.39 | Rake $0.01 
Board [7c 5c Qh Jd]
Seat 1: gluhonemoj folded before Flop (didn't bet)
Seat 2: Dorex2007 folded before Flop (didn't bet)
Seat 3: ugur48688 collected ($0.38)
Seat 4: McPartiZano folded before Flop (didn't bet)
Seat 5: Herzas1976 (button) folded on the Turn
Seat 6: Jet-Shark777 (small blind) folded before Flop
Seat 7: Yen Rodrguez (big blind) folded before Flop
Seat 8: KRandall12 folded before Flop (didn't bet)
Seat 9: Andorrior folded before Flop (didn't bet)



PokerStars Hand #232476685252:  Hold'em No Limit ($0.01/$0.02 USD) - 2021/12/24 1:13:55 PT [2021/12/24 4:13:55 ET]
Table 'Zwetana III' 9-max Seat #6 is the button
Seat 1: gluhonemoj ($2.68 in chips) 
Seat 2: Dorex2007 ($2.25 in chips) 
Seat 3: ugur48688 ($1.88 in chips) 
Seat 4: McPartiZano ($4.37 in chips) 
Seat 5: Herzas1976 ($2.42 in chips) 
Seat 6: Jet-Shark777 ($1.59 in chips) 
Seat 7: Yen Rodrguez ($0.95 in chips) 
Seat 8: KRandall12 ($1 in chips) 
Seat 9: Andorrior ($1 in chips) 
Yen Rodrguez: posts small blind $0.01
KRandall12: posts big blind $0.02
*** HOLE CARDS ***
Dealt to Dorex2007 [8d 3c]
Andorrior: folds 
gluhonemoj: folds 
Dorex2007: folds 
ugur48688: folds 
McPartiZano: raises $0.04 to $0.06
Herzas1976: folds 
Jet-Shark777: folds 
Yen Rodrguez: folds 
KRandall12: calls $0.04
*** FLOP *** [9s 7d 4h]
KRandall12: checks 
McPartiZano: bets $0.09
KRandall12: folds 
Uncalled bet ($0.09) returned to McPartiZano
McPartiZano collected $0.13 from pot
McPartiZano: doesn't show hand 
*** SUMMARY ***
Total pot $0.13 | Rake $0 
Board [9s 7d 4h]
Seat 1: gluhonemoj folded before Flop (didn't bet)
Seat 2: Dorex2007 folded before Flop (didn't bet)
Seat 3: ugur48688 folded before Flop (didn't bet)
Seat 4: McPartiZano collected ($0.13)
Seat 5: Herzas1976 folded before Flop (didn't bet)
Seat 6: Jet-Shark777 (button) folded before Flop (didn't bet)
Seat 7: Yen Rodrguez (small blind) folded before Flop
Seat 8: KRandall12 (big blind) folded on the Flop
Seat 9: Andorrior folded before Flop (didn't bet)



PokerStars Hand #232476692169:  Hold'em No Limit ($0.01/$0.02 USD) - 2021/12/24 1:14:33 PT [2021/12/24 4:14:33 ET]
Table 'Zwetana III' 9-max Seat #7 is the button
Seat 1: gluhonemoj ($2.68 in chips) 
Seat 2: Dorex2007 ($2.25 in chips) 
Seat 3: ugur48688 ($1.88 in chips) 
Seat 4: McPartiZano ($4.44 in chips) 
Seat 5: Herzas1976 ($2.42 in chips) 
Seat 6: Jet-Shark777 ($1.59 in chips) 
Seat 7: Yen Rodrguez ($0.94 in chips) 
Seat 8: KRandall12 ($0.94 in chips) 
Seat 9: Andorrior ($1 in chips) 
KRandall12: posts small blind $0.01
Andorrior: posts big blind $0.02
*** HOLE CARDS ***
Dealt to Dorex2007 [Kd Qs]
gluhonemoj: folds 
Dorex2007: raises $0.02 to $0.04
ugur48688: folds 
McPartiZano: folds 
Herzas1976: folds 
Jet-Shark777: folds 
Yen Rodrguez has timed out
Yen Rodrguez: folds 
KRandall12: folds 
Andorrior: folds 
Uncalled bet ($0.02) returned to Dorex2007
Dorex2007 collected $0.05 from pot
Dorex2007: doesn't show hand 
*** SUMMARY ***
Total pot $0.05 | Rake $0 
Seat 1: gluhonemoj folded before Flop (didn't bet)
Seat 2: Dorex2007 collected ($0.05)
Seat 3: ugur48688 folded before Flop (didn't bet)
Seat 4: McPartiZano folded before Flop (didn't bet)
Seat 5: Herzas1976 folded before Flop (didn't bet)
Seat 6: Jet-Shark777 folded before Flop (didn't bet)
Seat 7: Yen Rodrguez (button) folded before Flop (didn't bet)
Seat 8: KRandall12 (small blind) folded before Flop
Seat 9: Andorrior (big blind) folded before Flop



PokerStars Hand #232476698875:  Hold'em No Limit ($0.01/$0.02 USD) - 2021/12/24 1:15:10 PT [2021/12/24 4:15:10 ET]
Table 'Zwetana III' 9-max Seat #8 is the button
Seat 1: gluhonemoj ($2.68 in chips) 
Seat 2: Dorex2007 ($2.28 in chips) 
Seat 3: ugur48688 ($1.88 in chips) 
Seat 4: McPartiZano ($4.44 in chips) 
Seat 5: Herzas1976 ($2.42 in chips) 
Seat 6: Jet-Shark777 ($1.59 in chips) 
Seat 7: Yen Rodrguez ($0.94 in chips) 
Seat 8: KRandall12 ($0.93 in chips) 
Seat 9: Andorrior ($0.98 in chips) 
Andorrior: posts small blind $0.01
gluhonemoj: posts big blind $0.02
*** HOLE CARDS ***
Dealt to Dorex2007 [Jd 2h]
Dorex2007: folds 
ugur48688: folds 
McPartiZano: folds 
Herzas1976: folds 
Jet-Shark777: folds 
Yen Rodrguez: calls $0.02
KRandall12: raises $0.06 to $0.08
Andorrior: folds 
gluhonemoj: calls $0.06
Yen Rodrguez: folds 
*** FLOP *** [8h 6c Ts]
gluhonemoj: checks 
KRandall12: bets $0.07
gluhonemoj: calls $0.07
*** TURN *** [8h 6c Ts] [9s]
gluhonemoj: bets $0.17
KRandall12: raises $0.17 to $0.34
gluhonemoj: calls $0.17
*** RIVER *** [8h 6c Ts 9s] [Tc]
gluhonemoj: checks 
KRandall12: bets $0.39
gluhonemoj: folds 
Uncalled bet ($0.39) returned to KRandall12
KRandall12 collected $0.97 from pot
KRandall12: doesn't show hand 
*** SUMMARY ***
Total pot $1.01 | Rake $0.04 
Board [8h 6c Ts 9s Tc]
Seat 1: gluhonemoj (big blind) folded on the River
Seat 2: Dorex2007 folded before Flop (didn't bet)
Seat 3: ugur48688 folded before Flop (didn't bet)
Seat 4: McPartiZano folded before Flop (didn't bet)
Seat 5: Herzas1976 folded before Flop (didn't bet)
Seat 6: Jet-Shark777 folded before Flop (didn't bet)
Seat 7: Yen Rodrguez folded before Flop
Seat 8: KRandall12 (button) collected ($0.97)
Seat 9: Andorrior (small blind) folded before Flop



PokerStars Hand #232476712181:  Hold'em No Limit ($0.01/$0.02 USD) - 2021/12/24 1:16:21 PT [2021/12/24 4:16:21 ET]
Table 'Zwetana III' 9-max Seat #9 is the button
Seat 1: gluhonemoj ($2.19 in chips) 
Seat 2: Dorex2007 ($2.28 in chips) 
Seat 3: ugur48688 ($1.88 in chips) 
Seat 4: McPartiZano ($4.44 in chips) 
Seat 5: Herzas1976 ($2.42 in chips) 
Seat 6: Jet-Shark777 ($1.59 in chips) 
Seat 7: Yen Rodrguez ($0.92 in chips) 
Seat 8: KRandall12 ($1.41 in chips) 
Seat 9: Andorrior ($0.97 in chips) 
gluhonemoj: posts small blind $0.01
Dorex2007: posts big blind $0.02
*** HOLE CARDS ***
Dealt to Dorex2007 [9h Ah]
ugur48688: calls $0.02
McPartiZano: folds 
Herzas1976: folds 
Jet-Shark777: folds 
Yen Rodrguez: calls $0.02
KRandall12: folds 
Andorrior: folds 
gluhonemoj: folds 
Dorex2007: checks 
*** FLOP *** [6c 4c 9d]
Dorex2007: bets $0.07
KRandall12 leaves the table
ugur48688: raises $0.11 to $0.18
bibgemma joins the table at seat #8 
Yen Rodrguez: folds 
Dorex2007: folds 
Uncalled bet ($0.11) returned to ugur48688
ugur48688 collected $0.20 from pot
ugur48688: doesn't show hand 
*** SUMMARY ***
Total pot $0.21 | Rake $0.01 
Board [6c 4c 9d]
Seat 1: gluhonemoj (small blind) folded before Flop
Seat 2: Dorex2007 (big blind) folded on the Flop
Seat 3: ugur48688 collected ($0.20)
Seat 4: McPartiZano folded before Flop (didn't bet)
Seat 5: Herzas1976 folded before Flop (didn't bet)
Seat 6: Jet-Shark777 folded before Flop (didn't bet)
Seat 7: Yen Rodrguez folded on the Flop
Seat 8: KRandall12 folded before Flop (didn't bet)
Seat 9: Andorrior (button) folded before Flop (didn't bet)



PokerStars Hand #232476721159:  Hold'em No Limit ($0.01/$0.02 USD) - 2021/12/24 1:17:09 PT [2021/12/24 4:17:09 ET]
Table 'Zwetana III' 9-max Seat #1 is the button
Seat 1: gluhonemoj ($2.18 in chips) 
Seat 2: Dorex2007 ($2.19 in chips) 
Seat 3: ugur48688 ($1.99 in chips) 
Seat 4: McPartiZano ($4.44 in chips) 
Seat 5: Herzas1976 ($2.42 in chips) 
Seat 6: Jet-Shark777 ($1.59 in chips) 
Seat 7: Yen Rodrguez ($0.90 in chips) 
Seat 9: Andorrior ($0.97 in chips) 
Dorex2007: posts small blind $0.01
ugur48688: posts big blind $0.02
*** HOLE CARDS ***
Dealt to Dorex2007 [2h 4h]
McPartiZano: folds 
Herzas1976: folds 
McPartiZano leaves the table
Jet-Shark777: folds 
Yen Rodrguez: folds 
Andorrior: folds 
gluhonemoj: folds 
Dorex2007: folds 
Uncalled bet ($0.01) returned to ugur48688
ugur48688 collected $0.02 from pot
ugur48688: doesn't show hand 
*** SUMMARY ***
Total pot $0.02 | Rake $0 
Seat 1: gluhonemoj (button) folded before Flop (didn't bet)
Seat 2: Dorex2007 (small blind) folded before Flop
Seat 3: ugur48688 (big blind) collected ($0.02)
Seat 4: McPartiZano folded before Flop (didn't bet)
Seat 5: Herzas1976 folded before Flop (didn't bet)
Seat 6: Jet-Shark777 folded before Flop (didn't bet)
Seat 7: Yen Rodrguez folded before Flop (didn't bet)
Seat 9: Andorrior folded before Flop (didn't bet)



PokerStars Hand #232476723987:  Hold'em No Limit ($0.01/$0.02 USD) - 2021/12/24 1:17:24 PT [2021/12/24 4:17:24 ET]
Table 'Zwetana III' 9-max Seat #2 is the button
Seat 1: gluhonemoj ($2.18 in chips) 
Seat 2: Dorex2007 ($2.18 in chips) 
Seat 3: ugur48688 ($2 in chips) 
Seat 5: Herzas1976 ($2.42 in chips) 
Seat 6: Jet-Shark777 ($1.59 in chips) 
Seat 7: Yen Rodrguez ($0.90 in chips) 
Seat 9: Andorrior ($0.97 in chips) 
ugur48688: posts small blind $0.01
Herzas1976: posts big blind $0.02
*** HOLE CARDS ***
Dealt to Dorex2007 [3s Kh]
Jet-Shark777: folds 
Yen Rodrguez: calls $0.02
Andorrior: folds 
gluhonemoj: folds 
Dorex2007: folds 
ugur48688: calls $0.01
Herzas1976: checks 
*** FLOP *** [Th 8s Td]
ugur48688: checks 
Herzas1976: checks 
Yen Rodrguez: bets $0.02
ugur48688: folds 
Herzas1976: folds 
Uncalled bet ($0.02) returned to Yen Rodrguez
Yen Rodrguez collected $0.06 from pot
Yen Rodrguez: doesn't show hand 
*** SUMMARY ***
Total pot $0.06 | Rake $0 
Board [Th 8s Td]
Seat 1: gluhonemoj folded before Flop (didn't bet)
Seat 2: Dorex2007 (button) folded before Flop (didn't bet)
Seat 3: ugur48688 (small blind) folded on the Flop
Seat 5: Herzas1976 (big blind) folded on the Flop
Seat 6: Jet-Shark777 folded before Flop (didn't bet)
Seat 7: Yen Rodrguez collected ($0.06)
Seat 9: Andorrior folded before Flop (didn't bet)



PokerStars Hand #232476731471:  Hold'em No Limit ($0.01/$0.02 USD) - 2021/12/24 1:18:04 PT [2021/12/24 4:18:04 ET]
Table 'Zwetana III' 9-max Seat #3 is the button
Seat 1: gluhonemoj ($2.18 in chips) 
Seat 2: Dorex2007 ($2.18 in chips) 
Seat 3: ugur48688 ($1.98 in chips) 
Seat 5: Herzas1976 ($2.40 in chips) 
Seat 6: Jet-Shark777 ($1.59 in chips) 
Seat 7: Yen Rodrguez ($0.94 in chips) 
Seat 9: Andorrior ($0.97 in chips) 
Herzas1976: posts small blind $0.01
Jet-Shark777: posts big blind $0.02
bibgemma: sits out 
*** HOLE CARDS ***
Dealt to Dorex2007 [Tc 7h]
Yen Rodrguez: raises $0.04 to $0.06
Andorrior: folds 
gluhonemoj: folds 
Dorex2007: folds 
ugur48688: folds 
Herzas1976: folds 
Jet-Shark777: raises $0.12 to $0.18
Yen Rodrguez: calls $0.12
*** FLOP *** [5c Js 5d]
Koksmix87 joins the table at seat #4 
Jet-Shark777: bets $0.18
Yen Rodrguez: folds 
Uncalled bet ($0.18) returned to Jet-Shark777
Jet-Shark777 collected $0.36 from pot
Jet-Shark777: doesn't show hand 
*** SUMMARY ***
Total pot $0.37 | Rake $0.01 
Board [5c Js 5d]
Seat 1: gluhonemoj folded before Flop (didn't bet)
Seat 2: Dorex2007 folded before Flop (didn't bet)
Seat 3: ugur48688 (button) folded before Flop (didn't bet)
Seat 5: Herzas1976 (small blind) folded before Flop
Seat 6: Jet-Shark777 (big blind) collected ($0.36)
Seat 7: Yen Rodrguez folded on the Flop
Seat 9: Andorrior folded before Flop (didn't bet)



PokerStars Hand #232476746774:  Hold'em No Limit ($0.01/$0.02 USD) - 2021/12/24 1:19:26 PT [2021/12/24 4:19:26 ET]
Table 'Zwetana III' 9-max Seat #5 is the button
Seat 1: gluhonemoj ($2.18 in chips) 
Seat 2: Dorex2007 ($2.18 in chips) 
Seat 3: ugur48688 ($1.98 in chips) 
Seat 4: Koksmix87 ($2 in chips) 
Seat 5: Herzas1976 ($2.39 in chips) 
Seat 6: Jet-Shark777 ($1.77 in chips) 
Seat 7: Yen Rodrguez ($0.76 in chips) 
Seat 9: Andorrior ($0.97 in chips) 
Jet-Shark777: posts small blind $0.01
Yen Rodrguez: posts big blind $0.02
bibgemma: sits out 
Koksmix87: posts big blind $0.02
*** HOLE CARDS ***
Dealt to Dorex2007 [Ah As]
Andorrior: calls $0.02
gluhonemoj: folds 
Dorex2007: raises $0.04 to $0.06
ugur48688: calls $0.06
Koksmix87: folds 
Herzas1976: folds 
Jet-Shark777: raises $0.18 to $0.24
Yen Rodrguez: folds 
Andorrior: folds 
Dorex2007: raises $0.26 to $0.50
ugur48688: folds 
Jet-Shark777: raises $1.27 to $1.77 and is all-in
Dorex2007: calls $1.27
*** FLOP *** [Qc 2s Ac]
*** TURN *** [Qc 2s Ac] [4s]
*** RIVER *** [Qc 2s Ac 4s] [5s]
*** SHOW DOWN ***
Jet-Shark777: shows [Ks Ad] (a pair of Aces)
Dorex2007: shows [Ah As] (three of a kind, Aces)
Dorex2007 cashed out the hand for $3.26 | Cash Out Fee $0.03
*** SUMMARY ***
Total pot $3.66 | Rake $0.13 
Board [Qc 2s Ac 4s 5s]
Seat 1: gluhonemoj folded before Flop (didn't bet)
Seat 2: Dorex2007 showed [Ah As] and won ($3.53) with three of a kind, Aces (pot not awarded as player cashed out)
Seat 3: ugur48688 folded before Flop
Seat 4: Koksmix87 folded before Flop (didn't bet)
Seat 5: Herzas1976 (button) folded before Flop (didn't bet)
Seat 6: Jet-Shark777 (small blind) showed [Ks Ad] and lost with a pair of Aces
Seat 7: Yen Rodrguez (big blind) folded before Flop
Seat 9: Andorrior folded before Flop



PokerStars Hand #232476759747:  Hold'em No Limit ($0.01/$0.02 USD) - 2021/12/24 1:20:36 PT [2021/12/24 4:20:36 ET]
Table 'Zwetana III' 9-max Seat #7 is the button
Seat 1: gluhonemoj ($2.18 in chips) 
Seat 2: Dorex2007 ($3.67 in chips) 
Seat 3: ugur48688 ($1.92 in chips) 
Seat 4: Koksmix87 ($2 in chips) 
Seat 5: Herzas1976 ($2.39 in chips) 
Seat 7: Yen Rodrguez ($0.74 in chips) 
Seat 9: Andorrior ($0.95 in chips) 
Andorrior: posts small blind $0.01
gluhonemoj: posts big blind $0.02
*** HOLE CARDS ***
Dealt to Dorex2007 [8h Kc]
Jet-Shark777 leaves the table
Dorex2007: folds 
ugur48688: folds 
Koksmix87: folds 
Herzas1976: raises $0.04 to $0.06
Yen Rodrguez: calls $0.06
Andorrior: folds 
daikichi2019 joins the table at seat #6 
gluhonemoj: raises $0.30 to $0.36
Herzas1976: folds 
Yen Rodrguez: folds 
Uncalled bet ($0.30) returned to gluhonemoj
gluhonemoj collected $0.19 from pot
gluhonemoj: doesn't show hand 
*** SUMMARY ***
Total pot $0.19 | Rake $0 
Seat 1: gluhonemoj (big blind) collected ($0.19)
Seat 2: Dorex2007 folded before Flop (didn't bet)
Seat 3: ugur48688 folded before Flop (didn't bet)
Seat 4: Koksmix87 folded before Flop (didn't bet)
Seat 5: Herzas1976 folded before Flop
Seat 7: Yen Rodrguez (button) folded before Flop
Seat 9: Andorrior (small blind) folded before Flop



PokerStars Hand #232476765527:  Hold'em No Limit ($0.01/$0.02 USD) - 2021/12/24 1:21:07 PT [2021/12/24 4:21:07 ET]
Table 'Zwetana III' 9-max Seat #9 is the button
Seat 1: gluhonemoj ($2.31 in chips) 
Seat 2: Dorex2007 ($3.67 in chips) 
Seat 3: ugur48688 ($1.92 in chips) 
Seat 4: Koksmix87 ($2 in chips) 
Seat 5: Herzas1976 ($2.33 in chips) 
Seat 7: Yen Rodrguez ($0.68 in chips) 
Seat 9: Andorrior ($0.94 in chips) 
gluhonemoj: posts small blind $0.01
Dorex2007: posts big blind $0.02
daikichi2019: sits out 
bibgemma: sits out 
*** HOLE CARDS ***
Dealt to Dorex2007 [Ad 5d]
ugur48688: calls $0.02
Koksmix87: raises $0.07 to $0.09
Herzas1976: folds 
Yen Rodrguez: folds 
Andorrior: folds 
gluhonemoj: folds 
Dorex2007: folds 
ugur48688: calls $0.07
*** FLOP *** [9h Ts Kd]
ugur48688: checks 
Koksmix87: bets $0.11
ugur48688: folds 
Uncalled bet ($0.11) returned to Koksmix87
Koksmix87 collected $0.20 from pot
*** SUMMARY ***
Total pot $0.21 | Rake $0.01 
Board [9h Ts Kd]
Seat 1: gluhonemoj (small blind) folded before Flop
Seat 2: Dorex2007 (big blind) folded before Flop
Seat 3: ugur48688 folded on the Flop
Seat 4: Koksmix87 collected ($0.20)
Seat 5: Herzas1976 folded before Flop (didn't bet)
Seat 7: Yen Rodrguez folded before Flop (didn't bet)
Seat 9: Andorrior (button) folded before Flop (didn't bet)



PokerStars Hand #232476770877:  Hold'em No Limit ($0.01/$0.02 USD) - 2021/12/24 1:21:36 PT [2021/12/24 4:21:36 ET]
Table 'Zwetana III' 9-max Seat #1 is the button
Seat 1: gluhonemoj ($2.30 in chips) 
Seat 2: Dorex2007 ($3.65 in chips) 
Seat 3: ugur48688 ($1.83 in chips) 
Seat 4: Koksmix87 ($2.11 in chips) 
Seat 5: Herzas1976 ($2.33 in chips) 
Seat 7: Yen Rodrguez ($0.68 in chips) 
Seat 9: Andorrior ($0.94 in chips) 
Dorex2007: posts small blind $0.01
ugur48688: posts big blind $0.02
daikichi2019: sits out 
bibgemma: sits out 
*** HOLE CARDS ***
Dealt to Dorex2007 [8c 5c]
Koksmix87: raises $0.04 to $0.06
Herzas1976: folds 
Yen Rodrguez: folds 
Andorrior: folds 
gluhonemoj: calls $0.06
Dorex2007: folds 
ugur48688: calls $0.04
*** FLOP *** [4h Kd Ks]
ugur48688: checks 
Koksmix87: checks 
gluhonemoj: checks 
*** TURN *** [4h Kd Ks] [Ts]
ugur48688: checks 
Koksmix87: bets $0.10
gluhonemoj: folds 
ugur48688: folds 
Uncalled bet ($0.10) returned to Koksmix87
Koksmix87 collected $0.18 from pot
*** SUMMARY ***
Total pot $0.19 | Rake $0.01 
Board [4h Kd Ks Ts]
Seat 1: gluhonemoj (button) folded on the Turn
Seat 2: Dorex2007 (small blind) folded before Flop
Seat 3: ugur48688 (big blind) folded on the Turn
Seat 4: Koksmix87 collected ($0.18)
Seat 5: Herzas1976 folded before Flop (didn't bet)
Seat 7: Yen Rodrguez folded before Flop (didn't bet)
Seat 9: Andorrior folded before Flop (didn't bet)



PokerStars Hand #232476777668:  Hold'em No Limit ($0.01/$0.02 USD) - 2021/12/24 1:22:12 PT [2021/12/24 4:22:12 ET]
Table 'Zwetana III' 9-max Seat #2 is the button
Seat 1: gluhonemoj ($2.24 in chips) 
Seat 2: Dorex2007 ($3.64 in chips) 
Seat 3: ugur48688 ($1.77 in chips) 
Seat 4: Koksmix87 ($2.23 in chips) 
Seat 5: Herzas1976 ($2.33 in chips) 
Seat 7: Yen Rodrguez ($0.68 in chips) 
Seat 9: Andorrior ($0.94 in chips) 
ugur48688: posts small blind $0.01
Koksmix87: posts big blind $0.02
daikichi2019: sits out 
bibgemma: sits out 
*** HOLE CARDS ***
Dealt to Dorex2007 [Th 7c]
Herzas1976: folds 
Yen Rodrguez: folds 
Andorrior: folds 
gluhonemoj: folds 
Dorex2007: folds 
ugur48688: folds 
Uncalled bet ($0.01) returned to Koksmix87
Koksmix87 collected $0.02 from pot
*** SUMMARY ***
Total pot $0.02 | Rake $0 
Seat 1: gluhonemoj folded before Flop (didn't bet)
Seat 2: Dorex2007 (button) folded before Flop (didn't bet)
Seat 3: ugur48688 (small blind) folded before Flop
Seat 4: Koksmix87 (big blind) collected ($0.02)
Seat 5: Herzas1976 folded before Flop (didn't bet)
Seat 7: Yen Rodrguez folded before Flop (didn't bet)
Seat 9: Andorrior folded before Flop (didn't bet)



PokerStars Hand #232476780858:  Hold'em No Limit ($0.01/$0.02 USD) - 2021/12/24 1:22:29 PT [2021/12/24 4:22:29 ET]
Table 'Zwetana III' 9-max Seat #3 is the button
Seat 1: gluhonemoj ($2.24 in chips) 
Seat 2: Dorex2007 ($3.64 in chips) 
Seat 3: ugur48688 ($1.76 in chips) 
Seat 4: Koksmix87 ($2.24 in chips) 
Seat 5: Herzas1976 ($2.33 in chips) 
Seat 7: Yen Rodrguez ($0.68 in chips) 
Seat 9: Andorrior ($0.94 in chips) 
Koksmix87: posts small blind $0.01
Herzas1976: posts big blind $0.02
daikichi2019: sits out 
bibgemma: sits out 
*** HOLE CARDS ***
Dealt to Dorex2007 [Tc Ad]
Yen Rodrguez: folds 
Andorrior: folds 
gluhonemoj: folds 
Dorex2007: raises $0.02 to $0.04
ugur48688: calls $0.04
Koksmix87: folds 
Herzas1976: folds 
*** FLOP *** [4d 3h Qh]
Dorex2007: checks 
ugur48688: checks 
*** TURN *** [4d 3h Qh] [Jh]
Dorex2007: bets $0.07
ugur48688: folds 
Uncalled bet ($0.07) returned to Dorex2007
Dorex2007 collected $0.11 from pot
Dorex2007: doesn't show hand 
*** SUMMARY ***
Total pot $0.11 | Rake $0 
Board [4d 3h Qh Jh]
Seat 1: gluhonemoj folded before Flop (didn't bet)
Seat 2: Dorex2007 collected ($0.11)
Seat 3: ugur48688 (button) folded on the Turn
Seat 4: Koksmix87 (small blind) folded before Flop
Seat 5: Herzas1976 (big blind) folded before Flop
Seat 7: Yen Rodrguez folded before Flop (didn't bet)
Seat 9: Andorrior folded before Flop (didn't bet)



PokerStars Hand #232476786803:  Hold'em No Limit ($0.01/$0.02 USD) - 2021/12/24 1:23:01 PT [2021/12/24 4:23:01 ET]
Table 'Zwetana III' 9-max Seat #4 is the button
Seat 1: gluhonemoj ($2.24 in chips) 
Seat 2: Dorex2007 ($3.71 in chips) 
Seat 3: ugur48688 ($1.72 in chips) 
Seat 4: Koksmix87 ($2.23 in chips) 
Seat 5: Herzas1976 ($2.31 in chips) 
Seat 6: daikichi2019 ($2 in chips) 
Seat 7: Yen Rodrguez ($0.68 in chips) 
Seat 9: Andorrior ($0.94 in chips) 
Herzas1976: posts small blind $0.01
daikichi2019: posts big blind $0.02
bibgemma: sits out 
*** HOLE CARDS ***
Dealt to Dorex2007 [Jd 6c]
Yen Rodrguez: raises $0.06 to $0.08
Andorrior: folds 
gluhonemoj: folds 
Dorex2007: folds 
ugur48688: folds 
Koksmix87: folds 
Herzas1976: folds 
daikichi2019: folds 
Uncalled bet ($0.06) returned to Yen Rodrguez
Yen Rodrguez collected $0.05 from pot
Yen Rodrguez: doesn't show hand 
*** SUMMARY ***
Total pot $0.05 | Rake $0 
Seat 1: gluhonemoj folded before Flop (didn't bet)
Seat 2: Dorex2007 folded before Flop (didn't bet)
Seat 3: ugur48688 folded before Flop (didn't bet)
Seat 4: Koksmix87 (button) folded before Flop (didn't bet)
Seat 5: Herzas1976 (small blind) folded before Flop
Seat 6: daikichi2019 (big blind) folded before Flop
Seat 7: Yen Rodrguez collected ($0.05)
Seat 9: Andorrior folded before Flop (didn't bet)



PokerStars Hand #232476790338:  Hold'em No Limit ($0.01/$0.02 USD) - 2021/12/24 1:23:20 PT [2021/12/24 4:23:20 ET]
Table 'Zwetana III' 9-max Seat #5 is the button
Seat 1: gluhonemoj ($2.24 in chips) 
Seat 2: Dorex2007 ($3.71 in chips) 
Seat 3: ugur48688 ($1.72 in chips) 
Seat 4: Koksmix87 ($2.23 in chips) 
Seat 5: Herzas1976 ($2.30 in chips) 
Seat 6: daikichi2019 ($1.98 in chips) 
Seat 7: Yen Rodrguez ($0.71 in chips) 
Seat 9: Andorrior ($0.94 in chips) 
daikichi2019: posts small blind $0.01
Yen Rodrguez: posts big blind $0.02
bibgemma: sits out 
*** HOLE CARDS ***
Dealt to Dorex2007 [2h Td]
Andorrior: folds 
gluhonemoj: folds 
Dorex2007: folds 
ugur48688: folds 
Koksmix87: raises $0.04 to $0.06
Herzas1976: folds 
daikichi2019: folds 
Yen Rodrguez: folds 
Uncalled bet ($0.04) returned to Koksmix87
Koksmix87 collected $0.05 from pot
*** SUMMARY ***
Total pot $0.05 | Rake $0 
Seat 1: gluhonemoj folded before Flop (didn't bet)
Seat 2: Dorex2007 folded before Flop (didn't bet)
Seat 3: ugur48688 folded before Flop (didn't bet)
Seat 4: Koksmix87 collected ($0.05)
Seat 5: Herzas1976 (button) folded before Flop (didn't bet)
Seat 6: daikichi2019 (small blind) folded before Flop
Seat 7: Yen Rodrguez (big blind) folded before Flop
Seat 9: Andorrior folded before Flop (didn't bet)



PokerStars Hand #232476793557:  Hold'em No Limit ($0.01/$0.02 USD) - 2021/12/24 1:23:37 PT [2021/12/24 4:23:37 ET]
Table 'Zwetana III' 9-max Seat #6 is the button
Seat 1: gluhonemoj ($2.24 in chips) 
Seat 2: Dorex2007 ($3.71 in chips) 
Seat 3: ugur48688 ($1.72 in chips) 
Seat 4: Koksmix87 ($2.26 in chips) 
Seat 5: Herzas1976 ($2.30 in chips) 
Seat 6: daikichi2019 ($1.97 in chips) 
Seat 7: Yen Rodrguez ($0.69 in chips) 
Seat 8: bibgemma ($0.90 in chips) 
Seat 9: Andorrior ($0.94 in chips) 
Yen Rodrguez: posts small blind $0.01
bibgemma: posts big blind $0.02
*** HOLE CARDS ***
Dealt to Dorex2007 [Kd 2s]
Andorrior: folds 
gluhonemoj: folds 
Dorex2007: folds 
ugur48688: folds 
Koksmix87: folds 
Herzas1976: folds 
daikichi2019: folds 
Yen Rodrguez: raises $0.06 to $0.08
bibgemma: folds 
Uncalled bet ($0.06) returned to Yen Rodrguez
Yen Rodrguez collected $0.04 from pot
Yen Rodrguez: doesn't show hand 
*** SUMMARY ***
Total pot $0.04 | Rake $0 
Seat 1: gluhonemoj folded before Flop (didn't bet)
Seat 2: Dorex2007 folded before Flop (didn't bet)
Seat 3: ugur48688 folded before Flop (didn't bet)
Seat 4: Koksmix87 folded before Flop (didn't bet)
Seat 5: Herzas1976 folded before Flop (didn't bet)
Seat 6: daikichi2019 (button) folded before Flop (didn't bet)
Seat 7: Yen Rodrguez (small blind) collected ($0.04)
Seat 8: bibgemma (big blind) folded before Flop
Seat 9: Andorrior folded before Flop (didn't bet)



PokerStars Hand #232476797235:  Hold'em No Limit ($0.01/$0.02 USD) - 2021/12/24 1:23:57 PT [2021/12/24 4:23:57 ET]
Table 'Zwetana III' 9-max Seat #7 is the button
Seat 1: gluhonemoj ($2.24 in chips) 
Seat 2: Dorex2007 ($3.71 in chips) 
Seat 3: ugur48688 ($1.72 in chips) 
Seat 4: Koksmix87 ($2.26 in chips) 
Seat 5: Herzas1976 ($2.30 in chips) 
Seat 6: daikichi2019 ($1.97 in chips) 
Seat 7: Yen Rodrguez ($0.71 in chips) 
Seat 8: bibgemma ($0.88 in chips) 
Seat 9: Andorrior ($0.94 in chips) 
bibgemma: posts small blind $0.01
Andorrior: posts big blind $0.02
*** HOLE CARDS ***
Dealt to Dorex2007 [2c 5c]
gluhonemoj: folds 
Dorex2007: folds 
ugur48688: calls $0.02
Koksmix87: raises $0.07 to $0.09
Herzas1976: folds 
daikichi2019: folds 
Yen Rodrguez: folds 
bibgemma: folds 
Andorrior: folds 
ugur48688: raises $0.21 to $0.30
Koksmix87: calls $0.21
*** FLOP *** [Qc 8h Jc]
ugur48688: checks 
Koksmix87: checks 
*** TURN *** [Qc 8h Jc] [Ad]
ugur48688: checks 
Koksmix87: checks 
*** RIVER *** [Qc 8h Jc Ad] [9s]
ugur48688: checks 
Koksmix87: checks 
*** SHOW DOWN ***
ugur48688: shows [9d 9h] (three of a kind, Nines)
Koksmix87: mucks hand 
ugur48688 collected $0.61 from pot
*** SUMMARY ***
Total pot $0.63 | Rake $0.02 
Board [Qc 8h Jc Ad 9s]
Seat 1: gluhonemoj folded before Flop (didn't bet)
Seat 2: Dorex2007 folded before Flop (didn't bet)
Seat 3: ugur48688 showed [9d 9h] and won ($0.61) with three of a kind, Nines
Seat 4: Koksmix87 mucked [Kh Jh]
Seat 5: Herzas1976 folded before Flop (didn't bet)
Seat 6: daikichi2019 folded before Flop (didn't bet)
Seat 7: Yen Rodrguez (button) folded before Flop (didn't bet)
Seat 8: bibgemma (small blind) folded before Flop
Seat 9: Andorrior (big blind) folded before Flop



PokerStars Hand #232476806210:  Hold'em No Limit ($0.01/$0.02 USD) - 2021/12/24 1:24:44 PT [2021/12/24 4:24:44 ET]
Table 'Zwetana III' 9-max Seat #8 is the button
Seat 1: gluhonemoj ($2.24 in chips) 
Seat 2: Dorex2007 ($3.71 in chips) 
Seat 3: ugur48688 ($2.03 in chips) 
Seat 4: Koksmix87 ($2 in chips) 
Seat 5: Herzas1976 ($2.30 in chips) 
Seat 6: daikichi2019 ($1.97 in chips) 
Seat 7: Yen Rodrguez ($0.71 in chips) 
Seat 8: bibgemma ($0.87 in chips) 
Seat 9: Andorrior ($0.92 in chips) 
Andorrior: posts small blind $0.01
gluhonemoj: posts big blind $0.02
*** HOLE CARDS ***
Dealt to Dorex2007 [Js 7d]
Dorex2007: folds 
ugur48688: folds 
Koksmix87: raises $0.04 to $0.06
Herzas1976: folds 
daikichi2019: folds 
Yen Rodrguez: folds 
bibgemma: folds 
Andorrior: folds 
gluhonemoj: folds 
Uncalled bet ($0.04) returned to Koksmix87
Koksmix87 collected $0.05 from pot
*** SUMMARY ***
Total pot $0.05 | Rake $0 
Seat 1: gluhonemoj (big blind) folded before Flop
Seat 2: Dorex2007 folded before Flop (didn't bet)
Seat 3: ugur48688 folded before Flop (didn't bet)
Seat 4: Koksmix87 collected ($0.05)
Seat 5: Herzas1976 folded before Flop (didn't bet)
Seat 6: daikichi2019 folded before Flop (didn't bet)
Seat 7: Yen Rodrguez folded before Flop (didn't bet)
Seat 8: bibgemma (button) folded before Flop (didn't bet)
Seat 9: Andorrior (small blind) folded before Flop



PokerStars Hand #232476811709:  Hold'em No Limit ($0.01/$0.02 USD) - 2021/12/24 1:25:14 PT [2021/12/24 4:25:14 ET]
Table 'Zwetana III' 9-max Seat #9 is the button
Seat 1: gluhonemoj ($2.22 in chips) 
Seat 2: Dorex2007 ($3.71 in chips) 
Seat 3: ugur48688 ($2.03 in chips) 
Seat 4: Koksmix87 ($2.03 in chips) 
Seat 5: Herzas1976 ($2.30 in chips) 
Seat 6: daikichi2019 ($1.97 in chips) 
Seat 7: Yen Rodrguez ($0.71 in chips) 
Seat 8: bibgemma ($0.87 in chips) 
Seat 9: Andorrior ($0.91 in chips) 
gluhonemoj: posts small blind $0.01
Dorex2007: posts big blind $0.02
*** HOLE CARDS ***
Dealt to Dorex2007 [Ac 7s]
ugur48688: folds 
Koksmix87: folds 
Herzas1976: folds 
daikichi2019: folds 
Yen Rodrguez: folds 
bibgemma: folds 
Andorrior: folds 
gluhonemoj: folds 
Uncalled bet ($0.01) returned to Dorex2007
gluhonemoj leaves the table
Dorex2007 collected $0.02 from pot
Dorex2007: doesn't show hand 
*** SUMMARY ***
Total pot $0.02 | Rake $0 
Seat 1: gluhonemoj (small blind) folded before Flop
Seat 2: Dorex2007 (big blind) collected ($0.02)
Seat 3: ugur48688 folded before Flop (didn't bet)
Seat 4: Koksmix87 folded before Flop (didn't bet)
Seat 5: Herzas1976 folded before Flop (didn't bet)
Seat 6: daikichi2019 folded before Flop (didn't bet)
Seat 7: Yen Rodrguez folded before Flop (didn't bet)
Seat 8: bibgemma folded before Flop (didn't bet)
Seat 9: Andorrior (button) folded before Flop (didn't bet)



PokerStars Hand #232476814847:  Hold'em No Limit ($0.01/$0.02 USD) - 2021/12/24 1:25:31 PT [2021/12/24 4:25:31 ET]
Table 'Zwetana III' 9-max Seat #2 is the button
Seat 2: Dorex2007 ($3.72 in chips) 
Seat 3: ugur48688 ($2.03 in chips) 
Seat 4: Koksmix87 ($2.03 in chips) 
Seat 5: Herzas1976 ($2.30 in chips) 
Seat 6: daikichi2019 ($1.97 in chips) 
Seat 7: Yen Rodrguez ($0.71 in chips) 
Seat 8: bibgemma ($0.87 in chips) 
Seat 9: Andorrior ($0.91 in chips) 
ugur48688: posts small blind $0.01
Koksmix87: posts big blind $0.02
*** HOLE CARDS ***
Dealt to Dorex2007 [5h 5d]
Herzas1976: calls $0.02
daikichi2019: folds 
Yen Rodrguez: folds 
bibgemma: calls $0.02
Andorrior: folds 
MeruokBA joins the table at seat #1 
Dorex2007: calls $0.02
ugur48688: calls $0.01
Koksmix87: checks 
*** FLOP *** [6c 7s 9s]
ugur48688: checks 
Koksmix87: bets $0.06
Herzas1976: folds 
bibgemma: folds 
Dorex2007: folds 
ugur48688: raises $0.22 to $0.28
Koksmix87: calls $0.22
*** TURN *** [6c 7s 9s] [Qh]
ugur48688: bets $0.64
Koksmix87: folds 
Uncalled bet ($0.64) returned to ugur48688
ugur48688 collected $0.64 from pot
ugur48688: doesn't show hand 
*** SUMMARY ***
Total pot $0.66 | Rake $0.02 
Board [6c 7s 9s Qh]
Seat 2: Dorex2007 (button) folded on the Flop
Seat 3: ugur48688 (small blind) collected ($0.64)
Seat 4: Koksmix87 (big blind) folded on the Turn
Seat 5: Herzas1976 folded on the Flop
Seat 6: daikichi2019 folded before Flop (didn't bet)
Seat 7: Yen Rodrguez folded before Flop (didn't bet)
Seat 8: bibgemma folded on the Flop
Seat 9: Andorrior folded before Flop (didn't bet)



PokerStars Hand #232476823094:  Hold'em No Limit ($0.01/$0.02 USD) - 2021/12/24 1:26:15 PT [2021/12/24 4:26:15 ET]
Table 'Zwetana III' 9-max Seat #3 is the button
Seat 2: Dorex2007 ($3.70 in chips) 
Seat 3: ugur48688 ($2.37 in chips) 
Seat 4: Koksmix87 ($2 in chips) 
Seat 5: Herzas1976 ($2.28 in chips) 
Seat 6: daikichi2019 ($1.97 in chips) 
Seat 7: Yen Rodrguez ($0.71 in chips) 
Seat 8: bibgemma ($0.85 in chips) 
Seat 9: Andorrior ($0.91 in chips) 
Koksmix87: posts small blind $0.01
Herzas1976: posts big blind $0.02
MeruokBA: sits out 
*** HOLE CARDS ***
Dealt to Dorex2007 [Ah 5c]
daikichi2019: folds 
Yen Rodrguez: folds 
bibgemma: folds 
Andorrior: folds 
Dorex2007: folds 
ugur48688: calls $0.02
Koksmix87: folds 
Herzas1976: checks 
*** FLOP *** [Kc 6c 5s]
Herzas1976: checks 
ugur48688: checks 
*** TURN *** [Kc 6c 5s] [2s]
Herzas1976: bets $0.03
ugur48688: folds 
Uncalled bet ($0.03) returned to Herzas1976
Herzas1976 collected $0.05 from pot
Herzas1976: doesn't show hand 
*** SUMMARY ***
Total pot $0.05 | Rake $0 
Board [Kc 6c 5s 2s]
Seat 2: Dorex2007 folded before Flop (didn't bet)
Seat 3: ugur48688 (button) folded on the Turn
Seat 4: Koksmix87 (small blind) folded before Flop
Seat 5: Herzas1976 (big blind) collected ($0.05)
Seat 6: daikichi2019 folded before Flop (didn't bet)
Seat 7: Yen Rodrguez folded before Flop (didn't bet)
Seat 8: bibgemma folded before Flop (didn't bet)
Seat 9: Andorrior folded before Flop (didn't bet)



PokerStars Hand #232476827623:  Hold'em No Limit ($0.01/$0.02 USD) - 2021/12/24 1:26:39 PT [2021/12/24 4:26:39 ET]
Table 'Zwetana III' 9-max Seat #4 is the button
Seat 2: Dorex2007 ($3.70 in chips) 
Seat 3: ugur48688 ($2.35 in chips) 
Seat 4: Koksmix87 ($2 in chips) 
Seat 5: Herzas1976 ($2.31 in chips) 
Seat 6: daikichi2019 ($1.97 in chips) 
Seat 7: Yen Rodrguez ($0.71 in chips) 
Seat 8: bibgemma ($0.85 in chips) 
Seat 9: Andorrior ($0.91 in chips) 
Herzas1976: posts small blind $0.01
daikichi2019: posts big blind $0.02
MeruokBA: sits out 
*** HOLE CARDS ***
Dealt to Dorex2007 [4d 8s]
Yen Rodrguez: calls $0.02
bibgemma: folds 
Andorrior: folds 
Dorex2007: folds 
ugur48688: calls $0.02
Koksmix87: raises $0.04 to $0.06
Herzas1976: folds 
daikichi2019: folds 
Yen Rodrguez: calls $0.04
ugur48688: calls $0.04
*** FLOP *** [Jd 4h 6d]
Yen Rodrguez: checks 
ugur48688: checks 
Koksmix87: checks 
*** TURN *** [Jd 4h 6d] [9d]
Yen Rodrguez: bets $0.08
ugur48688: folds 
Koksmix87: calls $0.08
*** RIVER *** [Jd 4h 6d 9d] [8h]
Yen Rodrguez: bets $0.14
Koksmix87: folds 
Uncalled bet ($0.14) returned to Yen Rodrguez
Yen Rodrguez collected $0.36 from pot
Yen Rodrguez: doesn't show hand 
*** SUMMARY ***
Total pot $0.37 | Rake $0.01 
Board [Jd 4h 6d 9d 8h]
Seat 2: Dorex2007 folded before Flop (didn't bet)
Seat 3: ugur48688 folded on the Turn
Seat 4: Koksmix87 (button) folded on the River
Seat 5: Herzas1976 (small blind) folded before Flop
Seat 6: daikichi2019 (big blind) folded before Flop
Seat 7: Yen Rodrguez collected ($0.36)
Seat 8: bibgemma folded before Flop (didn't bet)
Seat 9: Andorrior folded before Flop (didn't bet)



PokerStars Hand #232476839703:  Hold'em No Limit ($0.01/$0.02 USD) - 2021/12/24 1:27:44 PT [2021/12/24 4:27:44 ET]
Table 'Zwetana III' 9-max Seat #5 is the button
Seat 2: Dorex2007 ($3.70 in chips) 
Seat 3: ugur48688 ($2.29 in chips) 
Seat 4: Koksmix87 ($2 in chips) 
Seat 5: Herzas1976 ($2.30 in chips) 
Seat 6: daikichi2019 ($1.95 in chips) 
Seat 7: Yen Rodrguez ($0.93 in chips) 
Seat 8: bibgemma ($0.85 in chips) 
Seat 9: Andorrior ($0.91 in chips) 
daikichi2019: posts small blind $0.01
Yen Rodrguez: posts big blind $0.02
MeruokBA: sits out 
*** HOLE CARDS ***
Dealt to Dorex2007 [4d Kh]
bibgemma: calls $0.02
Andorrior: folds 
Dorex2007: folds 
ugur48688: calls $0.02
Koksmix87: folds 
Herzas1976: folds 
daikichi2019: folds 
Yen Rodrguez: raises $0.04 to $0.06
bibgemma: calls $0.04
ugur48688: calls $0.04
*** FLOP *** [7c 3d 6d]
Yen Rodrguez: bets $0.09
bibgemma: folds 
ugur48688: calls $0.09
*** TURN *** [7c 3d 6d] [8h]
Yen Rodrguez: bets $0.12
ugur48688: calls $0.12
*** RIVER *** [7c 3d 6d 8h] [7d]
Yen Rodrguez: bets $0.06
ugur48688: raises $0.71 to $0.77
Yen Rodrguez: folds 
Uncalled bet ($0.71) returned to ugur48688
ugur48688 collected $0.70 from pot
ugur48688: doesn't show hand 
*** SUMMARY ***
Total pot $0.73 | Rake $0.03 
Board [7c 3d 6d 8h 7d]
Seat 2: Dorex2007 folded before Flop (didn't bet)
Seat 3: ugur48688 collected ($0.70)
Seat 4: Koksmix87 folded before Flop (didn't bet)
Seat 5: Herzas1976 (button) folded before Flop (didn't bet)
Seat 6: daikichi2019 (small blind) folded before Flop
Seat 7: Yen Rodrguez (big blind) folded on the River
Seat 8: bibgemma folded on the Flop
Seat 9: Andorrior folded before Flop (didn't bet)



