PokerStars Hand #227283902324:  Hold'em No Limit ($0.01/$0.02 USD) - 2021/06/02 19:47:41 PT [2021/06/02 22:47:41 ET]
Table 'Dufour III' 9-max Seat #4 is the button
Seat 1: etienne16671 ($1.32 in chips) 
Seat 2: LoAn25 ($2.86 in chips) 
Seat 3: Dorex2007 ($2 in chips) 
Seat 4: Gawrosz23 ($7.47 in chips) 
Seat 5: kiling1 ($2.10 in chips) 
Seat 6: SunTzuARG ($4.91 in chips) 
Seat 7: Wild-1995 ($2.89 in chips) 
Seat 8: 139qmb ($2.22 in chips) 
kiling1: posts small blind $0.01
SunTzuARG: posts big blind $0.02
Dorex2007: posts big blind $0.02
*** HOLE CARDS ***
Dealt to Dorex2007 [Kc 4d]
Wild-1995: folds 
139qmb: folds 
etienne16671: raises $0.06 to $0.08
LoAn25: folds 
Dorex2007: folds 
Gawrosz23: folds 
kiling1: calls $0.07
SunTzuARG: folds 
*** FLOP *** [Jc Js 3c]
kiling1: checks 
etienne16671: bets $0.10
kiling1: calls $0.10
*** TURN *** [Jc Js 3c] [6s]
kiling1: checks 
etienne16671: checks 
*** RIVER *** [Jc Js 3c 6s] [Tc]
kiling1: checks 
etienne16671: checks 
*** SHOW DOWN ***
kiling1: shows [8h 8d] (two pair, Jacks and Eights)
etienne16671: mucks hand 
kiling1 collected $0.39 from pot
*** SUMMARY ***
Total pot $0.40 | Rake $0.01 
Board [Jc Js 3c 6s Tc]
Seat 1: etienne16671 mucked [As Ks]
Seat 2: LoAn25 folded before Flop (didn't bet)
Seat 3: Dorex2007 folded before Flop (didn't bet)
Seat 4: Gawrosz23 (button) folded before Flop (didn't bet)
Seat 5: kiling1 (small blind) showed [8h 8d] and won ($0.39) with two pair, Jacks and Eights
Seat 6: SunTzuARG (big blind) folded before Flop
Seat 7: Wild-1995 folded before Flop (didn't bet)
Seat 8: 139qmb folded before Flop (didn't bet)



PokerStars Hand #227283913592:  Hold'em No Limit ($0.01/$0.02 USD) - 2021/06/02 19:48:35 PT [2021/06/02 22:48:35 ET]
Table 'Dufour III' 9-max Seat #5 is the button
Seat 1: etienne16671 ($1.14 in chips) 
Seat 2: LoAn25 ($2.86 in chips) 
Seat 3: Dorex2007 ($1.98 in chips) 
Seat 4: Gawrosz23 ($7.47 in chips) 
Seat 5: kiling1 ($2.31 in chips) 
Seat 6: SunTzuARG ($4.89 in chips) 
Seat 7: Wild-1995 ($2.89 in chips) 
Seat 8: 139qmb ($2.22 in chips) 
Seat 9: ruruchka ($1 in chips) 
SunTzuARG: posts small blind $0.01
Wild-1995: posts big blind $0.02
*** HOLE CARDS ***
Dealt to Dorex2007 [4h 7c]
139qmb: folds 
ruruchka: calls $0.02
etienne16671: folds 
LoAn25: folds 
Dorex2007: folds 
Gawrosz23: calls $0.02
kiling1: calls $0.02
SunTzuARG: folds 
Wild-1995: checks 
*** FLOP *** [2c 3s 3d]
Wild-1995: checks 
ruruchka: bets $0.04
Gawrosz23: calls $0.04
kiling1: folds 
Wild-1995: folds 
*** TURN *** [2c 3s 3d] [8h]
ruruchka: bets $0.08
Gawrosz23: folds 
Uncalled bet ($0.08) returned to ruruchka
ruruchka collected $0.16 from pot
ruruchka: doesn't show hand 
*** SUMMARY ***
Total pot $0.17 | Rake $0.01 
Board [2c 3s 3d 8h]
Seat 1: etienne16671 folded before Flop (didn't bet)
Seat 2: LoAn25 folded before Flop (didn't bet)
Seat 3: Dorex2007 folded before Flop (didn't bet)
Seat 4: Gawrosz23 folded on the Turn
Seat 5: kiling1 (button) folded on the Flop
Seat 6: SunTzuARG (small blind) folded before Flop
Seat 7: Wild-1995 (big blind) folded on the Flop
Seat 8: 139qmb folded before Flop (didn't bet)
Seat 9: ruruchka collected ($0.16)



PokerStars Hand #227283926933:  Hold'em No Limit ($0.01/$0.02 USD) - 2021/06/02 19:49:39 PT [2021/06/02 22:49:39 ET]
Table 'Dufour III' 9-max Seat #6 is the button
Seat 1: etienne16671 ($1.14 in chips) 
Seat 2: LoAn25 ($2.86 in chips) 
Seat 3: Dorex2007 ($1.98 in chips) 
Seat 4: Gawrosz23 ($7.41 in chips) 
Seat 5: kiling1 ($2.29 in chips) 
Seat 6: SunTzuARG ($4.88 in chips) 
Seat 7: Wild-1995 ($2.87 in chips) 
Seat 8: 139qmb ($2.22 in chips) 
Seat 9: ruruchka ($1.10 in chips) 
Wild-1995: posts small blind $0.01
139qmb: posts big blind $0.02
*** HOLE CARDS ***
Dealt to Dorex2007 [8d 3c]
ruruchka: raises $0.02 to $0.04
etienne16671: folds 
LoAn25: folds 
Dorex2007: folds 
Gawrosz23: calls $0.04
kiling1: folds 
SunTzuARG: folds 
Wild-1995: folds 
139qmb: calls $0.02
*** FLOP *** [6h Ts 9h]
139qmb: bets $0.06
ruruchka: calls $0.06
Gawrosz23: calls $0.06
*** TURN *** [6h Ts 9h] [Ad]
139qmb: checks 
ruruchka: bets $0.10
Gawrosz23: calls $0.10
139qmb: folds 
*** RIVER *** [6h Ts 9h Ad] [2c]
ruruchka: checks 
Gawrosz23: checks 
*** SHOW DOWN ***
ruruchka: shows [Qc Tc] (a pair of Tens)
Gawrosz23: shows [Qs Ac] (a pair of Aces)
Gawrosz23 collected $0.49 from pot
*** SUMMARY ***
Total pot $0.51 | Rake $0.02 
Board [6h Ts 9h Ad 2c]
Seat 1: etienne16671 folded before Flop (didn't bet)
Seat 2: LoAn25 folded before Flop (didn't bet)
Seat 3: Dorex2007 folded before Flop (didn't bet)
Seat 4: Gawrosz23 showed [Qs Ac] and won ($0.49) with a pair of Aces
Seat 5: kiling1 folded before Flop (didn't bet)
Seat 6: SunTzuARG (button) folded before Flop (didn't bet)
Seat 7: Wild-1995 (small blind) folded before Flop
Seat 8: 139qmb (big blind) folded on the Turn
Seat 9: ruruchka showed [Qc Tc] and lost with a pair of Tens



PokerStars Hand #227283937558:  Hold'em No Limit ($0.01/$0.02 USD) - 2021/06/02 19:50:29 PT [2021/06/02 22:50:29 ET]
Table 'Dufour III' 9-max Seat #7 is the button
Seat 1: etienne16671 ($1.14 in chips) 
Seat 2: LoAn25 ($2.86 in chips) 
Seat 3: Dorex2007 ($1.98 in chips) 
Seat 4: Gawrosz23 ($7.70 in chips) 
Seat 5: kiling1 ($2.29 in chips) 
Seat 6: SunTzuARG ($4.88 in chips) 
Seat 7: Wild-1995 ($2.86 in chips) 
Seat 8: 139qmb ($2.12 in chips) 
Seat 9: ruruchka ($0.90 in chips) 
139qmb: posts small blind $0.01
ruruchka: posts big blind $0.02
*** HOLE CARDS ***
Dealt to Dorex2007 [3h 7d]
etienne16671: folds 
LoAn25: folds 
Dorex2007: calls $0.02
LoAn25 leaves the table
Gawrosz23: folds 
kiling1: folds 
SunTzuARG: folds 
Wild-1995: folds 
139qmb: calls $0.01
ruruchka: checks 
*** FLOP *** [Jh Tc 9c]
139qmb: checks 
ruruchka: checks 
ManoKako joins the table at seat #2 
Dorex2007: checks 
*** TURN *** [Jh Tc 9c] [2c]
139qmb: checks 
ruruchka: checks 
Dorex2007: checks 
*** RIVER *** [Jh Tc 9c 2c] [Ac]
139qmb: bets $0.06
ruruchka: folds 
Dorex2007: folds 
Uncalled bet ($0.06) returned to 139qmb
139qmb collected $0.06 from pot
*** SUMMARY ***
Total pot $0.06 | Rake $0 
Board [Jh Tc 9c 2c Ac]
Seat 1: etienne16671 folded before Flop (didn't bet)
Seat 2: LoAn25 folded before Flop (didn't bet)
Seat 3: Dorex2007 folded on the River
Seat 4: Gawrosz23 folded before Flop (didn't bet)
Seat 5: kiling1 folded before Flop (didn't bet)
Seat 6: SunTzuARG folded before Flop (didn't bet)
Seat 7: Wild-1995 (button) folded before Flop (didn't bet)
Seat 8: 139qmb (small blind) collected ($0.06)
Seat 9: ruruchka (big blind) folded on the River



PokerStars Hand #227283950614:  Hold'em No Limit ($0.01/$0.02 USD) - 2021/06/02 19:51:32 PT [2021/06/02 22:51:32 ET]
Table 'Dufour III' 9-max Seat #8 is the button
Seat 1: etienne16671 ($1.14 in chips) 
Seat 3: Dorex2007 ($1.96 in chips) 
Seat 4: Gawrosz23 ($7.70 in chips) 
Seat 5: kiling1 ($2.29 in chips) 
Seat 6: SunTzuARG ($4.88 in chips) 
Seat 7: Wild-1995 ($2.86 in chips) 
Seat 8: 139qmb ($2.16 in chips) 
Seat 9: ruruchka ($0.88 in chips) 
ruruchka: posts small blind $0.01
etienne16671: posts big blind $0.02
ManoKako: sits out 
*** HOLE CARDS ***
Dealt to Dorex2007 [4c 2h]
Dorex2007: folds 
Gawrosz23: calls $0.02
kiling1: folds 
SunTzuARG: folds 
Wild-1995: folds 
139qmb: raises $0.06 to $0.08
ruruchka: folds 
etienne16671: calls $0.06
Gawrosz23: folds 
*** FLOP *** [Kd 3s 8s]
etienne16671: checks 
139qmb: bets $0.16
etienne16671: folds 
Uncalled bet ($0.16) returned to 139qmb
139qmb collected $0.18 from pot
*** SUMMARY ***
Total pot $0.19 | Rake $0.01 
Board [Kd 3s 8s]
Seat 1: etienne16671 (big blind) folded on the Flop
Seat 3: Dorex2007 folded before Flop (didn't bet)
Seat 4: Gawrosz23 folded before Flop
Seat 5: kiling1 folded before Flop (didn't bet)
Seat 6: SunTzuARG folded before Flop (didn't bet)
Seat 7: Wild-1995 folded before Flop (didn't bet)
Seat 8: 139qmb (button) collected ($0.18)
Seat 9: ruruchka (small blind) folded before Flop



PokerStars Hand #227283961755:  Hold'em No Limit ($0.01/$0.02 USD) - 2021/06/02 19:52:26 PT [2021/06/02 22:52:26 ET]
Table 'Dufour III' 9-max Seat #9 is the button
Seat 1: etienne16671 ($1.06 in chips) 
Seat 2: ManoKako ($0.91 in chips) 
Seat 3: Dorex2007 ($1.96 in chips) 
Seat 4: Gawrosz23 ($7.68 in chips) 
Seat 5: kiling1 ($2.29 in chips) 
Seat 6: SunTzuARG ($4.88 in chips) 
Seat 7: Wild-1995 ($2.86 in chips) 
Seat 8: 139qmb ($2.26 in chips) 
Seat 9: ruruchka ($0.87 in chips) 
etienne16671: posts small blind $0.01
ManoKako: posts big blind $0.02
*** HOLE CARDS ***
Dealt to Dorex2007 [6s 2s]
Dorex2007: folds 
Gawrosz23: folds 
kiling1: folds 
SunTzuARG: raises $0.04 to $0.06
Wild-1995: folds 
139qmb: folds 
ruruchka: folds 
etienne16671: calls $0.05
ManoKako: calls $0.04
*** FLOP *** [Jh 8h 6d]
etienne16671: checks 
ManoKako: bets $0.08
SunTzuARG: raises $0.20 to $0.28
etienne16671: raises $0.72 to $1 and is all-in
ManoKako: folds 
SunTzuARG: calls $0.72
*** TURN *** [Jh 8h 6d] [9d]
*** RIVER *** [Jh 8h 6d 9d] [Js]
*** SHOW DOWN ***
etienne16671: shows [Jc Qs] (three of a kind, Jacks)
SunTzuARG: shows [Ks Kd] (two pair, Kings and Jacks)
etienne16671 collected $2.18 from pot
*** SUMMARY ***
Total pot $2.26 | Rake $0.08 
Board [Jh 8h 6d 9d Js]
Seat 1: etienne16671 (small blind) showed [Jc Qs] and won ($2.18) with three of a kind, Jacks
Seat 2: ManoKako (big blind) folded on the Flop
Seat 3: Dorex2007 folded before Flop (didn't bet)
Seat 4: Gawrosz23 folded before Flop (didn't bet)
Seat 5: kiling1 folded before Flop (didn't bet)
Seat 6: SunTzuARG showed [Ks Kd] and lost with two pair, Kings and Jacks
Seat 7: Wild-1995 folded before Flop (didn't bet)
Seat 8: 139qmb folded before Flop (didn't bet)
Seat 9: ruruchka (button) folded before Flop (didn't bet)



PokerStars Hand #227283973528:  Hold'em No Limit ($0.01/$0.02 USD) - 2021/06/02 19:53:24 PT [2021/06/02 22:53:24 ET]
Table 'Dufour III' 9-max Seat #1 is the button
Seat 1: etienne16671 ($2.18 in chips) 
Seat 2: ManoKako ($0.77 in chips) 
Seat 3: Dorex2007 ($1.96 in chips) 
Seat 4: Gawrosz23 ($7.68 in chips) 
Seat 5: kiling1 ($2.29 in chips) 
Seat 6: SunTzuARG ($3.82 in chips) 
Seat 7: Wild-1995 ($2.86 in chips) 
Seat 8: 139qmb ($2.26 in chips) 
Seat 9: ruruchka ($0.87 in chips) 
ManoKako: posts small blind $0.01
Dorex2007: posts big blind $0.02
*** HOLE CARDS ***
Dealt to Dorex2007 [9h 6d]
Gawrosz23: calls $0.02
kiling1: folds 
SunTzuARG: raises $0.06 to $0.08
Wild-1995: raises $0.07 to $0.15
139qmb: folds 
ruruchka: folds 
etienne16671: folds 
ManoKako: folds 
Dorex2007: folds 
Gawrosz23: calls $0.13
SunTzuARG: calls $0.07
*** FLOP *** [6h Qs 3c]
Gawrosz23: bets $0.02
SunTzuARG: calls $0.02
Wild-1995: raises $0.20 to $0.22
Gawrosz23: calls $0.20
SunTzuARG: folds 
*** TURN *** [6h Qs 3c] [Tc]
Gawrosz23: bets $0.02
Wild-1995: raises $0.89 to $0.91
Gawrosz23: folds 
Uncalled bet ($0.89) returned to Wild-1995
Wild-1995 collected $0.95 from pot
Wild-1995: doesn't show hand 
*** SUMMARY ***
Total pot $0.98 | Rake $0.03 
Board [6h Qs 3c Tc]
Seat 1: etienne16671 (button) folded before Flop (didn't bet)
Seat 2: ManoKako (small blind) folded before Flop
Seat 3: Dorex2007 (big blind) folded before Flop
Seat 4: Gawrosz23 folded on the Turn
Seat 5: kiling1 folded before Flop (didn't bet)
Seat 6: SunTzuARG folded on the Flop
Seat 7: Wild-1995 collected ($0.95)
Seat 8: 139qmb folded before Flop (didn't bet)
Seat 9: ruruchka folded before Flop (didn't bet)



PokerStars Hand #227283989198:  Hold'em No Limit ($0.01/$0.02 USD) - 2021/06/02 19:54:41 PT [2021/06/02 22:54:41 ET]
Table 'Dufour III' 9-max Seat #2 is the button
Seat 1: etienne16671 ($2.18 in chips) 
Seat 2: ManoKako ($0.76 in chips) 
Seat 3: Dorex2007 ($1.94 in chips) 
Seat 4: Gawrosz23 ($7.29 in chips) 
Seat 5: kiling1 ($2.29 in chips) 
Seat 6: SunTzuARG ($3.65 in chips) 
Seat 7: Wild-1995 ($3.42 in chips) 
Seat 8: 139qmb ($2.26 in chips) 
Seat 9: ruruchka ($0.87 in chips) 
Dorex2007: posts small blind $0.01
Gawrosz23: posts big blind $0.02
*** HOLE CARDS ***
Dealt to Dorex2007 [4h 5h]
kiling1: folds 
SunTzuARG: folds 
Wild-1995: folds 
139qmb: folds 
ruruchka: raises $0.02 to $0.04
etienne16671: folds 
ManoKako: calls $0.04
Dorex2007: folds 
Gawrosz23: calls $0.02
*** FLOP *** [Jc 8c 7h]
Gawrosz23: checks 
ruruchka: bets $0.06
ManoKako: folds 
Gawrosz23: calls $0.06
*** TURN *** [Jc 8c 7h] [Kh]
Gawrosz23: checks 
ruruchka: bets $0.10
Gawrosz23: folds 
Uncalled bet ($0.10) returned to ruruchka
ruruchka collected $0.24 from pot
ruruchka: doesn't show hand 
*** SUMMARY ***
Total pot $0.25 | Rake $0.01 
Board [Jc 8c 7h Kh]
Seat 1: etienne16671 folded before Flop (didn't bet)
Seat 2: ManoKako (button) folded on the Flop
Seat 3: Dorex2007 (small blind) folded before Flop
Seat 4: Gawrosz23 (big blind) folded on the Turn
Seat 5: kiling1 folded before Flop (didn't bet)
Seat 6: SunTzuARG folded before Flop (didn't bet)
Seat 7: Wild-1995 folded before Flop (didn't bet)
Seat 8: 139qmb folded before Flop (didn't bet)
Seat 9: ruruchka collected ($0.24)



PokerStars Hand #227284001273:  Hold'em No Limit ($0.01/$0.02 USD) - 2021/06/02 19:55:46 PT [2021/06/02 22:55:46 ET]
Table 'Dufour III' 9-max Seat #3 is the button
Seat 1: etienne16671 ($2.18 in chips) 
Seat 2: ManoKako ($0.72 in chips) 
Seat 3: Dorex2007 ($1.93 in chips) 
Seat 4: Gawrosz23 ($7.19 in chips) 
Seat 5: kiling1 ($2.29 in chips) 
Seat 6: SunTzuARG ($3.65 in chips) 
Seat 7: Wild-1995 ($3.42 in chips) 
Seat 8: 139qmb ($2.26 in chips) 
Seat 9: ruruchka ($1.01 in chips) 
Gawrosz23: posts small blind $0.01
kiling1: posts big blind $0.02
*** HOLE CARDS ***
Dealt to Dorex2007 [Js 9d]
SunTzuARG: folds 
Wild-1995: raises $0.04 to $0.06
139qmb: folds 
ruruchka: folds 
etienne16671: calls $0.06
ManoKako: folds 
Dorex2007: folds 
Gawrosz23: calls $0.05
kiling1: folds 
*** FLOP *** [Td Kd Ac]
Gawrosz23: checks 
Wild-1995: checks 
etienne16671: bets $0.10
Gawrosz23: calls $0.10
Wild-1995: folds 
*** TURN *** [Td Kd Ac] [5d]
Gawrosz23: checks 
etienne16671: checks 
*** RIVER *** [Td Kd Ac 5d] [2c]
Gawrosz23: bets $0.19
etienne16671: calls $0.19
*** SHOW DOWN ***
Gawrosz23: shows [Jd 4d] (a flush, King high)
etienne16671: mucks hand 
Gawrosz23 collected $0.75 from pot
*** SUMMARY ***
Total pot $0.78 | Rake $0.03 
Board [Td Kd Ac 5d 2c]
Seat 1: etienne16671 mucked [As 6s]
Seat 2: ManoKako folded before Flop (didn't bet)
Seat 3: Dorex2007 (button) folded before Flop (didn't bet)
Seat 4: Gawrosz23 (small blind) showed [Jd 4d] and won ($0.75) with a flush, King high
Seat 5: kiling1 (big blind) folded before Flop
Seat 6: SunTzuARG folded before Flop (didn't bet)
Seat 7: Wild-1995 folded on the Flop
Seat 8: 139qmb folded before Flop (didn't bet)
Seat 9: ruruchka folded before Flop (didn't bet)



PokerStars Hand #227284012433:  Hold'em No Limit ($0.01/$0.02 USD) - 2021/06/02 19:56:51 PT [2021/06/02 22:56:51 ET]
Table 'Dufour III' 9-max Seat #4 is the button
Seat 1: etienne16671 ($1.83 in chips) 
Seat 2: ManoKako ($0.72 in chips) 
Seat 3: Dorex2007 ($1.93 in chips) 
Seat 4: Gawrosz23 ($7.59 in chips) 
Seat 5: kiling1 ($2.27 in chips) 
Seat 6: SunTzuARG ($3.65 in chips) 
Seat 7: Wild-1995 ($3.36 in chips) 
Seat 8: 139qmb ($2.26 in chips) 
Seat 9: ruruchka ($1.01 in chips) 
kiling1: posts small blind $0.01
SunTzuARG: posts big blind $0.02
*** HOLE CARDS ***
Dealt to Dorex2007 [2h 9s]
Wild-1995: calls $0.02
139qmb: folds 
ruruchka: folds 
ruruchka leaves the table
etienne16671: folds 
ManoKako: raises $0.02 to $0.04
Dorex2007: folds 
Gawrosz23: folds 
kiling1: folds 
SunTzuARG: calls $0.02
Wild-1995: calls $0.02
*** FLOP *** [Kh 7s 5d]
Xósem joins the table at seat #9 
SunTzuARG: checks 
Wild-1995: checks 
ManoKako: checks 
*** TURN *** [Kh 7s 5d] [5c]
SunTzuARG: checks 
Wild-1995: bets $0.09
ManoKako: folds 
SunTzuARG: folds 
Uncalled bet ($0.09) returned to Wild-1995
Wild-1995 collected $0.13 from pot
Wild-1995: doesn't show hand 
*** SUMMARY ***
Total pot $0.13 | Rake $0 
Board [Kh 7s 5d 5c]
Seat 1: etienne16671 folded before Flop (didn't bet)
Seat 2: ManoKako folded on the Turn
Seat 3: Dorex2007 folded before Flop (didn't bet)
Seat 4: Gawrosz23 (button) folded before Flop (didn't bet)
Seat 5: kiling1 (small blind) folded before Flop
Seat 6: SunTzuARG (big blind) folded on the Turn
Seat 7: Wild-1995 collected ($0.13)
Seat 8: 139qmb folded before Flop (didn't bet)
Seat 9: ruruchka folded before Flop (didn't bet)



PokerStars Hand #227284033638:  Hold'em No Limit ($0.01/$0.02 USD) - 2021/06/02 19:58:55 PT [2021/06/02 22:58:55 ET]
Table 'Dufour III' 9-max Seat #5 is the button
Seat 1: etienne16671 ($1.83 in chips) 
Seat 2: ManoKako ($0.68 in chips) 
Seat 3: Dorex2007 ($1.93 in chips) 
Seat 4: Gawrosz23 ($7.59 in chips) 
Seat 5: kiling1 ($2.26 in chips) 
Seat 6: SunTzuARG ($3.61 in chips) 
Seat 7: Wild-1995 ($3.45 in chips) 
Seat 8: 139qmb ($2.26 in chips) 
SunTzuARG: posts small blind $0.01
Wild-1995: posts big blind $0.02
Xósem: sits out 
*** HOLE CARDS ***
Dealt to Dorex2007 [Kc Ah]
139qmb: folds 
etienne16671: raises $0.06 to $0.08
ManoKako: folds 
Dorex2007: raises $0.14 to $0.22
Gawrosz23: calls $0.22
kiling1: folds 
SunTzuARG: folds 
Wild-1995: folds 
etienne16671: calls $0.14
*** FLOP *** [7c 3d Qs]
etienne16671: checks 
Dorex2007: checks 
Gawrosz23: checks 
*** TURN *** [7c 3d Qs] [Kd]
etienne16671: bets $0.34
Dorex2007: calls $0.34
Gawrosz23: folds 
*** RIVER *** [7c 3d Qs Kd] [2h]
etienne16671: checks 
Dorex2007: checks 
*** SHOW DOWN ***
etienne16671: shows [Qh Js] (a pair of Queens)
Dorex2007: shows [Kc Ah] (a pair of Kings)
Dorex2007 collected $1.32 from pot
*** SUMMARY ***
Total pot $1.37 | Rake $0.05 
Board [7c 3d Qs Kd 2h]
Seat 1: etienne16671 showed [Qh Js] and lost with a pair of Queens
Seat 2: ManoKako folded before Flop (didn't bet)
Seat 3: Dorex2007 showed [Kc Ah] and won ($1.32) with a pair of Kings
Seat 4: Gawrosz23 folded on the Turn
Seat 5: kiling1 (button) folded before Flop (didn't bet)
Seat 6: SunTzuARG (small blind) folded before Flop
Seat 7: Wild-1995 (big blind) folded before Flop
Seat 8: 139qmb folded before Flop (didn't bet)



PokerStars Hand #227284048101:  Hold'em No Limit ($0.01/$0.02 USD) - 2021/06/02 20:00:19 PT [2021/06/02 23:00:19 ET]
Table 'Dufour III' 9-max Seat #6 is the button
Seat 1: etienne16671 ($1.27 in chips) 
Seat 2: ManoKako ($0.68 in chips) 
Seat 3: Dorex2007 ($2.69 in chips) 
Seat 4: Gawrosz23 ($7.37 in chips) 
Seat 5: kiling1 ($2.26 in chips) 
Seat 6: SunTzuARG ($3.60 in chips) 
Seat 7: Wild-1995 ($3.43 in chips) 
Seat 8: 139qmb ($2.26 in chips) 
Wild-1995: posts small blind $0.01
139qmb: posts big blind $0.02
Xósem: sits out 
*** HOLE CARDS ***
Dealt to Dorex2007 [6d 4d]
etienne16671: calls $0.02
ManoKako: calls $0.02
Dorex2007: folds 
Gawrosz23: calls $0.02
kiling1: folds 
SunTzuARG: folds 
Wild-1995: raises $0.08 to $0.10
139qmb: folds 
etienne16671: calls $0.08
ManoKako: calls $0.08
Gawrosz23: calls $0.08
*** FLOP *** [2h 5d Jd]
Wild-1995: checks 
etienne16671: checks 
ManoKako: bets $0.08
Gawrosz23: calls $0.08
Wild-1995: folds 
etienne16671: calls $0.08
*** TURN *** [2h 5d Jd] [7c]
etienne16671: checks 
ManoKako: bets $0.50 and is all-in
kiling1 leaves the table
Gawrosz23: folds 
etienne16671: folds 
Uncalled bet ($0.50) returned to ManoKako
ManoKako collected $0.64 from pot
ManoKako: doesn't show hand 
*** SUMMARY ***
Total pot $0.66 | Rake $0.02 
Board [2h 5d Jd 7c]
Seat 1: etienne16671 folded on the Turn
Seat 2: ManoKako collected ($0.64)
Seat 3: Dorex2007 folded before Flop (didn't bet)
Seat 4: Gawrosz23 folded on the Turn
Seat 5: kiling1 folded before Flop (didn't bet)
Seat 6: SunTzuARG (button) folded before Flop (didn't bet)
Seat 7: Wild-1995 (small blind) folded on the Flop
Seat 8: 139qmb (big blind) folded before Flop



PokerStars Hand #227284074816:  Hold'em No Limit ($0.01/$0.02 USD) - 2021/06/02 20:02:02 PT [2021/06/02 23:02:02 ET]
Table 'Dufour III' 9-max Seat #7 is the button
Seat 1: etienne16671 ($1.09 in chips) 
Seat 2: ManoKako ($1.14 in chips) 
Seat 3: Dorex2007 ($2.69 in chips) 
Seat 4: Gawrosz23 ($7.19 in chips) 
Seat 6: SunTzuARG ($3.60 in chips) 
Seat 7: Wild-1995 ($3.33 in chips) 
Seat 8: 139qmb ($2.24 in chips) 
Seat 9: Xósem ($1 in chips) 
139qmb: posts small blind $0.01
Xósem: posts big blind $0.02
*** HOLE CARDS ***
Dealt to Dorex2007 [4d Kh]
etienne16671: calls $0.02
ManoKako: folds 
Dorex2007: folds 
Gawrosz23: folds 
SunTzuARG: folds 
CPS2017 joins the table at seat #5 
Wild-1995: folds 
139qmb: folds 
Xósem: checks 
*** FLOP *** [9c 4h 2d]
Xósem: checks 
etienne16671: checks 
*** TURN *** [9c 4h 2d] [5c]
Xósem: checks 
etienne16671: checks 
*** RIVER *** [9c 4h 2d 5c] [Qc]
Xósem: checks 
etienne16671: checks 
*** SHOW DOWN ***
Xósem: shows [Ks 2c] (a pair of Deuces)
etienne16671: shows [6s Qs] (a pair of Queens)
etienne16671 collected $0.05 from pot
*** SUMMARY ***
Total pot $0.05 | Rake $0 
Board [9c 4h 2d 5c Qc]
Seat 1: etienne16671 showed [6s Qs] and won ($0.05) with a pair of Queens
Seat 2: ManoKako folded before Flop (didn't bet)
Seat 3: Dorex2007 folded before Flop (didn't bet)
Seat 4: Gawrosz23 folded before Flop (didn't bet)
Seat 6: SunTzuARG folded before Flop (didn't bet)
Seat 7: Wild-1995 (button) folded before Flop (didn't bet)
Seat 8: 139qmb (small blind) folded before Flop
Seat 9: Xósem (big blind) showed [Ks 2c] and lost with a pair of Deuces



PokerStars Hand #227284085321:  Hold'em No Limit ($0.01/$0.02 USD) - 2021/06/02 20:02:53 PT [2021/06/02 23:02:53 ET]
Table 'Dufour III' 9-max Seat #8 is the button
Seat 1: etienne16671 ($1.12 in chips) 
Seat 2: ManoKako ($1.14 in chips) 
Seat 3: Dorex2007 ($2.69 in chips) 
Seat 4: Gawrosz23 ($7.19 in chips) 
Seat 5: CPS2017 ($2 in chips) 
Seat 6: SunTzuARG ($3.60 in chips) 
Seat 7: Wild-1995 ($3.33 in chips) 
Seat 8: 139qmb ($2.23 in chips) 
Seat 9: Xósem ($0.98 in chips) 
Xósem: posts small blind $0.01
etienne16671: posts big blind $0.02
CPS2017: posts big blind $0.02
*** HOLE CARDS ***
Dealt to Dorex2007 [Jc 6c]
ManoKako: raises $0.02 to $0.04
Dorex2007: folds 
Gawrosz23: calls $0.04
CPS2017: calls $0.02
SunTzuARG: folds 
Wild-1995: raises $0.06 to $0.10
139qmb: calls $0.10
Xósem: folds 
etienne16671: calls $0.08
ManoKako: calls $0.06
Gawrosz23: calls $0.06
CPS2017: folds 
*** FLOP *** [2c 2d Th]
etienne16671: checks 
ManoKako: bets $0.10
Gawrosz23: folds 
Wild-1995: raises $0.37 to $0.47
Gawrosz23 leaves the table
139qmb: folds 
etienne16671: folds 
ManoKako: folds 
Uncalled bet ($0.37) returned to Wild-1995
Wild-1995 collected $0.72 from pot
Wild-1995: doesn't show hand 
*** SUMMARY ***
Total pot $0.75 | Rake $0.03 
Board [2c 2d Th]
Seat 1: etienne16671 (big blind) folded on the Flop
Seat 2: ManoKako folded on the Flop
Seat 3: Dorex2007 folded before Flop (didn't bet)
Seat 4: Gawrosz23 folded on the Flop
Seat 5: CPS2017 folded before Flop
Seat 6: SunTzuARG folded before Flop (didn't bet)
Seat 7: Wild-1995 collected ($0.72)
Seat 8: 139qmb (button) folded on the Flop
Seat 9: Xósem (small blind) folded before Flop



PokerStars Hand #227284111552:  Hold'em No Limit ($0.01/$0.02 USD) - 2021/06/02 20:04:15 PT [2021/06/02 23:04:15 ET]
Table 'Dufour III' 9-max Seat #9 is the button
Seat 1: etienne16671 ($1.02 in chips) 
Seat 2: ManoKako ($0.94 in chips) 
Seat 3: Dorex2007 ($2.69 in chips) 
Seat 5: CPS2017 ($1.96 in chips) 
Seat 6: SunTzuARG ($3.60 in chips) 
Seat 7: Wild-1995 ($3.85 in chips) 
Seat 8: 139qmb ($2.13 in chips) 
Seat 9: Xósem ($0.97 in chips) 
etienne16671: posts small blind $0.01
ManoKako: posts big blind $0.02
*** HOLE CARDS ***
Dealt to Dorex2007 [6d Qd]
Dorex2007: folds 
CPS2017: folds 
SunTzuARG: folds 
Wild-1995: folds 
139qmb: raises $0.04 to $0.06
Xósem: folds 
etienne16671: folds 
ManoKako: calls $0.04
*** FLOP *** [As Qc Qs]
loose kaboos joins the table at seat #4 
ManoKako: bets $0.02
139qmb: raises $0.08 to $0.10
ManoKako: calls $0.08
*** TURN *** [As Qc Qs] [Ad]
ManoKako: checks 
139qmb: checks 
*** RIVER *** [As Qc Qs Ad] [Ks]
ManoKako: checks 
139qmb: checks 
*** SHOW DOWN ***
ManoKako: shows [Kc 2s] (two pair, Aces and Kings)
139qmb: shows [Kh Jh] (two pair, Aces and Kings)
ManoKako collected $0.16 from pot
139qmb collected $0.16 from pot
*** SUMMARY ***
Total pot $0.33 | Rake $0.01 
Board [As Qc Qs Ad Ks]
Seat 1: etienne16671 (small blind) folded before Flop
Seat 2: ManoKako (big blind) showed [Kc 2s] and won ($0.16) with two pair, Aces and Kings
Seat 3: Dorex2007 folded before Flop (didn't bet)
Seat 5: CPS2017 folded before Flop (didn't bet)
Seat 6: SunTzuARG folded before Flop (didn't bet)
Seat 7: Wild-1995 folded before Flop (didn't bet)
Seat 8: 139qmb showed [Kh Jh] and won ($0.16) with two pair, Aces and Kings
Seat 9: Xósem (button) folded before Flop (didn't bet)



PokerStars Hand #227284119943:  Hold'em No Limit ($0.01/$0.02 USD) - 2021/06/02 20:04:57 PT [2021/06/02 23:04:57 ET]
Table 'Dufour III' 9-max Seat #1 is the button
Seat 1: etienne16671 ($1.01 in chips) 
Seat 2: ManoKako ($0.94 in chips) 
Seat 3: Dorex2007 ($2.69 in chips) 
Seat 5: CPS2017 ($1.96 in chips) 
Seat 6: SunTzuARG ($3.60 in chips) 
Seat 7: Wild-1995 ($3.85 in chips) 
Seat 8: 139qmb ($2.13 in chips) 
Seat 9: Xósem ($0.97 in chips) 
ManoKako: posts small blind $0.01
Dorex2007: posts big blind $0.02
loose kaboos: sits out 
*** HOLE CARDS ***
Dealt to Dorex2007 [Tc Ac]
CPS2017: folds 
SunTzuARG: raises $0.04 to $0.06
Wild-1995: folds 
139qmb: raises $0.10 to $0.16
Xósem: folds 
etienne16671: folds 
ManoKako: folds 
Dorex2007: folds 
SunTzuARG: calls $0.10
*** FLOP *** [8h Jc 8c]
SunTzuARG: checks 
139qmb: bets $0.54
SunTzuARG: folds 
Uncalled bet ($0.54) returned to 139qmb
139qmb collected $0.34 from pot
*** SUMMARY ***
Total pot $0.35 | Rake $0.01 
Board [8h Jc 8c]
Seat 1: etienne16671 (button) folded before Flop (didn't bet)
Seat 2: ManoKako (small blind) folded before Flop
Seat 3: Dorex2007 (big blind) folded before Flop
Seat 5: CPS2017 folded before Flop (didn't bet)
Seat 6: SunTzuARG folded on the Flop
Seat 7: Wild-1995 folded before Flop (didn't bet)
Seat 8: 139qmb collected ($0.34)
Seat 9: Xósem folded before Flop (didn't bet)



PokerStars Hand #227284127899:  Hold'em No Limit ($0.01/$0.02 USD) - 2021/06/02 20:05:36 PT [2021/06/02 23:05:36 ET]
Table 'Dufour III' 9-max Seat #2 is the button
Seat 1: etienne16671 ($1.01 in chips) 
Seat 2: ManoKako ($0.93 in chips) 
Seat 3: Dorex2007 ($2.67 in chips) 
Seat 4: loose kaboos ($1.60 in chips) 
Seat 5: CPS2017 ($1.96 in chips) 
Seat 6: SunTzuARG ($3.44 in chips) 
Seat 7: Wild-1995 ($3.85 in chips) 
Seat 8: 139qmb ($2.31 in chips) 
Seat 9: Xósem ($0.97 in chips) 
Dorex2007: posts small blind $0.01
loose kaboos: posts big blind $0.02
*** HOLE CARDS ***
Dealt to Dorex2007 [7h 8c]
CPS2017: folds 
SunTzuARG: folds 
Wild-1995: folds 
139qmb: folds 
Xósem: folds 
etienne16671: folds 
ManoKako: folds 
Dorex2007: calls $0.01
loose kaboos: checks 
*** FLOP *** [7c 8d Tc]
Dorex2007: bets $0.03
loose kaboos: calls $0.03
*** TURN *** [7c 8d Tc] [Ts]
Dorex2007: checks 
loose kaboos: bets $0.05
Dorex2007: calls $0.05
*** RIVER *** [7c 8d Tc Ts] [Js]
Dorex2007: bets $0.19
loose kaboos: raises $0.19 to $0.38
Dorex2007: folds 
Uncalled bet ($0.19) returned to loose kaboos
loose kaboos collected $0.56 from pot
loose kaboos: doesn't show hand 
*** SUMMARY ***
Total pot $0.58 | Rake $0.02 
Board [7c 8d Tc Ts Js]
Seat 1: etienne16671 folded before Flop (didn't bet)
Seat 2: ManoKako (button) folded before Flop (didn't bet)
Seat 3: Dorex2007 (small blind) folded on the River
Seat 4: loose kaboos (big blind) collected ($0.56)
Seat 5: CPS2017 folded before Flop (didn't bet)
Seat 6: SunTzuARG folded before Flop (didn't bet)
Seat 7: Wild-1995 folded before Flop (didn't bet)
Seat 8: 139qmb folded before Flop (didn't bet)
Seat 9: Xósem folded before Flop (didn't bet)



PokerStars Hand #227284138817:  Hold'em No Limit ($0.01/$0.02 USD) - 2021/06/02 20:06:32 PT [2021/06/02 23:06:32 ET]
Table 'Dufour III' 9-max Seat #3 is the button
Seat 1: etienne16671 ($1.01 in chips) 
Seat 2: ManoKako ($0.93 in chips) 
Seat 3: Dorex2007 ($2.38 in chips) 
Seat 4: loose kaboos ($1.87 in chips) 
Seat 5: CPS2017 ($1.96 in chips) 
Seat 6: SunTzuARG ($3.44 in chips) 
Seat 7: Wild-1995 ($3.85 in chips) 
Seat 8: 139qmb ($2.31 in chips) 
Seat 9: Xósem ($0.97 in chips) 
loose kaboos: posts small blind $0.01
CPS2017: posts big blind $0.02
*** HOLE CARDS ***
Dealt to Dorex2007 [4h 7h]
SunTzuARG: folds 
Wild-1995: folds 
139qmb: folds 
Xósem: folds 
etienne16671: folds 
ManoKako: folds 
Dorex2007: folds 
loose kaboos: raises $0.04 to $0.06
CPS2017: calls $0.04
*** FLOP *** [6s 7d 2d]
loose kaboos: bets $0.06
CPS2017: folds 
Uncalled bet ($0.06) returned to loose kaboos
loose kaboos collected $0.12 from pot
loose kaboos: doesn't show hand 
*** SUMMARY ***
Total pot $0.12 | Rake $0 
Board [6s 7d 2d]
Seat 1: etienne16671 folded before Flop (didn't bet)
Seat 2: ManoKako folded before Flop (didn't bet)
Seat 3: Dorex2007 (button) folded before Flop (didn't bet)
Seat 4: loose kaboos (small blind) collected ($0.12)
Seat 5: CPS2017 (big blind) folded on the Flop
Seat 6: SunTzuARG folded before Flop (didn't bet)
Seat 7: Wild-1995 folded before Flop (didn't bet)
Seat 8: 139qmb folded before Flop (didn't bet)
Seat 9: Xósem folded before Flop (didn't bet)



PokerStars Hand #227284143710:  Hold'em No Limit ($0.01/$0.02 USD) - 2021/06/02 20:06:56 PT [2021/06/02 23:06:56 ET]
Table 'Dufour III' 9-max Seat #4 is the button
Seat 1: etienne16671 ($1.01 in chips) 
Seat 2: ManoKako ($0.93 in chips) 
Seat 3: Dorex2007 ($2.38 in chips) 
Seat 4: loose kaboos ($1.93 in chips) 
Seat 5: CPS2017 ($1.90 in chips) 
Seat 6: SunTzuARG ($3.44 in chips) 
Seat 7: Wild-1995 ($3.85 in chips) 
Seat 8: 139qmb ($2.31 in chips) 
Seat 9: Xósem ($0.97 in chips) 
CPS2017: posts small blind $0.01
SunTzuARG: posts big blind $0.02
*** HOLE CARDS ***
Dealt to Dorex2007 [2s 3c]
Wild-1995: folds 
139qmb: folds 
Xósem: folds 
etienne16671: raises $0.04 to $0.06
ManoKako: folds 
Dorex2007: folds 
loose kaboos: folds 
CPS2017: folds 
SunTzuARG: folds 
Uncalled bet ($0.04) returned to etienne16671
etienne16671 collected $0.05 from pot
etienne16671: doesn't show hand 
*** SUMMARY ***
Total pot $0.05 | Rake $0 
Seat 1: etienne16671 collected ($0.05)
Seat 2: ManoKako folded before Flop (didn't bet)
Seat 3: Dorex2007 folded before Flop (didn't bet)
Seat 4: loose kaboos (button) folded before Flop (didn't bet)
Seat 5: CPS2017 (small blind) folded before Flop
Seat 6: SunTzuARG (big blind) folded before Flop
Seat 7: Wild-1995 folded before Flop (didn't bet)
Seat 8: 139qmb folded before Flop (didn't bet)
Seat 9: Xósem folded before Flop (didn't bet)



PokerStars Hand #227284148003:  Hold'em No Limit ($0.01/$0.02 USD) - 2021/06/02 20:07:18 PT [2021/06/02 23:07:18 ET]
Table 'Dufour III' 9-max Seat #5 is the button
Seat 1: etienne16671 ($1.04 in chips) 
Seat 2: ManoKako ($0.93 in chips) 
Seat 3: Dorex2007 ($2.38 in chips) 
Seat 4: loose kaboos ($1.93 in chips) 
Seat 5: CPS2017 ($1.89 in chips) 
Seat 6: SunTzuARG ($3.42 in chips) 
Seat 7: Wild-1995 ($3.85 in chips) 
Seat 8: 139qmb ($2.31 in chips) 
Seat 9: Xósem ($0.97 in chips) 
SunTzuARG: posts small blind $0.01
Wild-1995: posts big blind $0.02
*** HOLE CARDS ***
Dealt to Dorex2007 [9s 7c]
139qmb: folds 
Xósem: calls $0.02
etienne16671: calls $0.02
ManoKako: raises $0.09 to $0.11
Dorex2007: folds 
loose kaboos: folds 
CPS2017: folds 
SunTzuARG: folds 
Wild-1995: folds 
Xósem: calls $0.09
etienne16671: raises $0.93 to $1.04 and is all-in
ManoKako: calls $0.82 and is all-in
Xósem: calls $0.86 and is all-in
Uncalled bet ($0.07) returned to etienne16671
*** FLOP *** [Jh 6h 6c]
*** TURN *** [Jh 6h 6c] [3d]
*** RIVER *** [Jh 6h 6c 3d] [9d]
*** SHOW DOWN ***
Xósem: shows [Th Ts] (two pair, Tens and Sixes)
etienne16671: shows [Kd Ac] (a pair of Sixes)
Xósem collected $0.08 from side pot
ManoKako: shows [9h Kc] (two pair, Nines and Sixes)
Xósem collected $2.72 from main pot
*** SUMMARY ***
Total pot $2.90 Main pot $2.72. Side pot $0.08. | Rake $0.10 
Board [Jh 6h 6c 3d 9d]
Seat 1: etienne16671 showed [Kd Ac] and lost with a pair of Sixes
Seat 2: ManoKako showed [9h Kc] and lost with two pair, Nines and Sixes
Seat 3: Dorex2007 folded before Flop (didn't bet)
Seat 4: loose kaboos folded before Flop (didn't bet)
Seat 5: CPS2017 (button) folded before Flop (didn't bet)
Seat 6: SunTzuARG (small blind) folded before Flop
Seat 7: Wild-1995 (big blind) folded before Flop
Seat 8: 139qmb folded before Flop (didn't bet)
Seat 9: Xósem showed [Th Ts] and won ($2.80) with two pair, Tens and Sixes



PokerStars Hand #227284157895:  Hold'em No Limit ($0.01/$0.02 USD) - 2021/06/02 20:08:08 PT [2021/06/02 23:08:08 ET]
Table 'Dufour III' 9-max Seat #6 is the button
Seat 1: etienne16671 ($0.07 in chips) 
Seat 3: Dorex2007 ($2.38 in chips) 
Seat 4: loose kaboos ($1.93 in chips) 
Seat 5: CPS2017 ($1.89 in chips) 
Seat 6: SunTzuARG ($3.41 in chips) 
Seat 7: Wild-1995 ($3.83 in chips) 
Seat 8: 139qmb ($2.31 in chips) 
Seat 9: Xósem ($2.80 in chips) 
Wild-1995: posts small blind $0.01
139qmb: posts big blind $0.02
*** HOLE CARDS ***
Dealt to Dorex2007 [5h 8c]
Xósem: folds 
etienne16671: folds 
Dorex2007: folds 
loose kaboos: raises $0.04 to $0.06
CPS2017: folds 
SunTzuARG: folds 
Wild-1995: raises $0.05 to $0.11
139qmb: folds 
loose kaboos: calls $0.05
*** FLOP *** [Ts 2s 7h]
Wild-1995: bets $0.11
loose kaboos: raises $0.11 to $0.22
Wild-1995: raises $0.11 to $0.33
loose kaboos: calls $0.11
*** TURN *** [Ts 2s 7h] [8h]
Wild-1995: bets $0.02
loose kaboos: calls $0.02
*** RIVER *** [Ts 2s 7h 8h] [6c]
Wild-1995: bets $0.05
loose kaboos: calls $0.05
*** SHOW DOWN ***
Wild-1995: shows [Ah Ac] (a pair of Aces)
loose kaboos: mucks hand 
Wild-1995 collected $1 from pot
*** SUMMARY ***
Total pot $1.04 | Rake $0.04 
Board [Ts 2s 7h 8h 6c]
Seat 1: etienne16671 folded before Flop (didn't bet)
Seat 3: Dorex2007 folded before Flop (didn't bet)
Seat 4: loose kaboos mucked [Qc Qs]
Seat 5: CPS2017 folded before Flop (didn't bet)
Seat 6: SunTzuARG (button) folded before Flop (didn't bet)
Seat 7: Wild-1995 (small blind) showed [Ah Ac] and won ($1) with a pair of Aces
Seat 8: 139qmb (big blind) folded before Flop
Seat 9: Xósem folded before Flop (didn't bet)



PokerStars Hand #227284171069:  Hold'em No Limit ($0.01/$0.02 USD) - 2021/06/02 20:09:00 PT [2021/06/02 23:09:00 ET]
Table 'Dufour III' 9-max Seat #7 is the button
Seat 1: etienne16671 ($2 in chips) 
Seat 2: ManoKako ($0.80 in chips) 
Seat 3: Dorex2007 ($2.38 in chips) 
Seat 4: loose kaboos ($1.42 in chips) 
Seat 5: CPS2017 ($1.89 in chips) 
Seat 6: SunTzuARG ($3.41 in chips) 
Seat 7: Wild-1995 ($4.32 in chips) 
Seat 8: 139qmb ($2.29 in chips) 
Seat 9: Xósem ($2.80 in chips) 
139qmb: posts small blind $0.01
Xósem: posts big blind $0.02
*** HOLE CARDS ***
Dealt to Dorex2007 [5d 2c]
etienne16671: calls $0.02
ManoKako: raises $0.02 to $0.04
Dorex2007: folds 
loose kaboos: folds 
CPS2017: folds 
SunTzuARG: folds 
Wild-1995: raises $0.02 to $0.06
139qmb: folds 
Xósem: folds 
etienne16671: calls $0.04
ManoKako: raises $0.02 to $0.08
Wild-1995: calls $0.02
etienne16671: calls $0.02
*** FLOP *** [8c 6d 8h]
etienne16671: checks 
ManoKako: checks 
Wild-1995: bets $0.02
etienne16671: calls $0.02
ManoKako: calls $0.02
*** TURN *** [8c 6d 8h] [2h]
etienne16671: checks 
ManoKako: checks 
Wild-1995: bets $0.16
etienne16671: calls $0.16
ManoKako: folds 
*** RIVER *** [8c 6d 8h 2h] [3s]
etienne16671: checks 
Wild-1995: bets $0.31
etienne16671: folds 
Uncalled bet ($0.31) returned to Wild-1995
Wild-1995 collected $0.63 from pot
Wild-1995: doesn't show hand 
*** SUMMARY ***
Total pot $0.65 | Rake $0.02 
Board [8c 6d 8h 2h 3s]
Seat 1: etienne16671 folded on the River
Seat 2: ManoKako folded on the Turn
Seat 3: Dorex2007 folded before Flop (didn't bet)
Seat 4: loose kaboos folded before Flop (didn't bet)
Seat 5: CPS2017 folded before Flop (didn't bet)
Seat 6: SunTzuARG folded before Flop (didn't bet)
Seat 7: Wild-1995 (button) collected ($0.63)
Seat 8: 139qmb (small blind) folded before Flop
Seat 9: Xósem (big blind) folded before Flop



PokerStars Hand #227284183674:  Hold'em No Limit ($0.01/$0.02 USD) - 2021/06/02 20:10:04 PT [2021/06/02 23:10:04 ET]
Table 'Dufour III' 9-max Seat #8 is the button
Seat 1: etienne16671 ($1.74 in chips) 
Seat 2: ManoKako ($0.70 in chips) 
Seat 3: Dorex2007 ($2.38 in chips) 
Seat 4: loose kaboos ($1.42 in chips) 
Seat 5: CPS2017 ($1.89 in chips) 
Seat 6: SunTzuARG ($3.41 in chips) 
Seat 7: Wild-1995 ($4.69 in chips) 
Seat 8: 139qmb ($2.28 in chips) 
Seat 9: Xósem ($2.78 in chips) 
Xósem: posts small blind $0.01
etienne16671: posts big blind $0.02
*** HOLE CARDS ***
Dealt to Dorex2007 [5h 8s]
ManoKako: folds 
Dorex2007: folds 
loose kaboos: raises $0.04 to $0.06
CPS2017: folds 
SunTzuARG: folds 
Wild-1995: folds 
139qmb: folds 
Xósem: folds 
etienne16671: folds 
Uncalled bet ($0.04) returned to loose kaboos
loose kaboos collected $0.05 from pot
loose kaboos: doesn't show hand 
*** SUMMARY ***
Total pot $0.05 | Rake $0 
Seat 1: etienne16671 (big blind) folded before Flop
Seat 2: ManoKako folded before Flop (didn't bet)
Seat 3: Dorex2007 folded before Flop (didn't bet)
Seat 4: loose kaboos collected ($0.05)
Seat 5: CPS2017 folded before Flop (didn't bet)
Seat 6: SunTzuARG folded before Flop (didn't bet)
Seat 7: Wild-1995 folded before Flop (didn't bet)
Seat 8: 139qmb (button) folded before Flop (didn't bet)
Seat 9: Xósem (small blind) folded before Flop



PokerStars Hand #227284188163:  Hold'em No Limit ($0.01/$0.02 USD) - 2021/06/02 20:10:27 PT [2021/06/02 23:10:27 ET]
Table 'Dufour III' 9-max Seat #9 is the button
Seat 1: etienne16671 ($1.72 in chips) 
Seat 2: ManoKako ($0.70 in chips) 
Seat 3: Dorex2007 ($2.38 in chips) 
Seat 4: loose kaboos ($1.45 in chips) 
Seat 5: CPS2017 ($1.89 in chips) 
Seat 6: SunTzuARG ($3.41 in chips) 
Seat 7: Wild-1995 ($4.69 in chips) 
Seat 8: 139qmb ($2.28 in chips) 
Seat 9: Xósem ($2.77 in chips) 
etienne16671: posts small blind $0.01
ManoKako: posts big blind $0.02
*** HOLE CARDS ***
Dealt to Dorex2007 [4d 5d]
Dorex2007: folds 
loose kaboos: calls $0.02
CPS2017: folds 
SunTzuARG: raises $0.06 to $0.08
Wild-1995: folds 
139qmb: folds 
Xósem: folds 
etienne16671: folds 
ManoKako: calls $0.06
loose kaboos: calls $0.06
*** FLOP *** [Ac 2c 2s]
ManoKako: bets $0.12
loose kaboos: folds 
SunTzuARG: calls $0.12
*** TURN *** [Ac 2c 2s] [Qc]
ManoKako: bets $0.50 and is all-in
SunTzuARG: folds 
Uncalled bet ($0.50) returned to ManoKako
ManoKako collected $0.47 from pot
ManoKako: doesn't show hand 
*** SUMMARY ***
Total pot $0.49 | Rake $0.02 
Board [Ac 2c 2s Qc]
Seat 1: etienne16671 (small blind) folded before Flop
Seat 2: ManoKako (big blind) collected ($0.47)
Seat 3: Dorex2007 folded before Flop (didn't bet)
Seat 4: loose kaboos folded on the Flop
Seat 5: CPS2017 folded before Flop (didn't bet)
Seat 6: SunTzuARG folded on the Turn
Seat 7: Wild-1995 folded before Flop (didn't bet)
Seat 8: 139qmb folded before Flop (didn't bet)
Seat 9: Xósem (button) folded before Flop (didn't bet)



PokerStars Hand #227284196368:  Hold'em No Limit ($0.01/$0.02 USD) - 2021/06/02 20:11:08 PT [2021/06/02 23:11:08 ET]
Table 'Dufour III' 9-max Seat #1 is the button
Seat 1: etienne16671 ($1.71 in chips) 
Seat 2: ManoKako ($0.97 in chips) 
Seat 3: Dorex2007 ($2.38 in chips) 
Seat 4: loose kaboos ($1.37 in chips) 
Seat 5: CPS2017 ($1.89 in chips) 
Seat 6: SunTzuARG ($3.21 in chips) 
Seat 7: Wild-1995 ($4.69 in chips) 
Seat 8: 139qmb ($2.28 in chips) 
Seat 9: Xósem ($2.77 in chips) 
ManoKako: posts small blind $0.01
Dorex2007: posts big blind $0.02
*** HOLE CARDS ***
Dealt to Dorex2007 [Qc 4s]
loose kaboos: folds 
CPS2017: folds 
SunTzuARG: folds 
Wild-1995: raises $0.04 to $0.06
139qmb: folds 
Xósem: folds 
etienne16671: folds 
ManoKako: calls $0.05
Dorex2007: folds 
*** FLOP *** [Qs 9d Jd]
ManoKako: checks 
Wild-1995: checks 
*** TURN *** [Qs 9d Jd] [Td]
ManoKako: checks 
Wild-1995: checks 
*** RIVER *** [Qs 9d Jd Td] [7c]
ManoKako: checks 
Wild-1995: checks 
*** SHOW DOWN ***
ManoKako: shows [6h 5d] (high card Queen)
Wild-1995: shows [9c Tc] (two pair, Tens and Nines)
Wild-1995 collected $0.14 from pot
*** SUMMARY ***
Total pot $0.14 | Rake $0 
Board [Qs 9d Jd Td 7c]
Seat 1: etienne16671 (button) folded before Flop (didn't bet)
Seat 2: ManoKako (small blind) showed [6h 5d] and lost with high card Queen
Seat 3: Dorex2007 (big blind) folded before Flop
Seat 4: loose kaboos folded before Flop (didn't bet)
Seat 5: CPS2017 folded before Flop (didn't bet)
Seat 6: SunTzuARG folded before Flop (didn't bet)
Seat 7: Wild-1995 showed [9c Tc] and won ($0.14) with two pair, Tens and Nines
Seat 8: 139qmb folded before Flop (didn't bet)
Seat 9: Xósem folded before Flop (didn't bet)



PokerStars Hand #227284203327:  Hold'em No Limit ($0.01/$0.02 USD) - 2021/06/02 20:11:44 PT [2021/06/02 23:11:44 ET]
Table 'Dufour III' 9-max Seat #2 is the button
Seat 1: etienne16671 ($1.71 in chips) 
Seat 2: ManoKako ($0.91 in chips) 
Seat 3: Dorex2007 ($2.36 in chips) 
Seat 4: loose kaboos ($1.37 in chips) 
Seat 5: CPS2017 ($1.89 in chips) 
Seat 6: SunTzuARG ($3.21 in chips) 
Seat 7: Wild-1995 ($4.77 in chips) 
Seat 8: 139qmb ($2.28 in chips) 
Seat 9: Xósem ($2.77 in chips) 
Dorex2007: posts small blind $0.01
loose kaboos: posts big blind $0.02
*** HOLE CARDS ***
Dealt to Dorex2007 [Ks Jh]
CPS2017: folds 
SunTzuARG: folds 
Wild-1995: folds 
139qmb: raises $0.04 to $0.06
Xósem: folds 
etienne16671: calls $0.06
ManoKako: folds 
Dorex2007: folds 
loose kaboos: calls $0.04
*** FLOP *** [Js 5h 8h]
loose kaboos: checks 
139qmb: bets $0.12
etienne16671: folds 
loose kaboos: calls $0.12
*** TURN *** [Js 5h 8h] [5c]
loose kaboos: checks 
139qmb: bets $0.28
loose kaboos: raises $0.28 to $0.56
139qmb: calls $0.28
*** RIVER *** [Js 5h 8h 5c] [Tc]
loose kaboos: bets $0.63 and is all-in
139qmb: calls $0.63
*** SHOW DOWN ***
loose kaboos: shows [6s 5s] (three of a kind, Fives)
139qmb: shows [Ah Jc] (two pair, Jacks and Fives)
loose kaboos collected $2.71 from pot
*** SUMMARY ***
Total pot $2.81 | Rake $0.10 
Board [Js 5h 8h 5c Tc]
Seat 1: etienne16671 folded on the Flop
Seat 2: ManoKako (button) folded before Flop (didn't bet)
Seat 3: Dorex2007 (small blind) folded before Flop
Seat 4: loose kaboos (big blind) showed [6s 5s] and won ($2.71) with three of a kind, Fives
Seat 5: CPS2017 folded before Flop (didn't bet)
Seat 6: SunTzuARG folded before Flop (didn't bet)
Seat 7: Wild-1995 folded before Flop (didn't bet)
Seat 8: 139qmb showed [Ah Jc] and lost with two pair, Jacks and Fives
Seat 9: Xósem folded before Flop (didn't bet)



PokerStars Hand #227284215083:  Hold'em No Limit ($0.01/$0.02 USD) - 2021/06/02 20:12:42 PT [2021/06/02 23:12:42 ET]
Table 'Dufour III' 9-max Seat #3 is the button
Seat 1: etienne16671 ($1.65 in chips) 
Seat 2: ManoKako ($0.91 in chips) 
Seat 3: Dorex2007 ($2.35 in chips) 
Seat 4: loose kaboos ($2.71 in chips) 
Seat 5: CPS2017 ($1.89 in chips) 
Seat 6: SunTzuARG ($3.21 in chips) 
Seat 7: Wild-1995 ($4.77 in chips) 
Seat 8: 139qmb ($0.91 in chips) 
Seat 9: Xósem ($2.77 in chips) 
loose kaboos: posts small blind $0.01
CPS2017: posts big blind $0.02
*** HOLE CARDS ***
Dealt to Dorex2007 [7h 2d]
SunTzuARG: folds 
Wild-1995: folds 
139qmb: folds 
Xósem: folds 
etienne16671: folds 
ManoKako: folds 
Dorex2007: folds 
loose kaboos: folds 
Uncalled bet ($0.01) returned to CPS2017
CPS2017 collected $0.02 from pot
*** SUMMARY ***
Total pot $0.02 | Rake $0 
Seat 1: etienne16671 folded before Flop (didn't bet)
Seat 2: ManoKako folded before Flop (didn't bet)
Seat 3: Dorex2007 (button) folded before Flop (didn't bet)
Seat 4: loose kaboos (small blind) folded before Flop
Seat 5: CPS2017 (big blind) collected ($0.02)
Seat 6: SunTzuARG folded before Flop (didn't bet)
Seat 7: Wild-1995 folded before Flop (didn't bet)
Seat 8: 139qmb folded before Flop (didn't bet)
Seat 9: Xósem folded before Flop (didn't bet)



PokerStars Hand #227284219256:  Hold'em No Limit ($0.01/$0.02 USD) - 2021/06/02 20:13:03 PT [2021/06/02 23:13:03 ET]
Table 'Dufour III' 9-max Seat #4 is the button
Seat 1: etienne16671 ($1.65 in chips) 
Seat 2: ManoKako ($0.91 in chips) 
Seat 3: Dorex2007 ($2.35 in chips) 
Seat 4: loose kaboos ($2.70 in chips) 
Seat 5: CPS2017 ($1.90 in chips) 
Seat 6: SunTzuARG ($3.21 in chips) 
Seat 7: Wild-1995 ($4.77 in chips) 
Seat 8: 139qmb ($0.91 in chips) 
Seat 9: Xósem ($2.77 in chips) 
CPS2017: posts small blind $0.01
SunTzuARG: posts big blind $0.02
*** HOLE CARDS ***
Dealt to Dorex2007 [Jc 6h]
Wild-1995: folds 
139qmb: folds 
Xósem: folds 
etienne16671: calls $0.02
ManoKako: raises $0.07 to $0.09
Dorex2007: folds 
loose kaboos: folds 
CPS2017: calls $0.08
SunTzuARG: folds 
etienne16671: calls $0.07
*** FLOP *** [Kc Ks Ah]
CPS2017: checks 
etienne16671: checks 
ManoKako: checks 
*** TURN *** [Kc Ks Ah] [8d]
CPS2017: checks 
etienne16671: bets $0.14
ManoKako: calls $0.14
CPS2017: calls $0.14
*** RIVER *** [Kc Ks Ah 8d] [2c]
CPS2017: bets $0.10
etienne16671: folds 
ManoKako: calls $0.10
*** SHOW DOWN ***
CPS2017: shows [Jh Kh] (three of a kind, Kings)
ManoKako: mucks hand 
CPS2017 collected $0.88 from pot
*** SUMMARY ***
Total pot $0.91 | Rake $0.03 
Board [Kc Ks Ah 8d 2c]
Seat 1: etienne16671 folded on the River
Seat 2: ManoKako mucked [9h 9s]
Seat 3: Dorex2007 folded before Flop (didn't bet)
Seat 4: loose kaboos (button) folded before Flop (didn't bet)
Seat 5: CPS2017 (small blind) showed [Jh Kh] and won ($0.88) with three of a kind, Kings
Seat 6: SunTzuARG (big blind) folded before Flop
Seat 7: Wild-1995 folded before Flop (didn't bet)
Seat 8: 139qmb folded before Flop (didn't bet)
Seat 9: Xósem folded before Flop (didn't bet)



PokerStars Hand #227284232606:  Hold'em No Limit ($0.01/$0.02 USD) - 2021/06/02 20:14:11 PT [2021/06/02 23:14:11 ET]
Table 'Dufour III' 9-max Seat #5 is the button
Seat 1: etienne16671 ($1.42 in chips) 
Seat 2: ManoKako ($0.58 in chips) 
Seat 3: Dorex2007 ($2.35 in chips) 
Seat 4: loose kaboos ($2.70 in chips) 
Seat 5: CPS2017 ($2.45 in chips) 
Seat 6: SunTzuARG ($3.19 in chips) 
Seat 7: Wild-1995 ($4.77 in chips) 
Seat 8: 139qmb ($0.91 in chips) 
Seat 9: Xósem ($2.77 in chips) 
SunTzuARG: posts small blind $0.01
Wild-1995: posts big blind $0.02
*** HOLE CARDS ***
Dealt to Dorex2007 [6h 4c]
139qmb: folds 
Xósem: folds 
etienne16671: calls $0.02
ManoKako: calls $0.02
Dorex2007: folds 
loose kaboos: calls $0.02
CPS2017: calls $0.02
SunTzuARG: raises $0.14 to $0.16
Wild-1995: folds 
etienne16671: folds 
ManoKako: folds 
loose kaboos: folds 
CPS2017: folds 
Uncalled bet ($0.14) returned to SunTzuARG
SunTzuARG collected $0.12 from pot
SunTzuARG: doesn't show hand 
*** SUMMARY ***
Total pot $0.12 | Rake $0 
Seat 1: etienne16671 folded before Flop
Seat 2: ManoKako folded before Flop
Seat 3: Dorex2007 folded before Flop (didn't bet)
Seat 4: loose kaboos folded before Flop
Seat 5: CPS2017 (button) folded before Flop
Seat 6: SunTzuARG (small blind) collected ($0.12)
Seat 7: Wild-1995 (big blind) folded before Flop
Seat 8: 139qmb folded before Flop (didn't bet)
Seat 9: Xósem folded before Flop (didn't bet)



PokerStars Hand #227284241581:  Hold'em No Limit ($0.01/$0.02 USD) - 2021/06/02 20:14:46 PT [2021/06/02 23:14:46 ET]
Table 'Dufour III' 9-max Seat #6 is the button
Seat 1: etienne16671 ($1.40 in chips) 
Seat 2: ManoKako ($0.56 in chips) 
Seat 3: Dorex2007 ($2.35 in chips) 
Seat 4: loose kaboos ($2.68 in chips) 
Seat 5: CPS2017 ($2.43 in chips) 
Seat 6: SunTzuARG ($3.29 in chips) 
Seat 7: Wild-1995 ($4.75 in chips) 
Seat 8: 139qmb ($0.91 in chips) 
Seat 9: Xósem ($2.77 in chips) 
Wild-1995: posts small blind $0.01
139qmb: posts big blind $0.02
*** HOLE CARDS ***
Dealt to Dorex2007 [3h 9s]
Xósem: folds 
etienne16671: raises $0.08 to $0.10
ManoKako: calls $0.10
Dorex2007: folds 
loose kaboos: folds 
CPS2017: folds 
SunTzuARG: folds 
Wild-1995: calls $0.09
139qmb: folds 
*** FLOP *** [6h 5h Ks]
Wild-1995: checks 
etienne16671: bets $0.12
ManoKako: raises $0.34 to $0.46 and is all-in
Wild-1995: folds 
etienne16671: calls $0.34
*** TURN *** [6h 5h Ks] [4d]
*** RIVER *** [6h 5h Ks 4d] [Kd]
*** SHOW DOWN ***
etienne16671: shows [3c 3s] (two pair, Kings and Threes)
ManoKako: shows [Js 9h] (a pair of Kings)
etienne16671 collected $1.20 from pot
*** SUMMARY ***
Total pot $1.24 | Rake $0.04 
Board [6h 5h Ks 4d Kd]
Seat 1: etienne16671 showed [3c 3s] and won ($1.20) with two pair, Kings and Threes
Seat 2: ManoKako showed [Js 9h] and lost with a pair of Kings
Seat 3: Dorex2007 folded before Flop (didn't bet)
Seat 4: loose kaboos folded before Flop (didn't bet)
Seat 5: CPS2017 folded before Flop (didn't bet)
Seat 6: SunTzuARG (button) folded before Flop (didn't bet)
Seat 7: Wild-1995 (small blind) folded on the Flop
Seat 8: 139qmb (big blind) folded before Flop
Seat 9: Xósem folded before Flop (didn't bet)



PokerStars Hand #227284253794:  Hold'em No Limit ($0.01/$0.02 USD) - 2021/06/02 20:15:48 PT [2021/06/02 23:15:48 ET]
Table 'Dufour III' 9-max Seat #7 is the button
Seat 1: etienne16671 ($2.04 in chips) 
Seat 3: Dorex2007 ($2.35 in chips) 
Seat 4: loose kaboos ($2.68 in chips) 
Seat 5: CPS2017 ($2.43 in chips) 
Seat 6: SunTzuARG ($3.29 in chips) 
Seat 7: Wild-1995 ($4.65 in chips) 
Seat 8: 139qmb ($0.89 in chips) 
Seat 9: Xósem ($2.77 in chips) 
139qmb: posts small blind $0.01
Xósem: posts big blind $0.02
*** HOLE CARDS ***
Dealt to Dorex2007 [2s 9h]
etienne16671: raises $0.06 to $0.08
Dorex2007: folds 
loose kaboos: folds 
CPS2017: folds 
SunTzuARG: folds 
Wild-1995: calls $0.08
139qmb: folds 
Xósem: calls $0.06
*** FLOP *** [Qd Qh Qs]
Xósem: checks 
etienne16671: bets $0.12
Wild-1995: calls $0.12
Xósem: folds 
*** TURN *** [Qd Qh Qs] [9d]
etienne16671: checks 
Wild-1995: bets $0.23
etienne16671: folds 
Uncalled bet ($0.23) returned to Wild-1995
Wild-1995 collected $0.47 from pot
Wild-1995: doesn't show hand 
*** SUMMARY ***
Total pot $0.49 | Rake $0.02 
Board [Qd Qh Qs 9d]
Seat 1: etienne16671 folded on the Turn
Seat 3: Dorex2007 folded before Flop (didn't bet)
Seat 4: loose kaboos folded before Flop (didn't bet)
Seat 5: CPS2017 folded before Flop (didn't bet)
Seat 6: SunTzuARG folded before Flop (didn't bet)
Seat 7: Wild-1995 (button) collected ($0.47)
Seat 8: 139qmb (small blind) folded before Flop
Seat 9: Xósem (big blind) folded on the Flop



PokerStars Hand #227284265286:  Hold'em No Limit ($0.01/$0.02 USD) - 2021/06/02 20:16:45 PT [2021/06/02 23:16:45 ET]
Table 'Dufour III' 9-max Seat #8 is the button
Seat 1: etienne16671 ($1.84 in chips) 
Seat 2: ManoKako ($0.90 in chips) 
Seat 3: Dorex2007 ($2.35 in chips) 
Seat 4: loose kaboos ($2.68 in chips) 
Seat 5: CPS2017 ($2.43 in chips) 
Seat 6: SunTzuARG ($3.29 in chips) 
Seat 7: Wild-1995 ($4.92 in chips) 
Seat 8: 139qmb ($0.88 in chips) 
Seat 9: Xósem ($2.69 in chips) 
Xósem: posts small blind $0.01
etienne16671: posts big blind $0.02
*** HOLE CARDS ***
Dealt to Dorex2007 [Kc 6d]
ManoKako: raises $0.02 to $0.04
Dorex2007: folds 
loose kaboos: folds 
CPS2017: folds 
SunTzuARG: folds 
Wild-1995: folds 
139qmb: folds 
Xósem: folds 
etienne16671: calls $0.02
*** FLOP *** [8c 7c Js]
etienne16671: checks 
ManoKako: bets $0.04
etienne16671: calls $0.04
*** TURN *** [8c 7c Js] [As]
etienne16671: checks 
ManoKako: bets $0.08
etienne16671: raises $0.16 to $0.24
ManoKako: raises $0.16 to $0.40
etienne16671: raises $0.48 to $0.88
ManoKako: calls $0.42 and is all-in
Uncalled bet ($0.06) returned to etienne16671
*** RIVER *** [8c 7c Js As] [Ad]
*** SHOW DOWN ***
etienne16671: shows [Ah 7h] (a full house, Aces full of Sevens)
ManoKako: shows [Ac Kd] (three of a kind, Aces)
etienne16671 collected $1.75 from pot
*** SUMMARY ***
Total pot $1.81 | Rake $0.06 
Board [8c 7c Js As Ad]
Seat 1: etienne16671 (big blind) showed [Ah 7h] and won ($1.75) with a full house, Aces full of Sevens
Seat 2: ManoKako showed [Ac Kd] and lost with three of a kind, Aces
Seat 3: Dorex2007 folded before Flop (didn't bet)
Seat 4: loose kaboos folded before Flop (didn't bet)
Seat 5: CPS2017 folded before Flop (didn't bet)
Seat 6: SunTzuARG folded before Flop (didn't bet)
Seat 7: Wild-1995 folded before Flop (didn't bet)
Seat 8: 139qmb (button) folded before Flop (didn't bet)
Seat 9: Xósem (small blind) folded before Flop



PokerStars Hand #227284276031:  Hold'em No Limit ($0.01/$0.02 USD) - 2021/06/02 20:17:40 PT [2021/06/02 23:17:40 ET]
Table 'Dufour III' 9-max Seat #9 is the button
Seat 1: etienne16671 ($2.69 in chips) 
Seat 3: Dorex2007 ($2.35 in chips) 
Seat 4: loose kaboos ($2.68 in chips) 
Seat 5: CPS2017 ($2.43 in chips) 
Seat 6: SunTzuARG ($3.29 in chips) 
Seat 7: Wild-1995 ($4.92 in chips) 
Seat 8: 139qmb ($2 in chips) 
Seat 9: Xósem ($2.68 in chips) 
etienne16671: posts small blind $0.01
Dorex2007: posts big blind $0.02
*** HOLE CARDS ***
Dealt to Dorex2007 [6s 3d]
loose kaboos: calls $0.02
CPS2017: folds 
SunTzuARG: raises $0.06 to $0.08
Wild-1995: folds 
139qmb: folds 
Xósem: folds 
etienne16671: folds 
Dorex2007: folds 
loose kaboos: folds 
Uncalled bet ($0.06) returned to SunTzuARG
SunTzuARG collected $0.07 from pot
SunTzuARG: doesn't show hand 
*** SUMMARY ***
Total pot $0.07 | Rake $0 
Seat 1: etienne16671 (small blind) folded before Flop
Seat 3: Dorex2007 (big blind) folded before Flop
Seat 4: loose kaboos folded before Flop
Seat 5: CPS2017 folded before Flop (didn't bet)
Seat 6: SunTzuARG collected ($0.07)
Seat 7: Wild-1995 folded before Flop (didn't bet)
Seat 8: 139qmb folded before Flop (didn't bet)
Seat 9: Xósem (button) folded before Flop (didn't bet)



PokerStars Hand #227284284626:  Hold'em No Limit ($0.01/$0.02 USD) - 2021/06/02 20:18:23 PT [2021/06/02 23:18:23 ET]
Table 'Dufour III' 9-max Seat #1 is the button
Seat 1: etienne16671 ($2.68 in chips) 
Seat 3: Dorex2007 ($2.33 in chips) 
Seat 4: loose kaboos ($2.66 in chips) 
Seat 5: CPS2017 ($2.43 in chips) 
Seat 6: SunTzuARG ($3.34 in chips) 
Seat 7: Wild-1995 ($4.92 in chips) 
Seat 8: 139qmb ($2 in chips) 
Seat 9: Xósem ($2.68 in chips) 
Dorex2007: posts small blind $0.01
loose kaboos: posts big blind $0.02
*** HOLE CARDS ***
Dealt to Dorex2007 [Th 9h]
CPS2017: folds 
SunTzuARG: folds 
Wild-1995: folds 
139qmb: folds 
Xósem: folds 
etienne16671: folds 
Dorex2007: raises $0.02 to $0.04
loose kaboos: folds 
Uncalled bet ($0.02) returned to Dorex2007
Dorex2007 collected $0.04 from pot
Dorex2007: doesn't show hand 
*** SUMMARY ***
Total pot $0.04 | Rake $0 
Seat 1: etienne16671 (button) folded before Flop (didn't bet)
Seat 3: Dorex2007 (small blind) collected ($0.04)
Seat 4: loose kaboos (big blind) folded before Flop
Seat 5: CPS2017 folded before Flop (didn't bet)
Seat 6: SunTzuARG folded before Flop (didn't bet)
Seat 7: Wild-1995 folded before Flop (didn't bet)
Seat 8: 139qmb folded before Flop (didn't bet)
Seat 9: Xósem folded before Flop (didn't bet)



PokerStars Hand #227284288387:  Hold'em No Limit ($0.01/$0.02 USD) - 2021/06/02 20:18:42 PT [2021/06/02 23:18:42 ET]
Table 'Dufour III' 9-max Seat #3 is the button
Seat 1: etienne16671 ($2.68 in chips) 
Seat 2: ManoKako ($0.80 in chips) 
Seat 3: Dorex2007 ($2.35 in chips) 
Seat 4: loose kaboos ($2.64 in chips) 
Seat 5: CPS2017 ($2.43 in chips) 
Seat 6: SunTzuARG ($3.34 in chips) 
Seat 7: Wild-1995 ($4.92 in chips) 
Seat 8: 139qmb ($2 in chips) 
Seat 9: Xósem ($2.68 in chips) 
loose kaboos: posts small blind $0.01
CPS2017: posts big blind $0.02
ManoKako: posts small & big blinds $0.03
*** HOLE CARDS ***
Dealt to Dorex2007 [Ac 5c]
SunTzuARG: folds 
Wild-1995: folds 
139qmb: calls $0.02
Xósem: calls $0.02
etienne16671: folds 
ManoKako: checks 
Dorex2007: calls $0.02
loose kaboos: calls $0.01
CPS2017: checks 
*** FLOP *** [7d 2d 7h]
loose kaboos: checks 
CPS2017: checks 
139qmb: checks 
Xósem: checks 
ManoKako: checks 
Dorex2007: bets $0.02
loose kaboos: calls $0.02
CPS2017: folds 
139qmb: calls $0.02
Xósem: folds 
ManoKako: folds 
*** TURN *** [7d 2d 7h] [Td]
loose kaboos: checks 
139qmb: checks 
Dorex2007: bets $0.12
loose kaboos: folds 
139qmb: folds 
Uncalled bet ($0.12) returned to Dorex2007
Dorex2007 collected $0.18 from pot
Dorex2007: doesn't show hand 
*** SUMMARY ***
Total pot $0.19 | Rake $0.01 
Board [7d 2d 7h Td]
Seat 1: etienne16671 folded before Flop (didn't bet)
Seat 2: ManoKako folded on the Flop (didn't bet)
Seat 3: Dorex2007 (button) collected ($0.18)
Seat 4: loose kaboos (small blind) folded on the Turn
Seat 5: CPS2017 (big blind) folded on the Flop
Seat 6: SunTzuARG folded before Flop (didn't bet)
Seat 7: Wild-1995 folded before Flop (didn't bet)
Seat 8: 139qmb folded on the Turn
Seat 9: Xósem folded on the Flop



PokerStars Hand #227284315840:  Hold'em No Limit ($0.01/$0.02 USD) - 2021/06/02 20:20:13 PT [2021/06/02 23:20:13 ET]
Table 'Dufour III' 9-max Seat #4 is the button
Seat 1: etienne16671 ($2.68 in chips) 
Seat 2: ManoKako ($0.77 in chips) 
Seat 3: Dorex2007 ($2.49 in chips) 
Seat 4: loose kaboos ($2.60 in chips) 
Seat 5: CPS2017 ($2.41 in chips) 
Seat 6: SunTzuARG ($3.34 in chips) 
Seat 7: Wild-1995 ($4.92 in chips) 
Seat 8: 139qmb ($1.96 in chips) 
Seat 9: Xósem ($2.66 in chips) 
CPS2017: posts small blind $0.01
SunTzuARG: posts big blind $0.02
*** HOLE CARDS ***
Dealt to Dorex2007 [4d 2s]
Wild-1995: calls $0.02
139qmb: folds 
Xósem: folds 
etienne16671: folds 
ManoKako: raises $0.07 to $0.09
Dorex2007: folds 
loose kaboos: calls $0.09
CPS2017: folds 
SunTzuARG: folds 
Wild-1995: calls $0.07
*** FLOP *** [2c Ad 9c]
Wild-1995: checks 
ManoKako: bets $0.68 and is all-in
loose kaboos: folds 
Wild-1995: folds 
Uncalled bet ($0.68) returned to ManoKako
ManoKako collected $0.29 from pot
ManoKako: doesn't show hand 
*** SUMMARY ***
Total pot $0.30 | Rake $0.01 
Board [2c Ad 9c]
Seat 1: etienne16671 folded before Flop (didn't bet)
Seat 2: ManoKako collected ($0.29)
Seat 3: Dorex2007 folded before Flop (didn't bet)
Seat 4: loose kaboos (button) folded on the Flop
Seat 5: CPS2017 (small blind) folded before Flop
Seat 6: SunTzuARG (big blind) folded before Flop
Seat 7: Wild-1995 folded on the Flop
Seat 8: 139qmb folded before Flop (didn't bet)
Seat 9: Xósem folded before Flop (didn't bet)



PokerStars Hand #227284322130:  Hold'em No Limit ($0.01/$0.02 USD) - 2021/06/02 20:20:45 PT [2021/06/02 23:20:45 ET]
Table 'Dufour III' 9-max Seat #5 is the button
Seat 1: etienne16671 ($2.68 in chips) 
Seat 2: ManoKako ($0.97 in chips) 
Seat 3: Dorex2007 ($2.49 in chips) 
Seat 4: loose kaboos ($2.51 in chips) 
Seat 5: CPS2017 ($2.40 in chips) 
Seat 6: SunTzuARG ($3.32 in chips) 
Seat 7: Wild-1995 ($4.83 in chips) 
Seat 8: 139qmb ($1.96 in chips) 
Seat 9: Xósem ($2.66 in chips) 
SunTzuARG: posts small blind $0.01
Wild-1995: posts big blind $0.02
*** HOLE CARDS ***
Dealt to Dorex2007 [Kh 6h]
139qmb: folds 
Xósem: folds 
etienne16671: folds 
ManoKako: folds 
Dorex2007: folds 
loose kaboos: raises $0.02 to $0.04
CPS2017: folds 
SunTzuARG: folds 
Wild-1995: folds 
Uncalled bet ($0.02) returned to loose kaboos
loose kaboos collected $0.05 from pot
loose kaboos: doesn't show hand 
*** SUMMARY ***
Total pot $0.05 | Rake $0 
Seat 1: etienne16671 folded before Flop (didn't bet)
Seat 2: ManoKako folded before Flop (didn't bet)
Seat 3: Dorex2007 folded before Flop (didn't bet)
Seat 4: loose kaboos collected ($0.05)
Seat 5: CPS2017 (button) folded before Flop (didn't bet)
Seat 6: SunTzuARG (small blind) folded before Flop
Seat 7: Wild-1995 (big blind) folded before Flop
Seat 8: 139qmb folded before Flop (didn't bet)
Seat 9: Xósem folded before Flop (didn't bet)



PokerStars Hand #227284325878:  Hold'em No Limit ($0.01/$0.02 USD) - 2021/06/02 20:21:04 PT [2021/06/02 23:21:04 ET]
Table 'Dufour III' 9-max Seat #6 is the button
Seat 1: etienne16671 ($2.68 in chips) 
Seat 2: ManoKako ($0.97 in chips) 
Seat 3: Dorex2007 ($2.49 in chips) 
Seat 4: loose kaboos ($2.54 in chips) 
Seat 5: CPS2017 ($2.40 in chips) 
Seat 6: SunTzuARG ($3.31 in chips) 
Seat 7: Wild-1995 ($4.81 in chips) 
Seat 8: 139qmb ($1.96 in chips) 
Seat 9: Xósem ($2.66 in chips) 
Wild-1995: posts small blind $0.01
139qmb: posts big blind $0.02
*** HOLE CARDS ***
Dealt to Dorex2007 [4c 4s]
Xósem: folds 
etienne16671: folds 
ManoKako: calls $0.02
Dorex2007: calls $0.02
loose kaboos: calls $0.02
CPS2017: folds 
SunTzuARG: folds 
Wild-1995: calls $0.01
139qmb: checks 
*** FLOP *** [Js 8h 9d]
Wild-1995: checks 
139qmb: checks 
ManoKako: bets $0.05
Dorex2007: folds 
loose kaboos: folds 
Wild-1995: folds 
139qmb: calls $0.05
*** TURN *** [Js 8h 9d] [Ks]
139qmb: checks 
ManoKako: bets $0.10
139qmb: calls $0.10
*** RIVER *** [Js 8h 9d Ks] [2h]
139qmb: checks 
ManoKako: bets $0.33
139qmb: calls $0.33
*** SHOW DOWN ***
ManoKako: shows [Qh 9c] (a pair of Nines)
139qmb: shows [Kd Ts] (a pair of Kings)
139qmb collected $1.02 from pot
*** SUMMARY ***
Total pot $1.06 | Rake $0.04 
Board [Js 8h 9d Ks 2h]
Seat 1: etienne16671 folded before Flop (didn't bet)
Seat 2: ManoKako showed [Qh 9c] and lost with a pair of Nines
Seat 3: Dorex2007 folded on the Flop
Seat 4: loose kaboos folded on the Flop
Seat 5: CPS2017 folded before Flop (didn't bet)
Seat 6: SunTzuARG (button) folded before Flop (didn't bet)
Seat 7: Wild-1995 (small blind) folded on the Flop
Seat 8: 139qmb (big blind) showed [Kd Ts] and won ($1.02) with a pair of Kings
Seat 9: Xósem folded before Flop (didn't bet)



PokerStars Hand #227284339693:  Hold'em No Limit ($0.01/$0.02 USD) - 2021/06/02 20:22:14 PT [2021/06/02 23:22:14 ET]
Table 'Dufour III' 9-max Seat #7 is the button
Seat 1: etienne16671 ($2.68 in chips) 
Seat 2: ManoKako ($0.47 in chips) 
Seat 3: Dorex2007 ($2.47 in chips) 
Seat 4: loose kaboos ($2.52 in chips) 
Seat 5: CPS2017 ($2.40 in chips) 
Seat 6: SunTzuARG ($3.31 in chips) 
Seat 7: Wild-1995 ($4.79 in chips) 
Seat 8: 139qmb ($2.48 in chips) 
Seat 9: Xósem ($2.66 in chips) 
139qmb: posts small blind $0.01
Xósem: posts big blind $0.02
*** HOLE CARDS ***
Dealt to Dorex2007 [3s 7c]
etienne16671: calls $0.02
ManoKako: calls $0.02
Dorex2007: folds 
loose kaboos: calls $0.02
CPS2017: calls $0.02
SunTzuARG: folds 
Wild-1995: raises $0.02 to $0.04
139qmb: folds 
Xósem: calls $0.02
etienne16671: calls $0.02
ManoKako: calls $0.02
loose kaboos: calls $0.02
CPS2017: calls $0.02
*** FLOP *** [Kh 3c 3d]
Xósem: checks 
etienne16671: checks 
ManoKako: checks 
loose kaboos: checks 
CPS2017: checks 
Wild-1995: checks 
*** TURN *** [Kh 3c 3d] [4s]
Xósem: checks 
etienne16671: checks 
ManoKako: checks 
loose kaboos: bets $0.02
CPS2017: folds 
Wild-1995: calls $0.02
Xósem: folds 
etienne16671: calls $0.02
ManoKako: folds 
*** RIVER *** [Kh 3c 3d 4s] [Qd]
etienne16671: checks 
loose kaboos: checks 
Wild-1995: checks 
*** SHOW DOWN ***
etienne16671: shows [5h 7d] (a pair of Threes)
loose kaboos: shows [Th As] (a pair of Threes - Ace kicker)
Wild-1995: shows [4d Ad] (two pair, Fours and Threes)
Wild-1995 collected $0.30 from pot
*** SUMMARY ***
Total pot $0.31 | Rake $0.01 
Board [Kh 3c 3d 4s Qd]
Seat 1: etienne16671 showed [5h 7d] and lost with a pair of Threes
Seat 2: ManoKako folded on the Turn
Seat 3: Dorex2007 folded before Flop (didn't bet)
Seat 4: loose kaboos showed [Th As] and lost with a pair of Threes
Seat 5: CPS2017 folded on the Turn
Seat 6: SunTzuARG folded before Flop (didn't bet)
Seat 7: Wild-1995 (button) showed [4d Ad] and won ($0.30) with two pair, Fours and Threes
Seat 8: 139qmb (small blind) folded before Flop
Seat 9: Xósem (big blind) folded on the Turn



PokerStars Hand #227284355021:  Hold'em No Limit ($0.01/$0.02 USD) - 2021/06/02 20:23:33 PT [2021/06/02 23:23:33 ET]
Table 'Dufour III' 9-max Seat #8 is the button
Seat 1: etienne16671 ($2.62 in chips) 
Seat 2: ManoKako ($0.43 in chips) 
Seat 3: Dorex2007 ($2.47 in chips) 
Seat 4: loose kaboos ($2.46 in chips) 
Seat 5: CPS2017 ($2.36 in chips) 
Seat 6: SunTzuARG ($3.31 in chips) 
Seat 7: Wild-1995 ($5.03 in chips) 
Seat 8: 139qmb ($2.47 in chips) 
Seat 9: Xósem ($2.62 in chips) 
Xósem: posts small blind $0.01
etienne16671: posts big blind $0.02
*** HOLE CARDS ***
Dealt to Dorex2007 [6d 7d]
ManoKako: raises $0.02 to $0.04
Dorex2007: folds 
loose kaboos: folds 
CPS2017: folds 
SunTzuARG: folds 
Wild-1995: raises $0.02 to $0.06
139qmb: calls $0.06
Xósem: folds 
etienne16671: calls $0.04
ManoKako: raises $0.37 to $0.43 and is all-in
Wild-1995: folds 
139qmb: folds 
etienne16671: folds 
Uncalled bet ($0.37) returned to ManoKako
ManoKako collected $0.25 from pot
ManoKako: doesn't show hand 
*** SUMMARY ***
Total pot $0.25 | Rake $0 
Seat 1: etienne16671 (big blind) folded before Flop
Seat 2: ManoKako collected ($0.25)
Seat 3: Dorex2007 folded before Flop (didn't bet)
Seat 4: loose kaboos folded before Flop (didn't bet)
Seat 5: CPS2017 folded before Flop (didn't bet)
Seat 6: SunTzuARG folded before Flop (didn't bet)
Seat 7: Wild-1995 folded before Flop
Seat 8: 139qmb (button) folded before Flop
Seat 9: Xósem (small blind) folded before Flop



PokerStars Hand #227284362667:  Hold'em No Limit ($0.01/$0.02 USD) - 2021/06/02 20:24:12 PT [2021/06/02 23:24:12 ET]
Table 'Dufour III' 9-max Seat #9 is the button
Seat 1: etienne16671 ($2.56 in chips) 
Seat 2: ManoKako ($0.62 in chips) 
Seat 3: Dorex2007 ($2.47 in chips) 
Seat 4: loose kaboos ($2.46 in chips) 
Seat 5: CPS2017 ($2.36 in chips) 
Seat 6: SunTzuARG ($3.31 in chips) 
Seat 7: Wild-1995 ($4.97 in chips) 
Seat 8: 139qmb ($2.41 in chips) 
Seat 9: Xósem ($2.61 in chips) 
etienne16671: posts small blind $0.01
ManoKako: posts big blind $0.02
*** HOLE CARDS ***
Dealt to Dorex2007 [Jc 8c]
Dorex2007: folds 
loose kaboos: folds 
CPS2017: folds 
SunTzuARG: folds 
Wild-1995: raises $0.02 to $0.04
139qmb: calls $0.04
Xósem: calls $0.04
etienne16671: folds 
ManoKako: calls $0.02
*** FLOP *** [6s Ts As]
ManoKako: checks 
Wild-1995: bets $0.08
139qmb: folds 
Xósem: calls $0.08
ManoKako: folds 
*** TURN *** [6s Ts As] [4h]
Wild-1995: bets $0.16
Xósem: calls $0.16
*** RIVER *** [6s Ts As 4h] [7d]
Wild-1995: bets $0.31
Xósem: calls $0.31
*** SHOW DOWN ***
Wild-1995: shows [Qs Js] (a flush, Ace high)
Xósem: mucks hand 
Wild-1995 collected $1.23 from pot
*** SUMMARY ***
Total pot $1.27 | Rake $0.04 
Board [6s Ts As 4h 7d]
Seat 1: etienne16671 (small blind) folded before Flop
Seat 2: ManoKako (big blind) folded on the Flop
Seat 3: Dorex2007 folded before Flop (didn't bet)
Seat 4: loose kaboos folded before Flop (didn't bet)
Seat 5: CPS2017 folded before Flop (didn't bet)
Seat 6: SunTzuARG folded before Flop (didn't bet)
Seat 7: Wild-1995 showed [Qs Js] and won ($1.23) with a flush, Ace high
Seat 8: 139qmb folded on the Flop
Seat 9: Xósem (button) mucked [Ac Td]



PokerStars Hand #227284374469:  Hold'em No Limit ($0.01/$0.02 USD) - 2021/06/02 20:25:13 PT [2021/06/02 23:25:13 ET]
Table 'Dufour III' 9-max Seat #1 is the button
Seat 1: etienne16671 ($2.55 in chips) 
Seat 2: ManoKako ($0.58 in chips) 
Seat 3: Dorex2007 ($2.47 in chips) 
Seat 4: loose kaboos ($2.46 in chips) 
Seat 5: CPS2017 ($2.36 in chips) 
Seat 6: SunTzuARG ($3.31 in chips) 
Seat 7: Wild-1995 ($5.61 in chips) 
Seat 8: 139qmb ($2.37 in chips) 
Seat 9: Xósem ($2.02 in chips) 
ManoKako: posts small blind $0.01
Dorex2007: posts big blind $0.02
*** HOLE CARDS ***
Dealt to Dorex2007 [8d Jh]
loose kaboos: calls $0.02
CPS2017: folds 
SunTzuARG: folds 
Wild-1995: folds 
139qmb: raises $0.06 to $0.08
Xósem: folds 
etienne16671: folds 
ManoKako: raises $0.06 to $0.14
Dorex2007: folds 
loose kaboos: folds 
139qmb: calls $0.06
*** FLOP *** [3h Jd Ad]
ManoKako: bets $0.15
139qmb: raises $0.45 to $0.60
ManoKako: calls $0.29 and is all-in
Uncalled bet ($0.16) returned to 139qmb
*** TURN *** [3h Jd Ad] [6s]
*** RIVER *** [3h Jd Ad 6s] [4c]
*** SHOW DOWN ***
ManoKako: shows [8s As] (a pair of Aces)
139qmb: shows [Ac Qd] (a pair of Aces - Queen kicker)
139qmb collected $1.16 from pot
*** SUMMARY ***
Total pot $1.20 | Rake $0.04 
Board [3h Jd Ad 6s 4c]
Seat 1: etienne16671 (button) folded before Flop (didn't bet)
Seat 2: ManoKako (small blind) showed [8s As] and lost with a pair of Aces
Seat 3: Dorex2007 (big blind) folded before Flop
Seat 4: loose kaboos folded before Flop
Seat 5: CPS2017 folded before Flop (didn't bet)
Seat 6: SunTzuARG folded before Flop (didn't bet)
Seat 7: Wild-1995 folded before Flop (didn't bet)
Seat 8: 139qmb showed [Ac Qd] and won ($1.16) with a pair of Aces
Seat 9: Xósem folded before Flop (didn't bet)



PokerStars Hand #227284382063:  Hold'em No Limit ($0.01/$0.02 USD) - 2021/06/02 20:25:52 PT [2021/06/02 23:25:52 ET]
Table 'Dufour III' 9-max Seat #3 is the button
Seat 1: etienne16671 ($2.55 in chips) 
Seat 3: Dorex2007 ($2.45 in chips) 
Seat 4: loose kaboos ($2.44 in chips) 
Seat 5: CPS2017 ($2.36 in chips) 
Seat 6: SunTzuARG ($3.31 in chips) 
Seat 7: Wild-1995 ($5.61 in chips) 
Seat 8: 139qmb ($2.95 in chips) 
Seat 9: Xósem ($2.02 in chips) 
loose kaboos: posts small blind $0.01
CPS2017: posts big blind $0.02
*** HOLE CARDS ***
Dealt to Dorex2007 [Kd 9s]
SunTzuARG: folds 
Wild-1995: folds 
139qmb: folds 
Xósem: folds 
etienne16671: folds 
Dorex2007: folds 
loose kaboos: raises $0.04 to $0.06
CPS2017: folds 
Uncalled bet ($0.04) returned to loose kaboos
loose kaboos collected $0.04 from pot
loose kaboos: doesn't show hand 
*** SUMMARY ***
Total pot $0.04 | Rake $0 
Seat 1: etienne16671 folded before Flop (didn't bet)
Seat 3: Dorex2007 (button) folded before Flop (didn't bet)
Seat 4: loose kaboos (small blind) collected ($0.04)
Seat 5: CPS2017 (big blind) folded before Flop
Seat 6: SunTzuARG folded before Flop (didn't bet)
Seat 7: Wild-1995 folded before Flop (didn't bet)
Seat 8: 139qmb folded before Flop (didn't bet)
Seat 9: Xósem folded before Flop (didn't bet)



PokerStars Hand #227284391106:  Hold'em No Limit ($0.01/$0.02 USD) - 2021/06/02 20:26:13 PT [2021/06/02 23:26:13 ET]
Table 'Dufour III' 9-max Seat #4 is the button
Seat 1: etienne16671 ($2.55 in chips) 
Seat 2: ManoKako ($1.20 in chips) 
Seat 3: Dorex2007 ($2.45 in chips) 
Seat 4: loose kaboos ($2.46 in chips) 
Seat 5: CPS2017 ($2.34 in chips) 
Seat 6: SunTzuARG ($3.31 in chips) 
Seat 7: Wild-1995 ($5.61 in chips) 
Seat 8: 139qmb ($2.95 in chips) 
Seat 9: Xósem ($2.02 in chips) 
CPS2017: posts small blind $0.01
SunTzuARG: posts big blind $0.02
*** HOLE CARDS ***
Dealt to Dorex2007 [2h 6s]
Wild-1995: folds 
139qmb: folds 
Xósem: folds 
etienne16671: folds 
ManoKako: folds 
Wild-1995 leaves the table
Dorex2007: folds 
loose kaboos: raises $0.02 to $0.04
CPS2017: calls $0.03
SunTzuARG: calls $0.02
*** FLOP *** [Jc 2s 3c]
CPS2017: checks 
SunTzuARG: checks 
loose kaboos: bets $0.06
CPS2017: raises $0.06 to $0.12
SunTzuARG: folds 
loose kaboos: calls $0.06
*** TURN *** [Jc 2s 3c] [2d]
CPS2017: bets $0.35
loose kaboos: folds 
Uncalled bet ($0.35) returned to CPS2017
CPS2017 collected $0.35 from pot
*** SUMMARY ***
Total pot $0.36 | Rake $0.01 
Board [Jc 2s 3c 2d]
Seat 1: etienne16671 folded before Flop (didn't bet)
Seat 2: ManoKako folded before Flop (didn't bet)
Seat 3: Dorex2007 folded before Flop (didn't bet)
Seat 4: loose kaboos (button) folded on the Turn
Seat 5: CPS2017 (small blind) collected ($0.35)
Seat 6: SunTzuARG (big blind) folded on the Flop
Seat 7: Wild-1995 folded before Flop (didn't bet)
Seat 8: 139qmb folded before Flop (didn't bet)
Seat 9: Xósem folded before Flop (didn't bet)



PokerStars Hand #227284408462:  Hold'em No Limit ($0.01/$0.02 USD) - 2021/06/02 20:27:05 PT [2021/06/02 23:27:05 ET]
Table 'Dufour III' 9-max Seat #5 is the button
Seat 1: etienne16671 ($2.55 in chips) 
Seat 2: ManoKako ($1.20 in chips) 
Seat 3: Dorex2007 ($2.45 in chips) 
Seat 4: loose kaboos ($2.30 in chips) 
Seat 5: CPS2017 ($2.53 in chips) 
Seat 6: SunTzuARG ($3.27 in chips) 
Seat 8: 139qmb ($2.95 in chips) 
Seat 9: Xósem ($2.02 in chips) 
SunTzuARG: posts small blind $0.01
139qmb: posts big blind $0.02
*** HOLE CARDS ***
Dealt to Dorex2007 [4s 5s]
Xósem: calls $0.02
etienne16671: folds 
ManoKako: calls $0.02
Dorex2007: calls $0.02
loose kaboos: calls $0.02
CPS2017: calls $0.02
SunTzuARG: calls $0.01
139qmb: checks 
*** FLOP *** [Jd 9c Ts]
SunTzuARG: checks 
139qmb: checks 
Xósem: bets $0.06
ManoKako: calls $0.06
Dorex2007: folds 
loose kaboos: calls $0.06
CPS2017: calls $0.06
SunTzuARG: folds 
139qmb: folds 
*** TURN *** [Jd 9c Ts] [2s]
etienne16671 leaves the table
Xósem: bets $0.10
ManoKako: calls $0.10
loose kaboos: folds 
CPS2017: calls $0.10
*** RIVER *** [Jd 9c Ts 2s] [Ad]
Xósem: bets $0.33
ManoKako: folds 
CPS2017: folds 
Uncalled bet ($0.33) returned to Xósem
Xósem collected $0.66 from pot
Xósem: doesn't show hand 
*** SUMMARY ***
Total pot $0.68 | Rake $0.02 
Board [Jd 9c Ts 2s Ad]
Seat 1: etienne16671 folded before Flop (didn't bet)
Seat 2: ManoKako folded on the River
Seat 3: Dorex2007 folded on the Flop
Seat 4: loose kaboos folded on the Turn
Seat 5: CPS2017 (button) folded on the River
Seat 6: SunTzuARG (small blind) folded on the Flop
Seat 8: 139qmb (big blind) folded on the Flop
Seat 9: Xósem collected ($0.66)



PokerStars Hand #227284425316:  Hold'em No Limit ($0.01/$0.02 USD) - 2021/06/02 20:28:32 PT [2021/06/02 23:28:32 ET]
Table 'Dufour III' 9-max Seat #6 is the button
Seat 2: ManoKako ($1.02 in chips) 
Seat 3: Dorex2007 ($2.43 in chips) 
Seat 4: loose kaboos ($2.22 in chips) 
Seat 5: CPS2017 ($2.35 in chips) 
Seat 6: SunTzuARG ($3.25 in chips) 
Seat 8: 139qmb ($2.93 in chips) 
Seat 9: Xósem ($2.50 in chips) 
139qmb: posts small blind $0.01
Xósem: posts big blind $0.02
*** HOLE CARDS ***
Dealt to Dorex2007 [8s Kc]
ManoKako: folds 
Dorex2007: folds 
loose kaboos: folds 
CPS2017: calls $0.02
SunTzuARG: folds 
139qmb: calls $0.01
Maxis118711 joins the table at seat #1 
Xósem: checks 
*** FLOP *** [7s 4s Jh]
139qmb: bets $0.06
Xósem: folds 
CPS2017: calls $0.06
*** TURN *** [7s 4s Jh] [5c]
139qmb: checks 
CPS2017: checks 
*** RIVER *** [7s 4s Jh 5c] [7c]
Maxis118711 said, "hi Dorex2007"
139qmb: bets $0.08
CPS2017: raises $0.16 to $0.24
139qmb: folds 
Uncalled bet ($0.16) returned to CPS2017
CPS2017 collected $0.33 from pot
*** SUMMARY ***
Total pot $0.34 | Rake $0.01 
Board [7s 4s Jh 5c 7c]
Seat 2: ManoKako folded before Flop (didn't bet)
Seat 3: Dorex2007 folded before Flop (didn't bet)
Seat 4: loose kaboos folded before Flop (didn't bet)
Seat 5: CPS2017 collected ($0.33)
Seat 6: SunTzuARG (button) folded before Flop (didn't bet)
Seat 8: 139qmb (small blind) folded on the River
Seat 9: Xósem (big blind) folded on the Flop



PokerStars Hand #227284436433:  Hold'em No Limit ($0.01/$0.02 USD) - 2021/06/02 20:29:30 PT [2021/06/02 23:29:30 ET]
Table 'Dufour III' 9-max Seat #8 is the button
Seat 1: Maxis118711 ($2 in chips) 
Seat 2: ManoKako ($1.02 in chips) 
Seat 3: Dorex2007 ($2.43 in chips) 
Seat 4: loose kaboos ($2.22 in chips) 
Seat 5: CPS2017 ($2.52 in chips) 
Seat 6: SunTzuARG ($3.25 in chips) 
Seat 8: 139qmb ($2.77 in chips) 
Seat 9: Xósem ($2.48 in chips) 
Xósem: posts small blind $0.01
Maxis118711: posts big blind $0.02
*** HOLE CARDS ***
Dealt to Dorex2007 [Jd Ks]
ManoKako: calls $0.02
Dorex2007: folds 
loose kaboos: folds 
CPS2017: calls $0.02
SunTzuARG: folds 
139qmb: folds 
Xósem: calls $0.01
Maxis118711: checks 
*** FLOP *** [5s 6c 8d]
Xósem: checks 
Maxis118711: checks 
ManoKako: bets $0.04
CPS2017: folds 
Xósem: folds 
Maxis118711: folds 
Uncalled bet ($0.04) returned to ManoKako
ManoKako collected $0.08 from pot
ManoKako: doesn't show hand 
*** SUMMARY ***
Total pot $0.08 | Rake $0 
Board [5s 6c 8d]
Seat 1: Maxis118711 (big blind) folded on the Flop
Seat 2: ManoKako collected ($0.08)
Seat 3: Dorex2007 folded before Flop (didn't bet)
Seat 4: loose kaboos folded before Flop (didn't bet)
Seat 5: CPS2017 folded on the Flop
Seat 6: SunTzuARG folded before Flop (didn't bet)
Seat 8: 139qmb (button) folded before Flop (didn't bet)
Seat 9: Xósem (small blind) folded on the Flop



PokerStars Hand #227284442705:  Hold'em No Limit ($0.01/$0.02 USD) - 2021/06/02 20:30:02 PT [2021/06/02 23:30:02 ET]
Table 'Dufour III' 9-max Seat #9 is the button
Seat 1: Maxis118711 ($2 in chips) 
Seat 2: ManoKako ($1.08 in chips) 
Seat 3: Dorex2007 ($2.43 in chips) 
Seat 4: loose kaboos ($2.22 in chips) 
Seat 5: CPS2017 ($2.50 in chips) 
Seat 6: SunTzuARG ($3.25 in chips) 
Seat 8: 139qmb ($2.77 in chips) 
Seat 9: Xósem ($2.46 in chips) 
Maxis118711: posts small blind $0.01
ManoKako: posts big blind $0.02
*** HOLE CARDS ***
Dealt to Dorex2007 [Kd 2s]
Dorex2007: folds 
loose kaboos: folds 
CPS2017: folds 
SunTzuARG: folds 
139qmb: folds 
Olejka228822 joins the table at seat #7 
Xósem: folds 
Maxis118711: folds 
Uncalled bet ($0.01) returned to ManoKako
ManoKako collected $0.02 from pot
ManoKako: doesn't show hand 
*** SUMMARY ***
Total pot $0.02 | Rake $0 
Seat 1: Maxis118711 (small blind) folded before Flop
Seat 2: ManoKako (big blind) collected ($0.02)
Seat 3: Dorex2007 folded before Flop (didn't bet)
Seat 4: loose kaboos folded before Flop (didn't bet)
Seat 5: CPS2017 folded before Flop (didn't bet)
Seat 6: SunTzuARG folded before Flop (didn't bet)
Seat 8: 139qmb folded before Flop (didn't bet)
Seat 9: Xósem (button) folded before Flop (didn't bet)



PokerStars Hand #227284447195:  Hold'em No Limit ($0.01/$0.02 USD) - 2021/06/02 20:30:25 PT [2021/06/02 23:30:25 ET]
Table 'Dufour III' 9-max Seat #1 is the button
Seat 1: Maxis118711 ($2 in chips) 
Seat 2: ManoKako ($1.09 in chips) 
Seat 3: Dorex2007 ($2.43 in chips) 
Seat 4: loose kaboos ($2.22 in chips) 
Seat 5: CPS2017 ($2.50 in chips) 
Seat 6: SunTzuARG ($3.25 in chips) 
Seat 8: 139qmb ($2.77 in chips) 
Seat 9: Xósem ($2.46 in chips) 
ManoKako: posts small blind $0.01
Dorex2007: posts big blind $0.02
Olejka228822: sits out 
*** HOLE CARDS ***
Dealt to Dorex2007 [6h 5c]
loose kaboos: folds 
CPS2017: folds 
SunTzuARG: folds 
139qmb: folds 
Xósem: folds 
Maxis118711: raises $0.04 to $0.06
ManoKako: calls $0.05
Dorex2007: folds 
*** FLOP *** [3c 7d 3s]
ManoKako: bets $0.07
Maxis118711: calls $0.07
*** TURN *** [3c 7d 3s] [2s]
ManoKako: bets $0.13
Maxis118711: calls $0.13
*** RIVER *** [3c 7d 3s 2s] [5d]
ManoKako: bets $0.52
Maxis118711: calls $0.52
*** SHOW DOWN ***
ManoKako: shows [Ah 4d] (a straight, Ace to Five)
Maxis118711: mucks hand 
ManoKako collected $1.52 from pot
*** SUMMARY ***
Total pot $1.58 | Rake $0.06 
Board [3c 7d 3s 2s 5d]
Seat 1: Maxis118711 (button) mucked [As Ad]
Seat 2: ManoKako (small blind) showed [Ah 4d] and won ($1.52) with a straight, Ace to Five
Seat 3: Dorex2007 (big blind) folded before Flop
Seat 4: loose kaboos folded before Flop (didn't bet)
Seat 5: CPS2017 folded before Flop (didn't bet)
Seat 6: SunTzuARG folded before Flop (didn't bet)
Seat 8: 139qmb folded before Flop (didn't bet)
Seat 9: Xósem folded before Flop (didn't bet)



PokerStars Hand #227284457003:  Hold'em No Limit ($0.01/$0.02 USD) - 2021/06/02 20:31:17 PT [2021/06/02 23:31:17 ET]
Table 'Dufour III' 9-max Seat #2 is the button
Seat 1: Maxis118711 ($2 in chips) 
Seat 2: ManoKako ($1.83 in chips) 
Seat 3: Dorex2007 ($2.41 in chips) 
Seat 4: loose kaboos ($2.22 in chips) 
Seat 5: CPS2017 ($2.50 in chips) 
Seat 6: SunTzuARG ($3.25 in chips) 
Seat 8: 139qmb ($2.77 in chips) 
Seat 9: Xósem ($2.46 in chips) 
Dorex2007: posts small blind $0.01
loose kaboos: posts big blind $0.02
Olejka228822: sits out 
*** HOLE CARDS ***
Dealt to Dorex2007 [Qc 6d]
CPS2017: folds 
SunTzuARG: folds 
139qmb: folds 
Xósem: folds 
Maxis118711: folds 
ManoKako: raises $0.02 to $0.04
Dorex2007: folds 
loose kaboos: calls $0.02
*** FLOP *** [7s Qs Ad]
loose kaboos: checks 
ManoKako: bets $0.02
loose kaboos: raises $0.07 to $0.09
ManoKako: calls $0.07
*** TURN *** [7s Qs Ad] [2d]
loose kaboos: bets $0.26
ManoKako: folds 
Uncalled bet ($0.26) returned to loose kaboos
loose kaboos collected $0.26 from pot
loose kaboos: doesn't show hand 
*** SUMMARY ***
Total pot $0.27 | Rake $0.01 
Board [7s Qs Ad 2d]
Seat 1: Maxis118711 folded before Flop (didn't bet)
Seat 2: ManoKako (button) folded on the Turn
Seat 3: Dorex2007 (small blind) folded before Flop
Seat 4: loose kaboos (big blind) collected ($0.26)
Seat 5: CPS2017 folded before Flop (didn't bet)
Seat 6: SunTzuARG folded before Flop (didn't bet)
Seat 8: 139qmb folded before Flop (didn't bet)
Seat 9: Xósem folded before Flop (didn't bet)



PokerStars Hand #227284466748:  Hold'em No Limit ($0.01/$0.02 USD) - 2021/06/02 20:32:07 PT [2021/06/02 23:32:07 ET]
Table 'Dufour III' 9-max Seat #3 is the button
Seat 1: Maxis118711 ($2 in chips) 
Seat 2: ManoKako ($1.70 in chips) 
Seat 3: Dorex2007 ($2.40 in chips) 
Seat 4: loose kaboos ($2.35 in chips) 
Seat 5: CPS2017 ($2.50 in chips) 
Seat 6: SunTzuARG ($3.25 in chips) 
Seat 8: 139qmb ($2.77 in chips) 
Seat 9: Xósem ($2.46 in chips) 
loose kaboos: posts small blind $0.01
CPS2017: posts big blind $0.02
Olejka228822: sits out 
*** HOLE CARDS ***
Dealt to Dorex2007 [Ah 6d]
SunTzuARG has timed out
SunTzuARG: folds 
139qmb: raises $0.04 to $0.06
Xósem: folds 
Maxis118711: folds 
ManoKako: calls $0.06
Dorex2007: folds 
loose kaboos: calls $0.05
CPS2017: calls $0.04
*** FLOP *** [Kh 2d 2h]
loose kaboos: checks 
CPS2017: bets $0.10
139qmb: folds 
ManoKako: folds 
loose kaboos: folds 
Uncalled bet ($0.10) returned to CPS2017
CPS2017 collected $0.23 from pot
*** SUMMARY ***
Total pot $0.24 | Rake $0.01 
Board [Kh 2d 2h]
Seat 1: Maxis118711 folded before Flop (didn't bet)
Seat 2: ManoKako folded on the Flop
Seat 3: Dorex2007 (button) folded before Flop (didn't bet)
Seat 4: loose kaboos (small blind) folded on the Flop
Seat 5: CPS2017 (big blind) collected ($0.23)
Seat 6: SunTzuARG folded before Flop (didn't bet)
Seat 8: 139qmb folded on the Flop
Seat 9: Xósem folded before Flop (didn't bet)



PokerStars Hand #227284476160:  Hold'em No Limit ($0.01/$0.02 USD) - 2021/06/02 20:32:56 PT [2021/06/02 23:32:56 ET]
Table 'Dufour III' 9-max Seat #4 is the button
Seat 1: Maxis118711 ($2 in chips) 
Seat 2: ManoKako ($1.64 in chips) 
Seat 3: Dorex2007 ($2.40 in chips) 
Seat 4: loose kaboos ($2.29 in chips) 
Seat 5: CPS2017 ($2.67 in chips) 
Seat 6: SunTzuARG ($3.25 in chips) 
Seat 8: 139qmb ($2.71 in chips) 
Seat 9: Xósem ($2.46 in chips) 
CPS2017: posts small blind $0.01
SunTzuARG: posts big blind $0.02
Olejka228822: sits out 
*** HOLE CARDS ***
Dealt to Dorex2007 [5d 2c]
139qmb: folds 
139qmb leaves the table
Xósem: calls $0.02
Maxis118711: folds 
ManoKako: folds 
fabri74 joins the table at seat #8 
Dorex2007: folds 
loose kaboos: raises $0.07 to $0.09
CPS2017: folds 
SunTzuARG: folds 
Xósem: calls $0.07
*** FLOP *** [Ad Td Qs]
Xósem: bets $0.10
loose kaboos: calls $0.10
*** TURN *** [Ad Td Qs] [Jh]
Xósem: checks 
loose kaboos: bets $0.20
SunTzuARG is disconnected 
Xósem: folds 
Uncalled bet ($0.20) returned to loose kaboos
loose kaboos collected $0.40 from pot
loose kaboos: doesn't show hand 
*** SUMMARY ***
Total pot $0.41 | Rake $0.01 
Board [Ad Td Qs Jh]
Seat 1: Maxis118711 folded before Flop (didn't bet)
Seat 2: ManoKako folded before Flop (didn't bet)
Seat 3: Dorex2007 folded before Flop (didn't bet)
Seat 4: loose kaboos (button) collected ($0.40)
Seat 5: CPS2017 (small blind) folded before Flop
Seat 6: SunTzuARG (big blind) folded before Flop
Seat 8: 139qmb folded before Flop (didn't bet)
Seat 9: Xósem folded on the Turn



PokerStars Hand #227284485988:  Hold'em No Limit ($0.01/$0.02 USD) - 2021/06/02 20:33:47 PT [2021/06/02 23:33:47 ET]
Table 'Dufour III' 9-max Seat #5 is the button
Seat 1: Maxis118711 ($2 in chips) 
Seat 2: ManoKako ($1.64 in chips) 
Seat 3: Dorex2007 ($2.40 in chips) 
Seat 4: loose kaboos ($2.50 in chips) 
Seat 5: CPS2017 ($2.66 in chips) 
Seat 9: Xósem ($2.27 in chips) 
SunTzuARG has timed out while disconnected
SunTzuARG: is sitting out 
Olejka228822 will be allowed to play after the button
fabri74 will be allowed to play after the button
Xósem: posts small blind $0.01
Maxis118711: posts big blind $0.02
*** HOLE CARDS ***
Dealt to Dorex2007 [8s As]
ManoKako: calls $0.02
Dorex2007: calls $0.02
loose kaboos: folds 
CPS2017: folds 
Xósem: calls $0.01
Maxis118711: checks 
*** FLOP *** [6c 2s 3c]
Xósem: bets $0.02
Maxis118711: folds 
ManoKako: raises $0.02 to $0.04
Dorex2007: folds 
Xósem: calls $0.02
*** TURN *** [6c 2s 3c] [Qh]
Xósem: bets $0.02
ManoKako: raises $0.08 to $0.10
Xósem: calls $0.08
*** RIVER *** [6c 2s 3c Qh] [Ks]
Xósem: checks 
ManoKako: bets $0.20
Xósem: folds 
Uncalled bet ($0.20) returned to ManoKako
ManoKako collected $0.35 from pot
ManoKako: doesn't show hand 
*** SUMMARY ***
Total pot $0.36 | Rake $0.01 
Board [6c 2s 3c Qh Ks]
Seat 1: Maxis118711 (big blind) folded on the Flop
Seat 2: ManoKako collected ($0.35)
Seat 3: Dorex2007 folded on the Flop
Seat 4: loose kaboos folded before Flop (didn't bet)
Seat 5: CPS2017 (button) folded before Flop (didn't bet)
Seat 9: Xósem (small blind) folded on the River



PokerStars Hand #227284502636:  Hold'em No Limit ($0.01/$0.02 USD) - 2021/06/02 20:35:14 PT [2021/06/02 23:35:14 ET]
Table 'Dufour III' 9-max Seat #9 is the button
Seat 1: Maxis118711 ($2 in chips) 
Seat 2: ManoKako ($1.83 in chips) 
Seat 3: Dorex2007 ($2.38 in chips) 
Seat 4: loose kaboos ($2.50 in chips) 
Seat 5: CPS2017 ($2.66 in chips) 
Seat 9: Xósem ($2.11 in chips) 
Maxis118711: posts small blind $0.01
ManoKako: posts big blind $0.02
SunTzuARG: sits out 
Olejka228822: sits out 
fabri74: sits out 
*** HOLE CARDS ***
Dealt to Dorex2007 [2c Kd]
Dorex2007: folds 
loose kaboos: folds 
CPS2017: folds 
Xósem: folds 
Maxis118711: calls $0.01
ManoKako: checks 
*** FLOP *** [7s Kc Kh]
Maxis118711: checks 
ManoKako: bets $0.02
Maxis118711: folds 
Uncalled bet ($0.02) returned to ManoKako
ManoKako collected $0.04 from pot
ManoKako: doesn't show hand 
*** SUMMARY ***
Total pot $0.04 | Rake $0 
Board [7s Kc Kh]
Seat 1: Maxis118711 (small blind) folded on the Flop
Seat 2: ManoKako (big blind) collected ($0.04)
Seat 3: Dorex2007 folded before Flop (didn't bet)
Seat 4: loose kaboos folded before Flop (didn't bet)
Seat 5: CPS2017 folded before Flop (didn't bet)
Seat 9: Xósem (button) folded before Flop (didn't bet)



PokerStars Hand #227284508182:  Hold'em No Limit ($0.01/$0.02 USD) - 2021/06/02 20:35:43 PT [2021/06/02 23:35:43 ET]
Table 'Dufour III' 9-max Seat #1 is the button
Seat 1: Maxis118711 ($2 in chips) 
Seat 2: ManoKako ($1.85 in chips) 
Seat 3: Dorex2007 ($2.38 in chips) 
Seat 4: loose kaboos ($2.50 in chips) 
Seat 5: CPS2017 ($2.66 in chips) 
Seat 9: Xósem ($2.11 in chips) 
ManoKako: posts small blind $0.01
Dorex2007: posts big blind $0.02
SunTzuARG: sits out 
Olejka228822: sits out 
fabri74: sits out 
*** HOLE CARDS ***
Dealt to Dorex2007 [8d Js]
loose kaboos: folds 
CPS2017: folds 
Xósem: folds 
Maxis118711: folds 
ManoKako: calls $0.01
Dorex2007: checks 
*** FLOP *** [7s Ad 2h]
ManoKako: checks 
Dorex2007: checks 
*** TURN *** [7s Ad 2h] [Th]
ManoKako: checks 
Dorex2007: checks 
*** RIVER *** [7s Ad 2h Th] [5c]
ManoKako: checks 
Dorex2007: checks 
*** SHOW DOWN ***
ManoKako: shows [9s 4h] (high card Ace)
Dorex2007: shows [8d Js] (high card Ace - Jack kicker)
Dorex2007 collected $0.04 from pot
*** SUMMARY ***
Total pot $0.04 | Rake $0 
Board [7s Ad 2h Th 5c]
Seat 1: Maxis118711 (button) folded before Flop (didn't bet)
Seat 2: ManoKako (small blind) showed [9s 4h] and lost with high card Ace
Seat 3: Dorex2007 (big blind) showed [8d Js] and won ($0.04) with high card Ace
Seat 4: loose kaboos folded before Flop (didn't bet)
Seat 5: CPS2017 folded before Flop (didn't bet)
Seat 9: Xósem folded before Flop (didn't bet)



PokerStars Hand #227284516654:  Hold'em No Limit ($0.01/$0.02 USD) - 2021/06/02 20:36:27 PT [2021/06/02 23:36:27 ET]
Table 'Dufour III' 9-max Seat #2 is the button
Seat 1: Maxis118711 ($2 in chips) 
Seat 2: ManoKako ($1.83 in chips) 
Seat 3: Dorex2007 ($2.40 in chips) 
Seat 4: loose kaboos ($2.50 in chips) 
Seat 5: CPS2017 ($2.66 in chips) 
Seat 9: Xósem ($2.11 in chips) 
Dorex2007: posts small blind $0.01
loose kaboos: posts big blind $0.02
SunTzuARG: sits out 
Olejka228822: sits out 
fabri74: sits out 
*** HOLE CARDS ***
Dealt to Dorex2007 [9s 8s]
CPS2017: folds 
Xósem: folds 
Maxis118711: folds 
ManoKako: raises $0.02 to $0.04
Dorex2007: calls $0.03
loose kaboos: raises $0.12 to $0.16
ManoKako: calls $0.12
Dorex2007: folds 
*** FLOP *** [4s 9c Kc]
loose kaboos: checks 
ManoKako: checks 
*** TURN *** [4s 9c Kc] [8d]
loose kaboos: bets $0.17
ManoKako: calls $0.17
*** RIVER *** [4s 9c Kc 8d] [Jc]
loose kaboos: bets $0.34
ManoKako: calls $0.34
*** SHOW DOWN ***
loose kaboos: shows [Kd Kh] (three of a kind, Kings)
ManoKako: mucks hand 
loose kaboos collected $1.33 from pot
*** SUMMARY ***
Total pot $1.38 | Rake $0.05 
Board [4s 9c Kc 8d Jc]
Seat 1: Maxis118711 folded before Flop (didn't bet)
Seat 2: ManoKako (button) mucked [Jd 7d]
Seat 3: Dorex2007 (small blind) folded before Flop
Seat 4: loose kaboos (big blind) showed [Kd Kh] and won ($1.33) with three of a kind, Kings
Seat 5: CPS2017 folded before Flop (didn't bet)
Seat 9: Xósem folded before Flop (didn't bet)



PokerStars Hand #227284524039:  Hold'em No Limit ($0.01/$0.02 USD) - 2021/06/02 20:37:06 PT [2021/06/02 23:37:06 ET]
Table 'Dufour III' 9-max Seat #3 is the button
Seat 1: Maxis118711 ($2 in chips) 
Seat 2: ManoKako ($1.16 in chips) 
Seat 3: Dorex2007 ($2.36 in chips) 
Seat 4: loose kaboos ($3.16 in chips) 
Seat 5: CPS2017 ($2.66 in chips) 
Seat 9: Xósem ($2.11 in chips) 
loose kaboos: posts small blind $0.01
CPS2017: posts big blind $0.02
SunTzuARG: sits out 
Olejka228822: sits out 
fabri74: sits out 
*** HOLE CARDS ***
Dealt to Dorex2007 [4c Qd]
Xósem: folds 
Maxis118711: folds 
ManoKako: calls $0.02
Dorex2007: folds 
loose kaboos: calls $0.01
CPS2017: checks 
*** FLOP *** [Ah 5d 8d]
loose kaboos: checks 
CPS2017: checks 
ManoKako: bets $0.02
loose kaboos: folds 
CPS2017: folds 
Uncalled bet ($0.02) returned to ManoKako
ManoKako collected $0.06 from pot
ManoKako: doesn't show hand 
*** SUMMARY ***
Total pot $0.06 | Rake $0 
Board [Ah 5d 8d]
Seat 1: Maxis118711 folded before Flop (didn't bet)
Seat 2: ManoKako collected ($0.06)
Seat 3: Dorex2007 (button) folded before Flop (didn't bet)
Seat 4: loose kaboos (small blind) folded on the Flop
Seat 5: CPS2017 (big blind) folded on the Flop
Seat 9: Xósem folded before Flop (didn't bet)



PokerStars Hand #227284529336:  Hold'em No Limit ($0.01/$0.02 USD) - 2021/06/02 20:37:33 PT [2021/06/02 23:37:33 ET]
Table 'Dufour III' 9-max Seat #4 is the button
Seat 1: Maxis118711 ($2 in chips) 
Seat 2: ManoKako ($1.20 in chips) 
Seat 3: Dorex2007 ($2.36 in chips) 
Seat 4: loose kaboos ($3.14 in chips) 
Seat 5: CPS2017 ($2.64 in chips) 
Seat 6: SunTzuARG ($3.23 in chips) 
Seat 9: Xósem ($2.11 in chips) 
CPS2017: posts small blind $0.01
SunTzuARG: posts big blind $0.02
Olejka228822: sits out 
fabri74: sits out 
*** HOLE CARDS ***
Dealt to Dorex2007 [Ks 2h]
Xósem: raises $0.04 to $0.06
Maxis118711: folds 
ManoKako: folds 
Dorex2007: folds 
loose kaboos: folds 
CPS2017: folds 
SunTzuARG: folds 
Uncalled bet ($0.04) returned to Xósem
Xósem collected $0.05 from pot
Xósem: doesn't show hand 
*** SUMMARY ***
Total pot $0.05 | Rake $0 
Seat 1: Maxis118711 folded before Flop (didn't bet)
Seat 2: ManoKako folded before Flop (didn't bet)
Seat 3: Dorex2007 folded before Flop (didn't bet)
Seat 4: loose kaboos (button) folded before Flop (didn't bet)
Seat 5: CPS2017 (small blind) folded before Flop
Seat 6: SunTzuARG (big blind) folded before Flop
Seat 9: Xósem collected ($0.05)



PokerStars Hand #227284534676:  Hold'em No Limit ($0.01/$0.02 USD) - 2021/06/02 20:38:02 PT [2021/06/02 23:38:02 ET]
Table 'Dufour III' 9-max Seat #5 is the button
Seat 1: Maxis118711 ($2 in chips) 
Seat 2: ManoKako ($1.20 in chips) 
Seat 3: Dorex2007 ($2.36 in chips) 
Seat 4: loose kaboos ($3.14 in chips) 
Seat 5: CPS2017 ($2.63 in chips) 
Seat 6: SunTzuARG ($3.21 in chips) 
Seat 7: Olejka228822 ($2 in chips) 
Seat 9: Xósem ($2.14 in chips) 
SunTzuARG: posts small blind $0.01
Olejka228822: posts big blind $0.02
fabri74: sits out 
*** HOLE CARDS ***
Dealt to Dorex2007 [3c Qs]
Xósem: folds 
Maxis118711: raises $0.04 to $0.06
ManoKako: calls $0.06
Dorex2007: folds 
loose kaboos: folds 
CPS2017: folds 
SunTzuARG: folds 
Olejka228822: folds 
*** FLOP *** [8c Tc 7s]
Maxis118711: bets $0.07
ManoKako: calls $0.07
*** TURN *** [8c Tc 7s] [6h]
Maxis118711: bets $0.21
ManoKako: folds 
Uncalled bet ($0.21) returned to Maxis118711
Maxis118711 collected $0.28 from pot
Maxis118711: doesn't show hand 
*** SUMMARY ***
Total pot $0.29 | Rake $0.01 
Board [8c Tc 7s 6h]
Seat 1: Maxis118711 collected ($0.28)
Seat 2: ManoKako folded on the Turn
Seat 3: Dorex2007 folded before Flop (didn't bet)
Seat 4: loose kaboos folded before Flop (didn't bet)
Seat 5: CPS2017 (button) folded before Flop (didn't bet)
Seat 6: SunTzuARG (small blind) folded before Flop
Seat 7: Olejka228822 (big blind) folded before Flop
Seat 9: Xósem folded before Flop (didn't bet)



PokerStars Hand #227284543375:  Hold'em No Limit ($0.01/$0.02 USD) - 2021/06/02 20:38:48 PT [2021/06/02 23:38:48 ET]
Table 'Dufour III' 9-max Seat #6 is the button
Seat 1: Maxis118711 ($2.15 in chips) 
Seat 2: ManoKako ($1.07 in chips) 
Seat 3: Dorex2007 ($2.36 in chips) 
Seat 4: loose kaboos ($3.14 in chips) 
Seat 5: CPS2017 ($2.63 in chips) 
Seat 6: SunTzuARG ($3.20 in chips) 
Seat 7: Olejka228822 ($2 in chips) 
Seat 8: fabri74 ($2 in chips) 
Seat 9: Xósem ($2.14 in chips) 
Olejka228822: posts small blind $0.01
fabri74: posts big blind $0.02
*** HOLE CARDS ***
Dealt to Dorex2007 [Jh 2s]
Xósem: calls $0.02
Maxis118711: calls $0.02
ManoKako: calls $0.02
Dorex2007: folds 
loose kaboos: calls $0.02
CPS2017: folds 
SunTzuARG is disconnected 
SunTzuARG has timed out while being disconnected
SunTzuARG: folds 
Olejka228822: folds 
fabri74: raises $0.08 to $0.10
Xósem: folds 
Maxis118711: calls $0.08
ManoKako: folds 
loose kaboos: calls $0.08
*** FLOP *** [4h 6s Js]
fabri74: bets $0.22
Maxis118711: folds 
loose kaboos: folds 
Uncalled bet ($0.22) returned to fabri74
fabri74 collected $0.34 from pot
fabri74: doesn't show hand 
*** SUMMARY ***
Total pot $0.35 | Rake $0.01 
Board [4h 6s Js]
Seat 1: Maxis118711 folded on the Flop
Seat 2: ManoKako folded before Flop
Seat 3: Dorex2007 folded before Flop (didn't bet)
Seat 4: loose kaboos folded on the Flop
Seat 5: CPS2017 folded before Flop (didn't bet)
Seat 6: SunTzuARG (button) folded before Flop (didn't bet)
Seat 7: Olejka228822 (small blind) folded before Flop
Seat 8: fabri74 (big blind) collected ($0.34)
Seat 9: Xósem folded before Flop



PokerStars Hand #227284564113:  Hold'em No Limit ($0.01/$0.02 USD) - 2021/06/02 20:40:18 PT [2021/06/02 23:40:18 ET]
Table 'Dufour III' 9-max Seat #7 is the button
Seat 1: Maxis118711 ($2.05 in chips) 
Seat 2: ManoKako ($1.05 in chips) 
Seat 3: Dorex2007 ($2.36 in chips) 
Seat 4: loose kaboos ($3.04 in chips) 
Seat 5: CPS2017 ($2.63 in chips) 
Seat 6: SunTzuARG ($3.20 in chips) 
Seat 7: Olejka228822 ($2 in chips) 
Seat 8: fabri74 ($2.24 in chips) 
Seat 9: Xósem ($2.12 in chips) 
fabri74: posts small blind $0.01
Xósem: posts big blind $0.02
*** HOLE CARDS ***
Dealt to Dorex2007 [7c 5c]
Maxis118711: raises $0.04 to $0.06
ManoKako: calls $0.06
Dorex2007: folds 
loose kaboos: folds 
loose kaboos leaves the table
CPS2017: calls $0.06
SunTzuARG: folds 
Olejka228822: folds 
fabri74: folds 
Xósem: folds 
*** FLOP *** [5h 7d 3h]
Maxis118711: checks 
ManoKako: bets $0.10
CPS2017: folds 
Maxis118711: calls $0.10
*** TURN *** [5h 7d 3h] [3s]
Maxis118711: checks 
ManoKako: bets $0.20
Maxis118711: calls $0.20
*** RIVER *** [5h 7d 3h 3s] [Ac]
Maxis118711: checks 
ManoKako: checks 
*** SHOW DOWN ***
Maxis118711: shows [Ts Ks] (a pair of Threes)
ManoKako: shows [6d 7s] (two pair, Sevens and Threes)
ManoKako collected $0.78 from pot
*** SUMMARY ***
Total pot $0.81 | Rake $0.03 
Board [5h 7d 3h 3s Ac]
Seat 1: Maxis118711 showed [Ts Ks] and lost with a pair of Threes
Seat 2: ManoKako showed [6d 7s] and won ($0.78) with two pair, Sevens and Threes
Seat 3: Dorex2007 folded before Flop (didn't bet)
Seat 4: loose kaboos folded before Flop (didn't bet)
Seat 5: CPS2017 folded on the Flop
Seat 6: SunTzuARG folded before Flop (didn't bet)
Seat 7: Olejka228822 (button) folded before Flop (didn't bet)
Seat 8: fabri74 (small blind) folded before Flop
Seat 9: Xósem (big blind) folded before Flop



PokerStars Hand #227284575313:  Hold'em No Limit ($0.01/$0.02 USD) - 2021/06/02 20:41:17 PT [2021/06/02 23:41:17 ET]
Table 'Dufour III' 9-max Seat #8 is the button
Seat 1: Maxis118711 ($2 in chips) 
Seat 2: ManoKako ($1.47 in chips) 
Seat 3: Dorex2007 ($2.36 in chips) 
Seat 5: CPS2017 ($2.57 in chips) 
Seat 6: SunTzuARG ($3.20 in chips) 
Seat 7: Olejka228822 ($2 in chips) 
Seat 8: fabri74 ($2.23 in chips) 
Seat 9: Xósem ($2.10 in chips) 
Xósem: posts small blind $0.01
Maxis118711: posts big blind $0.02
*** HOLE CARDS ***
Dealt to Dorex2007 [Qc 7h]
ManoKako: calls $0.02
Dorex2007: folds 
CPS2017: calls $0.02
SunTzuARG: raises $0.08 to $0.10
Olejka228822: folds 
fabri74: folds 
Xósem: folds 
Maxis118711: raises $0.10 to $0.20
ManoKako: folds 
CPS2017: folds 
SunTzuARG: calls $0.10
*** FLOP *** [Kc 7c 5c]
Maxis118711: bets $0.22
SunTzuARG: folds 
Uncalled bet ($0.22) returned to Maxis118711
Maxis118711 collected $0.43 from pot
Maxis118711: doesn't show hand 
*** SUMMARY ***
Total pot $0.45 | Rake $0.02 
Board [Kc 7c 5c]
Seat 1: Maxis118711 (big blind) collected ($0.43)
Seat 2: ManoKako folded before Flop
Seat 3: Dorex2007 folded before Flop (didn't bet)
Seat 5: CPS2017 folded before Flop
Seat 6: SunTzuARG folded on the Flop
Seat 7: Olejka228822 folded before Flop (didn't bet)
Seat 8: fabri74 (button) folded before Flop (didn't bet)
Seat 9: Xósem (small blind) folded before Flop



PokerStars Hand #227284584537:  Hold'em No Limit ($0.01/$0.02 USD) - 2021/06/02 20:42:06 PT [2021/06/02 23:42:06 ET]
Table 'Dufour III' 9-max Seat #9 is the button
Seat 1: Maxis118711 ($2.23 in chips) 
Seat 2: ManoKako ($1.45 in chips) 
Seat 3: Dorex2007 ($2.36 in chips) 
Seat 5: CPS2017 ($2.55 in chips) 
Seat 6: SunTzuARG ($3 in chips) 
Seat 7: Olejka228822 ($2 in chips) 
Seat 8: fabri74 ($2.23 in chips) 
Seat 9: Xósem ($2.09 in chips) 
Maxis118711: posts small blind $0.01
ManoKako: posts big blind $0.02
*** HOLE CARDS ***
Dealt to Dorex2007 [Ad As]
Dorex2007: raises $0.04 to $0.06
CPS2017: folds 
SunTzuARG: folds 
Olejka228822: folds 
fabri74: folds 
Xósem: folds 
Maxis118711: folds 
ManoKako: calls $0.04
*** FLOP *** [Kd 7h 8d]
ManoKako: checks 
Dorex2007: bets $0.13
ManoKako: folds 
Uncalled bet ($0.13) returned to Dorex2007
Dorex2007 collected $0.13 from pot
Dorex2007: doesn't show hand 
*** SUMMARY ***
Total pot $0.13 | Rake $0 
Board [Kd 7h 8d]
Seat 1: Maxis118711 (small blind) folded before Flop
Seat 2: ManoKako (big blind) folded on the Flop
Seat 3: Dorex2007 collected ($0.13)
Seat 5: CPS2017 folded before Flop (didn't bet)
Seat 6: SunTzuARG folded before Flop (didn't bet)
Seat 7: Olejka228822 folded before Flop (didn't bet)
Seat 8: fabri74 folded before Flop (didn't bet)
Seat 9: Xósem (button) folded before Flop (didn't bet)



PokerStars Hand #227284589309:  Hold'em No Limit ($0.01/$0.02 USD) - 2021/06/02 20:42:32 PT [2021/06/02 23:42:32 ET]
Table 'Dufour III' 9-max Seat #1 is the button
Seat 1: Maxis118711 ($2.22 in chips) 
Seat 2: ManoKako ($1.39 in chips) 
Seat 3: Dorex2007 ($2.43 in chips) 
Seat 5: CPS2017 ($2.55 in chips) 
Seat 6: SunTzuARG ($3 in chips) 
Seat 7: Olejka228822 ($2 in chips) 
Seat 8: fabri74 ($2.23 in chips) 
Seat 9: Xósem ($2.09 in chips) 
ManoKako: posts small blind $0.01
Dorex2007: posts big blind $0.02
*** HOLE CARDS ***
Dealt to Dorex2007 [7h 7s]
CPS2017: folds 
SunTzuARG: folds 
Olejka228822: folds 
fabri74: folds 
Xósem: folds 
Maxis118711: raises $0.02 to $0.04
ManoKako: calls $0.03
Dorex2007: calls $0.02
*** FLOP *** [8s 6h 4d]
ManoKako: bets $0.02
Dorex2007: calls $0.02
Maxis118711: calls $0.02
*** TURN *** [8s 6h 4d] [Td]
ManoKako: bets $0.10
Dorex2007: folds 
Maxis118711: folds 
Uncalled bet ($0.10) returned to ManoKako
ManoKako collected $0.17 from pot
ManoKako: doesn't show hand 
*** SUMMARY ***
Total pot $0.18 | Rake $0.01 
Board [8s 6h 4d Td]
Seat 1: Maxis118711 (button) folded on the Turn
Seat 2: ManoKako (small blind) collected ($0.17)
Seat 3: Dorex2007 (big blind) folded on the Turn
Seat 5: CPS2017 folded before Flop (didn't bet)
Seat 6: SunTzuARG folded before Flop (didn't bet)
Seat 7: Olejka228822 folded before Flop (didn't bet)
Seat 8: fabri74 folded before Flop (didn't bet)
Seat 9: Xósem folded before Flop (didn't bet)



PokerStars Hand #227284596483:  Hold'em No Limit ($0.01/$0.02 USD) - 2021/06/02 20:43:10 PT [2021/06/02 23:43:10 ET]
Table 'Dufour III' 9-max Seat #2 is the button
Seat 1: Maxis118711 ($2.16 in chips) 
Seat 2: ManoKako ($1.50 in chips) 
Seat 3: Dorex2007 ($2.37 in chips) 
Seat 5: CPS2017 ($2.55 in chips) 
Seat 6: SunTzuARG ($3 in chips) 
Seat 7: Olejka228822 ($2 in chips) 
Seat 8: fabri74 ($2.23 in chips) 
Seat 9: Xósem ($2.09 in chips) 
Dorex2007: posts small blind $0.01
CPS2017: posts big blind $0.02
*** HOLE CARDS ***
Dealt to Dorex2007 [5h 5s]
SunTzuARG: folds 
Olejka228822: raises $0.04 to $0.06
fabri74: raises $0.12 to $0.18
Xósem: folds 
Maxis118711: folds 
ManoKako: folds 
Dorex2007: folds 
CPS2017: folds 
Olejka228822: folds 
Uncalled bet ($0.12) returned to fabri74
fabri74 collected $0.15 from pot
fabri74: doesn't show hand 
*** SUMMARY ***
Total pot $0.15 | Rake $0 
Seat 1: Maxis118711 folded before Flop (didn't bet)
Seat 2: ManoKako (button) folded before Flop (didn't bet)
Seat 3: Dorex2007 (small blind) folded before Flop
Seat 5: CPS2017 (big blind) folded before Flop
Seat 6: SunTzuARG folded before Flop (didn't bet)
Seat 7: Olejka228822 folded before Flop
Seat 8: fabri74 collected ($0.15)
Seat 9: Xósem folded before Flop (didn't bet)



PokerStars Hand #227284600866:  Hold'em No Limit ($0.01/$0.02 USD) - 2021/06/02 20:43:34 PT [2021/06/02 23:43:34 ET]
Table 'Dufour III' 9-max Seat #3 is the button
Seat 1: Maxis118711 ($2.16 in chips) 
Seat 2: ManoKako ($1.50 in chips) 
Seat 3: Dorex2007 ($2.36 in chips) 
Seat 5: CPS2017 ($2.53 in chips) 
Seat 6: SunTzuARG ($3 in chips) 
Seat 7: Olejka228822 ($2 in chips) 
Seat 8: fabri74 ($2.32 in chips) 
Seat 9: Xósem ($2.09 in chips) 
CPS2017: posts small blind $0.01
SunTzuARG: posts big blind $0.02
*** HOLE CARDS ***
Dealt to Dorex2007 [Td 5c]
Olejka228822: folds 
fabri74: folds 
Xósem: folds 
Maxis118711: folds 
ManoKako: raises $0.02 to $0.04
Dorex2007: folds 
CPS2017: calls $0.03
SunTzuARG: calls $0.02
*** FLOP *** [Ts 3d 8c]
CPS2017: checks 
SunTzuARG: checks 
ManoKako: bets $0.06
CPS2017: folds 
SunTzuARG: folds 
Uncalled bet ($0.06) returned to ManoKako
ManoKako collected $0.12 from pot
ManoKako: doesn't show hand 
*** SUMMARY ***
Total pot $0.12 | Rake $0 
Board [Ts 3d 8c]
Seat 1: Maxis118711 folded before Flop (didn't bet)
Seat 2: ManoKako collected ($0.12)
Seat 3: Dorex2007 (button) folded before Flop (didn't bet)
Seat 5: CPS2017 (small blind) folded on the Flop
Seat 6: SunTzuARG (big blind) folded on the Flop
Seat 7: Olejka228822 folded before Flop (didn't bet)
Seat 8: fabri74 folded before Flop (didn't bet)
Seat 9: Xósem folded before Flop (didn't bet)



PokerStars Hand #227284612687:  Hold'em No Limit ($0.01/$0.02 USD) - 2021/06/02 20:44:37 PT [2021/06/02 23:44:37 ET]
Table 'Dufour III' 9-max Seat #5 is the button
Seat 1: Maxis118711 ($2.16 in chips) 
Seat 2: ManoKako ($1.58 in chips) 
Seat 3: Dorex2007 ($2.36 in chips) 
Seat 5: CPS2017 ($2.49 in chips) 
Seat 6: SunTzuARG ($2.96 in chips) 
Seat 7: Olejka228822 ($2 in chips) 
Seat 8: fabri74 ($2.32 in chips) 
Seat 9: Xósem ($2.09 in chips) 
SunTzuARG: posts small blind $0.01
Olejka228822: posts big blind $0.02
*** HOLE CARDS ***
Dealt to Dorex2007 [8c 7h]
fabri74: folds 
Xósem: folds 
Maxis118711: folds 
ManoKako: calls $0.02
Dorex2007: folds 
CPS2017: folds 
SunTzuARG: folds 
Olejka228822: checks 
*** FLOP *** [5c 5d 7s]
Olejka228822: checks 
ManoKako: checks 
*** TURN *** [5c 5d 7s] [3d]
Olejka228822: checks 
ManoKako: bets $0.03
Olejka228822: folds 
Uncalled bet ($0.03) returned to ManoKako
ManoKako collected $0.05 from pot
ManoKako: doesn't show hand 
*** SUMMARY ***
Total pot $0.05 | Rake $0 
Board [5c 5d 7s 3d]
Seat 1: Maxis118711 folded before Flop (didn't bet)
Seat 2: ManoKako collected ($0.05)
Seat 3: Dorex2007 folded before Flop (didn't bet)
Seat 5: CPS2017 (button) folded before Flop (didn't bet)
Seat 6: SunTzuARG (small blind) folded before Flop
Seat 7: Olejka228822 (big blind) folded on the Turn
Seat 8: fabri74 folded before Flop (didn't bet)
Seat 9: Xósem folded before Flop (didn't bet)



PokerStars Hand #227284621975:  Hold'em No Limit ($0.01/$0.02 USD) - 2021/06/02 20:45:08 PT [2021/06/02 23:45:08 ET]
Table 'Dufour III' 9-max Seat #6 is the button
Seat 1: Maxis118711 ($2.16 in chips) 
Seat 2: ManoKako ($1.61 in chips) 
Seat 3: Dorex2007 ($2.36 in chips) 
Seat 5: CPS2017 ($2.49 in chips) 
Seat 6: SunTzuARG ($2.95 in chips) 
Seat 7: Olejka228822 ($2 in chips) 
Seat 8: fabri74 ($2.32 in chips) 
Seat 9: Xósem ($2.09 in chips) 
Olejka228822: posts small blind $0.01
fabri74: posts big blind $0.02
*** HOLE CARDS ***
Dealt to Dorex2007 [8h 4h]
Xósem: folds 
Maxis118711: folds 
ManoKako: raises $0.04 to $0.06
Dorex2007: folds 
CPS2017: calls $0.06
SunTzuARG: folds 
Olejka228822: folds 
fabri74: calls $0.04
*** FLOP *** [Jh 4c 3d]
fabri74: checks 
ManoKako: bets $0.04
CPS2017: raises $0.04 to $0.08
fabri74: folds 
ManoKako: calls $0.04
*** TURN *** [Jh 4c 3d] [Ks]
ManoKako: checks 
CPS2017: bets $0.20
ManoKako: folds 
Uncalled bet ($0.20) returned to CPS2017
CPS2017 collected $0.34 from pot
*** SUMMARY ***
Total pot $0.35 | Rake $0.01 
Board [Jh 4c 3d Ks]
Seat 1: Maxis118711 folded before Flop (didn't bet)
Seat 2: ManoKako folded on the Turn
Seat 3: Dorex2007 folded before Flop (didn't bet)
Seat 5: CPS2017 collected ($0.34)
Seat 6: SunTzuARG (button) folded before Flop (didn't bet)
Seat 7: Olejka228822 (small blind) folded before Flop
Seat 8: fabri74 (big blind) folded on the Flop
Seat 9: Xósem folded before Flop (didn't bet)



PokerStars Hand #227284633768:  Hold'em No Limit ($0.01/$0.02 USD) - 2021/06/02 20:46:13 PT [2021/06/02 23:46:13 ET]
Table 'Dufour III' 9-max Seat #7 is the button
Seat 1: Maxis118711 ($2.16 in chips) 
Seat 2: ManoKako ($1.47 in chips) 
Seat 3: Dorex2007 ($2.36 in chips) 
Seat 5: CPS2017 ($2.69 in chips) 
Seat 6: SunTzuARG ($2.95 in chips) 
Seat 7: Olejka228822 ($2 in chips) 
Seat 8: fabri74 ($2.26 in chips) 
Seat 9: Xósem ($2.09 in chips) 
fabri74: posts small blind $0.01
Xósem: posts big blind $0.02
*** HOLE CARDS ***
Dealt to Dorex2007 [Td 5h]
Maxis118711: folds 
ManoKako: raises $0.04 to $0.06
Dorex2007: folds 
CPS2017: folds 
SunTzuARG: calls $0.06
Olejka228822: folds 
fabri74: folds 
Xósem: folds 
*** FLOP *** [2d Qc Kh]
ManoKako: checks 
SunTzuARG: bets $0.08
ManoKako: calls $0.08
*** TURN *** [2d Qc Kh] [4h]
ManoKako: checks 
SunTzuARG: checks 
*** RIVER *** [2d Qc Kh 4h] [3c]
ManoKako: checks 
Cicero Gilmário joins the table at seat #4 
SunTzuARG: bets $0.20
ManoKako: calls $0.20
*** SHOW DOWN ***
SunTzuARG: shows [7d 7c] (a pair of Sevens)
ManoKako: mucks hand 
SunTzuARG collected $0.69 from pot
*** SUMMARY ***
Total pot $0.71 | Rake $0.02 
Board [2d Qc Kh 4h 3c]
Seat 1: Maxis118711 folded before Flop (didn't bet)
Seat 2: ManoKako mucked [6s 6h]
Seat 3: Dorex2007 folded before Flop (didn't bet)
Seat 5: CPS2017 folded before Flop (didn't bet)
Seat 6: SunTzuARG showed [7d 7c] and won ($0.69) with a pair of Sevens
Seat 7: Olejka228822 (button) folded before Flop (didn't bet)
Seat 8: fabri74 (small blind) folded before Flop
Seat 9: Xósem (big blind) folded before Flop



PokerStars Hand #227284650196:  Hold'em No Limit ($0.01/$0.02 USD) - 2021/06/02 20:47:25 PT [2021/06/02 23:47:25 ET]
Table 'Dufour III' 9-max Seat #8 is the button
Seat 1: Maxis118711 ($2.16 in chips) 
Seat 2: ManoKako ($1.13 in chips) 
Seat 3: Dorex2007 ($2.36 in chips) 
Seat 5: CPS2017 ($2.69 in chips) 
Seat 6: SunTzuARG ($3.30 in chips) 
Seat 7: Olejka228822 ($2 in chips) 
Seat 8: fabri74 ($2.25 in chips) 
Seat 9: Xósem ($2.07 in chips) 
Xósem: posts small blind $0.01
Maxis118711: posts big blind $0.02
Cicero Gilmário: sits out 
*** HOLE CARDS ***
Dealt to Dorex2007 [Jc Th]
ManoKako: calls $0.02
Dorex2007: folds 
CPS2017: folds 
SunTzuARG: folds 
Olejka228822: folds 
fabri74: folds 
Xósem: calls $0.01
Maxis118711: checks 
*** FLOP *** [Ad Qh 2h]
Xósem: bets $0.03
Maxis118711: folds 
ManoKako: folds 
Uncalled bet ($0.03) returned to Xósem
Xósem collected $0.06 from pot
Xósem: doesn't show hand 
*** SUMMARY ***
Total pot $0.06 | Rake $0 
Board [Ad Qh 2h]
Seat 1: Maxis118711 (big blind) folded on the Flop
Seat 2: ManoKako folded on the Flop
Seat 3: Dorex2007 folded before Flop (didn't bet)
Seat 5: CPS2017 folded before Flop (didn't bet)
Seat 6: SunTzuARG folded before Flop (didn't bet)
Seat 7: Olejka228822 folded before Flop (didn't bet)
Seat 8: fabri74 (button) folded before Flop (didn't bet)
Seat 9: Xósem (small blind) collected ($0.06)



PokerStars Hand #227284656646:  Hold'em No Limit ($0.01/$0.02 USD) - 2021/06/02 20:48:00 PT [2021/06/02 23:48:00 ET]
Table 'Dufour III' 9-max Seat #9 is the button
Seat 1: Maxis118711 ($2.14 in chips) 
Seat 2: ManoKako ($1.11 in chips) 
Seat 3: Dorex2007 ($2.36 in chips) 
Seat 4: Cicero Gilmário ($2 in chips) 
Seat 5: CPS2017 ($2.69 in chips) 
Seat 6: SunTzuARG ($3.30 in chips) 
Seat 7: Olejka228822 ($2 in chips) 
Seat 8: fabri74 ($2.25 in chips) 
Seat 9: Xósem ($2.11 in chips) 
Maxis118711: posts small blind $0.01
ManoKako: posts big blind $0.02
Cicero Gilmário: posts big blind $0.02
*** HOLE CARDS ***
Dealt to Dorex2007 [Ad Jc]
Dorex2007: folds 
Cicero Gilmário: checks 
CPS2017: folds 
SunTzuARG: folds 
Olejka228822: raises $0.06 to $0.08
fabri74: folds 
Xósem: folds 
Maxis118711: folds 
ManoKako: folds 
Cicero Gilmário: folds 
Uncalled bet ($0.06) returned to Olejka228822
Olejka228822 collected $0.07 from pot
*** SUMMARY ***
Total pot $0.07 | Rake $0 
Seat 1: Maxis118711 (small blind) folded before Flop
Seat 2: ManoKako (big blind) folded before Flop
Seat 3: Dorex2007 folded before Flop (didn't bet)
Seat 4: Cicero Gilmário folded before Flop (didn't bet)
Seat 5: CPS2017 folded before Flop (didn't bet)
Seat 6: SunTzuARG folded before Flop (didn't bet)
Seat 7: Olejka228822 collected ($0.07)
Seat 8: fabri74 folded before Flop (didn't bet)
Seat 9: Xósem (button) folded before Flop (didn't bet)



PokerStars Hand #227284662119:  Hold'em No Limit ($0.01/$0.02 USD) - 2021/06/02 20:48:30 PT [2021/06/02 23:48:30 ET]
Table 'Dufour III' 9-max Seat #1 is the button
Seat 1: Maxis118711 ($2.13 in chips) 
Seat 2: ManoKako ($1.09 in chips) 
Seat 3: Dorex2007 ($2.36 in chips) 
Seat 4: Cicero Gilmário ($1.98 in chips) 
Seat 5: CPS2017 ($2.69 in chips) 
Seat 6: SunTzuARG ($3.30 in chips) 
Seat 7: Olejka228822 ($2.05 in chips) 
Seat 8: fabri74 ($2.25 in chips) 
Seat 9: Xósem ($2.11 in chips) 
ManoKako: posts small blind $0.01
Dorex2007: posts big blind $0.02
*** HOLE CARDS ***
Dealt to Dorex2007 [2h Kc]
Cicero Gilmário: folds 
CPS2017: raises $0.04 to $0.06
SunTzuARG: folds 
Olejka228822: folds 
fabri74: folds 
Xósem: calls $0.06
Maxis118711: calls $0.06
ManoKako: folds 
Dorex2007: folds 
*** FLOP *** [7s 3s As]
CPS2017: checks 
Xósem: checks 
Maxis118711: checks 
*** TURN *** [7s 3s As] [Ad]
CPS2017: bets $0.08
Xósem: folds 
Maxis118711: folds 
Uncalled bet ($0.08) returned to CPS2017
CPS2017 collected $0.20 from pot
*** SUMMARY ***
Total pot $0.21 | Rake $0.01 
Board [7s 3s As Ad]
Seat 1: Maxis118711 (button) folded on the Turn
Seat 2: ManoKako (small blind) folded before Flop
Seat 3: Dorex2007 (big blind) folded before Flop
Seat 4: Cicero Gilmário folded before Flop (didn't bet)
Seat 5: CPS2017 collected ($0.20)
Seat 6: SunTzuARG folded before Flop (didn't bet)
Seat 7: Olejka228822 folded before Flop (didn't bet)
Seat 8: fabri74 folded before Flop (didn't bet)
Seat 9: Xósem folded on the Turn



PokerStars Hand #227284671433:  Hold'em No Limit ($0.01/$0.02 USD) - 2021/06/02 20:49:21 PT [2021/06/02 23:49:21 ET]
Table 'Dufour III' 9-max Seat #2 is the button
Seat 1: Maxis118711 ($2.07 in chips) 
Seat 2: ManoKako ($1.08 in chips) 
Seat 3: Dorex2007 ($2.34 in chips) 
Seat 4: Cicero Gilmário ($1.98 in chips) 
Seat 5: CPS2017 ($2.83 in chips) 
Seat 6: SunTzuARG ($3.30 in chips) 
Seat 7: Olejka228822 ($2.05 in chips) 
Seat 8: fabri74 ($2.25 in chips) 
Seat 9: Xósem ($2.05 in chips) 
Dorex2007: posts small blind $0.01
Cicero Gilmário: posts big blind $0.02
*** HOLE CARDS ***
Dealt to Dorex2007 [4d Jd]
CPS2017: folds 
SunTzuARG: folds 
Olejka228822: folds 
fabri74: folds 
Xósem: folds 
Maxis118711: folds 
Maxis118711 leaves the table
ManoKako: raises $0.04 to $0.06
Dorex2007: folds 
Cicero Gilmário: calls $0.04
*** FLOP *** [2s As Ts]
Cicero Gilmário: checks 
ManoKako: bets $0.13
Cicero Gilmário: folds 
Uncalled bet ($0.13) returned to ManoKako
ManoKako collected $0.13 from pot
ManoKako: doesn't show hand 
*** SUMMARY ***
Total pot $0.13 | Rake $0 
Board [2s As Ts]
Seat 1: Maxis118711 folded before Flop (didn't bet)
Seat 2: ManoKako (button) collected ($0.13)
Seat 3: Dorex2007 (small blind) folded before Flop
Seat 4: Cicero Gilmário (big blind) folded on the Flop
Seat 5: CPS2017 folded before Flop (didn't bet)
Seat 6: SunTzuARG folded before Flop (didn't bet)
Seat 7: Olejka228822 folded before Flop (didn't bet)
Seat 8: fabri74 folded before Flop (didn't bet)
Seat 9: Xósem folded before Flop (didn't bet)



PokerStars Hand #227284676959:  Hold'em No Limit ($0.01/$0.02 USD) - 2021/06/02 20:49:52 PT [2021/06/02 23:49:52 ET]
Table 'Dufour III' 9-max Seat #3 is the button
Seat 2: ManoKako ($1.15 in chips) 
Seat 3: Dorex2007 ($2.33 in chips) 
Seat 4: Cicero Gilmário ($1.92 in chips) 
Seat 5: CPS2017 ($2.83 in chips) 
Seat 6: SunTzuARG ($3.30 in chips) 
Seat 7: Olejka228822 ($2.05 in chips) 
Seat 8: fabri74 ($2.25 in chips) 
Seat 9: Xósem ($2.05 in chips) 
Cicero Gilmário: posts small blind $0.01
CPS2017: posts big blind $0.02
*** HOLE CARDS ***
Dealt to Dorex2007 [9h Ac]
SunTzuARG: folds 
Olejka228822: folds 
fabri74: folds 
Xósem: folds 
ManoKako: raises $0.02 to $0.04
Dorex2007: folds 
Cicero Gilmário: folds 
CPS2017: calls $0.02
*** FLOP *** [Td Tc 2s]
CPS2017: checks 
ManoKako: checks 
*** TURN *** [Td Tc 2s] [Jc]
CPS2017: bets $0.04
ManoKako: folds 
Uncalled bet ($0.04) returned to CPS2017
CPS2017 collected $0.09 from pot
*** SUMMARY ***
Total pot $0.09 | Rake $0 
Board [Td Tc 2s Jc]
Seat 2: ManoKako folded on the Turn
Seat 3: Dorex2007 (button) folded before Flop (didn't bet)
Seat 4: Cicero Gilmário (small blind) folded before Flop
Seat 5: CPS2017 (big blind) collected ($0.09)
Seat 6: SunTzuARG folded before Flop (didn't bet)
Seat 7: Olejka228822 folded before Flop (didn't bet)
Seat 8: fabri74 folded before Flop (didn't bet)
Seat 9: Xósem folded before Flop (didn't bet)



PokerStars Hand #227284685405:  Hold'em No Limit ($0.01/$0.02 USD) - 2021/06/02 20:50:38 PT [2021/06/02 23:50:38 ET]
Table 'Dufour III' 9-max Seat #4 is the button
Seat 2: ManoKako ($1.11 in chips) 
Seat 3: Dorex2007 ($2.33 in chips) 
Seat 4: Cicero Gilmário ($1.91 in chips) 
Seat 5: CPS2017 ($2.88 in chips) 
Seat 6: SunTzuARG ($3.30 in chips) 
Seat 7: Olejka228822 ($2.05 in chips) 
Seat 8: fabri74 ($2.25 in chips) 
Seat 9: Xósem ($2.05 in chips) 
CPS2017: posts small blind $0.01
SunTzuARG: posts big blind $0.02
*** HOLE CARDS ***
Dealt to Dorex2007 [Td Qh]
Olejka228822: folds 
fabri74: folds 
Xósem: calls $0.02
ManoKako: folds 
Dorex2007: folds 
Cicero Gilmário: folds 
CPS2017: calls $0.01
SunTzuARG: checks 
*** FLOP *** [2s 7h Kd]
CPS2017: checks 
Marrcceell joins the table at seat #1 
SunTzuARG: checks 
Xósem: bets $0.03
CPS2017: calls $0.03
SunTzuARG: folds 
*** TURN *** [2s 7h Kd] [Ac]
CPS2017: checks 
Xósem: bets $0.06
CPS2017: folds 
Uncalled bet ($0.06) returned to Xósem
Xósem collected $0.12 from pot
Xósem: doesn't show hand 
*** SUMMARY ***
Total pot $0.12 | Rake $0 
Board [2s 7h Kd Ac]
Seat 2: ManoKako folded before Flop (didn't bet)
Seat 3: Dorex2007 folded before Flop (didn't bet)
Seat 4: Cicero Gilmário (button) folded before Flop (didn't bet)
Seat 5: CPS2017 (small blind) folded on the Turn
Seat 6: SunTzuARG (big blind) folded on the Flop
Seat 7: Olejka228822 folded before Flop (didn't bet)
Seat 8: fabri74 folded before Flop (didn't bet)
Seat 9: Xósem collected ($0.12)



PokerStars Hand #227284699014:  Hold'em No Limit ($0.01/$0.02 USD) - 2021/06/02 20:51:53 PT [2021/06/02 23:51:53 ET]
Table 'Dufour III' 9-max Seat #5 is the button
Seat 2: ManoKako ($1.11 in chips) 
Seat 3: Dorex2007 ($2.33 in chips) 
Seat 4: Cicero Gilmário ($1.91 in chips) 
Seat 5: CPS2017 ($2.83 in chips) 
Seat 6: SunTzuARG ($3.28 in chips) 
Seat 7: Olejka228822 ($2.05 in chips) 
Seat 8: fabri74 ($2.25 in chips) 
Seat 9: Xósem ($2.12 in chips) 
SunTzuARG: posts small blind $0.01
Olejka228822: posts big blind $0.02
Marrcceell: sits out 
*** HOLE CARDS ***
Dealt to Dorex2007 [4c Ad]
fabri74: folds 
Xósem: folds 
ManoKako: raises $0.02 to $0.04
Dorex2007: folds 
Cicero Gilmário: raises $0.02 to $0.06
CPS2017: folds 
SunTzuARG: folds 
Olejka228822: folds 
ManoKako: calls $0.02
*** FLOP *** [6d Kc Ts]
ManoKako: bets $0.02
Cicero Gilmário: raises $0.06 to $0.08
ManoKako: calls $0.06
*** TURN *** [6d Kc Ts] [4s]
ManoKako: checks 
Cicero Gilmário: bets $0.10
ManoKako: calls $0.10
*** RIVER *** [6d Kc Ts 4s] [Qd]
ManoKako: checks 
Cicero Gilmário: bets $0.25
ManoKako: folds 
Uncalled bet ($0.25) returned to Cicero Gilmário
Cicero Gilmário collected $0.49 from pot
Cicero Gilmário: doesn't show hand 
*** SUMMARY ***
Total pot $0.51 | Rake $0.02 
Board [6d Kc Ts 4s Qd]
Seat 2: ManoKako folded on the River
Seat 3: Dorex2007 folded before Flop (didn't bet)
Seat 4: Cicero Gilmário collected ($0.49)
Seat 5: CPS2017 (button) folded before Flop (didn't bet)
Seat 6: SunTzuARG (small blind) folded before Flop
Seat 7: Olejka228822 (big blind) folded before Flop
Seat 8: fabri74 folded before Flop (didn't bet)
Seat 9: Xósem folded before Flop (didn't bet)



PokerStars Hand #227284707836:  Hold'em No Limit ($0.01/$0.02 USD) - 2021/06/02 20:52:41 PT [2021/06/02 23:52:41 ET]
Table 'Dufour III' 9-max Seat #6 is the button
Seat 2: ManoKako ($0.87 in chips) 
Seat 3: Dorex2007 ($2.33 in chips) 
Seat 4: Cicero Gilmário ($2.16 in chips) 
Seat 5: CPS2017 ($2.83 in chips) 
Seat 6: SunTzuARG ($3.27 in chips) 
Seat 7: Olejka228822 ($2.03 in chips) 
Seat 8: fabri74 ($2.25 in chips) 
Seat 9: Xósem ($2.12 in chips) 
Olejka228822: posts small blind $0.01
fabri74: posts big blind $0.02
Marrcceell: sits out 
*** HOLE CARDS ***
Dealt to Dorex2007 [Th Jc]
Xósem: calls $0.02
ManoKako: raises $0.07 to $0.09
Dorex2007: folds 
Cicero Gilmário: folds 
CPS2017: folds 
SunTzuARG: folds 
Olejka228822: folds 
fabri74: folds 
Xósem: folds 
Uncalled bet ($0.07) returned to ManoKako
ManoKako collected $0.07 from pot
ManoKako: doesn't show hand 
*** SUMMARY ***
Total pot $0.07 | Rake $0 
Seat 2: ManoKako collected ($0.07)
Seat 3: Dorex2007 folded before Flop (didn't bet)
Seat 4: Cicero Gilmário folded before Flop (didn't bet)
Seat 5: CPS2017 folded before Flop (didn't bet)
Seat 6: SunTzuARG (button) folded before Flop (didn't bet)
Seat 7: Olejka228822 (small blind) folded before Flop
Seat 8: fabri74 (big blind) folded before Flop
Seat 9: Xósem folded before Flop



PokerStars Hand #227284713119:  Hold'em No Limit ($0.01/$0.02 USD) - 2021/06/02 20:53:11 PT [2021/06/02 23:53:11 ET]
Table 'Dufour III' 9-max Seat #7 is the button
Seat 2: ManoKako ($0.92 in chips) 
Seat 3: Dorex2007 ($2.33 in chips) 
Seat 4: Cicero Gilmário ($2.16 in chips) 
Seat 5: CPS2017 ($2.83 in chips) 
Seat 6: SunTzuARG ($3.27 in chips) 
Seat 7: Olejka228822 ($2.02 in chips) 
Seat 8: fabri74 ($2.23 in chips) 
Seat 9: Xósem ($2.10 in chips) 
fabri74: posts small blind $0.01
Xósem: posts big blind $0.02
Marrcceell: sits out 
*** HOLE CARDS ***
Dealt to Dorex2007 [7h Js]
ManoKako: folds 
Dorex2007: folds 
Cicero Gilmário: calls $0.02
CPS2017: folds 
SunTzuARG: folds 
Olejka228822: raises $0.06 to $0.08
fabri74: folds 
Xósem: folds 
Cicero Gilmário: calls $0.06
*** FLOP *** [Th Jc Ks]
Cicero Gilmário: checks 
Olejka228822: checks 
*** TURN *** [Th Jc Ks] [3s]
Cicero Gilmário: checks 
Olejka228822: bets $0.12
Cicero Gilmário: calls $0.12
*** RIVER *** [Th Jc Ks 3s] [3h]
Cicero Gilmário: checks 
Olejka228822: checks 
*** SHOW DOWN ***
Cicero Gilmário: shows [Tc 8c] (two pair, Tens and Threes)
Olejka228822: mucks hand 
Cicero Gilmário collected $0.41 from pot
*** SUMMARY ***
Total pot $0.43 | Rake $0.02 
Board [Th Jc Ks 3s 3h]
Seat 2: ManoKako folded before Flop (didn't bet)
Seat 3: Dorex2007 folded before Flop (didn't bet)
Seat 4: Cicero Gilmário showed [Tc 8c] and won ($0.41) with two pair, Tens and Threes
Seat 5: CPS2017 folded before Flop (didn't bet)
Seat 6: SunTzuARG folded before Flop (didn't bet)
Seat 7: Olejka228822 (button) mucked [8s 8h]
Seat 8: fabri74 (small blind) folded before Flop
Seat 9: Xósem (big blind) folded before Flop



PokerStars Hand #227284721588:  Hold'em No Limit ($0.01/$0.02 USD) - 2021/06/02 20:53:58 PT [2021/06/02 23:53:58 ET]
Table 'Dufour III' 9-max Seat #8 is the button
Seat 1: Marrcceell ($1.60 in chips) 
Seat 2: ManoKako ($0.92 in chips) 
Seat 3: Dorex2007 ($2.33 in chips) 
Seat 4: Cicero Gilmário ($2.37 in chips) 
Seat 5: CPS2017 ($2.83 in chips) 
Seat 6: SunTzuARG ($3.27 in chips) 
Seat 7: Olejka228822 ($2 in chips) 
Seat 8: fabri74 ($2.22 in chips) 
Seat 9: Xósem ($2.08 in chips) 
Xósem: posts small blind $0.01
Marrcceell: posts big blind $0.02
*** HOLE CARDS ***
Dealt to Dorex2007 [9h 3c]
ManoKako: folds 
Dorex2007: folds 
Cicero Gilmário: folds 
ManoKako leaves the table
CPS2017: calls $0.02
SunTzuARG has timed out
SunTzuARG: folds 
Olejka228822: folds 
fabri74: raises $0.06 to $0.08
Xósem: folds 
Marrcceell: folds 
CPS2017: calls $0.06
*** FLOP *** [Kc 5s Qc]
CPS2017: checks 
fabri74: bets $0.08
CPS2017: folds 
Uncalled bet ($0.08) returned to fabri74
dori_vedimak joins the table at seat #2 
fabri74 collected $0.18 from pot
fabri74: doesn't show hand 
*** SUMMARY ***
Total pot $0.19 | Rake $0.01 
Board [Kc 5s Qc]
Seat 1: Marrcceell (big blind) folded before Flop
Seat 2: ManoKako folded before Flop (didn't bet)
Seat 3: Dorex2007 folded before Flop (didn't bet)
Seat 4: Cicero Gilmário folded before Flop (didn't bet)
Seat 5: CPS2017 folded on the Flop
Seat 6: SunTzuARG folded before Flop (didn't bet)
Seat 7: Olejka228822 folded before Flop (didn't bet)
Seat 8: fabri74 (button) collected ($0.18)
Seat 9: Xósem (small blind) folded before Flop



PokerStars Hand #227284742503:  Hold'em No Limit ($0.01/$0.02 USD) - 2021/06/02 20:55:03 PT [2021/06/02 23:55:03 ET]
Table 'Dufour III' 9-max Seat #9 is the button
Seat 1: Marrcceell ($1.58 in chips) 
Seat 2: dori_vedimak ($1.60 in chips) 
Seat 3: Dorex2007 ($2.33 in chips) 
Seat 4: Cicero Gilmário ($2.37 in chips) 
Seat 5: CPS2017 ($2.75 in chips) 
Seat 6: SunTzuARG ($3.27 in chips) 
Seat 7: Olejka228822 ($2 in chips) 
Seat 8: fabri74 ($2.32 in chips) 
Seat 9: Xósem ($2.07 in chips) 
Marrcceell: posts small blind $0.01
dori_vedimak: posts big blind $0.02
*** HOLE CARDS ***
Dealt to Dorex2007 [8d As]
Dorex2007: folds 
Cicero Gilmário: raises $0.06 to $0.08
CPS2017: folds 
SunTzuARG: folds 
Olejka228822: folds 
fabri74: folds 
Xósem: folds 
Marrcceell: folds 
dori_vedimak: folds 
Uncalled bet ($0.06) returned to Cicero Gilmário
Cicero Gilmário collected $0.05 from pot
Cicero Gilmário: doesn't show hand 
*** SUMMARY ***
Total pot $0.05 | Rake $0 
Seat 1: Marrcceell (small blind) folded before Flop
Seat 2: dori_vedimak (big blind) folded before Flop
Seat 3: Dorex2007 folded before Flop (didn't bet)
Seat 4: Cicero Gilmário collected ($0.05)
Seat 5: CPS2017 folded before Flop (didn't bet)
Seat 6: SunTzuARG folded before Flop (didn't bet)
Seat 7: Olejka228822 folded before Flop (didn't bet)
Seat 8: fabri74 folded before Flop (didn't bet)
Seat 9: Xósem (button) folded before Flop (didn't bet)



PokerStars Hand #227284755710:  Hold'em No Limit ($0.01/$0.02 USD) - 2021/06/02 20:55:42 PT [2021/06/02 23:55:42 ET]
Table 'Dufour III' 9-max Seat #1 is the button
Seat 1: Marrcceell ($1.57 in chips) 
Seat 2: dori_vedimak ($1.58 in chips) 
Seat 3: Dorex2007 ($2.33 in chips) 
Seat 4: Cicero Gilmário ($2.40 in chips) 
Seat 5: CPS2017 ($2.75 in chips) 
Seat 6: SunTzuARG ($3.27 in chips) 
Seat 7: Olejka228822 ($2 in chips) 
Seat 8: fabri74 ($2.32 in chips) 
Seat 9: Xósem ($2.07 in chips) 
dori_vedimak: posts small blind $0.01
Dorex2007: posts big blind $0.02
*** HOLE CARDS ***
Dealt to Dorex2007 [Th As]
Cicero Gilmário: folds 
CPS2017: folds 
SunTzuARG: folds 
Olejka228822: folds 
fabri74: folds 
Xósem: folds 
Marrcceell: folds 
dori_vedimak: folds 
Uncalled bet ($0.01) returned to Dorex2007
Dorex2007 collected $0.02 from pot
Dorex2007: doesn't show hand 
*** SUMMARY ***
Total pot $0.02 | Rake $0 
Seat 1: Marrcceell (button) folded before Flop (didn't bet)
Seat 2: dori_vedimak (small blind) folded before Flop
Seat 3: Dorex2007 (big blind) collected ($0.02)
Seat 4: Cicero Gilmário folded before Flop (didn't bet)
Seat 5: CPS2017 folded before Flop (didn't bet)
Seat 6: SunTzuARG folded before Flop (didn't bet)
Seat 7: Olejka228822 folded before Flop (didn't bet)
Seat 8: fabri74 folded before Flop (didn't bet)
Seat 9: Xósem folded before Flop (didn't bet)



PokerStars Hand #227284759807:  Hold'em No Limit ($0.01/$0.02 USD) - 2021/06/02 20:56:10 PT [2021/06/02 23:56:10 ET]
Table 'Dufour III' 9-max Seat #2 is the button
Seat 1: Marrcceell ($1.57 in chips) 
Seat 2: dori_vedimak ($1.57 in chips) 
Seat 3: Dorex2007 ($2.34 in chips) 
Seat 4: Cicero Gilmário ($2.40 in chips) 
Seat 5: CPS2017 ($2.75 in chips) 
Seat 6: SunTzuARG ($3.27 in chips) 
Seat 7: Olejka228822 ($2 in chips) 
Seat 8: fabri74 ($2.32 in chips) 
Seat 9: Xósem ($2.07 in chips) 
Dorex2007: posts small blind $0.01
Cicero Gilmário: posts big blind $0.02
*** HOLE CARDS ***
Dealt to Dorex2007 [Kh 6d]
CPS2017: folds 
SunTzuARG: folds 
Olejka228822: raises $0.04 to $0.06
fabri74: folds 
Xósem: folds 
Marrcceell: folds 
dori_vedimak: folds 
Dorex2007: folds 
Cicero Gilmário: calls $0.04
*** FLOP *** [As 2d Kc]
Cicero Gilmário: checks 
Olejka228822: bets $0.10
Cicero Gilmário: folds 
Uncalled bet ($0.10) returned to Olejka228822
Olejka228822 collected $0.13 from pot
*** SUMMARY ***
Total pot $0.13 | Rake $0 
Board [As 2d Kc]
Seat 1: Marrcceell folded before Flop (didn't bet)
Seat 2: dori_vedimak (button) folded before Flop (didn't bet)
Seat 3: Dorex2007 (small blind) folded before Flop
Seat 4: Cicero Gilmário (big blind) folded on the Flop
Seat 5: CPS2017 folded before Flop (didn't bet)
Seat 6: SunTzuARG folded before Flop (didn't bet)
Seat 7: Olejka228822 collected ($0.13)
Seat 8: fabri74 folded before Flop (didn't bet)
Seat 9: Xósem folded before Flop (didn't bet)



PokerStars Hand #227284765228:  Hold'em No Limit ($0.01/$0.02 USD) - 2021/06/02 20:56:47 PT [2021/06/02 23:56:47 ET]
Table 'Dufour III' 9-max Seat #3 is the button
Seat 1: Marrcceell ($1.57 in chips) 
Seat 2: dori_vedimak ($1.57 in chips) 
Seat 3: Dorex2007 ($2.33 in chips) 
Seat 4: Cicero Gilmário ($2.34 in chips) 
Seat 5: CPS2017 ($2.75 in chips) 
Seat 6: SunTzuARG ($3.27 in chips) 
Seat 7: Olejka228822 ($2.07 in chips) 
Seat 8: fabri74 ($2.32 in chips) 
Seat 9: Xósem ($2.07 in chips) 
Cicero Gilmário: posts small blind $0.01
CPS2017: posts big blind $0.02
*** HOLE CARDS ***
Dealt to Dorex2007 [Kc 7c]
SunTzuARG: folds 
Olejka228822: raises $0.06 to $0.08
fabri74: folds 
Xósem: folds 
Marrcceell: folds 
dori_vedimak: folds 
Dorex2007: folds 
Cicero Gilmário: folds 
CPS2017: folds 
Uncalled bet ($0.06) returned to Olejka228822
Olejka228822 collected $0.05 from pot
*** SUMMARY ***
Total pot $0.05 | Rake $0 
Seat 1: Marrcceell folded before Flop (didn't bet)
Seat 2: dori_vedimak folded before Flop (didn't bet)
Seat 3: Dorex2007 (button) folded before Flop (didn't bet)
Seat 4: Cicero Gilmário (small blind) folded before Flop
Seat 5: CPS2017 (big blind) folded before Flop
Seat 6: SunTzuARG folded before Flop (didn't bet)
Seat 7: Olejka228822 collected ($0.05)
Seat 8: fabri74 folded before Flop (didn't bet)
Seat 9: Xósem folded before Flop (didn't bet)



PokerStars Hand #227284768366:  Hold'em No Limit ($0.01/$0.02 USD) - 2021/06/02 20:57:08 PT [2021/06/02 23:57:08 ET]
Table 'Dufour III' 9-max Seat #4 is the button
Seat 1: Marrcceell ($1.57 in chips) 
Seat 2: dori_vedimak ($1.57 in chips) 
Seat 3: Dorex2007 ($2.33 in chips) 
Seat 4: Cicero Gilmário ($2.33 in chips) 
Seat 5: CPS2017 ($2.73 in chips) 
Seat 6: SunTzuARG ($3.27 in chips) 
Seat 7: Olejka228822 ($2.10 in chips) 
Seat 8: fabri74 ($2.32 in chips) 
Seat 9: Xósem ($2.07 in chips) 
CPS2017: posts small blind $0.01
SunTzuARG: posts big blind $0.02
*** HOLE CARDS ***
Dealt to Dorex2007 [Kd 9h]
Olejka228822: folds 
fabri74: raises $0.04 to $0.06
Xósem: folds 
Marrcceell: folds 
dori_vedimak: folds 
Dorex2007: folds 
Cicero Gilmário: calls $0.06
CPS2017: folds 
SunTzuARG: folds 
*** FLOP *** [5s Ad Qd]
fabri74: bets $0.07
Cicero Gilmário: calls $0.07
*** TURN *** [5s Ad Qd] [Jd]
fabri74: checks 
Cicero Gilmário: bets $0.14
fabri74: folds 
Uncalled bet ($0.14) returned to Cicero Gilmário
Cicero Gilmário collected $0.28 from pot
Cicero Gilmário: doesn't show hand 
*** SUMMARY ***
Total pot $0.29 | Rake $0.01 
Board [5s Ad Qd Jd]
Seat 1: Marrcceell folded before Flop (didn't bet)
Seat 2: dori_vedimak folded before Flop (didn't bet)
Seat 3: Dorex2007 folded before Flop (didn't bet)
Seat 4: Cicero Gilmário (button) collected ($0.28)
Seat 5: CPS2017 (small blind) folded before Flop
Seat 6: SunTzuARG (big blind) folded before Flop
Seat 7: Olejka228822 folded before Flop (didn't bet)
Seat 8: fabri74 folded on the Turn
Seat 9: Xósem folded before Flop (didn't bet)



PokerStars Hand #227284777500:  Hold'em No Limit ($0.01/$0.02 USD) - 2021/06/02 20:58:11 PT [2021/06/02 23:58:11 ET]
Table 'Dufour III' 9-max Seat #5 is the button
Seat 1: Marrcceell ($1.57 in chips) 
Seat 2: dori_vedimak ($1.57 in chips) 
Seat 3: Dorex2007 ($2.33 in chips) 
Seat 4: Cicero Gilmário ($2.48 in chips) 
Seat 5: CPS2017 ($2.72 in chips) 
Seat 6: SunTzuARG ($3.25 in chips) 
Seat 7: Olejka228822 ($2.10 in chips) 
Seat 8: fabri74 ($2.19 in chips) 
Seat 9: Xósem ($2.07 in chips) 
SunTzuARG: posts small blind $0.01
Olejka228822: posts big blind $0.02
*** HOLE CARDS ***
Dealt to Dorex2007 [2s Td]
fabri74: raises $0.04 to $0.06
Xósem: folds 
Marrcceell: folds 
dori_vedimak: folds 
Dorex2007: folds 
Cicero Gilmário: folds 
CPS2017: folds 
SunTzuARG: folds 
Olejka228822: folds 
Uncalled bet ($0.04) returned to fabri74
fabri74 collected $0.05 from pot
fabri74: doesn't show hand 
*** SUMMARY ***
Total pot $0.05 | Rake $0 
Seat 1: Marrcceell folded before Flop (didn't bet)
Seat 2: dori_vedimak folded before Flop (didn't bet)
Seat 3: Dorex2007 folded before Flop (didn't bet)
Seat 4: Cicero Gilmário folded before Flop (didn't bet)
Seat 5: CPS2017 (button) folded before Flop (didn't bet)
Seat 6: SunTzuARG (small blind) folded before Flop
Seat 7: Olejka228822 (big blind) folded before Flop
Seat 8: fabri74 collected ($0.05)
Seat 9: Xósem folded before Flop (didn't bet)



PokerStars Hand #227284781847:  Hold'em No Limit ($0.01/$0.02 USD) - 2021/06/02 20:58:41 PT [2021/06/02 23:58:41 ET]
Table 'Dufour III' 9-max Seat #6 is the button
Seat 1: Marrcceell ($1.57 in chips) 
Seat 2: dori_vedimak ($1.57 in chips) 
Seat 3: Dorex2007 ($2.33 in chips) 
Seat 4: Cicero Gilmário ($2.48 in chips) 
Seat 5: CPS2017 ($2.72 in chips) 
Seat 6: SunTzuARG ($3.24 in chips) 
Seat 7: Olejka228822 ($2.08 in chips) 
Seat 8: fabri74 ($2.22 in chips) 
Seat 9: Xósem ($2.07 in chips) 
Olejka228822: posts small blind $0.01
fabri74: posts big blind $0.02
*** HOLE CARDS ***
Dealt to Dorex2007 [5d Qc]
Xósem: folds 
Marrcceell: folds 
dori_vedimak: folds 
Dorex2007: folds 
Cicero Gilmário: calls $0.02
CPS2017: folds 
SunTzuARG: folds 
Olejka228822: folds 
fabri74: checks 
*** FLOP *** [As Th 4h]
fabri74: checks 
Cicero Gilmário: bets $0.05
fabri74: folds 
Uncalled bet ($0.05) returned to Cicero Gilmário
Cicero Gilmário collected $0.05 from pot
Cicero Gilmário: doesn't show hand 
*** SUMMARY ***
Total pot $0.05 | Rake $0 
Board [As Th 4h]
Seat 1: Marrcceell folded before Flop (didn't bet)
Seat 2: dori_vedimak folded before Flop (didn't bet)
Seat 3: Dorex2007 folded before Flop (didn't bet)
Seat 4: Cicero Gilmário collected ($0.05)
Seat 5: CPS2017 folded before Flop (didn't bet)
Seat 6: SunTzuARG (button) folded before Flop (didn't bet)
Seat 7: Olejka228822 (small blind) folded before Flop
Seat 8: fabri74 (big blind) folded on the Flop
Seat 9: Xósem folded before Flop (didn't bet)



PokerStars Hand #227284785204:  Hold'em No Limit ($0.01/$0.02 USD) - 2021/06/02 20:59:04 PT [2021/06/02 23:59:04 ET]
Table 'Dufour III' 9-max Seat #7 is the button
Seat 1: Marrcceell ($1.57 in chips) 
Seat 2: dori_vedimak ($1.57 in chips) 
Seat 3: Dorex2007 ($2.33 in chips) 
Seat 4: Cicero Gilmário ($2.51 in chips) 
Seat 5: CPS2017 ($2.72 in chips) 
Seat 6: SunTzuARG ($3.24 in chips) 
Seat 7: Olejka228822 ($2.07 in chips) 
Seat 8: fabri74 ($2.20 in chips) 
Seat 9: Xósem ($2.07 in chips) 
fabri74: posts small blind $0.01
Xósem: posts big blind $0.02
*** HOLE CARDS ***
Dealt to Dorex2007 [Jd Qs]
Marrcceell: folds 
dori_vedimak: folds 
Dorex2007: folds 
Cicero Gilmário: raises $0.04 to $0.06
CPS2017: calls $0.06
SunTzuARG: folds 
Olejka228822: folds 
fabri74: folds 
Xósem: calls $0.04
*** FLOP *** [Qc 2c As]
Xósem: checks 
Cicero Gilmário: checks 
CPS2017: bets $0.06
Xósem: calls $0.06
Cicero Gilmário: calls $0.06
*** TURN *** [Qc 2c As] [7c]
Xósem: checks 
Cicero Gilmário: checks 
CPS2017: bets $0.10
Xósem: folds 
Cicero Gilmário: folds 
Uncalled bet ($0.10) returned to CPS2017
CPS2017 collected $0.36 from pot
*** SUMMARY ***
Total pot $0.37 | Rake $0.01 
Board [Qc 2c As 7c]
Seat 1: Marrcceell folded before Flop (didn't bet)
Seat 2: dori_vedimak folded before Flop (didn't bet)
Seat 3: Dorex2007 folded before Flop (didn't bet)
Seat 4: Cicero Gilmário folded on the Turn
Seat 5: CPS2017 collected ($0.36)
Seat 6: SunTzuARG folded before Flop (didn't bet)
Seat 7: Olejka228822 (button) folded before Flop (didn't bet)
Seat 8: fabri74 (small blind) folded before Flop
Seat 9: Xósem (big blind) folded on the Turn



