PokerStars Hand #224086138611:  Hold'em No Limit ($0.01/$0.02 USD) - 2021/02/21 15:33:48 PT [2021/02/21 18:33:48 ET]
Table 'Bojeva VII' 9-max Seat #6 is the button
Seat 1: ppmirogl ($3.39 in chips) 
Seat 2: mickey889 ($2.51 in chips) 
Seat 3: nagaElf ($1.99 in chips) 
Seat 4: asdabelle ($0.62 in chips) 
Seat 5: Dorex2007 ($1.50 in chips) 
Seat 6: Balolika ($1.10 in chips) 
Seat 7: airdestiny ($2 in chips) 
Seat 8: ratchetbitch ($2.51 in chips) 
Seat 9: khalidmoumen ($2.73 in chips) 
airdestiny: posts small blind $0.01
ratchetbitch: posts big blind $0.02
Dorex2007: posts big blind $0.02
*** HOLE CARDS ***
Dealt to Dorex2007 [5d 9d]
khalidmoumen: raises $0.02 to $0.04
ppmirogl: folds 
mickey889: folds 
nagaElf: calls $0.04
asdabelle: folds 
Dorex2007: folds 
Balolika: folds 
airdestiny: folds 
ratchetbitch: folds 
*** FLOP *** [7s 2s 5h]
khalidmoumen: bets $0.02
nagaElf: calls $0.02
*** TURN *** [7s 2s 5h] [Qs]
khalidmoumen: bets $0.02
nagaElf: folds 
Uncalled bet ($0.02) returned to khalidmoumen
khalidmoumen collected $0.16 from pot
khalidmoumen: doesn't show hand 
*** SUMMARY ***
Total pot $0.17 | Rake $0.01 
Board [7s 2s 5h Qs]
Seat 1: ppmirogl folded before Flop (didn't bet)
Seat 2: mickey889 folded before Flop (didn't bet)
Seat 3: nagaElf folded on the Turn
Seat 4: asdabelle folded before Flop (didn't bet)
Seat 5: Dorex2007 folded before Flop (didn't bet)
Seat 6: Balolika (button) folded before Flop (didn't bet)
Seat 7: airdestiny (small blind) folded before Flop
Seat 8: ratchetbitch (big blind) folded before Flop
Seat 9: khalidmoumen collected ($0.16)



PokerStars Hand #224086168184:  Hold'em No Limit ($0.01/$0.02 USD) - 2021/02/21 15:34:43 PT [2021/02/21 18:34:43 ET]
Table 'Bojeva VII' 9-max Seat #7 is the button
Seat 1: ppmirogl ($3.39 in chips) 
Seat 2: mickey889 ($2.51 in chips) 
Seat 3: nagaElf ($1.93 in chips) 
Seat 4: asdabelle ($0.62 in chips) 
Seat 5: Dorex2007 ($1.48 in chips) 
Seat 6: Balolika ($1.10 in chips) 
Seat 7: airdestiny ($2 in chips) 
Seat 8: ratchetbitch ($2.49 in chips) 
Seat 9: khalidmoumen ($2.83 in chips) 
ratchetbitch: posts small blind $0.01
khalidmoumen: posts big blind $0.02
*** HOLE CARDS ***
Dealt to Dorex2007 [Qd 9c]
ppmirogl: folds 
mickey889: folds 
nagaElf: folds 
asdabelle: folds 
Dorex2007: calls $0.02
Balolika: folds 
airdestiny: raises $0.10 to $0.12
ratchetbitch: folds 
khalidmoumen: folds 
Dorex2007: folds 
Uncalled bet ($0.10) returned to airdestiny
airdestiny collected $0.07 from pot
airdestiny: doesn't show hand 
*** SUMMARY ***
Total pot $0.07 | Rake $0 
Seat 1: ppmirogl folded before Flop (didn't bet)
Seat 2: mickey889 folded before Flop (didn't bet)
Seat 3: nagaElf folded before Flop (didn't bet)
Seat 4: asdabelle folded before Flop (didn't bet)
Seat 5: Dorex2007 folded before Flop
Seat 6: Balolika folded before Flop (didn't bet)
Seat 7: airdestiny (button) collected ($0.07)
Seat 8: ratchetbitch (small blind) folded before Flop
Seat 9: khalidmoumen (big blind) folded before Flop



PokerStars Hand #224086186776:  Hold'em No Limit ($0.01/$0.02 USD) - 2021/02/21 15:35:18 PT [2021/02/21 18:35:18 ET]
Table 'Bojeva VII' 9-max Seat #8 is the button
Seat 1: ppmirogl ($3.39 in chips) 
Seat 2: mickey889 ($2.51 in chips) 
Seat 3: nagaElf ($2 in chips) 
Seat 4: asdabelle ($0.62 in chips) 
Seat 5: Dorex2007 ($1.46 in chips) 
Seat 6: Balolika ($1.10 in chips) 
Seat 7: airdestiny ($2.05 in chips) 
Seat 8: ratchetbitch ($2.48 in chips) 
Seat 9: khalidmoumen ($2.81 in chips) 
khalidmoumen: posts small blind $0.01
ppmirogl: posts big blind $0.02
*** HOLE CARDS ***
Dealt to Dorex2007 [5d Ad]
mickey889: folds 
nagaElf: raises $0.06 to $0.08
asdabelle: folds 
Dorex2007: folds 
Balolika: folds 
airdestiny: folds 
ratchetbitch: folds 
khalidmoumen: calls $0.07
ppmirogl: folds 
*** FLOP *** [Kc 5h Qc]
khalidmoumen: checks 
nagaElf: bets $0.06
khalidmoumen: calls $0.06
*** TURN *** [Kc 5h Qc] [7h]
khalidmoumen: checks 
nagaElf: checks 
*** RIVER *** [Kc 5h Qc 7h] [9h]
khalidmoumen: bets $0.29
nagaElf: folds 
Uncalled bet ($0.29) returned to khalidmoumen
khalidmoumen collected $0.29 from pot
khalidmoumen: doesn't show hand 
*** SUMMARY ***
Total pot $0.30 | Rake $0.01 
Board [Kc 5h Qc 7h 9h]
Seat 1: ppmirogl (big blind) folded before Flop
Seat 2: mickey889 folded before Flop (didn't bet)
Seat 3: nagaElf folded on the River
Seat 4: asdabelle folded before Flop (didn't bet)
Seat 5: Dorex2007 folded before Flop (didn't bet)
Seat 6: Balolika folded before Flop (didn't bet)
Seat 7: airdestiny folded before Flop (didn't bet)
Seat 8: ratchetbitch (button) folded before Flop (didn't bet)
Seat 9: khalidmoumen (small blind) collected ($0.29)



PokerStars Hand #224086221902:  Hold'em No Limit ($0.01/$0.02 USD) - 2021/02/21 15:36:23 PT [2021/02/21 18:36:23 ET]
Table 'Bojeva VII' 9-max Seat #9 is the button
Seat 1: ppmirogl ($3.37 in chips) 
Seat 2: mickey889 ($2.51 in chips) 
Seat 3: nagaElf ($1.86 in chips) 
Seat 4: asdabelle ($0.62 in chips) 
Seat 5: Dorex2007 ($1.46 in chips) 
Seat 6: Balolika ($1.10 in chips) 
Seat 7: airdestiny ($2.05 in chips) 
Seat 9: khalidmoumen ($2.96 in chips) 
ppmirogl: posts small blind $0.01
mickey889: posts big blind $0.02
*** HOLE CARDS ***
Dealt to Dorex2007 [8d 5c]
nagaElf: folds 
asdabelle: folds 
Dorex2007: folds 
Balolika: calls $0.02
airdestiny: folds 
khalidmoumen: calls $0.02
ppmirogl: folds 
mickey889: checks 
*** FLOP *** [Kh Tc 9d]
mickey889: bets $0.02
Balolika: raises $0.08 to $0.10
khalidmoumen: folds 
mickey889: folds 
Uncalled bet ($0.08) returned to Balolika
Balolika collected $0.11 from pot
*** SUMMARY ***
Total pot $0.11 | Rake $0 
Board [Kh Tc 9d]
Seat 1: ppmirogl (small blind) folded before Flop
Seat 2: mickey889 (big blind) folded on the Flop
Seat 3: nagaElf folded before Flop (didn't bet)
Seat 4: asdabelle folded before Flop (didn't bet)
Seat 5: Dorex2007 folded before Flop (didn't bet)
Seat 6: Balolika collected ($0.11)
Seat 7: airdestiny folded before Flop (didn't bet)
Seat 9: khalidmoumen (button) folded on the Flop



PokerStars Hand #224086245035:  Hold'em No Limit ($0.01/$0.02 USD) - 2021/02/21 15:37:07 PT [2021/02/21 18:37:07 ET]
Table 'Bojeva VII' 9-max Seat #1 is the button
Seat 1: ppmirogl ($3.36 in chips) 
Seat 2: mickey889 ($2.47 in chips) 
Seat 3: nagaElf ($1.86 in chips) 
Seat 4: asdabelle ($0.62 in chips) 
Seat 5: Dorex2007 ($1.46 in chips) 
Seat 6: Balolika ($1.17 in chips) 
Seat 7: airdestiny ($2.05 in chips) 
Seat 9: khalidmoumen ($2.94 in chips) 
mickey889: posts small blind $0.01
nagaElf: posts big blind $0.02
*** HOLE CARDS ***
Dealt to Dorex2007 [Ac Jd]
asdabelle: calls $0.02
Dorex2007: calls $0.02
Balolika: raises $0.04 to $0.06
airdestiny: folds 
khalidmoumen: folds 
ppmirogl: folds 
mickey889: folds 
nagaElf: folds 
asdabelle: calls $0.04
Dorex2007: calls $0.04
*** FLOP *** [Ah As 9s]
asdabelle: checks 
Dorex2007: checks 
Balolika: bets $0.06
asdabelle: folds 
Dorex2007: calls $0.06
*** TURN *** [Ah As 9s] [Th]
Dorex2007: checks 
Balolika: bets $0.08
Dorex2007: calls $0.08
*** RIVER *** [Ah As 9s Th] [8d]
Dorex2007: bets $0.24
Balolika: calls $0.24
*** SHOW DOWN ***
Dorex2007: shows [Ac Jd] (three of a kind, Aces)
Balolika: mucks hand 
Dorex2007 collected $0.94 from pot
*** SUMMARY ***
Total pot $0.97 | Rake $0.03 
Board [Ah As 9s Th 8d]
Seat 1: ppmirogl (button) folded before Flop (didn't bet)
Seat 2: mickey889 (small blind) folded before Flop
Seat 3: nagaElf (big blind) folded before Flop
Seat 4: asdabelle folded on the Flop
Seat 5: Dorex2007 showed [Ac Jd] and won ($0.94) with three of a kind, Aces
Seat 6: Balolika mucked [9c Jh]
Seat 7: airdestiny folded before Flop (didn't bet)
Seat 9: khalidmoumen folded before Flop (didn't bet)



PokerStars Hand #224086293885:  Hold'em No Limit ($0.01/$0.02 USD) - 2021/02/21 15:38:38 PT [2021/02/21 18:38:38 ET]
Table 'Bojeva VII' 9-max Seat #2 is the button
Seat 1: ppmirogl ($3.36 in chips) 
Seat 2: mickey889 ($2.46 in chips) 
Seat 3: nagaElf ($1.84 in chips) 
Seat 4: asdabelle ($0.56 in chips) 
Seat 5: Dorex2007 ($1.96 in chips) 
Seat 6: Balolika ($0.73 in chips) 
Seat 7: airdestiny ($2.05 in chips) 
Seat 9: khalidmoumen ($2.94 in chips) 
nagaElf: posts small blind $0.01
asdabelle: posts big blind $0.02
*** HOLE CARDS ***
Dealt to Dorex2007 [6c Qc]
Dorex2007: folds 
Balolika: raises $0.04 to $0.06
airdestiny: folds 
khalidmoumen: calls $0.06
ppmirogl: folds 
mickey889: folds 
nagaElf: folds 
asdabelle: folds 
*** FLOP *** [4d Kh 2d]
Balolika: checks 
khalidmoumen: checks 
*** TURN *** [4d Kh 2d] [5s]
Balolika: checks 
khalidmoumen: bets $0.14
Balolika: folds 
Uncalled bet ($0.14) returned to khalidmoumen
khalidmoumen collected $0.14 from pot
khalidmoumen: doesn't show hand 
*** SUMMARY ***
Total pot $0.15 | Rake $0.01 
Board [4d Kh 2d 5s]
Seat 1: ppmirogl folded before Flop (didn't bet)
Seat 2: mickey889 (button) folded before Flop (didn't bet)
Seat 3: nagaElf (small blind) folded before Flop
Seat 4: asdabelle (big blind) folded before Flop
Seat 5: Dorex2007 folded before Flop (didn't bet)
Seat 6: Balolika folded on the Turn
Seat 7: airdestiny folded before Flop (didn't bet)
Seat 9: khalidmoumen collected ($0.14)



PokerStars Hand #224086325058:  Hold'em No Limit ($0.01/$0.02 USD) - 2021/02/21 15:39:37 PT [2021/02/21 18:39:37 ET]
Table 'Bojeva VII' 9-max Seat #3 is the button
Seat 1: ppmirogl ($3.36 in chips) 
Seat 2: mickey889 ($2.46 in chips) 
Seat 3: nagaElf ($1.83 in chips) 
Seat 4: asdabelle ($0.54 in chips) 
Seat 5: Dorex2007 ($1.96 in chips) 
Seat 6: Balolika ($0.67 in chips) 
Seat 7: airdestiny ($2.05 in chips) 
Seat 9: khalidmoumen ($3.02 in chips) 
asdabelle: posts small blind $0.01
Dorex2007: posts big blind $0.02
*** HOLE CARDS ***
Dealt to Dorex2007 [9s Ah]
Balolika: folds 
airdestiny: folds 
khalidmoumen: folds 
ppmirogl: folds 
mickey889: folds 
nagaElf: folds 
asdabelle: calls $0.01
Dorex2007: checks 
*** FLOP *** [3d 9d 8s]
asdabelle: checks 
Dorex2007: bets $0.04
asdabelle: calls $0.04
*** TURN *** [3d 9d 8s] [2d]
asdabelle: bets $0.06
Dorex2007: calls $0.06
*** RIVER *** [3d 9d 8s 2d] [2s]
asdabelle: bets $0.06
Dorex2007: calls $0.06
*** SHOW DOWN ***
asdabelle: shows [3h 8h] (two pair, Eights and Threes)
Dorex2007: shows [9s Ah] (two pair, Nines and Deuces)
Dorex2007 collected $0.35 from pot
*** SUMMARY ***
Total pot $0.36 | Rake $0.01 
Board [3d 9d 8s 2d 2s]
Seat 1: ppmirogl folded before Flop (didn't bet)
Seat 2: mickey889 folded before Flop (didn't bet)
Seat 3: nagaElf (button) folded before Flop (didn't bet)
Seat 4: asdabelle (small blind) showed [3h 8h] and lost with two pair, Eights and Threes
Seat 5: Dorex2007 (big blind) showed [9s Ah] and won ($0.35) with two pair, Nines and Deuces
Seat 6: Balolika folded before Flop (didn't bet)
Seat 7: airdestiny folded before Flop (didn't bet)
Seat 9: khalidmoumen folded before Flop (didn't bet)



PokerStars Hand #224086350056:  Hold'em No Limit ($0.01/$0.02 USD) - 2021/02/21 15:40:25 PT [2021/02/21 18:40:25 ET]
Table 'Bojeva VII' 9-max Seat #4 is the button
Seat 1: ppmirogl ($3.36 in chips) 
Seat 2: mickey889 ($2.46 in chips) 
Seat 3: nagaElf ($1.83 in chips) 
Seat 4: asdabelle ($0.36 in chips) 
Seat 5: Dorex2007 ($2.13 in chips) 
Seat 6: Balolika ($0.67 in chips) 
Seat 7: airdestiny ($2.05 in chips) 
Seat 9: khalidmoumen ($3.02 in chips) 
Dorex2007: posts small blind $0.01
Balolika: posts big blind $0.02
*** HOLE CARDS ***
Dealt to Dorex2007 [9d Kd]
airdestiny has timed out
airdestiny: folds 
khalidmoumen: calls $0.02
ppmirogl: calls $0.02
mickey889: folds 
nagaElf: folds 
asdabelle: calls $0.02
Dorex2007: folds 
Balolika: checks 
*** FLOP *** [4s 6d 7h]
Balolika: checks 
khalidmoumen: checks 
ppmirogl: checks 
asdabelle: checks 
*** TURN *** [4s 6d 7h] [2h]
Balolika: bets $0.06
khalidmoumen: raises $0.06 to $0.12
ppmirogl: folds 
asdabelle: folds 
Balolika: calls $0.06
*** RIVER *** [4s 6d 7h 2h] [Th]
Balolika: bets $0.32
khalidmoumen: folds 
Uncalled bet ($0.32) returned to Balolika
Balolika collected $0.32 from pot
*** SUMMARY ***
Total pot $0.33 | Rake $0.01 
Board [4s 6d 7h 2h Th]
Seat 1: ppmirogl folded on the Turn
Seat 2: mickey889 folded before Flop (didn't bet)
Seat 3: nagaElf folded before Flop (didn't bet)
Seat 4: asdabelle (button) folded on the Turn
Seat 5: Dorex2007 (small blind) folded before Flop
Seat 6: Balolika (big blind) collected ($0.32)
Seat 7: airdestiny folded before Flop (didn't bet)
Seat 9: khalidmoumen folded on the River



PokerStars Hand #224086394584:  Hold'em No Limit ($0.01/$0.02 USD) - 2021/02/21 15:41:35 PT [2021/02/21 18:41:35 ET]
Table 'Bojeva VII' 9-max Seat #5 is the button
Seat 1: ppmirogl ($3.34 in chips) 
Seat 2: mickey889 ($2.46 in chips) 
Seat 3: nagaElf ($2 in chips) 
Seat 4: asdabelle ($0.34 in chips) 
Seat 5: Dorex2007 ($2.12 in chips) 
Seat 6: Balolika ($0.85 in chips) 
Seat 7: airdestiny ($2.05 in chips) 
Seat 8: ratchetbitch ($2.48 in chips) 
Seat 9: khalidmoumen ($2.88 in chips) 
Balolika: posts small blind $0.01
airdestiny: posts big blind $0.02
*** HOLE CARDS ***
Dealt to Dorex2007 [2c 9d]
ratchetbitch: folds 
khalidmoumen: folds 
ppmirogl: folds 
mickey889: folds 
nagaElf: raises $0.06 to $0.08
asdabelle: folds 
Dorex2007: folds 
Balolika: calls $0.07
airdestiny: raises $0.24 to $0.32
nagaElf: folds 
Balolika: raises $0.53 to $0.85 and is all-in
airdestiny: calls $0.53
*** FLOP *** [Jh 7h Ts]
*** TURN *** [Jh 7h Ts] [Jc]
*** RIVER *** [Jh 7h Ts Jc] [3c]
*** SHOW DOWN ***
Balolika: shows [5c 5s] (two pair, Jacks and Fives)
airdestiny: shows [Ad Kc] (a pair of Jacks)
Balolika collected $1.72 from pot
*** SUMMARY ***
Total pot $1.78 | Rake $0.06 
Board [Jh 7h Ts Jc 3c]
Seat 1: ppmirogl folded before Flop (didn't bet)
Seat 2: mickey889 folded before Flop (didn't bet)
Seat 3: nagaElf folded before Flop
Seat 4: asdabelle folded before Flop (didn't bet)
Seat 5: Dorex2007 (button) folded before Flop (didn't bet)
Seat 6: Balolika (small blind) showed [5c 5s] and won ($1.72) with two pair, Jacks and Fives
Seat 7: airdestiny (big blind) showed [Ad Kc] and lost with a pair of Jacks
Seat 8: ratchetbitch folded before Flop (didn't bet)
Seat 9: khalidmoumen folded before Flop (didn't bet)



PokerStars Hand #224086418818:  Hold'em No Limit ($0.01/$0.02 USD) - 2021/02/21 15:42:21 PT [2021/02/21 18:42:21 ET]
Table 'Bojeva VII' 9-max Seat #6 is the button
Seat 1: ppmirogl ($3.34 in chips) 
Seat 2: mickey889 ($2.46 in chips) 
Seat 3: nagaElf ($1.92 in chips) 
Seat 4: asdabelle ($0.34 in chips) 
Seat 5: Dorex2007 ($2.12 in chips) 
Seat 6: Balolika ($1.72 in chips) 
Seat 7: airdestiny ($2 in chips) 
Seat 8: ratchetbitch ($2.48 in chips) 
Seat 9: khalidmoumen ($2.88 in chips) 
airdestiny: posts small blind $0.01
ratchetbitch: posts big blind $0.02
*** HOLE CARDS ***
Dealt to Dorex2007 [6s Ks]
khalidmoumen: raises $0.02 to $0.04
ppmirogl: folds 
mickey889: folds 
nagaElf: folds 
asdabelle: folds 
Dorex2007: calls $0.04
Balolika: calls $0.04
airdestiny: folds 
ratchetbitch: folds 
*** FLOP *** [2h 9h 6d]
khalidmoumen: bets $0.14
Dorex2007: folds 
Balolika: folds 
Uncalled bet ($0.14) returned to khalidmoumen
khalidmoumen collected $0.14 from pot
khalidmoumen: doesn't show hand 
*** SUMMARY ***
Total pot $0.15 | Rake $0.01 
Board [2h 9h 6d]
Seat 1: ppmirogl folded before Flop (didn't bet)
Seat 2: mickey889 folded before Flop (didn't bet)
Seat 3: nagaElf folded before Flop (didn't bet)
Seat 4: asdabelle folded before Flop (didn't bet)
Seat 5: Dorex2007 folded on the Flop
Seat 6: Balolika (button) folded on the Flop
Seat 7: airdestiny (small blind) folded before Flop
Seat 8: ratchetbitch (big blind) folded before Flop
Seat 9: khalidmoumen collected ($0.14)



PokerStars Hand #224086459243:  Hold'em No Limit ($0.01/$0.02 USD) - 2021/02/21 15:43:32 PT [2021/02/21 18:43:32 ET]
Table 'Bojeva VII' 9-max Seat #7 is the button
Seat 1: ppmirogl ($3.34 in chips) 
Seat 2: mickey889 ($2.46 in chips) 
Seat 3: nagaElf ($1.92 in chips) 
Seat 4: asdabelle ($0.34 in chips) 
Seat 5: Dorex2007 ($2.08 in chips) 
Seat 6: Balolika ($1.68 in chips) 
Seat 7: airdestiny ($2 in chips) 
Seat 8: ratchetbitch ($2.46 in chips) 
Seat 9: khalidmoumen ($2.98 in chips) 
ratchetbitch: posts small blind $0.01
khalidmoumen: posts big blind $0.02
*** HOLE CARDS ***
Dealt to Dorex2007 [3c 5s]
ppmirogl: folds 
mickey889: folds 
nagaElf: folds 
asdabelle: folds 
Dorex2007: folds 
Balolika: calls $0.02
airdestiny: raises $0.08 to $0.10
ratchetbitch: folds 
khalidmoumen: raises $0.20 to $0.30
Balolika: folds 
airdestiny: folds 
Uncalled bet ($0.20) returned to khalidmoumen
khalidmoumen collected $0.23 from pot
khalidmoumen: doesn't show hand 
*** SUMMARY ***
Total pot $0.23 | Rake $0 
Seat 1: ppmirogl folded before Flop (didn't bet)
Seat 2: mickey889 folded before Flop (didn't bet)
Seat 3: nagaElf folded before Flop (didn't bet)
Seat 4: asdabelle folded before Flop (didn't bet)
Seat 5: Dorex2007 folded before Flop (didn't bet)
Seat 6: Balolika folded before Flop
Seat 7: airdestiny (button) folded before Flop
Seat 8: ratchetbitch (small blind) folded before Flop
Seat 9: khalidmoumen (big blind) collected ($0.23)



PokerStars Hand #224086485079:  Hold'em No Limit ($0.01/$0.02 USD) - 2021/02/21 15:44:22 PT [2021/02/21 18:44:22 ET]
Table 'Bojeva VII' 9-max Seat #8 is the button
Seat 1: ppmirogl ($3.34 in chips) 
Seat 2: mickey889 ($2.46 in chips) 
Seat 3: nagaElf ($1.92 in chips) 
Seat 4: asdabelle ($0.34 in chips) 
Seat 5: Dorex2007 ($2.08 in chips) 
Seat 6: Balolika ($1.66 in chips) 
Seat 7: airdestiny ($2 in chips) 
Seat 8: ratchetbitch ($2.45 in chips) 
Seat 9: khalidmoumen ($3.11 in chips) 
khalidmoumen: posts small blind $0.01
ppmirogl: posts big blind $0.02
*** HOLE CARDS ***
Dealt to Dorex2007 [5s 5d]
mickey889: folds 
nagaElf: raises $0.06 to $0.08
asdabelle: folds 
Dorex2007: calls $0.08
Balolika: calls $0.08
airdestiny: folds 
ratchetbitch: folds 
khalidmoumen: calls $0.07
ppmirogl: folds 
*** FLOP *** [Qs 8d Kc]
khalidmoumen: bets $0.17
nagaElf: folds 
Dorex2007: folds 
Balolika: calls $0.17
*** TURN *** [Qs 8d Kc] [6d]
khalidmoumen: bets $0.33
Balolika: folds 
Uncalled bet ($0.33) returned to khalidmoumen
khalidmoumen collected $0.66 from pot
khalidmoumen: doesn't show hand 
*** SUMMARY ***
Total pot $0.68 | Rake $0.02 
Board [Qs 8d Kc 6d]
Seat 1: ppmirogl (big blind) folded before Flop
Seat 2: mickey889 folded before Flop (didn't bet)
Seat 3: nagaElf folded on the Flop
Seat 4: asdabelle folded before Flop (didn't bet)
Seat 5: Dorex2007 folded on the Flop
Seat 6: Balolika folded on the Turn
Seat 7: airdestiny folded before Flop (didn't bet)
Seat 8: ratchetbitch (button) folded before Flop (didn't bet)
Seat 9: khalidmoumen (small blind) collected ($0.66)



PokerStars Hand #224086522435:  Hold'em No Limit ($0.01/$0.02 USD) - 2021/02/21 15:45:35 PT [2021/02/21 18:45:35 ET]
Table 'Bojeva VII' 9-max Seat #9 is the button
Seat 1: ppmirogl ($3.32 in chips) 
Seat 2: mickey889 ($2.46 in chips) 
Seat 3: nagaElf ($1.84 in chips) 
Seat 4: asdabelle ($0.34 in chips) 
Seat 5: Dorex2007 ($2 in chips) 
Seat 6: Balolika ($1.41 in chips) 
Seat 7: airdestiny ($2 in chips) 
Seat 8: ratchetbitch ($2.45 in chips) 
Seat 9: khalidmoumen ($3.52 in chips) 
ppmirogl: posts small blind $0.01
mickey889: posts big blind $0.02
*** HOLE CARDS ***
Dealt to Dorex2007 [2d Td]
nagaElf: folds 
asdabelle: folds 
Dorex2007: folds 
khalidmoumen said, "bluff"
Balolika: folds 
airdestiny: folds 
ratchetbitch: folds 
khalidmoumen: calls $0.02
ppmirogl: calls $0.01
mickey889: checks 
*** FLOP *** [4c Ts 5h]
ppmirogl: bets $0.06
mickey889: folds 
khalidmoumen: folds 
Uncalled bet ($0.06) returned to ppmirogl
ppmirogl collected $0.06 from pot
ppmirogl: doesn't show hand 
*** SUMMARY ***
Total pot $0.06 | Rake $0 
Board [4c Ts 5h]
Seat 1: ppmirogl (small blind) collected ($0.06)
Seat 2: mickey889 (big blind) folded on the Flop
Seat 3: nagaElf folded before Flop (didn't bet)
Seat 4: asdabelle folded before Flop (didn't bet)
Seat 5: Dorex2007 folded before Flop (didn't bet)
Seat 6: Balolika folded before Flop (didn't bet)
Seat 7: airdestiny folded before Flop (didn't bet)
Seat 8: ratchetbitch folded before Flop (didn't bet)
Seat 9: khalidmoumen (button) folded on the Flop



PokerStars Hand #224086540962:  Hold'em No Limit ($0.01/$0.02 USD) - 2021/02/21 15:46:11 PT [2021/02/21 18:46:11 ET]
Table 'Bojeva VII' 9-max Seat #1 is the button
Seat 1: ppmirogl ($3.36 in chips) 
Seat 2: mickey889 ($2.44 in chips) 
Seat 3: nagaElf ($1.84 in chips) 
Seat 4: asdabelle ($0.34 in chips) 
Seat 5: Dorex2007 ($2 in chips) 
Seat 6: Balolika ($1.41 in chips) 
Seat 7: airdestiny ($2 in chips) 
Seat 8: ratchetbitch ($2.45 in chips) 
Seat 9: khalidmoumen ($3.50 in chips) 
mickey889: posts small blind $0.01
nagaElf: posts big blind $0.02
*** HOLE CARDS ***
Dealt to Dorex2007 [3c 5c]
asdabelle: folds 
Dorex2007: folds 
Balolika: folds 
airdestiny: folds 
ratchetbitch: calls $0.02
khalidmoumen: raises $0.18 to $0.20
ppmirogl: folds 
mickey889: folds 
nagaElf: folds 
ratchetbitch: calls $0.18
*** FLOP *** [Qs 6c 9s]
ratchetbitch: checks 
khalidmoumen: checks 
*** TURN *** [Qs 6c 9s] [3d]
ratchetbitch: checks 
khalidmoumen: bets $0.21
ratchetbitch: folds 
Uncalled bet ($0.21) returned to khalidmoumen
khalidmoumen collected $0.41 from pot
khalidmoumen: doesn't show hand 
*** SUMMARY ***
Total pot $0.43 | Rake $0.02 
Board [Qs 6c 9s 3d]
Seat 1: ppmirogl (button) folded before Flop (didn't bet)
Seat 2: mickey889 (small blind) folded before Flop
Seat 3: nagaElf (big blind) folded before Flop
Seat 4: asdabelle folded before Flop (didn't bet)
Seat 5: Dorex2007 folded before Flop (didn't bet)
Seat 6: Balolika folded before Flop (didn't bet)
Seat 7: airdestiny folded before Flop (didn't bet)
Seat 8: ratchetbitch folded on the Turn
Seat 9: khalidmoumen collected ($0.41)



PokerStars Hand #224086576266:  Hold'em No Limit ($0.01/$0.02 USD) - 2021/02/21 15:47:21 PT [2021/02/21 18:47:21 ET]
Table 'Bojeva VII' 9-max Seat #2 is the button
Seat 1: ppmirogl ($3.36 in chips) 
Seat 2: mickey889 ($2.43 in chips) 
Seat 3: nagaElf ($1.82 in chips) 
Seat 4: asdabelle ($0.34 in chips) 
Seat 5: Dorex2007 ($2 in chips) 
Seat 6: Balolika ($1.41 in chips) 
Seat 7: airdestiny ($2 in chips) 
Seat 8: ratchetbitch ($2.25 in chips) 
Seat 9: khalidmoumen ($3.71 in chips) 
nagaElf: posts small blind $0.01
asdabelle: posts big blind $0.02
*** HOLE CARDS ***
Dealt to Dorex2007 [3h As]
Dorex2007: folds 
Balolika: folds 
airdestiny: folds 
ratchetbitch: folds 
khalidmoumen: calls $0.02
ppmirogl: folds 
mickey889: calls $0.02
nagaElf: calls $0.01
asdabelle: checks 
*** FLOP *** [2d 3s 7d]
nagaElf: checks 
asdabelle: checks 
khalidmoumen: bets $0.02
mickey889: folds 
nagaElf: folds 
asdabelle: calls $0.02
*** TURN *** [2d 3s 7d] [6d]
asdabelle: checks 
khalidmoumen: bets $0.12
asdabelle: calls $0.12
*** RIVER *** [2d 3s 7d 6d] [Ad]
asdabelle: checks 
khalidmoumen: checks 
*** SHOW DOWN ***
asdabelle: shows [Ah Jd] (a flush, Ace high)
khalidmoumen: mucks hand 
asdabelle collected $0.35 from pot
*** SUMMARY ***
Total pot $0.36 | Rake $0.01 
Board [2d 3s 7d 6d Ad]
Seat 1: ppmirogl folded before Flop (didn't bet)
Seat 2: mickey889 (button) folded on the Flop
Seat 3: nagaElf (small blind) folded on the Flop
Seat 4: asdabelle (big blind) showed [Ah Jd] and won ($0.35) with a flush, Ace high
Seat 5: Dorex2007 folded before Flop (didn't bet)
Seat 6: Balolika folded before Flop (didn't bet)
Seat 7: airdestiny folded before Flop (didn't bet)
Seat 8: ratchetbitch folded before Flop (didn't bet)
Seat 9: khalidmoumen mucked [3d 6s]



PokerStars Hand #224086604886:  Hold'em No Limit ($0.01/$0.02 USD) - 2021/02/21 15:48:18 PT [2021/02/21 18:48:18 ET]
Table 'Bojeva VII' 9-max Seat #3 is the button
Seat 1: ppmirogl ($3.36 in chips) 
Seat 2: mickey889 ($2.41 in chips) 
Seat 3: nagaElf ($1.80 in chips) 
Seat 4: asdabelle ($0.53 in chips) 
Seat 5: Dorex2007 ($2 in chips) 
Seat 6: Balolika ($1.41 in chips) 
Seat 7: airdestiny ($2 in chips) 
Seat 8: ratchetbitch ($2.25 in chips) 
Seat 9: khalidmoumen ($3.55 in chips) 
asdabelle: posts small blind $0.01
Dorex2007: posts big blind $0.02
*** HOLE CARDS ***
Dealt to Dorex2007 [4d Kd]
Balolika has timed out
Balolika: folds 
airdestiny: folds 
ratchetbitch: folds 
khalidmoumen: raises $0.04 to $0.06
ppmirogl: calls $0.06
mickey889: folds 
nagaElf: calls $0.06
asdabelle: folds 
Dorex2007: folds 
*** FLOP *** [2c 9d 7h]
khalidmoumen: checks 
ppmirogl: checks 
nagaElf: bets $0.06
khalidmoumen: folds 
ppmirogl: raises $0.14 to $0.20
nagaElf: folds 
Uncalled bet ($0.14) returned to ppmirogl
ppmirogl collected $0.32 from pot
ppmirogl: doesn't show hand 
*** SUMMARY ***
Total pot $0.33 | Rake $0.01 
Board [2c 9d 7h]
Seat 1: ppmirogl collected ($0.32)
Seat 2: mickey889 folded before Flop (didn't bet)
Seat 3: nagaElf (button) folded on the Flop
Seat 4: asdabelle (small blind) folded before Flop
Seat 5: Dorex2007 (big blind) folded before Flop
Seat 6: Balolika folded before Flop (didn't bet)
Seat 7: airdestiny folded before Flop (didn't bet)
Seat 8: ratchetbitch folded before Flop (didn't bet)
Seat 9: khalidmoumen folded on the Flop



PokerStars Hand #224086637535:  Hold'em No Limit ($0.01/$0.02 USD) - 2021/02/21 15:49:22 PT [2021/02/21 18:49:22 ET]
Table 'Bojeva VII' 9-max Seat #4 is the button
Seat 1: ppmirogl ($3.56 in chips) 
Seat 2: mickey889 ($2.41 in chips) 
Seat 3: nagaElf ($1.68 in chips) 
Seat 4: asdabelle ($0.52 in chips) 
Seat 5: Dorex2007 ($1.98 in chips) 
Seat 6: Balolika ($1.41 in chips) 
Seat 7: airdestiny ($2 in chips) 
Seat 8: ratchetbitch ($2.25 in chips) 
Seat 9: khalidmoumen ($3.49 in chips) 
Dorex2007: posts small blind $0.01
Balolika: posts big blind $0.02
*** HOLE CARDS ***
Dealt to Dorex2007 [8c Qc]
airdestiny: folds 
ratchetbitch: folds 
khalidmoumen: raises $0.04 to $0.06
ppmirogl: folds 
mickey889: folds 
nagaElf: folds 
asdabelle: folds 
Dorex2007: folds 
Balolika: folds 
Uncalled bet ($0.04) returned to khalidmoumen
khalidmoumen collected $0.05 from pot
khalidmoumen: doesn't show hand 
*** SUMMARY ***
Total pot $0.05 | Rake $0 
Seat 1: ppmirogl folded before Flop (didn't bet)
Seat 2: mickey889 folded before Flop (didn't bet)
Seat 3: nagaElf folded before Flop (didn't bet)
Seat 4: asdabelle (button) folded before Flop (didn't bet)
Seat 5: Dorex2007 (small blind) folded before Flop
Seat 6: Balolika (big blind) folded before Flop
Seat 7: airdestiny folded before Flop (didn't bet)
Seat 8: ratchetbitch folded before Flop (didn't bet)
Seat 9: khalidmoumen collected ($0.05)



PokerStars Hand #224086649673:  Hold'em No Limit ($0.01/$0.02 USD) - 2021/02/21 15:49:46 PT [2021/02/21 18:49:46 ET]
Table 'Bojeva VII' 9-max Seat #5 is the button
Seat 1: ppmirogl ($3.56 in chips) 
Seat 2: mickey889 ($2.41 in chips) 
Seat 3: nagaElf ($1.68 in chips) 
Seat 4: asdabelle ($0.52 in chips) 
Seat 5: Dorex2007 ($1.97 in chips) 
Seat 6: Balolika ($1.39 in chips) 
Seat 7: airdestiny ($2 in chips) 
Seat 8: ratchetbitch ($2.25 in chips) 
Seat 9: khalidmoumen ($3.52 in chips) 
Balolika: posts small blind $0.01
airdestiny: posts big blind $0.02
*** HOLE CARDS ***
Dealt to Dorex2007 [6h Ad]
ratchetbitch: raises $0.02 to $0.04
khalidmoumen: raises $0.02 to $0.06
ppmirogl: folds 
mickey889: folds 
nagaElf: raises $0.12 to $0.18
asdabelle: folds 
Dorex2007: folds 
Balolika: folds 
airdestiny: folds 
ratchetbitch: calls $0.14
khalidmoumen: calls $0.12
*** FLOP *** [9d 7h Ac]
ratchetbitch: checks 
khalidmoumen: checks 
nagaElf: bets $0.18
ratchetbitch: folds 
khalidmoumen: calls $0.18
*** TURN *** [9d 7h Ac] [Qh]
khalidmoumen: checks 
nagaElf: checks 
*** RIVER *** [9d 7h Ac Qh] [7d]
khalidmoumen: bets $0.45
nagaElf: calls $0.45
*** SHOW DOWN ***
khalidmoumen: shows [Ts 8h] (a pair of Sevens)
nagaElf: shows [Kh Kd] (two pair, Kings and Sevens)
nagaElf collected $1.77 from pot
*** SUMMARY ***
Total pot $1.83 | Rake $0.06 
Board [9d 7h Ac Qh 7d]
Seat 1: ppmirogl folded before Flop (didn't bet)
Seat 2: mickey889 folded before Flop (didn't bet)
Seat 3: nagaElf showed [Kh Kd] and won ($1.77) with two pair, Kings and Sevens
Seat 4: asdabelle folded before Flop (didn't bet)
Seat 5: Dorex2007 (button) folded before Flop (didn't bet)
Seat 6: Balolika (small blind) folded before Flop
Seat 7: airdestiny (big blind) folded before Flop
Seat 8: ratchetbitch folded on the Flop
Seat 9: khalidmoumen showed [Ts 8h] and lost with a pair of Sevens



PokerStars Hand #224086694353:  Hold'em No Limit ($0.01/$0.02 USD) - 2021/02/21 15:51:01 PT [2021/02/21 18:51:01 ET]
Table 'Bojeva VII' 9-max Seat #6 is the button
Seat 1: ppmirogl ($3.56 in chips) 
Seat 2: mickey889 ($2.41 in chips) 
Seat 3: nagaElf ($2.64 in chips) 
Seat 4: asdabelle ($0.52 in chips) 
Seat 5: Dorex2007 ($1.97 in chips) 
Seat 6: Balolika ($1.38 in chips) 
Seat 7: airdestiny ($2 in chips) 
Seat 8: ratchetbitch ($2.07 in chips) 
Seat 9: khalidmoumen ($2.71 in chips) 
airdestiny: posts small blind $0.01
ratchetbitch: posts big blind $0.02
*** HOLE CARDS ***
Dealt to Dorex2007 [3c Jd]
khalidmoumen: folds 
ppmirogl: folds 
mickey889: folds 
nagaElf: raises $0.04 to $0.06
asdabelle: folds 
Dorex2007: folds 
Balolika: folds 
airdestiny: folds 
ratchetbitch: folds 
Uncalled bet ($0.04) returned to nagaElf
nagaElf collected $0.05 from pot
nagaElf: doesn't show hand 
*** SUMMARY ***
Total pot $0.05 | Rake $0 
Seat 1: ppmirogl folded before Flop (didn't bet)
Seat 2: mickey889 folded before Flop (didn't bet)
Seat 3: nagaElf collected ($0.05)
Seat 4: asdabelle folded before Flop (didn't bet)
Seat 5: Dorex2007 folded before Flop (didn't bet)
Seat 6: Balolika (button) folded before Flop (didn't bet)
Seat 7: airdestiny (small blind) folded before Flop
Seat 8: ratchetbitch (big blind) folded before Flop
Seat 9: khalidmoumen folded before Flop (didn't bet)



PokerStars Hand #224086706889:  Hold'em No Limit ($0.01/$0.02 USD) - 2021/02/21 15:51:26 PT [2021/02/21 18:51:26 ET]
Table 'Bojeva VII' 9-max Seat #7 is the button
Seat 1: ppmirogl ($3.56 in chips) 
Seat 2: mickey889 ($2.41 in chips) 
Seat 3: nagaElf ($2.67 in chips) 
Seat 4: asdabelle ($0.52 in chips) 
Seat 5: Dorex2007 ($1.97 in chips) 
Seat 6: Balolika ($1.38 in chips) 
Seat 7: airdestiny ($2 in chips) 
Seat 8: ratchetbitch ($2.05 in chips) 
Seat 9: khalidmoumen ($2.71 in chips) 
ratchetbitch: posts small blind $0.01
khalidmoumen: posts big blind $0.02
*** HOLE CARDS ***
Dealt to Dorex2007 [5d 6h]
ppmirogl: folds 
mickey889: folds 
nagaElf: raises $0.06 to $0.08
asdabelle: calls $0.08
Dorex2007: folds 
Balolika: calls $0.08
airdestiny: folds 
ratchetbitch: folds 
mickey889 leaves the table
khalidmoumen: raises $0.30 to $0.38
nagaElf: folds 
asdabelle: folds 
Balolika: calls $0.30
*** FLOP *** [Kh 6c 9d]
ratchetbitch leaves the table
khalidmoumen: checks 
asdabelle leaves the table
Balolika: bets $1 and is all-in
khalidmoumen: calls $1
*** TURN *** [Kh 6c 9d] [4h]
*** RIVER *** [Kh 6c 9d 4h] [9h]
*** SHOW DOWN ***
khalidmoumen: shows [9c 9s] (four of a kind, Nines)
Balolika: shows [Jh Qc] (a pair of Nines)
khalidmoumen collected $2.83 from pot
*** SUMMARY ***
Total pot $2.93 | Rake $0.10 
Board [Kh 6c 9d 4h 9h]
Seat 1: ppmirogl folded before Flop (didn't bet)
Seat 2: mickey889 folded before Flop (didn't bet)
Seat 3: nagaElf folded before Flop
Seat 4: asdabelle folded before Flop
Seat 5: Dorex2007 folded before Flop (didn't bet)
Seat 6: Balolika showed [Jh Qc] and lost with a pair of Nines
Seat 7: airdestiny (button) folded before Flop (didn't bet)
Seat 8: ratchetbitch (small blind) folded before Flop
Seat 9: khalidmoumen (big blind) showed [9c 9s] and won ($2.83) with four of a kind, Nines



PokerStars Hand #224086736208:  Hold'em No Limit ($0.01/$0.02 USD) - 2021/02/21 15:52:24 PT [2021/02/21 18:52:24 ET]
Table 'Bojeva VII' 9-max Seat #9 is the button
Seat 1: ppmirogl ($3.56 in chips) 
Seat 3: nagaElf ($2.59 in chips) 
Seat 5: Dorex2007 ($1.97 in chips) 
Seat 7: airdestiny ($2 in chips) 
Seat 9: khalidmoumen ($4.16 in chips) 
ppmirogl: posts small blind $0.01
nagaElf: posts big blind $0.02
*** HOLE CARDS ***
Dealt to Dorex2007 [6d Ah]
Dorex2007: folds 
airdestiny: folds 
airdestiny leaves the table
khalidmoumen: calls $0.02
ppmirogl: calls $0.01
nagaElf: folds 
*** FLOP *** [6h 9d Ac]
nagaElf leaves the table
ppmirogl: checks 
khalidmoumen: bets $0.02
ppmirogl: folds 
Uncalled bet ($0.02) returned to khalidmoumen
khalidmoumen collected $0.06 from pot
khalidmoumen: doesn't show hand 
*** SUMMARY ***
Total pot $0.06 | Rake $0 
Board [6h 9d Ac]
Seat 1: ppmirogl (small blind) folded on the Flop
Seat 3: nagaElf (big blind) folded before Flop
Seat 5: Dorex2007 folded before Flop (didn't bet)
Seat 7: airdestiny folded before Flop (didn't bet)
Seat 9: khalidmoumen (button) collected ($0.06)



PokerStars Hand #224086760078:  Hold'em No Limit ($0.01/$0.02 USD) - 2021/02/21 15:53:01 PT [2021/02/21 18:53:01 ET]
Table 'Bojeva VII' 9-max Seat #1 is the button
Seat 1: ppmirogl ($3.54 in chips) 
Seat 5: Dorex2007 ($1.97 in chips) 
Seat 9: khalidmoumen ($4.20 in chips) 
Dorex2007: posts small blind $0.01
khalidmoumen: posts big blind $0.02
*** HOLE CARDS ***
Dealt to Dorex2007 [Jh 7d]
ppmirogl: folds 
Dorex2007: folds 
Uncalled bet ($0.01) returned to khalidmoumen
ppmirogl leaves the table
khalidmoumen collected $0.02 from pot
khalidmoumen: doesn't show hand 
*** SUMMARY ***
Total pot $0.02 | Rake $0 
Seat 1: ppmirogl (button) folded before Flop (didn't bet)
Seat 5: Dorex2007 (small blind) folded before Flop
Seat 9: khalidmoumen (big blind) collected ($0.02)



PokerStars Hand #224086762449:  Hold'em No Limit ($0.01/$0.02 USD) - 2021/02/21 15:53:05 PT [2021/02/21 18:53:05 ET]
Table 'Bojeva VII' 9-max Seat #9 is the button
Seat 5: Dorex2007 ($1.96 in chips) 
Seat 9: khalidmoumen ($4.21 in chips) 
khalidmoumen: posts small blind $0.01
Dorex2007: posts big blind $0.02
*** HOLE CARDS ***
Dealt to Dorex2007 [Jd 7h]
khalidmoumen: raises $0.02 to $0.04
Dorex2007: folds 
Uncalled bet ($0.02) returned to khalidmoumen
khalidmoumen collected $0.04 from pot
khalidmoumen: doesn't show hand 
*** SUMMARY ***
Total pot $0.04 | Rake $0 
Seat 5: Dorex2007 (big blind) folded before Flop
Seat 9: khalidmoumen (button) (small blind) collected ($0.04)



PokerStars Hand #224086766028:  Hold'em No Limit ($0.01/$0.02 USD) - 2021/02/21 15:53:13 PT [2021/02/21 18:53:13 ET]
Table 'Bojeva VII' 9-max Seat #5 is the button
Seat 5: Dorex2007 ($1.94 in chips) 
Seat 9: khalidmoumen ($4.23 in chips) 
Dorex2007: posts small blind $0.01
khalidmoumen: posts big blind $0.02
*** HOLE CARDS ***
Dealt to Dorex2007 [9c Ks]
Dorex2007: folds 
Uncalled bet ($0.01) returned to khalidmoumen
khalidmoumen collected $0.02 from pot
khalidmoumen: doesn't show hand 
*** SUMMARY ***
Total pot $0.02 | Rake $0 
Seat 5: Dorex2007 (button) (small blind) folded before Flop
Seat 9: khalidmoumen (big blind) collected ($0.02)



PokerStars Hand #224086768601:  Hold'em No Limit ($0.01/$0.02 USD) - 2021/02/21 15:53:18 PT [2021/02/21 18:53:18 ET]
Table 'Bojeva VII' 9-max Seat #9 is the button
Seat 5: Dorex2007 ($1.93 in chips) 
Seat 9: khalidmoumen ($4.24 in chips) 
khalidmoumen: posts small blind $0.01
Dorex2007: posts big blind $0.02
*** HOLE CARDS ***
Dealt to Dorex2007 [Td Ad]
khalidmoumen: raises $0.02 to $0.04
Dorex2007: calls $0.02
*** FLOP *** [5d 8s 7h]
Dorex2007: checks 
khalidmoumen: bets $0.08
Dorex2007: calls $0.08
*** TURN *** [5d 8s 7h] [As]
Dorex2007: checks 
khalidmoumen: bets $0.23
Dorex2007: raises $0.69 to $0.92
khalidmoumen: raises $0.69 to $1.61
Dorex2007: raises $0.20 to $1.81 and is all-in
khalidmoumen: calls $0.20
*** RIVER *** [5d 8s 7h As] [Jd]
*** SHOW DOWN ***
Dorex2007: shows [Td Ad] (a pair of Aces)
khalidmoumen: shows [5s 7d] (two pair, Sevens and Fives)
khalidmoumen collected $3.72 from pot
*** SUMMARY ***
Total pot $3.86 | Rake $0.14 
Board [5d 8s 7h As Jd]
Seat 5: Dorex2007 (big blind) showed [Td Ad] and lost with a pair of Aces
Seat 9: khalidmoumen (button) (small blind) showed [5s 7d] and won ($3.72) with two pair, Sevens and Fives



