PokerStars Hand #231275636577:  Hold'em No Limit ($0.01/$0.02 USD) - 2021/11/09 14:15:51 PT [2021/11/09 17:15:51 ET]
Table 'Riviera II' 9-max Seat #6 is the button
Seat 1: kano1313 ($1.97 in chips) 
Seat 2: serg197211 ($3.12 in chips) 
Seat 3: Kinamuiu ($2.17 in chips) 
Seat 4: silvane55 ($4.72 in chips) 
Seat 5: Dorex2007 ($2 in chips) 
Seat 6: GummyJ ($2.02 in chips) 
Seat 7: Chlodwig2701 ($1.64 in chips) 
Seat 9: AsFernando1 ($2.16 in chips) 
Chlodwig2701: posts small blind $0.01
AsFernando1: posts big blind $0.02
Dorex2007: posts big blind $0.02
*** HOLE CARDS ***
Dealt to Dorex2007 [Td Th]
kano1313: calls $0.02
serg197211: folds 
Kinamuiu: folds 
silvane55: calls $0.02
Dorex2007: raises $0.16 to $0.18
GummyJ: folds 
Chlodwig2701: folds 
AsFernando1: folds 
kano1313: folds 
silvane55: folds 
Uncalled bet ($0.16) returned to Dorex2007
Dorex2007 collected $0.09 from pot
Wilee29 leaves the table
Dorex2007: doesn't show hand 
*** SUMMARY ***
Total pot $0.09 | Rake $0 
Seat 1: kano1313 folded before Flop
Seat 2: serg197211 folded before Flop (didn't bet)
Seat 3: Kinamuiu folded before Flop (didn't bet)
Seat 4: silvane55 folded before Flop
Seat 5: Dorex2007 collected ($0.09)
Seat 6: GummyJ (button) folded before Flop (didn't bet)
Seat 7: Chlodwig2701 (small blind) folded before Flop
Seat 9: AsFernando1 (big blind) folded before Flop



PokerStars Hand #231275649557:  Hold'em No Limit ($0.01/$0.02 USD) - 2021/11/09 14:16:19 PT [2021/11/09 17:16:19 ET]
Table 'Riviera II' 9-max Seat #7 is the button
Seat 1: kano1313 ($1.95 in chips) 
Seat 2: serg197211 ($3.12 in chips) 
Seat 3: Kinamuiu ($2.17 in chips) 
Seat 4: silvane55 ($4.70 in chips) 
Seat 5: Dorex2007 ($2.07 in chips) 
Seat 6: GummyJ ($2.02 in chips) 
Seat 7: Chlodwig2701 ($1.63 in chips) 
Seat 9: AsFernando1 ($2.14 in chips) 
AsFernando1: posts small blind $0.01
kano1313: posts big blind $0.02
*** HOLE CARDS ***
Dealt to Dorex2007 [6d Qs]
serg197211: folds 
Dorex2007 said, "KK nice way to start"
Kinamuiu: folds 
silvane55: folds 
Dorex2007: folds 
GummyJ: folds 
Chlodwig2701: folds 
AsFernando1: calls $0.01
kano1313: checks 
*** FLOP *** [8h Qc 4c]
AsFernando1: checks 
kano1313: checks 
*** TURN *** [8h Qc 4c] [6c]
AsFernando1: bets $0.04
kano1313: folds 
Uncalled bet ($0.04) returned to AsFernando1
AsFernando1 collected $0.04 from pot
AsFernando1: doesn't show hand 
*** SUMMARY ***
Total pot $0.04 | Rake $0 
Board [8h Qc 4c 6c]
Seat 1: kano1313 (big blind) folded on the Turn
Seat 2: serg197211 folded before Flop (didn't bet)
Seat 3: Kinamuiu folded before Flop (didn't bet)
Seat 4: silvane55 folded before Flop (didn't bet)
Seat 5: Dorex2007 folded before Flop (didn't bet)
Seat 6: GummyJ folded before Flop (didn't bet)
Seat 7: Chlodwig2701 (button) folded before Flop (didn't bet)
Seat 9: AsFernando1 (small blind) collected ($0.04)



PokerStars Hand #231275667769:  Hold'em No Limit ($0.01/$0.02 USD) - 2021/11/09 14:16:58 PT [2021/11/09 17:16:58 ET]
Table 'Riviera II' 9-max Seat #9 is the button
Seat 1: kano1313 ($1.93 in chips) 
Seat 2: serg197211 ($3.12 in chips) 
Seat 3: Kinamuiu ($2.17 in chips) 
Seat 4: silvane55 ($4.70 in chips) 
Seat 5: Dorex2007 ($2.07 in chips) 
Seat 6: GummyJ ($2.02 in chips) 
Seat 7: Chlodwig2701 ($1.63 in chips) 
Seat 9: AsFernando1 ($2.16 in chips) 
kano1313: posts small blind $0.01
serg197211: posts big blind $0.02
*** HOLE CARDS ***
Dealt to Dorex2007 [Tc 5h]
Kinamuiu: calls $0.02
silvane55: folds 
Dorex2007: folds 
GummyJ: folds 
Chlodwig2701: folds 
AsFernando1: folds 
kano1313: calls $0.01
serg197211: checks 
*** FLOP *** [Kd Jh 7s]
kano1313: bets $0.08
serg197211: folds 
Kinamuiu: folds 
Uncalled bet ($0.08) returned to kano1313
kano1313 collected $0.06 from pot
*** SUMMARY ***
Total pot $0.06 | Rake $0 
Board [Kd Jh 7s]
Seat 1: kano1313 (small blind) collected ($0.06)
Seat 2: serg197211 (big blind) folded on the Flop
Seat 3: Kinamuiu folded on the Flop
Seat 4: silvane55 folded before Flop (didn't bet)
Seat 5: Dorex2007 folded before Flop (didn't bet)
Seat 6: GummyJ folded before Flop (didn't bet)
Seat 7: Chlodwig2701 folded before Flop (didn't bet)
Seat 9: AsFernando1 (button) folded before Flop (didn't bet)



PokerStars Hand #231275690523:  Hold'em No Limit ($0.01/$0.02 USD) - 2021/11/09 14:17:47 PT [2021/11/09 17:17:47 ET]
Table 'Riviera II' 9-max Seat #1 is the button
Seat 1: kano1313 ($1.97 in chips) 
Seat 2: serg197211 ($3.10 in chips) 
Seat 3: Kinamuiu ($2.15 in chips) 
Seat 4: silvane55 ($4.70 in chips) 
Seat 5: Dorex2007 ($2.07 in chips) 
Seat 6: GummyJ ($2.02 in chips) 
Seat 7: Chlodwig2701 ($1.63 in chips) 
Seat 9: AsFernando1 ($2.16 in chips) 
serg197211: posts small blind $0.01
Kinamuiu: posts big blind $0.02
*** HOLE CARDS ***
Dealt to Dorex2007 [As 8h]
silvane55: folds 
Dorex2007: folds 
GummyJ: folds 
Chlodwig2701: calls $0.02
AsFernando1: calls $0.02
kano1313: folds 
serg197211: folds 
Kinamuiu: checks 
*** FLOP *** [2s 4d Jd]
Kinamuiu: checks 
Chlodwig2701: bets $0.04
AsFernando1: raises $0.04 to $0.08
Kinamuiu: folds 
Chlodwig2701: calls $0.04
*** TURN *** [2s 4d Jd] [3c]
Chlodwig2701: checks 
AsFernando1: bets $0.12
Chlodwig2701: folds 
Uncalled bet ($0.12) returned to AsFernando1
AsFernando1 collected $0.22 from pot
AsFernando1: doesn't show hand 
*** SUMMARY ***
Total pot $0.23 | Rake $0.01 
Board [2s 4d Jd 3c]
Seat 1: kano1313 (button) folded before Flop (didn't bet)
Seat 2: serg197211 (small blind) folded before Flop
Seat 3: Kinamuiu (big blind) folded on the Flop
Seat 4: silvane55 folded before Flop (didn't bet)
Seat 5: Dorex2007 folded before Flop (didn't bet)
Seat 6: GummyJ folded before Flop (didn't bet)
Seat 7: Chlodwig2701 folded on the Turn
Seat 9: AsFernando1 collected ($0.22)



PokerStars Hand #231275726652:  Hold'em No Limit ($0.01/$0.02 USD) - 2021/11/09 14:19:05 PT [2021/11/09 17:19:05 ET]
Table 'Riviera II' 9-max Seat #2 is the button
Seat 1: kano1313 ($1.97 in chips) 
Seat 2: serg197211 ($3.09 in chips) 
Seat 3: Kinamuiu ($2.13 in chips) 
Seat 4: silvane55 ($4.70 in chips) 
Seat 5: Dorex2007 ($2.07 in chips) 
Seat 6: GummyJ ($2.02 in chips) 
Seat 7: Chlodwig2701 ($1.53 in chips) 
Seat 9: AsFernando1 ($2.28 in chips) 
Kinamuiu: posts small blind $0.01
silvane55: posts big blind $0.02
*** HOLE CARDS ***
Dealt to Dorex2007 [3c 9d]
Dorex2007: folds 
GummyJ: folds 
Chlodwig2701: folds 
AsFernando1: folds 
kano1313: folds 
serg197211: folds 
Kinamuiu: calls $0.01
silvane55: checks 
*** FLOP *** [3h 2s 4c]
g1stav0br joins the table at seat #8 
Kinamuiu: checks 
silvane55: checks 
*** TURN *** [3h 2s 4c] [Qh]
Kinamuiu: checks 
silvane55: checks 
*** RIVER *** [3h 2s 4c Qh] [Ks]
Kinamuiu: checks 
silvane55: checks 
*** SHOW DOWN ***
Kinamuiu: shows [9s 8s] (high card King)
silvane55: shows [Jh 9c] (high card King - Queen+Jack kicker)
silvane55 collected $0.04 from pot
*** SUMMARY ***
Total pot $0.04 | Rake $0 
Board [3h 2s 4c Qh Ks]
Seat 1: kano1313 folded before Flop (didn't bet)
Seat 2: serg197211 (button) folded before Flop (didn't bet)
Seat 3: Kinamuiu (small blind) showed [9s 8s] and lost with high card King
Seat 4: silvane55 (big blind) showed [Jh 9c] and won ($0.04) with high card King
Seat 5: Dorex2007 folded before Flop (didn't bet)
Seat 6: GummyJ folded before Flop (didn't bet)
Seat 7: Chlodwig2701 folded before Flop (didn't bet)
Seat 9: AsFernando1 folded before Flop (didn't bet)



PokerStars Hand #231275759990:  Hold'em No Limit ($0.01/$0.02 USD) - 2021/11/09 14:20:19 PT [2021/11/09 17:20:19 ET]
Table 'Riviera II' 9-max Seat #3 is the button
Seat 1: kano1313 ($1.97 in chips) 
Seat 2: serg197211 ($3.09 in chips) 
Seat 3: Kinamuiu ($2.11 in chips) 
Seat 4: silvane55 ($4.72 in chips) 
Seat 5: Dorex2007 ($2.07 in chips) 
Seat 6: GummyJ ($2.02 in chips) 
Seat 7: Chlodwig2701 ($1.53 in chips) 
Seat 8: g1stav0br ($0.90 in chips) 
Seat 9: AsFernando1 ($2.28 in chips) 
silvane55: posts small blind $0.01
Dorex2007: posts big blind $0.02
g1stav0br: posts big blind $0.02
*** HOLE CARDS ***
Dealt to Dorex2007 [7d 4d]
GummyJ: folds 
Chlodwig2701: calls $0.02
g1stav0br: raises $0.04 to $0.06
AsFernando1: folds 
kano1313: folds 
serg197211: folds 
Kinamuiu has timed out
Kinamuiu: folds 
silvane55: folds 
Dorex2007: folds 
Chlodwig2701: calls $0.04
*** FLOP *** [Qc 3c 3s]
Chlodwig2701: bets $0.06
g1stav0br: calls $0.06
*** TURN *** [Qc 3c 3s] [Jh]
Chlodwig2701: bets $0.06
g1stav0br: calls $0.06
*** RIVER *** [Qc 3c 3s Jh] [Ks]
Chlodwig2701: bets $0.12
g1stav0br: folds [5c 6c]
Uncalled bet ($0.12) returned to Chlodwig2701
Chlodwig2701 collected $0.38 from pot
*** SUMMARY ***
Total pot $0.39 | Rake $0.01 
Board [Qc 3c 3s Jh Ks]
Seat 1: kano1313 folded before Flop (didn't bet)
Seat 2: serg197211 folded before Flop (didn't bet)
Seat 3: Kinamuiu (button) folded before Flop (didn't bet)
Seat 4: silvane55 (small blind) folded before Flop
Seat 5: Dorex2007 (big blind) folded before Flop
Seat 6: GummyJ folded before Flop (didn't bet)
Seat 7: Chlodwig2701 collected ($0.38)
Seat 8: g1stav0br folded on the River
Seat 9: AsFernando1 folded before Flop (didn't bet)



PokerStars Hand #231275791841:  Hold'em No Limit ($0.01/$0.02 USD) - 2021/11/09 14:21:28 PT [2021/11/09 17:21:28 ET]
Table 'Riviera II' 9-max Seat #4 is the button
Seat 1: kano1313 ($1.97 in chips) 
Seat 2: serg197211 ($3.09 in chips) 
Seat 3: Kinamuiu ($2.11 in chips) 
Seat 4: silvane55 ($4.71 in chips) 
Seat 5: Dorex2007 ($2.05 in chips) 
Seat 6: GummyJ ($2.02 in chips) 
Seat 7: Chlodwig2701 ($1.73 in chips) 
Seat 8: g1stav0br ($0.72 in chips) 
Seat 9: AsFernando1 ($2.28 in chips) 
Dorex2007: posts small blind $0.01
GummyJ: posts big blind $0.02
*** HOLE CARDS ***
Dealt to Dorex2007 [Qh Kc]
Chlodwig2701: folds 
g1stav0br: folds 
AsFernando1: folds 
kano1313: folds 
serg197211: folds 
Kinamuiu has timed out
Kinamuiu: folds 
silvane55: calls $0.02
Dorex2007: raises $0.04 to $0.06
GummyJ: folds 
silvane55: calls $0.04
*** FLOP *** [3c 7h Jc]
Dorex2007: bets $0.09
silvane55: calls $0.09
*** TURN *** [3c 7h Jc] [2d]
Dorex2007: checks 
silvane55: bets $0.06
Dorex2007: calls $0.06
*** RIVER *** [3c 7h Jc 2d] [4d]
Dorex2007: bets $0.21
silvane55: calls $0.21
*** SHOW DOWN ***
Dorex2007: shows [Qh Kc] (high card King)
silvane55: shows [Kh 7c] (a pair of Sevens)
silvane55 collected $0.82 from pot
*** SUMMARY ***
Total pot $0.86 | Rake $0.04 
Board [3c 7h Jc 2d 4d]
Seat 1: kano1313 folded before Flop (didn't bet)
Seat 2: serg197211 folded before Flop (didn't bet)
Seat 3: Kinamuiu folded before Flop (didn't bet)
Seat 4: silvane55 (button) showed [Kh 7c] and won ($0.82) with a pair of Sevens
Seat 5: Dorex2007 (small blind) showed [Qh Kc] and lost with high card King
Seat 6: GummyJ (big blind) folded before Flop
Seat 7: Chlodwig2701 folded before Flop (didn't bet)
Seat 8: g1stav0br folded before Flop (didn't bet)
Seat 9: AsFernando1 folded before Flop (didn't bet)



PokerStars Hand #231275817954:  Hold'em No Limit ($0.01/$0.02 USD) - 2021/11/09 14:22:26 PT [2021/11/09 17:22:26 ET]
Table 'Riviera II' 9-max Seat #5 is the button
Seat 1: kano1313 ($1.97 in chips) 
Seat 2: serg197211 ($3.09 in chips) 
Seat 4: silvane55 ($5.11 in chips) 
Seat 5: Dorex2007 ($2 in chips) 
Seat 6: GummyJ ($2 in chips) 
Seat 7: Chlodwig2701 ($1.73 in chips) 
Seat 8: g1stav0br ($0.72 in chips) 
Seat 9: AsFernando1 ($2.28 in chips) 
GummyJ: posts small blind $0.01
Chlodwig2701: posts big blind $0.02
*** HOLE CARDS ***
Dealt to Dorex2007 [7d 5d]
g1stav0br: raises $0.04 to $0.06
AsFernando1: calls $0.06
kano1313: folds 
serg197211: folds 
silvane55: folds 
Dorex2007: folds 
GummyJ is disconnected 
GummyJ is connected 
GummyJ: folds 
Chlodwig2701: calls $0.04
*** FLOP *** [Ks 8s 3h]
Chlodwig2701: checks 
g1stav0br: bets $0.06
AsFernando1: calls $0.06
Chlodwig2701: folds 
*** TURN *** [Ks 8s 3h] [6s]
g1stav0br: bets $0.10
AsFernando1: folds 
Uncalled bet ($0.10) returned to g1stav0br
g1stav0br collected $0.30 from pot
*** SUMMARY ***
Total pot $0.31 | Rake $0.01 
Board [Ks 8s 3h 6s]
Seat 1: kano1313 folded before Flop (didn't bet)
Seat 2: serg197211 folded before Flop (didn't bet)
Seat 4: silvane55 folded before Flop (didn't bet)
Seat 5: Dorex2007 (button) folded before Flop (didn't bet)
Seat 6: GummyJ (small blind) folded before Flop
Seat 7: Chlodwig2701 (big blind) folded on the Flop
Seat 8: g1stav0br collected ($0.30)
Seat 9: AsFernando1 folded on the Turn



PokerStars Hand #231275845569:  Hold'em No Limit ($0.01/$0.02 USD) - 2021/11/09 14:23:27 PT [2021/11/09 17:23:27 ET]
Table 'Riviera II' 9-max Seat #6 is the button
Seat 1: kano1313 ($1.97 in chips) 
Seat 2: serg197211 ($3.09 in chips) 
Seat 4: silvane55 ($5.11 in chips) 
Seat 5: Dorex2007 ($2 in chips) 
Seat 6: GummyJ ($1.99 in chips) 
Seat 7: Chlodwig2701 ($1.67 in chips) 
Seat 8: g1stav0br ($0.90 in chips) 
Seat 9: AsFernando1 ($2.16 in chips) 
Chlodwig2701: posts small blind $0.01
g1stav0br: posts big blind $0.02
*** HOLE CARDS ***
Dealt to Dorex2007 [4s 4h]
AsFernando1: folds 
kano1313: folds 
serg197211: folds 
silvane55: folds 
Dorex2007: raises $0.02 to $0.04
GummyJ: calls $0.04
Chlodwig2701: calls $0.03
g1stav0br: folds 
*** FLOP *** [2h 2c Ah]
Chlodwig2701: checks 
Dorex2007: bets $0.09
GummyJ: calls $0.09
Chlodwig2701: folds 
*** TURN *** [2h 2c Ah] [2s]
Dorex2007: bets $0.21
GummyJ: calls $0.21
*** RIVER *** [2h 2c Ah 2s] [Qh]
Dorex2007: checks 
GummyJ: bets $0.26
Dorex2007: raises $0.26 to $0.52
GummyJ: calls $0.26
*** SHOW DOWN ***
Dorex2007: shows [4s 4h] (a full house, Deuces full of Fours)
GummyJ: shows [As 7s] (a full house, Deuces full of Aces)
GummyJ collected $1.72 from pot
*** SUMMARY ***
Total pot $1.78 | Rake $0.06 
Board [2h 2c Ah 2s Qh]
Seat 1: kano1313 folded before Flop (didn't bet)
Seat 2: serg197211 folded before Flop (didn't bet)
Seat 4: silvane55 folded before Flop (didn't bet)
Seat 5: Dorex2007 showed [4s 4h] and lost with a full house, Deuces full of Fours
Seat 6: GummyJ (button) showed [As 7s] and won ($1.72) with a full house, Deuces full of Aces
Seat 7: Chlodwig2701 (small blind) folded on the Flop
Seat 8: g1stav0br (big blind) folded before Flop
Seat 9: AsFernando1 folded before Flop (didn't bet)



PokerStars Hand #231275876815:  Hold'em No Limit ($0.01/$0.02 USD) - 2021/11/09 14:24:37 PT [2021/11/09 17:24:37 ET]
Table 'Riviera II' 9-max Seat #7 is the button
Seat 1: kano1313 ($1.97 in chips) 
Seat 2: serg197211 ($3.09 in chips) 
Seat 4: silvane55 ($5.11 in chips) 
Seat 5: Dorex2007 ($2 in chips) 
Seat 6: GummyJ ($2.85 in chips) 
Seat 7: Chlodwig2701 ($1.63 in chips) 
Seat 8: g1stav0br ($0.88 in chips) 
Seat 9: AsFernando1 ($2.16 in chips) 
g1stav0br: posts small blind $0.01
AsFernando1: posts big blind $0.02
*** HOLE CARDS ***
Dealt to Dorex2007 [9d 4h]
kano1313: raises $0.04 to $0.06
serg197211: folds 
silvane55: folds 
Dorex2007: folds 
GummyJ: folds 
Chlodwig2701: calls $0.06
g1stav0br: raises $0.04 to $0.10
AsFernando1: folds 
kano1313: calls $0.04
Chlodwig2701: calls $0.04
*** FLOP *** [6s Ks 5d]
g1stav0br: bets $0.08
kano1313: folds 
Chlodwig2701: folds 
Uncalled bet ($0.08) returned to g1stav0br
g1stav0br collected $0.31 from pot
*** SUMMARY ***
Total pot $0.32 | Rake $0.01 
Board [6s Ks 5d]
Seat 1: kano1313 folded on the Flop
Seat 2: serg197211 folded before Flop (didn't bet)
Seat 4: silvane55 folded before Flop (didn't bet)
Seat 5: Dorex2007 folded before Flop (didn't bet)
Seat 6: GummyJ folded before Flop (didn't bet)
Seat 7: Chlodwig2701 (button) folded on the Flop
Seat 8: g1stav0br (small blind) collected ($0.31)
Seat 9: AsFernando1 (big blind) folded before Flop



PokerStars Hand #231275904821:  Hold'em No Limit ($0.01/$0.02 USD) - 2021/11/09 14:25:39 PT [2021/11/09 17:25:39 ET]
Table 'Riviera II' 9-max Seat #8 is the button
Seat 1: kano1313 ($1.87 in chips) 
Seat 2: serg197211 ($3.09 in chips) 
Seat 4: silvane55 ($5.11 in chips) 
Seat 5: Dorex2007 ($2 in chips) 
Seat 6: GummyJ ($2.85 in chips) 
Seat 7: Chlodwig2701 ($1.53 in chips) 
Seat 8: g1stav0br ($1.09 in chips) 
Seat 9: AsFernando1 ($2.14 in chips) 
AsFernando1: posts small blind $0.01
kano1313: posts big blind $0.02
*** HOLE CARDS ***
Dealt to Dorex2007 [4c 8d]
serg197211: folds 
silvane55: calls $0.02
Dorex2007: folds 
GummyJ: folds 
Chlodwig2701: folds 
g1stav0br: folds 
AsFernando1: calls $0.01
kano1313: checks 
*** FLOP *** [As Tc Js]
AsFernando1: checks 
kano1313: checks 
silvane55: checks 
*** TURN *** [As Tc Js] [4h]
AsFernando1: checks 
kano1313: checks 
silvane55: checks 
*** RIVER *** [As Tc Js 4h] [Qd]
AsFernando1: checks 
kano1313: checks 
silvane55: bets $0.12
AsFernando1: folds 
kano1313: folds 
Uncalled bet ($0.12) returned to silvane55
silvane55 collected $0.06 from pot
silvane55: doesn't show hand 
*** SUMMARY ***
Total pot $0.06 | Rake $0 
Board [As Tc Js 4h Qd]
Seat 1: kano1313 (big blind) folded on the River
Seat 2: serg197211 folded before Flop (didn't bet)
Seat 4: silvane55 collected ($0.06)
Seat 5: Dorex2007 folded before Flop (didn't bet)
Seat 6: GummyJ folded before Flop (didn't bet)
Seat 7: Chlodwig2701 folded before Flop (didn't bet)
Seat 8: g1stav0br (button) folded before Flop (didn't bet)
Seat 9: AsFernando1 (small blind) folded on the River



PokerStars Hand #231275929770:  Hold'em No Limit ($0.01/$0.02 USD) - 2021/11/09 14:26:35 PT [2021/11/09 17:26:35 ET]
Table 'Riviera II' 9-max Seat #9 is the button
Seat 1: kano1313 ($1.85 in chips) 
Seat 2: serg197211 ($3.09 in chips) 
Seat 4: silvane55 ($5.15 in chips) 
Seat 5: Dorex2007 ($2 in chips) 
Seat 6: GummyJ ($2.85 in chips) 
Seat 7: Chlodwig2701 ($1.53 in chips) 
Seat 8: g1stav0br ($1.09 in chips) 
Seat 9: AsFernando1 ($2.12 in chips) 
kano1313: posts small blind $0.01
serg197211: posts big blind $0.02
*** HOLE CARDS ***
Dealt to Dorex2007 [3c 8s]
silvane55: folds 
Dorex2007: folds 
GummyJ: folds 
Chlodwig2701: folds 
g1stav0br: raises $0.12 to $0.14
AsFernando1: folds 
kano1313: folds 
serg197211: folds 
Uncalled bet ($0.12) returned to g1stav0br
g1stav0br collected $0.05 from pot
*** SUMMARY ***
Total pot $0.05 | Rake $0 
Seat 1: kano1313 (small blind) folded before Flop
Seat 2: serg197211 (big blind) folded before Flop
Seat 4: silvane55 folded before Flop (didn't bet)
Seat 5: Dorex2007 folded before Flop (didn't bet)
Seat 6: GummyJ folded before Flop (didn't bet)
Seat 7: Chlodwig2701 folded before Flop (didn't bet)
Seat 8: g1stav0br collected ($0.05)
Seat 9: AsFernando1 (button) folded before Flop (didn't bet)



PokerStars Hand #231275937038:  Hold'em No Limit ($0.01/$0.02 USD) - 2021/11/09 14:26:51 PT [2021/11/09 17:26:51 ET]
Table 'Riviera II' 9-max Seat #1 is the button
Seat 1: kano1313 ($1.84 in chips) 
Seat 2: serg197211 ($3.07 in chips) 
Seat 5: Dorex2007 ($2 in chips) 
Seat 6: GummyJ ($2.85 in chips) 
Seat 7: Chlodwig2701 ($1.53 in chips) 
Seat 8: g1stav0br ($1.12 in chips) 
Seat 9: AsFernando1 ($2.12 in chips) 
serg197211: posts small blind $0.01
Dorex2007: posts big blind $0.02
*** HOLE CARDS ***
Dealt to Dorex2007 [4c 2h]
GummyJ: folds 
Chlodwig2701: calls $0.02
g1stav0br: folds 
AsFernando1: folds 
kano1313: folds 
serg197211: folds 
Dorex2007: checks 
*** FLOP *** [Ac Th 6s]
Dorex2007: checks 
Chlodwig2701: bets $0.06
Dorex2007: folds 
Uncalled bet ($0.06) returned to Chlodwig2701
Chlodwig2701 collected $0.05 from pot
*** SUMMARY ***
Total pot $0.05 | Rake $0 
Board [Ac Th 6s]
Seat 1: kano1313 (button) folded before Flop (didn't bet)
Seat 2: serg197211 (small blind) folded before Flop
Seat 5: Dorex2007 (big blind) folded on the Flop
Seat 6: GummyJ folded before Flop (didn't bet)
Seat 7: Chlodwig2701 collected ($0.05)
Seat 8: g1stav0br folded before Flop (didn't bet)
Seat 9: AsFernando1 folded before Flop (didn't bet)



PokerStars Hand #231275949608:  Hold'em No Limit ($0.01/$0.02 USD) - 2021/11/09 14:27:20 PT [2021/11/09 17:27:20 ET]
Table 'Riviera II' 9-max Seat #2 is the button
Seat 1: kano1313 ($1.84 in chips) 
Seat 2: serg197211 ($3.06 in chips) 
Seat 5: Dorex2007 ($2 in chips) 
Seat 6: GummyJ ($2.85 in chips) 
Seat 7: Chlodwig2701 ($1.56 in chips) 
Seat 8: g1stav0br ($1.12 in chips) 
Seat 9: AsFernando1 ($2.12 in chips) 
Dorex2007: posts small blind $0.01
GummyJ: posts big blind $0.02
*** HOLE CARDS ***
Dealt to Dorex2007 [3s Qs]
silvane55 leaves the table
Chlodwig2701: calls $0.02
g1stav0br: raises $0.04 to $0.06
AsFernando1: calls $0.06
kano1313: calls $0.06
serg197211: folds 
Dorex2007: folds 
GummyJ: calls $0.04
Chlodwig2701: calls $0.04
*** FLOP *** [Ks 8c 7h]
GummyJ: checks 
Chlodwig2701: checks 
g1stav0br: bets $0.06
AsFernando1: calls $0.06
kano1313: folds 
GummyJ: calls $0.06
Chlodwig2701: folds 
*** TURN *** [Ks 8c 7h] [4s]
dirtyolman joins the table at seat #4 
GummyJ: checks 
g1stav0br: checks 
AsFernando1: bets $0.23
GummyJ: calls $0.23
g1stav0br: folds 
*** RIVER *** [Ks 8c 7h 4s] [Jc]
g1stav0br leaves the table
GummyJ: checks 
m2markus joins the table at seat #8 
AsFernando1: bets $0.46
GummyJ: raises $1.01 to $1.47
AsFernando1: calls $1.01
*** SHOW DOWN ***
GummyJ: shows [9c Ts] (a straight, Seven to Jack)
AsFernando1: mucks hand 
GummyJ collected $3.75 from pot
*** SUMMARY ***
Total pot $3.89 | Rake $0.14 
Board [Ks 8c 7h 4s Jc]
Seat 1: kano1313 folded on the Flop
Seat 2: serg197211 (button) folded before Flop (didn't bet)
Seat 5: Dorex2007 (small blind) folded before Flop
Seat 6: GummyJ (big blind) showed [9c Ts] and won ($3.75) with a straight, Seven to Jack
Seat 7: Chlodwig2701 folded on the Flop
Seat 8: g1stav0br folded on the Turn
Seat 9: AsFernando1 mucked [5c 6c]



PokerStars Hand #231275984572:  Hold'em No Limit ($0.01/$0.02 USD) - 2021/11/09 14:28:38 PT [2021/11/09 17:28:38 ET]
Table 'Riviera II' 9-max Seat #5 is the button
Seat 1: kano1313 ($1.78 in chips) 
Seat 2: serg197211 ($3.06 in chips) 
Seat 4: dirtyolman ($1.60 in chips) 
Seat 5: Dorex2007 ($2 in chips) 
Seat 6: GummyJ ($4.78 in chips) 
Seat 7: Chlodwig2701 ($1.50 in chips) 
Seat 9: AsFernando1 ($0.30 in chips) 
GummyJ: posts small blind $0.01
Chlodwig2701: posts big blind $0.02
m2markus: sits out 
Kinamuiu: sits out 
dirtyolman: posts big blind $0.02
*** HOLE CARDS ***
Dealt to Dorex2007 [4c 7d]
AsFernando1: folds 
kano1313: raises $0.04 to $0.06
serg197211: folds 
dirtyolman: folds 
Dorex2007: folds 
GummyJ: folds 
Chlodwig2701: calls $0.04
*** FLOP *** [7s Th 7c]
Chlodwig2701: checks 
kano1313: checks 
*** TURN *** [7s Th 7c] [9s]
Chlodwig2701: checks 
kano1313: checks 
*** RIVER *** [7s Th 7c 9s] [3s]
Chlodwig2701: bets $0.04
kano1313: folds 
Uncalled bet ($0.04) returned to Chlodwig2701
Chlodwig2701 collected $0.14 from pot
*** SUMMARY ***
Total pot $0.15 | Rake $0.01 
Board [7s Th 7c 9s 3s]
Seat 1: kano1313 folded on the River
Seat 2: serg197211 folded before Flop (didn't bet)
Seat 4: dirtyolman folded before Flop (didn't bet)
Seat 5: Dorex2007 (button) folded before Flop (didn't bet)
Seat 6: GummyJ (small blind) folded before Flop
Seat 7: Chlodwig2701 (big blind) collected ($0.14)
Seat 9: AsFernando1 folded before Flop (didn't bet)



PokerStars Hand #231276007198:  Hold'em No Limit ($0.01/$0.02 USD) - 2021/11/09 14:29:29 PT [2021/11/09 17:29:29 ET]
Table 'Riviera II' 9-max Seat #6 is the button
Seat 1: kano1313 ($1.72 in chips) 
Seat 2: serg197211 ($3.06 in chips) 
Seat 4: dirtyolman ($1.58 in chips) 
Seat 5: Dorex2007 ($2 in chips) 
Seat 6: GummyJ ($4.77 in chips) 
Seat 7: Chlodwig2701 ($1.58 in chips) 
Seat 8: m2markus ($1.60 in chips) 
Seat 9: AsFernando1 ($0.30 in chips) 
Chlodwig2701: posts small blind $0.01
m2markus: posts big blind $0.02
Kinamuiu: sits out 
*** HOLE CARDS ***
Dealt to Dorex2007 [Kd 7d]
AsFernando1: folds 
kano1313: folds 
serg197211: folds 
dirtyolman: folds 
Dorex2007: raises $0.02 to $0.04
GummyJ: folds 
GummyJ leaves the table
Chlodwig2701: calls $0.03
m2markus: calls $0.02
*** FLOP *** [6d Jc 9d]
Chlodwig2701: checks 
m2markus: checks 
Dorex2007: bets $0.12
Chlodwig2701: folds 
m2markus: folds 
Uncalled bet ($0.12) returned to Dorex2007
Dorex2007 collected $0.12 from pot
Dorex2007: doesn't show hand 
*** SUMMARY ***
Total pot $0.12 | Rake $0 
Board [6d Jc 9d]
Seat 1: kano1313 folded before Flop (didn't bet)
Seat 2: serg197211 folded before Flop (didn't bet)
Seat 4: dirtyolman folded before Flop (didn't bet)
Seat 5: Dorex2007 collected ($0.12)
Seat 6: GummyJ (button) folded before Flop (didn't bet)
Seat 7: Chlodwig2701 (small blind) folded on the Flop
Seat 8: m2markus (big blind) folded on the Flop
Seat 9: AsFernando1 folded before Flop (didn't bet)



PokerStars Hand #231276021958:  Hold'em No Limit ($0.01/$0.02 USD) - 2021/11/09 14:30:02 PT [2021/11/09 17:30:02 ET]
Table 'Riviera II' 9-max Seat #7 is the button
Seat 1: kano1313 ($1.72 in chips) 
Seat 2: serg197211 ($3.06 in chips) 
Seat 4: dirtyolman ($1.58 in chips) 
Seat 5: Dorex2007 ($2.08 in chips) 
Seat 7: Chlodwig2701 ($1.54 in chips) 
Seat 8: m2markus ($1.56 in chips) 
Seat 9: AsFernando1 ($0.30 in chips) 
m2markus: posts small blind $0.01
AsFernando1: posts big blind $0.02
Kinamuiu: sits out 
*** HOLE CARDS ***
Dealt to Dorex2007 [Js 4d]
kano1313: folds 
serg197211: folds 
dirtyolman: folds 
Dorex2007: folds 
Chlodwig2701: folds 
m2markus: raises $0.04 to $0.06
AsFernando1: folds 
Uncalled bet ($0.04) returned to m2markus
m2markus collected $0.04 from pot
m2markus: doesn't show hand 
*** SUMMARY ***
Total pot $0.04 | Rake $0 
Seat 1: kano1313 folded before Flop (didn't bet)
Seat 2: serg197211 folded before Flop (didn't bet)
Seat 4: dirtyolman folded before Flop (didn't bet)
Seat 5: Dorex2007 folded before Flop (didn't bet)
Seat 7: Chlodwig2701 (button) folded before Flop (didn't bet)
Seat 8: m2markus (small blind) collected ($0.04)
Seat 9: AsFernando1 (big blind) folded before Flop



PokerStars Hand #231276031874:  Hold'em No Limit ($0.01/$0.02 USD) - 2021/11/09 14:30:24 PT [2021/11/09 17:30:24 ET]
Table 'Riviera II' 9-max Seat #8 is the button
Seat 1: kano1313 ($1.72 in chips) 
Seat 2: serg197211 ($3.06 in chips) 
Seat 4: dirtyolman ($1.58 in chips) 
Seat 5: Dorex2007 ($2.08 in chips) 
Seat 7: Chlodwig2701 ($1.54 in chips) 
Seat 8: m2markus ($1.58 in chips) 
Seat 9: AsFernando1 ($0.28 in chips) 
AsFernando1: posts small blind $0.01
kano1313: posts big blind $0.02
Kinamuiu: sits out 
*** HOLE CARDS ***
Dealt to Dorex2007 [Jh Ac]
serg197211: folds 
dirtyolman: folds 
Dorex2007: raises $0.04 to $0.06
Chlodwig2701: folds 
m2markus: folds 
AsFernando1: folds 
kano1313: folds 
Uncalled bet ($0.04) returned to Dorex2007
Dorex2007 collected $0.05 from pot
Dorex2007: doesn't show hand 
*** SUMMARY ***
Total pot $0.05 | Rake $0 
Seat 1: kano1313 (big blind) folded before Flop
Seat 2: serg197211 folded before Flop (didn't bet)
Seat 4: dirtyolman folded before Flop (didn't bet)
Seat 5: Dorex2007 collected ($0.05)
Seat 7: Chlodwig2701 folded before Flop (didn't bet)
Seat 8: m2markus (button) folded before Flop (didn't bet)
Seat 9: AsFernando1 (small blind) folded before Flop



PokerStars Hand #231276040620:  Hold'em No Limit ($0.01/$0.02 USD) - 2021/11/09 14:30:44 PT [2021/11/09 17:30:44 ET]
Table 'Riviera II' 9-max Seat #9 is the button
Seat 1: kano1313 ($1.70 in chips) 
Seat 2: serg197211 ($3.06 in chips) 
Seat 4: dirtyolman ($1.58 in chips) 
Seat 5: Dorex2007 ($2.11 in chips) 
Seat 7: Chlodwig2701 ($1.54 in chips) 
Seat 8: m2markus ($1.58 in chips) 
Seat 9: AsFernando1 ($0.27 in chips) 
kano1313: posts small blind $0.01
serg197211: posts big blind $0.02
Kinamuiu: sits out 
*** HOLE CARDS ***
Dealt to Dorex2007 [8h 7s]
dirtyolman: calls $0.02
Dorex2007: folds 
Chlodwig2701: calls $0.02
m2markus: raises $0.04 to $0.06
AsFernando1: folds 
kano1313: folds 
serg197211: folds 
dirtyolman: calls $0.04
Chlodwig2701: calls $0.04
*** FLOP *** [Ac 5h 2h]
dirtyolman: checks 
Chlodwig2701: bets $0.06
m2markus: raises $0.14 to $0.20
dirtyolman: folds 
Chlodwig2701: calls $0.14
*** TURN *** [Ac 5h 2h] [4d]
Chlodwig2701: bets $0.10
m2markus: calls $0.10
*** RIVER *** [Ac 5h 2h 4d] [5c]
Chlodwig2701: bets $0.12
charley766 joins the table at seat #6 
m2markus: raises $0.24 to $0.36
Chlodwig2701: calls $0.24
*** SHOW DOWN ***
m2markus: shows [Jd Ad] (two pair, Aces and Fives)
Chlodwig2701: mucks hand 
m2markus collected $1.47 from pot
*** SUMMARY ***
Total pot $1.53 | Rake $0.06 
Board [Ac 5h 2h 4d 5c]
Seat 1: kano1313 (small blind) folded before Flop
Seat 2: serg197211 (big blind) folded before Flop
Seat 4: dirtyolman folded on the Flop
Seat 5: Dorex2007 folded before Flop (didn't bet)
Seat 7: Chlodwig2701 mucked [As Td]
Seat 8: m2markus showed [Jd Ad] and won ($1.47) with two pair, Aces and Fives
Seat 9: AsFernando1 (button) folded before Flop (didn't bet)



PokerStars Hand #231276083123:  Hold'em No Limit ($0.01/$0.02 USD) - 2021/11/09 14:32:20 PT [2021/11/09 17:32:20 ET]
Table 'Riviera II' 9-max Seat #1 is the button
Seat 1: kano1313 ($1.69 in chips) 
Seat 2: serg197211 ($3.04 in chips) 
Seat 3: Kinamuiu ($2.11 in chips) 
Seat 4: dirtyolman ($1.52 in chips) 
Seat 5: Dorex2007 ($2.11 in chips) 
Seat 7: Chlodwig2701 ($0.82 in chips) 
Seat 8: m2markus ($2.33 in chips) 
Seat 9: AsFernando1 ($0.27 in chips) 
serg197211: posts small blind $0.01
Kinamuiu: posts big blind $0.02
charley766: sits out 
*** HOLE CARDS ***
Dealt to Dorex2007 [5d Kc]
dirtyolman: folds 
Dorex2007: folds 
Chlodwig2701: folds 
m2markus: folds 
AsFernando1: folds 
kano1313: raises $0.04 to $0.06
serg197211: raises $0.14 to $0.20
Kinamuiu: folds 
kano1313: folds 
Uncalled bet ($0.14) returned to serg197211
serg197211 collected $0.14 from pot
serg197211: doesn't show hand 
*** SUMMARY ***
Total pot $0.14 | Rake $0 
Seat 1: kano1313 (button) folded before Flop
Seat 2: serg197211 (small blind) collected ($0.14)
Seat 3: Kinamuiu (big blind) folded before Flop
Seat 4: dirtyolman folded before Flop (didn't bet)
Seat 5: Dorex2007 folded before Flop (didn't bet)
Seat 7: Chlodwig2701 folded before Flop (didn't bet)
Seat 8: m2markus folded before Flop (didn't bet)
Seat 9: AsFernando1 folded before Flop (didn't bet)



PokerStars Hand #231276099446:  Hold'em No Limit ($0.01/$0.02 USD) - 2021/11/09 14:32:56 PT [2021/11/09 17:32:56 ET]
Table 'Riviera II' 9-max Seat #2 is the button
Seat 1: kano1313 ($1.63 in chips) 
Seat 2: serg197211 ($3.12 in chips) 
Seat 3: Kinamuiu ($2.09 in chips) 
Seat 4: dirtyolman ($1.52 in chips) 
Seat 5: Dorex2007 ($2.11 in chips) 
Seat 6: charley766 ($0.98 in chips) 
Seat 7: Chlodwig2701 ($0.82 in chips) 
Seat 8: m2markus ($2.33 in chips) 
Seat 9: AsFernando1 ($0.27 in chips) 
Kinamuiu: posts small blind $0.01
dirtyolman: posts big blind $0.02
charley766: posts big blind $0.02
*** HOLE CARDS ***
Dealt to Dorex2007 [5h Ac]
Dorex2007: folds 
charley766: checks 
Chlodwig2701: folds 
m2markus: calls $0.02
AsFernando1: calls $0.02
kano1313: folds 
serg197211: folds 
Kinamuiu: folds 
dirtyolman: checks 
*** FLOP *** [Kd Td 3d]
dirtyolman: checks 
charley766: bets $0.02
m2markus: raises $0.10 to $0.12
AsFernando1: folds 
dirtyolman: folds 
charley766: calls $0.10
*** TURN *** [Kd Td 3d] [Jh]
charley766: bets $0.02
m2markus: raises $0.16 to $0.18
charley766: calls $0.16
*** RIVER *** [Kd Td 3d Jh] [7c]
charley766: bets $0.02
m2markus: raises $0.64 to $0.66
charley766: calls $0.64 and is all-in
*** SHOW DOWN ***
m2markus: shows [3h 3c] (three of a kind, Threes)
charley766: shows [Ad As] (a pair of Aces)
m2markus collected $1.92 from pot
*** SUMMARY ***
Total pot $2.01 | Rake $0.09 
Board [Kd Td 3d Jh 7c]
Seat 1: kano1313 folded before Flop (didn't bet)
Seat 2: serg197211 (button) folded before Flop (didn't bet)
Seat 3: Kinamuiu (small blind) folded before Flop
Seat 4: dirtyolman (big blind) folded on the Flop
Seat 5: Dorex2007 folded before Flop (didn't bet)
Seat 6: charley766 showed [Ad As] and lost with a pair of Aces
Seat 7: Chlodwig2701 folded before Flop (didn't bet)
Seat 8: m2markus showed [3h 3c] and won ($1.92) with three of a kind, Threes
Seat 9: AsFernando1 folded on the Flop



PokerStars Hand #231276142588:  Hold'em No Limit ($0.01/$0.02 USD) - 2021/11/09 14:34:34 PT [2021/11/09 17:34:34 ET]
Table 'Riviera II' 9-max Seat #3 is the button
Seat 1: kano1313 ($1.63 in chips) 
Seat 2: serg197211 ($3.12 in chips) 
Seat 3: Kinamuiu ($2.08 in chips) 
Seat 4: dirtyolman ($1.50 in chips) 
Seat 5: Dorex2007 ($2.11 in chips) 
Seat 7: Chlodwig2701 ($0.82 in chips) 
Seat 8: m2markus ($3.27 in chips) 
Seat 9: AsFernando1 ($0.25 in chips) 
dirtyolman: posts small blind $0.01
Dorex2007: posts big blind $0.02
*** HOLE CARDS ***
Dealt to Dorex2007 [Qs 6h]
Chlodwig2701: folds 
m2markus: folds 
AsFernando1: folds 
kano1313: folds 
serg197211: folds 
Kinamuiu: calls $0.02
dirtyolman: calls $0.01
Dorex2007: checks 
*** FLOP *** [Ks 2c 8h]
dirtyolman: checks 
Dorex2007: checks 
Kinamuiu: checks 
*** TURN *** [Ks 2c 8h] [4c]
dirtyolman: bets $0.03
Dorex2007: folds 
Kinamuiu: folds 
Uncalled bet ($0.03) returned to dirtyolman
dirtyolman collected $0.06 from pot
dirtyolman: doesn't show hand 
*** SUMMARY ***
Total pot $0.06 | Rake $0 
Board [Ks 2c 8h 4c]
Seat 1: kano1313 folded before Flop (didn't bet)
Seat 2: serg197211 folded before Flop (didn't bet)
Seat 3: Kinamuiu (button) folded on the Turn
Seat 4: dirtyolman (small blind) collected ($0.06)
Seat 5: Dorex2007 (big blind) folded on the Turn
Seat 7: Chlodwig2701 folded before Flop (didn't bet)
Seat 8: m2markus folded before Flop (didn't bet)
Seat 9: AsFernando1 folded before Flop (didn't bet)



PokerStars Hand #231276172134:  Hold'em No Limit ($0.01/$0.02 USD) - 2021/11/09 14:35:41 PT [2021/11/09 17:35:41 ET]
Table 'Riviera II' 9-max Seat #4 is the button
Seat 1: kano1313 ($1.63 in chips) 
Seat 2: serg197211 ($3.12 in chips) 
Seat 3: Kinamuiu ($2.06 in chips) 
Seat 4: dirtyolman ($1.54 in chips) 
Seat 5: Dorex2007 ($2.09 in chips) 
Seat 7: Chlodwig2701 ($0.82 in chips) 
Seat 8: m2markus ($3.27 in chips) 
Seat 9: AsFernando1 ($0.25 in chips) 
Dorex2007: posts small blind $0.01
Chlodwig2701: posts big blind $0.02
*** HOLE CARDS ***
Dealt to Dorex2007 [5s Jd]
m2markus: folds 
AsFernando1: raises $0.02 to $0.04
kano1313: raises $0.18 to $0.22
serg197211: folds 
Kinamuiu: folds 
dirtyolman: folds 
Dorex2007: folds 
Chlodwig2701: folds 
AsFernando1: calls $0.18
*** FLOP *** [Qh Js 9c]
AsFernando1: checks 
kano1313: bets $0.10
AsFernando1: calls $0.03 and is all-in
Uncalled bet ($0.07) returned to kano1313
*** TURN *** [Qh Js 9c] [9d]
*** RIVER *** [Qh Js 9c 9d] [8h]
*** SHOW DOWN ***
AsFernando1: shows [6h 6s] (two pair, Nines and Sixes)
kano1313: shows [Qd Qc] (a full house, Queens full of Nines)
kano1313 collected $0.51 from pot
*** SUMMARY ***
Total pot $0.53 | Rake $0.02 
Board [Qh Js 9c 9d 8h]
Seat 1: kano1313 showed [Qd Qc] and won ($0.51) with a full house, Queens full of Nines
Seat 2: serg197211 folded before Flop (didn't bet)
Seat 3: Kinamuiu folded before Flop (didn't bet)
Seat 4: dirtyolman (button) folded before Flop (didn't bet)
Seat 5: Dorex2007 (small blind) folded before Flop
Seat 7: Chlodwig2701 (big blind) folded before Flop
Seat 8: m2markus folded before Flop (didn't bet)
Seat 9: AsFernando1 showed [6h 6s] and lost with two pair, Nines and Sixes



PokerStars Hand #231276197949:  Hold'em No Limit ($0.01/$0.02 USD) - 2021/11/09 14:36:40 PT [2021/11/09 17:36:40 ET]
Table 'Riviera II' 9-max Seat #5 is the button
Seat 1: kano1313 ($1.89 in chips) 
Seat 2: serg197211 ($3.12 in chips) 
Seat 3: Kinamuiu ($2.06 in chips) 
Seat 4: dirtyolman ($1.54 in chips) 
Seat 5: Dorex2007 ($2.08 in chips) 
Seat 7: Chlodwig2701 ($0.80 in chips) 
Seat 8: m2markus ($3.27 in chips) 
Chlodwig2701: posts small blind $0.01
m2markus: posts big blind $0.02
*** HOLE CARDS ***
Dealt to Dorex2007 [7h Qs]
kano1313: folds 
serg197211: folds 
Kinamuiu has timed out
Kinamuiu: folds 
dirtyolman: calls $0.02
Dorex2007: folds 
Chlodwig2701: calls $0.01
m2markus: checks 
*** FLOP *** [Tc 2h 3d]
Chlodwig2701: checks 
m2markus: checks 
dirtyolman: bets $0.06
Chlodwig2701: folds 
m2markus: folds 
Uncalled bet ($0.06) returned to dirtyolman
dirtyolman collected $0.06 from pot
dirtyolman: doesn't show hand 
*** SUMMARY ***
Total pot $0.06 | Rake $0 
Board [Tc 2h 3d]
Seat 1: kano1313 folded before Flop (didn't bet)
Seat 2: serg197211 folded before Flop (didn't bet)
Seat 3: Kinamuiu folded before Flop (didn't bet)
Seat 4: dirtyolman collected ($0.06)
Seat 5: Dorex2007 (button) folded before Flop (didn't bet)
Seat 7: Chlodwig2701 (small blind) folded on the Flop
Seat 8: m2markus (big blind) folded on the Flop



PokerStars Hand #231276214328:  Hold'em No Limit ($0.01/$0.02 USD) - 2021/11/09 14:37:18 PT [2021/11/09 17:37:18 ET]
Table 'Riviera II' 9-max Seat #7 is the button
Seat 1: kano1313 ($1.89 in chips) 
Seat 2: serg197211 ($3.12 in chips) 
Seat 4: dirtyolman ($1.58 in chips) 
Seat 5: Dorex2007 ($2.08 in chips) 
Seat 7: Chlodwig2701 ($0.78 in chips) 
Seat 8: m2markus ($3.25 in chips) 
Seat 9: AsFernando1 ($2 in chips) 
m2markus: posts small blind $0.01
AsFernando1: posts big blind $0.02
*** HOLE CARDS ***
Dealt to Dorex2007 [Qd Kd]
kano1313: calls $0.02
serg197211: folds 
dirtyolman: folds 
Dorex2007: raises $0.04 to $0.06
Chlodwig2701: folds 
m2markus: folds 
AsFernando1: folds 
kano1313: calls $0.04
*** FLOP *** [8c 9h 2d]
kano1313: checks 
Dorex2007: checks 
*** TURN *** [8c 9h 2d] [Jh]
kano1313: checks 
Dorex2007: bets $0.14
kano1313: folds 
Uncalled bet ($0.14) returned to Dorex2007
Dorex2007 collected $0.14 from pot
Dorex2007: doesn't show hand 
*** SUMMARY ***
Total pot $0.15 | Rake $0.01 
Board [8c 9h 2d Jh]
Seat 1: kano1313 folded on the Turn
Seat 2: serg197211 folded before Flop (didn't bet)
Seat 4: dirtyolman folded before Flop (didn't bet)
Seat 5: Dorex2007 collected ($0.14)
Seat 7: Chlodwig2701 (button) folded before Flop (didn't bet)
Seat 8: m2markus (small blind) folded before Flop
Seat 9: AsFernando1 (big blind) folded before Flop



PokerStars Hand #231276233665:  Hold'em No Limit ($0.01/$0.02 USD) - 2021/11/09 14:37:56 PT [2021/11/09 17:37:56 ET]
Table 'Riviera II' 9-max Seat #8 is the button
Seat 1: kano1313 ($1.83 in chips) 
Seat 2: serg197211 ($3.12 in chips) 
Seat 3: Kinamuiu ($2.06 in chips) 
Seat 4: dirtyolman ($1.58 in chips) 
Seat 5: Dorex2007 ($2.16 in chips) 
Seat 7: Chlodwig2701 ($0.78 in chips) 
Seat 8: m2markus ($3.24 in chips) 
Seat 9: AsFernando1 ($1.98 in chips) 
AsFernando1: posts small blind $0.01
kano1313: posts big blind $0.02
*** HOLE CARDS ***
Dealt to Dorex2007 [Js 3s]
serg197211: folds 
Kinamuiu: folds 
dirtyolman: folds 
Dorex2007: folds 
Chlodwig2701: folds 
m2markus: calls $0.02
AsFernando1: calls $0.01
kano1313: checks 
*** FLOP *** [4h 8h Jd]
AsFernando1: checks 
kano1313: checks 
m2markus: bets $0.06
AsFernando1: folds 
Kinamuiu leaves the table
kano1313: folds 
Uncalled bet ($0.06) returned to m2markus
m2markus collected $0.06 from pot
m2markus: doesn't show hand 
*** SUMMARY ***
Total pot $0.06 | Rake $0 
Board [4h 8h Jd]
Seat 1: kano1313 (big blind) folded on the Flop
Seat 2: serg197211 folded before Flop (didn't bet)
Seat 3: Kinamuiu folded before Flop (didn't bet)
Seat 4: dirtyolman folded before Flop (didn't bet)
Seat 5: Dorex2007 folded before Flop (didn't bet)
Seat 7: Chlodwig2701 folded before Flop (didn't bet)
Seat 8: m2markus (button) collected ($0.06)
Seat 9: AsFernando1 (small blind) folded on the Flop



PokerStars Hand #231276258595:  Hold'em No Limit ($0.01/$0.02 USD) - 2021/11/09 14:38:54 PT [2021/11/09 17:38:54 ET]
Table 'Riviera II' 9-max Seat #9 is the button
Seat 1: kano1313 ($1.86 in chips) 
Seat 2: serg197211 ($3.12 in chips) 
Seat 4: dirtyolman ($1.58 in chips) 
Seat 5: Dorex2007 ($2.16 in chips) 
Seat 7: Chlodwig2701 ($0.78 in chips) 
Seat 8: m2markus ($3.28 in chips) 
Seat 9: AsFernando1 ($1.96 in chips) 
kano1313: posts small blind $0.01
serg197211: posts big blind $0.02
*** HOLE CARDS ***
Dealt to Dorex2007 [As 3c]
dirtyolman: calls $0.02
Dorex2007: folds 
Chlodwig2701: folds 
m2markus: folds 
AsFernando1: calls $0.02
kano1313: folds 
serg197211: checks 
*** FLOP *** [Td Qs Kc]
serg197211: checks 
dirtyolman: bets $0.02
AsFernando1: folds 
serg197211: calls $0.02
*** TURN *** [Td Qs Kc] [2h]
chechubolso joins the table at seat #3 
serg197211: checks 
dirtyolman: bets $0.02
serg197211: calls $0.02
*** RIVER *** [Td Qs Kc 2h] [Th]
serg197211: checks 
dirtyolman: checks 
*** SHOW DOWN ***
serg197211: shows [7d Ks] (two pair, Kings and Tens)
dirtyolman: mucks hand 
serg197211 collected $0.14 from pot
*** SUMMARY ***
Total pot $0.15 | Rake $0.01 
Board [Td Qs Kc 2h Th]
Seat 1: kano1313 (small blind) folded before Flop
Seat 2: serg197211 (big blind) showed [7d Ks] and won ($0.14) with two pair, Kings and Tens
Seat 4: dirtyolman mucked [Ac Qh]
Seat 5: Dorex2007 folded before Flop (didn't bet)
Seat 7: Chlodwig2701 folded before Flop (didn't bet)
Seat 8: m2markus folded before Flop (didn't bet)
Seat 9: AsFernando1 (button) folded on the Flop



PokerStars Hand #231276286730:  Hold'em No Limit ($0.01/$0.02 USD) - 2021/11/09 14:40:00 PT [2021/11/09 17:40:00 ET]
Table 'Riviera II' 9-max Seat #1 is the button
Seat 1: kano1313 ($1.85 in chips) 
Seat 2: serg197211 ($3.20 in chips) 
Seat 3: chechubolso ($2 in chips) 
Seat 4: dirtyolman ($1.52 in chips) 
Seat 5: Dorex2007 ($2.16 in chips) 
Seat 7: Chlodwig2701 ($0.78 in chips) 
Seat 8: m2markus ($3.28 in chips) 
Seat 9: AsFernando1 ($1.94 in chips) 
serg197211: posts small blind $0.01
chechubolso: posts big blind $0.02
*** HOLE CARDS ***
Dealt to Dorex2007 [6h Jh]
dirtyolman: folds 
Dorex2007: folds 
Chlodwig2701: calls $0.02
m2markus: folds 
AsFernando1: folds 
kano1313: folds 
serg197211: folds 
chechubolso: checks 
*** FLOP *** [9d 6s Jd]
chechubolso: checks 
Chlodwig2701: checks 
*** TURN *** [9d 6s Jd] [7s]
chechubolso: checks 
Chlodwig2701: checks 
*** RIVER *** [9d 6s Jd 7s] [8h]
chechubolso: bets $0.02
Chlodwig2701: raises $0.04 to $0.06
chechubolso: calls $0.04
*** SHOW DOWN ***
Chlodwig2701: shows [Ah Tc] (a straight, Seven to Jack)
chechubolso: mucks hand 
Chlodwig2701 collected $0.16 from pot
*** SUMMARY ***
Total pot $0.17 | Rake $0.01 
Board [9d 6s Jd 7s 8h]
Seat 1: kano1313 (button) folded before Flop (didn't bet)
Seat 2: serg197211 (small blind) folded before Flop
Seat 3: chechubolso (big blind) mucked [Js 2c]
Seat 4: dirtyolman folded before Flop (didn't bet)
Seat 5: Dorex2007 folded before Flop (didn't bet)
Seat 7: Chlodwig2701 showed [Ah Tc] and won ($0.16) with a straight, Seven to Jack
Seat 8: m2markus folded before Flop (didn't bet)
Seat 9: AsFernando1 folded before Flop (didn't bet)



PokerStars Hand #231276309710:  Hold'em No Limit ($0.01/$0.02 USD) - 2021/11/09 14:40:52 PT [2021/11/09 17:40:52 ET]
Table 'Riviera II' 9-max Seat #2 is the button
Seat 1: kano1313 ($1.85 in chips) 
Seat 2: serg197211 ($3.19 in chips) 
Seat 3: chechubolso ($2 in chips) 
Seat 4: dirtyolman ($1.52 in chips) 
Seat 5: Dorex2007 ($2.16 in chips) 
Seat 7: Chlodwig2701 ($0.86 in chips) 
Seat 8: m2markus ($3.28 in chips) 
Seat 9: AsFernando1 ($1.94 in chips) 
chechubolso: posts small blind $0.01
dirtyolman: posts big blind $0.02
*** HOLE CARDS ***
Dealt to Dorex2007 [6c Jc]
Dorex2007: folds 
Chlodwig2701: calls $0.02
m2markus: folds 
AsFernando1: calls $0.02
kano1313: folds 
serg197211: folds 
chechubolso: folds 
dirtyolman: checks 
*** FLOP *** [5s Td Jh]
dirtyolman: checks 
Chlodwig2701: bets $0.06
AsFernando1: folds 
dirtyolman: folds 
Uncalled bet ($0.06) returned to Chlodwig2701
Chlodwig2701 collected $0.07 from pot
*** SUMMARY ***
Total pot $0.07 | Rake $0 
Board [5s Td Jh]
Seat 1: kano1313 folded before Flop (didn't bet)
Seat 2: serg197211 (button) folded before Flop (didn't bet)
Seat 3: chechubolso (small blind) folded before Flop
Seat 4: dirtyolman (big blind) folded on the Flop
Seat 5: Dorex2007 folded before Flop (didn't bet)
Seat 7: Chlodwig2701 collected ($0.07)
Seat 8: m2markus folded before Flop (didn't bet)
Seat 9: AsFernando1 folded on the Flop



PokerStars Hand #231276327528:  Hold'em No Limit ($0.01/$0.02 USD) - 2021/11/09 14:41:34 PT [2021/11/09 17:41:34 ET]
Table 'Riviera II' 9-max Seat #3 is the button
Seat 1: kano1313 ($1.85 in chips) 
Seat 2: serg197211 ($3.19 in chips) 
Seat 3: chechubolso ($2 in chips) 
Seat 4: dirtyolman ($1.50 in chips) 
Seat 5: Dorex2007 ($2.16 in chips) 
Seat 7: Chlodwig2701 ($0.91 in chips) 
Seat 8: m2markus ($3.28 in chips) 
Seat 9: AsFernando1 ($1.92 in chips) 
dirtyolman: posts small blind $0.01
Dorex2007: posts big blind $0.02
*** HOLE CARDS ***
Dealt to Dorex2007 [Ac 8h]
Chlodwig2701: folds 
m2markus: folds 
AsFernando1: folds 
kano1313: folds 
serg197211: folds 
chechubolso: folds 
dirtyolman: folds 
Uncalled bet ($0.01) returned to Dorex2007
Dorex2007 collected $0.02 from pot
Dorex2007: doesn't show hand 
*** SUMMARY ***
Total pot $0.02 | Rake $0 
Seat 1: kano1313 folded before Flop (didn't bet)
Seat 2: serg197211 folded before Flop (didn't bet)
Seat 3: chechubolso (button) folded before Flop (didn't bet)
Seat 4: dirtyolman (small blind) folded before Flop
Seat 5: Dorex2007 (big blind) collected ($0.02)
Seat 7: Chlodwig2701 folded before Flop (didn't bet)
Seat 8: m2markus folded before Flop (didn't bet)
Seat 9: AsFernando1 folded before Flop (didn't bet)



PokerStars Hand #231276336162:  Hold'em No Limit ($0.01/$0.02 USD) - 2021/11/09 14:41:54 PT [2021/11/09 17:41:54 ET]
Table 'Riviera II' 9-max Seat #4 is the button
Seat 1: kano1313 ($1.85 in chips) 
Seat 2: serg197211 ($3.19 in chips) 
Seat 3: chechubolso ($2 in chips) 
Seat 4: dirtyolman ($1.49 in chips) 
Seat 5: Dorex2007 ($2.17 in chips) 
Seat 7: Chlodwig2701 ($0.91 in chips) 
Seat 8: m2markus ($3.28 in chips) 
Seat 9: AsFernando1 ($1.92 in chips) 
Dorex2007: posts small blind $0.01
Chlodwig2701: posts big blind $0.02
*** HOLE CARDS ***
Dealt to Dorex2007 [3h 2c]
m2markus: folds 
AsFernando1: folds 
kano1313: folds 
m2markus leaves the table
serg197211: raises $0.04 to $0.06
chechubolso: folds 
dirtyolman: folds 
Dorex2007: folds 
Chlodwig2701: calls $0.04
*** FLOP *** [8h As Qh]
Chlodwig2701: bets $0.06
serg197211: folds 
Uncalled bet ($0.06) returned to Chlodwig2701
Chlodwig2701 collected $0.13 from pot
*** SUMMARY ***
Total pot $0.13 | Rake $0 
Board [8h As Qh]
Seat 1: kano1313 folded before Flop (didn't bet)
Seat 2: serg197211 folded on the Flop
Seat 3: chechubolso folded before Flop (didn't bet)
Seat 4: dirtyolman (button) folded before Flop (didn't bet)
Seat 5: Dorex2007 (small blind) folded before Flop
Seat 7: Chlodwig2701 (big blind) collected ($0.13)
Seat 8: m2markus folded before Flop (didn't bet)
Seat 9: AsFernando1 folded before Flop (didn't bet)



PokerStars Hand #231276349977:  Hold'em No Limit ($0.01/$0.02 USD) - 2021/11/09 14:42:26 PT [2021/11/09 17:42:26 ET]
Table 'Riviera II' 9-max Seat #5 is the button
Seat 1: kano1313 ($1.85 in chips) 
Seat 2: serg197211 ($3.13 in chips) 
Seat 3: chechubolso ($2 in chips) 
Seat 4: dirtyolman ($1.49 in chips) 
Seat 5: Dorex2007 ($2.16 in chips) 
Seat 7: Chlodwig2701 ($0.98 in chips) 
Seat 9: AsFernando1 ($1.92 in chips) 
Chlodwig2701: posts small blind $0.01
AsFernando1: posts big blind $0.02
*** HOLE CARDS ***
Dealt to Dorex2007 [Ts Tc]
kano1313: folds 
serg197211: folds 
chechubolso: folds 
dirtyolman: folds 
Dorex2007: raises $0.02 to $0.04
Chlodwig2701: calls $0.03
AsFernando1: folds 
*** FLOP *** [5d 2h As]
Chlodwig2701: checks 
Javan_50 joins the table at seat #8 
Dorex2007: checks 
*** TURN *** [5d 2h As] [Jd]
Chlodwig2701: bets $0.06
Dorex2007: calls $0.06
*** RIVER *** [5d 2h As Jd] [7s]
Chlodwig2701: bets $0.08
Dorex2007: calls $0.08
*** SHOW DOWN ***
Chlodwig2701: shows [Jh 9s] (a pair of Jacks)
Dorex2007: mucks hand 
Chlodwig2701 collected $0.37 from pot
*** SUMMARY ***
Total pot $0.38 | Rake $0.01 
Board [5d 2h As Jd 7s]
Seat 1: kano1313 folded before Flop (didn't bet)
Seat 2: serg197211 folded before Flop (didn't bet)
Seat 3: chechubolso folded before Flop (didn't bet)
Seat 4: dirtyolman folded before Flop (didn't bet)
Seat 5: Dorex2007 (button) mucked [Ts Tc]
Seat 7: Chlodwig2701 (small blind) showed [Jh 9s] and won ($0.37) with a pair of Jacks
Seat 9: AsFernando1 (big blind) folded before Flop



PokerStars Hand #231276379604:  Hold'em No Limit ($0.01/$0.02 USD) - 2021/11/09 14:43:36 PT [2021/11/09 17:43:36 ET]
Table 'Riviera II' 9-max Seat #7 is the button
Seat 1: kano1313 ($1.85 in chips) 
Seat 2: serg197211 ($3.13 in chips) 
Seat 3: chechubolso ($2 in chips) 
Seat 4: dirtyolman ($1.49 in chips) 
Seat 5: Dorex2007 ($2 in chips) 
Seat 7: Chlodwig2701 ($1.17 in chips) 
Seat 9: AsFernando1 ($1.90 in chips) 
AsFernando1: posts small blind $0.01
kano1313: posts big blind $0.02
*** HOLE CARDS ***
Dealt to Dorex2007 [Kc 8d]
serg197211: folds 
chechubolso: folds 
dirtyolman: folds 
Dorex2007: folds 
Chlodwig2701: folds 
AsFernando1: calls $0.01
kano1313: checks 
*** FLOP *** [2d 7d 3s]
AsFernando1: checks 
kano1313: checks 
*** TURN *** [2d 7d 3s] [4h]
AsFernando1: checks 
kano1313: checks 
*** RIVER *** [2d 7d 3s 4h] [2s]
AsFernando1: checks 
kano1313: bets $0.20
AsFernando1: folds 
Uncalled bet ($0.20) returned to kano1313
kano1313 collected $0.04 from pot
*** SUMMARY ***
Total pot $0.04 | Rake $0 
Board [2d 7d 3s 4h 2s]
Seat 1: kano1313 (big blind) collected ($0.04)
Seat 2: serg197211 folded before Flop (didn't bet)
Seat 3: chechubolso folded before Flop (didn't bet)
Seat 4: dirtyolman folded before Flop (didn't bet)
Seat 5: Dorex2007 folded before Flop (didn't bet)
Seat 7: Chlodwig2701 (button) folded before Flop (didn't bet)
Seat 9: AsFernando1 (small blind) folded on the River



PokerStars Hand #231276401059:  Hold'em No Limit ($0.01/$0.02 USD) - 2021/11/09 14:44:27 PT [2021/11/09 17:44:27 ET]
Table 'Riviera II' 9-max Seat #9 is the button
Seat 1: kano1313 ($1.87 in chips) 
Seat 2: serg197211 ($3.13 in chips) 
Seat 3: chechubolso ($2 in chips) 
Seat 4: dirtyolman ($1.49 in chips) 
Seat 5: Dorex2007 ($2 in chips) 
Seat 7: Chlodwig2701 ($1.17 in chips) 
Seat 8: Javan_50 ($1.60 in chips) 
Seat 9: AsFernando1 ($1.88 in chips) 
kano1313: posts small blind $0.01
serg197211: posts big blind $0.02
Javan_50: posts big blind $0.02
*** HOLE CARDS ***
Dealt to Dorex2007 [Ks Qd]
chechubolso: folds 
dirtyolman: calls $0.02
Dorex2007: raises $0.04 to $0.06
Chlodwig2701: calls $0.06
Javan_50: folds 
AsFernando1: raises $0.04 to $0.10
kano1313: calls $0.09
serg197211: folds 
dirtyolman: folds 
Dorex2007: calls $0.04
Chlodwig2701: calls $0.04
*** FLOP *** [2s 3h 9c]
kano1313: checks 
Dorex2007: checks 
Chlodwig2701: bets $0.06
AsFernando1: calls $0.06
kano1313: calls $0.06
Dorex2007: folds 
*** TURN *** [2s 3h 9c] [5h]
kano1313: checks 
Chlodwig2701: bets $0.06
AsFernando1: calls $0.06
kano1313: raises $1.65 to $1.71 and is all-in
Chlodwig2701: folds 
AsFernando1: folds 
Uncalled bet ($1.65) returned to kano1313
kano1313 collected $0.79 from pot
*** SUMMARY ***
Total pot $0.82 | Rake $0.03 
Board [2s 3h 9c 5h]
Seat 1: kano1313 (small blind) collected ($0.79)
Seat 2: serg197211 (big blind) folded before Flop
Seat 3: chechubolso folded before Flop (didn't bet)
Seat 4: dirtyolman folded before Flop
Seat 5: Dorex2007 folded on the Flop
Seat 7: Chlodwig2701 folded on the Turn
Seat 8: Javan_50 folded before Flop (didn't bet)
Seat 9: AsFernando1 (button) folded on the Turn



PokerStars Hand #231276449343:  Hold'em No Limit ($0.01/$0.02 USD) - 2021/11/09 14:46:16 PT [2021/11/09 17:46:16 ET]
Table 'Riviera II' 9-max Seat #1 is the button
Seat 1: kano1313 ($2.44 in chips) 
Seat 2: serg197211 ($3.11 in chips) 
Seat 3: chechubolso ($2 in chips) 
Seat 4: dirtyolman ($1.47 in chips) 
Seat 5: Dorex2007 ($2 in chips) 
Seat 7: Chlodwig2701 ($0.95 in chips) 
Seat 8: Javan_50 ($1.58 in chips) 
Seat 9: AsFernando1 ($1.66 in chips) 
serg197211: posts small blind $0.01
chechubolso: posts big blind $0.02
*** HOLE CARDS ***
Dealt to Dorex2007 [8s 9h]
dirtyolman: calls $0.02
Dorex2007: folds 
Chlodwig2701: folds 
Javan_50: calls $0.02
AsFernando1: raises $0.04 to $0.06
kano1313: folds 
serg197211: folds 
chechubolso: folds 
dirtyolman: calls $0.04
Javan_50: folds 
*** FLOP *** [Jc 5s 6d]
dirtyolman: bets $0.02
AsFernando1: raises $0.06 to $0.08
dirtyolman: calls $0.06
*** TURN *** [Jc 5s 6d] [9d]
dirtyolman: bets $0.02
AsFernando1: raises $0.16 to $0.18
dirtyolman: raises $0.68 to $0.86
AsFernando1: calls $0.68
*** RIVER *** [Jc 5s 6d 9d] [Qs]
dirtyolman: bets $0.47 and is all-in
AsFernando1: calls $0.47
*** SHOW DOWN ***
dirtyolman: shows [8d 7d] (a straight, Five to Nine)
AsFernando1: shows [As Ad] (a pair of Aces)
dirtyolman collected $2.89 from pot
*** SUMMARY ***
Total pot $2.99 | Rake $0.10 
Board [Jc 5s 6d 9d Qs]
Seat 1: kano1313 (button) folded before Flop (didn't bet)
Seat 2: serg197211 (small blind) folded before Flop
Seat 3: chechubolso (big blind) folded before Flop
Seat 4: dirtyolman showed [8d 7d] and won ($2.89) with a straight, Five to Nine
Seat 5: Dorex2007 folded before Flop (didn't bet)
Seat 7: Chlodwig2701 folded before Flop (didn't bet)
Seat 8: Javan_50 folded before Flop
Seat 9: AsFernando1 showed [As Ad] and lost with a pair of Aces



PokerStars Hand #231276475369:  Hold'em No Limit ($0.01/$0.02 USD) - 2021/11/09 14:47:18 PT [2021/11/09 17:47:18 ET]
Table 'Riviera II' 9-max Seat #2 is the button
Seat 1: kano1313 ($2.44 in chips) 
Seat 2: serg197211 ($3.10 in chips) 
Seat 3: chechubolso ($2 in chips) 
Seat 4: dirtyolman ($2.89 in chips) 
Seat 5: Dorex2007 ($2 in chips) 
Seat 7: Chlodwig2701 ($0.95 in chips) 
Seat 8: Javan_50 ($1.56 in chips) 
Seat 9: AsFernando1 ($0.19 in chips) 
chechubolso: posts small blind $0.01
dirtyolman: posts big blind $0.02
*** HOLE CARDS ***
Dealt to Dorex2007 [4h 7h]
Dorex2007: folds 
Chlodwig2701: calls $0.02
Javan_50: calls $0.02
AsFernando1: raises $0.02 to $0.04
kano1313: folds 
serg197211: folds 
chechubolso: folds 
dirtyolman: folds 
Chlodwig2701: calls $0.02
Javan_50: calls $0.02
*** FLOP *** [Ts 3h Qs]
Chlodwig2701: bets $0.08
Javan_50: calls $0.08
AsFernando1: raises $0.07 to $0.15 and is all-in
Chlodwig2701: calls $0.07
Javan_50: calls $0.07
*** TURN *** [Ts 3h Qs] [As]
Chlodwig2701: bets $0.10
Javan_50: folds 
Uncalled bet ($0.10) returned to Chlodwig2701
*** RIVER *** [Ts 3h Qs As] [7c]
*** SHOW DOWN ***
Chlodwig2701: shows [Kh Tc] (a pair of Tens)
AsFernando1: shows [Th Ac] (two pair, Aces and Tens)
AsFernando1 collected $0.58 from pot
*** SUMMARY ***
Total pot $0.60 | Rake $0.02 
Board [Ts 3h Qs As 7c]
Seat 1: kano1313 folded before Flop (didn't bet)
Seat 2: serg197211 (button) folded before Flop (didn't bet)
Seat 3: chechubolso (small blind) folded before Flop
Seat 4: dirtyolman (big blind) folded before Flop
Seat 5: Dorex2007 folded before Flop (didn't bet)
Seat 7: Chlodwig2701 showed [Kh Tc] and lost with a pair of Tens
Seat 8: Javan_50 folded on the Turn
Seat 9: AsFernando1 showed [Th Ac] and won ($0.58) with two pair, Aces and Tens



PokerStars Hand #231276519567:  Hold'em No Limit ($0.01/$0.02 USD) - 2021/11/09 14:48:50 PT [2021/11/09 17:48:50 ET]
Table 'Riviera II' 9-max Seat #3 is the button
Seat 1: kano1313 ($2.44 in chips) 
Seat 2: serg197211 ($3.10 in chips) 
Seat 3: chechubolso ($2 in chips) 
Seat 4: dirtyolman ($2.87 in chips) 
Seat 5: Dorex2007 ($2 in chips) 
Seat 7: Chlodwig2701 ($0.76 in chips) 
Seat 8: Javan_50 ($1.37 in chips) 
Seat 9: AsFernando1 ($0.58 in chips) 
dirtyolman: posts small blind $0.01
Dorex2007: posts big blind $0.02
*** HOLE CARDS ***
Dealt to Dorex2007 [6s Ad]
Chlodwig2701: folds 
Javan_50: folds 
AsFernando1: folds 
kano1313: folds 
serg197211: folds 
chechubolso: raises $0.03 to $0.05
dirtyolman: folds 
Dorex2007: calls $0.03
*** FLOP *** [2s 2d 7c]
Dorex2007: checks 
chechubolso: checks 
*** TURN *** [2s 2d 7c] [5h]
Dorex2007: bets $0.11
chechubolso: folds 
Uncalled bet ($0.11) returned to Dorex2007
Dorex2007 collected $0.11 from pot
Dorex2007: doesn't show hand 
*** SUMMARY ***
Total pot $0.11 | Rake $0 
Board [2s 2d 7c 5h]
Seat 1: kano1313 folded before Flop (didn't bet)
Seat 2: serg197211 folded before Flop (didn't bet)
Seat 3: chechubolso (button) folded on the Turn
Seat 4: dirtyolman (small blind) folded before Flop
Seat 5: Dorex2007 (big blind) collected ($0.11)
Seat 7: Chlodwig2701 folded before Flop (didn't bet)
Seat 8: Javan_50 folded before Flop (didn't bet)
Seat 9: AsFernando1 folded before Flop (didn't bet)



PokerStars Hand #231276540383:  Hold'em No Limit ($0.01/$0.02 USD) - 2021/11/09 14:49:39 PT [2021/11/09 17:49:39 ET]
Table 'Riviera II' 9-max Seat #4 is the button
Seat 1: kano1313 ($2.44 in chips) 
Seat 2: serg197211 ($3.10 in chips) 
Seat 3: chechubolso ($2 in chips) 
Seat 4: dirtyolman ($2.86 in chips) 
Seat 5: Dorex2007 ($2.06 in chips) 
Seat 7: Chlodwig2701 ($0.76 in chips) 
Seat 8: Javan_50 ($1.37 in chips) 
Seat 9: AsFernando1 ($0.58 in chips) 
Dorex2007: posts small blind $0.01
Chlodwig2701: posts big blind $0.02
*** HOLE CARDS ***
Dealt to Dorex2007 [Ts Ac]
Javan_50: folds 
AsFernando1: calls $0.02
kano1313: calls $0.02
serg197211: folds 
chechubolso: folds 
dirtyolman: folds 
Dorex2007: calls $0.01
Chlodwig2701: checks 
*** FLOP *** [Ks 5h 4d]
Dorex2007: checks 
Chlodwig2701: checks 
AsFernando1: bets $0.06
kano1313: folds 
Dorex2007: folds 
Chlodwig2701: folds 
Uncalled bet ($0.06) returned to AsFernando1
AsFernando1 collected $0.08 from pot
AsFernando1: doesn't show hand 
*** SUMMARY ***
Total pot $0.08 | Rake $0 
Board [Ks 5h 4d]
Seat 1: kano1313 folded on the Flop
Seat 2: serg197211 folded before Flop (didn't bet)
Seat 3: chechubolso folded before Flop (didn't bet)
Seat 4: dirtyolman (button) folded before Flop (didn't bet)
Seat 5: Dorex2007 (small blind) folded on the Flop
Seat 7: Chlodwig2701 (big blind) folded on the Flop
Seat 8: Javan_50 folded before Flop (didn't bet)
Seat 9: AsFernando1 collected ($0.08)



PokerStars Hand #231276557502:  Hold'em No Limit ($0.01/$0.02 USD) - 2021/11/09 14:50:21 PT [2021/11/09 17:50:21 ET]
Table 'Riviera II' 9-max Seat #5 is the button
Seat 1: kano1313 ($2.42 in chips) 
Seat 2: serg197211 ($3.10 in chips) 
Seat 3: chechubolso ($2 in chips) 
Seat 4: dirtyolman ($2.86 in chips) 
Seat 5: Dorex2007 ($2.04 in chips) 
Seat 7: Chlodwig2701 ($0.74 in chips) 
Seat 8: Javan_50 ($1.37 in chips) 
Seat 9: AsFernando1 ($0.64 in chips) 
Chlodwig2701: posts small blind $0.01
Javan_50: posts big blind $0.02
*** HOLE CARDS ***
Dealt to Dorex2007 [4s 6d]
AsFernando1: folds 
kano1313: folds 
serg197211: raises $0.04 to $0.06
chechubolso: folds 
dirtyolman: calls $0.06
Dorex2007: folds 
Chlodwig2701: folds 
Javan_50: folds 
*** FLOP *** [2c 7d 6c]
serg197211: bets $0.07
dirtyolman: calls $0.07
*** TURN *** [2c 7d 6c] [Kd]
serg197211: checks 
dirtyolman: bets $0.14
serg197211: calls $0.14
*** RIVER *** [2c 7d 6c Kd] [8h]
serg197211: checks 
dirtyolman: checks 
*** SHOW DOWN ***
serg197211: shows [Qs Qh] (a pair of Queens)
dirtyolman: shows [As Ad] (a pair of Aces)
dirtyolman collected $0.55 from pot
*** SUMMARY ***
Total pot $0.57 | Rake $0.02 
Board [2c 7d 6c Kd 8h]
Seat 1: kano1313 folded before Flop (didn't bet)
Seat 2: serg197211 showed [Qs Qh] and lost with a pair of Queens
Seat 3: chechubolso folded before Flop (didn't bet)
Seat 4: dirtyolman showed [As Ad] and won ($0.55) with a pair of Aces
Seat 5: Dorex2007 (button) folded before Flop (didn't bet)
Seat 7: Chlodwig2701 (small blind) folded before Flop
Seat 8: Javan_50 (big blind) folded before Flop
Seat 9: AsFernando1 folded before Flop (didn't bet)



PokerStars Hand #231276582005:  Hold'em No Limit ($0.01/$0.02 USD) - 2021/11/09 14:51:19 PT [2021/11/09 17:51:19 ET]
Table 'Riviera II' 9-max Seat #7 is the button
Seat 1: kano1313 ($2.42 in chips) 
Seat 2: serg197211 ($2.83 in chips) 
Seat 3: chechubolso ($2 in chips) 
Seat 4: dirtyolman ($3.14 in chips) 
Seat 5: Dorex2007 ($2.04 in chips) 
Seat 7: Chlodwig2701 ($0.73 in chips) 
Seat 8: Javan_50 ($1.35 in chips) 
Seat 9: AsFernando1 ($0.64 in chips) 
Javan_50: posts small blind $0.01
AsFernando1: posts big blind $0.02
*** HOLE CARDS ***
Dealt to Dorex2007 [9c 4h]
kano1313: folds 
serg197211: folds 
chechubolso: folds 
dirtyolman: folds 
Dorex2007: folds 
Chlodwig2701: folds 
Javan_50: folds 
Uncalled bet ($0.01) returned to AsFernando1
AsFernando1 collected $0.02 from pot
AsFernando1: doesn't show hand 
*** SUMMARY ***
Total pot $0.02 | Rake $0 
Seat 1: kano1313 folded before Flop (didn't bet)
Seat 2: serg197211 folded before Flop (didn't bet)
Seat 3: chechubolso folded before Flop (didn't bet)
Seat 4: dirtyolman folded before Flop (didn't bet)
Seat 5: Dorex2007 folded before Flop (didn't bet)
Seat 7: Chlodwig2701 (button) folded before Flop (didn't bet)
Seat 8: Javan_50 (small blind) folded before Flop
Seat 9: AsFernando1 (big blind) collected ($0.02)



PokerStars Hand #231276585661:  Hold'em No Limit ($0.01/$0.02 USD) - 2021/11/09 14:51:28 PT [2021/11/09 17:51:28 ET]
Table 'Riviera II' 9-max Seat #8 is the button
Seat 1: kano1313 ($2.42 in chips) 
Seat 2: serg197211 ($2.83 in chips) 
Seat 3: chechubolso ($2 in chips) 
Seat 4: dirtyolman ($3.14 in chips) 
Seat 5: Dorex2007 ($2.04 in chips) 
Seat 7: Chlodwig2701 ($0.73 in chips) 
Seat 8: Javan_50 ($1.34 in chips) 
Seat 9: AsFernando1 ($0.65 in chips) 
AsFernando1: posts small blind $0.01
kano1313: posts big blind $0.02
*** HOLE CARDS ***
Dealt to Dorex2007 [8s 9s]
serg197211: folds 
chechubolso: folds 
dirtyolman: folds 
Dorex2007: raises $0.02 to $0.04
Chlodwig2701: folds 
Javan_50: calls $0.04
AsFernando1: calls $0.03
kano1313: folds 
*** FLOP *** [7h 3d 2s]
AsFernando1: checks 
Dorex2007: checks 
Javan_50: bets $1.30 and is all-in
AsFernando1: folds 
Dorex2007: folds 
Uncalled bet ($1.30) returned to Javan_50
Javan_50 collected $0.14 from pot
Javan_50: doesn't show hand 
*** SUMMARY ***
Total pot $0.14 | Rake $0 
Board [7h 3d 2s]
Seat 1: kano1313 (big blind) folded before Flop
Seat 2: serg197211 folded before Flop (didn't bet)
Seat 3: chechubolso folded before Flop (didn't bet)
Seat 4: dirtyolman folded before Flop (didn't bet)
Seat 5: Dorex2007 folded on the Flop
Seat 7: Chlodwig2701 folded before Flop (didn't bet)
Seat 8: Javan_50 (button) collected ($0.14)
Seat 9: AsFernando1 (small blind) folded on the Flop



PokerStars Hand #231276601780:  Hold'em No Limit ($0.01/$0.02 USD) - 2021/11/09 14:52:07 PT [2021/11/09 17:52:07 ET]
Table 'Riviera II' 9-max Seat #9 is the button
Seat 1: kano1313 ($2.40 in chips) 
Seat 2: serg197211 ($2.83 in chips) 
Seat 3: chechubolso ($2 in chips) 
Seat 4: dirtyolman ($3.14 in chips) 
Seat 5: Dorex2007 ($2 in chips) 
Seat 7: Chlodwig2701 ($0.73 in chips) 
Seat 8: Javan_50 ($1.44 in chips) 
Seat 9: AsFernando1 ($0.61 in chips) 
kano1313: posts small blind $0.01
serg197211: posts big blind $0.02
*** HOLE CARDS ***
Dealt to Dorex2007 [9d 7d]
chechubolso: folds 
dirtyolman: folds 
Dorex2007: folds 
Chlodwig2701: folds 
Javan_50: folds 
AsFernando1 has timed out
AsFernando1: folds 
kano1313: folds 
Uncalled bet ($0.01) returned to serg197211
serg197211 collected $0.02 from pot
serg197211: doesn't show hand 
*** SUMMARY ***
Total pot $0.02 | Rake $0 
Seat 1: kano1313 (small blind) folded before Flop
Seat 2: serg197211 (big blind) collected ($0.02)
Seat 3: chechubolso folded before Flop (didn't bet)
Seat 4: dirtyolman folded before Flop (didn't bet)
Seat 5: Dorex2007 folded before Flop (didn't bet)
Seat 7: Chlodwig2701 folded before Flop (didn't bet)
Seat 8: Javan_50 folded before Flop (didn't bet)
Seat 9: AsFernando1 (button) folded before Flop (didn't bet)



PokerStars Hand #231276611042:  Hold'em No Limit ($0.01/$0.02 USD) - 2021/11/09 14:52:29 PT [2021/11/09 17:52:29 ET]
Table 'Riviera II' 9-max Seat #1 is the button
Seat 1: kano1313 ($2.39 in chips) 
Seat 2: serg197211 ($2.84 in chips) 
Seat 3: chechubolso ($2 in chips) 
Seat 4: dirtyolman ($3.14 in chips) 
Seat 5: Dorex2007 ($2 in chips) 
Seat 7: Chlodwig2701 ($0.73 in chips) 
Seat 8: Javan_50 ($1.44 in chips) 
serg197211: posts small blind $0.01
chechubolso: posts big blind $0.02
*** HOLE CARDS ***
Dealt to Dorex2007 [2c Kd]
dirtyolman: folds 
Dorex2007: folds 
Chlodwig2701: folds 
Javan_50: folds 
kano1313: folds 
serg197211: folds 
Uncalled bet ($0.01) returned to chechubolso
chechubolso collected $0.02 from pot
chechubolso: doesn't show hand 
dirtyolman leaves the table
*** SUMMARY ***
Total pot $0.02 | Rake $0 
Seat 1: kano1313 (button) folded before Flop (didn't bet)
Seat 2: serg197211 (small blind) folded before Flop
Seat 3: chechubolso (big blind) collected ($0.02)
Seat 4: dirtyolman folded before Flop (didn't bet)
Seat 5: Dorex2007 folded before Flop (didn't bet)
Seat 7: Chlodwig2701 folded before Flop (didn't bet)
Seat 8: Javan_50 folded before Flop (didn't bet)



PokerStars Hand #231276616395:  Hold'em No Limit ($0.01/$0.02 USD) - 2021/11/09 14:52:42 PT [2021/11/09 17:52:42 ET]
Table 'Riviera II' 9-max Seat #2 is the button
Seat 1: kano1313 ($2.39 in chips) 
Seat 2: serg197211 ($2.83 in chips) 
Seat 3: chechubolso ($2.01 in chips) 
Seat 5: Dorex2007 ($2 in chips) 
Seat 7: Chlodwig2701 ($0.73 in chips) 
Seat 8: Javan_50 ($1.44 in chips) 
Seat 9: AsFernando1 ($0.61 in chips) 
chechubolso: posts small blind $0.01
Dorex2007: posts big blind $0.02
*** HOLE CARDS ***
Dealt to Dorex2007 [5h 6h]
Chlodwig2701: folds 
Javan_50: calls $0.02
AsFernando1: calls $0.02
kano1313: folds 
serg197211: folds 
chechubolso: folds 
Dorex2007: checks 
*** FLOP *** [4h As Qc]
Dorex2007: checks 
Javan_50: checks 
AsFernando1: checks 
*** TURN *** [4h As Qc] [Td]
Dorex2007: checks 
Javan_50: bets $0.08
AsFernando1: folds 
Dorex2007: folds 
Uncalled bet ($0.08) returned to Javan_50
Javan_50 collected $0.07 from pot
Javan_50: doesn't show hand 
*** SUMMARY ***
Total pot $0.07 | Rake $0 
Board [4h As Qc Td]
Seat 1: kano1313 folded before Flop (didn't bet)
Seat 2: serg197211 (button) folded before Flop (didn't bet)
Seat 3: chechubolso (small blind) folded before Flop
Seat 5: Dorex2007 (big blind) folded on the Turn
Seat 7: Chlodwig2701 folded before Flop (didn't bet)
Seat 8: Javan_50 collected ($0.07)
Seat 9: AsFernando1 folded on the Turn



PokerStars Hand #231276630683:  Hold'em No Limit ($0.01/$0.02 USD) - 2021/11/09 14:53:17 PT [2021/11/09 17:53:17 ET]
Table 'Riviera II' 9-max Seat #3 is the button
Seat 1: kano1313 ($2.39 in chips) 
Seat 2: serg197211 ($2.83 in chips) 
Seat 3: chechubolso ($2 in chips) 
Seat 5: Dorex2007 ($2 in chips) 
Seat 7: Chlodwig2701 ($0.73 in chips) 
Seat 8: Javan_50 ($1.49 in chips) 
Seat 9: AsFernando1 ($0.59 in chips) 
Dorex2007: posts small blind $0.01
Chlodwig2701: posts big blind $0.02
*** HOLE CARDS ***
Dealt to Dorex2007 [5d 4s]
Javan_50: folds 
AsFernando1: folds 
kano1313: folds 
serg197211: folds 
chechubolso: folds 
Dorex2007: raises $0.02 to $0.04
Chlodwig2701: folds 
Uncalled bet ($0.02) returned to Dorex2007
Dorex2007 collected $0.04 from pot
charley766 leaves the table
Dorex2007: doesn't show hand 
*** SUMMARY ***
Total pot $0.04 | Rake $0 
Seat 1: kano1313 folded before Flop (didn't bet)
Seat 2: serg197211 folded before Flop (didn't bet)
Seat 3: chechubolso (button) folded before Flop (didn't bet)
Seat 5: Dorex2007 (small blind) collected ($0.04)
Seat 7: Chlodwig2701 (big blind) folded before Flop
Seat 8: Javan_50 folded before Flop (didn't bet)
Seat 9: AsFernando1 folded before Flop (didn't bet)



PokerStars Hand #231276638626:  Hold'em No Limit ($0.01/$0.02 USD) - 2021/11/09 14:53:37 PT [2021/11/09 17:53:37 ET]
Table 'Riviera II' 9-max Seat #5 is the button
Seat 1: kano1313 ($2.39 in chips) 
Seat 2: serg197211 ($2.83 in chips) 
Seat 5: Dorex2007 ($2.02 in chips) 
Seat 7: Chlodwig2701 ($0.71 in chips) 
Seat 8: Javan_50 ($1.49 in chips) 
Seat 9: AsFernando1 ($0.59 in chips) 
Chlodwig2701: posts small blind $0.01
Javan_50: posts big blind $0.02
*** HOLE CARDS ***
Dealt to Dorex2007 [2c 4h]
chechubolso leaves the table
AsFernando1: folds 
kano1313: folds 
serg197211: folds 
Dorex2007: folds 
Chlodwig2701: folds 
Uncalled bet ($0.01) returned to Javan_50
Javan_50 collected $0.02 from pot
Javan_50: doesn't show hand 
*** SUMMARY ***
Total pot $0.02 | Rake $0 
Seat 1: kano1313 folded before Flop (didn't bet)
Seat 2: serg197211 folded before Flop (didn't bet)
Seat 5: Dorex2007 (button) folded before Flop (didn't bet)
Seat 7: Chlodwig2701 (small blind) folded before Flop
Seat 8: Javan_50 (big blind) collected ($0.02)
Seat 9: AsFernando1 folded before Flop (didn't bet)



PokerStars Hand #231276643241:  Hold'em No Limit ($0.01/$0.02 USD) - 2021/11/09 14:53:48 PT [2021/11/09 17:53:48 ET]
Table 'Riviera II' 9-max Seat #7 is the button
Seat 1: kano1313 ($2.39 in chips) 
Seat 2: serg197211 ($2.83 in chips) 
Seat 5: Dorex2007 ($2.02 in chips) 
Seat 7: Chlodwig2701 ($0.70 in chips) 
Seat 8: Javan_50 ($1.50 in chips) 
Seat 9: AsFernando1 ($0.59 in chips) 
Javan_50: posts small blind $0.01
AsFernando1: posts big blind $0.02
*** HOLE CARDS ***
Dealt to Dorex2007 [9s Jc]
kano1313: folds 
serg197211: folds 
Dorex2007: folds 
Chlodwig2701: calls $0.02
Javan_50: folds 
AsFernando1: checks 
*** FLOP *** [5s Qc 7s]
AsFernando1: checks 
Chlodwig2701: checks 
*** TURN *** [5s Qc 7s] [Jd]
AsFernando1: checks 
Chlodwig2701: checks 
*** RIVER *** [5s Qc 7s Jd] [2d]
AsFernando1: checks 
Chlodwig2701: checks 
*** SHOW DOWN ***
AsFernando1: shows [Kd 5h] (a pair of Fives)
Chlodwig2701: mucks hand 
AsFernando1 collected $0.05 from pot
*** SUMMARY ***
Total pot $0.05 | Rake $0 
Board [5s Qc 7s Jd 2d]
Seat 1: kano1313 folded before Flop (didn't bet)
Seat 2: serg197211 folded before Flop (didn't bet)
Seat 5: Dorex2007 folded before Flop (didn't bet)
Seat 7: Chlodwig2701 (button) mucked [Ah Tc]
Seat 8: Javan_50 (small blind) folded before Flop
Seat 9: AsFernando1 (big blind) showed [Kd 5h] and won ($0.05) with a pair of Fives



PokerStars Hand #231276657190:  Hold'em No Limit ($0.01/$0.02 USD) - 2021/11/09 14:54:22 PT [2021/11/09 17:54:22 ET]
Table 'Riviera II' 9-max Seat #8 is the button
Seat 1: kano1313 ($2.39 in chips) 
Seat 2: serg197211 ($2.83 in chips) 
Seat 5: Dorex2007 ($2.02 in chips) 
Seat 7: Chlodwig2701 ($0.68 in chips) 
Seat 8: Javan_50 ($1.49 in chips) 
Seat 9: AsFernando1 ($0.62 in chips) 
AsFernando1: posts small blind $0.01
kano1313: posts big blind $0.02
*** HOLE CARDS ***
Dealt to Dorex2007 [8c Kh]
serg197211: raises $0.04 to $0.06
Dorex2007: folds 
Chlodwig2701: folds 
Javan_50: raises $1.43 to $1.49 and is all-in
AsFernando1: calls $0.61 and is all-in
kano1313: folds 
serg197211: folds 
Uncalled bet ($0.87) returned to Javan_50
*** FLOP *** [Td 3s Qh]
*** TURN *** [Td 3s Qh] [8d]
*** RIVER *** [Td 3s Qh 8d] [8s]
*** SHOW DOWN ***
AsFernando1: shows [Ac Ah] (two pair, Aces and Eights)
Javan_50: shows [9d 9s] (two pair, Nines and Eights)
AsFernando1 collected $1.27 from pot
Javan_50 cashed out the hand for $0.25
*** SUMMARY ***
Total pot $1.32 | Rake $0.05 
Board [Td 3s Qh 8d 8s]
Seat 1: kano1313 (big blind) folded before Flop
Seat 2: serg197211 folded before Flop
Seat 5: Dorex2007 folded before Flop (didn't bet)
Seat 7: Chlodwig2701 folded before Flop (didn't bet)
Seat 8: Javan_50 (button) showed [9d 9s] and lost with two pair, Nines and Eights (cashed out).
Seat 9: AsFernando1 (small blind) showed [Ac Ah] and won ($1.27) with two pair, Aces and Eights



PokerStars Hand #231276682565:  Hold'em No Limit ($0.01/$0.02 USD) - 2021/11/09 14:55:03 PT [2021/11/09 17:55:03 ET]
Table 'Riviera II' 9-max Seat #9 is the button
Seat 1: kano1313 ($2.37 in chips) 
Seat 2: serg197211 ($2.77 in chips) 
Seat 5: Dorex2007 ($2.02 in chips) 
Seat 7: Chlodwig2701 ($0.68 in chips) 
Seat 8: Javan_50 ($1.12 in chips) 
Seat 9: AsFernando1 ($1.27 in chips) 
kano1313: posts small blind $0.01
serg197211: posts big blind $0.02
*** HOLE CARDS ***
Dealt to Dorex2007 [Qc 3d]
Dorex2007: folds 
Chlodwig2701: calls $0.02
Javan_50: folds 
AsFernando1: folds 
kano1313: folds 
serg197211: checks 
*** FLOP *** [7c Qs 4c]
serg197211: checks 
Chlodwig2701: checks 
*** TURN *** [7c Qs 4c] [Ts]
serg197211: checks 
Chlodwig2701: bets $0.06
serg197211: folds 
Uncalled bet ($0.06) returned to Chlodwig2701
Chlodwig2701 collected $0.05 from pot
*** SUMMARY ***
Total pot $0.05 | Rake $0 
Board [7c Qs 4c Ts]
Seat 1: kano1313 (small blind) folded before Flop
Seat 2: serg197211 (big blind) folded on the Turn
Seat 5: Dorex2007 folded before Flop (didn't bet)
Seat 7: Chlodwig2701 collected ($0.05)
Seat 8: Javan_50 folded before Flop (didn't bet)
Seat 9: AsFernando1 (button) folded before Flop (didn't bet)



