PokerStars Hand #225396084835:  Hold'em No Limit ($0.01/$0.02 USD) - 2021/04/01 11:09:24 PT [2021/04/01 14:09:24 ET]
Table 'Procyon II' 9-max Seat #3 is the button
Seat 1: pakihs ($1.49 in chips) 
Seat 2: infiniti888 ($0.93 in chips) 
Seat 3: AAB59 ($2.20 in chips) 
Seat 4: wovos ($2.96 in chips) 
Seat 5: Dorex2007 ($1.50 in chips) 
Seat 6: maxlanfraconi ($0.78 in chips) 
Seat 7: herkks ($2.69 in chips) 
Seat 8: martoud ($1.92 in chips) 
wovos: posts small blind $0.01
Dorex2007: posts big blind $0.02
*** HOLE CARDS ***
Dealt to Dorex2007 [Jh 8c]
maxlanfraconi: folds 
herkks: folds 
martoud: folds 
pakihs: folds 
DMC01194 said, "guess who's back"
infiniti888: folds 
AAB59: calls $0.02
wovos: folds 
Dorex2007: checks 
*** FLOP *** [Qh 4c Qd]
Dorex2007: checks 
AAB59: bets $0.04
Dorex2007: folds 
Uncalled bet ($0.04) returned to AAB59
AAB59 collected $0.05 from pot
AAB59: doesn't show hand 
*** SUMMARY ***
Total pot $0.05 | Rake $0 
Board [Qh 4c Qd]
Seat 1: pakihs folded before Flop (didn't bet)
Seat 2: infiniti888 folded before Flop (didn't bet)
Seat 3: AAB59 (button) collected ($0.05)
Seat 4: wovos (small blind) folded before Flop
Seat 5: Dorex2007 (big blind) folded on the Flop
Seat 6: maxlanfraconi folded before Flop (didn't bet)
Seat 7: herkks folded before Flop (didn't bet)
Seat 8: martoud folded before Flop (didn't bet)



PokerStars Hand #225396106019:  Hold'em No Limit ($0.01/$0.02 USD) - 2021/04/01 11:10:01 PT [2021/04/01 14:10:01 ET]
Table 'Procyon II' 9-max Seat #4 is the button
Seat 1: pakihs ($1.49 in chips) 
Seat 2: infiniti888 ($0.93 in chips) 
Seat 3: AAB59 ($2.23 in chips) 
Seat 4: wovos ($2.95 in chips) 
Seat 5: Dorex2007 ($1.48 in chips) 
Seat 6: maxlanfraconi ($0.78 in chips) 
Seat 7: herkks ($2.69 in chips) 
Seat 8: martoud ($1.92 in chips) 
Seat 9: DMC01194 ($0.80 in chips) 
Dorex2007: posts small blind $0.01
maxlanfraconi: posts big blind $0.02
*** HOLE CARDS ***
Dealt to Dorex2007 [Tc 9h]
herkks: folds 
martoud: raises $0.04 to $0.06
DMC01194: calls $0.06
pakihs: calls $0.06
infiniti888: folds 
AAB59: folds 
wovos: folds 
Dorex2007: folds 
maxlanfraconi: calls $0.04
*** FLOP *** [Ts 6s 3s]
maxlanfraconi: checks 
martoud: bets $0.12
DMC01194: calls $0.12
pakihs: folds 
maxlanfraconi: calls $0.12
*** TURN *** [Ts 6s 3s] [4s]
maxlanfraconi: checks 
martoud: checks 
DMC01194: bets $0.06
maxlanfraconi: folds 
martoud: folds 
Uncalled bet ($0.06) returned to DMC01194
DMC01194 collected $0.59 from pot
DMC01194: doesn't show hand 
*** SUMMARY ***
Total pot $0.61 | Rake $0.02 
Board [Ts 6s 3s 4s]
Seat 1: pakihs folded on the Flop
Seat 2: infiniti888 folded before Flop (didn't bet)
Seat 3: AAB59 folded before Flop (didn't bet)
Seat 4: wovos (button) folded before Flop (didn't bet)
Seat 5: Dorex2007 (small blind) folded before Flop
Seat 6: maxlanfraconi (big blind) folded on the Turn
Seat 7: herkks folded before Flop (didn't bet)
Seat 8: martoud folded on the Turn
Seat 9: DMC01194 collected ($0.59)



PokerStars Hand #225396142625:  Hold'em No Limit ($0.01/$0.02 USD) - 2021/04/01 11:11:05 PT [2021/04/01 14:11:05 ET]
Table 'Procyon II' 9-max Seat #5 is the button
Seat 1: pakihs ($1.43 in chips) 
Seat 2: infiniti888 ($0.93 in chips) 
Seat 3: AAB59 ($2.23 in chips) 
Seat 4: wovos ($2.95 in chips) 
Seat 5: Dorex2007 ($1.47 in chips) 
Seat 6: maxlanfraconi ($0.60 in chips) 
Seat 7: herkks ($2.69 in chips) 
Seat 8: martoud ($1.74 in chips) 
Seat 9: DMC01194 ($1.21 in chips) 
maxlanfraconi: posts small blind $0.01
herkks: posts big blind $0.02
*** HOLE CARDS ***
Dealt to Dorex2007 [4c Td]
martoud: folds 
DMC01194: raises $0.02 to $0.04
pakihs: folds 
infiniti888: folds 
AAB59: folds 
wovos: calls $0.04
Dorex2007: folds 
maxlanfraconi: calls $0.03
herkks: calls $0.02
*** FLOP *** [5d Kc Ks]
maxlanfraconi: checks 
herkks: checks 
DMC01194: checks 
wovos: checks 
*** TURN *** [5d Kc Ks] [6h]
maxlanfraconi: bets $0.08
herkks: folds 
DMC01194: folds 
wovos: folds 
Uncalled bet ($0.08) returned to maxlanfraconi
maxlanfraconi collected $0.15 from pot
maxlanfraconi: doesn't show hand 
*** SUMMARY ***
Total pot $0.16 | Rake $0.01 
Board [5d Kc Ks 6h]
Seat 1: pakihs folded before Flop (didn't bet)
Seat 2: infiniti888 folded before Flop (didn't bet)
Seat 3: AAB59 folded before Flop (didn't bet)
Seat 4: wovos folded on the Turn
Seat 5: Dorex2007 (button) folded before Flop (didn't bet)
Seat 6: maxlanfraconi (small blind) collected ($0.15)
Seat 7: herkks (big blind) folded on the Turn
Seat 8: martoud folded before Flop (didn't bet)
Seat 9: DMC01194 folded on the Turn



PokerStars Hand #225396182508:  Hold'em No Limit ($0.01/$0.02 USD) - 2021/04/01 11:12:14 PT [2021/04/01 14:12:14 ET]
Table 'Procyon II' 9-max Seat #6 is the button
Seat 1: pakihs ($1.43 in chips) 
Seat 2: infiniti888 ($0.93 in chips) 
Seat 3: AAB59 ($2.23 in chips) 
Seat 4: wovos ($2.91 in chips) 
Seat 5: Dorex2007 ($1.47 in chips) 
Seat 6: maxlanfraconi ($0.71 in chips) 
Seat 7: herkks ($2.65 in chips) 
Seat 8: martoud ($1.74 in chips) 
Seat 9: DMC01194 ($1.17 in chips) 
herkks: posts small blind $0.01
martoud: posts big blind $0.02
*** HOLE CARDS ***
Dealt to Dorex2007 [2h Ad]
DMC01194: calls $0.02
pakihs: folds 
infiniti888: folds 
AAB59: folds 
wovos: folds 
Dorex2007: folds 
maxlanfraconi: raises $0.04 to $0.06
herkks: folds 
martoud: folds 
DMC01194: calls $0.04
*** FLOP *** [2d 6h 5h]
DMC01194: bets $0.02
maxlanfraconi: raises $0.09 to $0.11
DMC01194: calls $0.09
*** TURN *** [2d 6h 5h] [As]
DMC01194: bets $0.06
maxlanfraconi: folds 
Uncalled bet ($0.06) returned to DMC01194
DMC01194 collected $0.36 from pot
DMC01194: doesn't show hand 
*** SUMMARY ***
Total pot $0.37 | Rake $0.01 
Board [2d 6h 5h As]
Seat 1: pakihs folded before Flop (didn't bet)
Seat 2: infiniti888 folded before Flop (didn't bet)
Seat 3: AAB59 folded before Flop (didn't bet)
Seat 4: wovos folded before Flop (didn't bet)
Seat 5: Dorex2007 folded before Flop (didn't bet)
Seat 6: maxlanfraconi (button) folded on the Turn
Seat 7: herkks (small blind) folded before Flop
Seat 8: martoud (big blind) folded before Flop
Seat 9: DMC01194 collected ($0.36)



PokerStars Hand #225396222972:  Hold'em No Limit ($0.01/$0.02 USD) - 2021/04/01 11:13:25 PT [2021/04/01 14:13:25 ET]
Table 'Procyon II' 9-max Seat #7 is the button
Seat 1: pakihs ($1.43 in chips) 
Seat 2: infiniti888 ($0.93 in chips) 
Seat 3: AAB59 ($2.23 in chips) 
Seat 4: wovos ($2.91 in chips) 
Seat 5: Dorex2007 ($1.47 in chips) 
Seat 6: maxlanfraconi ($0.54 in chips) 
Seat 7: herkks ($2.64 in chips) 
Seat 8: martoud ($1.72 in chips) 
Seat 9: DMC01194 ($1.36 in chips) 
martoud: posts small blind $0.01
DMC01194: posts big blind $0.02
*** HOLE CARDS ***
Dealt to Dorex2007 [Jh 6h]
pakihs: folds 
infiniti888: folds 
AAB59: folds 
wovos: folds 
Dorex2007: folds 
maxlanfraconi: folds 
herkks: folds 
martoud: raises $0.04 to $0.06
DMC01194: calls $0.04
*** FLOP *** [5h 8s Qh]
martoud: bets $0.06
DMC01194: calls $0.06
*** TURN *** [5h 8s Qh] [7h]
martoud: bets $0.12
DMC01194: calls $0.12
*** RIVER *** [5h 8s Qh 7h] [Td]
martoud: checks 
DMC01194: checks 
*** SHOW DOWN ***
martoud: shows [8h As] (a pair of Eights)
DMC01194: mucks hand 
martoud collected $0.46 from pot
*** SUMMARY ***
Total pot $0.48 | Rake $0.02 
Board [5h 8s Qh 7h Td]
Seat 1: pakihs folded before Flop (didn't bet)
Seat 2: infiniti888 folded before Flop (didn't bet)
Seat 3: AAB59 folded before Flop (didn't bet)
Seat 4: wovos folded before Flop (didn't bet)
Seat 5: Dorex2007 folded before Flop (didn't bet)
Seat 6: maxlanfraconi folded before Flop (didn't bet)
Seat 7: herkks (button) folded before Flop (didn't bet)
Seat 8: martoud (small blind) showed [8h As] and won ($0.46) with a pair of Eights
Seat 9: DMC01194 (big blind) mucked [Js Ks]



PokerStars Hand #225396257872:  Hold'em No Limit ($0.01/$0.02 USD) - 2021/04/01 11:14:26 PT [2021/04/01 14:14:26 ET]
Table 'Procyon II' 9-max Seat #8 is the button
Seat 1: pakihs ($1.43 in chips) 
Seat 2: infiniti888 ($0.93 in chips) 
Seat 3: AAB59 ($2.23 in chips) 
Seat 4: wovos ($2.91 in chips) 
Seat 5: Dorex2007 ($1.47 in chips) 
Seat 6: maxlanfraconi ($0.54 in chips) 
Seat 7: herkks ($2.64 in chips) 
Seat 8: martoud ($1.94 in chips) 
Seat 9: DMC01194 ($1.12 in chips) 
DMC01194: posts small blind $0.01
pakihs: posts big blind $0.02
*** HOLE CARDS ***
Dealt to Dorex2007 [2c 4s]
infiniti888: folds 
AAB59: folds 
wovos: folds 
Dorex2007: folds 
maxlanfraconi: calls $0.02
herkks: folds 
martoud: calls $0.02
DMC01194: calls $0.01
pakihs: raises $0.02 to $0.04
maxlanfraconi: calls $0.02
martoud: calls $0.02
DMC01194: calls $0.02
*** FLOP *** [8d 8h Kh]
DMC01194: bets $0.02
pakihs: folds 
maxlanfraconi: folds 
martoud: calls $0.02
*** TURN *** [8d 8h Kh] [Qc]
DMC01194: checks 
martoud: bets $0.10
DMC01194: calls $0.10
*** RIVER *** [8d 8h Kh Qc] [9h]
DMC01194: checks 
martoud: bets $0.20
DMC01194: raises $0.48 to $0.68
martoud: calls $0.48
*** SHOW DOWN ***
DMC01194: shows [8s 7s] (three of a kind, Eights)
martoud: shows [Qh 7h] (a flush, King high)
martoud collected $1.70 from pot
*** SUMMARY ***
Total pot $1.76 | Rake $0.06 
Board [8d 8h Kh Qc 9h]
Seat 1: pakihs (big blind) folded on the Flop
Seat 2: infiniti888 folded before Flop (didn't bet)
Seat 3: AAB59 folded before Flop (didn't bet)
Seat 4: wovos folded before Flop (didn't bet)
Seat 5: Dorex2007 folded before Flop (didn't bet)
Seat 6: maxlanfraconi folded on the Flop
Seat 7: herkks folded before Flop (didn't bet)
Seat 8: martoud (button) showed [Qh 7h] and won ($1.70) with a flush, King high
Seat 9: DMC01194 (small blind) showed [8s 7s] and lost with three of a kind, Eights



PokerStars Hand #225396317529:  Hold'em No Limit ($0.01/$0.02 USD) - 2021/04/01 11:16:10 PT [2021/04/01 14:16:10 ET]
Table 'Procyon II' 9-max Seat #9 is the button
Seat 1: pakihs ($1.39 in chips) 
Seat 2: infiniti888 ($0.93 in chips) 
Seat 3: AAB59 ($2.23 in chips) 
Seat 4: wovos ($2.91 in chips) 
Seat 5: Dorex2007 ($1.47 in chips) 
Seat 6: maxlanfraconi ($0.50 in chips) 
Seat 7: herkks ($2.64 in chips) 
Seat 8: martoud ($2.80 in chips) 
Seat 9: DMC01194 ($0.28 in chips) 
pakihs: posts small blind $0.01
infiniti888: posts big blind $0.02
*** HOLE CARDS ***
Dealt to Dorex2007 [Th Ad]
AAB59: folds 
wovos: folds 
Dorex2007: folds 
maxlanfraconi: folds 
herkks: folds 
martoud: folds 
DMC01194: calls $0.02
pakihs: calls $0.01
infiniti888: checks 
*** FLOP *** [4c 4h 5s]
pakihs: checks 
infiniti888: checks 
DMC01194: checks 
*** TURN *** [4c 4h 5s] [5d]
pakihs: checks 
infiniti888: checks 
DMC01194: checks 
*** RIVER *** [4c 4h 5s 5d] [Jh]
pakihs: checks 
infiniti888: checks 
DMC01194: checks 
*** SHOW DOWN ***
pakihs: shows [Ts 6h] (two pair, Fives and Fours)
infiniti888: shows [As 3d] (two pair, Fives and Fours - Ace kicker)
DMC01194: mucks hand 
infiniti888 collected $0.06 from pot
*** SUMMARY ***
Total pot $0.06 | Rake $0 
Board [4c 4h 5s 5d Jh]
Seat 1: pakihs (small blind) showed [Ts 6h] and lost with two pair, Fives and Fours
Seat 2: infiniti888 (big blind) showed [As 3d] and won ($0.06) with two pair, Fives and Fours
Seat 3: AAB59 folded before Flop (didn't bet)
Seat 4: wovos folded before Flop (didn't bet)
Seat 5: Dorex2007 folded before Flop (didn't bet)
Seat 6: maxlanfraconi folded before Flop (didn't bet)
Seat 7: herkks folded before Flop (didn't bet)
Seat 8: martoud folded before Flop (didn't bet)
Seat 9: DMC01194 (button) mucked [Kc 2h]



PokerStars Hand #225396397234:  Hold'em No Limit ($0.01/$0.02 USD) - 2021/04/01 11:18:28 PT [2021/04/01 14:18:28 ET]
Table 'Procyon II' 9-max Seat #2 is the button
Seat 1: pakihs ($1.37 in chips) 
Seat 2: infiniti888 ($0.96 in chips) 
Seat 3: AAB59 ($2.21 in chips) 
Seat 4: wovos ($2.91 in chips) 
Seat 5: Dorex2007 ($2 in chips) 
Seat 6: maxlanfraconi ($0.50 in chips) 
Seat 8: martoud ($2.80 in chips) 
Seat 9: DMC01194 ($0.27 in chips) 
AAB59: posts small blind $0.01
wovos: posts big blind $0.02
*** HOLE CARDS ***
Dealt to Dorex2007 [9h 9s]
Dorex2007: raises $0.04 to $0.06
maxlanfraconi: calls $0.06
martoud: folds 
DMC01194: calls $0.06
pakihs: calls $0.06
infiniti888: folds 
AAB59: folds 
wovos: folds 
*** FLOP *** [4s 6c 2c]
Dorex2007: bets $0.26
maxlanfraconi: folds 
DMC01194: calls $0.21 and is all-in
pakihs: calls $0.26
*** TURN *** [4s 6c 2c] [3d]
Dorex2007: bets $0.96
pakihs: raises $0.09 to $1.05 and is all-in
Dorex2007: calls $0.09
*** RIVER *** [4s 6c 2c 3d] [3c]
*** SHOW DOWN ***
Dorex2007: shows [9h 9s] (two pair, Nines and Threes)
pakihs: shows [5s 5d] (a straight, Deuce to Six)
pakihs collected $2.12 from side pot
DMC01194: shows [Tc 6s] (two pair, Sixes and Threes)
pakihs collected $0.87 from main pot
*** SUMMARY ***
Total pot $3.10 Main pot $0.87. Side pot $2.12. | Rake $0.11 
Board [4s 6c 2c 3d 3c]
Seat 1: pakihs showed [5s 5d] and won ($2.99) with a straight, Deuce to Six
Seat 2: infiniti888 (button) folded before Flop (didn't bet)
Seat 3: AAB59 (small blind) folded before Flop
Seat 4: wovos (big blind) folded before Flop
Seat 5: Dorex2007 showed [9h 9s] and lost with two pair, Nines and Threes
Seat 6: maxlanfraconi folded on the Flop
Seat 8: martoud folded before Flop (didn't bet)
Seat 9: DMC01194 showed [Tc 6s] and lost with two pair, Sixes and Threes



PokerStars Hand #225396445197:  Hold'em No Limit ($0.01/$0.02 USD) - 2021/04/01 11:19:36 PT [2021/04/01 14:19:36 ET]
Table 'Procyon II' 9-max Seat #3 is the button
Seat 1: pakihs ($2.99 in chips) 
Seat 2: infiniti888 ($0.96 in chips) 
Seat 3: AAB59 ($2.20 in chips) 
Seat 4: wovos ($2.89 in chips) 
Seat 5: Dorex2007 ($0.63 in chips) 
Seat 6: maxlanfraconi ($0.44 in chips) 
Seat 8: martoud ($2.80 in chips) 
wovos: posts small blind $0.01
Dorex2007: posts big blind $0.02
*** HOLE CARDS ***
Dealt to Dorex2007 [3d 7d]
maxlanfraconi: calls $0.02
DMC01194 is disconnected 
martoud: raises $0.04 to $0.06
pakihs: folds 
infiniti888: folds 
AAB59: folds 
wovos: folds 
Dorex2007: folds 
maxlanfraconi: calls $0.04
*** FLOP *** [Td 7h 3s]
maxlanfraconi: checks 
martoud: bets $0.10
maxlanfraconi: calls $0.10
*** TURN *** [Td 7h 3s] [Ad]
maxlanfraconi: checks 
martoud: checks 
*** RIVER *** [Td 7h 3s Ad] [4d]
maxlanfraconi: bets $0.17
martoud: folds 
Uncalled bet ($0.17) returned to maxlanfraconi
maxlanfraconi collected $0.34 from pot
maxlanfraconi: doesn't show hand 
*** SUMMARY ***
Total pot $0.35 | Rake $0.01 
Board [Td 7h 3s Ad 4d]
Seat 1: pakihs folded before Flop (didn't bet)
Seat 2: infiniti888 folded before Flop (didn't bet)
Seat 3: AAB59 (button) folded before Flop (didn't bet)
Seat 4: wovos (small blind) folded before Flop
Seat 5: Dorex2007 (big blind) folded before Flop
Seat 6: maxlanfraconi collected ($0.34)
Seat 8: martoud folded on the River



PokerStars Hand #225396477843:  Hold'em No Limit ($0.01/$0.02 USD) - 2021/04/01 11:20:32 PT [2021/04/01 14:20:32 ET]
Table 'Procyon II' 9-max Seat #4 is the button
Seat 1: pakihs ($2.99 in chips) 
Seat 2: infiniti888 ($0.96 in chips) 
Seat 3: AAB59 ($2.20 in chips) 
Seat 4: wovos ($2.88 in chips) 
Seat 5: Dorex2007 ($2 in chips) 
Seat 6: maxlanfraconi ($0.62 in chips) 
Seat 7: herkks ($2.64 in chips) 
Seat 8: martoud ($2.64 in chips) 
Dorex2007: posts small blind $0.01
maxlanfraconi: posts big blind $0.02
*** HOLE CARDS ***
Dealt to Dorex2007 [6d 9d]
herkks: folds 
martoud: raises $0.04 to $0.06
pakihs: folds 
infiniti888: folds 
AAB59: folds 
wovos: folds 
Dorex2007: folds 
maxlanfraconi: raises $0.12 to $0.18
martoud: calls $0.12
*** FLOP *** [9h 2s Ts]
maxlanfraconi: bets $0.36
martoud: folds 
Uncalled bet ($0.36) returned to maxlanfraconi
maxlanfraconi collected $0.36 from pot
maxlanfraconi: doesn't show hand 
*** SUMMARY ***
Total pot $0.37 | Rake $0.01 
Board [9h 2s Ts]
Seat 1: pakihs folded before Flop (didn't bet)
Seat 2: infiniti888 folded before Flop (didn't bet)
Seat 3: AAB59 folded before Flop (didn't bet)
Seat 4: wovos (button) folded before Flop (didn't bet)
Seat 5: Dorex2007 (small blind) folded before Flop
Seat 6: maxlanfraconi (big blind) collected ($0.36)
Seat 7: herkks folded before Flop (didn't bet)
Seat 8: martoud folded on the Flop



PokerStars Hand #225396520837:  Hold'em No Limit ($0.01/$0.02 USD) - 2021/04/01 11:21:47 PT [2021/04/01 14:21:47 ET]
Table 'Procyon II' 9-max Seat #5 is the button
Seat 1: pakihs ($2.99 in chips) 
Seat 2: infiniti888 ($0.96 in chips) 
Seat 3: AAB59 ($2.20 in chips) 
Seat 4: wovos ($2.88 in chips) 
Seat 5: Dorex2007 ($1.99 in chips) 
Seat 6: maxlanfraconi ($0.80 in chips) 
Seat 7: herkks ($2.64 in chips) 
Seat 8: martoud ($2.46 in chips) 
maxlanfraconi: posts small blind $0.01
herkks: posts big blind $0.02
*** HOLE CARDS ***
Dealt to Dorex2007 [9c Ad]
martoud: folds 
pakihs: folds 
infiniti888: folds 
AAB59: folds 
wovos: folds 
Dorex2007: raises $0.04 to $0.06
maxlanfraconi: folds 
herkks: calls $0.04
*** FLOP *** [Qs Td 6c]
herkks: checks 
Dorex2007: checks 
*** TURN *** [Qs Td 6c] [Qc]
herkks: checks 
Dorex2007: checks 
*** RIVER *** [Qs Td 6c Qc] [9d]
herkks: checks 
Dorex2007: bets $0.13
herkks: folds 
Uncalled bet ($0.13) returned to Dorex2007
Dorex2007 collected $0.13 from pot
Dorex2007: doesn't show hand 
*** SUMMARY ***
Total pot $0.13 | Rake $0 
Board [Qs Td 6c Qc 9d]
Seat 1: pakihs folded before Flop (didn't bet)
Seat 2: infiniti888 folded before Flop (didn't bet)
Seat 3: AAB59 folded before Flop (didn't bet)
Seat 4: wovos folded before Flop (didn't bet)
Seat 5: Dorex2007 (button) collected ($0.13)
Seat 6: maxlanfraconi (small blind) folded before Flop
Seat 7: herkks (big blind) folded on the River
Seat 8: martoud folded before Flop (didn't bet)



PokerStars Hand #225396546389:  Hold'em No Limit ($0.01/$0.02 USD) - 2021/04/01 11:22:31 PT [2021/04/01 14:22:31 ET]
Table 'Procyon II' 9-max Seat #6 is the button
Seat 1: pakihs ($2.99 in chips) 
Seat 2: infiniti888 ($0.96 in chips) 
Seat 3: AAB59 ($2.20 in chips) 
Seat 4: wovos ($2.88 in chips) 
Seat 5: Dorex2007 ($2.06 in chips) 
Seat 6: maxlanfraconi ($0.79 in chips) 
Seat 7: herkks ($2.58 in chips) 
Seat 8: martoud ($2.46 in chips) 
herkks: posts small blind $0.01
martoud: posts big blind $0.02
*** HOLE CARDS ***
Dealt to Dorex2007 [5s 4d]
pakihs: raises $0.02 to $0.04
infiniti888: folds 
AAB59: folds 
wovos: folds 
Dorex2007: folds 
maxlanfraconi: calls $0.04
herkks: folds 
martoud: calls $0.02
*** FLOP *** [7h Td 6h]
martoud: checks 
pakihs: bets $0.13
maxlanfraconi: calls $0.13
martoud: folds 
*** TURN *** [7h Td 6h] [Kh]
pakihs: checks 
maxlanfraconi: bets $0.19
pakihs: calls $0.19
*** RIVER *** [7h Td 6h Kh] [Js]
wovos leaves the table
pakihs: checks 
yjqian23 joins the table at seat #4 
maxlanfraconi: bets $0.10
pakihs: calls $0.10
*** SHOW DOWN ***
maxlanfraconi: shows [5d Jd] (a pair of Jacks)
pakihs: mucks hand 
maxlanfraconi collected $0.94 from pot
*** SUMMARY ***
Total pot $0.97 | Rake $0.03 
Board [7h Td 6h Kh Js]
Seat 1: pakihs mucked [Th 9d]
Seat 2: infiniti888 folded before Flop (didn't bet)
Seat 3: AAB59 folded before Flop (didn't bet)
Seat 4: wovos folded before Flop (didn't bet)
Seat 5: Dorex2007 folded before Flop (didn't bet)
Seat 6: maxlanfraconi (button) showed [5d Jd] and won ($0.94) with a pair of Jacks
Seat 7: herkks (small blind) folded before Flop
Seat 8: martoud (big blind) folded on the Flop



PokerStars Hand #225396602990:  Hold'em No Limit ($0.01/$0.02 USD) - 2021/04/01 11:24:09 PT [2021/04/01 14:24:09 ET]
Table 'Procyon II' 9-max Seat #7 is the button
Seat 1: pakihs ($2.53 in chips) 
Seat 2: infiniti888 ($0.96 in chips) 
Seat 3: AAB59 ($2.20 in chips) 
Seat 4: yjqian23 ($2 in chips) 
Seat 5: Dorex2007 ($2.06 in chips) 
Seat 6: maxlanfraconi ($1.27 in chips) 
Seat 7: herkks ($2.57 in chips) 
Seat 8: martoud ($2.42 in chips) 
martoud: posts small blind $0.01
pakihs: posts big blind $0.02
yjqian23: posts big blind $0.02
*** HOLE CARDS ***
Dealt to Dorex2007 [Ks 9h]
infiniti888: folds 
AAB59: folds 
yjqian23: checks 
Dorex2007: folds 
maxlanfraconi: calls $0.02
herkks: folds 
martoud: raises $0.04 to $0.06
pakihs: calls $0.04
yjqian23: folds 
maxlanfraconi: raises $0.20 to $0.26
martoud: calls $0.20
pakihs: calls $0.20
*** FLOP *** [Js 9s Qd]
martoud: checks 
pakihs: checks 
maxlanfraconi: bets $0.77
martoud: folds 
pakihs: raises $0.77 to $1.54
maxlanfraconi: calls $0.24 and is all-in
Uncalled bet ($0.53) returned to pakihs
*** TURN *** [Js 9s Qd] [Tc]
*** RIVER *** [Js 9s Qd Tc] [5d]
*** SHOW DOWN ***
pakihs: shows [Ts Jd] (two pair, Jacks and Tens)
maxlanfraconi: shows [Kh Kc] (a straight, Nine to King)
maxlanfraconi collected $2.72 from pot
pakihs cashed out the hand for $0.89 | Cash Out Fee $0.01
*** SUMMARY ***
Total pot $2.82 | Rake $0.10 
Board [Js 9s Qd Tc 5d]
Seat 1: pakihs (big blind) showed [Ts Jd] and lost with two pair, Jacks and Tens (cashed out).
Seat 2: infiniti888 folded before Flop (didn't bet)
Seat 3: AAB59 folded before Flop (didn't bet)
Seat 4: yjqian23 folded before Flop (didn't bet)
Seat 5: Dorex2007 folded before Flop (didn't bet)
Seat 6: maxlanfraconi showed [Kh Kc] and won ($2.72) with a straight, Nine to King
Seat 7: herkks (button) folded before Flop (didn't bet)
Seat 8: martoud (small blind) folded on the Flop



PokerStars Hand #225396659848:  Hold'em No Limit ($0.01/$0.02 USD) - 2021/04/01 11:25:47 PT [2021/04/01 14:25:47 ET]
Table 'Procyon II' 9-max Seat #8 is the button
Seat 1: pakihs ($2.15 in chips) 
Seat 2: infiniti888 ($0.96 in chips) 
Seat 3: AAB59 ($2.20 in chips) 
Seat 4: yjqian23 ($1.98 in chips) 
Seat 5: Dorex2007 ($2.06 in chips) 
Seat 6: maxlanfraconi ($2.72 in chips) 
Seat 7: herkks ($2.57 in chips) 
Seat 8: martoud ($2.16 in chips) 
pakihs: posts small blind $0.01
infiniti888: posts big blind $0.02
*** HOLE CARDS ***
Dealt to Dorex2007 [4d Jd]
AAB59: folds 
yjqian23: folds 
Dorex2007: folds 
maxlanfraconi: folds 
herkks: folds 
martoud: raises $0.04 to $0.06
pakihs: calls $0.05
infiniti888: calls $0.04
*** FLOP *** [Tc 3h 3d]
pakihs: checks 
infiniti888: checks 
martoud: checks 
*** TURN *** [Tc 3h 3d] [4c]
pakihs: checks 
infiniti888: checks 
martoud: bets $0.10
pakihs: calls $0.10
infiniti888: folds 
*** RIVER *** [Tc 3h 3d 4c] [7d]
pakihs: checks 
martoud: bets $0.20
pakihs: folds 
Uncalled bet ($0.20) returned to martoud
martoud collected $0.37 from pot
martoud: doesn't show hand 
*** SUMMARY ***
Total pot $0.38 | Rake $0.01 
Board [Tc 3h 3d 4c 7d]
Seat 1: pakihs (small blind) folded on the River
Seat 2: infiniti888 (big blind) folded on the Turn
Seat 3: AAB59 folded before Flop (didn't bet)
Seat 4: yjqian23 folded before Flop (didn't bet)
Seat 5: Dorex2007 folded before Flop (didn't bet)
Seat 6: maxlanfraconi folded before Flop (didn't bet)
Seat 7: herkks folded before Flop (didn't bet)
Seat 8: martoud (button) collected ($0.37)



PokerStars Hand #225396703281:  Hold'em No Limit ($0.01/$0.02 USD) - 2021/04/01 11:27:03 PT [2021/04/01 14:27:03 ET]
Table 'Procyon II' 9-max Seat #1 is the button
Seat 1: pakihs ($1.99 in chips) 
Seat 2: infiniti888 ($0.90 in chips) 
Seat 3: AAB59 ($2.20 in chips) 
Seat 4: yjqian23 ($1.98 in chips) 
Seat 5: Dorex2007 ($2.06 in chips) 
Seat 6: maxlanfraconi ($2.72 in chips) 
Seat 7: herkks ($2.57 in chips) 
Seat 8: martoud ($2.37 in chips) 
infiniti888: posts small blind $0.01
AAB59: posts big blind $0.02
*** HOLE CARDS ***
Dealt to Dorex2007 [5c Th]
yjqian23: folds 
Dorex2007: folds 
maxlanfraconi: folds 
herkks: folds 
martoud: folds 
pakihs: raises $0.02 to $0.04
infiniti888: calls $0.03
AAB59: calls $0.02
*** FLOP *** [8c Td 7c]
infiniti888: checks 
AAB59: checks 
pakihs: bets $0.06
infiniti888: calls $0.06
AAB59: calls $0.06
*** TURN *** [8c Td 7c] [2d]
infiniti888: checks 
AAB59: checks 
pakihs: checks 
*** RIVER *** [8c Td 7c 2d] [Qs]
infiniti888: checks 
AAB59: checks 
pakihs: bets $0.29
infiniti888: folds 
AAB59: folds 
Uncalled bet ($0.29) returned to pakihs
pakihs collected $0.29 from pot
pakihs: doesn't show hand 
*** SUMMARY ***
Total pot $0.30 | Rake $0.01 
Board [8c Td 7c 2d Qs]
Seat 1: pakihs (button) collected ($0.29)
Seat 2: infiniti888 (small blind) folded on the River
Seat 3: AAB59 (big blind) folded on the River
Seat 4: yjqian23 folded before Flop (didn't bet)
Seat 5: Dorex2007 folded before Flop (didn't bet)
Seat 6: maxlanfraconi folded before Flop (didn't bet)
Seat 7: herkks folded before Flop (didn't bet)
Seat 8: martoud folded before Flop (didn't bet)



PokerStars Hand #225396739639:  Hold'em No Limit ($0.01/$0.02 USD) - 2021/04/01 11:28:06 PT [2021/04/01 14:28:06 ET]
Table 'Procyon II' 9-max Seat #2 is the button
Seat 1: pakihs ($2.18 in chips) 
Seat 2: infiniti888 ($0.80 in chips) 
Seat 3: AAB59 ($2.10 in chips) 
Seat 5: Dorex2007 ($2.06 in chips) 
Seat 6: maxlanfraconi ($2.72 in chips) 
Seat 7: herkks ($2.57 in chips) 
Seat 8: martoud ($2.37 in chips) 
AAB59: posts small blind $0.01
yjqian23: is sitting out 
Dorex2007: posts big blind $0.02
*** HOLE CARDS ***
Dealt to Dorex2007 [8s Qd]
maxlanfraconi: folds 
herkks: raises $0.02 to $0.04
martoud: folds 
pakihs: folds 
infiniti888: calls $0.04
AAB59: calls $0.03
Dorex2007: folds 
*** FLOP *** [3d Th Ts]
AAB59: checks 
herkks: bets $0.07
infiniti888: folds 
AAB59: folds 
Uncalled bet ($0.07) returned to herkks
herkks collected $0.14 from pot
herkks: doesn't show hand 
*** SUMMARY ***
Total pot $0.14 | Rake $0 
Board [3d Th Ts]
Seat 1: pakihs folded before Flop (didn't bet)
Seat 2: infiniti888 (button) folded on the Flop
Seat 3: AAB59 (small blind) folded on the Flop
Seat 5: Dorex2007 (big blind) folded before Flop
Seat 6: maxlanfraconi folded before Flop (didn't bet)
Seat 7: herkks collected ($0.14)
Seat 8: martoud folded before Flop (didn't bet)



PokerStars Hand #225396765434:  Hold'em No Limit ($0.01/$0.02 USD) - 2021/04/01 11:28:50 PT [2021/04/01 14:28:50 ET]
Table 'Procyon II' 9-max Seat #3 is the button
Seat 1: pakihs ($2.18 in chips) 
Seat 2: infiniti888 ($0.76 in chips) 
Seat 3: AAB59 ($2.06 in chips) 
Seat 5: Dorex2007 ($2.04 in chips) 
Seat 6: maxlanfraconi ($2.72 in chips) 
Seat 7: herkks ($2.67 in chips) 
Seat 8: martoud ($2.37 in chips) 
Dorex2007: posts small blind $0.01
maxlanfraconi: posts big blind $0.02
*** HOLE CARDS ***
Dealt to Dorex2007 [Ad Jd]
herkks: folds 
martoud: folds 
pakihs: raises $0.02 to $0.04
infiniti888: calls $0.04
AAB59: folds 
Dorex2007: raises $0.10 to $0.14
maxlanfraconi: folds 
pakihs: calls $0.10
infiniti888: folds 
*** FLOP *** [5d 4s Ks]
Dorex2007: bets $0.22
pakihs: folds 
Uncalled bet ($0.22) returned to Dorex2007
Dorex2007 collected $0.33 from pot
Dorex2007: doesn't show hand 
*** SUMMARY ***
Total pot $0.34 | Rake $0.01 
Board [5d 4s Ks]
Seat 1: pakihs folded on the Flop
Seat 2: infiniti888 folded before Flop
Seat 3: AAB59 (button) folded before Flop (didn't bet)
Seat 5: Dorex2007 (small blind) collected ($0.33)
Seat 6: maxlanfraconi (big blind) folded before Flop
Seat 7: herkks folded before Flop (didn't bet)
Seat 8: martoud folded before Flop (didn't bet)



PokerStars Hand #225396790423:  Hold'em No Limit ($0.01/$0.02 USD) - 2021/04/01 11:29:34 PT [2021/04/01 14:29:34 ET]
Table 'Procyon II' 9-max Seat #5 is the button
Seat 1: pakihs ($2.04 in chips) 
Seat 2: infiniti888 ($0.72 in chips) 
Seat 3: AAB59 ($2.06 in chips) 
Seat 5: Dorex2007 ($2.23 in chips) 
Seat 6: maxlanfraconi ($2.70 in chips) 
Seat 7: herkks ($2.67 in chips) 
Seat 8: martoud ($2.37 in chips) 
maxlanfraconi: posts small blind $0.01
herkks: posts big blind $0.02
*** HOLE CARDS ***
Dealt to Dorex2007 [6s 8c]
martoud: folds 
pakihs: calls $0.02
DMC01194 leaves the table
infiniti888: folds 
AAB59: folds 
Dorex2007: folds 
maxlanfraconi: folds 
herkks: checks 
*** FLOP *** [3c Ah Ac]
xxxxxxxx_br joins the table at seat #9 
herkks: checks 
pakihs: bets $0.02
herkks: folds 
Uncalled bet ($0.02) returned to pakihs
pakihs collected $0.05 from pot
pakihs: doesn't show hand 
*** SUMMARY ***
Total pot $0.05 | Rake $0 
Board [3c Ah Ac]
Seat 1: pakihs collected ($0.05)
Seat 2: infiniti888 folded before Flop (didn't bet)
Seat 3: AAB59 folded before Flop (didn't bet)
Seat 5: Dorex2007 (button) folded before Flop (didn't bet)
Seat 6: maxlanfraconi (small blind) folded before Flop
Seat 7: herkks (big blind) folded on the Flop
Seat 8: martoud folded before Flop (didn't bet)



PokerStars Hand #225396815776:  Hold'em No Limit ($0.01/$0.02 USD) - 2021/04/01 11:30:01 PT [2021/04/01 14:30:01 ET]
Table 'Procyon II' 9-max Seat #6 is the button
Seat 1: pakihs ($2.07 in chips) 
Seat 2: infiniti888 ($0.72 in chips) 
Seat 3: AAB59 ($2.06 in chips) 
Seat 5: Dorex2007 ($2.23 in chips) 
Seat 6: maxlanfraconi ($2.69 in chips) 
Seat 7: herkks ($2.65 in chips) 
Seat 8: martoud ($2.37 in chips) 
herkks: posts small blind $0.01
martoud: posts big blind $0.02
xxxxxxxx_br: sits out 
*** HOLE CARDS ***
Dealt to Dorex2007 [9c 7d]
pakihs: raises $0.02 to $0.04
yjqian23 leaves the table
infiniti888: folds 
AAB59: folds 
Dorex2007: folds 
maxlanfraconi: calls $0.04
herkks: folds 
martoud: calls $0.02
*** FLOP *** [Kh 3h As]
troyano422 joins the table at seat #4 
martoud: checks 
pakihs: checks 
maxlanfraconi: checks 
*** TURN *** [Kh 3h As] [Tc]
martoud: bets $0.10
pakihs: folds 
maxlanfraconi: folds 
Uncalled bet ($0.10) returned to martoud
martoud collected $0.13 from pot
martoud: doesn't show hand 
*** SUMMARY ***
Total pot $0.13 | Rake $0 
Board [Kh 3h As Tc]
Seat 1: pakihs folded on the Turn
Seat 2: infiniti888 folded before Flop (didn't bet)
Seat 3: AAB59 folded before Flop (didn't bet)
Seat 5: Dorex2007 folded before Flop (didn't bet)
Seat 6: maxlanfraconi (button) folded on the Turn
Seat 7: herkks (small blind) folded before Flop
Seat 8: martoud (big blind) collected ($0.13)



PokerStars Hand #225396839955:  Hold'em No Limit ($0.01/$0.02 USD) - 2021/04/01 11:30:42 PT [2021/04/01 14:30:42 ET]
Table 'Procyon II' 9-max Seat #7 is the button
Seat 1: pakihs ($2.03 in chips) 
Seat 2: infiniti888 ($0.72 in chips) 
Seat 3: AAB59 ($2.06 in chips) 
Seat 4: troyano422 ($0.80 in chips) 
Seat 5: Dorex2007 ($2.23 in chips) 
Seat 6: maxlanfraconi ($2.65 in chips) 
Seat 7: herkks ($2.64 in chips) 
Seat 8: martoud ($2.46 in chips) 
Seat 9: xxxxxxxx_br ($0.80 in chips) 
martoud: posts small blind $0.01
xxxxxxxx_br: posts big blind $0.02
troyano422: posts big blind $0.02
*** HOLE CARDS ***
Dealt to Dorex2007 [2d 8h]
pakihs: folds 
infiniti888: folds 
pakihs leaves the table
AAB59: folds 
troyano422: raises $0.02 to $0.04
Dorex2007: folds 
LuffyGozaru joins the table at seat #1 
maxlanfraconi: calls $0.04
herkks: folds 
martoud: folds 
xxxxxxxx_br: calls $0.02
*** FLOP *** [4c 3s 3c]
martoud leaves the table
xxxxxxxx_br: bets $0.76 and is all-in
troyano422: folds 
maxlanfraconi: folds 
Uncalled bet ($0.76) returned to xxxxxxxx_br
xxxxxxxx_br collected $0.13 from pot
xxxxxxxx_br: doesn't show hand 
*** SUMMARY ***
Total pot $0.13 | Rake $0 
Board [4c 3s 3c]
Seat 1: pakihs folded before Flop (didn't bet)
Seat 2: infiniti888 folded before Flop (didn't bet)
Seat 3: AAB59 folded before Flop (didn't bet)
Seat 4: troyano422 folded on the Flop
Seat 5: Dorex2007 folded before Flop (didn't bet)
Seat 6: maxlanfraconi folded on the Flop
Seat 7: herkks (button) folded before Flop (didn't bet)
Seat 8: martoud (small blind) folded before Flop
Seat 9: xxxxxxxx_br (big blind) collected ($0.13)



PokerStars Hand #225396867200:  Hold'em No Limit ($0.01/$0.02 USD) - 2021/04/01 11:31:28 PT [2021/04/01 14:31:28 ET]
Table 'Procyon II' 9-max Seat #9 is the button
Seat 2: infiniti888 ($0.72 in chips) 
Seat 3: AAB59 ($2.06 in chips) 
Seat 4: troyano422 ($0.76 in chips) 
Seat 5: Dorex2007 ($2.23 in chips) 
Seat 6: maxlanfraconi ($2.61 in chips) 
Seat 7: herkks ($2.64 in chips) 
Seat 9: xxxxxxxx_br ($0.89 in chips) 
infiniti888: posts small blind $0.01
AAB59: posts big blind $0.02
*** HOLE CARDS ***
Dealt to Dorex2007 [3s 4d]
troyano422: raises $0.04 to $0.06
Dorex2007: folds 
maxlanfraconi: folds 
Zuban442 joins the table at seat #8 
herkks: raises $0.22 to $0.28
xxxxxxxx_br: folds 
infiniti888: folds 
AAB59: folds 
troyano422: raises $0.48 to $0.76 and is all-in
herkks: calls $0.48
*** FLOP *** [6d 2h Qc]
*** TURN *** [6d 2h Qc] [4c]
*** RIVER *** [6d 2h Qc 4c] [Jc]
*** SHOW DOWN ***
troyano422: shows [Qd Qh] (three of a kind, Queens)
herkks: shows [Ks Kc] (a pair of Kings)
troyano422 collected $1.50 from pot
herkks cashed out the hand for $1.20 | Cash Out Fee $0.01
*** SUMMARY ***
Total pot $1.55 | Rake $0.05 
Board [6d 2h Qc 4c Jc]
Seat 2: infiniti888 (small blind) folded before Flop
Seat 3: AAB59 (big blind) folded before Flop
Seat 4: troyano422 showed [Qd Qh] and won ($1.50) with three of a kind, Queens
Seat 5: Dorex2007 folded before Flop (didn't bet)
Seat 6: maxlanfraconi folded before Flop (didn't bet)
Seat 7: herkks showed [Ks Kc] and lost with a pair of Kings (cashed out).
Seat 9: xxxxxxxx_br (button) folded before Flop (didn't bet)



PokerStars Hand #225396895655:  Hold'em No Limit ($0.01/$0.02 USD) - 2021/04/01 11:32:16 PT [2021/04/01 14:32:16 ET]
Table 'Procyon II' 9-max Seat #2 is the button
Seat 2: infiniti888 ($0.71 in chips) 
Seat 3: AAB59 ($2.04 in chips) 
Seat 4: troyano422 ($1.50 in chips) 
Seat 5: Dorex2007 ($2.23 in chips) 
Seat 6: maxlanfraconi ($2.61 in chips) 
Seat 7: herkks ($3.08 in chips) 
Seat 8: Zuban442 ($1.60 in chips) 
Seat 9: xxxxxxxx_br ($0.89 in chips) 
AAB59: posts small blind $0.01
troyano422: posts big blind $0.02
Zuban442: posts big blind $0.02
LuffyGozaru: sits out 
*** HOLE CARDS ***
Dealt to Dorex2007 [Ac Ts]
Dorex2007: folds 
maxlanfraconi: calls $0.02
herkks: folds 
Zuban442: checks 
xxxxxxxx_br: folds 
infiniti888: raises $0.09 to $0.11
AAB59: folds 
troyano422: folds 
maxlanfraconi: calls $0.09
Zuban442: folds 
*** FLOP *** [Kc Tc Qh]
maxlanfraconi: checks 
infiniti888: bets $0.13
maxlanfraconi: calls $0.13
*** TURN *** [Kc Tc Qh] [5h]
maxlanfraconi: checks 
infiniti888: checks 
*** RIVER *** [Kc Tc Qh 5h] [8d]
maxlanfraconi: bets $0.26
infiniti888: calls $0.26
*** SHOW DOWN ***
maxlanfraconi: shows [Ah Jc] (a straight, Ten to Ace)
infiniti888: mucks hand 
maxlanfraconi collected $1.01 from pot
*** SUMMARY ***
Total pot $1.05 | Rake $0.04 
Board [Kc Tc Qh 5h 8d]
Seat 2: infiniti888 (button) mucked [Qd Ad]
Seat 3: AAB59 (small blind) folded before Flop
Seat 4: troyano422 (big blind) folded before Flop
Seat 5: Dorex2007 folded before Flop (didn't bet)
Seat 6: maxlanfraconi showed [Ah Jc] and won ($1.01) with a straight, Ten to Ace
Seat 7: herkks folded before Flop (didn't bet)
Seat 8: Zuban442 folded before Flop (didn't bet)
Seat 9: xxxxxxxx_br folded before Flop (didn't bet)



PokerStars Hand #225396929798:  Hold'em No Limit ($0.01/$0.02 USD) - 2021/04/01 11:33:14 PT [2021/04/01 14:33:14 ET]
Table 'Procyon II' 9-max Seat #3 is the button
Seat 2: infiniti888 ($0.21 in chips) 
Seat 3: AAB59 ($2.03 in chips) 
Seat 4: troyano422 ($1.48 in chips) 
Seat 5: Dorex2007 ($2.23 in chips) 
Seat 6: maxlanfraconi ($3.12 in chips) 
Seat 7: herkks ($3.08 in chips) 
Seat 8: Zuban442 ($1.58 in chips) 
Seat 9: xxxxxxxx_br ($0.89 in chips) 
troyano422: posts small blind $0.01
Dorex2007: posts big blind $0.02
LuffyGozaru: sits out 
*** HOLE CARDS ***
Dealt to Dorex2007 [5d 3s]
maxlanfraconi: folds 
herkks has timed out
herkks: folds 
Zuban442: folds 
xxxxxxxx_br: calls $0.02
infiniti888: folds 
AAB59: folds 
troyano422: raises $0.06 to $0.08
Dorex2007: folds 
xxxxxxxx_br: folds 
Uncalled bet ($0.06) returned to troyano422
troyano422 collected $0.06 from pot
troyano422: doesn't show hand 
*** SUMMARY ***
Total pot $0.06 | Rake $0 
Seat 2: infiniti888 folded before Flop (didn't bet)
Seat 3: AAB59 (button) folded before Flop (didn't bet)
Seat 4: troyano422 (small blind) collected ($0.06)
Seat 5: Dorex2007 (big blind) folded before Flop
Seat 6: maxlanfraconi folded before Flop (didn't bet)
Seat 7: herkks folded before Flop (didn't bet)
Seat 8: Zuban442 folded before Flop (didn't bet)
Seat 9: xxxxxxxx_br folded before Flop



PokerStars Hand #225396954019:  Hold'em No Limit ($0.01/$0.02 USD) - 2021/04/01 11:33:55 PT [2021/04/01 14:33:55 ET]
Table 'Procyon II' 9-max Seat #4 is the button
Seat 2: infiniti888 ($0.80 in chips) 
Seat 3: AAB59 ($2.03 in chips) 
Seat 4: troyano422 ($1.52 in chips) 
Seat 5: Dorex2007 ($2.21 in chips) 
Seat 6: maxlanfraconi ($3.12 in chips) 
Seat 7: herkks ($3.08 in chips) 
Seat 8: Zuban442 ($1.58 in chips) 
Seat 9: xxxxxxxx_br ($0.87 in chips) 
Dorex2007: posts small blind $0.01
maxlanfraconi: posts big blind $0.02
LuffyGozaru: sits out 
*** HOLE CARDS ***
Dealt to Dorex2007 [Kc 7h]
herkks: folds 
Zuban442: folds 
xxxxxxxx_br: folds 
infiniti888: calls $0.02
AAB59: folds 
troyano422: calls $0.02
Dorex2007: folds 
maxlanfraconi: checks 
*** FLOP *** [3c 9d 6d]
maxlanfraconi: checks 
infiniti888: checks 
troyano422: bets $0.02
maxlanfraconi: folds 
maxlanfraconi leaves the table
infiniti888: raises $0.02 to $0.04
wegbas joins the table at seat #6 
troyano422: raises $0.08 to $0.12
infiniti888: raises $0.08 to $0.20
wegbas leaves the table
WG8978 joins the table at seat #6 
troyano422: raises $0.54 to $0.74
infiniti888: raises $0.04 to $0.78 and is all-in
troyano422: calls $0.04
*** TURN *** [3c 9d 6d] [9s]
*** RIVER *** [3c 9d 6d 9s] [Tc]
*** SHOW DOWN ***
infiniti888: shows [3h 3d] (a full house, Threes full of Nines)
troyano422: shows [6h 6s] (a full house, Sixes full of Nines)
LuffyGozaru said, "hurts"
infiniti888 cashed out the hand for $0.14
troyano422 cashed out the hand for $1.42 | Cash Out Fee $0.01
*** SUMMARY ***
Total pot $1.63 | Rake $0.06 
Board [3c 9d 6d 9s Tc]
Seat 2: infiniti888 showed [3h 3d] and lost with a full house, Threes full of Nines (cashed out).
Seat 3: AAB59 folded before Flop (didn't bet)
Seat 4: troyano422 (button) showed [6h 6s] and won ($1.57) with a full house, Sixes full of Nines (pot not awarded as player cashed out)
Seat 5: Dorex2007 (small blind) folded before Flop
Seat 6: maxlanfraconi (big blind) folded on the Flop
Seat 7: herkks folded before Flop (didn't bet)
Seat 8: Zuban442 folded before Flop (didn't bet)
Seat 9: xxxxxxxx_br folded before Flop (didn't bet)



PokerStars Hand #225397007711:  Hold'em No Limit ($0.01/$0.02 USD) - 2021/04/01 11:35:25 PT [2021/04/01 14:35:25 ET]
Table 'Procyon II' 9-max Seat #5 is the button
Seat 2: infiniti888 ($0.14 in chips) 
Seat 3: AAB59 ($2.03 in chips) 
Seat 4: troyano422 ($2.14 in chips) 
Seat 5: Dorex2007 ($2.20 in chips) 
Seat 7: herkks ($3.08 in chips) 
Seat 8: Zuban442 ($1.58 in chips) 
Seat 9: xxxxxxxx_br ($0.87 in chips) 
herkks: posts small blind $0.01
Zuban442: posts big blind $0.02
LuffyGozaru: sits out 
*** HOLE CARDS ***
Dealt to Dorex2007 [Js 4h]
xxxxxxxx_br has timed out
xxxxxxxx_br: folds 
infiniti888: folds 
AAB59: folds 
troyano422: folds 
Dorex2007: folds 
herkks: calls $0.01
Zuban442: checks 
*** FLOP *** [Kc 6h Qs]
herkks: checks 
Zuban442: checks 
*** TURN *** [Kc 6h Qs] [7d]
herkks: checks 
Zuban442: checks 
*** RIVER *** [Kc 6h Qs 7d] [6c]
herkks: bets $0.04
Zuban442: folds 
Uncalled bet ($0.04) returned to herkks
herkks collected $0.04 from pot
herkks: doesn't show hand 
*** SUMMARY ***
Total pot $0.04 | Rake $0 
Board [Kc 6h Qs 7d 6c]
Seat 2: infiniti888 folded before Flop (didn't bet)
Seat 3: AAB59 folded before Flop (didn't bet)
Seat 4: troyano422 folded before Flop (didn't bet)
Seat 5: Dorex2007 (button) folded before Flop (didn't bet)
Seat 7: herkks (small blind) collected ($0.04)
Seat 8: Zuban442 (big blind) folded on the River
Seat 9: xxxxxxxx_br folded before Flop (didn't bet)



PokerStars Hand #225397050380:  Hold'em No Limit ($0.01/$0.02 USD) - 2021/04/01 11:36:37 PT [2021/04/01 14:36:37 ET]
Table 'Procyon II' 9-max Seat #7 is the button
Seat 2: infiniti888 ($0.80 in chips) 
Seat 3: AAB59 ($2.03 in chips) 
Seat 4: troyano422 ($2.14 in chips) 
Seat 5: Dorex2007 ($2.20 in chips) 
Seat 7: herkks ($3.10 in chips) 
Seat 8: Zuban442 ($1.56 in chips) 
Seat 9: xxxxxxxx_br ($0.87 in chips) 
Zuban442: posts small blind $0.01
xxxxxxxx_br: posts big blind $0.02
WG8978: sits out 
*** HOLE CARDS ***
Dealt to Dorex2007 [3c 8h]
infiniti888: folds 
AAB59: folds 
troyano422 has timed out
troyano422: folds 
Dorex2007: folds 
herkks: folds 
Zuban442: raises $0.02 to $0.04
xxxxxxxx_br: calls $0.02
*** FLOP *** [Ts Jc 9h]
Zuban442: checks 
xxxxxxxx_br: checks 
*** TURN *** [Ts Jc 9h] [2h]
Zuban442: checks 
xxxxxxxx_br: checks 
*** RIVER *** [Ts Jc 9h 2h] [Td]
Zuban442: bets $0.04
xxxxxxxx_br: folds 
Uncalled bet ($0.04) returned to Zuban442
Zuban442 collected $0.08 from pot
Zuban442: doesn't show hand 
*** SUMMARY ***
Total pot $0.08 | Rake $0 
Board [Ts Jc 9h 2h Td]
Seat 2: infiniti888 folded before Flop (didn't bet)
Seat 3: AAB59 folded before Flop (didn't bet)
Seat 4: troyano422 folded before Flop (didn't bet)
Seat 5: Dorex2007 folded before Flop (didn't bet)
Seat 7: herkks (button) folded before Flop (didn't bet)
Seat 8: Zuban442 (small blind) collected ($0.08)
Seat 9: xxxxxxxx_br (big blind) folded on the River



PokerStars Hand #225397099142:  Hold'em No Limit ($0.01/$0.02 USD) - 2021/04/01 11:37:59 PT [2021/04/01 14:37:59 ET]
Table 'Procyon II' 9-max Seat #8 is the button
Seat 2: infiniti888 ($0.80 in chips) 
Seat 3: AAB59 ($2.03 in chips) 
Seat 4: troyano422 ($2.14 in chips) 
Seat 5: Dorex2007 ($2.20 in chips) 
Seat 7: herkks ($3.10 in chips) 
Seat 8: Zuban442 ($1.60 in chips) 
Seat 9: xxxxxxxx_br ($0.83 in chips) 
xxxxxxxx_br: posts small blind $0.01
infiniti888: posts big blind $0.02
WG8978: sits out 
*** HOLE CARDS ***
Dealt to Dorex2007 [Ts 9d]
AAB59: folds 
troyano422: folds 
Dorex2007: folds 
herkks: folds 
Zuban442: folds 
xxxxxxxx_br: folds 
Uncalled bet ($0.01) returned to infiniti888
infiniti888 collected $0.02 from pot
infiniti888: doesn't show hand 
*** SUMMARY ***
Total pot $0.02 | Rake $0 
Seat 2: infiniti888 (big blind) collected ($0.02)
Seat 3: AAB59 folded before Flop (didn't bet)
Seat 4: troyano422 folded before Flop (didn't bet)
Seat 5: Dorex2007 folded before Flop (didn't bet)
Seat 7: herkks folded before Flop (didn't bet)
Seat 8: Zuban442 (button) folded before Flop (didn't bet)
Seat 9: xxxxxxxx_br (small blind) folded before Flop



PokerStars Hand #225397111171:  Hold'em No Limit ($0.01/$0.02 USD) - 2021/04/01 11:38:19 PT [2021/04/01 14:38:19 ET]
Table 'Procyon II' 9-max Seat #9 is the button
Seat 2: infiniti888 ($0.81 in chips) 
Seat 3: AAB59 ($2.03 in chips) 
Seat 4: troyano422 ($2.14 in chips) 
Seat 5: Dorex2007 ($2.20 in chips) 
Seat 7: herkks ($3.10 in chips) 
Seat 8: Zuban442 ($1.60 in chips) 
Seat 9: xxxxxxxx_br ($0.82 in chips) 
infiniti888: posts small blind $0.01
AAB59: posts big blind $0.02
WG8978: sits out 
*** HOLE CARDS ***
Dealt to Dorex2007 [Tc 3h]
troyano422: folds 
Dorex2007: folds 
herkks: folds 
Zuban442: folds 
xxxxxxxx_br: folds 
infiniti888: folds 
Uncalled bet ($0.01) returned to AAB59
AAB59 collected $0.02 from pot
AAB59: doesn't show hand 
*** SUMMARY ***
Total pot $0.02 | Rake $0 
Seat 2: infiniti888 (small blind) folded before Flop
Seat 3: AAB59 (big blind) collected ($0.02)
Seat 4: troyano422 folded before Flop (didn't bet)
Seat 5: Dorex2007 folded before Flop (didn't bet)
Seat 7: herkks folded before Flop (didn't bet)
Seat 8: Zuban442 folded before Flop (didn't bet)
Seat 9: xxxxxxxx_br (button) folded before Flop (didn't bet)



PokerStars Hand #225397127216:  Hold'em No Limit ($0.01/$0.02 USD) - 2021/04/01 11:38:46 PT [2021/04/01 14:38:46 ET]
Table 'Procyon II' 9-max Seat #2 is the button
Seat 2: infiniti888 ($0.80 in chips) 
Seat 3: AAB59 ($2.04 in chips) 
Seat 4: troyano422 ($2.14 in chips) 
Seat 5: Dorex2007 ($2.20 in chips) 
Seat 7: herkks ($3.10 in chips) 
Seat 8: Zuban442 ($1.60 in chips) 
Seat 9: xxxxxxxx_br ($0.82 in chips) 
AAB59: posts small blind $0.01
troyano422: posts big blind $0.02
WG8978: sits out 
*** HOLE CARDS ***
Dealt to Dorex2007 [9d Qc]
Dorex2007: folds 
herkks: folds 
Zuban442: folds 
xxxxxxxx_br: folds 
infiniti888: raises $0.07 to $0.09
AAB59: folds 
troyano422: folds 
Uncalled bet ($0.07) returned to infiniti888
infiniti888 collected $0.05 from pot
infiniti888: doesn't show hand 
*** SUMMARY ***
Total pot $0.05 | Rake $0 
Seat 2: infiniti888 (button) collected ($0.05)
Seat 3: AAB59 (small blind) folded before Flop
Seat 4: troyano422 (big blind) folded before Flop
Seat 5: Dorex2007 folded before Flop (didn't bet)
Seat 7: herkks folded before Flop (didn't bet)
Seat 8: Zuban442 folded before Flop (didn't bet)
Seat 9: xxxxxxxx_br folded before Flop (didn't bet)



PokerStars Hand #225397146714:  Hold'em No Limit ($0.01/$0.02 USD) - 2021/04/01 11:39:19 PT [2021/04/01 14:39:19 ET]
Table 'Procyon II' 9-max Seat #3 is the button
Seat 2: infiniti888 ($0.83 in chips) 
Seat 3: AAB59 ($2.03 in chips) 
Seat 4: troyano422 ($2.12 in chips) 
Seat 5: Dorex2007 ($2.20 in chips) 
Seat 7: herkks ($3.10 in chips) 
Seat 8: Zuban442 ($1.60 in chips) 
Seat 9: xxxxxxxx_br ($0.82 in chips) 
troyano422: posts small blind $0.01
Dorex2007: posts big blind $0.02
WG8978: sits out 
*** HOLE CARDS ***
Dealt to Dorex2007 [5s 9h]
herkks: folds 
Zuban442: folds 
xxxxxxxx_br: folds 
infiniti888: folds 
AAB59: folds 
troyano422: calls $0.01
Dorex2007: checks 
*** FLOP *** [3h 8c Jh]
troyano422: checks 
Dorex2007: checks 
*** TURN *** [3h 8c Jh] [As]
troyano422: checks 
Dorex2007: checks 
*** RIVER *** [3h 8c Jh As] [7d]
troyano422: checks 
Dorex2007: checks 
*** SHOW DOWN ***
troyano422: shows [7s Qd] (a pair of Sevens)
Dorex2007: mucks hand 
troyano422 collected $0.04 from pot
*** SUMMARY ***
Total pot $0.04 | Rake $0 
Board [3h 8c Jh As 7d]
Seat 2: infiniti888 folded before Flop (didn't bet)
Seat 3: AAB59 (button) folded before Flop (didn't bet)
Seat 4: troyano422 (small blind) showed [7s Qd] and won ($0.04) with a pair of Sevens
Seat 5: Dorex2007 (big blind) mucked [5s 9h]
Seat 7: herkks folded before Flop (didn't bet)
Seat 8: Zuban442 folded before Flop (didn't bet)
Seat 9: xxxxxxxx_br folded before Flop (didn't bet)



PokerStars Hand #225397180632:  Hold'em No Limit ($0.01/$0.02 USD) - 2021/04/01 11:40:16 PT [2021/04/01 14:40:16 ET]
Table 'Procyon II' 9-max Seat #4 is the button
Seat 2: infiniti888 ($0.83 in chips) 
Seat 3: AAB59 ($2.03 in chips) 
Seat 4: troyano422 ($2.14 in chips) 
Seat 5: Dorex2007 ($2.18 in chips) 
Seat 6: WG8978 ($2 in chips) 
Seat 7: herkks ($3.10 in chips) 
Seat 8: Zuban442 ($1.60 in chips) 
Seat 9: xxxxxxxx_br ($0.82 in chips) 
Dorex2007: posts small blind $0.01
WG8978: posts big blind $0.02
LuffyGozaru: sits out 
*** HOLE CARDS ***
Dealt to Dorex2007 [Qd 5h]
herkks: folds 
Zuban442: folds 
xxxxxxxx_br: folds 
infiniti888: folds 
AAB59: calls $0.02
troyano422: calls $0.02
Dorex2007: folds 
WG8978: checks 
*** FLOP *** [6d Jc Ac]
WG8978: checks 
AAB59: checks 
troyano422: bets $0.04
WG8978: folds 
AAB59: folds 
Uncalled bet ($0.04) returned to troyano422
troyano422 collected $0.07 from pot
troyano422: doesn't show hand 
*** SUMMARY ***
Total pot $0.07 | Rake $0 
Board [6d Jc Ac]
Seat 2: infiniti888 folded before Flop (didn't bet)
Seat 3: AAB59 folded on the Flop
Seat 4: troyano422 (button) collected ($0.07)
Seat 5: Dorex2007 (small blind) folded before Flop
Seat 6: WG8978 (big blind) folded on the Flop
Seat 7: herkks folded before Flop (didn't bet)
Seat 8: Zuban442 folded before Flop (didn't bet)
Seat 9: xxxxxxxx_br folded before Flop (didn't bet)



PokerStars Hand #225397209678:  Hold'em No Limit ($0.01/$0.02 USD) - 2021/04/01 11:41:04 PT [2021/04/01 14:41:04 ET]
Table 'Procyon II' 9-max Seat #5 is the button
Seat 2: infiniti888 ($0.83 in chips) 
Seat 3: AAB59 ($2.01 in chips) 
Seat 4: troyano422 ($2.19 in chips) 
Seat 5: Dorex2007 ($2.17 in chips) 
Seat 6: WG8978 ($2 in chips) 
Seat 7: herkks ($3.10 in chips) 
Seat 8: Zuban442 ($1.60 in chips) 
Seat 9: xxxxxxxx_br ($0.82 in chips) 
WG8978: posts small blind $0.01
herkks: posts big blind $0.02
LuffyGozaru: sits out 
*** HOLE CARDS ***
Dealt to Dorex2007 [6s Kh]
Zuban442: folds 
xxxxxxxx_br: folds 
infiniti888: raises $0.07 to $0.09
AAB59: folds 
troyano422: calls $0.09
Dorex2007: folds 
WG8978: folds 
herkks: folds 
*** FLOP *** [9s 4d 5c]
infiniti888: checks 
troyano422: bets $0.08
infiniti888: calls $0.08
*** TURN *** [9s 4d 5c] [8d]
infiniti888: checks 
troyano422: checks 
*** RIVER *** [9s 4d 5c 8d] [6d]
infiniti888: checks 
troyano422: checks 
*** SHOW DOWN ***
infiniti888: shows [Ks As] (high card Ace)
troyano422: shows [Tc 9c] (a pair of Nines)
troyano422 collected $0.36 from pot
*** SUMMARY ***
Total pot $0.37 | Rake $0.01 
Board [9s 4d 5c 8d 6d]
Seat 2: infiniti888 showed [Ks As] and lost with high card Ace
Seat 3: AAB59 folded before Flop (didn't bet)
Seat 4: troyano422 showed [Tc 9c] and won ($0.36) with a pair of Nines
Seat 5: Dorex2007 (button) folded before Flop (didn't bet)
Seat 6: WG8978 (small blind) folded before Flop
Seat 7: herkks (big blind) folded before Flop
Seat 8: Zuban442 folded before Flop (didn't bet)
Seat 9: xxxxxxxx_br folded before Flop (didn't bet)



PokerStars Hand #225397244560:  Hold'em No Limit ($0.01/$0.02 USD) - 2021/04/01 11:42:03 PT [2021/04/01 14:42:03 ET]
Table 'Procyon II' 9-max Seat #6 is the button
Seat 2: infiniti888 ($0.66 in chips) 
Seat 3: AAB59 ($2.01 in chips) 
Seat 4: troyano422 ($2.38 in chips) 
Seat 5: Dorex2007 ($2.17 in chips) 
Seat 6: WG8978 ($2 in chips) 
Seat 7: herkks ($3.08 in chips) 
Seat 8: Zuban442 ($1.60 in chips) 
Seat 9: xxxxxxxx_br ($0.82 in chips) 
herkks: posts small blind $0.01
Zuban442: posts big blind $0.02
LuffyGozaru: sits out 
*** HOLE CARDS ***
Dealt to Dorex2007 [3d Kc]
xxxxxxxx_br: folds 
infiniti888: folds 
AAB59: folds 
troyano422: folds 
Dorex2007: folds 
WG8978: folds 
herkks: calls $0.01
Zuban442: checks 
*** FLOP *** [Jd 8c Qc]
herkks: checks 
Zuban442: checks 
*** TURN *** [Jd 8c Qc] [4s]
herkks: checks 
Zuban442: bets $0.04
herkks: calls $0.04
*** RIVER *** [Jd 8c Qc 4s] [Js]
herkks: checks 
Zuban442: bets $0.12
herkks: folds 
Uncalled bet ($0.12) returned to Zuban442
Zuban442 collected $0.12 from pot
Zuban442: doesn't show hand 
*** SUMMARY ***
Total pot $0.12 | Rake $0 
Board [Jd 8c Qc 4s Js]
Seat 2: infiniti888 folded before Flop (didn't bet)
Seat 3: AAB59 folded before Flop (didn't bet)
Seat 4: troyano422 folded before Flop (didn't bet)
Seat 5: Dorex2007 folded before Flop (didn't bet)
Seat 6: WG8978 (button) folded before Flop (didn't bet)
Seat 7: herkks (small blind) folded on the River
Seat 8: Zuban442 (big blind) collected ($0.12)
Seat 9: xxxxxxxx_br folded before Flop (didn't bet)



PokerStars Hand #225397280947:  Hold'em No Limit ($0.01/$0.02 USD) - 2021/04/01 11:43:04 PT [2021/04/01 14:43:04 ET]
Table 'Procyon II' 9-max Seat #7 is the button
Seat 2: infiniti888 ($0.66 in chips) 
Seat 3: AAB59 ($2.01 in chips) 
Seat 4: troyano422 ($2.38 in chips) 
Seat 5: Dorex2007 ($2.17 in chips) 
Seat 6: WG8978 ($2 in chips) 
Seat 7: herkks ($3.02 in chips) 
Seat 8: Zuban442 ($1.66 in chips) 
Seat 9: xxxxxxxx_br ($0.82 in chips) 
Zuban442: posts small blind $0.01
xxxxxxxx_br: posts big blind $0.02
LuffyGozaru: sits out 
*** HOLE CARDS ***
Dealt to Dorex2007 [Ac 9d]
infiniti888: calls $0.02
AAB59: folds 
troyano422: calls $0.02
Dorex2007: folds 
WG8978: folds 
herkks: calls $0.02
Zuban442: folds 
xxxxxxxx_br: checks 
*** FLOP *** [Qd 3s Qs]
xxxxxxxx_br: checks 
infiniti888: checks 
troyano422: checks 
herkks: bets $0.06
xxxxxxxx_br: folds 
infiniti888: calls $0.06
troyano422: calls $0.06
*** TURN *** [Qd 3s Qs] [Tc]
infiniti888: checks 
troyano422: checks 
herkks: bets $0.13
infiniti888: raises $0.13 to $0.26
troyano422: folds 
herkks: folds 
Uncalled bet ($0.13) returned to infiniti888
infiniti888 collected $0.51 from pot
infiniti888: doesn't show hand 
*** SUMMARY ***
Total pot $0.53 | Rake $0.02 
Board [Qd 3s Qs Tc]
Seat 2: infiniti888 collected ($0.51)
Seat 3: AAB59 folded before Flop (didn't bet)
Seat 4: troyano422 folded on the Turn
Seat 5: Dorex2007 folded before Flop (didn't bet)
Seat 6: WG8978 folded before Flop (didn't bet)
Seat 7: herkks (button) folded on the Turn
Seat 8: Zuban442 (small blind) folded before Flop
Seat 9: xxxxxxxx_br (big blind) folded on the Flop



PokerStars Hand #225397351304:  Hold'em No Limit ($0.01/$0.02 USD) - 2021/04/01 11:45:01 PT [2021/04/01 14:45:01 ET]
Table 'Procyon II' 9-max Seat #8 is the button
Seat 1: LuffyGozaru ($2 in chips) 
Seat 2: infiniti888 ($0.96 in chips) 
Seat 3: AAB59 ($2.01 in chips) 
Seat 4: troyano422 ($2.30 in chips) 
Seat 5: Dorex2007 ($2.17 in chips) 
Seat 6: WG8978 ($2 in chips) 
Seat 7: herkks ($2.81 in chips) 
Seat 8: Zuban442 ($1.65 in chips) 
Seat 9: xxxxxxxx_br ($0.80 in chips) 
xxxxxxxx_br: posts small blind $0.01
LuffyGozaru: posts big blind $0.02
*** HOLE CARDS ***
Dealt to Dorex2007 [5h Tc]
infiniti888: folds 
AAB59: folds 
troyano422: folds 
Dorex2007: folds 
WG8978: folds 
herkks: folds 
Zuban442: folds 
xxxxxxxx_br: calls $0.01
LuffyGozaru: raises $0.04 to $0.06
xxxxxxxx_br: folds 
Uncalled bet ($0.04) returned to LuffyGozaru
LuffyGozaru collected $0.04 from pot
LuffyGozaru: doesn't show hand 
*** SUMMARY ***
Total pot $0.04 | Rake $0 
Seat 1: LuffyGozaru (big blind) collected ($0.04)
Seat 2: infiniti888 folded before Flop (didn't bet)
Seat 3: AAB59 folded before Flop (didn't bet)
Seat 4: troyano422 folded before Flop (didn't bet)
Seat 5: Dorex2007 folded before Flop (didn't bet)
Seat 6: WG8978 folded before Flop (didn't bet)
Seat 7: herkks folded before Flop (didn't bet)
Seat 8: Zuban442 (button) folded before Flop (didn't bet)
Seat 9: xxxxxxxx_br (small blind) folded before Flop



PokerStars Hand #225397376773:  Hold'em No Limit ($0.01/$0.02 USD) - 2021/04/01 11:45:43 PT [2021/04/01 14:45:43 ET]
Table 'Procyon II' 9-max Seat #9 is the button
Seat 1: LuffyGozaru ($2.02 in chips) 
Seat 2: infiniti888 ($0.96 in chips) 
Seat 3: AAB59 ($2.01 in chips) 
Seat 4: troyano422 ($2.30 in chips) 
Seat 5: Dorex2007 ($2.17 in chips) 
Seat 6: WG8978 ($2 in chips) 
Seat 7: herkks ($2.81 in chips) 
Seat 8: Zuban442 ($1.65 in chips) 
Seat 9: xxxxxxxx_br ($0.78 in chips) 
LuffyGozaru: posts small blind $0.01
infiniti888: posts big blind $0.02
*** HOLE CARDS ***
Dealt to Dorex2007 [4h 2h]
AAB59: folds 
troyano422: raises $0.04 to $0.06
Dorex2007: folds 
WG8978: folds 
herkks: folds 
Zuban442: folds 
xxxxxxxx_br: folds 
LuffyGozaru: folds 
infiniti888: folds 
Uncalled bet ($0.04) returned to troyano422
troyano422 collected $0.05 from pot
troyano422: doesn't show hand 
*** SUMMARY ***
Total pot $0.05 | Rake $0 
Seat 1: LuffyGozaru (small blind) folded before Flop
Seat 2: infiniti888 (big blind) folded before Flop
Seat 3: AAB59 folded before Flop (didn't bet)
Seat 4: troyano422 collected ($0.05)
Seat 5: Dorex2007 folded before Flop (didn't bet)
Seat 6: WG8978 folded before Flop (didn't bet)
Seat 7: herkks folded before Flop (didn't bet)
Seat 8: Zuban442 folded before Flop (didn't bet)
Seat 9: xxxxxxxx_br (button) folded before Flop (didn't bet)



PokerStars Hand #225397398139:  Hold'em No Limit ($0.01/$0.02 USD) - 2021/04/01 11:46:18 PT [2021/04/01 14:46:18 ET]
Table 'Procyon II' 9-max Seat #1 is the button
Seat 1: LuffyGozaru ($2.01 in chips) 
Seat 2: infiniti888 ($0.94 in chips) 
Seat 3: AAB59 ($2.01 in chips) 
Seat 4: troyano422 ($2.33 in chips) 
Seat 5: Dorex2007 ($2.17 in chips) 
Seat 6: WG8978 ($2 in chips) 
Seat 7: herkks ($2.81 in chips) 
Seat 8: Zuban442 ($1.65 in chips) 
Seat 9: xxxxxxxx_br ($0.78 in chips) 
infiniti888: posts small blind $0.01
AAB59: posts big blind $0.02
*** HOLE CARDS ***
Dealt to Dorex2007 [Jd Th]
troyano422: folds 
Dorex2007: folds 
WG8978: folds 
herkks: raises $0.02 to $0.04
Zuban442: calls $0.04
xxxxxxxx_br: calls $0.04
LuffyGozaru: folds 
infiniti888: folds 
AAB59: folds 
*** FLOP *** [3c 4d 7h]
herkks: bets $0.08
Zuban442: calls $0.08
xxxxxxxx_br: calls $0.08
*** TURN *** [3c 4d 7h] [Ah]
herkks: bets $0.20
Zuban442: calls $0.20
xxxxxxxx_br: folds 
*** RIVER *** [3c 4d 7h Ah] [3s]
herkks: checks 
Zuban442: bets $0.20
herkks: calls $0.20
*** SHOW DOWN ***
Zuban442: shows [Kh As] (two pair, Aces and Threes)
herkks: mucks hand 
Zuban442 collected $1.15 from pot
*** SUMMARY ***
Total pot $1.19 | Rake $0.04 
Board [3c 4d 7h Ah 3s]
Seat 1: LuffyGozaru (button) folded before Flop (didn't bet)
Seat 2: infiniti888 (small blind) folded before Flop
Seat 3: AAB59 (big blind) folded before Flop
Seat 4: troyano422 folded before Flop (didn't bet)
Seat 5: Dorex2007 folded before Flop (didn't bet)
Seat 6: WG8978 folded before Flop (didn't bet)
Seat 7: herkks mucked [8d 8c]
Seat 8: Zuban442 showed [Kh As] and won ($1.15) with two pair, Aces and Threes
Seat 9: xxxxxxxx_br folded on the Turn



PokerStars Hand #225397444231:  Hold'em No Limit ($0.01/$0.02 USD) - 2021/04/01 11:47:35 PT [2021/04/01 14:47:35 ET]
Table 'Procyon II' 9-max Seat #2 is the button
Seat 1: LuffyGozaru ($2.01 in chips) 
Seat 2: infiniti888 ($0.93 in chips) 
Seat 3: AAB59 ($2 in chips) 
Seat 4: troyano422 ($2.33 in chips) 
Seat 5: Dorex2007 ($2.17 in chips) 
Seat 6: WG8978 ($2 in chips) 
Seat 7: herkks ($2.29 in chips) 
Seat 8: Zuban442 ($2.28 in chips) 
Seat 9: xxxxxxxx_br ($0.66 in chips) 
AAB59: posts small blind $0.01
troyano422: posts big blind $0.02
*** HOLE CARDS ***
Dealt to Dorex2007 [5s Ts]
Dorex2007: folds 
WG8978: folds 
herkks: folds 
Zuban442: folds 
xxxxxxxx_br: raises $0.06 to $0.08
LuffyGozaru: folds 
infiniti888: folds 
AAB59: folds 
troyano422: folds 
Uncalled bet ($0.06) returned to xxxxxxxx_br
xxxxxxxx_br collected $0.05 from pot
xxxxxxxx_br: doesn't show hand 
*** SUMMARY ***
Total pot $0.05 | Rake $0 
Seat 1: LuffyGozaru folded before Flop (didn't bet)
Seat 2: infiniti888 (button) folded before Flop (didn't bet)
Seat 3: AAB59 (small blind) folded before Flop
Seat 4: troyano422 (big blind) folded before Flop
Seat 5: Dorex2007 folded before Flop (didn't bet)
Seat 6: WG8978 folded before Flop (didn't bet)
Seat 7: herkks folded before Flop (didn't bet)
Seat 8: Zuban442 folded before Flop (didn't bet)
Seat 9: xxxxxxxx_br collected ($0.05)



PokerStars Hand #225397471472:  Hold'em No Limit ($0.01/$0.02 USD) - 2021/04/01 11:48:20 PT [2021/04/01 14:48:20 ET]
Table 'Procyon II' 9-max Seat #3 is the button
Seat 1: LuffyGozaru ($2.01 in chips) 
Seat 2: infiniti888 ($0.93 in chips) 
Seat 3: AAB59 ($2 in chips) 
Seat 4: troyano422 ($2.31 in chips) 
Seat 5: Dorex2007 ($2.17 in chips) 
Seat 6: WG8978 ($2 in chips) 
Seat 7: herkks ($2.29 in chips) 
Seat 8: Zuban442 ($2.28 in chips) 
Seat 9: xxxxxxxx_br ($0.69 in chips) 
troyano422: posts small blind $0.01
Dorex2007: posts big blind $0.02
*** HOLE CARDS ***
Dealt to Dorex2007 [3s 2d]
WG8978: raises $0.02 to $0.04
herkks: folds 
Zuban442: folds 
xxxxxxxx_br: folds 
LuffyGozaru: folds 
infiniti888: folds 
AAB59: folds 
troyano422: folds 
Dorex2007: folds 
Uncalled bet ($0.02) returned to WG8978
WG8978 collected $0.05 from pot
WG8978: doesn't show hand 
*** SUMMARY ***
Total pot $0.05 | Rake $0 
Seat 1: LuffyGozaru folded before Flop (didn't bet)
Seat 2: infiniti888 folded before Flop (didn't bet)
Seat 3: AAB59 (button) folded before Flop (didn't bet)
Seat 4: troyano422 (small blind) folded before Flop
Seat 5: Dorex2007 (big blind) folded before Flop
Seat 6: WG8978 collected ($0.05)
Seat 7: herkks folded before Flop (didn't bet)
Seat 8: Zuban442 folded before Flop (didn't bet)
Seat 9: xxxxxxxx_br folded before Flop (didn't bet)



PokerStars Hand #225397494478:  Hold'em No Limit ($0.01/$0.02 USD) - 2021/04/01 11:48:58 PT [2021/04/01 14:48:58 ET]
Table 'Procyon II' 9-max Seat #4 is the button
Seat 1: LuffyGozaru ($2.01 in chips) 
Seat 2: infiniti888 ($0.93 in chips) 
Seat 3: AAB59 ($2 in chips) 
Seat 4: troyano422 ($2.30 in chips) 
Seat 5: Dorex2007 ($2.15 in chips) 
Seat 6: WG8978 ($2.03 in chips) 
Seat 7: herkks ($2.29 in chips) 
Seat 8: Zuban442 ($2.28 in chips) 
Seat 9: xxxxxxxx_br ($0.69 in chips) 
Dorex2007: posts small blind $0.01
WG8978: posts big blind $0.02
*** HOLE CARDS ***
Dealt to Dorex2007 [6c 2c]
herkks: folds 
Zuban442: folds 
xxxxxxxx_br: folds 
LuffyGozaru: folds 
infiniti888: folds 
AAB59: folds 
troyano422: calls $0.02
Dorex2007: folds 
WG8978: checks 
*** FLOP *** [9d Ah 4s]
WG8978: checks 
troyano422: checks 
*** TURN *** [9d Ah 4s] [8d]
WG8978: checks 
troyano422: bets $0.08
WG8978: folds 
Uncalled bet ($0.08) returned to troyano422
troyano422 collected $0.05 from pot
troyano422: doesn't show hand 
*** SUMMARY ***
Total pot $0.05 | Rake $0 
Board [9d Ah 4s 8d]
Seat 1: LuffyGozaru folded before Flop (didn't bet)
Seat 2: infiniti888 folded before Flop (didn't bet)
Seat 3: AAB59 folded before Flop (didn't bet)
Seat 4: troyano422 (button) collected ($0.05)
Seat 5: Dorex2007 (small blind) folded before Flop
Seat 6: WG8978 (big blind) folded on the Turn
Seat 7: herkks folded before Flop (didn't bet)
Seat 8: Zuban442 folded before Flop (didn't bet)
Seat 9: xxxxxxxx_br folded before Flop (didn't bet)



PokerStars Hand #225397524996:  Hold'em No Limit ($0.01/$0.02 USD) - 2021/04/01 11:49:48 PT [2021/04/01 14:49:48 ET]
Table 'Procyon II' 9-max Seat #5 is the button
Seat 1: LuffyGozaru ($2.01 in chips) 
Seat 2: infiniti888 ($0.93 in chips) 
Seat 3: AAB59 ($2 in chips) 
Seat 4: troyano422 ($2.33 in chips) 
Seat 5: Dorex2007 ($2.14 in chips) 
Seat 6: WG8978 ($2.01 in chips) 
Seat 7: herkks ($2.29 in chips) 
Seat 8: Zuban442 ($2.28 in chips) 
Seat 9: xxxxxxxx_br ($0.69 in chips) 
WG8978: posts small blind $0.01
herkks: posts big blind $0.02
*** HOLE CARDS ***
Dealt to Dorex2007 [4s 8c]
Zuban442: folds 
xxxxxxxx_br: calls $0.02
LuffyGozaru: folds 
infiniti888: folds 
AAB59: folds 
troyano422: folds 
Dorex2007: folds 
WG8978: folds 
herkks: checks 
*** FLOP *** [7c As 5c]
herkks: checks 
xxxxxxxx_br: bets $0.02
herkks: raises $0.09 to $0.11
xxxxxxxx_br: calls $0.09
*** TURN *** [7c As 5c] [2s]
herkks: bets $0.26
xxxxxxxx_br: calls $0.26
*** RIVER *** [7c As 5c 2s] [9d]
herkks: bets $0.38
xxxxxxxx_br: calls $0.30 and is all-in
Uncalled bet ($0.08) returned to herkks
*** SHOW DOWN ***
herkks: shows [5d Ac] (two pair, Aces and Fives)
xxxxxxxx_br: shows [Kh Ah] (a pair of Aces)
herkks collected $1.34 from pot
*** SUMMARY ***
Total pot $1.39 | Rake $0.05 
Board [7c As 5c 2s 9d]
Seat 1: LuffyGozaru folded before Flop (didn't bet)
Seat 2: infiniti888 folded before Flop (didn't bet)
Seat 3: AAB59 folded before Flop (didn't bet)
Seat 4: troyano422 folded before Flop (didn't bet)
Seat 5: Dorex2007 (button) folded before Flop (didn't bet)
Seat 6: WG8978 (small blind) folded before Flop
Seat 7: herkks (big blind) showed [5d Ac] and won ($1.34) with two pair, Aces and Fives
Seat 8: Zuban442 folded before Flop (didn't bet)
Seat 9: xxxxxxxx_br showed [Kh Ah] and lost with a pair of Aces



PokerStars Hand #225397564067:  Hold'em No Limit ($0.01/$0.02 USD) - 2021/04/01 11:50:53 PT [2021/04/01 14:50:53 ET]
Table 'Procyon II' 9-max Seat #6 is the button
Seat 1: LuffyGozaru ($2.01 in chips) 
Seat 2: infiniti888 ($0.93 in chips) 
Seat 3: AAB59 ($2 in chips) 
Seat 4: troyano422 ($2.33 in chips) 
Seat 5: Dorex2007 ($2.14 in chips) 
Seat 6: WG8978 ($2 in chips) 
Seat 7: herkks ($2.94 in chips) 
Seat 8: Zuban442 ($2.28 in chips) 
herkks: posts small blind $0.01
Zuban442: posts big blind $0.02
*** HOLE CARDS ***
Dealt to Dorex2007 [Kd 8d]
LuffyGozaru: folds 
infiniti888: calls $0.02
AAB59: raises $0.04 to $0.06
troyano422: folds 
Dorex2007: folds 
WG8978: folds 
herkks: folds 
Zuban442: calls $0.04
infiniti888: calls $0.04
*** FLOP *** [Tc Ad 6d]
Zuban442: checks 
infiniti888: checks 
AAB59: bets $0.06
Zuban442: calls $0.06
infiniti888: folds 
*** TURN *** [Tc Ad 6d] [4s]
Zuban442: checks 
AAB59: bets $0.10
Zuban442: folds 
Uncalled bet ($0.10) returned to AAB59
AAB59 collected $0.30 from pot
AAB59: doesn't show hand 
*** SUMMARY ***
Total pot $0.31 | Rake $0.01 
Board [Tc Ad 6d 4s]
Seat 1: LuffyGozaru folded before Flop (didn't bet)
Seat 2: infiniti888 folded on the Flop
Seat 3: AAB59 collected ($0.30)
Seat 4: troyano422 folded before Flop (didn't bet)
Seat 5: Dorex2007 folded before Flop (didn't bet)
Seat 6: WG8978 (button) folded before Flop (didn't bet)
Seat 7: herkks (small blind) folded before Flop
Seat 8: Zuban442 (big blind) folded on the Turn



PokerStars Hand #225397598618:  Hold'em No Limit ($0.01/$0.02 USD) - 2021/04/01 11:51:49 PT [2021/04/01 14:51:49 ET]
Table 'Procyon II' 9-max Seat #7 is the button
Seat 1: LuffyGozaru ($2.01 in chips) 
Seat 2: infiniti888 ($0.87 in chips) 
Seat 3: AAB59 ($2.18 in chips) 
Seat 4: troyano422 ($2.33 in chips) 
Seat 5: Dorex2007 ($2.14 in chips) 
Seat 6: WG8978 ($2 in chips) 
Seat 7: herkks ($2.93 in chips) 
Seat 8: Zuban442 ($2.16 in chips) 
Zuban442: posts small blind $0.01
LuffyGozaru: posts big blind $0.02
*** HOLE CARDS ***
Dealt to Dorex2007 [As 2c]
infiniti888: folds 
AAB59: folds 
troyano422: calls $0.02
Dorex2007: folds 
WG8978: folds 
herkks: folds 
Zuban442: calls $0.01
LuffyGozaru: checks 
*** FLOP *** [5c 5s 6d]
Zuban442: checks 
LuffyGozaru: bets $0.04
troyano422: folds 
Zuban442: folds 
Uncalled bet ($0.04) returned to LuffyGozaru
LuffyGozaru collected $0.06 from pot
LuffyGozaru: doesn't show hand 
*** SUMMARY ***
Total pot $0.06 | Rake $0 
Board [5c 5s 6d]
Seat 1: LuffyGozaru (big blind) collected ($0.06)
Seat 2: infiniti888 folded before Flop (didn't bet)
Seat 3: AAB59 folded before Flop (didn't bet)
Seat 4: troyano422 folded on the Flop
Seat 5: Dorex2007 folded before Flop (didn't bet)
Seat 6: WG8978 folded before Flop (didn't bet)
Seat 7: herkks (button) folded before Flop (didn't bet)
Seat 8: Zuban442 (small blind) folded on the Flop



PokerStars Hand #225397624749:  Hold'em No Limit ($0.01/$0.02 USD) - 2021/04/01 11:52:32 PT [2021/04/01 14:52:32 ET]
Table 'Procyon II' 9-max Seat #8 is the button
Seat 1: LuffyGozaru ($2.05 in chips) 
Seat 2: infiniti888 ($0.87 in chips) 
Seat 3: AAB59 ($2.18 in chips) 
Seat 4: troyano422 ($2.31 in chips) 
Seat 5: Dorex2007 ($2.14 in chips) 
Seat 6: WG8978 ($2 in chips) 
Seat 7: herkks ($2.93 in chips) 
Seat 8: Zuban442 ($2.14 in chips) 
LuffyGozaru: posts small blind $0.01
infiniti888: posts big blind $0.02
*** HOLE CARDS ***
Dealt to Dorex2007 [8h Ks]
AAB59: folds 
xxxxxxxx_br leaves the table
troyano422: folds 
Dorex2007: folds 
WG8978: raises $0.02 to $0.04
herkks: folds 
Zuban442: folds 
valterak joins the table at seat #9 
LuffyGozaru: folds 
infiniti888: folds 
Uncalled bet ($0.02) returned to WG8978
WG8978 collected $0.05 from pot
WG8978: doesn't show hand 
*** SUMMARY ***
Total pot $0.05 | Rake $0 
Seat 1: LuffyGozaru (small blind) folded before Flop
Seat 2: infiniti888 (big blind) folded before Flop
Seat 3: AAB59 folded before Flop (didn't bet)
Seat 4: troyano422 folded before Flop (didn't bet)
Seat 5: Dorex2007 folded before Flop (didn't bet)
Seat 6: WG8978 collected ($0.05)
Seat 7: herkks folded before Flop (didn't bet)
Seat 8: Zuban442 (button) folded before Flop (didn't bet)



PokerStars Hand #225397641187:  Hold'em No Limit ($0.01/$0.02 USD) - 2021/04/01 11:52:59 PT [2021/04/01 14:52:59 ET]
Table 'Procyon II' 9-max Seat #1 is the button
Seat 1: LuffyGozaru ($2.04 in chips) 
Seat 2: infiniti888 ($0.85 in chips) 
Seat 3: AAB59 ($2.18 in chips) 
Seat 4: troyano422 ($2.31 in chips) 
Seat 5: Dorex2007 ($2.14 in chips) 
Seat 6: WG8978 ($2.03 in chips) 
Seat 7: herkks ($2.93 in chips) 
Seat 8: Zuban442 ($2.14 in chips) 
Seat 9: valterak ($2 in chips) 
infiniti888: posts small blind $0.01
AAB59: posts big blind $0.02
valterak: posts big blind $0.02
*** HOLE CARDS ***
Dealt to Dorex2007 [Qh 9s]
troyano422: folds 
Dorex2007: folds 
WG8978: folds 
herkks: folds 
Zuban442: folds 
valterak: checks 
LuffyGozaru: folds 
infiniti888: calls $0.01
AAB59: checks 
*** FLOP *** [6s 4h 8s]
infiniti888: checks 
AAB59: checks 
valterak: bets $0.03
infiniti888: folds 
AAB59: calls $0.03
*** TURN *** [6s 4h 8s] [Th]
AAB59: checks 
valterak: bets $0.12
AAB59: calls $0.12
*** RIVER *** [6s 4h 8s Th] [8d]
AAB59: checks 
valterak: checks 
*** SHOW DOWN ***
AAB59: shows [Tc 9h] (two pair, Tens and Eights)
valterak: mucks hand 
AAB59 collected $0.35 from pot
*** SUMMARY ***
Total pot $0.36 | Rake $0.01 
Board [6s 4h 8s Th 8d]
Seat 1: LuffyGozaru (button) folded before Flop (didn't bet)
Seat 2: infiniti888 (small blind) folded on the Flop
Seat 3: AAB59 (big blind) showed [Tc 9h] and won ($0.35) with two pair, Tens and Eights
Seat 4: troyano422 folded before Flop (didn't bet)
Seat 5: Dorex2007 folded before Flop (didn't bet)
Seat 6: WG8978 folded before Flop (didn't bet)
Seat 7: herkks folded before Flop (didn't bet)
Seat 8: Zuban442 folded before Flop (didn't bet)
Seat 9: valterak mucked [Td 4d]



PokerStars Hand #225397683681:  Hold'em No Limit ($0.01/$0.02 USD) - 2021/04/01 11:53:58 PT [2021/04/01 14:53:58 ET]
Table 'Procyon II' 9-max Seat #2 is the button
Seat 1: LuffyGozaru ($2.04 in chips) 
Seat 2: infiniti888 ($0.83 in chips) 
Seat 3: AAB59 ($2.36 in chips) 
Seat 4: troyano422 ($2.31 in chips) 
Seat 5: Dorex2007 ($2.14 in chips) 
Seat 6: WG8978 ($2.03 in chips) 
Seat 7: herkks ($2.93 in chips) 
Seat 8: Zuban442 ($2.14 in chips) 
Seat 9: valterak ($1.83 in chips) 
AAB59: posts small blind $0.01
troyano422: posts big blind $0.02
*** HOLE CARDS ***
Dealt to Dorex2007 [Ad Ac]
Dorex2007: raises $0.04 to $0.06
WG8978: folds 
herkks: folds 
Zuban442: folds 
valterak: folds 
LuffyGozaru: folds 
infiniti888: folds 
AAB59: folds 
troyano422: calls $0.04
*** FLOP *** [5h Kc 8h]
troyano422: bets $0.06
Dorex2007: calls $0.06
*** TURN *** [5h Kc 8h] [8c]
troyano422: bets $0.06
Dorex2007: calls $0.06
*** RIVER *** [5h Kc 8h 8c] [Ts]
troyano422: checks 
Dorex2007: bets $0.18
troyano422: calls $0.18
*** SHOW DOWN ***
Dorex2007: shows [Ad Ac] (two pair, Aces and Eights)
troyano422: mucks hand 
Dorex2007 collected $0.70 from pot
*** SUMMARY ***
Total pot $0.73 | Rake $0.03 
Board [5h Kc 8h 8c Ts]
Seat 1: LuffyGozaru folded before Flop (didn't bet)
Seat 2: infiniti888 (button) folded before Flop (didn't bet)
Seat 3: AAB59 (small blind) folded before Flop
Seat 4: troyano422 (big blind) mucked [9h 9d]
Seat 5: Dorex2007 showed [Ad Ac] and won ($0.70) with two pair, Aces and Eights
Seat 6: WG8978 folded before Flop (didn't bet)
Seat 7: herkks folded before Flop (didn't bet)
Seat 8: Zuban442 folded before Flop (didn't bet)
Seat 9: valterak folded before Flop (didn't bet)



PokerStars Hand #225397727778:  Hold'em No Limit ($0.01/$0.02 USD) - 2021/04/01 11:55:10 PT [2021/04/01 14:55:10 ET]
Table 'Procyon II' 9-max Seat #3 is the button
Seat 1: LuffyGozaru ($2.04 in chips) 
Seat 2: infiniti888 ($0.83 in chips) 
Seat 3: AAB59 ($2.35 in chips) 
Seat 4: troyano422 ($1.95 in chips) 
Seat 5: Dorex2007 ($2.48 in chips) 
Seat 6: WG8978 ($2.03 in chips) 
Seat 7: herkks ($2.93 in chips) 
Seat 8: Zuban442 ($2.14 in chips) 
Seat 9: valterak ($1.83 in chips) 
troyano422: posts small blind $0.01
Dorex2007: posts big blind $0.02
*** HOLE CARDS ***
Dealt to Dorex2007 [Js Kd]
WG8978: folds 
herkks: folds 
Zuban442: folds 
valterak: folds 
LuffyGozaru: folds 
infiniti888: raises $0.07 to $0.09
AAB59: folds 
troyano422: folds 
Dorex2007: folds 
Uncalled bet ($0.07) returned to infiniti888
infiniti888 collected $0.05 from pot
infiniti888: doesn't show hand 
*** SUMMARY ***
Total pot $0.05 | Rake $0 
Seat 1: LuffyGozaru folded before Flop (didn't bet)
Seat 2: infiniti888 collected ($0.05)
Seat 3: AAB59 (button) folded before Flop (didn't bet)
Seat 4: troyano422 (small blind) folded before Flop
Seat 5: Dorex2007 (big blind) folded before Flop
Seat 6: WG8978 folded before Flop (didn't bet)
Seat 7: herkks folded before Flop (didn't bet)
Seat 8: Zuban442 folded before Flop (didn't bet)
Seat 9: valterak folded before Flop (didn't bet)



PokerStars Hand #225397739516:  Hold'em No Limit ($0.01/$0.02 USD) - 2021/04/01 11:55:36 PT [2021/04/01 14:55:36 ET]
Table 'Procyon II' 9-max Seat #4 is the button
Seat 1: LuffyGozaru ($2.04 in chips) 
Seat 2: infiniti888 ($0.86 in chips) 
Seat 3: AAB59 ($2.35 in chips) 
Seat 4: troyano422 ($1.94 in chips) 
Seat 5: Dorex2007 ($2.46 in chips) 
Seat 6: WG8978 ($2.03 in chips) 
Seat 7: herkks ($2.93 in chips) 
Seat 8: Zuban442 ($2.14 in chips) 
Seat 9: valterak ($1.83 in chips) 
Dorex2007: posts small blind $0.01
WG8978: posts big blind $0.02
*** HOLE CARDS ***
Dealt to Dorex2007 [Jd Ks]
herkks: folds 
Zuban442: folds 
valterak: folds 
LuffyGozaru: folds 
infiniti888: folds 
AAB59: folds 
troyano422: folds 
Dorex2007: calls $0.01
WG8978: checks 
*** FLOP *** [7s Kh 3d]
Dorex2007: checks 
WG8978: bets $0.04
Dorex2007: raises $0.06 to $0.10
WG8978: folds 
Uncalled bet ($0.06) returned to Dorex2007
Dorex2007 collected $0.12 from pot
Dorex2007: doesn't show hand 
*** SUMMARY ***
Total pot $0.12 | Rake $0 
Board [7s Kh 3d]
Seat 1: LuffyGozaru folded before Flop (didn't bet)
Seat 2: infiniti888 folded before Flop (didn't bet)
Seat 3: AAB59 folded before Flop (didn't bet)
Seat 4: troyano422 (button) folded before Flop (didn't bet)
Seat 5: Dorex2007 (small blind) collected ($0.12)
Seat 6: WG8978 (big blind) folded on the Flop
Seat 7: herkks folded before Flop (didn't bet)
Seat 8: Zuban442 folded before Flop (didn't bet)
Seat 9: valterak folded before Flop (didn't bet)



PokerStars Hand #225397762412:  Hold'em No Limit ($0.01/$0.02 USD) - 2021/04/01 11:56:27 PT [2021/04/01 14:56:27 ET]
Table 'Procyon II' 9-max Seat #5 is the button
Seat 1: LuffyGozaru ($2.04 in chips) 
Seat 2: infiniti888 ($0.86 in chips) 
Seat 3: AAB59 ($2.35 in chips) 
Seat 4: troyano422 ($1.94 in chips) 
Seat 5: Dorex2007 ($2.52 in chips) 
Seat 6: WG8978 ($2 in chips) 
Seat 7: herkks ($2.93 in chips) 
Seat 8: Zuban442 ($2.14 in chips) 
Seat 9: valterak ($1.83 in chips) 
WG8978: posts small blind $0.01
herkks: posts big blind $0.02
*** HOLE CARDS ***
Dealt to Dorex2007 [Ts 7c]
Zuban442: folds 
valterak: folds 
LuffyGozaru: folds 
infiniti888: folds 
AAB59: folds 
troyano422: calls $0.02
Dorex2007: folds 
WG8978: calls $0.01
herkks: checks 
*** FLOP *** [7d 3h 6s]
WG8978: checks 
herkks: checks 
troyano422: checks 
*** TURN *** [7d 3h 6s] [3c]
WG8978: bets $0.03
herkks: folds 
troyano422: calls $0.03
*** RIVER *** [7d 3h 6s 3c] [2c]
WG8978: checks 
troyano422: checks 
*** SHOW DOWN ***
WG8978: shows [9d 6c] (two pair, Sixes and Threes)
troyano422: mucks hand 
WG8978 collected $0.12 from pot
*** SUMMARY ***
Total pot $0.12 | Rake $0 
Board [7d 3h 6s 3c 2c]
Seat 1: LuffyGozaru folded before Flop (didn't bet)
Seat 2: infiniti888 folded before Flop (didn't bet)
Seat 3: AAB59 folded before Flop (didn't bet)
Seat 4: troyano422 mucked [Kh 5h]
Seat 5: Dorex2007 (button) folded before Flop (didn't bet)
Seat 6: WG8978 (small blind) showed [9d 6c] and won ($0.12) with two pair, Sixes and Threes
Seat 7: herkks (big blind) folded on the Turn
Seat 8: Zuban442 folded before Flop (didn't bet)
Seat 9: valterak folded before Flop (didn't bet)



PokerStars Hand #225397796765:  Hold'em No Limit ($0.01/$0.02 USD) - 2021/04/01 11:57:44 PT [2021/04/01 14:57:44 ET]
Table 'Procyon II' 9-max Seat #6 is the button
Seat 1: LuffyGozaru ($2.04 in chips) 
Seat 2: infiniti888 ($0.86 in chips) 
Seat 3: AAB59 ($2.35 in chips) 
Seat 4: troyano422 ($1.89 in chips) 
Seat 5: Dorex2007 ($2.52 in chips) 
Seat 6: WG8978 ($2.07 in chips) 
Seat 7: herkks ($2.91 in chips) 
Seat 8: Zuban442 ($2.14 in chips) 
Seat 9: valterak ($1.83 in chips) 
herkks: posts small blind $0.01
Zuban442: posts big blind $0.02
*** HOLE CARDS ***
Dealt to Dorex2007 [Td 4s]
valterak: folds 
LuffyGozaru: raises $0.04 to $0.06
infiniti888: calls $0.06
AAB59: folds 
troyano422: calls $0.06
Dorex2007: folds 
WG8978: folds 
herkks: folds 
Zuban442: raises $0.25 to $0.31
LuffyGozaru: folds 
infiniti888: raises $0.55 to $0.86 and is all-in
troyano422: folds 
Zuban442: calls $0.55
infiniti888 has timed out
*** FLOP *** [Jd 7d 4h]
*** TURN *** [Jd 7d 4h] [3d]
*** RIVER *** [Jd 7d 4h 3d] [6c]
*** SHOW DOWN ***
Zuban442: shows [Qd Qs] (a pair of Queens)
infiniti888: shows [Jc Js] (three of a kind, Jacks)
infiniti888 collected $1.79 from pot
*** SUMMARY ***
Total pot $1.85 | Rake $0.06 
Board [Jd 7d 4h 3d 6c]
Seat 1: LuffyGozaru folded before Flop
Seat 2: infiniti888 showed [Jc Js] and won ($1.79) with three of a kind, Jacks
Seat 3: AAB59 folded before Flop (didn't bet)
Seat 4: troyano422 folded before Flop
Seat 5: Dorex2007 folded before Flop (didn't bet)
Seat 6: WG8978 (button) folded before Flop (didn't bet)
Seat 7: herkks (small blind) folded before Flop
Seat 8: Zuban442 (big blind) showed [Qd Qs] and lost with a pair of Queens
Seat 9: valterak folded before Flop (didn't bet)



PokerStars Hand #225397822384:  Hold'em No Limit ($0.01/$0.02 USD) - 2021/04/01 11:58:41 PT [2021/04/01 14:58:41 ET]
Table 'Procyon II' 9-max Seat #7 is the button
Seat 1: LuffyGozaru ($2 in chips) 
Seat 2: infiniti888 ($1.79 in chips) 
Seat 3: AAB59 ($2.35 in chips) 
Seat 4: troyano422 ($1.83 in chips) 
Seat 5: Dorex2007 ($2.52 in chips) 
Seat 6: WG8978 ($2.07 in chips) 
Seat 7: herkks ($2.90 in chips) 
Seat 8: Zuban442 ($1.28 in chips) 
Seat 9: valterak ($1.83 in chips) 
Zuban442: posts small blind $0.01
valterak: posts big blind $0.02
*** HOLE CARDS ***
Dealt to Dorex2007 [9d Qs]
LuffyGozaru: folds 
infiniti888 has timed out
infiniti888: folds 
AAB59: folds 
troyano422: folds 
Dorex2007: folds 
WG8978: raises $0.04 to $0.06
herkks: folds 
Zuban442: calls $0.05
valterak: folds 
*** FLOP *** [8s 8c 5c]
Zuban442: checks 
WG8978: bets $0.07
Zuban442: folds 
Uncalled bet ($0.07) returned to WG8978
WG8978 collected $0.14 from pot
WG8978: doesn't show hand 
*** SUMMARY ***
Total pot $0.14 | Rake $0 
Board [8s 8c 5c]
Seat 1: LuffyGozaru folded before Flop (didn't bet)
Seat 2: infiniti888 folded before Flop (didn't bet)
Seat 3: AAB59 folded before Flop (didn't bet)
Seat 4: troyano422 folded before Flop (didn't bet)
Seat 5: Dorex2007 folded before Flop (didn't bet)
Seat 6: WG8978 collected ($0.14)
Seat 7: herkks (button) folded before Flop (didn't bet)
Seat 8: Zuban442 (small blind) folded on the Flop
Seat 9: valterak (big blind) folded before Flop



PokerStars Hand #225397840806:  Hold'em No Limit ($0.01/$0.02 USD) - 2021/04/01 11:59:22 PT [2021/04/01 14:59:22 ET]
Table 'Procyon II' 9-max Seat #8 is the button
Seat 1: LuffyGozaru ($2 in chips) 
Seat 2: infiniti888 ($1.79 in chips) 
Seat 3: AAB59 ($2.35 in chips) 
Seat 4: troyano422 ($1.83 in chips) 
Seat 5: Dorex2007 ($2.52 in chips) 
Seat 6: WG8978 ($2.15 in chips) 
Seat 7: herkks ($2.90 in chips) 
Seat 8: Zuban442 ($1.22 in chips) 
Seat 9: valterak ($1.81 in chips) 
valterak: posts small blind $0.01
LuffyGozaru: posts big blind $0.02
*** HOLE CARDS ***
Dealt to Dorex2007 [Ad Qc]
infiniti888: calls $0.02
AAB59: folds 
troyano422: raises $0.04 to $0.06
Dorex2007: folds 
WG8978: folds 
herkks: folds 
Zuban442: folds 
valterak: calls $0.05
LuffyGozaru: folds 
infiniti888: calls $0.04
*** FLOP *** [4c 6h Qh]
valterak: checks 
infiniti888: checks 
troyano422: checks 
*** TURN *** [4c 6h Qh] [8s]
valterak: checks 
infiniti888: bets $0.11
troyano422: folds 
valterak: folds 
Uncalled bet ($0.11) returned to infiniti888
infiniti888 collected $0.19 from pot
infiniti888: doesn't show hand 
*** SUMMARY ***
Total pot $0.20 | Rake $0.01 
Board [4c 6h Qh 8s]
Seat 1: LuffyGozaru (big blind) folded before Flop
Seat 2: infiniti888 collected ($0.19)
Seat 3: AAB59 folded before Flop (didn't bet)
Seat 4: troyano422 folded on the Turn
Seat 5: Dorex2007 folded before Flop (didn't bet)
Seat 6: WG8978 folded before Flop (didn't bet)
Seat 7: herkks folded before Flop (didn't bet)
Seat 8: Zuban442 (button) folded before Flop (didn't bet)
Seat 9: valterak (small blind) folded on the Turn



PokerStars Hand #225397871031:  Hold'em No Limit ($0.01/$0.02 USD) - 2021/04/01 12:00:26 PT [2021/04/01 15:00:26 ET]
Table 'Procyon II' 9-max Seat #9 is the button
Seat 1: LuffyGozaru ($2 in chips) 
Seat 2: infiniti888 ($1.92 in chips) 
Seat 3: AAB59 ($2.35 in chips) 
Seat 4: troyano422 ($1.77 in chips) 
Seat 5: Dorex2007 ($2.52 in chips) 
Seat 6: WG8978 ($2.15 in chips) 
Seat 7: herkks ($2.90 in chips) 
Seat 8: Zuban442 ($1.22 in chips) 
Seat 9: valterak ($1.75 in chips) 
LuffyGozaru: posts small blind $0.01
infiniti888: posts big blind $0.02
*** HOLE CARDS ***
Dealt to Dorex2007 [Kc Qs]
AAB59: folds 
troyano422: calls $0.02
AAB59 leaves the table
Dorex2007: calls $0.02
WG8978: folds 
herkks: folds 
Zuban442: folds 
valterak: folds 
LuffyGozaru: calls $0.01
infiniti888: checks 
*** FLOP *** [3h 7d Th]
LuffyGozaru: checks 
infiniti888: checks 
dennn4ik joins the table at seat #3 
troyano422: checks 
Dorex2007: bets $0.08
LuffyGozaru: folds 
infiniti888: folds 
troyano422: folds 
Uncalled bet ($0.08) returned to Dorex2007
Dorex2007 collected $0.08 from pot
Dorex2007: doesn't show hand 
*** SUMMARY ***
Total pot $0.08 | Rake $0 
Board [3h 7d Th]
Seat 1: LuffyGozaru (small blind) folded on the Flop
Seat 2: infiniti888 (big blind) folded on the Flop
Seat 3: AAB59 folded before Flop (didn't bet)
Seat 4: troyano422 folded on the Flop
Seat 5: Dorex2007 collected ($0.08)
Seat 6: WG8978 folded before Flop (didn't bet)
Seat 7: herkks folded before Flop (didn't bet)
Seat 8: Zuban442 folded before Flop (didn't bet)
Seat 9: valterak (button) folded before Flop (didn't bet)



PokerStars Hand #225397920445:  Hold'em No Limit ($0.01/$0.02 USD) - 2021/04/01 12:01:57 PT [2021/04/01 15:01:57 ET]
Table 'Procyon II' 9-max Seat #1 is the button
Seat 1: LuffyGozaru ($2 in chips) 
Seat 2: infiniti888 ($1.90 in chips) 
Seat 3: dennn4ik ($1.60 in chips) 
Seat 4: troyano422 ($1.75 in chips) 
Seat 5: Dorex2007 ($2.58 in chips) 
Seat 6: WG8978 ($2.15 in chips) 
Seat 7: herkks ($2.90 in chips) 
Seat 8: Zuban442 ($1.22 in chips) 
Seat 9: valterak ($1.75 in chips) 
infiniti888: posts small blind $0.01
dennn4ik: posts big blind $0.02
*** HOLE CARDS ***
Dealt to Dorex2007 [Ac Kc]
troyano422: calls $0.02
Dorex2007: raises $0.04 to $0.06
WG8978: calls $0.06
herkks: folds 
Zuban442: folds 
valterak: folds 
LuffyGozaru: folds 
infiniti888: raises $0.22 to $0.28
dennn4ik: folds 
troyano422: folds 
Dorex2007: calls $0.22
WG8978: folds 
*** FLOP *** [Qs 2h 6d]
infiniti888: bets $0.32
Dorex2007: folds 
Uncalled bet ($0.32) returned to infiniti888
infiniti888 collected $0.64 from pot
infiniti888: doesn't show hand 
*** SUMMARY ***
Total pot $0.66 | Rake $0.02 
Board [Qs 2h 6d]
Seat 1: LuffyGozaru (button) folded before Flop (didn't bet)
Seat 2: infiniti888 (small blind) collected ($0.64)
Seat 3: dennn4ik (big blind) folded before Flop
Seat 4: troyano422 folded before Flop
Seat 5: Dorex2007 folded on the Flop
Seat 6: WG8978 folded before Flop
Seat 7: herkks folded before Flop (didn't bet)
Seat 8: Zuban442 folded before Flop (didn't bet)
Seat 9: valterak folded before Flop (didn't bet)



PokerStars Hand #225397954017:  Hold'em No Limit ($0.01/$0.02 USD) - 2021/04/01 12:02:52 PT [2021/04/01 15:02:52 ET]
Table 'Procyon II' 9-max Seat #2 is the button
Seat 1: LuffyGozaru ($2 in chips) 
Seat 2: infiniti888 ($2.26 in chips) 
Seat 3: dennn4ik ($1.58 in chips) 
Seat 4: troyano422 ($1.73 in chips) 
Seat 5: Dorex2007 ($2.30 in chips) 
Seat 6: WG8978 ($2.09 in chips) 
Seat 7: herkks ($2.90 in chips) 
Seat 8: Zuban442 ($1.22 in chips) 
Seat 9: valterak ($1.75 in chips) 
dennn4ik: posts small blind $0.01
troyano422: posts big blind $0.02
*** HOLE CARDS ***
Dealt to Dorex2007 [7c Td]
Dorex2007: folds 
WG8978: folds 
herkks: folds 
Zuban442: folds 
valterak: raises $0.05 to $0.07
LuffyGozaru: folds 
infiniti888: folds 
dennn4ik: folds 
troyano422: calls $0.05
*** FLOP *** [5h 4d 8d]
troyano422: bets $0.04
valterak: folds 
Uncalled bet ($0.04) returned to troyano422
troyano422 collected $0.14 from pot
troyano422: doesn't show hand 
*** SUMMARY ***
Total pot $0.15 | Rake $0.01 
Board [5h 4d 8d]
Seat 1: LuffyGozaru folded before Flop (didn't bet)
Seat 2: infiniti888 (button) folded before Flop (didn't bet)
Seat 3: dennn4ik (small blind) folded before Flop
Seat 4: troyano422 (big blind) collected ($0.14)
Seat 5: Dorex2007 folded before Flop (didn't bet)
Seat 6: WG8978 folded before Flop (didn't bet)
Seat 7: herkks folded before Flop (didn't bet)
Seat 8: Zuban442 folded before Flop (didn't bet)
Seat 9: valterak folded on the Flop



PokerStars Hand #225397989605:  Hold'em No Limit ($0.01/$0.02 USD) - 2021/04/01 12:03:49 PT [2021/04/01 15:03:49 ET]
Table 'Procyon II' 9-max Seat #3 is the button
Seat 1: LuffyGozaru ($2 in chips) 
Seat 2: infiniti888 ($2.26 in chips) 
Seat 3: dennn4ik ($1.57 in chips) 
Seat 4: troyano422 ($1.80 in chips) 
Seat 5: Dorex2007 ($2.30 in chips) 
Seat 6: WG8978 ($2.09 in chips) 
Seat 7: herkks ($2.90 in chips) 
Seat 8: Zuban442 ($1.22 in chips) 
Seat 9: valterak ($1.68 in chips) 
troyano422: posts small blind $0.01
Dorex2007: posts big blind $0.02
*** HOLE CARDS ***
Dealt to Dorex2007 [Qh Qd]
WG8978: folds 
herkks: folds 
Zuban442: folds 
valterak: raises $0.03 to $0.05
LuffyGozaru: folds 
infiniti888: folds 
dennn4ik: folds 
troyano422: folds 
Dorex2007: raises $0.11 to $0.16
valterak: calls $0.11
*** FLOP *** [8d 6s 2d]
Dorex2007: bets $0.32
valterak: calls $0.32
*** TURN *** [8d 6s 2d] [9d]
Dorex2007: bets $0.94
valterak: raises $0.26 to $1.20 and is all-in
Dorex2007: calls $0.26
*** RIVER *** [8d 6s 2d 9d] [4d]
*** SHOW DOWN ***
Dorex2007: shows [Qh Qd] (a flush, Queen high)
valterak: shows [9s As] (a pair of Nines)
Dorex2007 collected $3.25 from pot
*** SUMMARY ***
Total pot $3.37 | Rake $0.12 
Board [8d 6s 2d 9d 4d]
Seat 1: LuffyGozaru folded before Flop (didn't bet)
Seat 2: infiniti888 folded before Flop (didn't bet)
Seat 3: dennn4ik (button) folded before Flop (didn't bet)
Seat 4: troyano422 (small blind) folded before Flop
Seat 5: Dorex2007 (big blind) showed [Qh Qd] and won ($3.25) with a flush, Queen high
Seat 6: WG8978 folded before Flop (didn't bet)
Seat 7: herkks folded before Flop (didn't bet)
Seat 8: Zuban442 folded before Flop (didn't bet)
Seat 9: valterak showed [9s As] and lost with a pair of Nines



PokerStars Hand #225398056261:  Hold'em No Limit ($0.01/$0.02 USD) - 2021/04/01 12:05:33 PT [2021/04/01 15:05:33 ET]
Table 'Procyon II' 9-max Seat #4 is the button
Seat 1: LuffyGozaru ($2 in chips) 
Seat 2: infiniti888 ($2.26 in chips) 
Seat 3: dennn4ik ($1.57 in chips) 
Seat 4: troyano422 ($1.79 in chips) 
Seat 5: Dorex2007 ($3.87 in chips) 
Seat 6: WG8978 ($2.09 in chips) 
Seat 7: herkks ($2.90 in chips) 
Seat 8: Zuban442 ($1.22 in chips) 
Dorex2007: posts small blind $0.01
WG8978: posts big blind $0.02
*** HOLE CARDS ***
Dealt to Dorex2007 [9c 3h]
herkks: folds 
Zuban442: folds 
LuffyGozaru: folds 
infiniti888: calls $0.02
dennn4ik: raises $0.06 to $0.08
troyano422: folds 
Dorex2007: folds 
WG8978: folds 
infiniti888: folds 
Uncalled bet ($0.06) returned to dennn4ik
dennn4ik collected $0.07 from pot
dennn4ik: doesn't show hand 
*** SUMMARY ***
Total pot $0.07 | Rake $0 
Seat 1: LuffyGozaru folded before Flop (didn't bet)
Seat 2: infiniti888 folded before Flop
Seat 3: dennn4ik collected ($0.07)
Seat 4: troyano422 (button) folded before Flop (didn't bet)
Seat 5: Dorex2007 (small blind) folded before Flop
Seat 6: WG8978 (big blind) folded before Flop
Seat 7: herkks folded before Flop (didn't bet)
Seat 8: Zuban442 folded before Flop (didn't bet)



PokerStars Hand #225398102916:  Hold'em No Limit ($0.01/$0.02 USD) - 2021/04/01 12:06:36 PT [2021/04/01 15:06:36 ET]
Table 'Procyon II' 9-max Seat #5 is the button
Seat 1: LuffyGozaru ($2 in chips) 
Seat 2: infiniti888 ($2.24 in chips) 
Seat 3: dennn4ik ($1.62 in chips) 
Seat 4: troyano422 ($1.79 in chips) 
Seat 5: Dorex2007 ($3.86 in chips) 
Seat 6: WG8978 ($2.07 in chips) 
Seat 7: herkks ($2.90 in chips) 
Seat 8: Zuban442 ($1.22 in chips) 
Seat 9: valterak ($2 in chips) 
WG8978: posts small blind $0.01
herkks: posts big blind $0.02
*** HOLE CARDS ***
Dealt to Dorex2007 [8c 2d]
Zuban442: folds 
valterak: folds 
LuffyGozaru: raises $0.04 to $0.06
infiniti888: folds 
dennn4ik: raises $0.04 to $0.10
troyano422: folds 
troyano422 leaves the table
Dorex2007: folds 
WG8978: folds 
herkks: folds 
mmarshall47 joins the table at seat #4 
LuffyGozaru: calls $0.04
*** FLOP *** [2c 6h 7s]
LuffyGozaru: checks 
dennn4ik: bets $0.10
LuffyGozaru: folds 
Uncalled bet ($0.10) returned to dennn4ik
dennn4ik collected $0.22 from pot
dennn4ik: doesn't show hand 
*** SUMMARY ***
Total pot $0.23 | Rake $0.01 
Board [2c 6h 7s]
Seat 1: LuffyGozaru folded on the Flop
Seat 2: infiniti888 folded before Flop (didn't bet)
Seat 3: dennn4ik collected ($0.22)
Seat 4: troyano422 folded before Flop (didn't bet)
Seat 5: Dorex2007 (button) folded before Flop (didn't bet)
Seat 6: WG8978 (small blind) folded before Flop
Seat 7: herkks (big blind) folded before Flop
Seat 8: Zuban442 folded before Flop (didn't bet)
Seat 9: valterak folded before Flop (didn't bet)



PokerStars Hand #225398143945:  Hold'em No Limit ($0.01/$0.02 USD) - 2021/04/01 12:07:38 PT [2021/04/01 15:07:38 ET]
Table 'Procyon II' 9-max Seat #6 is the button
Seat 1: LuffyGozaru ($2 in chips) 
Seat 2: infiniti888 ($2.24 in chips) 
Seat 3: dennn4ik ($1.74 in chips) 
Seat 4: mmarshall47 ($2 in chips) 
Seat 5: Dorex2007 ($3.86 in chips) 
Seat 6: WG8978 ($2.06 in chips) 
Seat 7: herkks ($2.88 in chips) 
Seat 8: Zuban442 ($1.22 in chips) 
Seat 9: valterak ($2 in chips) 
herkks: posts small blind $0.01
Zuban442: posts big blind $0.02
mmarshall47: posts big blind $0.02
*** HOLE CARDS ***
Dealt to Dorex2007 [Th 5s]
valterak: calls $0.02
LuffyGozaru: folds 
infiniti888 has timed out
infiniti888: folds 
dennn4ik: calls $0.02
mmarshall47: checks 
Dorex2007: folds 
WG8978: raises $0.11 to $0.13
herkks: folds 
Zuban442: folds 
valterak: calls $0.11
dennn4ik: calls $0.11
mmarshall47: calls $0.11
*** FLOP *** [Qd Js Ad]
valterak: checks 
dennn4ik: checks 
mmarshall47: checks 
WG8978: bets $0.53
valterak: folds 
dennn4ik: calls $0.53
mmarshall47: folds 
*** TURN *** [Qd Js Ad] [Kh]
dennn4ik: checks 
WG8978: checks 
*** RIVER *** [Qd Js Ad Kh] [6s]
dennn4ik: bets $1.08 and is all-in
WG8978: folds 
Uncalled bet ($1.08) returned to dennn4ik
dennn4ik collected $1.55 from pot
*** SUMMARY ***
Total pot $1.61 | Rake $0.06 
Board [Qd Js Ad Kh 6s]
Seat 1: LuffyGozaru folded before Flop (didn't bet)
Seat 2: infiniti888 folded before Flop (didn't bet)
Seat 3: dennn4ik collected ($1.55)
Seat 4: mmarshall47 folded on the Flop
Seat 5: Dorex2007 folded before Flop (didn't bet)
Seat 6: WG8978 (button) folded on the River
Seat 7: herkks (small blind) folded before Flop
Seat 8: Zuban442 (big blind) folded before Flop
Seat 9: valterak folded on the Flop



PokerStars Hand #225398243033:  Hold'em No Limit ($0.01/$0.02 USD) - 2021/04/01 12:10:07 PT [2021/04/01 15:10:07 ET]
Table 'Procyon II' 9-max Seat #7 is the button
Seat 1: LuffyGozaru ($2 in chips) 
Seat 3: dennn4ik ($2.63 in chips) 
Seat 4: mmarshall47 ($1.87 in chips) 
Seat 5: Dorex2007 ($3.86 in chips) 
Seat 6: WG8978 ($2 in chips) 
Seat 7: herkks ($2.87 in chips) 
Seat 8: Zuban442 ($1.20 in chips) 
Seat 9: valterak ($1.87 in chips) 
Zuban442: posts small blind $0.01
valterak: posts big blind $0.02
*** HOLE CARDS ***
Dealt to Dorex2007 [Kh 9h]
LuffyGozaru: folds 
dennn4ik: folds 
mmarshall47: folds 
Dorex2007: raises $0.04 to $0.06
WG8978: calls $0.06
herkks: folds 
Zuban442: folds 
valterak: calls $0.04
*** FLOP *** [Ks Tc Ac]
valterak: checks 
Dorex2007: checks 
WG8978: checks 
*** TURN *** [Ks Tc Ac] [2h]
valterak: checks 
Dorex2007: bets $0.09
WG8978: folds 
valterak: folds 
Uncalled bet ($0.09) returned to Dorex2007
Dorex2007 collected $0.18 from pot
Dorex2007: doesn't show hand 
*** SUMMARY ***
Total pot $0.19 | Rake $0.01 
Board [Ks Tc Ac 2h]
Seat 1: LuffyGozaru folded before Flop (didn't bet)
Seat 3: dennn4ik folded before Flop (didn't bet)
Seat 4: mmarshall47 folded before Flop (didn't bet)
Seat 5: Dorex2007 collected ($0.18)
Seat 6: WG8978 folded on the Turn
Seat 7: herkks (button) folded before Flop (didn't bet)
Seat 8: Zuban442 (small blind) folded before Flop
Seat 9: valterak (big blind) folded on the Turn



PokerStars Hand #225398271425:  Hold'em No Limit ($0.01/$0.02 USD) - 2021/04/01 12:10:50 PT [2021/04/01 15:10:50 ET]
Table 'Procyon II' 9-max Seat #8 is the button
Seat 1: LuffyGozaru ($2 in chips) 
Seat 2: infiniti888 ($2.24 in chips) 
Seat 3: dennn4ik ($2.63 in chips) 
Seat 4: mmarshall47 ($1.87 in chips) 
Seat 5: Dorex2007 ($3.98 in chips) 
Seat 6: WG8978 ($2 in chips) 
Seat 7: herkks ($2.87 in chips) 
Seat 8: Zuban442 ($1.19 in chips) 
Seat 9: valterak ($1.81 in chips) 
valterak: posts small blind $0.01
LuffyGozaru: posts big blind $0.02
*** HOLE CARDS ***
Dealt to Dorex2007 [3d 2h]
infiniti888 has timed out
infiniti888: folds 
dennn4ik: folds 
mmarshall47: folds 
Dorex2007: folds 
WG8978: folds 
herkks: raises $0.02 to $0.04
Zuban442: folds 
valterak: folds 
LuffyGozaru: folds 
Uncalled bet ($0.02) returned to herkks
herkks collected $0.05 from pot
herkks: doesn't show hand 
*** SUMMARY ***
Total pot $0.05 | Rake $0 
Seat 1: LuffyGozaru (big blind) folded before Flop
Seat 2: infiniti888 folded before Flop (didn't bet)
Seat 3: dennn4ik folded before Flop (didn't bet)
Seat 4: mmarshall47 folded before Flop (didn't bet)
Seat 5: Dorex2007 folded before Flop (didn't bet)
Seat 6: WG8978 folded before Flop (didn't bet)
Seat 7: herkks collected ($0.05)
Seat 8: Zuban442 (button) folded before Flop (didn't bet)
Seat 9: valterak (small blind) folded before Flop



PokerStars Hand #225398292868:  Hold'em No Limit ($0.01/$0.02 USD) - 2021/04/01 12:11:22 PT [2021/04/01 15:11:22 ET]
Table 'Procyon II' 9-max Seat #9 is the button
Seat 1: LuffyGozaru ($2 in chips) 
Seat 3: dennn4ik ($2.63 in chips) 
Seat 4: mmarshall47 ($1.87 in chips) 
Seat 5: Dorex2007 ($3.98 in chips) 
Seat 6: WG8978 ($2 in chips) 
Seat 7: herkks ($2.90 in chips) 
Seat 8: Zuban442 ($1.19 in chips) 
Seat 9: valterak ($1.80 in chips) 
LuffyGozaru: posts small blind $0.01
dennn4ik: posts big blind $0.02
*** HOLE CARDS ***
Dealt to Dorex2007 [Ks 6d]
mmarshall47: folds 
Dorex2007: folds 
WG8978: raises $0.02 to $0.04
herkks: folds 
Zuban442: folds 
valterak: folds 
LuffyGozaru: folds 
dennn4ik: calls $0.02
*** FLOP *** [9d Tc Js]
dennn4ik: checks 
WG8978: checks 
*** TURN *** [9d Tc Js] [Jh]
dennn4ik: checks 
WG8978: checks 
*** RIVER *** [9d Tc Js Jh] [6h]
dennn4ik: checks 
WG8978: checks 
*** SHOW DOWN ***
dennn4ik: shows [4s 3h] (a pair of Jacks)
WG8978: shows [3c 3s] (two pair, Jacks and Threes)
WG8978 collected $0.09 from pot
*** SUMMARY ***
Total pot $0.09 | Rake $0 
Board [9d Tc Js Jh 6h]
Seat 1: LuffyGozaru (small blind) folded before Flop
Seat 3: dennn4ik (big blind) showed [4s 3h] and lost with a pair of Jacks
Seat 4: mmarshall47 folded before Flop (didn't bet)
Seat 5: Dorex2007 folded before Flop (didn't bet)
Seat 6: WG8978 showed [3c 3s] and won ($0.09) with two pair, Jacks and Threes
Seat 7: herkks folded before Flop (didn't bet)
Seat 8: Zuban442 folded before Flop (didn't bet)
Seat 9: valterak (button) folded before Flop (didn't bet)



PokerStars Hand #225398341360:  Hold'em No Limit ($0.01/$0.02 USD) - 2021/04/01 12:12:36 PT [2021/04/01 15:12:36 ET]
Table 'Procyon II' 9-max Seat #1 is the button
Seat 1: LuffyGozaru ($2 in chips) 
Seat 3: dennn4ik ($2.59 in chips) 
Seat 4: mmarshall47 ($1.87 in chips) 
Seat 5: Dorex2007 ($3.98 in chips) 
Seat 6: WG8978 ($2.05 in chips) 
Seat 7: herkks ($2.90 in chips) 
Seat 8: Zuban442 ($1.19 in chips) 
Seat 9: valterak ($1.80 in chips) 
dennn4ik: posts small blind $0.01
mmarshall47: posts big blind $0.02
*** HOLE CARDS ***
Dealt to Dorex2007 [As 4h]
Dorex2007: folds 
WG8978: folds 
herkks: folds 
Zuban442: folds 
valterak: folds 
LuffyGozaru: folds 
dennn4ik: raises $0.04 to $0.06
mmarshall47: folds 
Uncalled bet ($0.04) returned to dennn4ik
dennn4ik collected $0.04 from pot
dennn4ik: doesn't show hand 
*** SUMMARY ***
Total pot $0.04 | Rake $0 
Seat 1: LuffyGozaru (button) folded before Flop (didn't bet)
Seat 3: dennn4ik (small blind) collected ($0.04)
Seat 4: mmarshall47 (big blind) folded before Flop
Seat 5: Dorex2007 folded before Flop (didn't bet)
Seat 6: WG8978 folded before Flop (didn't bet)
Seat 7: herkks folded before Flop (didn't bet)
Seat 8: Zuban442 folded before Flop (didn't bet)
Seat 9: valterak folded before Flop (didn't bet)



PokerStars Hand #225398356994:  Hold'em No Limit ($0.01/$0.02 USD) - 2021/04/01 12:12:59 PT [2021/04/01 15:12:59 ET]
Table 'Procyon II' 9-max Seat #3 is the button
Seat 1: LuffyGozaru ($2 in chips) 
Seat 2: infiniti888 ($2.24 in chips) 
Seat 3: dennn4ik ($2.61 in chips) 
Seat 4: mmarshall47 ($1.85 in chips) 
Seat 5: Dorex2007 ($3.98 in chips) 
Seat 6: WG8978 ($2.05 in chips) 
Seat 7: herkks ($2.90 in chips) 
Seat 8: Zuban442 ($1.19 in chips) 
Seat 9: valterak ($1.80 in chips) 
mmarshall47: posts small blind $0.01
Dorex2007: posts big blind $0.02
infiniti888: posts small & big blinds $0.03
*** HOLE CARDS ***
Dealt to Dorex2007 [Js 9c]
WG8978: folds 
herkks: folds 
Zuban442: folds 
valterak: raises $0.08 to $0.10
LuffyGozaru: folds 
infiniti888: folds 
dennn4ik: folds 
mmarshall47: folds 
Dorex2007: folds 
Uncalled bet ($0.08) returned to valterak
valterak collected $0.08 from pot
valterak: doesn't show hand 
*** SUMMARY ***
Total pot $0.08 | Rake $0 
Seat 1: LuffyGozaru folded before Flop (didn't bet)
Seat 2: infiniti888 folded before Flop (didn't bet)
Seat 3: dennn4ik (button) folded before Flop (didn't bet)
Seat 4: mmarshall47 (small blind) folded before Flop
Seat 5: Dorex2007 (big blind) folded before Flop
Seat 6: WG8978 folded before Flop (didn't bet)
Seat 7: herkks folded before Flop (didn't bet)
Seat 8: Zuban442 folded before Flop (didn't bet)
Seat 9: valterak collected ($0.08)



PokerStars Hand #225398370141:  Hold'em No Limit ($0.01/$0.02 USD) - 2021/04/01 12:13:19 PT [2021/04/01 15:13:19 ET]
Table 'Procyon II' 9-max Seat #4 is the button
Seat 1: LuffyGozaru ($2 in chips) 
Seat 2: infiniti888 ($2.21 in chips) 
Seat 3: dennn4ik ($2.61 in chips) 
Seat 4: mmarshall47 ($1.84 in chips) 
Seat 5: Dorex2007 ($3.96 in chips) 
Seat 6: WG8978 ($2.05 in chips) 
Seat 7: herkks ($2.90 in chips) 
Seat 8: Zuban442 ($1.19 in chips) 
Seat 9: valterak ($1.86 in chips) 
Dorex2007: posts small blind $0.01
WG8978: posts big blind $0.02
*** HOLE CARDS ***
Dealt to Dorex2007 [5s 6c]
herkks: folds 
Zuban442: folds 
valterak: calls $0.02
LuffyGozaru: folds 
infiniti888: calls $0.02
dennn4ik has timed out
dennn4ik: folds 
mmarshall47: calls $0.02
Dorex2007: folds 
WG8978: checks 
*** FLOP *** [8c 3d Ah]
WG8978: checks 
valterak: checks 
infiniti888: bets $0.06
mmarshall47: folds 
WG8978: folds 
valterak: calls $0.06
*** TURN *** [8c 3d Ah] [Qh]
valterak: checks 
infiniti888: bets $0.12
valterak: folds 
Uncalled bet ($0.12) returned to infiniti888
infiniti888 collected $0.20 from pot
infiniti888: doesn't show hand 
*** SUMMARY ***
Total pot $0.21 | Rake $0.01 
Board [8c 3d Ah Qh]
Seat 1: LuffyGozaru folded before Flop (didn't bet)
Seat 2: infiniti888 collected ($0.20)
Seat 3: dennn4ik folded before Flop (didn't bet)
Seat 4: mmarshall47 (button) folded on the Flop
Seat 5: Dorex2007 (small blind) folded before Flop
Seat 6: WG8978 (big blind) folded on the Flop
Seat 7: herkks folded before Flop (didn't bet)
Seat 8: Zuban442 folded before Flop (didn't bet)
Seat 9: valterak folded on the Turn



PokerStars Hand #225398420405:  Hold'em No Limit ($0.01/$0.02 USD) - 2021/04/01 12:14:34 PT [2021/04/01 15:14:34 ET]
Table 'Procyon II' 9-max Seat #5 is the button
Seat 1: LuffyGozaru ($2 in chips) 
Seat 2: infiniti888 ($2.33 in chips) 
Seat 3: dennn4ik ($2.61 in chips) 
Seat 4: mmarshall47 ($1.82 in chips) 
Seat 5: Dorex2007 ($3.95 in chips) 
Seat 6: WG8978 ($2.03 in chips) 
Seat 7: herkks ($2.90 in chips) 
Seat 8: Zuban442 ($1.19 in chips) 
Seat 9: valterak ($1.78 in chips) 
WG8978: posts small blind $0.01
herkks: posts big blind $0.02
*** HOLE CARDS ***
Dealt to Dorex2007 [7d 5c]
Zuban442: folds 
valterak: folds 
LuffyGozaru: folds 
infiniti888: folds 
dennn4ik has timed out
dennn4ik: folds 
mmarshall47: folds 
Dorex2007: folds 
WG8978: folds 
Uncalled bet ($0.01) returned to herkks
herkks collected $0.02 from pot
herkks: doesn't show hand 
*** SUMMARY ***
Total pot $0.02 | Rake $0 
Seat 1: LuffyGozaru folded before Flop (didn't bet)
Seat 2: infiniti888 folded before Flop (didn't bet)
Seat 3: dennn4ik folded before Flop (didn't bet)
Seat 4: mmarshall47 folded before Flop (didn't bet)
Seat 5: Dorex2007 (button) folded before Flop (didn't bet)
Seat 6: WG8978 (small blind) folded before Flop
Seat 7: herkks (big blind) collected ($0.02)
Seat 8: Zuban442 folded before Flop (didn't bet)
Seat 9: valterak folded before Flop (didn't bet)



PokerStars Hand #225398438662:  Hold'em No Limit ($0.01/$0.02 USD) - 2021/04/01 12:15:02 PT [2021/04/01 15:15:02 ET]
Table 'Procyon II' 9-max Seat #6 is the button
Seat 1: LuffyGozaru ($2 in chips) 
Seat 2: infiniti888 ($2.33 in chips) 
Seat 3: dennn4ik ($2.61 in chips) 
Seat 4: mmarshall47 ($1.82 in chips) 
Seat 5: Dorex2007 ($3.95 in chips) 
Seat 6: WG8978 ($2.02 in chips) 
Seat 7: herkks ($2.91 in chips) 
Seat 8: Zuban442 ($1.19 in chips) 
Seat 9: valterak ($1.78 in chips) 
herkks: posts small blind $0.01
Zuban442: posts big blind $0.02
*** HOLE CARDS ***
Dealt to Dorex2007 [2h Ah]
valterak: calls $0.02
LuffyGozaru: calls $0.02
infiniti888: folds 
dennn4ik: folds 
mmarshall47: calls $0.02
Dorex2007: calls $0.02
WG8978: folds 
herkks: calls $0.01
Zuban442: checks 
*** FLOP *** [4d 9c 6c]
herkks: checks 
Zuban442: checks 
valterak: checks 
LuffyGozaru: bets $0.12
mmarshall47: folds 
Dorex2007: folds 
herkks: folds 
Zuban442: folds 
valterak: folds 
Uncalled bet ($0.12) returned to LuffyGozaru
LuffyGozaru collected $0.12 from pot
LuffyGozaru: doesn't show hand 
*** SUMMARY ***
Total pot $0.12 | Rake $0 
Board [4d 9c 6c]
Seat 1: LuffyGozaru collected ($0.12)
Seat 2: infiniti888 folded before Flop (didn't bet)
Seat 3: dennn4ik folded before Flop (didn't bet)
Seat 4: mmarshall47 folded on the Flop
Seat 5: Dorex2007 folded on the Flop
Seat 6: WG8978 (button) folded before Flop (didn't bet)
Seat 7: herkks (small blind) folded on the Flop
Seat 8: Zuban442 (big blind) folded on the Flop
Seat 9: valterak folded on the Flop



PokerStars Hand #225398510320:  Hold'em No Limit ($0.01/$0.02 USD) - 2021/04/01 12:16:48 PT [2021/04/01 15:16:48 ET]
Table 'Procyon II' 9-max Seat #8 is the button
Seat 1: LuffyGozaru ($2 in chips) 
Seat 2: infiniti888 ($2.33 in chips) 
Seat 3: dennn4ik ($2.61 in chips) 
Seat 4: mmarshall47 ($2.20 in chips) 
Seat 5: Dorex2007 ($3.93 in chips) 
Seat 6: WG8978 ($2.02 in chips) 
Seat 7: herkks ($2.89 in chips) 
Seat 8: Zuban442 ($1.16 in chips) 
Seat 9: valterak ($1.74 in chips) 
valterak: posts small blind $0.01
LuffyGozaru: posts big blind $0.02
*** HOLE CARDS ***
Dealt to Dorex2007 [3h 5c]
infiniti888: folds 
dennn4ik: folds 
mmarshall47: calls $0.02
Dorex2007: folds 
WG8978: folds 
herkks has timed out
herkks: folds 
Zuban442: raises $0.07 to $0.09
valterak: calls $0.08
LuffyGozaru: folds 
mmarshall47: calls $0.07
*** FLOP *** [As 4c Jh]
valterak: checks 
mmarshall47: checks 
Zuban442: bets $0.14
valterak: calls $0.14
mmarshall47: folds 
*** TURN *** [As 4c Jh] [Qd]
valterak: checks 
Zuban442: bets $0.27
valterak: calls $0.27
*** RIVER *** [As 4c Jh Qd] [Qs]
valterak: bets $0.45
Zuban442: raises $0.21 to $0.66 and is all-in
valterak: calls $0.21
*** SHOW DOWN ***
Zuban442: shows [Ac Ad] (a full house, Aces full of Queens)
valterak: shows [Kc Th] (a straight, Ten to Ace)
Zuban442 collected $2.34 from pot
*** SUMMARY ***
Total pot $2.43 | Rake $0.09 
Board [As 4c Jh Qd Qs]
Seat 1: LuffyGozaru (big blind) folded before Flop
Seat 2: infiniti888 folded before Flop (didn't bet)
Seat 3: dennn4ik folded before Flop (didn't bet)
Seat 4: mmarshall47 folded on the Flop
Seat 5: Dorex2007 folded before Flop (didn't bet)
Seat 6: WG8978 folded before Flop (didn't bet)
Seat 7: herkks folded before Flop (didn't bet)
Seat 8: Zuban442 (button) showed [Ac Ad] and won ($2.34) with a full house, Aces full of Queens
Seat 9: valterak (small blind) showed [Kc Th] and lost with a straight, Ten to Ace



PokerStars Hand #225398573139:  Hold'em No Limit ($0.01/$0.02 USD) - 2021/04/01 12:18:21 PT [2021/04/01 15:18:21 ET]
Table 'Procyon II' 9-max Seat #9 is the button
Seat 1: LuffyGozaru ($2 in chips) 
Seat 2: infiniti888 ($2.33 in chips) 
Seat 3: dennn4ik ($2.61 in chips) 
Seat 4: mmarshall47 ($2.11 in chips) 
Seat 5: Dorex2007 ($3.93 in chips) 
Seat 7: herkks ($2.89 in chips) 
Seat 8: Zuban442 ($2.34 in chips) 
Seat 9: valterak ($0.58 in chips) 
LuffyGozaru: posts small blind $0.01
infiniti888: posts big blind $0.02
*** HOLE CARDS ***
Dealt to Dorex2007 [4h Ks]
dennn4ik: folds 
mmarshall47 has timed out
mmarshall47: folds 
Dorex2007: folds 
herkks: folds 
Zuban442: folds 
valterak: calls $0.02
LuffyGozaru: folds 
infiniti888: checks 
*** FLOP *** [Ah 5h 4s]
infiniti888: checks 
valterak: checks 
*** TURN *** [Ah 5h 4s] [3d]
infiniti888: checks 
valterak: bets $0.03
infiniti888: folds 
Uncalled bet ($0.03) returned to valterak
valterak collected $0.05 from pot
valterak: doesn't show hand 
*** SUMMARY ***
Total pot $0.05 | Rake $0 
Board [Ah 5h 4s 3d]
Seat 1: LuffyGozaru (small blind) folded before Flop
Seat 2: infiniti888 (big blind) folded on the Turn
Seat 3: dennn4ik folded before Flop (didn't bet)
Seat 4: mmarshall47 folded before Flop (didn't bet)
Seat 5: Dorex2007 folded before Flop (didn't bet)
Seat 7: herkks folded before Flop (didn't bet)
Seat 8: Zuban442 folded before Flop (didn't bet)
Seat 9: valterak (button) collected ($0.05)



PokerStars Hand #225398612519:  Hold'em No Limit ($0.01/$0.02 USD) - 2021/04/01 12:19:19 PT [2021/04/01 15:19:19 ET]
Table 'Procyon II' 9-max Seat #1 is the button
Seat 1: LuffyGozaru ($2 in chips) 
Seat 2: infiniti888 ($2.31 in chips) 
Seat 3: dennn4ik ($2.61 in chips) 
Seat 4: mmarshall47 ($2.11 in chips) 
Seat 5: Dorex2007 ($3.93 in chips) 
Seat 7: herkks ($2.89 in chips) 
Seat 8: Zuban442 ($2.34 in chips) 
Seat 9: valterak ($0.61 in chips) 
infiniti888: posts small blind $0.01
dennn4ik: posts big blind $0.02
*** HOLE CARDS ***
Dealt to Dorex2007 [Qs 4d]
mmarshall47 has timed out
mmarshall47: folds 
Dorex2007: folds 
herkks: folds 
Zuban442: folds 
mmarshall47 is disconnected 
valterak: folds 
LuffyGozaru: folds 
infiniti888: folds 
Uncalled bet ($0.01) returned to dennn4ik
dennn4ik collected $0.02 from pot
dennn4ik: doesn't show hand 
*** SUMMARY ***
Total pot $0.02 | Rake $0 
Seat 1: LuffyGozaru (button) folded before Flop (didn't bet)
Seat 2: infiniti888 (small blind) folded before Flop
Seat 3: dennn4ik (big blind) collected ($0.02)
Seat 4: mmarshall47 folded before Flop (didn't bet)
Seat 5: Dorex2007 folded before Flop (didn't bet)
Seat 7: herkks folded before Flop (didn't bet)
Seat 8: Zuban442 folded before Flop (didn't bet)
Seat 9: valterak folded before Flop (didn't bet)



PokerStars Hand #225398637148:  Hold'em No Limit ($0.01/$0.02 USD) - 2021/04/01 12:19:56 PT [2021/04/01 15:19:56 ET]
Table 'Procyon II' 9-max Seat #2 is the button
Seat 1: LuffyGozaru ($2 in chips) 
Seat 2: infiniti888 ($2.30 in chips) 
Seat 3: dennn4ik ($2.62 in chips) 
Seat 5: Dorex2007 ($3.93 in chips) 
Seat 7: herkks ($2.89 in chips) 
Seat 8: Zuban442 ($2.34 in chips) 
Seat 9: valterak ($0.61 in chips) 
dennn4ik: posts small blind $0.01
Dorex2007: posts big blind $0.02
*** HOLE CARDS ***
Dealt to Dorex2007 [6s 3h]
herkks: folds 
Zuban442: folds 
valterak: folds 
LuffyGozaru: folds 
infiniti888: folds 
dennn4ik: calls $0.01
Dorex2007: checks 
*** FLOP *** [8d 8s Jh]
dennn4ik: checks 
Dorex2007: checks 
*** TURN *** [8d 8s Jh] [Ks]
dennn4ik: bets $0.06
Dorex2007: folds 
Uncalled bet ($0.06) returned to dennn4ik
dennn4ik collected $0.04 from pot
dennn4ik: doesn't show hand 
*** SUMMARY ***
Total pot $0.04 | Rake $0 
Board [8d 8s Jh Ks]
Seat 1: LuffyGozaru folded before Flop (didn't bet)
Seat 2: infiniti888 (button) folded before Flop (didn't bet)
Seat 3: dennn4ik (small blind) collected ($0.04)
Seat 5: Dorex2007 (big blind) folded on the Turn
Seat 7: herkks folded before Flop (didn't bet)
Seat 8: Zuban442 folded before Flop (didn't bet)
Seat 9: valterak folded before Flop (didn't bet)



PokerStars Hand #225398670415:  Hold'em No Limit ($0.01/$0.02 USD) - 2021/04/01 12:20:41 PT [2021/04/01 15:20:41 ET]
Table 'Procyon II' 9-max Seat #3 is the button
Seat 1: LuffyGozaru ($2 in chips) 
Seat 2: infiniti888 ($2.30 in chips) 
Seat 3: dennn4ik ($2.64 in chips) 
Seat 5: Dorex2007 ($3.91 in chips) 
Seat 7: herkks ($2.89 in chips) 
Seat 8: Zuban442 ($2.34 in chips) 
Seat 9: valterak ($0.61 in chips) 
Dorex2007: posts small blind $0.01
herkks: posts big blind $0.02
*** HOLE CARDS ***
Dealt to Dorex2007 [5h Td]
Zuban442: folds 
valterak: folds 
LuffyGozaru: folds 
infiniti888: folds 
dennn4ik has timed out
dennn4ik: folds 
Dorex2007: folds 
Uncalled bet ($0.01) returned to herkks
herkks collected $0.02 from pot
herkks: doesn't show hand 
valterak leaves the table
*** SUMMARY ***
Total pot $0.02 | Rake $0 
Seat 1: LuffyGozaru folded before Flop (didn't bet)
Seat 2: infiniti888 folded before Flop (didn't bet)
Seat 3: dennn4ik (button) folded before Flop (didn't bet)
Seat 5: Dorex2007 (small blind) folded before Flop
Seat 7: herkks (big blind) collected ($0.02)
Seat 8: Zuban442 folded before Flop (didn't bet)
Seat 9: valterak folded before Flop (didn't bet)



PokerStars Hand #225398687135:  Hold'em No Limit ($0.01/$0.02 USD) - 2021/04/01 12:21:06 PT [2021/04/01 15:21:06 ET]
Table 'Procyon II' 9-max Seat #5 is the button
Seat 1: LuffyGozaru ($2 in chips) 
Seat 2: infiniti888 ($2.30 in chips) 
Seat 5: Dorex2007 ($3.90 in chips) 
Seat 7: herkks ($2.90 in chips) 
Seat 8: Zuban442 ($2.34 in chips) 
herkks: posts small blind $0.01
Zuban442: posts big blind $0.02
*** HOLE CARDS ***
Dealt to Dorex2007 [Ac 6s]
LuffyGozaru has timed out
LuffyGozaru: folds 
infiniti888: folds 
Dorex2007: raises $0.04 to $0.06
herkks: folds 
Zuban442: folds 
Uncalled bet ($0.04) returned to Dorex2007
Dorex2007 collected $0.05 from pot
Dorex2007: doesn't show hand 
*** SUMMARY ***
Total pot $0.05 | Rake $0 
Seat 1: LuffyGozaru folded before Flop (didn't bet)
Seat 2: infiniti888 folded before Flop (didn't bet)
Seat 5: Dorex2007 (button) collected ($0.05)
Seat 7: herkks (small blind) folded before Flop
Seat 8: Zuban442 (big blind) folded before Flop



PokerStars Hand #225398704027:  Hold'em No Limit ($0.01/$0.02 USD) - 2021/04/01 12:21:31 PT [2021/04/01 15:21:31 ET]
Table 'Procyon II' 9-max Seat #7 is the button
Seat 1: LuffyGozaru ($2 in chips) 
Seat 2: infiniti888 ($2.30 in chips) 
Seat 3: dennn4ik ($2.64 in chips) 
Seat 5: Dorex2007 ($3.93 in chips) 
Seat 7: herkks ($2.89 in chips) 
Seat 8: Zuban442 ($2.32 in chips) 
SawaBeton joins the table at seat #9 
Zuban442: posts small blind $0.01
LuffyGozaru: posts big blind $0.02
mmarshall47: sits out 
WG8978: sits out 
*** HOLE CARDS ***
Dealt to Dorex2007 [8s Js]
infiniti888: folds 
dennn4ik has timed out
dennn4ik: folds 
Dorex2007: calls $0.02
herkks: calls $0.02
Zuban442: calls $0.01
LuffyGozaru: checks 
*** FLOP *** [6c Td 4d]
Zuban442: checks 
LuffyGozaru: checks 
Dorex2007: checks 
herkks: checks 
*** TURN *** [6c Td 4d] [8h]
Zuban442: checks 
LuffyGozaru: checks 
Dorex2007: bets $0.08
herkks: folds 
Zuban442: folds 
LuffyGozaru: folds 
Uncalled bet ($0.08) returned to Dorex2007
Dorex2007 collected $0.08 from pot
Dorex2007: doesn't show hand 
*** SUMMARY ***
Total pot $0.08 | Rake $0 
Board [6c Td 4d 8h]
Seat 1: LuffyGozaru (big blind) folded on the Turn
Seat 2: infiniti888 folded before Flop (didn't bet)
Seat 3: dennn4ik folded before Flop (didn't bet)
Seat 5: Dorex2007 collected ($0.08)
Seat 7: herkks (button) folded on the Turn
Seat 8: Zuban442 (small blind) folded on the Turn



PokerStars Hand #225398755772:  Hold'em No Limit ($0.01/$0.02 USD) - 2021/04/01 12:22:47 PT [2021/04/01 15:22:47 ET]
Table 'Procyon II' 9-max Seat #8 is the button
Seat 1: LuffyGozaru ($2 in chips) 
Seat 2: infiniti888 ($2.30 in chips) 
Seat 4: mmarshall47 ($2.11 in chips) 
Seat 5: Dorex2007 ($3.99 in chips) 
Seat 7: herkks ($2.87 in chips) 
Seat 8: Zuban442 ($2.30 in chips) 
LuffyGozaru: posts small blind $0.01
infiniti888: posts big blind $0.02
mmarshall47: posts small & big blinds $0.03
WG8978: sits out 
*** HOLE CARDS ***
Dealt to Dorex2007 [3d 6s]
dennn4ik is disconnected 
mmarshall47: raises $0.02 to $0.04
Dorex2007: folds 
herkks: folds 
Zuban442: folds 
LuffyGozaru: folds 
infiniti888: folds 
Uncalled bet ($0.02) returned to mmarshall47
mmarshall47 collected $0.06 from pot
mmarshall47: doesn't show hand 
*** SUMMARY ***
Total pot $0.06 | Rake $0 
Seat 1: LuffyGozaru (small blind) folded before Flop
Seat 2: infiniti888 (big blind) folded before Flop
Seat 4: mmarshall47 collected ($0.06)
Seat 5: Dorex2007 folded before Flop (didn't bet)
Seat 7: herkks folded before Flop (didn't bet)
Seat 8: Zuban442 (button) folded before Flop (didn't bet)



PokerStars Hand #225398768590:  Hold'em No Limit ($0.01/$0.02 USD) - 2021/04/01 12:23:06 PT [2021/04/01 15:23:06 ET]
Table 'Procyon II' 9-max Seat #1 is the button
Seat 1: LuffyGozaru ($2 in chips) 
Seat 2: infiniti888 ($2.28 in chips) 
Seat 4: mmarshall47 ($2.14 in chips) 
Seat 5: Dorex2007 ($3.99 in chips) 
Seat 7: herkks ($2.87 in chips) 
Seat 8: Zuban442 ($2.30 in chips) 
infiniti888: posts small blind $0.01
mmarshall47: posts big blind $0.02
WG8978: sits out 
SawaBeton: sits out 
*** HOLE CARDS ***
Dealt to Dorex2007 [7c 3h]
Dorex2007: folds 
herkks: folds 
Zuban442: folds 
LuffyGozaru: raises $0.04 to $0.06
infiniti888: folds 
mmarshall47: calls $0.04
*** FLOP *** [Kc 4h Jd]
mmarshall47: checks 
LuffyGozaru: checks 
*** TURN *** [Kc 4h Jd] [Qs]
mmarshall47: checks 
LuffyGozaru: bets $0.07
mmarshall47: calls $0.07
*** RIVER *** [Kc 4h Jd Qs] [7d]
mmarshall47: bets $0.26
LuffyGozaru: folds 
Uncalled bet ($0.26) returned to mmarshall47
mmarshall47 collected $0.26 from pot
mmarshall47: doesn't show hand 
*** SUMMARY ***
Total pot $0.27 | Rake $0.01 
Board [Kc 4h Jd Qs 7d]
Seat 1: LuffyGozaru (button) folded on the River
Seat 2: infiniti888 (small blind) folded before Flop
Seat 4: mmarshall47 (big blind) collected ($0.26)
Seat 5: Dorex2007 folded before Flop (didn't bet)
Seat 7: herkks folded before Flop (didn't bet)
Seat 8: Zuban442 folded before Flop (didn't bet)



PokerStars Hand #225398803875:  Hold'em No Limit ($0.01/$0.02 USD) - 2021/04/01 12:23:57 PT [2021/04/01 15:23:57 ET]
Table 'Procyon II' 9-max Seat #2 is the button
Seat 1: LuffyGozaru ($2 in chips) 
Seat 2: infiniti888 ($2.27 in chips) 
Seat 4: mmarshall47 ($2.27 in chips) 
Seat 5: Dorex2007 ($3.99 in chips) 
Seat 7: herkks ($2.87 in chips) 
Seat 8: Zuban442 ($2.30 in chips) 
mmarshall47: posts small blind $0.01
Dorex2007: posts big blind $0.02
WG8978: sits out 
SawaBeton: sits out 
*** HOLE CARDS ***
Dealt to Dorex2007 [7c Js]
herkks: folds 
Zuban442: folds 
LuffyGozaru: folds 
infiniti888: calls $0.02
mmarshall47: calls $0.01
Dorex2007: checks 
*** FLOP *** [3s 4c Tc]
mmarshall47: checks 
Dorex2007: checks 
infiniti888: checks 
*** TURN *** [3s 4c Tc] [5h]
mmarshall47: checks 
Dorex2007: checks 
infiniti888: checks 
*** RIVER *** [3s 4c Tc 5h] [Ks]
mmarshall47: bets $0.02
Dorex2007: folds 
infiniti888: folds 
Uncalled bet ($0.02) returned to mmarshall47
mmarshall47 collected $0.06 from pot
mmarshall47: doesn't show hand 
*** SUMMARY ***
Total pot $0.06 | Rake $0 
Board [3s 4c Tc 5h Ks]
Seat 1: LuffyGozaru folded before Flop (didn't bet)
Seat 2: infiniti888 (button) folded on the River
Seat 4: mmarshall47 (small blind) collected ($0.06)
Seat 5: Dorex2007 (big blind) folded on the River
Seat 7: herkks folded before Flop (didn't bet)
Seat 8: Zuban442 folded before Flop (didn't bet)



PokerStars Hand #225398838449:  Hold'em No Limit ($0.01/$0.02 USD) - 2021/04/01 12:24:48 PT [2021/04/01 15:24:48 ET]
Table 'Procyon II' 9-max Seat #4 is the button
Seat 1: LuffyGozaru ($2 in chips) 
Seat 2: infiniti888 ($2.25 in chips) 
Seat 4: mmarshall47 ($2.31 in chips) 
Seat 5: Dorex2007 ($3.97 in chips) 
Seat 6: WG8978 ($2.02 in chips) 
Seat 7: herkks ($2.87 in chips) 
Seat 8: Zuban442 ($2.30 in chips) 
Dorex2007: posts small blind $0.01
WG8978: posts big blind $0.02
SawaBeton: sits out 
*** HOLE CARDS ***
Dealt to Dorex2007 [6d Qh]
herkks: folds 
Zuban442: folds 
LuffyGozaru: folds 
infiniti888: calls $0.02
mmarshall47: calls $0.02
Dorex2007: calls $0.01
WG8978: checks 
*** FLOP *** [2h 7h Kd]
Dorex2007: checks 
WG8978: checks 
infiniti888: checks 
mmarshall47: checks 
*** TURN *** [2h 7h Kd] [4c]
Dorex2007: checks 
WG8978: bets $0.08
infiniti888: folds 
mmarshall47: calls $0.08
Dorex2007: folds 
*** RIVER *** [2h 7h Kd 4c] [5s]
WG8978: checks 
mmarshall47: bets $2.21 and is all-in
WG8978: folds 
Uncalled bet ($2.21) returned to mmarshall47
mmarshall47 collected $0.23 from pot
mmarshall47: doesn't show hand 
*** SUMMARY ***
Total pot $0.24 | Rake $0.01 
Board [2h 7h Kd 4c 5s]
Seat 1: LuffyGozaru folded before Flop (didn't bet)
Seat 2: infiniti888 folded on the Turn
Seat 4: mmarshall47 (button) collected ($0.23)
Seat 5: Dorex2007 (small blind) folded on the Turn
Seat 6: WG8978 (big blind) folded on the River
Seat 7: herkks folded before Flop (didn't bet)
Seat 8: Zuban442 folded before Flop (didn't bet)



PokerStars Hand #225398880806:  Hold'em No Limit ($0.01/$0.02 USD) - 2021/04/01 12:25:51 PT [2021/04/01 15:25:51 ET]
Table 'Procyon II' 9-max Seat #5 is the button
Seat 1: LuffyGozaru ($2 in chips) 
Seat 2: infiniti888 ($2.23 in chips) 
Seat 4: mmarshall47 ($2.44 in chips) 
Seat 5: Dorex2007 ($3.95 in chips) 
Seat 6: WG8978 ($2 in chips) 
Seat 7: herkks ($2.87 in chips) 
Seat 8: Zuban442 ($2.30 in chips) 
WG8978: posts small blind $0.01
herkks: posts big blind $0.02
SawaBeton: sits out 
*** HOLE CARDS ***
Dealt to Dorex2007 [Ah 8d]
Zuban442: folds 
LuffyGozaru: folds 
infiniti888: folds 
mmarshall47: folds 
Dorex2007: raises $0.02 to $0.04
WG8978: folds 
herkks: calls $0.02
*** FLOP *** [3d Qd 9c]
herkks: checks 
Dorex2007: bets $0.06
herkks: calls $0.06
*** TURN *** [3d Qd 9c] [6d]
herkks: checks 
Dorex2007: checks 
*** RIVER *** [3d Qd 9c 6d] [Ks]
herkks: bets $0.12
Dorex2007: folds 
Uncalled bet ($0.12) returned to herkks
herkks collected $0.20 from pot
herkks: doesn't show hand 
*** SUMMARY ***
Total pot $0.21 | Rake $0.01 
Board [3d Qd 9c 6d Ks]
Seat 1: LuffyGozaru folded before Flop (didn't bet)
Seat 2: infiniti888 folded before Flop (didn't bet)
Seat 4: mmarshall47 folded before Flop (didn't bet)
Seat 5: Dorex2007 (button) folded on the River
Seat 6: WG8978 (small blind) folded before Flop
Seat 7: herkks (big blind) collected ($0.20)
Seat 8: Zuban442 folded before Flop (didn't bet)



PokerStars Hand #225398909643:  Hold'em No Limit ($0.01/$0.02 USD) - 2021/04/01 12:26:33 PT [2021/04/01 15:26:33 ET]
Table 'Procyon II' 9-max Seat #6 is the button
Seat 1: LuffyGozaru ($2 in chips) 
Seat 2: infiniti888 ($2.23 in chips) 
Seat 4: mmarshall47 ($2.44 in chips) 
Seat 5: Dorex2007 ($3.85 in chips) 
Seat 6: WG8978 ($2 in chips) 
Seat 8: Zuban442 ($2.30 in chips) 
Seat 9: SawaBeton ($2 in chips) 
Zuban442: posts small blind $0.01
SawaBeton: posts big blind $0.02
*** HOLE CARDS ***
Dealt to Dorex2007 [7d Qh]
LuffyGozaru: folds 
infiniti888: folds 
mmarshall47: calls $0.02
Dorex2007: folds 
WG8978: folds 
Zuban442: folds 
SawaBeton: checks 
*** FLOP *** [As Ks 5c]
SawaBeton: checks 
mmarshall47: checks 
*** TURN *** [As Ks 5c] [Tc]
SawaBeton: checks 
mmarshall47: bets $0.02
SawaBeton: calls $0.02
*** RIVER *** [As Ks 5c Tc] [5d]
SawaBeton: checks 
mmarshall47: bets $0.09
SawaBeton: folds 
Uncalled bet ($0.09) returned to mmarshall47
mmarshall47 collected $0.09 from pot
mmarshall47: doesn't show hand 
*** SUMMARY ***
Total pot $0.09 | Rake $0 
Board [As Ks 5c Tc 5d]
Seat 1: LuffyGozaru folded before Flop (didn't bet)
Seat 2: infiniti888 folded before Flop (didn't bet)
Seat 4: mmarshall47 collected ($0.09)
Seat 5: Dorex2007 folded before Flop (didn't bet)
Seat 6: WG8978 (button) folded before Flop (didn't bet)
Seat 8: Zuban442 (small blind) folded before Flop
Seat 9: SawaBeton (big blind) folded on the River



PokerStars Hand #225398948679:  Hold'em No Limit ($0.01/$0.02 USD) - 2021/04/01 12:27:16 PT [2021/04/01 15:27:16 ET]
Table 'Procyon II' 9-max Seat #8 is the button
Seat 1: LuffyGozaru ($2 in chips) 
Seat 2: infiniti888 ($2.23 in chips) 
Seat 4: mmarshall47 ($2.49 in chips) 
Seat 5: Dorex2007 ($3.85 in chips) 
Seat 6: WG8978 ($2 in chips) 
Seat 8: Zuban442 ($2.29 in chips) 
Seat 9: SawaBeton ($1.96 in chips) 
SawaBeton: posts small blind $0.01
LuffyGozaru: posts big blind $0.02
*** HOLE CARDS ***
Dealt to Dorex2007 [3h Tc]
dennn4ik is disconnected 
infiniti888: folds 
mmarshall47: folds 
Dorex2007: folds 
WG8978: folds 
Zuban442: calls $0.02
SawaBeton: raises $0.06 to $0.08
LuffyGozaru: folds 
Zuban442: folds 
Uncalled bet ($0.06) returned to SawaBeton
SawaBeton collected $0.06 from pot
*** SUMMARY ***
Total pot $0.06 | Rake $0 
Seat 1: LuffyGozaru (big blind) folded before Flop
Seat 2: infiniti888 folded before Flop (didn't bet)
Seat 4: mmarshall47 folded before Flop (didn't bet)
Seat 5: Dorex2007 folded before Flop (didn't bet)
Seat 6: WG8978 folded before Flop (didn't bet)
Seat 8: Zuban442 (button) folded before Flop
Seat 9: SawaBeton (small blind) collected ($0.06)



PokerStars Hand #225398969313:  Hold'em No Limit ($0.01/$0.02 USD) - 2021/04/01 12:27:47 PT [2021/04/01 15:27:47 ET]
Table 'Procyon II' 9-max Seat #9 is the button
Seat 1: LuffyGozaru ($2 in chips) 
Seat 2: infiniti888 ($2.23 in chips) 
Seat 4: mmarshall47 ($2.49 in chips) 
Seat 5: Dorex2007 ($3.85 in chips) 
Seat 6: WG8978 ($2 in chips) 
Seat 8: Zuban442 ($2.27 in chips) 
Seat 9: SawaBeton ($2 in chips) 
LuffyGozaru: posts small blind $0.01
infiniti888: posts big blind $0.02
*** HOLE CARDS ***
Dealt to Dorex2007 [Kc 7s]
mmarshall47: calls $0.02
Dorex2007: folds 
WG8978: folds 
Zuban442: folds 
SawaBeton: folds 
LuffyGozaru: folds 
infiniti888: checks 
*** FLOP *** [8d Jh Ts]
infiniti888: checks 
mmarshall47: checks 
*** TURN *** [8d Jh Ts] [Qs]
infiniti888: bets $0.05
mmarshall47: calls $0.05
*** RIVER *** [8d Jh Ts Qs] [7c]
infiniti888: bets $0.09
mmarshall47: calls $0.09
*** SHOW DOWN ***
infiniti888: shows [Tc 9c] (a straight, Eight to Queen)
mmarshall47: mucks hand 
infiniti888 collected $0.32 from pot
*** SUMMARY ***
Total pot $0.33 | Rake $0.01 
Board [8d Jh Ts Qs 7c]
Seat 1: LuffyGozaru (small blind) folded before Flop
Seat 2: infiniti888 (big blind) showed [Tc 9c] and won ($0.32) with a straight, Eight to Queen
Seat 4: mmarshall47 mucked [2h Qd]
Seat 5: Dorex2007 folded before Flop (didn't bet)
Seat 6: WG8978 folded before Flop (didn't bet)
Seat 8: Zuban442 folded before Flop (didn't bet)
Seat 9: SawaBeton (button) folded before Flop (didn't bet)



PokerStars Hand #225398996153:  Hold'em No Limit ($0.01/$0.02 USD) - 2021/04/01 12:28:26 PT [2021/04/01 15:28:26 ET]
Table 'Procyon II' 9-max Seat #1 is the button
Seat 1: LuffyGozaru ($2 in chips) 
Seat 2: infiniti888 ($2.39 in chips) 
Seat 4: mmarshall47 ($2.33 in chips) 
Seat 5: Dorex2007 ($3.85 in chips) 
Seat 6: WG8978 ($2 in chips) 
Seat 8: Zuban442 ($2.27 in chips) 
Seat 9: SawaBeton ($2 in chips) 
infiniti888: posts small blind $0.01
mmarshall47: posts big blind $0.02
*** HOLE CARDS ***
Dealt to Dorex2007 [4s 6d]
Dorex2007: folds 
WG8978: folds 
Zuban442: folds 
SawaBeton: folds 
LuffyGozaru: raises $0.04 to $0.06
infiniti888: folds 
mmarshall47: folds 
Uncalled bet ($0.04) returned to LuffyGozaru
LuffyGozaru collected $0.05 from pot
LuffyGozaru: doesn't show hand 
*** SUMMARY ***
Total pot $0.05 | Rake $0 
Seat 1: LuffyGozaru (button) collected ($0.05)
Seat 2: infiniti888 (small blind) folded before Flop
Seat 4: mmarshall47 (big blind) folded before Flop
Seat 5: Dorex2007 folded before Flop (didn't bet)
Seat 6: WG8978 folded before Flop (didn't bet)
Seat 8: Zuban442 folded before Flop (didn't bet)
Seat 9: SawaBeton folded before Flop (didn't bet)



PokerStars Hand #225399006316:  Hold'em No Limit ($0.01/$0.02 USD) - 2021/04/01 12:28:41 PT [2021/04/01 15:28:41 ET]
Table 'Procyon II' 9-max Seat #2 is the button
Seat 1: LuffyGozaru ($2.03 in chips) 
Seat 2: infiniti888 ($2.38 in chips) 
Seat 4: mmarshall47 ($2.31 in chips) 
Seat 5: Dorex2007 ($3.85 in chips) 
Seat 6: WG8978 ($2 in chips) 
Seat 8: Zuban442 ($2.27 in chips) 
Seat 9: SawaBeton ($2 in chips) 
mmarshall47: posts small blind $0.01
Dorex2007: posts big blind $0.02
*** HOLE CARDS ***
Dealt to Dorex2007 [Ad 9c]
WG8978: folds 
Zuban442: folds 
SawaBeton: folds 
LuffyGozaru: folds 
infiniti888: calls $0.02
mmarshall47: calls $0.01
Dorex2007: checks 
*** FLOP *** [2d Kd Qs]
mmarshall47: checks 
Dorex2007: checks 
infiniti888: bets $0.03
mmarshall47: folds 
Dorex2007: folds 
Uncalled bet ($0.03) returned to infiniti888
infiniti888 collected $0.06 from pot
infiniti888: doesn't show hand 
*** SUMMARY ***
Total pot $0.06 | Rake $0 
Board [2d Kd Qs]
Seat 1: LuffyGozaru folded before Flop (didn't bet)
Seat 2: infiniti888 (button) collected ($0.06)
Seat 4: mmarshall47 (small blind) folded on the Flop
Seat 5: Dorex2007 (big blind) folded on the Flop
Seat 6: WG8978 folded before Flop (didn't bet)
Seat 8: Zuban442 folded before Flop (didn't bet)
Seat 9: SawaBeton folded before Flop (didn't bet)



PokerStars Hand #225399027531:  Hold'em No Limit ($0.01/$0.02 USD) - 2021/04/01 12:29:12 PT [2021/04/01 15:29:12 ET]
Table 'Procyon II' 9-max Seat #4 is the button
Seat 1: LuffyGozaru ($2.03 in chips) 
Seat 2: infiniti888 ($2.42 in chips) 
Seat 4: mmarshall47 ($2.29 in chips) 
Seat 5: Dorex2007 ($3.83 in chips) 
Seat 6: WG8978 ($2 in chips) 
Seat 8: Zuban442 ($2.27 in chips) 
Seat 9: SawaBeton ($2 in chips) 
Dorex2007: posts small blind $0.01
WG8978: posts big blind $0.02
*** HOLE CARDS ***
Dealt to Dorex2007 [Qs 7c]
Zuban442: folds 
SawaBeton: folds 
LuffyGozaru: folds 
infiniti888: folds 
mmarshall47: calls $0.02
Dorex2007: calls $0.01
WG8978: checks 
*** FLOP *** [3c 3s Td]
Dorex2007: checks 
WG8978: checks 
mmarshall47: bets $0.02
Dorex2007: folds 
WG8978: calls $0.02
*** TURN *** [3c 3s Td] [Th]
WG8978: checks 
mmarshall47: checks 
*** RIVER *** [3c 3s Td Th] [Qd]
WG8978: bets $0.10
mmarshall47: folds 
Uncalled bet ($0.10) returned to WG8978
WG8978 collected $0.10 from pot
WG8978: doesn't show hand 
*** SUMMARY ***
Total pot $0.10 | Rake $0 
Board [3c 3s Td Th Qd]
Seat 1: LuffyGozaru folded before Flop (didn't bet)
Seat 2: infiniti888 folded before Flop (didn't bet)
Seat 4: mmarshall47 (button) folded on the River
Seat 5: Dorex2007 (small blind) folded on the Flop
Seat 6: WG8978 (big blind) collected ($0.10)
Seat 8: Zuban442 folded before Flop (didn't bet)
Seat 9: SawaBeton folded before Flop (didn't bet)



PokerStars Hand #225399078006:  Hold'em No Limit ($0.01/$0.02 USD) - 2021/04/01 12:30:15 PT [2021/04/01 15:30:15 ET]
Table 'Procyon II' 9-max Seat #5 is the button
Seat 1: LuffyGozaru ($2.03 in chips) 
Seat 2: infiniti888 ($2.42 in chips) 
Seat 4: mmarshall47 ($2.25 in chips) 
Seat 5: Dorex2007 ($3.81 in chips) 
Seat 6: WG8978 ($2.06 in chips) 
Seat 8: Zuban442 ($2.27 in chips) 
Seat 9: SawaBeton ($2 in chips) 
WG8978: posts small blind $0.01
Zuban442: posts big blind $0.02
*** HOLE CARDS ***
Dealt to Dorex2007 [7d 7c]
SawaBeton: folds 
LuffyGozaru: folds 
infiniti888: calls $0.02
mmarshall47: folds 
Dorex2007: raises $0.04 to $0.06
WG8978: folds 
Zuban442: folds 
infiniti888: calls $0.04
*** FLOP *** [Js 9s Ts]
infiniti888: bets $0.09
Dorex2007: folds 
Uncalled bet ($0.09) returned to infiniti888
infiniti888 collected $0.14 from pot
infiniti888: doesn't show hand 
*** SUMMARY ***
Total pot $0.15 | Rake $0.01 
Board [Js 9s Ts]
Seat 1: LuffyGozaru folded before Flop (didn't bet)
Seat 2: infiniti888 collected ($0.14)
Seat 4: mmarshall47 folded before Flop (didn't bet)
Seat 5: Dorex2007 (button) folded on the Flop
Seat 6: WG8978 (small blind) folded before Flop
Seat 8: Zuban442 (big blind) folded before Flop
Seat 9: SawaBeton folded before Flop (didn't bet)



PokerStars Hand #225399105914:  Hold'em No Limit ($0.01/$0.02 USD) - 2021/04/01 12:30:57 PT [2021/04/01 15:30:57 ET]
Table 'Procyon II' 9-max Seat #6 is the button
Seat 1: LuffyGozaru ($2.03 in chips) 
Seat 2: infiniti888 ($2.50 in chips) 
Seat 4: mmarshall47 ($2.25 in chips) 
Seat 5: Dorex2007 ($3.75 in chips) 
Seat 6: WG8978 ($2.05 in chips) 
Seat 8: Zuban442 ($2.25 in chips) 
Seat 9: SawaBeton ($2 in chips) 
Zuban442: posts small blind $0.01
SawaBeton: posts big blind $0.02
*** HOLE CARDS ***
Dealt to Dorex2007 [Jc Ad]
LuffyGozaru: folds 
infiniti888: folds 
mmarshall47: calls $0.02
Dorex2007: raises $0.04 to $0.06
WG8978: folds 
Zuban442: folds 
SawaBeton: folds 
mmarshall47: calls $0.04
*** FLOP *** [8d 6c Ac]
mmarshall47: bets $0.02
Dorex2007: raises $0.12 to $0.14
mmarshall47: calls $0.12
*** TURN *** [8d 6c Ac] [9h]
mmarshall47: bets $0.41
Dorex2007: calls $0.41
*** RIVER *** [8d 6c Ac 9h] [5s]
mmarshall47: bets $1.64 and is all-in
Dorex2007: folds 
Uncalled bet ($1.64) returned to mmarshall47
mmarshall47 collected $1.21 from pot
mmarshall47: doesn't show hand 
*** SUMMARY ***
Total pot $1.25 | Rake $0.04 
Board [8d 6c Ac 9h 5s]
Seat 1: LuffyGozaru folded before Flop (didn't bet)
Seat 2: infiniti888 folded before Flop (didn't bet)
Seat 4: mmarshall47 collected ($1.21)
Seat 5: Dorex2007 folded on the River
Seat 6: WG8978 (button) folded before Flop (didn't bet)
Seat 8: Zuban442 (small blind) folded before Flop
Seat 9: SawaBeton (big blind) folded before Flop



PokerStars Hand #225399159111:  Hold'em No Limit ($0.01/$0.02 USD) - 2021/04/01 12:32:16 PT [2021/04/01 15:32:16 ET]
Table 'Procyon II' 9-max Seat #8 is the button
Seat 1: LuffyGozaru ($2.03 in chips) 
Seat 2: infiniti888 ($2.50 in chips) 
Seat 4: mmarshall47 ($2.85 in chips) 
Seat 5: Dorex2007 ($3.14 in chips) 
Seat 6: WG8978 ($2.05 in chips) 
Seat 8: Zuban442 ($2.24 in chips) 
Seat 9: SawaBeton ($1.98 in chips) 
SawaBeton: posts small blind $0.01
LuffyGozaru: posts big blind $0.02
*** HOLE CARDS ***
Dealt to Dorex2007 [Ac 9h]
infiniti888: folds 
mmarshall47: calls $0.02
Dorex2007: folds 
WG8978: folds 
Zuban442: folds 
SawaBeton: raises $0.06 to $0.08
LuffyGozaru: folds 
mmarshall47: calls $0.06
*** FLOP *** [Ah 3h Tc]
SawaBeton: bets $0.09
mmarshall47: folds 
Uncalled bet ($0.09) returned to SawaBeton
SawaBeton collected $0.17 from pot
*** SUMMARY ***
Total pot $0.18 | Rake $0.01 
Board [Ah 3h Tc]
Seat 1: LuffyGozaru (big blind) folded before Flop
Seat 2: infiniti888 folded before Flop (didn't bet)
Seat 4: mmarshall47 folded on the Flop
Seat 5: Dorex2007 folded before Flop (didn't bet)
Seat 6: WG8978 folded before Flop (didn't bet)
Seat 8: Zuban442 (button) folded before Flop (didn't bet)
Seat 9: SawaBeton (small blind) collected ($0.17)



PokerStars Hand #225399182784:  Hold'em No Limit ($0.01/$0.02 USD) - 2021/04/01 12:32:51 PT [2021/04/01 15:32:51 ET]
Table 'Procyon II' 9-max Seat #9 is the button
Seat 1: LuffyGozaru ($2.01 in chips) 
Seat 2: infiniti888 ($2.50 in chips) 
Seat 4: mmarshall47 ($2.77 in chips) 
Seat 5: Dorex2007 ($3.14 in chips) 
Seat 6: WG8978 ($2.05 in chips) 
Seat 8: Zuban442 ($2.24 in chips) 
Seat 9: SawaBeton ($2.07 in chips) 
LuffyGozaru: posts small blind $0.01
infiniti888: posts big blind $0.02
*** HOLE CARDS ***
Dealt to Dorex2007 [8h Ac]
mmarshall47: calls $0.02
Dorex2007: folds 
WG8978: folds 
Zuban442: folds 
SawaBeton: folds 
LuffyGozaru: folds 
infiniti888: checks 
*** FLOP *** [2s Kh 6c]
infiniti888: bets $0.02
mmarshall47: calls $0.02
*** TURN *** [2s Kh 6c] [Qs]
infiniti888: bets $0.02
mmarshall47: folds 
Uncalled bet ($0.02) returned to infiniti888
infiniti888 collected $0.09 from pot
infiniti888: doesn't show hand 
*** SUMMARY ***
Total pot $0.09 | Rake $0 
Board [2s Kh 6c Qs]
Seat 1: LuffyGozaru (small blind) folded before Flop
Seat 2: infiniti888 (big blind) collected ($0.09)
Seat 4: mmarshall47 folded on the Turn
Seat 5: Dorex2007 folded before Flop (didn't bet)
Seat 6: WG8978 folded before Flop (didn't bet)
Seat 8: Zuban442 folded before Flop (didn't bet)
Seat 9: SawaBeton (button) folded before Flop (didn't bet)



PokerStars Hand #225399208632:  Hold'em No Limit ($0.01/$0.02 USD) - 2021/04/01 12:33:29 PT [2021/04/01 15:33:29 ET]
Table 'Procyon II' 9-max Seat #1 is the button
Seat 1: LuffyGozaru ($2 in chips) 
Seat 2: infiniti888 ($2.55 in chips) 
Seat 4: mmarshall47 ($2.73 in chips) 
Seat 5: Dorex2007 ($3.14 in chips) 
Seat 6: WG8978 ($2.05 in chips) 
Seat 8: Zuban442 ($2.24 in chips) 
Seat 9: SawaBeton ($2.07 in chips) 
infiniti888: posts small blind $0.01
mmarshall47: posts big blind $0.02
*** HOLE CARDS ***
Dealt to Dorex2007 [5d 5h]
Dorex2007: raises $0.04 to $0.06
WG8978: calls $0.06
Zuban442: calls $0.06
SawaBeton: folds 
LuffyGozaru: folds 
infiniti888: folds 
mmarshall47: calls $0.04
*** FLOP *** [Qh 9d 3s]
herkks leaves the table
mmarshall47: checks 
Dorex2007: bets $0.12
WG8978: folds 
Zuban442: folds 
mmarshall47: calls $0.12
*** TURN *** [Qh 9d 3s] [8h]
mmarshall47: checks 
Dorex2007: checks 
*** RIVER *** [Qh 9d 3s 8h] [7h]
mmarshall47: bets $0.47
Dorex2007: folds 
Uncalled bet ($0.47) returned to mmarshall47
mmarshall47 collected $0.47 from pot
mmarshall47: doesn't show hand 
*** SUMMARY ***
Total pot $0.49 | Rake $0.02 
Board [Qh 9d 3s 8h 7h]
Seat 1: LuffyGozaru (button) folded before Flop (didn't bet)
Seat 2: infiniti888 (small blind) folded before Flop
Seat 4: mmarshall47 (big blind) collected ($0.47)
Seat 5: Dorex2007 folded on the River
Seat 6: WG8978 folded on the Flop
Seat 8: Zuban442 folded on the Flop
Seat 9: SawaBeton folded before Flop (didn't bet)



PokerStars Hand #225399249099:  Hold'em No Limit ($0.01/$0.02 USD) - 2021/04/01 12:34:30 PT [2021/04/01 15:34:30 ET]
Table 'Procyon II' 9-max Seat #2 is the button
Seat 1: LuffyGozaru ($2 in chips) 
Seat 2: infiniti888 ($2.54 in chips) 
Seat 4: mmarshall47 ($3.02 in chips) 
Seat 5: Dorex2007 ($2.96 in chips) 
Seat 6: WG8978 ($2 in chips) 
Seat 8: Zuban442 ($2.18 in chips) 
Seat 9: SawaBeton ($2.07 in chips) 
mmarshall47: posts small blind $0.01
Dorex2007: posts big blind $0.02
*** HOLE CARDS ***
Dealt to Dorex2007 [9s As]
WG8978: folds 
Zuban442: folds 
SawaBeton: folds 
LuffyGozaru: folds 
infiniti888: folds 
mmarshall47: calls $0.01
Dorex2007: checks 
*** FLOP *** [Ks 5h 6h]
mmarshall47: checks 
Dorex2007: checks 
*** TURN *** [Ks 5h 6h] [2h]
cormac4321 joins the table at seat #7 
mmarshall47: checks 
Dorex2007: checks 
*** RIVER *** [Ks 5h 6h 2h] [Ts]
mmarshall47: bets $3 and is all-in
Dorex2007: folds 
Uncalled bet ($3) returned to mmarshall47
mmarshall47 collected $0.04 from pot
mmarshall47: doesn't show hand 
*** SUMMARY ***
Total pot $0.04 | Rake $0 
Board [Ks 5h 6h 2h Ts]
Seat 1: LuffyGozaru folded before Flop (didn't bet)
Seat 2: infiniti888 (button) folded before Flop (didn't bet)
Seat 4: mmarshall47 (small blind) collected ($0.04)
Seat 5: Dorex2007 (big blind) folded on the River
Seat 6: WG8978 folded before Flop (didn't bet)
Seat 8: Zuban442 folded before Flop (didn't bet)
Seat 9: SawaBeton folded before Flop (didn't bet)



PokerStars Hand #225399283484:  Hold'em No Limit ($0.01/$0.02 USD) - 2021/04/01 12:35:21 PT [2021/04/01 15:35:21 ET]
Table 'Procyon II' 9-max Seat #4 is the button
Seat 1: LuffyGozaru ($2 in chips) 
Seat 2: infiniti888 ($2.54 in chips) 
Seat 4: mmarshall47 ($3.04 in chips) 
Seat 5: Dorex2007 ($2.94 in chips) 
Seat 6: WG8978 ($2 in chips) 
Seat 7: cormac4321 ($2 in chips) 
Seat 8: Zuban442 ($2.18 in chips) 
Seat 9: SawaBeton ($2.07 in chips) 
Dorex2007: posts small blind $0.01
WG8978: posts big blind $0.02
cormac4321: posts big blind $0.02
*** HOLE CARDS ***
Dealt to Dorex2007 [Js Ac]
Dorex2007 said, "lol"
cormac4321: checks 
Zuban442: folds 
SawaBeton: folds 
LuffyGozaru: folds 
infiniti888: folds 
mmarshall47: calls $0.02
Dorex2007: calls $0.01
WG8978: checks 
*** FLOP *** [5c 6h 3s]
Dorex2007: checks 
WG8978: bets $0.08
cormac4321: calls $0.08
mmarshall47: folds 
Dorex2007: folds 
*** TURN *** [5c 6h 3s] [4c]
WG8978: bets $0.12
cormac4321: folds 
Uncalled bet ($0.12) returned to WG8978
WG8978 collected $0.23 from pot
WG8978: doesn't show hand 
*** SUMMARY ***
Total pot $0.24 | Rake $0.01 
Board [5c 6h 3s 4c]
Seat 1: LuffyGozaru folded before Flop (didn't bet)
Seat 2: infiniti888 folded before Flop (didn't bet)
Seat 4: mmarshall47 (button) folded on the Flop
Seat 5: Dorex2007 (small blind) folded on the Flop
Seat 6: WG8978 (big blind) collected ($0.23)
Seat 7: cormac4321 folded on the Turn
Seat 8: Zuban442 folded before Flop (didn't bet)
Seat 9: SawaBeton folded before Flop (didn't bet)



PokerStars Hand #225399321732:  Hold'em No Limit ($0.01/$0.02 USD) - 2021/04/01 12:36:11 PT [2021/04/01 15:36:11 ET]
Table 'Procyon II' 9-max Seat #5 is the button
Seat 1: LuffyGozaru ($2 in chips) 
Seat 2: infiniti888 ($2.54 in chips) 
Seat 4: mmarshall47 ($3.02 in chips) 
Seat 5: Dorex2007 ($2.92 in chips) 
Seat 6: WG8978 ($2.13 in chips) 
Seat 7: cormac4321 ($1.90 in chips) 
Seat 8: Zuban442 ($2.18 in chips) 
Seat 9: SawaBeton ($2.07 in chips) 
WG8978: posts small blind $0.01
cormac4321: posts big blind $0.02
*** HOLE CARDS ***
Dealt to Dorex2007 [Kd Qd]
Zuban442: folds 
SawaBeton: folds 
LuffyGozaru: folds 
infiniti888: folds 
mmarshall47: calls $0.02
Dorex2007: calls $0.02
WG8978: calls $0.01
cormac4321: checks 
*** FLOP *** [4d 6c 3c]
WG8978: checks 
cormac4321: bets $0.02
mmarshall47: calls $0.02
Dorex2007: calls $0.02
WG8978: folds 
*** TURN *** [4d 6c 3c] [4s]
cormac4321: bets $0.02
mmarshall47: calls $0.02
Dorex2007: calls $0.02
*** RIVER *** [4d 6c 3c 4s] [Th]
cormac4321: bets $0.02
mmarshall47: calls $0.02
Dorex2007: folds 
*** SHOW DOWN ***
cormac4321: shows [7c 5h] (a straight, Three to Seven)
mmarshall47: mucks hand 
cormac4321 collected $0.23 from pot
*** SUMMARY ***
Total pot $0.24 | Rake $0.01 
Board [4d 6c 3c 4s Th]
Seat 1: LuffyGozaru folded before Flop (didn't bet)
Seat 2: infiniti888 folded before Flop (didn't bet)
Seat 4: mmarshall47 mucked [Jd 6s]
Seat 5: Dorex2007 (button) folded on the River
Seat 6: WG8978 (small blind) folded on the Flop
Seat 7: cormac4321 (big blind) showed [7c 5h] and won ($0.23) with a straight, Three to Seven
Seat 8: Zuban442 folded before Flop (didn't bet)
Seat 9: SawaBeton folded before Flop (didn't bet)



PokerStars Hand #225399357276:  Hold'em No Limit ($0.01/$0.02 USD) - 2021/04/01 12:37:04 PT [2021/04/01 15:37:04 ET]
Table 'Procyon II' 9-max Seat #6 is the button
Seat 1: LuffyGozaru ($2 in chips) 
Seat 2: infiniti888 ($2.54 in chips) 
Seat 4: mmarshall47 ($2.94 in chips) 
Seat 5: Dorex2007 ($2.86 in chips) 
Seat 6: WG8978 ($2.11 in chips) 
Seat 7: cormac4321 ($2.05 in chips) 
Seat 8: Zuban442 ($2.18 in chips) 
Seat 9: SawaBeton ($2.07 in chips) 
cormac4321: posts small blind $0.01
Zuban442: posts big blind $0.02
*** HOLE CARDS ***
Dealt to Dorex2007 [3d Qh]
SawaBeton: folds 
LuffyGozaru: folds 
infiniti888 has timed out
infiniti888: folds 
dennn4ik leaves the table
mmarshall47: calls $0.02
Dorex2007: folds 
WG8978: calls $0.02
cormac4321: raises $0.04 to $0.06
Zuban442: folds 
mmarshall47: folds 
WG8978: calls $0.04
*** FLOP *** [8h Qs Th]
cormac4321: checks 
WG8978: checks 
*** TURN *** [8h Qs Th] [5s]
cormac4321: checks 
WG8978: bets $0.08
cormac4321: calls $0.08
*** RIVER *** [8h Qs Th 5s] [Js]
cormac4321: checks 
WG8978: bets $0.16
cormac4321: calls $0.16
*** SHOW DOWN ***
WG8978: shows [Ad 4d] (high card Ace)
cormac4321: shows [Kh Ks] (a pair of Kings)
cormac4321 collected $0.62 from pot
*** SUMMARY ***
Total pot $0.64 | Rake $0.02 
Board [8h Qs Th 5s Js]
Seat 1: LuffyGozaru folded before Flop (didn't bet)
Seat 2: infiniti888 folded before Flop (didn't bet)
Seat 4: mmarshall47 folded before Flop
Seat 5: Dorex2007 folded before Flop (didn't bet)
Seat 6: WG8978 (button) showed [Ad 4d] and lost with high card Ace
Seat 7: cormac4321 (small blind) showed [Kh Ks] and won ($0.62) with a pair of Kings
Seat 8: Zuban442 (big blind) folded before Flop
Seat 9: SawaBeton folded before Flop (didn't bet)



PokerStars Hand #225399397604:  Hold'em No Limit ($0.01/$0.02 USD) - 2021/04/01 12:38:04 PT [2021/04/01 15:38:04 ET]
Table 'Procyon II' 9-max Seat #7 is the button
Seat 1: LuffyGozaru ($2 in chips) 
Seat 4: mmarshall47 ($2.92 in chips) 
Seat 5: Dorex2007 ($2.86 in chips) 
Seat 6: WG8978 ($2 in chips) 
Seat 7: cormac4321 ($2.37 in chips) 
Seat 8: Zuban442 ($2.16 in chips) 
Seat 9: SawaBeton ($2.07 in chips) 
Zuban442: posts small blind $0.01
SawaBeton: posts big blind $0.02
*** HOLE CARDS ***
Dealt to Dorex2007 [Qc Td]
LuffyGozaru: folds 
mmarshall47: calls $0.02
Dorex2007: folds 
WG8978: calls $0.02
cormac4321: calls $0.02
Zuban442: calls $0.01
SawaBeton: checks 
*** FLOP *** [3d 7d 5d]
Zuban442: checks 
SawaBeton: checks 
mmarshall47: checks 
WG8978: checks 
cormac4321: bets $0.02
Zuban442: calls $0.02
SawaBeton: folds 
mmarshall47: folds 
WG8978: calls $0.02
*** TURN *** [3d 7d 5d] [Js]
Viperloop joins the table at seat #3 
Zuban442: bets $0.07
WG8978: folds 
cormac4321: calls $0.07
*** RIVER *** [3d 7d 5d Js] [Kd]
Zuban442: checks 
cormac4321: checks 
*** SHOW DOWN ***
Zuban442: shows [Jc Ad] (a flush, Ace high)
cormac4321: mucks hand 
Zuban442 collected $0.29 from pot
*** SUMMARY ***
Total pot $0.30 | Rake $0.01 
Board [3d 7d 5d Js Kd]
Seat 1: LuffyGozaru folded before Flop (didn't bet)
Seat 4: mmarshall47 folded on the Flop
Seat 5: Dorex2007 folded before Flop (didn't bet)
Seat 6: WG8978 folded on the Turn
Seat 7: cormac4321 (button) mucked [Qs 7s]
Seat 8: Zuban442 (small blind) showed [Jc Ad] and won ($0.29) with a flush, Ace high
Seat 9: SawaBeton (big blind) folded on the Flop



PokerStars Hand #225399445721:  Hold'em No Limit ($0.01/$0.02 USD) - 2021/04/01 12:39:16 PT [2021/04/01 15:39:16 ET]
Table 'Procyon II' 9-max Seat #8 is the button
Seat 1: LuffyGozaru ($2 in chips) 
Seat 2: infiniti888 ($2.54 in chips) 
Seat 4: mmarshall47 ($2.90 in chips) 
Seat 5: Dorex2007 ($2.86 in chips) 
Seat 6: WG8978 ($2 in chips) 
Seat 7: cormac4321 ($2.26 in chips) 
Seat 8: Zuban442 ($2.34 in chips) 
Seat 9: SawaBeton ($2.05 in chips) 
SawaBeton: posts small blind $0.01
LuffyGozaru: posts big blind $0.02
Viperloop: sits out 
*** HOLE CARDS ***
Dealt to Dorex2007 [9s 5d]
infiniti888 has timed out
infiniti888: folds 
mmarshall47: folds 
Dorex2007: folds 
WG8978: folds 
cormac4321: folds 
Zuban442: folds 
SawaBeton: raises $0.04 to $0.06
LuffyGozaru: folds 
Uncalled bet ($0.04) returned to SawaBeton
SawaBeton collected $0.04 from pot
*** SUMMARY ***
Total pot $0.04 | Rake $0 
Seat 1: LuffyGozaru (big blind) folded before Flop
Seat 2: infiniti888 folded before Flop (didn't bet)
Seat 4: mmarshall47 folded before Flop (didn't bet)
Seat 5: Dorex2007 folded before Flop (didn't bet)
Seat 6: WG8978 folded before Flop (didn't bet)
Seat 7: cormac4321 folded before Flop (didn't bet)
Seat 8: Zuban442 (button) folded before Flop (didn't bet)
Seat 9: SawaBeton (small blind) collected ($0.04)



PokerStars Hand #225399463030:  Hold'em No Limit ($0.01/$0.02 USD) - 2021/04/01 12:39:41 PT [2021/04/01 15:39:41 ET]
Table 'Procyon II' 9-max Seat #9 is the button
Seat 1: LuffyGozaru ($2 in chips) 
Seat 3: Viperloop ($2 in chips) 
Seat 4: mmarshall47 ($2.90 in chips) 
Seat 5: Dorex2007 ($2.86 in chips) 
Seat 6: WG8978 ($2 in chips) 
Seat 7: cormac4321 ($2.26 in chips) 
Seat 8: Zuban442 ($2.34 in chips) 
Seat 9: SawaBeton ($2.07 in chips) 
LuffyGozaru: posts small blind $0.01
Viperloop: posts big blind $0.02
*** HOLE CARDS ***
Dealt to Dorex2007 [Ac 5d]
mmarshall47: folds 
Dorex2007: folds 
WG8978: folds 
cormac4321: folds 
Zuban442: folds 
SawaBeton: folds 
LuffyGozaru: folds 
Uncalled bet ($0.01) returned to Viperloop
Viperloop collected $0.02 from pot
Viperloop: doesn't show hand 
*** SUMMARY ***
Total pot $0.02 | Rake $0 
Seat 1: LuffyGozaru (small blind) folded before Flop
Seat 3: Viperloop (big blind) collected ($0.02)
Seat 4: mmarshall47 folded before Flop (didn't bet)
Seat 5: Dorex2007 folded before Flop (didn't bet)
Seat 6: WG8978 folded before Flop (didn't bet)
Seat 7: cormac4321 folded before Flop (didn't bet)
Seat 8: Zuban442 folded before Flop (didn't bet)
Seat 9: SawaBeton (button) folded before Flop (didn't bet)



PokerStars Hand #225399471501:  Hold'em No Limit ($0.01/$0.02 USD) - 2021/04/01 12:39:54 PT [2021/04/01 15:39:54 ET]
Table 'Procyon II' 9-max Seat #1 is the button
Seat 1: LuffyGozaru ($2 in chips) 
Seat 3: Viperloop ($2.01 in chips) 
Seat 4: mmarshall47 ($2.90 in chips) 
Seat 5: Dorex2007 ($2.86 in chips) 
Seat 6: WG8978 ($2 in chips) 
Seat 7: cormac4321 ($2.26 in chips) 
Seat 8: Zuban442 ($2.34 in chips) 
Seat 9: SawaBeton ($2.07 in chips) 
Viperloop: posts small blind $0.01
mmarshall47: posts big blind $0.02
*** HOLE CARDS ***
Dealt to Dorex2007 [5c Td]
Dorex2007: folds 
WG8978: folds 
cormac4321: folds 
Zuban442: folds 
SawaBeton: folds 
LuffyGozaru: folds 
Viperloop: raises $0.04 to $0.06
mmarshall47: calls $0.04
*** FLOP *** [4c Qc 9c]
Viperloop: bets $0.06
mmarshall47: calls $0.06
*** TURN *** [4c Qc 9c] [4d]
Viperloop: bets $0.12
mmarshall47: calls $0.12
*** RIVER *** [4c Qc 9c 4d] [8s]
Viperloop: bets $0.23
mmarshall47: calls $0.23
*** SHOW DOWN ***
Viperloop: shows [Jh Qh] (two pair, Queens and Fours)
mmarshall47: mucks hand 
Viperloop collected $0.91 from pot
*** SUMMARY ***
Total pot $0.94 | Rake $0.03 
Board [4c Qc 9c 4d 8s]
Seat 1: LuffyGozaru (button) folded before Flop (didn't bet)
Seat 3: Viperloop (small blind) showed [Jh Qh] and won ($0.91) with two pair, Queens and Fours
Seat 4: mmarshall47 (big blind) mucked [Ah 9s]
Seat 5: Dorex2007 folded before Flop (didn't bet)
Seat 6: WG8978 folded before Flop (didn't bet)
Seat 7: cormac4321 folded before Flop (didn't bet)
Seat 8: Zuban442 folded before Flop (didn't bet)
Seat 9: SawaBeton folded before Flop (didn't bet)



PokerStars Hand #225399504817:  Hold'em No Limit ($0.01/$0.02 USD) - 2021/04/01 12:40:43 PT [2021/04/01 15:40:43 ET]
Table 'Procyon II' 9-max Seat #3 is the button
Seat 1: LuffyGozaru ($2 in chips) 
Seat 3: Viperloop ($2.45 in chips) 
Seat 4: mmarshall47 ($2.43 in chips) 
Seat 5: Dorex2007 ($2.86 in chips) 
Seat 6: WG8978 ($2 in chips) 
Seat 7: cormac4321 ($2.26 in chips) 
Seat 8: Zuban442 ($2.34 in chips) 
Seat 9: SawaBeton ($2.07 in chips) 
mmarshall47: posts small blind $0.01
Dorex2007: posts big blind $0.02
*** HOLE CARDS ***
Dealt to Dorex2007 [8s Js]
WG8978: folds 
cormac4321: folds 
Zuban442: folds 
SawaBeton: folds 
LuffyGozaru: folds 
Viperloop: folds 
mmarshall47: calls $0.01
Dorex2007: checks 
*** FLOP *** [Jd Kc Th]
mmarshall47: bets $0.02
Dorex2007: calls $0.02
*** TURN *** [Jd Kc Th] [4c]
mmarshall47: bets $0.02
Dorex2007: calls $0.02
*** RIVER *** [Jd Kc Th 4c] [Ah]
mmarshall47: checks 
Dorex2007: bets $0.12
mmarshall47: folds 
Uncalled bet ($0.12) returned to Dorex2007
Dorex2007 collected $0.12 from pot
Dorex2007: doesn't show hand 
*** SUMMARY ***
Total pot $0.12 | Rake $0 
Board [Jd Kc Th 4c Ah]
Seat 1: LuffyGozaru folded before Flop (didn't bet)
Seat 3: Viperloop (button) folded before Flop (didn't bet)
Seat 4: mmarshall47 (small blind) folded on the River
Seat 5: Dorex2007 (big blind) collected ($0.12)
Seat 6: WG8978 folded before Flop (didn't bet)
Seat 7: cormac4321 folded before Flop (didn't bet)
Seat 8: Zuban442 folded before Flop (didn't bet)
Seat 9: SawaBeton folded before Flop (didn't bet)



PokerStars Hand #225399529517:  Hold'em No Limit ($0.01/$0.02 USD) - 2021/04/01 12:41:20 PT [2021/04/01 15:41:20 ET]
Table 'Procyon II' 9-max Seat #4 is the button
Seat 1: LuffyGozaru ($2 in chips) 
Seat 3: Viperloop ($2.45 in chips) 
Seat 4: mmarshall47 ($2.37 in chips) 
Seat 5: Dorex2007 ($2.92 in chips) 
Seat 6: WG8978 ($2 in chips) 
Seat 7: cormac4321 ($2.26 in chips) 
Seat 8: Zuban442 ($2.34 in chips) 
Seat 9: SawaBeton ($2.07 in chips) 
Dorex2007: posts small blind $0.01
WG8978: posts big blind $0.02
infiniti888: sits out 
*** HOLE CARDS ***
Dealt to Dorex2007 [5c 3s]
cormac4321: calls $0.02
Zuban442: folds 
SawaBeton: folds 
LuffyGozaru: folds 
Viperloop: folds 
mmarshall47: calls $0.02
Dorex2007: folds 
WG8978: checks 
*** FLOP *** [9h 3d 8s]
WG8978: checks 
cormac4321: bets $0.04
mmarshall47: calls $0.04
WG8978: folds 
*** TURN *** [9h 3d 8s] [3c]
cormac4321: bets $0.02
mmarshall47: calls $0.02
*** RIVER *** [9h 3d 8s 3c] [2d]
cormac4321: bets $0.18
mmarshall47: folds 
Uncalled bet ($0.18) returned to cormac4321
cormac4321 collected $0.18 from pot
cormac4321: doesn't show hand 
*** SUMMARY ***
Total pot $0.19 | Rake $0.01 
Board [9h 3d 8s 3c 2d]
Seat 1: LuffyGozaru folded before Flop (didn't bet)
Seat 3: Viperloop folded before Flop (didn't bet)
Seat 4: mmarshall47 (button) folded on the River
Seat 5: Dorex2007 (small blind) folded before Flop
Seat 6: WG8978 (big blind) folded on the Flop
Seat 7: cormac4321 collected ($0.18)
Seat 8: Zuban442 folded before Flop (didn't bet)
Seat 9: SawaBeton folded before Flop (didn't bet)



PokerStars Hand #225399571950:  Hold'em No Limit ($0.01/$0.02 USD) - 2021/04/01 12:42:22 PT [2021/04/01 15:42:22 ET]
Table 'Procyon II' 9-max Seat #5 is the button
Seat 1: LuffyGozaru ($2 in chips) 
Seat 3: Viperloop ($2.45 in chips) 
Seat 4: mmarshall47 ($2.29 in chips) 
Seat 5: Dorex2007 ($2.91 in chips) 
Seat 6: WG8978 ($2 in chips) 
Seat 7: cormac4321 ($2.36 in chips) 
Seat 8: Zuban442 ($2.34 in chips) 
Seat 9: SawaBeton ($2.07 in chips) 
WG8978: posts small blind $0.01
cormac4321: posts big blind $0.02
infiniti888: sits out 
*** HOLE CARDS ***
Dealt to Dorex2007 [3d As]
Zuban442: folds 
SawaBeton: folds 
LuffyGozaru: folds 
Viperloop: folds 
mmarshall47: calls $0.02
Dorex2007: folds 
WG8978: raises $0.06 to $0.08
cormac4321: folds 
mmarshall47: calls $0.06
*** FLOP *** [Ks 5c Jh]
WG8978: checks 
mmarshall47: bets $0.02
WG8978: calls $0.02
*** TURN *** [Ks 5c Jh] [5s]
WG8978: checks 
mmarshall47: bets $0.10
WG8978: calls $0.10
*** RIVER *** [Ks 5c Jh 5s] [3h]
WG8978: checks 
mmarshall47: bets $0.41
WG8978: folds 
Uncalled bet ($0.41) returned to mmarshall47
mmarshall47 collected $0.41 from pot
mmarshall47: doesn't show hand 
*** SUMMARY ***
Total pot $0.42 | Rake $0.01 
Board [Ks 5c Jh 5s 3h]
Seat 1: LuffyGozaru folded before Flop (didn't bet)
Seat 3: Viperloop folded before Flop (didn't bet)
Seat 4: mmarshall47 collected ($0.41)
Seat 5: Dorex2007 (button) folded before Flop (didn't bet)
Seat 6: WG8978 (small blind) folded on the River
Seat 7: cormac4321 (big blind) folded before Flop
Seat 8: Zuban442 folded before Flop (didn't bet)
Seat 9: SawaBeton folded before Flop (didn't bet)



PokerStars Hand #225399610202:  Hold'em No Limit ($0.01/$0.02 USD) - 2021/04/01 12:43:19 PT [2021/04/01 15:43:19 ET]
Table 'Procyon II' 9-max Seat #6 is the button
Seat 1: LuffyGozaru ($2 in chips) 
Seat 3: Viperloop ($2.45 in chips) 
Seat 4: mmarshall47 ($2.50 in chips) 
Seat 5: Dorex2007 ($2.91 in chips) 
Seat 6: WG8978 ($2 in chips) 
Seat 7: cormac4321 ($2.34 in chips) 
Seat 8: Zuban442 ($2.34 in chips) 
Seat 9: SawaBeton ($2.07 in chips) 
cormac4321: posts small blind $0.01
Zuban442: posts big blind $0.02
infiniti888: sits out 
*** HOLE CARDS ***
Dealt to Dorex2007 [6s 6d]
SawaBeton: folds 
LuffyGozaru: raises $0.04 to $0.06
Viperloop: folds 
SawaBeton leaves the table
mmarshall47: calls $0.06
Dorex2007: calls $0.06
WG8978: folds 
cormac4321: folds 
Zuban442: folds 
*** FLOP *** [Ac 6h Qc]
LuffyGozaru: bets $0.14
clasohson joins the table at seat #9 
mmarshall47: folds 
Dorex2007: raises $0.14 to $0.28
LuffyGozaru: raises $1.66 to $1.94 and is all-in
Dorex2007: calls $1.66
*** TURN *** [Ac 6h Qc] [Kd]
*** RIVER *** [Ac 6h Qc Kd] [Jh]
*** SHOW DOWN ***
LuffyGozaru: shows [Qh Qd] (three of a kind, Queens)
Dorex2007: shows [6s 6d] (three of a kind, Sixes)
LuffyGozaru cashed out the hand for $3.74 | Cash Out Fee $0.04
*** SUMMARY ***
Total pot $4.09 | Rake $0.14 
Board [Ac 6h Qc Kd Jh]
Seat 1: LuffyGozaru showed [Qh Qd] and won ($3.95) with three of a kind, Queens (pot not awarded as player cashed out)
Seat 3: Viperloop folded before Flop (didn't bet)
Seat 4: mmarshall47 folded on the Flop
Seat 5: Dorex2007 showed [6s 6d] and lost with three of a kind, Sixes
Seat 6: WG8978 (button) folded before Flop (didn't bet)
Seat 7: cormac4321 (small blind) folded before Flop
Seat 8: Zuban442 (big blind) folded before Flop
Seat 9: SawaBeton folded before Flop (didn't bet)



PokerStars Hand #225399643785:  Hold'em No Limit ($0.01/$0.02 USD) - 2021/04/01 12:44:09 PT [2021/04/01 15:44:09 ET]
Table 'Procyon II' 9-max Seat #7 is the button
Seat 1: LuffyGozaru ($3.74 in chips) 
Seat 3: Viperloop ($2.45 in chips) 
Seat 4: mmarshall47 ($2.44 in chips) 
Seat 5: Dorex2007 ($0.91 in chips) 
Seat 6: WG8978 ($2 in chips) 
Seat 7: cormac4321 ($2.33 in chips) 
Seat 8: Zuban442 ($2.32 in chips) 
Seat 9: clasohson ($2.02 in chips) 
Zuban442: posts small blind $0.01
clasohson: posts big blind $0.02
infiniti888: sits out 
*** HOLE CARDS ***
Dealt to Dorex2007 [2d Ts]
LuffyGozaru: folds 
Viperloop: folds 
mmarshall47: calls $0.02
Dorex2007: folds 
WG8978: calls $0.02
cormac4321: raises $0.08 to $0.10
Zuban442: folds 
clasohson: calls $0.08
mmarshall47: folds 
WG8978: folds 
*** FLOP *** [9s 6d 2s]
clasohson: checks 
cormac4321: bets $0.04
clasohson: calls $0.04
*** TURN *** [9s 6d 2s] [Jc]
clasohson: checks 
cormac4321: bets $0.04
clasohson: calls $0.04
*** RIVER *** [9s 6d 2s Jc] [Th]
clasohson: checks 
cormac4321: bets $0.04
clasohson: calls $0.04
*** SHOW DOWN ***
cormac4321: shows [Ks Kh] (a pair of Kings)
clasohson: mucks hand 
cormac4321 collected $0.47 from pot
*** SUMMARY ***
Total pot $0.49 | Rake $0.02 
Board [9s 6d 2s Jc Th]
Seat 1: LuffyGozaru folded before Flop (didn't bet)
Seat 3: Viperloop folded before Flop (didn't bet)
Seat 4: mmarshall47 folded before Flop
Seat 5: Dorex2007 folded before Flop (didn't bet)
Seat 6: WG8978 folded before Flop
Seat 7: cormac4321 (button) showed [Ks Kh] and won ($0.47) with a pair of Kings
Seat 8: Zuban442 (small blind) folded before Flop
Seat 9: clasohson (big blind) mucked [4c Ac]



PokerStars Hand #225399704985:  Hold'em No Limit ($0.01/$0.02 USD) - 2021/04/01 12:45:39 PT [2021/04/01 15:45:39 ET]
Table 'Procyon II' 9-max Seat #8 is the button
Seat 1: LuffyGozaru ($3.74 in chips) 
Seat 3: Viperloop ($2.45 in chips) 
Seat 4: mmarshall47 ($2.42 in chips) 
Seat 5: Dorex2007 ($2 in chips) 
Seat 6: WG8978 ($2 in chips) 
Seat 7: cormac4321 ($2.58 in chips) 
Seat 8: Zuban442 ($2.31 in chips) 
Seat 9: clasohson ($2 in chips) 
clasohson: posts small blind $0.01
LuffyGozaru: posts big blind $0.02
infiniti888: sits out 
*** HOLE CARDS ***
Dealt to Dorex2007 [Qd 8d]
Viperloop: folds 
mmarshall47: calls $0.02
Dorex2007: folds 
WG8978: folds 
cormac4321: raises $0.02 to $0.04
Zuban442: folds 
clasohson: folds 
LuffyGozaru: folds 
mmarshall47: calls $0.02
*** FLOP *** [2d Ts Tc]
mmarshall47: checks 
cormac4321: bets $0.04
mmarshall47: folds 
Uncalled bet ($0.04) returned to cormac4321
cormac4321 collected $0.11 from pot
cormac4321: doesn't show hand 
*** SUMMARY ***
Total pot $0.11 | Rake $0 
Board [2d Ts Tc]
Seat 1: LuffyGozaru (big blind) folded before Flop
Seat 3: Viperloop folded before Flop (didn't bet)
Seat 4: mmarshall47 folded on the Flop
Seat 5: Dorex2007 folded before Flop (didn't bet)
Seat 6: WG8978 folded before Flop (didn't bet)
Seat 7: cormac4321 collected ($0.11)
Seat 8: Zuban442 (button) folded before Flop (didn't bet)
Seat 9: clasohson (small blind) folded before Flop



PokerStars Hand #225399733069:  Hold'em No Limit ($0.01/$0.02 USD) - 2021/04/01 12:46:21 PT [2021/04/01 15:46:21 ET]
Table 'Procyon II' 9-max Seat #9 is the button
Seat 1: LuffyGozaru ($3.72 in chips) 
Seat 2: infiniti888 ($2.54 in chips) 
Seat 3: Viperloop ($2.45 in chips) 
Seat 4: mmarshall47 ($2.38 in chips) 
Seat 5: Dorex2007 ($2 in chips) 
Seat 6: WG8978 ($2 in chips) 
Seat 7: cormac4321 ($2.65 in chips) 
Seat 8: Zuban442 ($2.31 in chips) 
Seat 9: clasohson ($2 in chips) 
LuffyGozaru: posts small blind $0.01
infiniti888: posts big blind $0.02
*** HOLE CARDS ***
Dealt to Dorex2007 [9d 6s]
Viperloop: folds 
mmarshall47: folds 
Dorex2007: folds 
WG8978: folds 
cormac4321: calls $0.02
Zuban442: folds 
clasohson: folds 
LuffyGozaru: folds 
infiniti888: checks 
*** FLOP *** [6h 9c 9h]
infiniti888: checks 
cormac4321: bets $0.02
infiniti888: folds 
Uncalled bet ($0.02) returned to cormac4321
cormac4321 collected $0.05 from pot
cormac4321: doesn't show hand 
*** SUMMARY ***
Total pot $0.05 | Rake $0 
Board [6h 9c 9h]
Seat 1: LuffyGozaru (small blind) folded before Flop
Seat 2: infiniti888 (big blind) folded on the Flop
Seat 3: Viperloop folded before Flop (didn't bet)
Seat 4: mmarshall47 folded before Flop (didn't bet)
Seat 5: Dorex2007 folded before Flop (didn't bet)
Seat 6: WG8978 folded before Flop (didn't bet)
Seat 7: cormac4321 collected ($0.05)
Seat 8: Zuban442 folded before Flop (didn't bet)
Seat 9: clasohson (button) folded before Flop (didn't bet)



PokerStars Hand #225399753844:  Hold'em No Limit ($0.01/$0.02 USD) - 2021/04/01 12:46:52 PT [2021/04/01 15:46:52 ET]
Table 'Procyon II' 9-max Seat #1 is the button
Seat 1: LuffyGozaru ($3.71 in chips) 
Seat 2: infiniti888 ($2.52 in chips) 
Seat 3: Viperloop ($2.45 in chips) 
Seat 4: mmarshall47 ($2.38 in chips) 
Seat 5: Dorex2007 ($2 in chips) 
Seat 6: WG8978 ($2 in chips) 
Seat 7: cormac4321 ($2.68 in chips) 
Seat 8: Zuban442 ($2.31 in chips) 
Seat 9: clasohson ($2 in chips) 
infiniti888: posts small blind $0.01
Viperloop: posts big blind $0.02
*** HOLE CARDS ***
Dealt to Dorex2007 [6d Th]
mmarshall47: calls $0.02
Dorex2007: folds 
WG8978: folds 
cormac4321: folds 
Zuban442: folds 
clasohson: folds 
LuffyGozaru: folds 
infiniti888: calls $0.01
Viperloop: checks 
*** FLOP *** [5s 8s Jd]
infiniti888: checks 
Viperloop: bets $0.02
mmarshall47: calls $0.02
infiniti888: folds 
*** TURN *** [5s 8s Jd] [3s]
Viperloop: checks 
mmarshall47: bets $0.02
Viperloop: calls $0.02
*** RIVER *** [5s 8s Jd 3s] [2s]
Viperloop: checks 
mmarshall47: bets $0.07
Viperloop: calls $0.07
*** SHOW DOWN ***
mmarshall47: shows [Js Kd] (a flush, Jack high)
Viperloop: mucks hand 
mmarshall47 collected $0.27 from pot
*** SUMMARY ***
Total pot $0.28 | Rake $0.01 
Board [5s 8s Jd 3s 2s]
Seat 1: LuffyGozaru (button) folded before Flop (didn't bet)
Seat 2: infiniti888 (small blind) folded on the Flop
Seat 3: Viperloop (big blind) mucked [Qh 8h]
Seat 4: mmarshall47 showed [Js Kd] and won ($0.27) with a flush, Jack high
Seat 5: Dorex2007 folded before Flop (didn't bet)
Seat 6: WG8978 folded before Flop (didn't bet)
Seat 7: cormac4321 folded before Flop (didn't bet)
Seat 8: Zuban442 folded before Flop (didn't bet)
Seat 9: clasohson folded before Flop (didn't bet)



PokerStars Hand #225399794046:  Hold'em No Limit ($0.01/$0.02 USD) - 2021/04/01 12:47:51 PT [2021/04/01 15:47:51 ET]
Table 'Procyon II' 9-max Seat #2 is the button
Seat 1: LuffyGozaru ($3.71 in chips) 
Seat 2: infiniti888 ($2.50 in chips) 
Seat 3: Viperloop ($2.32 in chips) 
Seat 4: mmarshall47 ($2.52 in chips) 
Seat 5: Dorex2007 ($2 in chips) 
Seat 6: WG8978 ($2 in chips) 
Seat 7: cormac4321 ($2.68 in chips) 
Seat 8: Zuban442 ($2.31 in chips) 
Seat 9: clasohson ($2 in chips) 
Viperloop: posts small blind $0.01
mmarshall47: posts big blind $0.02
*** HOLE CARDS ***
Dealt to Dorex2007 [8h 6h]
Dorex2007: folds 
WG8978: folds 
cormac4321: calls $0.02
Zuban442: folds 
clasohson: folds 
LuffyGozaru: folds 
infiniti888: folds 
Viperloop: folds 
mmarshall47: checks 
*** FLOP *** [Ah Ks 3d]
mmarshall47: checks 
cormac4321: bets $0.02
mmarshall47: folds 
Uncalled bet ($0.02) returned to cormac4321
cormac4321 collected $0.05 from pot
cormac4321: doesn't show hand 
*** SUMMARY ***
Total pot $0.05 | Rake $0 
Board [Ah Ks 3d]
Seat 1: LuffyGozaru folded before Flop (didn't bet)
Seat 2: infiniti888 (button) folded before Flop (didn't bet)
Seat 3: Viperloop (small blind) folded before Flop
Seat 4: mmarshall47 (big blind) folded on the Flop
Seat 5: Dorex2007 folded before Flop (didn't bet)
Seat 6: WG8978 folded before Flop (didn't bet)
Seat 7: cormac4321 collected ($0.05)
Seat 8: Zuban442 folded before Flop (didn't bet)
Seat 9: clasohson folded before Flop (didn't bet)



PokerStars Hand #225399813056:  Hold'em No Limit ($0.01/$0.02 USD) - 2021/04/01 12:48:19 PT [2021/04/01 15:48:19 ET]
Table 'Procyon II' 9-max Seat #3 is the button
Seat 1: LuffyGozaru ($3.71 in chips) 
Seat 2: infiniti888 ($2.50 in chips) 
Seat 3: Viperloop ($2.31 in chips) 
Seat 4: mmarshall47 ($2.50 in chips) 
Seat 5: Dorex2007 ($2 in chips) 
Seat 6: WG8978 ($2 in chips) 
Seat 7: cormac4321 ($2.71 in chips) 
Seat 8: Zuban442 ($2.31 in chips) 
Seat 9: clasohson ($2 in chips) 
mmarshall47: posts small blind $0.01
Dorex2007: posts big blind $0.02
*** HOLE CARDS ***
Dealt to Dorex2007 [5s 7s]
WG8978: folds 
cormac4321: calls $0.02
Zuban442: folds 
clasohson: raises $0.06 to $0.08
LuffyGozaru: folds 
infiniti888: folds 
Viperloop: folds 
mmarshall47: folds 
Dorex2007: folds 
cormac4321: calls $0.06
*** FLOP *** [4h 4s 6c]
cormac4321: bets $0.09
clasohson: calls $0.09
*** TURN *** [4h 4s 6c] [Td]
cormac4321: checks 
clasohson: checks 
*** RIVER *** [4h 4s 6c Td] [3h]
cormac4321: checks 
clasohson: checks 
*** SHOW DOWN ***
cormac4321: shows [5h Ad] (a pair of Fours)
clasohson: shows [Qd Ac] (a pair of Fours - Ace+Queen kicker)
clasohson collected $0.36 from pot
*** SUMMARY ***
Total pot $0.37 | Rake $0.01 
Board [4h 4s 6c Td 3h]
Seat 1: LuffyGozaru folded before Flop (didn't bet)
Seat 2: infiniti888 folded before Flop (didn't bet)
Seat 3: Viperloop (button) folded before Flop (didn't bet)
Seat 4: mmarshall47 (small blind) folded before Flop
Seat 5: Dorex2007 (big blind) folded before Flop
Seat 6: WG8978 folded before Flop (didn't bet)
Seat 7: cormac4321 showed [5h Ad] and lost with a pair of Fours
Seat 8: Zuban442 folded before Flop (didn't bet)
Seat 9: clasohson showed [Qd Ac] and won ($0.36) with a pair of Fours



PokerStars Hand #225399856114:  Hold'em No Limit ($0.01/$0.02 USD) - 2021/04/01 12:49:24 PT [2021/04/01 15:49:24 ET]
Table 'Procyon II' 9-max Seat #5 is the button
Seat 1: LuffyGozaru ($3.71 in chips) 
Seat 2: infiniti888 ($2.50 in chips) 
Seat 3: Viperloop ($2.31 in chips) 
Seat 5: Dorex2007 ($1.98 in chips) 
Seat 6: WG8978 ($2 in chips) 
Seat 7: cormac4321 ($2.54 in chips) 
Seat 8: Zuban442 ($2.31 in chips) 
Seat 9: clasohson ($2.19 in chips) 
WG8978: posts small blind $0.01
cormac4321: posts big blind $0.02
*** HOLE CARDS ***
Dealt to Dorex2007 [4h 6s]
Zuban442: raises $0.04 to $0.06
clasohson: folds 
LuffyGozaru: folds 
infiniti888: folds 
Viperloop: folds 
Dorex2007: folds 
WG8978: folds 
cormac4321: calls $0.04
*** FLOP *** [Td 3d 7s]
cormac4321: bets $0.07
Zuban442: calls $0.07
*** TURN *** [Td 3d 7s] [Ts]
cormac4321: bets $0.13
Zuban442: calls $0.13
*** RIVER *** [Td 3d 7s Ts] [3h]
cormac4321: checks 
Zuban442: checks 
*** SHOW DOWN ***
cormac4321: shows [6d Kd] (two pair, Tens and Threes)
Zuban442: shows [Jc Jh] (two pair, Jacks and Tens)
Zuban442 collected $0.51 from pot
*** SUMMARY ***
Total pot $0.53 | Rake $0.02 
Board [Td 3d 7s Ts 3h]
Seat 1: LuffyGozaru folded before Flop (didn't bet)
Seat 2: infiniti888 folded before Flop (didn't bet)
Seat 3: Viperloop folded before Flop (didn't bet)
Seat 5: Dorex2007 (button) folded before Flop (didn't bet)
Seat 6: WG8978 (small blind) folded before Flop
Seat 7: cormac4321 (big blind) showed [6d Kd] and lost with two pair, Tens and Threes
Seat 8: Zuban442 showed [Jc Jh] and won ($0.51) with two pair, Jacks and Tens
Seat 9: clasohson folded before Flop (didn't bet)



PokerStars Hand #225399881308:  Hold'em No Limit ($0.01/$0.02 USD) - 2021/04/01 12:50:01 PT [2021/04/01 15:50:01 ET]
Table 'Procyon II' 9-max Seat #6 is the button
Seat 1: LuffyGozaru ($3.71 in chips) 
Seat 2: infiniti888 ($2.50 in chips) 
Seat 3: Viperloop ($2.31 in chips) 
Seat 5: Dorex2007 ($1.98 in chips) 
Seat 6: WG8978 ($2 in chips) 
Seat 7: cormac4321 ($2.28 in chips) 
Seat 8: Zuban442 ($2.56 in chips) 
Seat 9: clasohson ($2.19 in chips) 
cormac4321: posts small blind $0.01
Zuban442: posts big blind $0.02
*** HOLE CARDS ***
Dealt to Dorex2007 [Kc Qs]
clasohson: folds 
LuffyGozaru: folds 
infiniti888: calls $0.02
Viperloop: folds 
Dorex2007: raises $0.04 to $0.06
WG8978: folds 
cormac4321: calls $0.05
Zuban442: folds 
infiniti888: calls $0.04
*** FLOP *** [Ts 8s 5c]
cormac4321: checks 
infiniti888: checks 
Dorex2007: checks 
*** TURN *** [Ts 8s 5c] [As]
cormac4321: checks 
infiniti888: checks 
Dorex2007: bets $0.19
cormac4321: folds 
infiniti888: folds 
Uncalled bet ($0.19) returned to Dorex2007
infiniti888 leaves the table
Dorex2007 collected $0.19 from pot
Dorex2007: doesn't show hand 
*** SUMMARY ***
Total pot $0.20 | Rake $0.01 
Board [Ts 8s 5c As]
Seat 1: LuffyGozaru folded before Flop (didn't bet)
Seat 2: infiniti888 folded on the Turn
Seat 3: Viperloop folded before Flop (didn't bet)
Seat 5: Dorex2007 collected ($0.19)
Seat 6: WG8978 (button) folded before Flop (didn't bet)
Seat 7: cormac4321 (small blind) folded on the Turn
Seat 8: Zuban442 (big blind) folded before Flop
Seat 9: clasohson folded before Flop (didn't bet)



PokerStars Hand #225399915037:  Hold'em No Limit ($0.01/$0.02 USD) - 2021/04/01 12:50:51 PT [2021/04/01 15:50:51 ET]
Table 'Procyon II' 9-max Seat #7 is the button
Seat 1: LuffyGozaru ($3.71 in chips) 
Seat 3: Viperloop ($2.31 in chips) 
Seat 5: Dorex2007 ($2.11 in chips) 
Seat 6: WG8978 ($2 in chips) 
Seat 7: cormac4321 ($2.22 in chips) 
Seat 8: Zuban442 ($2.54 in chips) 
Seat 9: clasohson ($2.19 in chips) 
Zuban442: posts small blind $0.01
clasohson: posts big blind $0.02
*** HOLE CARDS ***
Dealt to Dorex2007 [3c 2h]
LuffyGozaru: folds 
Viperloop: folds 
Dorex2007: folds 
WG8978: raises $0.02 to $0.04
cormac4321: folds 
Zuban442: calls $0.03
clasohson: calls $0.02
*** FLOP *** [Qs 9c Td]
Zuban442: checks 
clasohson: checks 
WG8978: checks 
*** TURN *** [Qs 9c Td] [Kh]
Zuban442: bets $0.06
clasohson: folds 
Viperloop leaves the table
WG8978: folds 
Uncalled bet ($0.06) returned to Zuban442
Zuban442 collected $0.12 from pot
Zuban442: doesn't show hand 
*** SUMMARY ***
Total pot $0.12 | Rake $0 
Board [Qs 9c Td Kh]
Seat 1: LuffyGozaru folded before Flop (didn't bet)
Seat 3: Viperloop folded before Flop (didn't bet)
Seat 5: Dorex2007 folded before Flop (didn't bet)
Seat 6: WG8978 folded on the Turn
Seat 7: cormac4321 (button) folded before Flop (didn't bet)
Seat 8: Zuban442 (small blind) collected ($0.12)
Seat 9: clasohson (big blind) folded on the Turn



PokerStars Hand #225399957384:  Hold'em No Limit ($0.01/$0.02 USD) - 2021/04/01 12:51:54 PT [2021/04/01 15:51:54 ET]
Table 'Procyon II' 9-max Seat #8 is the button
Seat 1: LuffyGozaru ($3.71 in chips) 
Seat 5: Dorex2007 ($2.11 in chips) 
Seat 6: WG8978 ($2 in chips) 
Seat 7: cormac4321 ($2.22 in chips) 
Seat 8: Zuban442 ($2.62 in chips) 
Seat 9: clasohson ($2.15 in chips) 
clasohson: posts small blind $0.01
LuffyGozaru: posts big blind $0.02
*** HOLE CARDS ***
Dealt to Dorex2007 [Ah 4h]
Dorex2007: raises $0.04 to $0.06
WG8978: folds 
cormac4321: folds 
Zuban442: folds 
clasohson: folds 
LuffyGozaru: folds 
Uncalled bet ($0.04) returned to Dorex2007
Dorex2007 collected $0.05 from pot
Dorex2007: doesn't show hand 
*** SUMMARY ***
Total pot $0.05 | Rake $0 
Seat 1: LuffyGozaru (big blind) folded before Flop
Seat 5: Dorex2007 collected ($0.05)
Seat 6: WG8978 folded before Flop (didn't bet)
Seat 7: cormac4321 folded before Flop (didn't bet)
Seat 8: Zuban442 (button) folded before Flop (didn't bet)
Seat 9: clasohson (small blind) folded before Flop



PokerStars Hand #225399968953:  Hold'em No Limit ($0.01/$0.02 USD) - 2021/04/01 12:52:12 PT [2021/04/01 15:52:12 ET]
Table 'Procyon II' 9-max Seat #9 is the button
Seat 1: LuffyGozaru ($3.69 in chips) 
Seat 5: Dorex2007 ($2.14 in chips) 
Seat 6: WG8978 ($2 in chips) 
Seat 7: cormac4321 ($2.22 in chips) 
Seat 8: Zuban442 ($2.62 in chips) 
Seat 9: clasohson ($2.14 in chips) 
LuffyGozaru: posts small blind $0.01
Dorex2007: posts big blind $0.02
*** HOLE CARDS ***
Dealt to Dorex2007 [9d Qs]
WG8978: folds 
cormac4321: folds 
Zuban442: folds 
mmarshall47 is disconnected 
WG8978 leaves the table
clasohson: raises $0.04 to $0.06
LuffyGozaru: folds 
Dorex2007: folds 
Uncalled bet ($0.04) returned to clasohson
clasohson collected $0.05 from pot
clasohson: doesn't show hand 
*** SUMMARY ***
Total pot $0.05 | Rake $0 
Seat 1: LuffyGozaru (small blind) folded before Flop
Seat 5: Dorex2007 (big blind) folded before Flop
Seat 6: WG8978 folded before Flop (didn't bet)
Seat 7: cormac4321 folded before Flop (didn't bet)
Seat 8: Zuban442 folded before Flop (didn't bet)
Seat 9: clasohson (button) collected ($0.05)



PokerStars Hand #225399979147:  Hold'em No Limit ($0.01/$0.02 USD) - 2021/04/01 12:52:27 PT [2021/04/01 15:52:27 ET]
Table 'Procyon II' 9-max Seat #1 is the button
Seat 1: LuffyGozaru ($3.68 in chips) 
Seat 5: Dorex2007 ($2.12 in chips) 
Seat 7: cormac4321 ($2.22 in chips) 
Seat 8: Zuban442 ($2.62 in chips) 
Seat 9: clasohson ($2.17 in chips) 
Dorex2007: posts small blind $0.01
cormac4321: posts big blind $0.02
*** HOLE CARDS ***
Dealt to Dorex2007 [Jh 2h]
Zuban442: folds 
Zuban442 leaves the table
clasohson: folds 
LuffyGozaru: folds 
Dorex2007: folds 
Uncalled bet ($0.01) returned to cormac4321
cormac4321 collected $0.02 from pot
cormac4321: doesn't show hand 
*** SUMMARY ***
Total pot $0.02 | Rake $0 
Seat 1: LuffyGozaru (button) folded before Flop (didn't bet)
Seat 5: Dorex2007 (small blind) folded before Flop
Seat 7: cormac4321 (big blind) collected ($0.02)
Seat 8: Zuban442 folded before Flop (didn't bet)
Seat 9: clasohson folded before Flop (didn't bet)



PokerStars Hand #225399988243:  Hold'em No Limit ($0.01/$0.02 USD) - 2021/04/01 12:52:40 PT [2021/04/01 15:52:40 ET]
Table 'Procyon II' 9-max Seat #5 is the button
Seat 1: LuffyGozaru ($3.68 in chips) 
Seat 5: Dorex2007 ($2.11 in chips) 
Seat 7: cormac4321 ($2.23 in chips) 
cormac4321: posts small blind $0.01
clasohson: is sitting out 
LuffyGozaru: posts big blind $0.02
*** HOLE CARDS ***
Dealt to Dorex2007 [6d Js]
clasohson leaves the table
Dorex2007: folds 
cormac4321: folds 
Uncalled bet ($0.01) returned to LuffyGozaru
LuffyGozaru collected $0.02 from pot
LuffyGozaru: doesn't show hand 
*** SUMMARY ***
Total pot $0.02 | Rake $0 
Seat 1: LuffyGozaru (big blind) collected ($0.02)
Seat 5: Dorex2007 (button) folded before Flop (didn't bet)
Seat 7: cormac4321 (small blind) folded before Flop



PokerStars Hand #225399991941:  Hold'em No Limit ($0.01/$0.02 USD) - 2021/04/01 12:52:46 PT [2021/04/01 15:52:46 ET]
Table 'Procyon II' 9-max Seat #7 is the button
Seat 1: LuffyGozaru ($3.69 in chips) 
Seat 5: Dorex2007 ($2.11 in chips) 
Seat 7: cormac4321 ($2.22 in chips) 
LuffyGozaru: posts small blind $0.01
Dorex2007: posts big blind $0.02
*** HOLE CARDS ***
Dealt to Dorex2007 [9c Ad]
cormac4321: calls $0.02
LuffyGozaru: folds 
Dorex2007: checks 
*** FLOP *** [Jc 7d Td]
LuffyGozaru leaves the table
debbyad joins the table at seat #8 
Dorex2007: checks 
cormac4321: bets $0.02
Dorex2007: calls $0.02
*** TURN *** [Jc 7d Td] [6d]
Dorex2007: checks 
cormac4321: bets $0.02
Dorex2007: calls $0.02
*** RIVER *** [Jc 7d Td 6d] [8h]
Dorex2007: bets $0.13
cormac4321: calls $0.13
*** SHOW DOWN ***
Dorex2007: shows [9c Ad] (a straight, Seven to Jack)
cormac4321: mucks hand 
Dorex2007 collected $0.38 from pot
*** SUMMARY ***
Total pot $0.39 | Rake $0.01 
Board [Jc 7d Td 6d 8h]
Seat 1: LuffyGozaru (small blind) folded before Flop
Seat 5: Dorex2007 (big blind) showed [9c Ad] and won ($0.38) with a straight, Seven to Jack
Seat 7: cormac4321 (button) mucked [Ts Js]



