PokerStars Hand #232446655817:  Hold'em No Limit ($0.01/$0.02 USD) - 2021/12/22 21:00:16 PT [2021/12/23 0:00:16 ET]
Table 'Urania II' 9-max Seat #3 is the button
Seat 1: deileon ($2.04 in chips) 
Seat 2: red8x4 ($1.24 in chips) 
Seat 3: Paty Doll726 ($0.65 in chips) 
Seat 4: frosa9397 ($1.20 in chips) 
Seat 6: Dorex2007 ($3.91 in chips) 
Seat 7: toon684 ($0.80 in chips) 
Seat 8: 2040800 ($1.82 in chips) 
frosa9397: posts small blind $0.01
Dorex2007: posts big blind $0.02
toon684: posts big blind $0.02
*** HOLE CARDS ***
Dealt to Dorex2007 [7c Jd]
toon684: checks 
2040800: folds 
deileon: folds 
red8x4: folds 
Paty Doll726: calls $0.02
frosa9397: calls $0.01
Dorex2007: checks 
*** FLOP *** [7s 7d Qc]
frosa9397: checks 
Dorex2007: checks 
toon684: bets $0.04
Paty Doll726: folds 
frosa9397: folds 
Dorex2007: raises $0.12 to $0.16
toon684: folds 
Uncalled bet ($0.12) returned to Dorex2007
Dorex2007 collected $0.15 from pot
Dorex2007: doesn't show hand 
*** SUMMARY ***
Total pot $0.16 | Rake $0.01 
Board [7s 7d Qc]
Seat 1: deileon folded before Flop (didn't bet)
Seat 2: red8x4 folded before Flop (didn't bet)
Seat 3: Paty Doll726 (button) folded on the Flop
Seat 4: frosa9397 (small blind) folded on the Flop
Seat 6: Dorex2007 (big blind) collected ($0.15)
Seat 7: toon684 folded on the Flop
Seat 8: 2040800 folded before Flop (didn't bet)



PokerStars Hand #232446665535:  Hold'em No Limit ($0.01/$0.02 USD) - 2021/12/22 21:01:17 PT [2021/12/23 0:01:17 ET]
Table 'Urania II' 9-max Seat #4 is the button
Seat 1: deileon ($2.04 in chips) 
Seat 2: red8x4 ($1.24 in chips) 
Seat 3: Paty Doll726 ($0.80 in chips) 
Seat 4: frosa9397 ($1.18 in chips) 
Seat 6: Dorex2007 ($4 in chips) 
Seat 7: toon684 ($0.74 in chips) 
Seat 8: 2040800 ($1.82 in chips) 
Dorex2007: posts small blind $0.01
toon684: posts big blind $0.02
*** HOLE CARDS ***
Dealt to Dorex2007 [5d 6h]
t0m1sh joins the table at seat #9 
2040800: folds 
AA Cepera AA joins the table at seat #5 
deileon: folds 
red8x4: folds 
Paty Doll726: calls $0.02
frosa9397: folds 
Dorex2007: folds 
toon684: checks 
*** FLOP *** [4h 7d Qc]
toon684: checks 
Paty Doll726: checks 
*** TURN *** [4h 7d Qc] [9c]
toon684: checks 
Paty Doll726: bets $0.02
toon684: folds 
Uncalled bet ($0.02) returned to Paty Doll726
Paty Doll726 collected $0.05 from pot
*** SUMMARY ***
Total pot $0.05 | Rake $0 
Board [4h 7d Qc 9c]
Seat 1: deileon folded before Flop (didn't bet)
Seat 2: red8x4 folded before Flop (didn't bet)
Seat 3: Paty Doll726 collected ($0.05)
Seat 4: frosa9397 (button) folded before Flop (didn't bet)
Seat 6: Dorex2007 (small blind) folded before Flop
Seat 7: toon684 (big blind) folded on the Turn
Seat 8: 2040800 folded before Flop (didn't bet)



PokerStars Hand #232446671182:  Hold'em No Limit ($0.01/$0.02 USD) - 2021/12/22 21:01:51 PT [2021/12/23 0:01:51 ET]
Table 'Urania II' 9-max Seat #6 is the button
Seat 1: deileon ($2.04 in chips) 
Seat 2: red8x4 ($1.24 in chips) 
Seat 3: Paty Doll726 ($0.83 in chips) 
Seat 4: frosa9397 ($1.18 in chips) 
Seat 6: Dorex2007 ($3.99 in chips) 
Seat 7: toon684 ($0.72 in chips) 
Seat 8: 2040800 ($1.82 in chips) 
toon684: posts small blind $0.01
2040800: posts big blind $0.02
t0m1sh: sits out 
*** HOLE CARDS ***
Dealt to Dorex2007 [4c Kc]
deileon: folds 
red8x4: folds 
Paty Doll726: folds 
frosa9397: folds 
Dorex2007: folds 
toon684: calls $0.01
2040800: checks 
*** FLOP *** [Tc 3d 3c]
toon684: checks 
2040800: checks 
*** TURN *** [Tc 3d 3c] [Ad]
toon684: checks 
2040800: checks 
*** RIVER *** [Tc 3d 3c Ad] [3h]
toon684: checks 
2040800: checks 
*** SHOW DOWN ***
toon684: shows [Jd 6h] (three of a kind, Threes)
2040800: shows [6c Jc] (three of a kind, Threes)
toon684 collected $0.02 from pot
2040800 collected $0.02 from pot
*** SUMMARY ***
Total pot $0.04 | Rake $0 
Board [Tc 3d 3c Ad 3h]
Seat 1: deileon folded before Flop (didn't bet)
Seat 2: red8x4 folded before Flop (didn't bet)
Seat 3: Paty Doll726 folded before Flop (didn't bet)
Seat 4: frosa9397 folded before Flop (didn't bet)
Seat 6: Dorex2007 (button) folded before Flop (didn't bet)
Seat 7: toon684 (small blind) showed [Jd 6h] and won ($0.02) with three of a kind, Threes
Seat 8: 2040800 (big blind) showed [6c Jc] and won ($0.02) with three of a kind, Threes



PokerStars Hand #232446677860:  Hold'em No Limit ($0.01/$0.02 USD) - 2021/12/22 21:02:31 PT [2021/12/23 0:02:31 ET]
Table 'Urania II' 9-max Seat #7 is the button
Seat 1: deileon ($2.04 in chips) 
Seat 2: red8x4 ($1.24 in chips) 
Seat 3: Paty Doll726 ($0.83 in chips) 
Seat 4: frosa9397 ($1.18 in chips) 
Seat 6: Dorex2007 ($3.99 in chips) 
Seat 7: toon684 ($0.72 in chips) 
Seat 8: 2040800 ($1.82 in chips) 
Seat 9: t0m1sh ($2 in chips) 
2040800: posts small blind $0.01
t0m1sh: posts big blind $0.02
*** HOLE CARDS ***
Dealt to Dorex2007 [4h 4d]
deileon: folds 
red8x4: calls $0.02
Paty Doll726: folds 
frosa9397: calls $0.02
Dorex2007: calls $0.02
toon684: calls $0.02
2040800: folds 
t0m1sh: checks 
*** FLOP *** [9s 9d 9c]
t0m1sh: checks 
red8x4: checks 
frosa9397: checks 
Dorex2007: checks 
toon684: checks 
*** TURN *** [9s 9d 9c] [6h]
t0m1sh: checks 
red8x4: checks 
frosa9397: checks 
Dorex2007: checks 
toon684: checks 
*** RIVER *** [9s 9d 9c 6h] [7h]
t0m1sh: checks 
red8x4: checks 
frosa9397: checks 
Dorex2007: checks 
toon684: checks 
*** SHOW DOWN ***
t0m1sh: shows [Ks 5d] (three of a kind, Nines)
red8x4: shows [Jc Ac] (three of a kind, Nines - Ace kicker)
frosa9397: mucks hand 
Dorex2007: shows [4h 4d] (a full house, Nines full of Fours)
toon684: mucks hand 
Dorex2007 collected $0.11 from pot
*** SUMMARY ***
Total pot $0.11 | Rake $0 
Board [9s 9d 9c 6h 7h]
Seat 1: deileon folded before Flop (didn't bet)
Seat 2: red8x4 showed [Jc Ac] and lost with three of a kind, Nines
Seat 3: Paty Doll726 folded before Flop (didn't bet)
Seat 4: frosa9397 mucked [Js 8s]
Seat 6: Dorex2007 showed [4h 4d] and won ($0.11) with a full house, Nines full of Fours
Seat 7: toon684 (button) mucked [Ts Ad]
Seat 8: 2040800 (small blind) folded before Flop
Seat 9: t0m1sh (big blind) showed [Ks 5d] and lost with three of a kind, Nines



PokerStars Hand #232446688343:  Hold'em No Limit ($0.01/$0.02 USD) - 2021/12/22 21:03:35 PT [2021/12/23 0:03:35 ET]
Table 'Urania II' 9-max Seat #8 is the button
Seat 1: deileon ($2.04 in chips) 
Seat 2: red8x4 ($1.22 in chips) 
Seat 3: Paty Doll726 ($0.83 in chips) 
Seat 4: frosa9397 ($1.16 in chips) 
Seat 6: Dorex2007 ($4.08 in chips) 
Seat 7: toon684 ($0.70 in chips) 
Seat 8: 2040800 ($1.81 in chips) 
Seat 9: t0m1sh ($1.98 in chips) 
t0m1sh: posts small blind $0.01
deileon: posts big blind $0.02
*** HOLE CARDS ***
Dealt to Dorex2007 [Ts 9c]
red8x4: folds 
Paty Doll726: folds 
frosa9397: folds 
Dorex2007: folds 
toon684: folds 
2040800: folds 
t0m1sh: folds 
Uncalled bet ($0.01) returned to deileon
deileon collected $0.02 from pot
*** SUMMARY ***
Total pot $0.02 | Rake $0 
Seat 1: deileon (big blind) collected ($0.02)
Seat 2: red8x4 folded before Flop (didn't bet)
Seat 3: Paty Doll726 folded before Flop (didn't bet)
Seat 4: frosa9397 folded before Flop (didn't bet)
Seat 6: Dorex2007 folded before Flop (didn't bet)
Seat 7: toon684 folded before Flop (didn't bet)
Seat 8: 2040800 (button) folded before Flop (didn't bet)
Seat 9: t0m1sh (small blind) folded before Flop



PokerStars Hand #232446691502:  Hold'em No Limit ($0.01/$0.02 USD) - 2021/12/22 21:03:54 PT [2021/12/23 0:03:54 ET]
Table 'Urania II' 9-max Seat #9 is the button
Seat 1: deileon ($2.05 in chips) 
Seat 2: red8x4 ($1.22 in chips) 
Seat 3: Paty Doll726 ($0.83 in chips) 
Seat 4: frosa9397 ($1.16 in chips) 
Seat 6: Dorex2007 ($4.08 in chips) 
Seat 7: toon684 ($0.70 in chips) 
Seat 8: 2040800 ($1.81 in chips) 
Seat 9: t0m1sh ($1.97 in chips) 
deileon: posts small blind $0.01
red8x4: posts big blind $0.02
*** HOLE CARDS ***
Dealt to Dorex2007 [8c 2c]
Paty Doll726: folds 
frosa9397: folds 
Dorex2007: folds 
toon684: calls $0.02
2040800: folds 
t0m1sh: folds 
deileon: folds 
red8x4: checks 
*** FLOP *** [2s Qh Qs]
red8x4: bets $0.02
toon684: calls $0.02
*** TURN *** [2s Qh Qs] [Qc]
red8x4: bets $0.02
toon684: raises $0.02 to $0.04
red8x4: calls $0.02
*** RIVER *** [2s Qh Qs Qc] [7h]
red8x4: bets $0.02
toon684: raises $0.10 to $0.12
red8x4: calls $0.10
*** SHOW DOWN ***
toon684: shows [Ks 7d] (a full house, Queens full of Sevens)
red8x4: mucks hand 
toon684 collected $0.40 from pot
*** SUMMARY ***
Total pot $0.41 | Rake $0.01 
Board [2s Qh Qs Qc 7h]
Seat 1: deileon (small blind) folded before Flop
Seat 2: red8x4 (big blind) mucked [2h Ts]
Seat 3: Paty Doll726 folded before Flop (didn't bet)
Seat 4: frosa9397 folded before Flop (didn't bet)
Seat 6: Dorex2007 folded before Flop (didn't bet)
Seat 7: toon684 showed [Ks 7d] and won ($0.40) with a full house, Queens full of Sevens
Seat 8: 2040800 folded before Flop (didn't bet)
Seat 9: t0m1sh (button) folded before Flop (didn't bet)



PokerStars Hand #232446699709:  Hold'em No Limit ($0.01/$0.02 USD) - 2021/12/22 21:04:43 PT [2021/12/23 0:04:43 ET]
Table 'Urania II' 9-max Seat #1 is the button
Seat 1: deileon ($2.04 in chips) 
Seat 2: red8x4 ($1.02 in chips) 
Seat 3: Paty Doll726 ($0.83 in chips) 
Seat 4: frosa9397 ($1.16 in chips) 
Seat 6: Dorex2007 ($4.08 in chips) 
Seat 7: toon684 ($0.90 in chips) 
Seat 8: 2040800 ($1.81 in chips) 
Seat 9: t0m1sh ($1.97 in chips) 
red8x4: posts small blind $0.01
Paty Doll726: posts big blind $0.02
*** HOLE CARDS ***
Dealt to Dorex2007 [5h Ts]
frosa9397: folds 
Dorex2007: folds 
toon684: folds 
2040800: folds 
t0m1sh: raises $0.03 to $0.05
deileon: folds 
red8x4: calls $0.04
Paty Doll726: calls $0.03
*** FLOP *** [Qc 8s 2h]
red8x4: checks 
Paty Doll726: checks 
t0m1sh: bets $0.07
red8x4: calls $0.07
Paty Doll726: folds 
*** TURN *** [Qc 8s 2h] [4d]
red8x4: checks 
t0m1sh: bets $0.14
red8x4: folds 
Uncalled bet ($0.14) returned to t0m1sh
t0m1sh collected $0.28 from pot
t0m1sh: doesn't show hand 
*** SUMMARY ***
Total pot $0.29 | Rake $0.01 
Board [Qc 8s 2h 4d]
Seat 1: deileon (button) folded before Flop (didn't bet)
Seat 2: red8x4 (small blind) folded on the Turn
Seat 3: Paty Doll726 (big blind) folded on the Flop
Seat 4: frosa9397 folded before Flop (didn't bet)
Seat 6: Dorex2007 folded before Flop (didn't bet)
Seat 7: toon684 folded before Flop (didn't bet)
Seat 8: 2040800 folded before Flop (didn't bet)
Seat 9: t0m1sh collected ($0.28)



PokerStars Hand #232446710827:  Hold'em No Limit ($0.01/$0.02 USD) - 2021/12/22 21:05:50 PT [2021/12/23 0:05:50 ET]
Table 'Urania II' 9-max Seat #2 is the button
Seat 1: deileon ($2.04 in chips) 
Seat 2: red8x4 ($0.90 in chips) 
Seat 3: Paty Doll726 ($0.78 in chips) 
Seat 4: frosa9397 ($1.16 in chips) 
Seat 6: Dorex2007 ($4.08 in chips) 
Seat 7: toon684 ($0.90 in chips) 
Seat 8: 2040800 ($1.81 in chips) 
Seat 9: t0m1sh ($2.13 in chips) 
Paty Doll726: posts small blind $0.01
frosa9397: posts big blind $0.02
*** HOLE CARDS ***
Dealt to Dorex2007 [Jc Tc]
Dorex2007: raises $0.02 to $0.04
toon684: calls $0.04
2040800: calls $0.04
t0m1sh: folds 
deileon: calls $0.04
red8x4: calls $0.04
Paty Doll726: calls $0.03
frosa9397: calls $0.02
*** FLOP *** [5h 6h 6c]
Paty Doll726: checks 
AA Cepera AA leaves the table
frosa9397: checks 
Dorex2007: checks 
toon684: bets $0.06
2040800: folds 
deileon: calls $0.06
red8x4: calls $0.06
Paty Doll726: calls $0.06
frosa9397: folds 
Dorex2007: folds 
*** TURN *** [5h 6h 6c] [4c]
Paty Doll726: checks 
toon684: bets $0.10
deileon: calls $0.10
red8x4: calls $0.10
Paty Doll726: folds 
*** RIVER *** [5h 6h 6c 4c] [2c]
shawmoney joins the table at seat #5 
toon684: checks 
deileon: checks 
red8x4: bets $0.70 and is all-in
shawmoney leaves the table
toon684: folds 
deileon: folds 
Uncalled bet ($0.70) returned to red8x4
red8x4 collected $0.79 from pot
red8x4: doesn't show hand 
*** SUMMARY ***
Total pot $0.82 | Rake $0.03 
Board [5h 6h 6c 4c 2c]
Seat 1: deileon folded on the River
Seat 2: red8x4 (button) collected ($0.79)
Seat 3: Paty Doll726 (small blind) folded on the Turn
Seat 4: frosa9397 (big blind) folded on the Flop
Seat 6: Dorex2007 folded on the Flop
Seat 7: toon684 folded on the River
Seat 8: 2040800 folded on the Flop
Seat 9: t0m1sh folded before Flop (didn't bet)



PokerStars Hand #232446726574:  Hold'em No Limit ($0.01/$0.02 USD) - 2021/12/22 21:07:19 PT [2021/12/23 0:07:19 ET]
Table 'Urania II' 9-max Seat #3 is the button
Seat 1: deileon ($1.84 in chips) 
Seat 2: red8x4 ($1.49 in chips) 
Seat 3: Paty Doll726 ($0.68 in chips) 
Seat 4: frosa9397 ($1.12 in chips) 
Seat 6: Dorex2007 ($4.04 in chips) 
Seat 7: toon684 ($0.70 in chips) 
Seat 8: 2040800 ($1.77 in chips) 
Seat 9: t0m1sh ($2.13 in chips) 
frosa9397: posts small blind $0.01
Dorex2007: posts big blind $0.02
*** HOLE CARDS ***
Dealt to Dorex2007 [5d 3s]
toon684: raises $0.04 to $0.06
2040800: folds 
t0m1sh: folds 
deileon: folds 
red8x4: calls $0.06
Paty Doll726: raises $0.62 to $0.68 and is all-in
frosa9397: folds 
Dorex2007: folds 
toon684: raises $0.02 to $0.70 and is all-in
red8x4: folds 
Uncalled bet ($0.02) returned to toon684
*** FLOP *** [2h 9s 4s]
*** TURN *** [2h 9s 4s] [7s]
*** RIVER *** [2h 9s 4s 7s] [Kc]
*** SHOW DOWN ***
toon684: shows [Ac Ah] (a pair of Aces)
Paty Doll726: shows [Qc Qs] (a pair of Queens)
toon684 collected $1.40 from pot
Paty Doll726 cashed out the hand for $0.25
*** SUMMARY ***
Total pot $1.45 | Rake $0.05 
Board [2h 9s 4s 7s Kc]
Seat 1: deileon folded before Flop (didn't bet)
Seat 2: red8x4 folded before Flop
Seat 3: Paty Doll726 (button) showed [Qc Qs] and lost with a pair of Queens (cashed out).
Seat 4: frosa9397 (small blind) folded before Flop
Seat 6: Dorex2007 (big blind) folded before Flop
Seat 7: toon684 showed [Ac Ah] and won ($1.40) with a pair of Aces
Seat 8: 2040800 folded before Flop (didn't bet)
Seat 9: t0m1sh folded before Flop (didn't bet)



PokerStars Hand #232446734192:  Hold'em No Limit ($0.01/$0.02 USD) - 2021/12/22 21:08:05 PT [2021/12/23 0:08:05 ET]
Table 'Urania II' 9-max Seat #4 is the button
Seat 1: deileon ($1.84 in chips) 
Seat 2: red8x4 ($1.43 in chips) 
Seat 3: Paty Doll726 ($0.25 in chips) 
Seat 4: frosa9397 ($1.11 in chips) 
Seat 6: Dorex2007 ($4.02 in chips) 
Seat 7: toon684 ($1.42 in chips) 
Seat 8: 2040800 ($1.77 in chips) 
Seat 9: t0m1sh ($2.13 in chips) 
Dorex2007: posts small blind $0.01
toon684: posts big blind $0.02
*** HOLE CARDS ***
Dealt to Dorex2007 [4h Ac]
2040800: folds 
t0m1sh: folds 
deileon: folds 
red8x4: folds 
Paty Doll726: folds 
frosa9397: calls $0.02
Dorex2007: folds 
toon684: checks 
*** FLOP *** [Qc 5h Ks]
toon684: checks 
frosa9397: bets $0.02
toon684: raises $0.02 to $0.04
frosa9397: raises $0.07 to $0.11
toon684: calls $0.07
*** TURN *** [Qc 5h Ks] [7c]
toon684: bets $1.29 and is all-in
frosa9397: calls $0.98 and is all-in
Uncalled bet ($0.31) returned to toon684
*** RIVER *** [Qc 5h Ks 7c] [8s]
*** SHOW DOWN ***
toon684: shows [Kc 7s] (two pair, Kings and Sevens)
frosa9397: shows [Qh Kh] (two pair, Kings and Queens)
frosa9397 collected $2.15 from pot
*** SUMMARY ***
Total pot $2.23 | Rake $0.08 
Board [Qc 5h Ks 7c 8s]
Seat 1: deileon folded before Flop (didn't bet)
Seat 2: red8x4 folded before Flop (didn't bet)
Seat 3: Paty Doll726 folded before Flop (didn't bet)
Seat 4: frosa9397 (button) showed [Qh Kh] and won ($2.15) with two pair, Kings and Queens
Seat 6: Dorex2007 (small blind) folded before Flop
Seat 7: toon684 (big blind) showed [Kc 7s] and lost with two pair, Kings and Sevens
Seat 8: 2040800 folded before Flop (didn't bet)
Seat 9: t0m1sh folded before Flop (didn't bet)



PokerStars Hand #232446746893:  Hold'em No Limit ($0.01/$0.02 USD) - 2021/12/22 21:09:21 PT [2021/12/23 0:09:21 ET]
Table 'Urania II' 9-max Seat #6 is the button
Seat 1: deileon ($1.84 in chips) 
Seat 2: red8x4 ($1.43 in chips) 
Seat 3: Paty Doll726 ($0.80 in chips) 
Seat 4: frosa9397 ($2.15 in chips) 
Seat 6: Dorex2007 ($4.01 in chips) 
Seat 7: toon684 ($0.31 in chips) 
Seat 8: 2040800 ($1.77 in chips) 
Seat 9: t0m1sh ($2.13 in chips) 
toon684: posts small blind $0.01
2040800: posts big blind $0.02
*** HOLE CARDS ***
Dealt to Dorex2007 [Jd 9h]
KruXie joins the table at seat #5 
t0m1sh: folds 
deileon: folds 
red8x4: folds 
Paty Doll726: folds 
frosa9397: folds 
Dorex2007: folds 
toon684: raises $0.02 to $0.04
2040800: calls $0.02
*** FLOP *** [2d 4c 4d]
toon684: checks 
2040800: bets $0.04
toon684: folds 
Uncalled bet ($0.04) returned to 2040800
2040800 collected $0.08 from pot
*** SUMMARY ***
Total pot $0.08 | Rake $0 
Board [2d 4c 4d]
Seat 1: deileon folded before Flop (didn't bet)
Seat 2: red8x4 folded before Flop (didn't bet)
Seat 3: Paty Doll726 folded before Flop (didn't bet)
Seat 4: frosa9397 folded before Flop (didn't bet)
Seat 6: Dorex2007 (button) folded before Flop (didn't bet)
Seat 7: toon684 (small blind) folded on the Flop
Seat 8: 2040800 (big blind) collected ($0.08)
Seat 9: t0m1sh folded before Flop (didn't bet)



PokerStars Hand #232446752973:  Hold'em No Limit ($0.01/$0.02 USD) - 2021/12/22 21:09:58 PT [2021/12/23 0:09:58 ET]
Table 'Urania II' 9-max Seat #7 is the button
Seat 1: deileon ($1.84 in chips) 
Seat 2: red8x4 ($1.43 in chips) 
Seat 3: Paty Doll726 ($0.80 in chips) 
Seat 4: frosa9397 ($2.15 in chips) 
Seat 6: Dorex2007 ($4.01 in chips) 
Seat 7: toon684 ($0.27 in chips) 
Seat 8: 2040800 ($1.81 in chips) 
Seat 9: t0m1sh ($2.13 in chips) 
2040800: posts small blind $0.01
t0m1sh: posts big blind $0.02
KruXie: sits out 
*** HOLE CARDS ***
Dealt to Dorex2007 [8c 4h]
deileon: folds 
red8x4: folds 
Paty Doll726: folds 
frosa9397: folds 
Dorex2007: folds 
toon684: folds 
2040800: folds 
Uncalled bet ($0.01) returned to t0m1sh
t0m1sh collected $0.02 from pot
t0m1sh: doesn't show hand 
*** SUMMARY ***
Total pot $0.02 | Rake $0 
Seat 1: deileon folded before Flop (didn't bet)
Seat 2: red8x4 folded before Flop (didn't bet)
Seat 3: Paty Doll726 folded before Flop (didn't bet)
Seat 4: frosa9397 folded before Flop (didn't bet)
Seat 6: Dorex2007 folded before Flop (didn't bet)
Seat 7: toon684 (button) folded before Flop (didn't bet)
Seat 8: 2040800 (small blind) folded before Flop
Seat 9: t0m1sh (big blind) collected ($0.02)



PokerStars Hand #232446756330:  Hold'em No Limit ($0.01/$0.02 USD) - 2021/12/22 21:10:19 PT [2021/12/23 0:10:19 ET]
Table 'Urania II' 9-max Seat #8 is the button
Seat 1: deileon ($1.84 in chips) 
Seat 2: red8x4 ($1.43 in chips) 
Seat 3: Paty Doll726 ($0.80 in chips) 
Seat 4: frosa9397 ($2.15 in chips) 
Seat 6: Dorex2007 ($4.01 in chips) 
Seat 7: toon684 ($0.27 in chips) 
Seat 8: 2040800 ($1.80 in chips) 
Seat 9: t0m1sh ($2.14 in chips) 
t0m1sh: posts small blind $0.01
deileon: posts big blind $0.02
KruXie: sits out 
*** HOLE CARDS ***
Dealt to Dorex2007 [Ks Js]
red8x4: folds 
Paty Doll726: folds 
frosa9397: calls $0.02
Dorex2007: calls $0.02
toon684: raises $0.05 to $0.07
2040800: folds 
t0m1sh: folds 
deileon: folds 
frosa9397: folds 
Dorex2007: calls $0.05
*** FLOP *** [5s Jd Qs]
Dorex2007: bets $0.18
toon684: raises $0.02 to $0.20 and is all-in
Dorex2007: calls $0.02
*** TURN *** [5s Jd Qs] [2s]
*** RIVER *** [5s Jd Qs 2s] [6d]
*** SHOW DOWN ***
Dorex2007: shows [Ks Js] (a flush, King high)
toon684: shows [6h Ac] (a pair of Sixes)
Dorex2007 cashed out the hand for $0.53 | Cash Out Fee $0.01
*** SUMMARY ***
Total pot $0.59 | Rake $0.02 
Board [5s Jd Qs 2s 6d]
Seat 1: deileon (big blind) folded before Flop
Seat 2: red8x4 folded before Flop (didn't bet)
Seat 3: Paty Doll726 folded before Flop (didn't bet)
Seat 4: frosa9397 folded before Flop
Seat 6: Dorex2007 showed [Ks Js] and won ($0.57) with a flush, King high (pot not awarded as player cashed out)
Seat 7: toon684 showed [6h Ac] and lost with a pair of Sixes
Seat 8: 2040800 (button) folded before Flop (didn't bet)
Seat 9: t0m1sh (small blind) folded before Flop



PokerStars Hand #232446766786:  Hold'em No Limit ($0.01/$0.02 USD) - 2021/12/22 21:11:23 PT [2021/12/23 0:11:23 ET]
Table 'Urania II' 9-max Seat #9 is the button
Seat 1: deileon ($1.82 in chips) 
Seat 2: red8x4 ($1.43 in chips) 
Seat 3: Paty Doll726 ($0.80 in chips) 
Seat 4: frosa9397 ($2.13 in chips) 
Seat 6: Dorex2007 ($4.27 in chips) 
Seat 8: 2040800 ($1.80 in chips) 
Seat 9: t0m1sh ($2.13 in chips) 
deileon: posts small blind $0.01
red8x4: posts big blind $0.02
KruXie: sits out 
*** HOLE CARDS ***
Dealt to Dorex2007 [Td 5c]
Paty Doll726: folds 
toon684 leaves the table
frosa9397: folds 
Dorex2007: folds 
2040800: raises $0.02 to $0.04
t0m1sh: folds 
deileon: folds 
red8x4: calls $0.02
*** FLOP *** [7s Th 2h]
red8x4: checks 
2040800: bets $0.05
TrzymamKolo joins the table at seat #7 
red8x4: folds 
Uncalled bet ($0.05) returned to 2040800
2040800 collected $0.09 from pot
*** SUMMARY ***
Total pot $0.09 | Rake $0 
Board [7s Th 2h]
Seat 1: deileon (small blind) folded before Flop
Seat 2: red8x4 (big blind) folded on the Flop
Seat 3: Paty Doll726 folded before Flop (didn't bet)
Seat 4: frosa9397 folded before Flop (didn't bet)
Seat 6: Dorex2007 folded before Flop (didn't bet)
Seat 8: 2040800 collected ($0.09)
Seat 9: t0m1sh (button) folded before Flop (didn't bet)



PokerStars Hand #232446771359:  Hold'em No Limit ($0.01/$0.02 USD) - 2021/12/22 21:11:51 PT [2021/12/23 0:11:51 ET]
Table 'Urania II' 9-max Seat #1 is the button
Seat 1: deileon ($1.81 in chips) 
Seat 2: red8x4 ($1.39 in chips) 
Seat 3: Paty Doll726 ($0.80 in chips) 
Seat 4: frosa9397 ($2.13 in chips) 
Seat 6: Dorex2007 ($4.27 in chips) 
Seat 8: 2040800 ($1.85 in chips) 
Seat 9: t0m1sh ($2.13 in chips) 
red8x4: posts small blind $0.01
Paty Doll726: posts big blind $0.02
KruXie: sits out 
TrzymamKolo: sits out 
*** HOLE CARDS ***
Dealt to Dorex2007 [Jd 6d]
frosa9397: folds 
Dorex2007: folds 
2040800: folds 
t0m1sh: folds 
deileon: folds 
red8x4: calls $0.01
Paty Doll726: checks 
*** FLOP *** [Kh 6h Ah]
red8x4: bets $0.04
Paty Doll726: folds 
Uncalled bet ($0.04) returned to red8x4
red8x4 collected $0.04 from pot
red8x4: doesn't show hand 
*** SUMMARY ***
Total pot $0.04 | Rake $0 
Board [Kh 6h Ah]
Seat 1: deileon (button) folded before Flop (didn't bet)
Seat 2: red8x4 (small blind) collected ($0.04)
Seat 3: Paty Doll726 (big blind) folded on the Flop
Seat 4: frosa9397 folded before Flop (didn't bet)
Seat 6: Dorex2007 folded before Flop (didn't bet)
Seat 8: 2040800 folded before Flop (didn't bet)
Seat 9: t0m1sh folded before Flop (didn't bet)



PokerStars Hand #232446776128:  Hold'em No Limit ($0.01/$0.02 USD) - 2021/12/22 21:12:20 PT [2021/12/23 0:12:20 ET]
Table 'Urania II' 9-max Seat #2 is the button
Seat 1: deileon ($1.81 in chips) 
Seat 2: red8x4 ($1.41 in chips) 
Seat 3: Paty Doll726 ($0.78 in chips) 
Seat 4: frosa9397 ($2.13 in chips) 
Seat 6: Dorex2007 ($4.27 in chips) 
Seat 8: 2040800 ($1.85 in chips) 
Seat 9: t0m1sh ($2.13 in chips) 
Paty Doll726: posts small blind $0.01
frosa9397: posts big blind $0.02
KruXie: sits out 
TrzymamKolo: sits out 
*** HOLE CARDS ***
Dealt to Dorex2007 [Kd 5c]
Dorex2007: folds 
2040800: calls $0.02
t0m1sh: folds 
deileon: folds 
red8x4: calls $0.02
Paty Doll726: calls $0.01
frosa9397: checks 
*** FLOP *** [Td 7s 2d]
Paty Doll726: checks 
frosa9397: checks 
2040800: checks 
red8x4: checks 
*** TURN *** [Td 7s 2d] [4h]
Paty Doll726: checks 
frosa9397: bets $0.04
2040800: calls $0.04
red8x4: folds 
Paty Doll726: folds 
*** RIVER *** [Td 7s 2d 4h] [3h]
frosa9397: bets $0.07
2040800: folds 
Uncalled bet ($0.07) returned to frosa9397
frosa9397 collected $0.15 from pot
frosa9397: doesn't show hand 
*** SUMMARY ***
Total pot $0.16 | Rake $0.01 
Board [Td 7s 2d 4h 3h]
Seat 1: deileon folded before Flop (didn't bet)
Seat 2: red8x4 (button) folded on the Turn
Seat 3: Paty Doll726 (small blind) folded on the Turn
Seat 4: frosa9397 (big blind) collected ($0.15)
Seat 6: Dorex2007 folded before Flop (didn't bet)
Seat 8: 2040800 folded on the River
Seat 9: t0m1sh folded before Flop (didn't bet)



PokerStars Hand #232446789936:  Hold'em No Limit ($0.01/$0.02 USD) - 2021/12/22 21:13:24 PT [2021/12/23 0:13:24 ET]
Table 'Urania II' 9-max Seat #3 is the button
Seat 1: deileon ($1.81 in chips) 
Seat 2: red8x4 ($1.39 in chips) 
Seat 3: Paty Doll726 ($0.76 in chips) 
Seat 4: frosa9397 ($2.22 in chips) 
Seat 5: KruXie ($2 in chips) 
Seat 6: Dorex2007 ($4.27 in chips) 
Seat 8: 2040800 ($1.79 in chips) 
Seat 9: t0m1sh ($2.13 in chips) 
frosa9397: posts small blind $0.01
KruXie: posts big blind $0.02
TrzymamKolo: sits out 
*** HOLE CARDS ***
Dealt to Dorex2007 [5d 6s]
Dorex2007: folds 
2040800: calls $0.02
t0m1sh: folds 
deileon: folds 
red8x4: folds 
Paty Doll726: folds 
frosa9397: folds 
KruXie: checks 
*** FLOP *** [Js Th Kc]
KruXie: checks 
2040800: bets $0.02
KruXie: folds 
Uncalled bet ($0.02) returned to 2040800
2040800 collected $0.05 from pot
*** SUMMARY ***
Total pot $0.05 | Rake $0 
Board [Js Th Kc]
Seat 1: deileon folded before Flop (didn't bet)
Seat 2: red8x4 folded before Flop (didn't bet)
Seat 3: Paty Doll726 (button) folded before Flop (didn't bet)
Seat 4: frosa9397 (small blind) folded before Flop
Seat 5: KruXie (big blind) folded on the Flop
Seat 6: Dorex2007 folded before Flop (didn't bet)
Seat 8: 2040800 collected ($0.05)
Seat 9: t0m1sh folded before Flop (didn't bet)



PokerStars Hand #232446795531:  Hold'em No Limit ($0.01/$0.02 USD) - 2021/12/22 21:13:58 PT [2021/12/23 0:13:58 ET]
Table 'Urania II' 9-max Seat #4 is the button
Seat 1: deileon ($1.81 in chips) 
Seat 2: red8x4 ($1.39 in chips) 
Seat 3: Paty Doll726 ($0.76 in chips) 
Seat 4: frosa9397 ($2.21 in chips) 
Seat 5: KruXie ($2 in chips) 
Seat 6: Dorex2007 ($4.27 in chips) 
Seat 8: 2040800 ($1.82 in chips) 
Seat 9: t0m1sh ($2.13 in chips) 
KruXie: posts small blind $0.01
Dorex2007: posts big blind $0.02
TrzymamKolo: sits out 
*** HOLE CARDS ***
Dealt to Dorex2007 [8s 7d]
2040800: folds 
t0m1sh: folds 
deileon: folds 
red8x4: folds 
Paty Doll726: folds 
frosa9397: folds 
KruXie: folds 
Uncalled bet ($0.01) returned to Dorex2007
Dorex2007 collected $0.02 from pot
Dorex2007: doesn't show hand 
*** SUMMARY ***
Total pot $0.02 | Rake $0 
Seat 1: deileon folded before Flop (didn't bet)
Seat 2: red8x4 folded before Flop (didn't bet)
Seat 3: Paty Doll726 folded before Flop (didn't bet)
Seat 4: frosa9397 (button) folded before Flop (didn't bet)
Seat 5: KruXie (small blind) folded before Flop
Seat 6: Dorex2007 (big blind) collected ($0.02)
Seat 8: 2040800 folded before Flop (didn't bet)
Seat 9: t0m1sh folded before Flop (didn't bet)



PokerStars Hand #232446798280:  Hold'em No Limit ($0.01/$0.02 USD) - 2021/12/22 21:14:15 PT [2021/12/23 0:14:15 ET]
Table 'Urania II' 9-max Seat #5 is the button
Seat 1: deileon ($1.81 in chips) 
Seat 2: red8x4 ($1.39 in chips) 
Seat 3: Paty Doll726 ($0.76 in chips) 
Seat 4: frosa9397 ($2.21 in chips) 
Seat 5: KruXie ($2 in chips) 
Seat 6: Dorex2007 ($4.28 in chips) 
Seat 7: TrzymamKolo ($2 in chips) 
Seat 8: 2040800 ($1.82 in chips) 
Seat 9: t0m1sh ($2.13 in chips) 
Dorex2007: posts small blind $0.01
TrzymamKolo: posts big blind $0.02
*** HOLE CARDS ***
Dealt to Dorex2007 [Ad 4h]
2040800: folds 
t0m1sh: folds 
deileon: calls $0.02
red8x4: folds 
Paty Doll726: folds 
frosa9397: folds 
KruXie: folds 
Dorex2007: folds 
TrzymamKolo: checks 
*** FLOP *** [Th Qs Qc]
TrzymamKolo: checks 
deileon: checks 
*** TURN *** [Th Qs Qc] [Ac]
TrzymamKolo: checks 
deileon: bets $0.05
TrzymamKolo: folds 
Uncalled bet ($0.05) returned to deileon
deileon collected $0.05 from pot
deileon: doesn't show hand 
*** SUMMARY ***
Total pot $0.05 | Rake $0 
Board [Th Qs Qc Ac]
Seat 1: deileon collected ($0.05)
Seat 2: red8x4 folded before Flop (didn't bet)
Seat 3: Paty Doll726 folded before Flop (didn't bet)
Seat 4: frosa9397 folded before Flop (didn't bet)
Seat 5: KruXie (button) folded before Flop (didn't bet)
Seat 6: Dorex2007 (small blind) folded before Flop
Seat 7: TrzymamKolo (big blind) folded on the Turn
Seat 8: 2040800 folded before Flop (didn't bet)
Seat 9: t0m1sh folded before Flop (didn't bet)



PokerStars Hand #232446807684:  Hold'em No Limit ($0.01/$0.02 USD) - 2021/12/22 21:15:13 PT [2021/12/23 0:15:13 ET]
Table 'Urania II' 9-max Seat #6 is the button
Seat 1: deileon ($1.84 in chips) 
Seat 2: red8x4 ($1.39 in chips) 
Seat 3: Paty Doll726 ($0.76 in chips) 
Seat 4: frosa9397 ($2.21 in chips) 
Seat 5: KruXie ($2 in chips) 
Seat 6: Dorex2007 ($4.27 in chips) 
Seat 7: TrzymamKolo ($2 in chips) 
Seat 8: 2040800 ($1.82 in chips) 
Seat 9: t0m1sh ($2.13 in chips) 
TrzymamKolo: posts small blind $0.01
2040800: posts big blind $0.02
*** HOLE CARDS ***
Dealt to Dorex2007 [5c 9d]
t0m1sh: raises $0.04 to $0.06
deileon: folds 
red8x4: calls $0.06
Paty Doll726: folds 
frosa9397: folds 
KruXie: calls $0.06
Dorex2007: folds 
TrzymamKolo: folds 
2040800: calls $0.04
*** FLOP *** [5d Tc Ah]
2040800: checks 
t0m1sh: checks 
red8x4: bets $0.24
KruXie: folds 
2040800: folds 
t0m1sh: folds 
Uncalled bet ($0.24) returned to red8x4
red8x4 collected $0.24 from pot
red8x4: doesn't show hand 
*** SUMMARY ***
Total pot $0.25 | Rake $0.01 
Board [5d Tc Ah]
Seat 1: deileon folded before Flop (didn't bet)
Seat 2: red8x4 collected ($0.24)
Seat 3: Paty Doll726 folded before Flop (didn't bet)
Seat 4: frosa9397 folded before Flop (didn't bet)
Seat 5: KruXie folded on the Flop
Seat 6: Dorex2007 (button) folded before Flop (didn't bet)
Seat 7: TrzymamKolo (small blind) folded before Flop
Seat 8: 2040800 (big blind) folded on the Flop
Seat 9: t0m1sh folded on the Flop



PokerStars Hand #232446814119:  Hold'em No Limit ($0.01/$0.02 USD) - 2021/12/22 21:15:52 PT [2021/12/23 0:15:52 ET]
Table 'Urania II' 9-max Seat #7 is the button
Seat 1: deileon ($1.84 in chips) 
Seat 2: red8x4 ($1.57 in chips) 
Seat 3: Paty Doll726 ($0.76 in chips) 
Seat 4: frosa9397 ($2.21 in chips) 
Seat 5: KruXie ($2 in chips) 
Seat 6: Dorex2007 ($4.27 in chips) 
Seat 7: TrzymamKolo ($2 in chips) 
Seat 8: 2040800 ($1.76 in chips) 
Seat 9: t0m1sh ($2.07 in chips) 
2040800: posts small blind $0.01
t0m1sh: posts big blind $0.02
*** HOLE CARDS ***
Dealt to Dorex2007 [3d Ad]
deileon: calls $0.02
red8x4: folds 
Paty Doll726: calls $0.02
frosa9397: folds 
KruXie: folds 
Dorex2007: raises $0.02 to $0.04
TrzymamKolo: folds 
2040800: folds 
t0m1sh: folds 
deileon: calls $0.02
Paty Doll726: calls $0.02
*** FLOP *** [9h Jd Qh]
deileon: checks 
Paty Doll726: checks 
Dorex2007: checks 
*** TURN *** [9h Jd Qh] [Jh]
deileon: checks 
Paty Doll726: bets $0.06
Dorex2007: folds 
deileon: folds 
Uncalled bet ($0.06) returned to Paty Doll726
Paty Doll726 collected $0.14 from pot
*** SUMMARY ***
Total pot $0.15 | Rake $0.01 
Board [9h Jd Qh Jh]
Seat 1: deileon folded on the Turn
Seat 2: red8x4 folded before Flop (didn't bet)
Seat 3: Paty Doll726 collected ($0.14)
Seat 4: frosa9397 folded before Flop (didn't bet)
Seat 5: KruXie folded before Flop (didn't bet)
Seat 6: Dorex2007 folded on the Turn
Seat 7: TrzymamKolo (button) folded before Flop (didn't bet)
Seat 8: 2040800 (small blind) folded before Flop
Seat 9: t0m1sh (big blind) folded before Flop



PokerStars Hand #232446823696:  Hold'em No Limit ($0.01/$0.02 USD) - 2021/12/22 21:16:51 PT [2021/12/23 0:16:51 ET]
Table 'Urania II' 9-max Seat #8 is the button
Seat 2: red8x4 ($1.57 in chips) 
Seat 3: Paty Doll726 ($0.86 in chips) 
Seat 4: frosa9397 ($2.21 in chips) 
Seat 5: KruXie ($2 in chips) 
Seat 6: Dorex2007 ($4.23 in chips) 
Seat 7: TrzymamKolo ($2 in chips) 
Seat 8: 2040800 ($1.75 in chips) 
Seat 9: t0m1sh ($2.05 in chips) 
t0m1sh: posts small blind $0.01
deileon: is sitting out 
red8x4: posts big blind $0.02
*** HOLE CARDS ***
Dealt to Dorex2007 [4d Ah]
Paty Doll726: folds 
frosa9397: folds 
KruXie: folds 
Dorex2007: folds 
TrzymamKolo: raises $0.05 to $0.07
2040800: folds 
t0m1sh: folds 
red8x4: folds 
Uncalled bet ($0.05) returned to TrzymamKolo
TrzymamKolo collected $0.05 from pot
TrzymamKolo: doesn't show hand 
*** SUMMARY ***
Total pot $0.05 | Rake $0 
Seat 2: red8x4 (big blind) folded before Flop
Seat 3: Paty Doll726 folded before Flop (didn't bet)
Seat 4: frosa9397 folded before Flop (didn't bet)
Seat 5: KruXie folded before Flop (didn't bet)
Seat 6: Dorex2007 folded before Flop (didn't bet)
Seat 7: TrzymamKolo collected ($0.05)
Seat 8: 2040800 (button) folded before Flop (didn't bet)
Seat 9: t0m1sh (small blind) folded before Flop



PokerStars Hand #232446827445:  Hold'em No Limit ($0.01/$0.02 USD) - 2021/12/22 21:17:14 PT [2021/12/23 0:17:14 ET]
Table 'Urania II' 9-max Seat #9 is the button
Seat 2: red8x4 ($1.55 in chips) 
Seat 3: Paty Doll726 ($0.86 in chips) 
Seat 4: frosa9397 ($2.21 in chips) 
Seat 5: KruXie ($2 in chips) 
Seat 6: Dorex2007 ($4.23 in chips) 
Seat 7: TrzymamKolo ($2.03 in chips) 
Seat 8: 2040800 ($1.75 in chips) 
Seat 9: t0m1sh ($2.04 in chips) 
red8x4: posts small blind $0.01
Paty Doll726: posts big blind $0.02
*** HOLE CARDS ***
Dealt to Dorex2007 [2s Qh]
frosa9397: folds 
KruXie: folds 
Dorex2007: folds 
TrzymamKolo: folds 
2040800: folds 
t0m1sh: folds 
red8x4: calls $0.01
Paty Doll726: checks 
*** FLOP *** [3h 4h 8h]
red8x4: bets $0.02
Paty Doll726: calls $0.02
*** TURN *** [3h 4h 8h] [8c]
red8x4: checks 
Paty Doll726: bets $0.04
red8x4: folds 
Uncalled bet ($0.04) returned to Paty Doll726
Paty Doll726 collected $0.08 from pot
*** SUMMARY ***
Total pot $0.08 | Rake $0 
Board [3h 4h 8h 8c]
Seat 2: red8x4 (small blind) folded on the Turn
Seat 3: Paty Doll726 (big blind) collected ($0.08)
Seat 4: frosa9397 folded before Flop (didn't bet)
Seat 5: KruXie folded before Flop (didn't bet)
Seat 6: Dorex2007 folded before Flop (didn't bet)
Seat 7: TrzymamKolo folded before Flop (didn't bet)
Seat 8: 2040800 folded before Flop (didn't bet)
Seat 9: t0m1sh (button) folded before Flop (didn't bet)



PokerStars Hand #232446834992:  Hold'em No Limit ($0.01/$0.02 USD) - 2021/12/22 21:18:01 PT [2021/12/23 0:18:01 ET]
Table 'Urania II' 9-max Seat #2 is the button
Seat 2: red8x4 ($1.51 in chips) 
Seat 3: Paty Doll726 ($0.90 in chips) 
Seat 4: frosa9397 ($2.21 in chips) 
Seat 5: KruXie ($2 in chips) 
Seat 6: Dorex2007 ($4.23 in chips) 
Seat 7: TrzymamKolo ($2.03 in chips) 
Seat 8: 2040800 ($1.75 in chips) 
Seat 9: t0m1sh ($2.04 in chips) 
Paty Doll726: posts small blind $0.01
frosa9397: posts big blind $0.02
*** HOLE CARDS ***
Dealt to Dorex2007 [8s 7s]
KruXie: folds 
Dorex2007: folds 
TrzymamKolo: folds 
2040800: calls $0.02
t0m1sh: folds 
red8x4: folds 
Paty Doll726: calls $0.01
deileon leaves the table
frosa9397: checks 
*** FLOP *** [6c Th 5c]
Paty Doll726: checks 
Ebleco joins the table at seat #1 
frosa9397: checks 
2040800: bets $0.03
Paty Doll726: folds 
frosa9397: folds 
Uncalled bet ($0.03) returned to 2040800
2040800 collected $0.06 from pot
*** SUMMARY ***
Total pot $0.06 | Rake $0 
Board [6c Th 5c]
Seat 2: red8x4 (button) folded before Flop (didn't bet)
Seat 3: Paty Doll726 (small blind) folded on the Flop
Seat 4: frosa9397 (big blind) folded on the Flop
Seat 5: KruXie folded before Flop (didn't bet)
Seat 6: Dorex2007 folded before Flop (didn't bet)
Seat 7: TrzymamKolo folded before Flop (didn't bet)
Seat 8: 2040800 collected ($0.06)
Seat 9: t0m1sh folded before Flop (didn't bet)



PokerStars Hand #232446843054:  Hold'em No Limit ($0.01/$0.02 USD) - 2021/12/22 21:18:50 PT [2021/12/23 0:18:50 ET]
Table 'Urania II' 9-max Seat #3 is the button
Seat 2: red8x4 ($1.51 in chips) 
Seat 3: Paty Doll726 ($0.88 in chips) 
Seat 4: frosa9397 ($2.19 in chips) 
Seat 5: KruXie ($2 in chips) 
Seat 6: Dorex2007 ($4.23 in chips) 
Seat 7: TrzymamKolo ($2.03 in chips) 
Seat 8: 2040800 ($1.79 in chips) 
Seat 9: t0m1sh ($2.04 in chips) 
frosa9397: posts small blind $0.01
KruXie: posts big blind $0.02
Ebleco: sits out 
*** HOLE CARDS ***
Dealt to Dorex2007 [2c 5d]
Dorex2007: folds 
TrzymamKolo: folds 
2040800: folds 
t0m1sh: folds 
red8x4: calls $0.02
Paty Doll726: folds 
frosa9397: folds 
KruXie: checks 
*** FLOP *** [9c Jc 6s]
KruXie: checks 
red8x4: bets $0.05
KruXie: folds 
Uncalled bet ($0.05) returned to red8x4
red8x4 collected $0.05 from pot
red8x4: doesn't show hand 
*** SUMMARY ***
Total pot $0.05 | Rake $0 
Board [9c Jc 6s]
Seat 2: red8x4 collected ($0.05)
Seat 3: Paty Doll726 (button) folded before Flop (didn't bet)
Seat 4: frosa9397 (small blind) folded before Flop
Seat 5: KruXie (big blind) folded on the Flop
Seat 6: Dorex2007 folded before Flop (didn't bet)
Seat 7: TrzymamKolo folded before Flop (didn't bet)
Seat 8: 2040800 folded before Flop (didn't bet)
Seat 9: t0m1sh folded before Flop (didn't bet)



PokerStars Hand #232446847700:  Hold'em No Limit ($0.01/$0.02 USD) - 2021/12/22 21:19:19 PT [2021/12/23 0:19:19 ET]
Table 'Urania II' 9-max Seat #4 is the button
Seat 2: red8x4 ($1.54 in chips) 
Seat 3: Paty Doll726 ($0.88 in chips) 
Seat 4: frosa9397 ($2.18 in chips) 
Seat 5: KruXie ($2 in chips) 
Seat 6: Dorex2007 ($4.23 in chips) 
Seat 7: TrzymamKolo ($2.03 in chips) 
Seat 8: 2040800 ($1.79 in chips) 
Seat 9: t0m1sh ($2.04 in chips) 
KruXie: posts small blind $0.01
Dorex2007: posts big blind $0.02
Ebleco: sits out 
*** HOLE CARDS ***
Dealt to Dorex2007 [Ad 7h]
TrzymamKolo: folds 
2040800: calls $0.02
t0m1sh: folds 
red8x4: folds 
Paty Doll726: folds 
frosa9397: calls $0.02
KruXie: folds 
Dorex2007: checks 
*** FLOP *** [6h 2h Ts]
Dorex2007: checks 
2040800: bets $0.06
frosa9397: calls $0.06
Dorex2007: folds 
*** TURN *** [6h 2h Ts] [Qh]
2040800: checks 
frosa9397: bets $0.09
2040800: folds 
Uncalled bet ($0.09) returned to frosa9397
frosa9397 collected $0.18 from pot
frosa9397: doesn't show hand 
*** SUMMARY ***
Total pot $0.19 | Rake $0.01 
Board [6h 2h Ts Qh]
Seat 2: red8x4 folded before Flop (didn't bet)
Seat 3: Paty Doll726 folded before Flop (didn't bet)
Seat 4: frosa9397 (button) collected ($0.18)
Seat 5: KruXie (small blind) folded before Flop
Seat 6: Dorex2007 (big blind) folded on the Flop
Seat 7: TrzymamKolo folded before Flop (didn't bet)
Seat 8: 2040800 folded on the Turn
Seat 9: t0m1sh folded before Flop (didn't bet)



PokerStars Hand #232446855423:  Hold'em No Limit ($0.01/$0.02 USD) - 2021/12/22 21:20:06 PT [2021/12/23 0:20:06 ET]
Table 'Urania II' 9-max Seat #5 is the button
Seat 2: red8x4 ($1.54 in chips) 
Seat 3: Paty Doll726 ($0.88 in chips) 
Seat 4: frosa9397 ($2.28 in chips) 
Seat 5: KruXie ($2 in chips) 
Seat 6: Dorex2007 ($4.21 in chips) 
Seat 7: TrzymamKolo ($2.03 in chips) 
Seat 8: 2040800 ($1.71 in chips) 
Seat 9: t0m1sh ($2.04 in chips) 
Dorex2007: posts small blind $0.01
TrzymamKolo: posts big blind $0.02
Ebleco: sits out 
*** HOLE CARDS ***
Dealt to Dorex2007 [8h 4d]
2040800: folds 
t0m1sh: folds 
red8x4: calls $0.02
Paty Doll726: folds 
frosa9397: folds 
KruXie: folds 
Dorex2007: folds 
TrzymamKolo: checks 
*** FLOP *** [7s 2h Qc]
TrzymamKolo: checks 
red8x4: bets $0.05
TrzymamKolo: folds 
Uncalled bet ($0.05) returned to red8x4
red8x4 collected $0.05 from pot
red8x4: doesn't show hand 
*** SUMMARY ***
Total pot $0.05 | Rake $0 
Board [7s 2h Qc]
Seat 2: red8x4 collected ($0.05)
Seat 3: Paty Doll726 folded before Flop (didn't bet)
Seat 4: frosa9397 folded before Flop (didn't bet)
Seat 5: KruXie (button) folded before Flop (didn't bet)
Seat 6: Dorex2007 (small blind) folded before Flop
Seat 7: TrzymamKolo (big blind) folded on the Flop
Seat 8: 2040800 folded before Flop (didn't bet)
Seat 9: t0m1sh folded before Flop (didn't bet)



PokerStars Hand #232446859337:  Hold'em No Limit ($0.01/$0.02 USD) - 2021/12/22 21:20:30 PT [2021/12/23 0:20:30 ET]
Table 'Urania II' 9-max Seat #6 is the button
Seat 2: red8x4 ($1.57 in chips) 
Seat 3: Paty Doll726 ($0.88 in chips) 
Seat 4: frosa9397 ($2.28 in chips) 
Seat 5: KruXie ($2 in chips) 
Seat 6: Dorex2007 ($4.20 in chips) 
Seat 7: TrzymamKolo ($2.01 in chips) 
Seat 8: 2040800 ($1.71 in chips) 
Seat 9: t0m1sh ($2.04 in chips) 
TrzymamKolo: posts small blind $0.01
2040800: posts big blind $0.02
Ebleco: sits out 
*** HOLE CARDS ***
Dealt to Dorex2007 [5s Qh]
t0m1sh: raises $0.04 to $0.06
red8x4: folds 
Paty Doll726: calls $0.06
frosa9397: calls $0.06
KruXie: folds 
Dorex2007: folds 
TrzymamKolo: folds 
TrzymamKolo is disconnected 
2040800: calls $0.04
*** FLOP *** [2c 5h 4s]
TrzymamKolo leaves the table
2040800: checks 
t0m1sh: checks 
Paty Doll726: checks 
frosa9397: bets $0.12
2040800: calls $0.12
t0m1sh: calls $0.12
Paty Doll726: folds 
*** TURN *** [2c 5h 4s] [Kh]
2040800: bets $0.06
t0m1sh: calls $0.06
frosa9397: raises $0.06 to $0.12
Typyha joins the table at seat #7 
2040800: calls $0.06
t0m1sh: calls $0.06
*** RIVER *** [2c 5h 4s Kh] [2s]
2040800: checks 
t0m1sh: checks 
frosa9397: checks 
*** SHOW DOWN ***
2040800: shows [7d 6s] (a pair of Deuces)
t0m1sh: shows [Th Ah] (a pair of Deuces - Ace kicker)
frosa9397: shows [5d 4d] (two pair, Fives and Fours)
frosa9397 collected $0.94 from pot
*** SUMMARY ***
Total pot $0.97 | Rake $0.03 
Board [2c 5h 4s Kh 2s]
Seat 2: red8x4 folded before Flop (didn't bet)
Seat 3: Paty Doll726 folded on the Flop
Seat 4: frosa9397 showed [5d 4d] and won ($0.94) with two pair, Fives and Fours
Seat 5: KruXie folded before Flop (didn't bet)
Seat 6: Dorex2007 (button) folded before Flop (didn't bet)
Seat 7: TrzymamKolo (small blind) folded before Flop
Seat 8: 2040800 (big blind) showed [7d 6s] and lost with a pair of Deuces
Seat 9: t0m1sh showed [Th Ah] and lost with a pair of Deuces



PokerStars Hand #232446879040:  Hold'em No Limit ($0.01/$0.02 USD) - 2021/12/22 21:21:59 PT [2021/12/23 0:21:59 ET]
Table 'Urania II' 9-max Seat #8 is the button
Seat 1: Ebleco ($0.80 in chips) 
Seat 2: red8x4 ($1.57 in chips) 
Seat 3: Paty Doll726 ($0.82 in chips) 
Seat 4: frosa9397 ($2.92 in chips) 
Seat 5: KruXie ($2 in chips) 
Seat 6: Dorex2007 ($4.20 in chips) 
Seat 7: Typyha ($0.80 in chips) 
Seat 8: 2040800 ($1.41 in chips) 
Seat 9: t0m1sh ($1.74 in chips) 
t0m1sh: posts small blind $0.01
Ebleco: posts big blind $0.02
Typyha: posts big blind $0.02
*** HOLE CARDS ***
Dealt to Dorex2007 [Td Qc]
red8x4: folds 
Paty Doll726: folds 
frosa9397: calls $0.02
KruXie: raises $0.08 to $0.10
Dorex2007: folds 
Typyha: folds 
2040800: folds 
t0m1sh: folds 
Ebleco: folds 
frosa9397: folds 
Uncalled bet ($0.08) returned to KruXie
KruXie collected $0.09 from pot
*** SUMMARY ***
Total pot $0.09 | Rake $0 
Seat 1: Ebleco (big blind) folded before Flop
Seat 2: red8x4 folded before Flop (didn't bet)
Seat 3: Paty Doll726 folded before Flop (didn't bet)
Seat 4: frosa9397 folded before Flop
Seat 5: KruXie collected ($0.09)
Seat 6: Dorex2007 folded before Flop (didn't bet)
Seat 7: Typyha folded before Flop (didn't bet)
Seat 8: 2040800 (button) folded before Flop (didn't bet)
Seat 9: t0m1sh (small blind) folded before Flop



PokerStars Hand #232446884715:  Hold'em No Limit ($0.01/$0.02 USD) - 2021/12/22 21:22:34 PT [2021/12/23 0:22:34 ET]
Table 'Urania II' 9-max Seat #9 is the button
Seat 1: Ebleco ($0.78 in chips) 
Seat 2: red8x4 ($1.57 in chips) 
Seat 3: Paty Doll726 ($0.82 in chips) 
Seat 4: frosa9397 ($2.90 in chips) 
Seat 5: KruXie ($2.07 in chips) 
Seat 6: Dorex2007 ($4.20 in chips) 
Seat 7: Typyha ($0.78 in chips) 
Seat 8: 2040800 ($1.41 in chips) 
Seat 9: t0m1sh ($1.73 in chips) 
Ebleco: posts small blind $0.01
red8x4: posts big blind $0.02
*** HOLE CARDS ***
Dealt to Dorex2007 [8s Jh]
Paty Doll726: folds 
frosa9397: folds 
KruXie: folds 
Dorex2007: folds 
Typyha: folds 
2040800: folds 
t0m1sh: raises $0.02 to $0.04
Ebleco: folds 
red8x4: folds 
Uncalled bet ($0.02) returned to t0m1sh
t0m1sh collected $0.05 from pot
t0m1sh: doesn't show hand 
*** SUMMARY ***
Total pot $0.05 | Rake $0 
Seat 1: Ebleco (small blind) folded before Flop
Seat 2: red8x4 (big blind) folded before Flop
Seat 3: Paty Doll726 folded before Flop (didn't bet)
Seat 4: frosa9397 folded before Flop (didn't bet)
Seat 5: KruXie folded before Flop (didn't bet)
Seat 6: Dorex2007 folded before Flop (didn't bet)
Seat 7: Typyha folded before Flop (didn't bet)
Seat 8: 2040800 folded before Flop (didn't bet)
Seat 9: t0m1sh (button) collected ($0.05)



PokerStars Hand #232446888201:  Hold'em No Limit ($0.01/$0.02 USD) - 2021/12/22 21:22:56 PT [2021/12/23 0:22:56 ET]
Table 'Urania II' 9-max Seat #1 is the button
Seat 1: Ebleco ($0.77 in chips) 
Seat 2: red8x4 ($1.55 in chips) 
Seat 3: Paty Doll726 ($0.82 in chips) 
Seat 4: frosa9397 ($2.90 in chips) 
Seat 5: KruXie ($2.07 in chips) 
Seat 6: Dorex2007 ($4.20 in chips) 
Seat 7: Typyha ($0.78 in chips) 
Seat 8: 2040800 ($1.41 in chips) 
Seat 9: t0m1sh ($1.76 in chips) 
red8x4: posts small blind $0.01
Paty Doll726: posts big blind $0.02
*** HOLE CARDS ***
Dealt to Dorex2007 [Jh 6s]
frosa9397: folds 
KruXie: folds 
Dorex2007: folds 
Typyha: folds 
2040800: folds 
t0m1sh: folds 
Ebleco: raises $0.06 to $0.08
red8x4: folds 
Paty Doll726: folds 
Uncalled bet ($0.06) returned to Ebleco
Ebleco collected $0.05 from pot
Ebleco: doesn't show hand 
*** SUMMARY ***
Total pot $0.05 | Rake $0 
Seat 1: Ebleco (button) collected ($0.05)
Seat 2: red8x4 (small blind) folded before Flop
Seat 3: Paty Doll726 (big blind) folded before Flop
Seat 4: frosa9397 folded before Flop (didn't bet)
Seat 5: KruXie folded before Flop (didn't bet)
Seat 6: Dorex2007 folded before Flop (didn't bet)
Seat 7: Typyha folded before Flop (didn't bet)
Seat 8: 2040800 folded before Flop (didn't bet)
Seat 9: t0m1sh folded before Flop (didn't bet)



PokerStars Hand #232446891592:  Hold'em No Limit ($0.01/$0.02 USD) - 2021/12/22 21:23:17 PT [2021/12/23 0:23:17 ET]
Table 'Urania II' 9-max Seat #2 is the button
Seat 1: Ebleco ($0.80 in chips) 
Seat 2: red8x4 ($1.54 in chips) 
Seat 3: Paty Doll726 ($0.80 in chips) 
Seat 4: frosa9397 ($2.90 in chips) 
Seat 5: KruXie ($2.07 in chips) 
Seat 6: Dorex2007 ($4.20 in chips) 
Seat 7: Typyha ($0.78 in chips) 
Seat 8: 2040800 ($1.41 in chips) 
Seat 9: t0m1sh ($1.76 in chips) 
Paty Doll726: posts small blind $0.01
frosa9397: posts big blind $0.02
*** HOLE CARDS ***
Dealt to Dorex2007 [7c 2c]
KruXie: folds 
Dorex2007: folds 
Typyha: folds 
2040800: folds 
t0m1sh: folds 
Ebleco: raises $0.04 to $0.06
red8x4: folds 
Paty Doll726: folds 
frosa9397: folds 
Uncalled bet ($0.04) returned to Ebleco
Ebleco collected $0.05 from pot
Ebleco: doesn't show hand 
*** SUMMARY ***
Total pot $0.05 | Rake $0 
Seat 1: Ebleco collected ($0.05)
Seat 2: red8x4 (button) folded before Flop (didn't bet)
Seat 3: Paty Doll726 (small blind) folded before Flop
Seat 4: frosa9397 (big blind) folded before Flop
Seat 5: KruXie folded before Flop (didn't bet)
Seat 6: Dorex2007 folded before Flop (didn't bet)
Seat 7: Typyha folded before Flop (didn't bet)
Seat 8: 2040800 folded before Flop (didn't bet)
Seat 9: t0m1sh folded before Flop (didn't bet)



PokerStars Hand #232446904396:  Hold'em No Limit ($0.01/$0.02 USD) - 2021/12/22 21:23:58 PT [2021/12/23 0:23:58 ET]
Table 'Urania II' 9-max Seat #3 is the button
Seat 1: Ebleco ($0.83 in chips) 
Seat 2: red8x4 ($1.54 in chips) 
Seat 3: Paty Doll726 ($0.79 in chips) 
Seat 4: frosa9397 ($2.88 in chips) 
Seat 5: KruXie ($2.07 in chips) 
Seat 6: Dorex2007 ($4.20 in chips) 
Seat 7: Typyha ($0.78 in chips) 
Seat 8: 2040800 ($1.41 in chips) 
Seat 9: t0m1sh ($1.76 in chips) 
frosa9397: posts small blind $0.01
KruXie: posts big blind $0.02
*** HOLE CARDS ***
Dealt to Dorex2007 [9h 4c]
Dorex2007: folds 
Typyha: folds 
2040800: calls $0.02
t0m1sh: folds 
Ebleco: folds 
red8x4: calls $0.02
Paty Doll726: calls $0.02
frosa9397: folds 
KruXie: checks 
*** FLOP *** [Ts 4h Ac]
KruXie: checks 
2040800: checks 
red8x4: bets $0.09
Paty Doll726: folds 
KruXie: folds 
2040800: folds 
Uncalled bet ($0.09) returned to red8x4
red8x4 collected $0.09 from pot
red8x4: doesn't show hand 
*** SUMMARY ***
Total pot $0.09 | Rake $0 
Board [Ts 4h Ac]
Seat 1: Ebleco folded before Flop (didn't bet)
Seat 2: red8x4 collected ($0.09)
Seat 3: Paty Doll726 (button) folded on the Flop
Seat 4: frosa9397 (small blind) folded before Flop
Seat 5: KruXie (big blind) folded on the Flop
Seat 6: Dorex2007 folded before Flop (didn't bet)
Seat 7: Typyha folded before Flop (didn't bet)
Seat 8: 2040800 folded on the Flop
Seat 9: t0m1sh folded before Flop (didn't bet)



PokerStars Hand #232446911753:  Hold'em No Limit ($0.01/$0.02 USD) - 2021/12/22 21:24:44 PT [2021/12/23 0:24:44 ET]
Table 'Urania II' 9-max Seat #4 is the button
Seat 1: Ebleco ($0.83 in chips) 
Seat 2: red8x4 ($1.61 in chips) 
Seat 3: Paty Doll726 ($0.77 in chips) 
Seat 4: frosa9397 ($2.87 in chips) 
Seat 5: KruXie ($2.05 in chips) 
Seat 6: Dorex2007 ($4.20 in chips) 
Seat 7: Typyha ($0.78 in chips) 
Seat 8: 2040800 ($1.39 in chips) 
Seat 9: t0m1sh ($1.76 in chips) 
KruXie: posts small blind $0.01
Dorex2007: posts big blind $0.02
*** HOLE CARDS ***
Dealt to Dorex2007 [Qd 8s]
Typyha: folds 
2040800: raises $0.02 to $0.04
t0m1sh: folds 
Ebleco: folds 
red8x4: calls $0.04
Paty Doll726: folds 
frosa9397 has timed out
frosa9397: folds 
KruXie: folds 
Dorex2007: folds 
*** FLOP *** [7s 9c 6c]
2040800: bets $0.02
red8x4: raises $0.15 to $0.17
2040800: folds 
Uncalled bet ($0.15) returned to red8x4
red8x4 collected $0.14 from pot
red8x4: doesn't show hand 
*** SUMMARY ***
Total pot $0.15 | Rake $0.01 
Board [7s 9c 6c]
Seat 1: Ebleco folded before Flop (didn't bet)
Seat 2: red8x4 collected ($0.14)
Seat 3: Paty Doll726 folded before Flop (didn't bet)
Seat 4: frosa9397 (button) folded before Flop (didn't bet)
Seat 5: KruXie (small blind) folded before Flop
Seat 6: Dorex2007 (big blind) folded before Flop
Seat 7: Typyha folded before Flop (didn't bet)
Seat 8: 2040800 folded on the Flop
Seat 9: t0m1sh folded before Flop (didn't bet)



PokerStars Hand #232446918076:  Hold'em No Limit ($0.01/$0.02 USD) - 2021/12/22 21:25:24 PT [2021/12/23 0:25:24 ET]
Table 'Urania II' 9-max Seat #5 is the button
Seat 1: Ebleco ($0.83 in chips) 
Seat 2: red8x4 ($1.69 in chips) 
Seat 3: Paty Doll726 ($0.77 in chips) 
Seat 5: KruXie ($2.04 in chips) 
Seat 6: Dorex2007 ($4.18 in chips) 
Seat 7: Typyha ($0.78 in chips) 
Seat 8: 2040800 ($1.33 in chips) 
Seat 9: t0m1sh ($1.76 in chips) 
Dorex2007: posts small blind $0.01
Typyha: posts big blind $0.02
*** HOLE CARDS ***
Dealt to Dorex2007 [7s 3h]
2040800: folds 
t0m1sh: folds 
Ebleco: folds 
red8x4: folds 
Paty Doll726: calls $0.02
KruXie: raises $0.06 to $0.08
Dorex2007: folds 
Typyha: folds 
Paty Doll726: calls $0.06
*** FLOP *** [6h 9c Ah]
Paty Doll726: checks 
KruXie: checks 
*** TURN *** [6h 9c Ah] [6d]
Paty Doll726: checks 
KruXie: checks 
*** RIVER *** [6h 9c Ah 6d] [5c]
Paty Doll726: checks 
KruXie: checks 
*** SHOW DOWN ***
Paty Doll726: shows [4d 4c] (two pair, Sixes and Fours)
KruXie: mucks hand 
Paty Doll726 collected $0.18 from pot
*** SUMMARY ***
Total pot $0.19 | Rake $0.01 
Board [6h 9c Ah 6d 5c]
Seat 1: Ebleco folded before Flop (didn't bet)
Seat 2: red8x4 folded before Flop (didn't bet)
Seat 3: Paty Doll726 showed [4d 4c] and won ($0.18) with two pair, Sixes and Fours
Seat 5: KruXie (button) mucked [Qs Kc]
Seat 6: Dorex2007 (small blind) folded before Flop
Seat 7: Typyha (big blind) folded before Flop
Seat 8: 2040800 folded before Flop (didn't bet)
Seat 9: t0m1sh folded before Flop (didn't bet)



PokerStars Hand #232446927820:  Hold'em No Limit ($0.01/$0.02 USD) - 2021/12/22 21:26:24 PT [2021/12/23 0:26:24 ET]
Table 'Urania II' 9-max Seat #6 is the button
Seat 1: Ebleco ($0.83 in chips) 
Seat 2: red8x4 ($1.69 in chips) 
Seat 3: Paty Doll726 ($0.87 in chips) 
Seat 5: KruXie ($2 in chips) 
Seat 6: Dorex2007 ($4.17 in chips) 
Seat 7: Typyha ($0.76 in chips) 
Seat 8: 2040800 ($1.33 in chips) 
Seat 9: t0m1sh ($1.76 in chips) 
Typyha: posts small blind $0.01
2040800: posts big blind $0.02
*** HOLE CARDS ***
Dealt to Dorex2007 [8d Ts]
t0m1sh: folds 
Ebleco: folds 
red8x4: folds 
Paty Doll726: calls $0.02
KruXie: folds 
Dorex2007: folds 
Typyha: folds 
2040800: checks 
*** FLOP *** [6c 3d 8c]
2040800: bets $0.03
Paty Doll726: raises $0.82 to $0.85 and is all-in
2040800: folds 
Uncalled bet ($0.82) returned to Paty Doll726
Paty Doll726 collected $0.11 from pot
*** SUMMARY ***
Total pot $0.11 | Rake $0 
Board [6c 3d 8c]
Seat 1: Ebleco folded before Flop (didn't bet)
Seat 2: red8x4 folded before Flop (didn't bet)
Seat 3: Paty Doll726 collected ($0.11)
Seat 5: KruXie folded before Flop (didn't bet)
Seat 6: Dorex2007 (button) folded before Flop (didn't bet)
Seat 7: Typyha (small blind) folded before Flop
Seat 8: 2040800 (big blind) folded on the Flop
Seat 9: t0m1sh folded before Flop (didn't bet)



PokerStars Hand #232446934699:  Hold'em No Limit ($0.01/$0.02 USD) - 2021/12/22 21:27:07 PT [2021/12/23 0:27:07 ET]
Table 'Urania II' 9-max Seat #7 is the button
Seat 1: Ebleco ($0.83 in chips) 
Seat 2: red8x4 ($1.69 in chips) 
Seat 3: Paty Doll726 ($0.93 in chips) 
Seat 5: KruXie ($2 in chips) 
Seat 6: Dorex2007 ($4.17 in chips) 
Seat 7: Typyha ($0.75 in chips) 
Seat 8: 2040800 ($1.28 in chips) 
Seat 9: t0m1sh ($1.76 in chips) 
2040800: posts small blind $0.01
t0m1sh: posts big blind $0.02
*** HOLE CARDS ***
Dealt to Dorex2007 [6h 2h]
Ebleco: folds 
red8x4: folds 
Paty Doll726: folds 
KruXie: folds 
Dorex2007: folds 
Typyha: folds 
2040800: calls $0.01
t0m1sh: raises $0.07 to $0.09
2040800: calls $0.07
*** FLOP *** [8d Kc Ac]
2040800: checks 
t0m1sh: bets $0.09
2040800: folds 
Uncalled bet ($0.09) returned to t0m1sh
t0m1sh collected $0.17 from pot
t0m1sh: doesn't show hand 
*** SUMMARY ***
Total pot $0.18 | Rake $0.01 
Board [8d Kc Ac]
Seat 1: Ebleco folded before Flop (didn't bet)
Seat 2: red8x4 folded before Flop (didn't bet)
Seat 3: Paty Doll726 folded before Flop (didn't bet)
Seat 5: KruXie folded before Flop (didn't bet)
Seat 6: Dorex2007 folded before Flop (didn't bet)
Seat 7: Typyha (button) folded before Flop (didn't bet)
Seat 8: 2040800 (small blind) folded on the Flop
Seat 9: t0m1sh (big blind) collected ($0.17)



PokerStars Hand #232446940438:  Hold'em No Limit ($0.01/$0.02 USD) - 2021/12/22 21:27:43 PT [2021/12/23 0:27:43 ET]
Table 'Urania II' 9-max Seat #8 is the button
Seat 1: Ebleco ($0.83 in chips) 
Seat 2: red8x4 ($1.69 in chips) 
Seat 3: Paty Doll726 ($0.93 in chips) 
Seat 5: KruXie ($2 in chips) 
Seat 6: Dorex2007 ($4.17 in chips) 
Seat 7: Typyha ($0.75 in chips) 
Seat 8: 2040800 ($1.65 in chips) 
Seat 9: t0m1sh ($1.84 in chips) 
t0m1sh: posts small blind $0.01
Ebleco: posts big blind $0.02
*** HOLE CARDS ***
Dealt to Dorex2007 [9h 8s]
red8x4: folds 
Paty Doll726: folds 
KruXie: raises $0.04 to $0.06
Dorex2007: folds 
Typyha: folds 
2040800: folds 
t0m1sh: folds 
Ebleco: folds 
Uncalled bet ($0.04) returned to KruXie
KruXie collected $0.05 from pot
*** SUMMARY ***
Total pot $0.05 | Rake $0 
Seat 1: Ebleco (big blind) folded before Flop
Seat 2: red8x4 folded before Flop (didn't bet)
Seat 3: Paty Doll726 folded before Flop (didn't bet)
Seat 5: KruXie collected ($0.05)
Seat 6: Dorex2007 folded before Flop (didn't bet)
Seat 7: Typyha folded before Flop (didn't bet)
Seat 8: 2040800 (button) folded before Flop (didn't bet)
Seat 9: t0m1sh (small blind) folded before Flop



PokerStars Hand #232446944263:  Hold'em No Limit ($0.01/$0.02 USD) - 2021/12/22 21:28:07 PT [2021/12/23 0:28:07 ET]
Table 'Urania II' 9-max Seat #9 is the button
Seat 1: Ebleco ($0.81 in chips) 
Seat 2: red8x4 ($1.69 in chips) 
Seat 3: Paty Doll726 ($0.93 in chips) 
Seat 5: KruXie ($2.03 in chips) 
Seat 6: Dorex2007 ($4.17 in chips) 
Seat 7: Typyha ($0.75 in chips) 
Seat 8: 2040800 ($1.65 in chips) 
Seat 9: t0m1sh ($1.83 in chips) 
Ebleco: posts small blind $0.01
red8x4: posts big blind $0.02
*** HOLE CARDS ***
Dealt to Dorex2007 [Kc Td]
Paty Doll726: folds 
KruXie: raises $0.04 to $0.06
Dorex2007: folds 
Typyha: folds 
2040800: calls $0.06
t0m1sh: folds 
Ebleco: folds 
red8x4: folds 
*** FLOP *** [7d Tc As]
KruXie: bets $0.07
2040800: calls $0.07
*** TURN *** [7d Tc As] [Qd]
KruXie: checks 
2040800: checks 
*** RIVER *** [7d Tc As Qd] [Jc]
KruXie: checks 
2040800: checks 
*** SHOW DOWN ***
KruXie: shows [3s 3h] (a pair of Threes)
2040800: shows [9s 9c] (a pair of Nines)
2040800 collected $0.28 from pot
*** SUMMARY ***
Total pot $0.29 | Rake $0.01 
Board [7d Tc As Qd Jc]
Seat 1: Ebleco (small blind) folded before Flop
Seat 2: red8x4 (big blind) folded before Flop
Seat 3: Paty Doll726 folded before Flop (didn't bet)
Seat 5: KruXie showed [3s 3h] and lost with a pair of Threes
Seat 6: Dorex2007 folded before Flop (didn't bet)
Seat 7: Typyha folded before Flop (didn't bet)
Seat 8: 2040800 showed [9s 9c] and won ($0.28) with a pair of Nines
Seat 9: t0m1sh (button) folded before Flop (didn't bet)



PokerStars Hand #232446951930:  Hold'em No Limit ($0.01/$0.02 USD) - 2021/12/22 21:28:55 PT [2021/12/23 0:28:55 ET]
Table 'Urania II' 9-max Seat #1 is the button
Seat 1: Ebleco ($0.80 in chips) 
Seat 2: red8x4 ($1.67 in chips) 
Seat 3: Paty Doll726 ($0.93 in chips) 
Seat 5: KruXie ($2 in chips) 
Seat 6: Dorex2007 ($4.17 in chips) 
Seat 7: Typyha ($0.75 in chips) 
Seat 8: 2040800 ($1.80 in chips) 
Seat 9: t0m1sh ($1.83 in chips) 
red8x4: posts small blind $0.01
Paty Doll726: posts big blind $0.02
*** HOLE CARDS ***
Dealt to Dorex2007 [2h Ac]
KruXie: folds 
Dorex2007: folds 
Typyha: raises $0.02 to $0.04
2040800: folds 
t0m1sh: raises $0.10 to $0.14
Ebleco: folds 
red8x4: folds 
Paty Doll726: folds 
Typyha: folds 
Uncalled bet ($0.10) returned to t0m1sh
t0m1sh collected $0.11 from pot
t0m1sh: doesn't show hand 
*** SUMMARY ***
Total pot $0.11 | Rake $0 
Seat 1: Ebleco (button) folded before Flop (didn't bet)
Seat 2: red8x4 (small blind) folded before Flop
Seat 3: Paty Doll726 (big blind) folded before Flop
Seat 5: KruXie folded before Flop (didn't bet)
Seat 6: Dorex2007 folded before Flop (didn't bet)
Seat 7: Typyha folded before Flop
Seat 8: 2040800 folded before Flop (didn't bet)
Seat 9: t0m1sh collected ($0.11)



PokerStars Hand #232446958696:  Hold'em No Limit ($0.01/$0.02 USD) - 2021/12/22 21:29:37 PT [2021/12/23 0:29:37 ET]
Table 'Urania II' 9-max Seat #2 is the button
Seat 1: Ebleco ($0.80 in chips) 
Seat 2: red8x4 ($1.66 in chips) 
Seat 3: Paty Doll726 ($0.91 in chips) 
Seat 5: KruXie ($2 in chips) 
Seat 6: Dorex2007 ($4.17 in chips) 
Seat 7: Typyha ($0.71 in chips) 
Seat 8: 2040800 ($1.80 in chips) 
Seat 9: t0m1sh ($1.90 in chips) 
Paty Doll726: posts small blind $0.01
KruXie: posts big blind $0.02
*** HOLE CARDS ***
Dealt to Dorex2007 [5d Jc]
Dorex2007: folds 
Typyha: folds 
2040800: folds 
t0m1sh: folds 
Ebleco: raises $0.04 to $0.06
red8x4: folds 
Paty Doll726: folds 
KruXie: folds 
Uncalled bet ($0.04) returned to Ebleco
Ebleco collected $0.05 from pot
Ebleco: doesn't show hand 
*** SUMMARY ***
Total pot $0.05 | Rake $0 
Seat 1: Ebleco collected ($0.05)
Seat 2: red8x4 (button) folded before Flop (didn't bet)
Seat 3: Paty Doll726 (small blind) folded before Flop
Seat 5: KruXie (big blind) folded before Flop
Seat 6: Dorex2007 folded before Flop (didn't bet)
Seat 7: Typyha folded before Flop (didn't bet)
Seat 8: 2040800 folded before Flop (didn't bet)
Seat 9: t0m1sh folded before Flop (didn't bet)



PokerStars Hand #232446961169:  Hold'em No Limit ($0.01/$0.02 USD) - 2021/12/22 21:29:53 PT [2021/12/23 0:29:53 ET]
Table 'Urania II' 9-max Seat #3 is the button
Seat 1: Ebleco ($0.83 in chips) 
Seat 2: red8x4 ($1.66 in chips) 
Seat 3: Paty Doll726 ($0.90 in chips) 
Seat 5: KruXie ($2 in chips) 
Seat 6: Dorex2007 ($4.17 in chips) 
Seat 7: Typyha ($0.71 in chips) 
Seat 8: 2040800 ($1.80 in chips) 
Seat 9: t0m1sh ($1.90 in chips) 
KruXie: posts small blind $0.01
Dorex2007: posts big blind $0.02
*** HOLE CARDS ***
Dealt to Dorex2007 [8h 2h]
Typyha: folds 
2040800: raises $0.04 to $0.06
t0m1sh: folds 
Ebleco: folds 
red8x4: folds 
Paty Doll726: folds 
KruXie: folds 
Dorex2007: folds 
Uncalled bet ($0.04) returned to 2040800
2040800 collected $0.05 from pot
*** SUMMARY ***
Total pot $0.05 | Rake $0 
Seat 1: Ebleco folded before Flop (didn't bet)
Seat 2: red8x4 folded before Flop (didn't bet)
Seat 3: Paty Doll726 (button) folded before Flop (didn't bet)
Seat 5: KruXie (small blind) folded before Flop
Seat 6: Dorex2007 (big blind) folded before Flop
Seat 7: Typyha folded before Flop (didn't bet)
Seat 8: 2040800 collected ($0.05)
Seat 9: t0m1sh folded before Flop (didn't bet)



PokerStars Hand #232446963450:  Hold'em No Limit ($0.01/$0.02 USD) - 2021/12/22 21:30:07 PT [2021/12/23 0:30:07 ET]
Table 'Urania II' 9-max Seat #5 is the button
Seat 1: Ebleco ($0.83 in chips) 
Seat 2: red8x4 ($1.66 in chips) 
Seat 3: Paty Doll726 ($0.90 in chips) 
Seat 5: KruXie ($2 in chips) 
Seat 6: Dorex2007 ($4.15 in chips) 
Seat 7: Typyha ($0.71 in chips) 
Seat 8: 2040800 ($1.83 in chips) 
Seat 9: t0m1sh ($1.90 in chips) 
Dorex2007: posts small blind $0.01
Typyha: posts big blind $0.02
*** HOLE CARDS ***
Dealt to Dorex2007 [8d 8s]
2040800: folds 
t0m1sh: folds 
Ebleco: folds 
red8x4: calls $0.02
Paty Doll726: calls $0.02
KruXie: folds 
Dorex2007: calls $0.01
Typyha: checks 
*** FLOP *** [Tc Ts 4h]
Dorex2007: checks 
Typyha: checks 
red8x4: checks 
Paty Doll726: checks 
*** TURN *** [Tc Ts 4h] [5c]
Dorex2007: bets $0.04
Typyha: folds 
red8x4: calls $0.04
Paty Doll726: calls $0.04
*** RIVER *** [Tc Ts 4h 5c] [7h]
Dorex2007: bets $0.04
red8x4: calls $0.04
Paty Doll726: folds 
*** SHOW DOWN ***
Dorex2007: shows [8d 8s] (two pair, Tens and Eights)
red8x4: mucks hand 
Dorex2007 collected $0.27 from pot
*** SUMMARY ***
Total pot $0.28 | Rake $0.01 
Board [Tc Ts 4h 5c 7h]
Seat 1: Ebleco folded before Flop (didn't bet)
Seat 2: red8x4 mucked [5h Ah]
Seat 3: Paty Doll726 folded on the River
Seat 5: KruXie (button) folded before Flop (didn't bet)
Seat 6: Dorex2007 (small blind) showed [8d 8s] and won ($0.27) with two pair, Tens and Eights
Seat 7: Typyha (big blind) folded on the Turn
Seat 8: 2040800 folded before Flop (didn't bet)
Seat 9: t0m1sh folded before Flop (didn't bet)



PokerStars Hand #232446977873:  Hold'em No Limit ($0.01/$0.02 USD) - 2021/12/22 21:31:16 PT [2021/12/23 0:31:16 ET]
Table 'Urania II' 9-max Seat #6 is the button
Seat 1: Ebleco ($0.83 in chips) 
Seat 2: red8x4 ($1.56 in chips) 
Seat 3: Paty Doll726 ($0.84 in chips) 
Seat 4: frosa9397 ($2.87 in chips) 
Seat 5: KruXie ($2 in chips) 
Seat 6: Dorex2007 ($4.32 in chips) 
Seat 7: Typyha ($0.69 in chips) 
Seat 8: 2040800 ($1.83 in chips) 
Seat 9: t0m1sh ($1.90 in chips) 
Typyha: posts small blind $0.01
2040800: posts big blind $0.02
frosa9397: posts small & big blinds $0.03
*** HOLE CARDS ***
Dealt to Dorex2007 [Ad 3h]
t0m1sh: folds 
t0m1sh leaves the table
Ebleco: folds 
red8x4: calls $0.02
Paty Doll726: folds 
frosa9397: checks 
KruXie: folds 
Dorex2007: folds 
Typyha: calls $0.01
2040800: checks 
*** FLOP *** [7c 6s Td]
Typyha: checks 
2040800: checks 
red8x4: checks 
frosa9397: bets $0.02
Typyha: calls $0.02
2040800: folds 
red8x4: calls $0.02
*** TURN *** [7c 6s Td] [Jc]
Typyha: checks 
red8x4: checks 
frosa9397: bets $0.07
Typyha: folds 
red8x4: calls $0.07
*** RIVER *** [7c 6s Td Jc] [2d]
red8x4: checks 
frosa9397: checks 
*** SHOW DOWN ***
red8x4: shows [9h Jh] (a pair of Jacks)
frosa9397: mucks hand 
red8x4 collected $0.28 from pot
*** SUMMARY ***
Total pot $0.29 | Rake $0.01 
Board [7c 6s Td Jc 2d]
Seat 1: Ebleco folded before Flop (didn't bet)
Seat 2: red8x4 showed [9h Jh] and won ($0.28) with a pair of Jacks
Seat 3: Paty Doll726 folded before Flop (didn't bet)
Seat 4: frosa9397 mucked [3c Th]
Seat 5: KruXie folded before Flop (didn't bet)
Seat 6: Dorex2007 (button) folded before Flop (didn't bet)
Seat 7: Typyha (small blind) folded on the Turn
Seat 8: 2040800 (big blind) folded on the Flop
Seat 9: t0m1sh folded before Flop (didn't bet)



PokerStars Hand #232446992417:  Hold'em No Limit ($0.01/$0.02 USD) - 2021/12/22 21:32:49 PT [2021/12/23 0:32:49 ET]
Table 'Urania II' 9-max Seat #7 is the button
Seat 1: Ebleco ($0.83 in chips) 
Seat 2: red8x4 ($1.73 in chips) 
Seat 3: Paty Doll726 ($0.84 in chips) 
Seat 4: frosa9397 ($2.75 in chips) 
Seat 5: KruXie ($2 in chips) 
Seat 6: Dorex2007 ($4.32 in chips) 
Seat 7: Typyha ($0.65 in chips) 
Seat 8: 2040800 ($1.81 in chips) 
2040800: posts small blind $0.01
Ebleco: posts big blind $0.02
*** HOLE CARDS ***
Dealt to Dorex2007 [7s 5h]
red8x4: folds 
Paty Doll726: calls $0.02
frosa9397: folds 
KruXie: folds 
Dorex2007: folds 
Typyha: folds 
2040800: calls $0.01
Ebleco: checks 
*** FLOP *** [Jc 6c 2d]
2040800: checks 
Ebleco: checks 
Paty Doll726: bets $0.02
2040800: folds 
Ebleco: folds 
Uncalled bet ($0.02) returned to Paty Doll726
Paty Doll726 collected $0.06 from pot
*** SUMMARY ***
Total pot $0.06 | Rake $0 
Board [Jc 6c 2d]
Seat 1: Ebleco (big blind) folded on the Flop
Seat 2: red8x4 folded before Flop (didn't bet)
Seat 3: Paty Doll726 collected ($0.06)
Seat 4: frosa9397 folded before Flop (didn't bet)
Seat 5: KruXie folded before Flop (didn't bet)
Seat 6: Dorex2007 folded before Flop (didn't bet)
Seat 7: Typyha (button) folded before Flop (didn't bet)
Seat 8: 2040800 (small blind) folded on the Flop



PokerStars Hand #232446999095:  Hold'em No Limit ($0.01/$0.02 USD) - 2021/12/22 21:33:31 PT [2021/12/23 0:33:31 ET]
Table 'Urania II' 9-max Seat #8 is the button
Seat 1: Ebleco ($0.81 in chips) 
Seat 2: red8x4 ($1.73 in chips) 
Seat 3: Paty Doll726 ($0.88 in chips) 
Seat 4: frosa9397 ($2.75 in chips) 
Seat 5: KruXie ($2 in chips) 
Seat 6: Dorex2007 ($4.32 in chips) 
Seat 7: Typyha ($0.65 in chips) 
Seat 8: 2040800 ($1.79 in chips) 
Ebleco: posts small blind $0.01
red8x4: posts big blind $0.02
*** HOLE CARDS ***
Dealt to Dorex2007 [9c Kd]
Paty Doll726: folds 
frosa9397: folds 
KruXie: raises $0.04 to $0.06
Dorex2007: folds 
Typyha: folds 
2040800: folds 
Ebleco: folds 
red8x4: calls $0.04
*** FLOP *** [Ac 4d 4h]
red8x4: checks 
KruXie: bets $0.02
red8x4: folds 
Uncalled bet ($0.02) returned to KruXie
KruXie collected $0.13 from pot
*** SUMMARY ***
Total pot $0.13 | Rake $0 
Board [Ac 4d 4h]
Seat 1: Ebleco (small blind) folded before Flop
Seat 2: red8x4 (big blind) folded on the Flop
Seat 3: Paty Doll726 folded before Flop (didn't bet)
Seat 4: frosa9397 folded before Flop (didn't bet)
Seat 5: KruXie collected ($0.13)
Seat 6: Dorex2007 folded before Flop (didn't bet)
Seat 7: Typyha folded before Flop (didn't bet)
Seat 8: 2040800 (button) folded before Flop (didn't bet)



PokerStars Hand #232447004432:  Hold'em No Limit ($0.01/$0.02 USD) - 2021/12/22 21:34:06 PT [2021/12/23 0:34:06 ET]
Table 'Urania II' 9-max Seat #1 is the button
Seat 1: Ebleco ($0.80 in chips) 
Seat 2: red8x4 ($1.67 in chips) 
Seat 3: Paty Doll726 ($0.88 in chips) 
Seat 4: frosa9397 ($2.75 in chips) 
Seat 5: KruXie ($2.07 in chips) 
Seat 6: Dorex2007 ($4.32 in chips) 
Seat 7: Typyha ($0.65 in chips) 
Seat 8: 2040800 ($1.79 in chips) 
red8x4: posts small blind $0.01
Paty Doll726: posts big blind $0.02
*** HOLE CARDS ***
Dealt to Dorex2007 [8s Jd]
OriginalM joins the table at seat #9 
frosa9397: calls $0.02
KruXie: folds 
Dorex2007: folds 
Typyha: folds 
2040800: raises $0.02 to $0.04
Ebleco: folds 
red8x4: folds 
Paty Doll726: calls $0.02
frosa9397: calls $0.02
*** FLOP *** [5h Ks 7s]
Paty Doll726: checks 
frosa9397: checks 
2040800: checks 
*** TURN *** [5h Ks 7s] [5d]
Paty Doll726: checks 
frosa9397: checks 
2040800: checks 
*** RIVER *** [5h Ks 7s 5d] [Kh]
Paty Doll726: checks 
frosa9397: checks 
2040800: checks 
*** SHOW DOWN ***
Paty Doll726: shows [Qs Ah] (two pair, Kings and Fives)
frosa9397: mucks hand 
2040800: mucks hand 
Paty Doll726 collected $0.13 from pot
*** SUMMARY ***
Total pot $0.13 | Rake $0 
Board [5h Ks 7s 5d Kh]
Seat 1: Ebleco (button) folded before Flop (didn't bet)
Seat 2: red8x4 (small blind) folded before Flop
Seat 3: Paty Doll726 (big blind) showed [Qs Ah] and won ($0.13) with two pair, Kings and Fives
Seat 4: frosa9397 mucked [Ts Jc]
Seat 5: KruXie folded before Flop (didn't bet)
Seat 6: Dorex2007 folded before Flop (didn't bet)
Seat 7: Typyha folded before Flop (didn't bet)
Seat 8: 2040800 mucked [Qd Jh]



PokerStars Hand #232447017471:  Hold'em No Limit ($0.01/$0.02 USD) - 2021/12/22 21:35:29 PT [2021/12/23 0:35:29 ET]
Table 'Urania II' 9-max Seat #2 is the button
Seat 1: Ebleco ($0.80 in chips) 
Seat 2: red8x4 ($1.66 in chips) 
Seat 3: Paty Doll726 ($0.97 in chips) 
Seat 4: frosa9397 ($2.71 in chips) 
Seat 5: KruXie ($2.07 in chips) 
Seat 6: Dorex2007 ($4.32 in chips) 
Seat 7: Typyha ($0.65 in chips) 
Seat 8: 2040800 ($1.75 in chips) 
Seat 9: OriginalM ($0.97 in chips) 
Paty Doll726: posts small blind $0.01
frosa9397: posts big blind $0.02
OriginalM: posts big blind $0.02
*** HOLE CARDS ***
Dealt to Dorex2007 [Jc Qh]
KruXie: folds 
Dorex2007: folds 
Typyha: folds 
2040800: folds 
OriginalM: checks 
Ebleco: raises $0.04 to $0.06
red8x4: folds 
Paty Doll726: calls $0.05
frosa9397: folds 
OriginalM: calls $0.04
*** FLOP *** [4h 2c 6h]
Paty Doll726: checks 
OriginalM: checks 
Ebleco: bets $0.14
Paty Doll726: folds 
OriginalM: folds 
Uncalled bet ($0.14) returned to Ebleco
Ebleco collected $0.19 from pot
Ebleco: doesn't show hand 
*** SUMMARY ***
Total pot $0.20 | Rake $0.01 
Board [4h 2c 6h]
Seat 1: Ebleco collected ($0.19)
Seat 2: red8x4 (button) folded before Flop (didn't bet)
Seat 3: Paty Doll726 (small blind) folded on the Flop
Seat 4: frosa9397 (big blind) folded before Flop
Seat 5: KruXie folded before Flop (didn't bet)
Seat 6: Dorex2007 folded before Flop (didn't bet)
Seat 7: Typyha folded before Flop (didn't bet)
Seat 8: 2040800 folded before Flop (didn't bet)
Seat 9: OriginalM folded on the Flop



PokerStars Hand #232447025036:  Hold'em No Limit ($0.01/$0.02 USD) - 2021/12/22 21:36:18 PT [2021/12/23 0:36:18 ET]
Table 'Urania II' 9-max Seat #3 is the button
Seat 1: Ebleco ($0.93 in chips) 
Seat 2: red8x4 ($1.66 in chips) 
Seat 3: Paty Doll726 ($0.91 in chips) 
Seat 4: frosa9397 ($2.69 in chips) 
Seat 5: KruXie ($2.07 in chips) 
Seat 6: Dorex2007 ($4.32 in chips) 
Seat 7: Typyha ($0.65 in chips) 
Seat 8: 2040800 ($1.75 in chips) 
Seat 9: OriginalM ($0.91 in chips) 
frosa9397: posts small blind $0.01
KruXie: posts big blind $0.02
*** HOLE CARDS ***
Dealt to Dorex2007 [4s Td]
Dorex2007: folds 
Typyha: folds 
2040800: calls $0.02
OriginalM: folds 
Ebleco: folds 
red8x4: folds 
Paty Doll726: folds 
frosa9397: folds 
KruXie: checks 
*** FLOP *** [7s 8d 9c]
KruXie: checks 
2040800: checks 
*** TURN *** [7s 8d 9c] [5h]
KruXie: bets $0.02
2040800: calls $0.02
*** RIVER *** [7s 8d 9c 5h] [7h]
KruXie: bets $0.04
2040800: calls $0.04
*** SHOW DOWN ***
KruXie: shows [9s Js] (two pair, Nines and Sevens)
2040800: shows [Ks 9h] (two pair, Nines and Sevens - King kicker)
2040800 collected $0.16 from pot
*** SUMMARY ***
Total pot $0.17 | Rake $0.01 
Board [7s 8d 9c 5h 7h]
Seat 1: Ebleco folded before Flop (didn't bet)
Seat 2: red8x4 folded before Flop (didn't bet)
Seat 3: Paty Doll726 (button) folded before Flop (didn't bet)
Seat 4: frosa9397 (small blind) folded before Flop
Seat 5: KruXie (big blind) showed [9s Js] and lost with two pair, Nines and Sevens
Seat 6: Dorex2007 folded before Flop (didn't bet)
Seat 7: Typyha folded before Flop (didn't bet)
Seat 8: 2040800 showed [Ks 9h] and won ($0.16) with two pair, Nines and Sevens
Seat 9: OriginalM folded before Flop (didn't bet)



PokerStars Hand #232447031890:  Hold'em No Limit ($0.01/$0.02 USD) - 2021/12/22 21:37:01 PT [2021/12/23 0:37:01 ET]
Table 'Urania II' 9-max Seat #4 is the button
Seat 1: Ebleco ($0.93 in chips) 
Seat 2: red8x4 ($1.66 in chips) 
Seat 3: Paty Doll726 ($0.91 in chips) 
Seat 4: frosa9397 ($2.68 in chips) 
Seat 5: KruXie ($2 in chips) 
Seat 6: Dorex2007 ($4.32 in chips) 
Seat 7: Typyha ($0.65 in chips) 
Seat 8: 2040800 ($1.83 in chips) 
Seat 9: OriginalM ($0.91 in chips) 
KruXie: posts small blind $0.01
Dorex2007: posts big blind $0.02
*** HOLE CARDS ***
Dealt to Dorex2007 [Kc 5h]
Typyha: folds 
2040800: folds 
OriginalM: folds 
Ebleco: folds 
red8x4: calls $0.02
Paty Doll726: folds 
frosa9397 has timed out
frosa9397: folds 
KruXie: folds 
Dorex2007: checks 
*** FLOP *** [Jh 3h Ts]
frosa9397 is disconnected 
Dorex2007: checks 
red8x4: bets $0.05
Dorex2007: folds 
Uncalled bet ($0.05) returned to red8x4
red8x4 collected $0.05 from pot
red8x4: doesn't show hand 
*** SUMMARY ***
Total pot $0.05 | Rake $0 
Board [Jh 3h Ts]
Seat 1: Ebleco folded before Flop (didn't bet)
Seat 2: red8x4 collected ($0.05)
Seat 3: Paty Doll726 folded before Flop (didn't bet)
Seat 4: frosa9397 (button) folded before Flop (didn't bet)
Seat 5: KruXie (small blind) folded before Flop
Seat 6: Dorex2007 (big blind) folded on the Flop
Seat 7: Typyha folded before Flop (didn't bet)
Seat 8: 2040800 folded before Flop (didn't bet)
Seat 9: OriginalM folded before Flop (didn't bet)



PokerStars Hand #232447038477:  Hold'em No Limit ($0.01/$0.02 USD) - 2021/12/22 21:37:43 PT [2021/12/23 0:37:43 ET]
Table 'Urania II' 9-max Seat #5 is the button
Seat 1: Ebleco ($0.93 in chips) 
Seat 2: red8x4 ($1.69 in chips) 
Seat 5: KruXie ($2 in chips) 
Seat 6: Dorex2007 ($4.30 in chips) 
Seat 7: Typyha ($0.65 in chips) 
Seat 8: 2040800 ($1.83 in chips) 
Seat 9: OriginalM ($0.91 in chips) 
Dorex2007: posts small blind $0.01
Typyha: posts big blind $0.02
*** HOLE CARDS ***
Dealt to Dorex2007 [9h 2c]
2040800: calls $0.02
OriginalM: folds 
Ebleco: folds 
red8x4: folds 
KruXie: folds 
Dorex2007: folds 
Typyha: checks 
*** FLOP *** [8d 4d 8s]
Typyha: checks 
2040800: bets $0.02
Typyha: calls $0.02
*** TURN *** [8d 4d 8s] [Kd]
Typyha: checks 
2040800: bets $0.05
Typyha: calls $0.05
*** RIVER *** [8d 4d 8s Kd] [6c]
Typyha: checks 
2040800: bets $0.06
Typyha: raises $0.12 to $0.18
2040800: calls $0.12
*** SHOW DOWN ***
Typyha: shows [8c Qs] (three of a kind, Eights)
2040800: mucks hand 
Typyha collected $0.53 from pot
*** SUMMARY ***
Total pot $0.55 | Rake $0.02 
Board [8d 4d 8s Kd 6c]
Seat 1: Ebleco folded before Flop (didn't bet)
Seat 2: red8x4 folded before Flop (didn't bet)
Seat 5: KruXie (button) folded before Flop (didn't bet)
Seat 6: Dorex2007 (small blind) folded before Flop
Seat 7: Typyha (big blind) showed [8c Qs] and won ($0.53) with three of a kind, Eights
Seat 8: 2040800 mucked [Kh 4h]
Seat 9: OriginalM folded before Flop (didn't bet)



PokerStars Hand #232447049831:  Hold'em No Limit ($0.01/$0.02 USD) - 2021/12/22 21:38:55 PT [2021/12/23 0:38:55 ET]
Table 'Urania II' 9-max Seat #6 is the button
Seat 1: Ebleco ($0.93 in chips) 
Seat 2: red8x4 ($1.69 in chips) 
Seat 5: KruXie ($2 in chips) 
Seat 6: Dorex2007 ($4.29 in chips) 
Seat 7: Typyha ($0.91 in chips) 
Seat 8: 2040800 ($1.56 in chips) 
Seat 9: OriginalM ($0.91 in chips) 
Typyha: posts small blind $0.01
2040800: posts big blind $0.02
*** HOLE CARDS ***
Dealt to Dorex2007 [4s 7s]
OriginalM: folds 
Ebleco: folds 
red8x4: folds 
KruXie: folds 
Dorex2007: folds 
Typyha: calls $0.01
2040800: checks 
*** FLOP *** [8h 2s 5h]
Typyha: checks 
2040800: bets $0.02
Typyha: folds 
Uncalled bet ($0.02) returned to 2040800
2040800 collected $0.04 from pot
*** SUMMARY ***
Total pot $0.04 | Rake $0 
Board [8h 2s 5h]
Seat 1: Ebleco folded before Flop (didn't bet)
Seat 2: red8x4 folded before Flop (didn't bet)
Seat 5: KruXie folded before Flop (didn't bet)
Seat 6: Dorex2007 (button) folded before Flop (didn't bet)
Seat 7: Typyha (small blind) folded on the Flop
Seat 8: 2040800 (big blind) collected ($0.04)
Seat 9: OriginalM folded before Flop (didn't bet)



PokerStars Hand #232447057155:  Hold'em No Limit ($0.01/$0.02 USD) - 2021/12/22 21:39:41 PT [2021/12/23 0:39:41 ET]
Table 'Urania II' 9-max Seat #7 is the button
Seat 1: Ebleco ($0.93 in chips) 
Seat 2: red8x4 ($1.69 in chips) 
Seat 5: KruXie ($2 in chips) 
Seat 6: Dorex2007 ($4.29 in chips) 
Seat 7: Typyha ($0.89 in chips) 
Seat 8: 2040800 ($1.58 in chips) 
Seat 9: OriginalM ($0.91 in chips) 
2040800: posts small blind $0.01
OriginalM: posts big blind $0.02
*** HOLE CARDS ***
Dealt to Dorex2007 [Tc Th]
Ebleco: folds 
red8x4: folds 
KruXie: raises $0.04 to $0.06
Ebleco leaves the table
Dorex2007: calls $0.06
Typyha: folds 
2040800: folds 
OriginalM: calls $0.04
*** FLOP *** [8h Ah 3s]
OriginalM: checks 
KruXie: checks 
Dorex2007: bets $0.09
OriginalM: calls $0.09
KruXie: folds 
*** TURN *** [8h Ah 3s] [8c]
OriginalM: bets $0.10
Dorex2007: folds 
Uncalled bet ($0.10) returned to OriginalM
OriginalM collected $0.36 from pot
OriginalM: doesn't show hand 
*** SUMMARY ***
Total pot $0.37 | Rake $0.01 
Board [8h Ah 3s 8c]
Seat 1: Ebleco folded before Flop (didn't bet)
Seat 2: red8x4 folded before Flop (didn't bet)
Seat 5: KruXie folded on the Flop
Seat 6: Dorex2007 folded on the Turn
Seat 7: Typyha (button) folded before Flop (didn't bet)
Seat 8: 2040800 (small blind) folded before Flop
Seat 9: OriginalM (big blind) collected ($0.36)



PokerStars Hand #232447063775:  Hold'em No Limit ($0.01/$0.02 USD) - 2021/12/22 21:40:23 PT [2021/12/23 0:40:23 ET]
Table 'Urania II' 9-max Seat #8 is the button
Seat 2: red8x4 ($1.69 in chips) 
Seat 3: Paty Doll726 ($0.91 in chips) 
Seat 5: KruXie ($2 in chips) 
Seat 6: Dorex2007 ($4.14 in chips) 
Seat 7: Typyha ($0.89 in chips) 
Seat 8: 2040800 ($1.57 in chips) 
Seat 9: OriginalM ($1.12 in chips) 
OriginalM: posts small blind $0.01
red8x4: posts big blind $0.02
*** HOLE CARDS ***
Dealt to Dorex2007 [9h Qh]
teteuszz joins the table at seat #1 
Paty Doll726: folds 
KruXie: folds 
Dorex2007: raises $0.02 to $0.04
Typyha: folds 
2040800: folds 
OriginalM: folds 
red8x4: folds 
Uncalled bet ($0.02) returned to Dorex2007
Dorex2007 collected $0.05 from pot
Dorex2007: doesn't show hand 
*** SUMMARY ***
Total pot $0.05 | Rake $0 
Seat 2: red8x4 (big blind) folded before Flop
Seat 3: Paty Doll726 folded before Flop (didn't bet)
Seat 5: KruXie folded before Flop (didn't bet)
Seat 6: Dorex2007 collected ($0.05)
Seat 7: Typyha folded before Flop (didn't bet)
Seat 8: 2040800 (button) folded before Flop (didn't bet)
Seat 9: OriginalM (small blind) folded before Flop



PokerStars Hand #232447068712:  Hold'em No Limit ($0.01/$0.02 USD) - 2021/12/22 21:40:54 PT [2021/12/23 0:40:54 ET]
Table 'Urania II' 9-max Seat #9 is the button
Seat 2: red8x4 ($1.67 in chips) 
Seat 3: Paty Doll726 ($0.91 in chips) 
Seat 5: KruXie ($2 in chips) 
Seat 6: Dorex2007 ($4.17 in chips) 
Seat 7: Typyha ($0.89 in chips) 
Seat 8: 2040800 ($1.57 in chips) 
Seat 9: OriginalM ($1.11 in chips) 
red8x4: posts small blind $0.01
Paty Doll726: posts big blind $0.02
*** HOLE CARDS ***
Dealt to Dorex2007 [Js 9d]
KruXie: raises $0.04 to $0.06
Dorex2007: folds 
Typyha: folds 
2040800: folds 
OriginalM: folds 
red8x4: folds 
Paty Doll726: folds 
Uncalled bet ($0.04) returned to KruXie
KruXie collected $0.05 from pot
*** SUMMARY ***
Total pot $0.05 | Rake $0 
Seat 2: red8x4 (small blind) folded before Flop
Seat 3: Paty Doll726 (big blind) folded before Flop
Seat 5: KruXie collected ($0.05)
Seat 6: Dorex2007 folded before Flop (didn't bet)
Seat 7: Typyha folded before Flop (didn't bet)
Seat 8: 2040800 folded before Flop (didn't bet)
Seat 9: OriginalM (button) folded before Flop (didn't bet)



PokerStars Hand #232447072366:  Hold'em No Limit ($0.01/$0.02 USD) - 2021/12/22 21:41:17 PT [2021/12/23 0:41:17 ET]
Table 'Urania II' 9-max Seat #2 is the button
Seat 1: teteuszz ($0.80 in chips) 
Seat 2: red8x4 ($1.66 in chips) 
Seat 3: Paty Doll726 ($0.89 in chips) 
Seat 5: KruXie ($2.03 in chips) 
Seat 6: Dorex2007 ($4.17 in chips) 
Seat 7: Typyha ($0.89 in chips) 
Seat 8: 2040800 ($1.57 in chips) 
Seat 9: OriginalM ($1.11 in chips) 
Paty Doll726: posts small blind $0.01
KruXie: posts big blind $0.02
teteuszz: posts big blind $0.02
*** HOLE CARDS ***
Dealt to Dorex2007 [2c 9h]
Dorex2007: folds 
Typyha: folds 
2040800: folds 
OriginalM: raises $0.04 to $0.06
teteuszz: folds 
red8x4: folds 
Paty Doll726: folds 
KruXie: folds 
Uncalled bet ($0.04) returned to OriginalM
OriginalM collected $0.07 from pot
OriginalM: doesn't show hand 
*** SUMMARY ***
Total pot $0.07 | Rake $0 
Seat 1: teteuszz folded before Flop (didn't bet)
Seat 2: red8x4 (button) folded before Flop (didn't bet)
Seat 3: Paty Doll726 (small blind) folded before Flop
Seat 5: KruXie (big blind) folded before Flop
Seat 6: Dorex2007 folded before Flop (didn't bet)
Seat 7: Typyha folded before Flop (didn't bet)
Seat 8: 2040800 folded before Flop (didn't bet)
Seat 9: OriginalM collected ($0.07)



PokerStars Hand #232447078371:  Hold'em No Limit ($0.01/$0.02 USD) - 2021/12/22 21:41:55 PT [2021/12/23 0:41:55 ET]
Table 'Urania II' 9-max Seat #3 is the button
Seat 1: teteuszz ($0.78 in chips) 
Seat 2: red8x4 ($1.66 in chips) 
Seat 3: Paty Doll726 ($0.88 in chips) 
Seat 5: KruXie ($2.01 in chips) 
Seat 6: Dorex2007 ($4.17 in chips) 
Seat 7: Typyha ($0.89 in chips) 
Seat 8: 2040800 ($1.57 in chips) 
Seat 9: OriginalM ($1.16 in chips) 
KruXie: posts small blind $0.01
Dorex2007: posts big blind $0.02
*** HOLE CARDS ***
Dealt to Dorex2007 [7s As]
Typyha: folds 
2040800: calls $0.02
OriginalM: raises $0.04 to $0.06
teteuszz: calls $0.06
red8x4: folds 
Paty Doll726: folds 
KruXie: folds 
Dorex2007: calls $0.04
2040800: calls $0.04
*** FLOP *** [Jc 8h Kd]
Dorex2007: checks 
2040800: checks 
OriginalM: bets $0.08
teteuszz: folds 
Dorex2007: folds 
2040800: folds 
Uncalled bet ($0.08) returned to OriginalM
OriginalM collected $0.24 from pot
OriginalM: doesn't show hand 
*** SUMMARY ***
Total pot $0.25 | Rake $0.01 
Board [Jc 8h Kd]
Seat 1: teteuszz folded on the Flop
Seat 2: red8x4 folded before Flop (didn't bet)
Seat 3: Paty Doll726 (button) folded before Flop (didn't bet)
Seat 5: KruXie (small blind) folded before Flop
Seat 6: Dorex2007 (big blind) folded on the Flop
Seat 7: Typyha folded before Flop (didn't bet)
Seat 8: 2040800 folded on the Flop
Seat 9: OriginalM collected ($0.24)



PokerStars Hand #232447101648:  Hold'em No Limit ($0.01/$0.02 USD) - 2021/12/22 21:43:02 PT [2021/12/23 0:43:02 ET]
Table 'Urania II' 9-max Seat #5 is the button
Seat 1: teteuszz ($0.72 in chips) 
Seat 2: red8x4 ($1.66 in chips) 
Seat 3: Paty Doll726 ($0.88 in chips) 
Seat 5: KruXie ($2 in chips) 
Seat 6: Dorex2007 ($4.11 in chips) 
Seat 7: Typyha ($0.89 in chips) 
Seat 8: 2040800 ($1.51 in chips) 
Seat 9: OriginalM ($1.34 in chips) 
Dorex2007: posts small blind $0.01
Typyha: posts big blind $0.02
*** HOLE CARDS ***
Dealt to Dorex2007 [4c 6c]
2040800: raises $0.02 to $0.04
OriginalM: folds 
teteuszz: folds 
red8x4: folds 
Paty Doll726: calls $0.04
KruXie: folds 
Dorex2007: folds 
Typyha: calls $0.02
*** FLOP *** [3c Ac Js]
Typyha: checks 
2040800: checks 
Paty Doll726: checks 
*** TURN *** [3c Ac Js] [6s]
Typyha: bets $0.06
2040800: folds 
Paty Doll726: folds 
Uncalled bet ($0.06) returned to Typyha
Typyha collected $0.13 from pot
Typyha: doesn't show hand 
*** SUMMARY ***
Total pot $0.13 | Rake $0 
Board [3c Ac Js 6s]
Seat 1: teteuszz folded before Flop (didn't bet)
Seat 2: red8x4 folded before Flop (didn't bet)
Seat 3: Paty Doll726 folded on the Turn
Seat 5: KruXie (button) folded before Flop (didn't bet)
Seat 6: Dorex2007 (small blind) folded before Flop
Seat 7: Typyha (big blind) collected ($0.13)
Seat 8: 2040800 folded on the Turn
Seat 9: OriginalM folded before Flop (didn't bet)



PokerStars Hand #232447110225:  Hold'em No Limit ($0.01/$0.02 USD) - 2021/12/22 21:43:56 PT [2021/12/23 0:43:56 ET]
Table 'Urania II' 9-max Seat #6 is the button
Seat 1: teteuszz ($0.72 in chips) 
Seat 2: red8x4 ($1.66 in chips) 
Seat 3: Paty Doll726 ($0.84 in chips) 
Seat 5: KruXie ($2 in chips) 
Seat 6: Dorex2007 ($4.10 in chips) 
Seat 7: Typyha ($0.98 in chips) 
Seat 8: 2040800 ($1.47 in chips) 
Seat 9: OriginalM ($1.34 in chips) 
Typyha: posts small blind $0.01
2040800: posts big blind $0.02
*** HOLE CARDS ***
Dealt to Dorex2007 [7c 2d]
OriginalM: calls $0.02
teteuszz: calls $0.02
red8x4: calls $0.02
Paty Doll726: folds 
KruXie: raises $0.04 to $0.06
Dorex2007: folds 
Typyha: folds 
2040800: calls $0.04
OriginalM: calls $0.04
teteuszz: calls $0.04
red8x4: calls $0.04
*** FLOP *** [8h Qd Kc]
2040800: checks 
OriginalM: checks 
teteuszz: checks 
red8x4: checks 
KruXie: bets $0.10
2040800: folds 
OriginalM: calls $0.10
teteuszz: calls $0.10
red8x4: folds 
*** TURN *** [8h Qd Kc] [Ad]
OriginalM: bets $0.02
teteuszz: calls $0.02
KruXie: raises $0.38 to $0.40
OriginalM: calls $0.38
teteuszz: folds 
*** RIVER *** [8h Qd Kc Ad] [9s]
OriginalM: bets $0.08
KruXie: raises $0.77 to $0.85
OriginalM: calls $0.70 and is all-in
Uncalled bet ($0.07) returned to KruXie
*** SHOW DOWN ***
KruXie: shows [Kh Ks] (three of a kind, Kings)
OriginalM: shows [As Th] (a pair of Aces)
KruXie collected $2.89 from pot
*** SUMMARY ***
Total pot $2.99 | Rake $0.10 
Board [8h Qd Kc Ad 9s]
Seat 1: teteuszz folded on the Turn
Seat 2: red8x4 folded on the Flop
Seat 3: Paty Doll726 folded before Flop (didn't bet)
Seat 5: KruXie showed [Kh Ks] and won ($2.89) with three of a kind, Kings
Seat 6: Dorex2007 (button) folded before Flop (didn't bet)
Seat 7: Typyha (small blind) folded before Flop
Seat 8: 2040800 (big blind) folded on the Flop
Seat 9: OriginalM showed [As Th] and lost with a pair of Aces



PokerStars Hand #232447127215:  Hold'em No Limit ($0.01/$0.02 USD) - 2021/12/22 21:45:45 PT [2021/12/23 0:45:45 ET]
Table 'Urania II' 9-max Seat #7 is the button
Seat 1: teteuszz ($0.54 in chips) 
Seat 2: red8x4 ($1.60 in chips) 
Seat 3: Paty Doll726 ($0.84 in chips) 
Seat 5: KruXie ($3.55 in chips) 
Seat 6: Dorex2007 ($4.10 in chips) 
Seat 7: Typyha ($0.97 in chips) 
Seat 8: 2040800 ($1.41 in chips) 
2040800: posts small blind $0.01
teteuszz: posts big blind $0.02
*** HOLE CARDS ***
Dealt to Dorex2007 [7h Qh]
red8x4: folds 
Paty Doll726: folds 
KruXie: folds 
OriginalM leaves the table
Dorex2007: folds 
Typyha: folds 
2040800: folds 
Uncalled bet ($0.01) returned to teteuszz
teteuszz collected $0.02 from pot
teteuszz: doesn't show hand 
*** SUMMARY ***
Total pot $0.02 | Rake $0 
Seat 1: teteuszz (big blind) collected ($0.02)
Seat 2: red8x4 folded before Flop (didn't bet)
Seat 3: Paty Doll726 folded before Flop (didn't bet)
Seat 5: KruXie folded before Flop (didn't bet)
Seat 6: Dorex2007 folded before Flop (didn't bet)
Seat 7: Typyha (button) folded before Flop (didn't bet)
Seat 8: 2040800 (small blind) folded before Flop



PokerStars Hand #232447129725:  Hold'em No Limit ($0.01/$0.02 USD) - 2021/12/22 21:46:01 PT [2021/12/23 0:46:01 ET]
Table 'Urania II' 9-max Seat #8 is the button
Seat 1: teteuszz ($0.55 in chips) 
Seat 2: red8x4 ($1.60 in chips) 
Seat 3: Paty Doll726 ($0.84 in chips) 
Seat 5: KruXie ($3.55 in chips) 
Seat 6: Dorex2007 ($4.10 in chips) 
Seat 7: Typyha ($0.97 in chips) 
Seat 8: 2040800 ($1.40 in chips) 
teteuszz: posts small blind $0.01
red8x4: posts big blind $0.02
*** HOLE CARDS ***
Dealt to Dorex2007 [Th 3h]
Paty Doll726: folds 
KruXie: raises $0.04 to $0.06
Dorex2007: folds 
Typyha: folds 
2040800: folds 
teteuszz: calls $0.05
red8x4: folds 
*** FLOP *** [9c Td Js]
Paty Doll726 leaves the table
teteuszz: checks 
KruXie: checks 
*** TURN *** [9c Td Js] [Ks]
teteuszz: checks 
KruXie: checks 
*** RIVER *** [9c Td Js Ks] [Qd]
teteuszz: bets $0.10
Paty Doll726 joins the table at seat #9 
KruXie: raises $0.14 to $0.24
teteuszz: calls $0.14
*** SHOW DOWN ***
KruXie: shows [Kh Ah] (a straight, Ten to Ace)
teteuszz: mucks hand 
KruXie collected $0.60 from pot
*** SUMMARY ***
Total pot $0.62 | Rake $0.02 
Board [9c Td Js Ks Qd]
Seat 1: teteuszz (small blind) mucked [Jc Qc]
Seat 2: red8x4 (big blind) folded before Flop
Seat 3: Paty Doll726 folded before Flop (didn't bet)
Seat 5: KruXie showed [Kh Ah] and won ($0.60) with a straight, Ten to Ace
Seat 6: Dorex2007 folded before Flop (didn't bet)
Seat 7: Typyha folded before Flop (didn't bet)
Seat 8: 2040800 (button) folded before Flop (didn't bet)



PokerStars Hand #232447138568:  Hold'em No Limit ($0.01/$0.02 USD) - 2021/12/22 21:46:56 PT [2021/12/23 0:46:56 ET]
Table 'Urania II' 9-max Seat #1 is the button
Seat 1: teteuszz ($0.25 in chips) 
Seat 2: red8x4 ($1.58 in chips) 
Seat 5: KruXie ($3.85 in chips) 
Seat 6: Dorex2007 ($4.10 in chips) 
Seat 7: Typyha ($0.97 in chips) 
Seat 8: 2040800 ($1.40 in chips) 
red8x4: posts small blind $0.01
KruXie: posts big blind $0.02
Paty Doll726: sits out 
*** HOLE CARDS ***
Dealt to Dorex2007 [7s Jd]
Dorex2007: folds 
Typyha: folds 
2040800: folds 
teteuszz: folds 
red8x4: calls $0.01
KruXie: checks 
*** FLOP *** [6h Ts 5s]
red8x4: bets $0.04
KruXie: folds 
Uncalled bet ($0.04) returned to red8x4
red8x4 collected $0.04 from pot
red8x4: doesn't show hand 
frosa9397 leaves the table
*** SUMMARY ***
Total pot $0.04 | Rake $0 
Board [6h Ts 5s]
Seat 1: teteuszz (button) folded before Flop (didn't bet)
Seat 2: red8x4 (small blind) collected ($0.04)
Seat 5: KruXie (big blind) folded on the Flop
Seat 6: Dorex2007 folded before Flop (didn't bet)
Seat 7: Typyha folded before Flop (didn't bet)
Seat 8: 2040800 folded before Flop (didn't bet)



PokerStars Hand #232447143848:  Hold'em No Limit ($0.01/$0.02 USD) - 2021/12/22 21:47:30 PT [2021/12/23 0:47:30 ET]
Table 'Urania II' 9-max Seat #2 is the button
Seat 1: teteuszz ($0.25 in chips) 
Seat 2: red8x4 ($1.60 in chips) 
Seat 5: KruXie ($3.83 in chips) 
Seat 6: Dorex2007 ($4.10 in chips) 
Seat 7: Typyha ($0.97 in chips) 
Seat 8: 2040800 ($1.40 in chips) 
KruXie: posts small blind $0.01
Dorex2007: posts big blind $0.02
Paty Doll726: sits out 
*** HOLE CARDS ***
Dealt to Dorex2007 [Td Qh]
Typyha: folds 
2040800: folds 
teteuszz: folds 
red8x4: calls $0.02
KruXie: folds 
Paty Doll726 leaves the table
Dorex2007: checks 
*** FLOP *** [8h 4d 4s]
Dorex2007: checks 
Paty Doll726 joins the table at seat #4 
red8x4: bets $0.05
Dorex2007: folds 
Uncalled bet ($0.05) returned to red8x4
red8x4 collected $0.05 from pot
red8x4: doesn't show hand 
*** SUMMARY ***
Total pot $0.05 | Rake $0 
Board [8h 4d 4s]
Seat 1: teteuszz folded before Flop (didn't bet)
Seat 2: red8x4 (button) collected ($0.05)
Seat 5: KruXie (small blind) folded before Flop
Seat 6: Dorex2007 (big blind) folded on the Flop
Seat 7: Typyha folded before Flop (didn't bet)
Seat 8: 2040800 folded before Flop (didn't bet)



