PokerStars Hand #231284422449:  Hold'em No Limit ($0.01/$0.02 USD) - 2021/11/10 0:51:07 PT [2021/11/10 3:51:07 ET]
Table 'Gatria II' 9-max Seat #1 is the button
Seat 1: TornadeoJim ($3.29 in chips) 
Seat 2: kaosluntik ($2.01 in chips) 
Seat 3: igor6316 ($0.80 in chips) 
Seat 5: John Antoni7 ($2.01 in chips) 
Seat 6: Andresinho46 ($2.06 in chips) 
Seat 7: birgit233 ($0.85 in chips) 
Seat 8: DelPiero7981 ($3.55 in chips) 
Seat 9: Dorex2007 ($2 in chips) 
kaosluntik: posts small blind $0.01
igor6316: posts big blind $0.02
Dorex2007: posts big blind $0.02
*** HOLE CARDS ***
Dealt to Dorex2007 [2d 4h]
John Antoni7: folds 
Andresinho46: folds 
birgit233: folds 
DelPiero7981: folds 
Dorex2007: checks 
TornadeoJim: folds 
kaosluntik: folds 
igor6316: checks 
*** FLOP *** [3s Th 2s]
igor6316: checks 
Dorex2007: checks 
*** TURN *** [3s Th 2s] [3d]
igor6316: checks 
Dorex2007: bets $0.03
igor6316: folds 
Uncalled bet ($0.03) returned to Dorex2007
Dorex2007 collected $0.05 from pot
Dorex2007: doesn't show hand 
*** SUMMARY ***
Total pot $0.05 | Rake $0 
Board [3s Th 2s 3d]
Seat 1: TornadeoJim (button) folded before Flop (didn't bet)
Seat 2: kaosluntik (small blind) folded before Flop
Seat 3: igor6316 (big blind) folded on the Turn
Seat 5: John Antoni7 folded before Flop (didn't bet)
Seat 6: Andresinho46 folded before Flop (didn't bet)
Seat 7: birgit233 folded before Flop (didn't bet)
Seat 8: DelPiero7981 folded before Flop (didn't bet)
Seat 9: Dorex2007 collected ($0.05)



PokerStars Hand #231284428584:  Hold'em No Limit ($0.01/$0.02 USD) - 2021/11/10 0:51:46 PT [2021/11/10 3:51:46 ET]
Table 'Gatria II' 9-max Seat #2 is the button
Seat 1: TornadeoJim ($3.29 in chips) 
Seat 2: kaosluntik ($2 in chips) 
Seat 3: igor6316 ($0.78 in chips) 
Seat 5: John Antoni7 ($2.01 in chips) 
Seat 6: Andresinho46 ($2.06 in chips) 
Seat 7: birgit233 ($0.85 in chips) 
Seat 8: DelPiero7981 ($3.55 in chips) 
Seat 9: Dorex2007 ($2.03 in chips) 
igor6316: posts small blind $0.01
John Antoni7: posts big blind $0.02
*** HOLE CARDS ***
Dealt to Dorex2007 [7c Ts]
Andresinho46: raises $0.04 to $0.06
birgit233: folds 
DelPiero7981: folds 
Dorex2007: folds 
TornadeoJim: folds 
kaosluntik: folds 
igor6316: folds 
John Antoni7: folds 
Uncalled bet ($0.04) returned to Andresinho46
Andresinho46 collected $0.05 from pot
Andresinho46: doesn't show hand 
*** SUMMARY ***
Total pot $0.05 | Rake $0 
Seat 1: TornadeoJim folded before Flop (didn't bet)
Seat 2: kaosluntik (button) folded before Flop (didn't bet)
Seat 3: igor6316 (small blind) folded before Flop
Seat 5: John Antoni7 (big blind) folded before Flop
Seat 6: Andresinho46 collected ($0.05)
Seat 7: birgit233 folded before Flop (didn't bet)
Seat 8: DelPiero7981 folded before Flop (didn't bet)
Seat 9: Dorex2007 folded before Flop (didn't bet)



PokerStars Hand #231284432732:  Hold'em No Limit ($0.01/$0.02 USD) - 2021/11/10 0:52:11 PT [2021/11/10 3:52:11 ET]
Table 'Gatria II' 9-max Seat #3 is the button
Seat 1: TornadeoJim ($3.29 in chips) 
Seat 2: kaosluntik ($2 in chips) 
Seat 3: igor6316 ($0.77 in chips) 
Seat 5: John Antoni7 ($2 in chips) 
Seat 6: Andresinho46 ($2.09 in chips) 
Seat 7: birgit233 ($0.85 in chips) 
Seat 8: DelPiero7981 ($3.55 in chips) 
Seat 9: Dorex2007 ($2.03 in chips) 
John Antoni7: posts small blind $0.01
Andresinho46: posts big blind $0.02
*** HOLE CARDS ***
Dealt to Dorex2007 [Kd 5s]
black.pantherx joins the table at seat #4 
birgit233: folds 
DelPiero7981: folds 
Dorex2007: folds 
TornadeoJim: calls $0.02
kaosluntik: folds 
igor6316: calls $0.02
John Antoni7: calls $0.01
Andresinho46: checks 
*** FLOP *** [As 3d Td]
John Antoni7: checks 
Andresinho46: checks 
TornadeoJim: bets $0.12
igor6316: folds 
John Antoni7: folds 
Andresinho46: folds 
Uncalled bet ($0.12) returned to TornadeoJim
TornadeoJim collected $0.08 from pot
TornadeoJim: doesn't show hand 
*** SUMMARY ***
Total pot $0.08 | Rake $0 
Board [As 3d Td]
Seat 1: TornadeoJim collected ($0.08)
Seat 2: kaosluntik folded before Flop (didn't bet)
Seat 3: igor6316 (button) folded on the Flop
Seat 5: John Antoni7 (small blind) folded on the Flop
Seat 6: Andresinho46 (big blind) folded on the Flop
Seat 7: birgit233 folded before Flop (didn't bet)
Seat 8: DelPiero7981 folded before Flop (didn't bet)
Seat 9: Dorex2007 folded before Flop (didn't bet)



PokerStars Hand #231284439274:  Hold'em No Limit ($0.01/$0.02 USD) - 2021/11/10 0:52:52 PT [2021/11/10 3:52:52 ET]
Table 'Gatria II' 9-max Seat #5 is the button
Seat 1: TornadeoJim ($3.35 in chips) 
Seat 2: kaosluntik ($2 in chips) 
Seat 3: igor6316 ($0.75 in chips) 
Seat 5: John Antoni7 ($2 in chips) 
Seat 6: Andresinho46 ($2.07 in chips) 
Seat 7: birgit233 ($0.85 in chips) 
Seat 8: DelPiero7981 ($3.55 in chips) 
Seat 9: Dorex2007 ($2.03 in chips) 
Andresinho46: posts small blind $0.01
birgit233: posts big blind $0.02
black.pantherx: sits out 
*** HOLE CARDS ***
Dealt to Dorex2007 [6s 5h]
DelPiero7981 has timed out
DelPiero7981: folds 
Dorex2007: folds 
TornadeoJim: folds 
kaosluntik: folds 
igor6316: folds 
John Antoni7: raises $0.02 to $0.04
Andresinho46: folds 
birgit233: folds 
Uncalled bet ($0.02) returned to John Antoni7
John Antoni7 collected $0.05 from pot
John Antoni7: doesn't show hand 
*** SUMMARY ***
Total pot $0.05 | Rake $0 
Seat 1: TornadeoJim folded before Flop (didn't bet)
Seat 2: kaosluntik folded before Flop (didn't bet)
Seat 3: igor6316 folded before Flop (didn't bet)
Seat 5: John Antoni7 (button) collected ($0.05)
Seat 6: Andresinho46 (small blind) folded before Flop
Seat 7: birgit233 (big blind) folded before Flop
Seat 8: DelPiero7981 folded before Flop (didn't bet)
Seat 9: Dorex2007 folded before Flop (didn't bet)



PokerStars Hand #231284445341:  Hold'em No Limit ($0.01/$0.02 USD) - 2021/11/10 0:53:30 PT [2021/11/10 3:53:30 ET]
Table 'Gatria II' 9-max Seat #6 is the button
Seat 1: TornadeoJim ($3.35 in chips) 
Seat 2: kaosluntik ($2 in chips) 
Seat 3: igor6316 ($0.75 in chips) 
Seat 5: John Antoni7 ($2.03 in chips) 
Seat 6: Andresinho46 ($2.06 in chips) 
Seat 7: birgit233 ($0.83 in chips) 
Seat 8: DelPiero7981 ($3.55 in chips) 
Seat 9: Dorex2007 ($2.03 in chips) 
birgit233: posts small blind $0.01
DelPiero7981: posts big blind $0.02
black.pantherx: sits out 
*** HOLE CARDS ***
Dealt to Dorex2007 [5d 2d]
Dorex2007: folds 
TornadeoJim: folds 
kaosluntik: folds 
igor6316: folds 
John Antoni7: folds 
Andresinho46: folds 
birgit233: folds 
Uncalled bet ($0.01) returned to DelPiero7981
DelPiero7981 collected $0.02 from pot
DelPiero7981: doesn't show hand 
*** SUMMARY ***
Total pot $0.02 | Rake $0 
Seat 1: TornadeoJim folded before Flop (didn't bet)
Seat 2: kaosluntik folded before Flop (didn't bet)
Seat 3: igor6316 folded before Flop (didn't bet)
Seat 5: John Antoni7 folded before Flop (didn't bet)
Seat 6: Andresinho46 (button) folded before Flop (didn't bet)
Seat 7: birgit233 (small blind) folded before Flop
Seat 8: DelPiero7981 (big blind) collected ($0.02)
Seat 9: Dorex2007 folded before Flop (didn't bet)



PokerStars Hand #231284449652:  Hold'em No Limit ($0.01/$0.02 USD) - 2021/11/10 0:53:57 PT [2021/11/10 3:53:57 ET]
Table 'Gatria II' 9-max Seat #7 is the button
Seat 1: TornadeoJim ($3.35 in chips) 
Seat 2: kaosluntik ($2 in chips) 
Seat 3: igor6316 ($0.75 in chips) 
Seat 5: John Antoni7 ($2.03 in chips) 
Seat 6: Andresinho46 ($2.06 in chips) 
Seat 7: birgit233 ($0.82 in chips) 
Seat 8: DelPiero7981 ($3.56 in chips) 
Seat 9: Dorex2007 ($2.03 in chips) 
DelPiero7981: posts small blind $0.01
Dorex2007: posts big blind $0.02
black.pantherx: sits out 
*** HOLE CARDS ***
Dealt to Dorex2007 [Ad Th]
TornadeoJim: folds 
kaosluntik: folds 
igor6316: folds 
John Antoni7: folds 
Andresinho46: folds 
birgit233: folds 
DelPiero7981: calls $0.01
Dorex2007: checks 
*** FLOP *** [5s 7s Qs]
DelPiero7981: checks 
Dorex2007: checks 
*** TURN *** [5s 7s Qs] [Qd]
DelPiero7981: bets $0.02
Dorex2007: calls $0.02
*** RIVER *** [5s 7s Qs Qd] [3c]
DelPiero7981: bets $0.04
Dorex2007: folds 
Uncalled bet ($0.04) returned to DelPiero7981
DelPiero7981 collected $0.08 from pot
DelPiero7981: doesn't show hand 
*** SUMMARY ***
Total pot $0.08 | Rake $0 
Board [5s 7s Qs Qd 3c]
Seat 1: TornadeoJim folded before Flop (didn't bet)
Seat 2: kaosluntik folded before Flop (didn't bet)
Seat 3: igor6316 folded before Flop (didn't bet)
Seat 5: John Antoni7 folded before Flop (didn't bet)
Seat 6: Andresinho46 folded before Flop (didn't bet)
Seat 7: birgit233 (button) folded before Flop (didn't bet)
Seat 8: DelPiero7981 (small blind) collected ($0.08)
Seat 9: Dorex2007 (big blind) folded on the River



PokerStars Hand #231284455063:  Hold'em No Limit ($0.01/$0.02 USD) - 2021/11/10 0:54:32 PT [2021/11/10 3:54:32 ET]
Table 'Gatria II' 9-max Seat #8 is the button
Seat 1: TornadeoJim ($3.35 in chips) 
Seat 2: kaosluntik ($2 in chips) 
Seat 3: igor6316 ($0.75 in chips) 
Seat 5: John Antoni7 ($2.03 in chips) 
Seat 6: Andresinho46 ($2.06 in chips) 
Seat 7: birgit233 ($0.82 in chips) 
Seat 8: DelPiero7981 ($3.60 in chips) 
Seat 9: Dorex2007 ($2 in chips) 
Dorex2007: posts small blind $0.01
TornadeoJim: posts big blind $0.02
black.pantherx: sits out 
*** HOLE CARDS ***
Dealt to Dorex2007 [8d 7c]
kaosluntik: folds 
igor6316: folds 
John Antoni7: raises $0.02 to $0.04
Andresinho46: folds 
birgit233: folds 
DelPiero7981: folds 
Dorex2007: folds 
TornadeoJim: calls $0.02
*** FLOP *** [2s 4d 9h]
TornadeoJim: checks 
John Antoni7: checks 
*** TURN *** [2s 4d 9h] [7s]
TornadeoJim: checks 
John Antoni7: checks 
*** RIVER *** [2s 4d 9h 7s] [5c]
TornadeoJim: checks 
John Antoni7: checks 
*** SHOW DOWN ***
TornadeoJim: shows [Qd Td] (high card Queen)
John Antoni7: shows [As Kc] (high card Ace)
John Antoni7 collected $0.09 from pot
*** SUMMARY ***
Total pot $0.09 | Rake $0 
Board [2s 4d 9h 7s 5c]
Seat 1: TornadeoJim (big blind) showed [Qd Td] and lost with high card Queen
Seat 2: kaosluntik folded before Flop (didn't bet)
Seat 3: igor6316 folded before Flop (didn't bet)
Seat 5: John Antoni7 showed [As Kc] and won ($0.09) with high card Ace
Seat 6: Andresinho46 folded before Flop (didn't bet)
Seat 7: birgit233 folded before Flop (didn't bet)
Seat 8: DelPiero7981 (button) folded before Flop (didn't bet)
Seat 9: Dorex2007 (small blind) folded before Flop



PokerStars Hand #231284461622:  Hold'em No Limit ($0.01/$0.02 USD) - 2021/11/10 0:55:14 PT [2021/11/10 3:55:14 ET]
Table 'Gatria II' 9-max Seat #9 is the button
Seat 1: TornadeoJim ($3.31 in chips) 
Seat 2: kaosluntik ($2 in chips) 
Seat 3: igor6316 ($0.75 in chips) 
Seat 5: John Antoni7 ($2.08 in chips) 
Seat 6: Andresinho46 ($2.06 in chips) 
Seat 7: birgit233 ($0.82 in chips) 
Seat 8: DelPiero7981 ($3.60 in chips) 
Seat 9: Dorex2007 ($2 in chips) 
TornadeoJim: posts small blind $0.01
kaosluntik: posts big blind $0.02
black.pantherx: sits out 
*** HOLE CARDS ***
Dealt to Dorex2007 [Ks 5s]
igor6316: folds 
John Antoni7: folds 
Andresinho46 has timed out
Andresinho46: folds 
birgit233: folds 
DelPiero7981: folds 
Dorex2007: raises $0.02 to $0.04
TornadeoJim: calls $0.03
kaosluntik: calls $0.02
*** FLOP *** [3h Kc Qc]
TornadeoJim: checks 
kaosluntik: checks 
Dorex2007: bets $0.08
TornadeoJim: calls $0.08
kaosluntik: folds 
*** TURN *** [3h Kc Qc] [Kd]
TornadeoJim: checks 
Dorex2007: bets $0.18
TornadeoJim: folds 
Uncalled bet ($0.18) returned to Dorex2007
Dorex2007 collected $0.27 from pot
Dorex2007: doesn't show hand 
*** SUMMARY ***
Total pot $0.28 | Rake $0.01 
Board [3h Kc Qc Kd]
Seat 1: TornadeoJim (small blind) folded on the Turn
Seat 2: kaosluntik (big blind) folded on the Flop
Seat 3: igor6316 folded before Flop (didn't bet)
Seat 5: John Antoni7 folded before Flop (didn't bet)
Seat 6: Andresinho46 folded before Flop (didn't bet)
Seat 7: birgit233 folded before Flop (didn't bet)
Seat 8: DelPiero7981 folded before Flop (didn't bet)
Seat 9: Dorex2007 (button) collected ($0.27)



PokerStars Hand #231284471745:  Hold'em No Limit ($0.01/$0.02 USD) - 2021/11/10 0:56:29 PT [2021/11/10 3:56:29 ET]
Table 'Gatria II' 9-max Seat #1 is the button
Seat 1: TornadeoJim ($3.19 in chips) 
Seat 2: kaosluntik ($2 in chips) 
Seat 3: igor6316 ($0.75 in chips) 
Seat 6: Andresinho46 ($2.06 in chips) 
Seat 7: birgit233 ($0.82 in chips) 
Seat 9: Dorex2007 ($2.15 in chips) 
kaosluntik: posts small blind $0.01
igor6316: posts big blind $0.02
black.pantherx: sits out 
*** HOLE CARDS ***
Dealt to Dorex2007 [Js Ad]
Andresinho46: folds 
birgit233: folds 
Dorex2007: raises $0.02 to $0.04
TornadeoJim: calls $0.04
kaosluntik: folds 
igor6316: folds 
*** FLOP *** [3c Td 6s]
Dorex2007: bets $0.11
TornadeoJim: folds 
Uncalled bet ($0.11) returned to Dorex2007
Dorex2007 collected $0.11 from pot
Dorex2007: doesn't show hand 
*** SUMMARY ***
Total pot $0.11 | Rake $0 
Board [3c Td 6s]
Seat 1: TornadeoJim (button) folded on the Flop
Seat 2: kaosluntik (small blind) folded before Flop
Seat 3: igor6316 (big blind) folded before Flop
Seat 6: Andresinho46 folded before Flop (didn't bet)
Seat 7: birgit233 folded before Flop (didn't bet)
Seat 9: Dorex2007 collected ($0.11)



PokerStars Hand #231284475336:  Hold'em No Limit ($0.01/$0.02 USD) - 2021/11/10 0:56:55 PT [2021/11/10 3:56:55 ET]
Table 'Gatria II' 9-max Seat #2 is the button
Seat 1: TornadeoJim ($3.15 in chips) 
Seat 2: kaosluntik ($2 in chips) 
Seat 3: igor6316 ($0.73 in chips) 
Seat 4: black.pantherx ($2.15 in chips) 
Seat 6: Andresinho46 ($2.06 in chips) 
Seat 7: birgit233 ($0.82 in chips) 
Seat 9: Dorex2007 ($2.22 in chips) 
igor6316: posts small blind $0.01
black.pantherx: posts big blind $0.02
*** HOLE CARDS ***
Dealt to Dorex2007 [5c 8h]
Andresinho46: folds 
birgit233: folds 
Dorex2007: folds 
TornadeoJim: folds 
kaosluntik: raises $0.03 to $0.05
igor6316 is disconnected 
igor6316 has timed out while disconnected
igor6316: folds 
black.pantherx: folds 
Uncalled bet ($0.03) returned to kaosluntik
kaosluntik collected $0.05 from pot
kaosluntik: doesn't show hand 
*** SUMMARY ***
Total pot $0.05 | Rake $0 
Seat 1: TornadeoJim folded before Flop (didn't bet)
Seat 2: kaosluntik (button) collected ($0.05)
Seat 3: igor6316 (small blind) folded before Flop
Seat 4: black.pantherx (big blind) folded before Flop
Seat 6: Andresinho46 folded before Flop (didn't bet)
Seat 7: birgit233 folded before Flop (didn't bet)
Seat 9: Dorex2007 folded before Flop (didn't bet)



PokerStars Hand #231284479365:  Hold'em No Limit ($0.01/$0.02 USD) - 2021/11/10 0:57:23 PT [2021/11/10 3:57:23 ET]
Table 'Gatria II' 9-max Seat #4 is the button
Seat 1: TornadeoJim ($3.15 in chips) 
Seat 2: kaosluntik ($2.03 in chips) 
Seat 4: black.pantherx ($2.13 in chips) 
Seat 6: Andresinho46 ($2.06 in chips) 
Seat 7: birgit233 ($0.82 in chips) 
Seat 9: Dorex2007 ($2.22 in chips) 
Andresinho46: posts small blind $0.01
birgit233: posts big blind $0.02
*** HOLE CARDS ***
Dealt to Dorex2007 [3s 3h]
Dorex2007: calls $0.02
TornadeoJim: raises $0.18 to $0.20
kaosluntik: folds 
black.pantherx: folds 
Andresinho46: folds 
birgit233: folds 
Dorex2007: folds 
Uncalled bet ($0.18) returned to TornadeoJim
TornadeoJim collected $0.07 from pot
*** SUMMARY ***
Total pot $0.07 | Rake $0 
Seat 1: TornadeoJim collected ($0.07)
Seat 2: kaosluntik folded before Flop (didn't bet)
Seat 4: black.pantherx (button) folded before Flop (didn't bet)
Seat 6: Andresinho46 (small blind) folded before Flop
Seat 7: birgit233 (big blind) folded before Flop
Seat 9: Dorex2007 folded before Flop



PokerStars Hand #231284483469:  Hold'em No Limit ($0.01/$0.02 USD) - 2021/11/10 0:57:52 PT [2021/11/10 3:57:52 ET]
Table 'Gatria II' 9-max Seat #6 is the button
Seat 1: TornadeoJim ($3.20 in chips) 
Seat 2: kaosluntik ($2.03 in chips) 
Seat 4: black.pantherx ($2.13 in chips) 
Seat 6: Andresinho46 ($2.05 in chips) 
Seat 7: birgit233 ($0.80 in chips) 
Seat 9: Dorex2007 ($2.20 in chips) 
birgit233: posts small blind $0.01
Dorex2007: posts big blind $0.02
*** HOLE CARDS ***
Dealt to Dorex2007 [3d Kc]
TornadeoJim: folds 
kaosluntik: folds 
black.pantherx: folds 
Andresinho46: raises $0.03 to $0.05
birgit233: folds 
Dorex2007: folds 
Uncalled bet ($0.03) returned to Andresinho46
Andresinho46 collected $0.05 from pot
*** SUMMARY ***
Total pot $0.05 | Rake $0 
Seat 1: TornadeoJim folded before Flop (didn't bet)
Seat 2: kaosluntik folded before Flop (didn't bet)
Seat 4: black.pantherx folded before Flop (didn't bet)
Seat 6: Andresinho46 (button) collected ($0.05)
Seat 7: birgit233 (small blind) folded before Flop
Seat 9: Dorex2007 (big blind) folded before Flop



PokerStars Hand #231284485134:  Hold'em No Limit ($0.01/$0.02 USD) - 2021/11/10 0:58:04 PT [2021/11/10 3:58:04 ET]
Table 'Gatria II' 9-max Seat #7 is the button
Seat 1: TornadeoJim ($3.20 in chips) 
Seat 2: kaosluntik ($2.03 in chips) 
Seat 4: black.pantherx ($2.13 in chips) 
Seat 6: Andresinho46 ($2.08 in chips) 
Seat 7: birgit233 ($0.79 in chips) 
Seat 9: Dorex2007 ($2.18 in chips) 
Dorex2007: posts small blind $0.01
TornadeoJim: posts big blind $0.02
*** HOLE CARDS ***
Dealt to Dorex2007 [Td 6c]
kaosluntik: folds 
black.pantherx: folds 
Andresinho46: raises $0.03 to $0.05
birgit233: folds 
Dorex2007: folds 
TornadeoJim: folds 
Uncalled bet ($0.03) returned to Andresinho46
Andresinho46 collected $0.05 from pot
Andresinho46: doesn't show hand 
*** SUMMARY ***
Total pot $0.05 | Rake $0 
Seat 1: TornadeoJim (big blind) folded before Flop
Seat 2: kaosluntik folded before Flop (didn't bet)
Seat 4: black.pantherx folded before Flop (didn't bet)
Seat 6: Andresinho46 collected ($0.05)
Seat 7: birgit233 (button) folded before Flop (didn't bet)
Seat 9: Dorex2007 (small blind) folded before Flop



PokerStars Hand #231284487697:  Hold'em No Limit ($0.01/$0.02 USD) - 2021/11/10 0:58:22 PT [2021/11/10 3:58:22 ET]
Table 'Gatria II' 9-max Seat #9 is the button
Seat 1: TornadeoJim ($3.18 in chips) 
Seat 4: black.pantherx ($2.13 in chips) 
Seat 6: Andresinho46 ($2.11 in chips) 
Seat 7: birgit233 ($0.79 in chips) 
Seat 9: Dorex2007 ($2.17 in chips) 
TornadeoJim: posts small blind $0.01
kaosluntik: is sitting out 
kaosluntik leaves the table
black.pantherx: posts big blind $0.02
*** HOLE CARDS ***
Dealt to Dorex2007 [As 4d]
Andresinho46: folds 
birgit233: folds 
Dorex2007: folds 
TornadeoJim: folds 
Uncalled bet ($0.01) returned to black.pantherx
black.pantherx collected $0.02 from pot
black.pantherx: doesn't show hand 
*** SUMMARY ***
Total pot $0.02 | Rake $0 
Seat 1: TornadeoJim (small blind) folded before Flop
Seat 4: black.pantherx (big blind) collected ($0.02)
Seat 6: Andresinho46 folded before Flop (didn't bet)
Seat 7: birgit233 folded before Flop (didn't bet)
Seat 9: Dorex2007 (button) folded before Flop (didn't bet)



PokerStars Hand #231284489965:  Hold'em No Limit ($0.01/$0.02 USD) - 2021/11/10 0:58:39 PT [2021/11/10 3:58:39 ET]
Table 'Gatria II' 9-max Seat #1 is the button
Seat 1: TornadeoJim ($3.17 in chips) 
Seat 4: black.pantherx ($2.14 in chips) 
Seat 6: Andresinho46 ($2.11 in chips) 
Seat 7: birgit233 ($0.79 in chips) 
Seat 9: Dorex2007 ($2.17 in chips) 
black.pantherx: posts small blind $0.01
Andresinho46: posts big blind $0.02
*** HOLE CARDS ***
Dealt to Dorex2007 [2d 9h]
birgit233: folds 
Dorex2007: folds 
TornadeoJim: folds 
black.pantherx: calls $0.01
Andresinho46: checks 
*** FLOP *** [7c 2c Jh]
OMG DerClown joins the table at seat #2 
black.pantherx: bets $0.03
OMG DerClown leaves the table
Andresinho46: folds 
Uncalled bet ($0.03) returned to black.pantherx
black.pantherx collected $0.04 from pot
black.pantherx: doesn't show hand 
*** SUMMARY ***
Total pot $0.04 | Rake $0 
Board [7c 2c Jh]
Seat 1: TornadeoJim (button) folded before Flop (didn't bet)
Seat 4: black.pantherx (small blind) collected ($0.04)
Seat 6: Andresinho46 (big blind) folded on the Flop
Seat 7: birgit233 folded before Flop (didn't bet)
Seat 9: Dorex2007 folded before Flop (didn't bet)



PokerStars Hand #231284494919:  Hold'em No Limit ($0.01/$0.02 USD) - 2021/11/10 0:59:14 PT [2021/11/10 3:59:14 ET]
Table 'Gatria II' 9-max Seat #4 is the button
Seat 1: TornadeoJim ($3.17 in chips) 
Seat 4: black.pantherx ($2.16 in chips) 
Seat 6: Andresinho46 ($2.09 in chips) 
Seat 7: birgit233 ($0.79 in chips) 
Seat 9: Dorex2007 ($2.17 in chips) 
Andresinho46: posts small blind $0.01
birgit233: posts big blind $0.02
*** HOLE CARDS ***
Dealt to Dorex2007 [6d 6c]
Dorex2007: raises $0.04 to $0.06
TornadeoJim: folds 
black.pantherx: folds 
Andresinho46: folds 
birgit233: folds 
Uncalled bet ($0.04) returned to Dorex2007
Dorex2007 collected $0.05 from pot
Dorex2007: doesn't show hand 
*** SUMMARY ***
Total pot $0.05 | Rake $0 
Seat 1: TornadeoJim folded before Flop (didn't bet)
Seat 4: black.pantherx (button) folded before Flop (didn't bet)
Seat 6: Andresinho46 (small blind) folded before Flop
Seat 7: birgit233 (big blind) folded before Flop
Seat 9: Dorex2007 collected ($0.05)



PokerStars Hand #231284498377:  Hold'em No Limit ($0.01/$0.02 USD) - 2021/11/10 0:59:38 PT [2021/11/10 3:59:38 ET]
Table 'Gatria II' 9-max Seat #6 is the button
Seat 1: TornadeoJim ($3.17 in chips) 
Seat 4: black.pantherx ($2.16 in chips) 
Seat 6: Andresinho46 ($2.08 in chips) 
Seat 7: birgit233 ($0.77 in chips) 
Seat 8: DelPiero7981 ($3.60 in chips) 
Seat 9: Dorex2007 ($2.20 in chips) 
birgit233: posts small blind $0.01
DelPiero7981: posts big blind $0.02
*** HOLE CARDS ***
Dealt to Dorex2007 [5d Jc]
Dorex2007: folds 
Flotalin joins the table at seat #2 
TornadeoJim: calls $0.02
black.pantherx: folds 
Andresinho46: folds 
birgit233: folds 
DelPiero7981: checks 
*** FLOP *** [Qc 5h Ts]
DelPiero7981 has timed out
DelPiero7981: checks 
TornadeoJim: checks 
*** TURN *** [Qc 5h Ts] [6s]
DelPiero7981: checks 
TornadeoJim: checks 
*** RIVER *** [Qc 5h Ts 6s] [4d]
DelPiero7981: checks 
TornadeoJim: checks 
*** SHOW DOWN ***
DelPiero7981: shows [3h 6d] (a pair of Sixes)
TornadeoJim: mucks hand 
DelPiero7981 collected $0.05 from pot
*** SUMMARY ***
Total pot $0.05 | Rake $0 
Board [Qc 5h Ts 6s 4d]
Seat 1: TornadeoJim mucked [Ad Jd]
Seat 4: black.pantherx folded before Flop (didn't bet)
Seat 6: Andresinho46 (button) folded before Flop (didn't bet)
Seat 7: birgit233 (small blind) folded before Flop
Seat 8: DelPiero7981 (big blind) showed [3h 6d] and won ($0.05) with a pair of Sixes
Seat 9: Dorex2007 folded before Flop (didn't bet)



PokerStars Hand #231284508910:  Hold'em No Limit ($0.01/$0.02 USD) - 2021/11/10 1:00:50 PT [2021/11/10 4:00:50 ET]
Table 'Gatria II' 9-max Seat #7 is the button
Seat 1: TornadeoJim ($3.15 in chips) 
Seat 4: black.pantherx ($2.16 in chips) 
Seat 6: Andresinho46 ($2.08 in chips) 
Seat 7: birgit233 ($0.76 in chips) 
Seat 8: DelPiero7981 ($3.63 in chips) 
Seat 9: Dorex2007 ($2.20 in chips) 
DelPiero7981: posts small blind $0.01
Dorex2007: posts big blind $0.02
Flotalin: sits out 
*** HOLE CARDS ***
Dealt to Dorex2007 [4h Kh]
TornadeoJim: folds 
black.pantherx: folds 
Andresinho46: folds 
birgit233: folds 
DelPiero7981: calls $0.01
Dorex2007: checks 
*** FLOP *** [6c 9c Qs]
DelPiero7981 has timed out
DelPiero7981: checks 
Dorex2007: checks 
*** TURN *** [6c 9c Qs] [5h]
DelPiero7981: checks 
Dorex2007: checks 
*** RIVER *** [6c 9c Qs 5h] [Kd]
DelPiero7981: checks 
Dorex2007: checks 
*** SHOW DOWN ***
DelPiero7981: shows [As 5s] (a pair of Fives)
Dorex2007: shows [4h Kh] (a pair of Kings)
Dorex2007 collected $0.04 from pot
*** SUMMARY ***
Total pot $0.04 | Rake $0 
Board [6c 9c Qs 5h Kd]
Seat 1: TornadeoJim folded before Flop (didn't bet)
Seat 4: black.pantherx folded before Flop (didn't bet)
Seat 6: Andresinho46 folded before Flop (didn't bet)
Seat 7: birgit233 (button) folded before Flop (didn't bet)
Seat 8: DelPiero7981 (small blind) showed [As 5s] and lost with a pair of Fives
Seat 9: Dorex2007 (big blind) showed [4h Kh] and won ($0.04) with a pair of Kings



PokerStars Hand #231284517129:  Hold'em No Limit ($0.01/$0.02 USD) - 2021/11/10 1:01:42 PT [2021/11/10 4:01:42 ET]
Table 'Gatria II' 9-max Seat #8 is the button
Seat 1: TornadeoJim ($3.15 in chips) 
Seat 4: black.pantherx ($2.16 in chips) 
Seat 6: Andresinho46 ($2.08 in chips) 
Seat 7: birgit233 ($0.76 in chips) 
Seat 8: DelPiero7981 ($3.61 in chips) 
Seat 9: Dorex2007 ($2.22 in chips) 
Dorex2007: posts small blind $0.01
TornadeoJim: posts big blind $0.02
Flotalin: sits out 
John Antoni7: sits out 
*** HOLE CARDS ***
Dealt to Dorex2007 [3s Ac]
black.pantherx: folds 
Andresinho46: folds 
birgit233: folds 
DelPiero7981: calls $0.02
Dorex2007: calls $0.01
TornadeoJim: checks 
*** FLOP *** [6h Js 9d]
Dorex2007: checks 
TornadeoJim: checks 
DelPiero7981: bets $0.02
Dorex2007: folds 
TornadeoJim: calls $0.02
*** TURN *** [6h Js 9d] [8c]
TornadeoJim: checks 
DelPiero7981: bets $0.02
TornadeoJim: raises $0.02 to $0.04
DelPiero7981: calls $0.02
*** RIVER *** [6h Js 9d 8c] [2d]
TornadeoJim: bets $0.04
DelPiero7981: calls $0.04
*** SHOW DOWN ***
TornadeoJim: shows [7c 9c] (a pair of Nines)
DelPiero7981: shows [Kh Kd] (a pair of Kings)
DelPiero7981 collected $0.25 from pot
*** SUMMARY ***
Total pot $0.26 | Rake $0.01 
Board [6h Js 9d 8c 2d]
Seat 1: TornadeoJim (big blind) showed [7c 9c] and lost with a pair of Nines
Seat 4: black.pantherx folded before Flop (didn't bet)
Seat 6: Andresinho46 folded before Flop (didn't bet)
Seat 7: birgit233 folded before Flop (didn't bet)
Seat 8: DelPiero7981 (button) showed [Kh Kd] and won ($0.25) with a pair of Kings
Seat 9: Dorex2007 (small blind) folded on the Flop



PokerStars Hand #231284527206:  Hold'em No Limit ($0.01/$0.02 USD) - 2021/11/10 1:02:45 PT [2021/11/10 4:02:45 ET]
Table 'Gatria II' 9-max Seat #9 is the button
Seat 1: TornadeoJim ($3.03 in chips) 
Seat 2: Flotalin ($1.60 in chips) 
Seat 4: black.pantherx ($2.16 in chips) 
Seat 6: Andresinho46 ($2.08 in chips) 
Seat 7: birgit233 ($0.76 in chips) 
Seat 8: DelPiero7981 ($3.74 in chips) 
Seat 9: Dorex2007 ($2.20 in chips) 
TornadeoJim: posts small blind $0.01
Flotalin: posts big blind $0.02
John Antoni7: sits out 
*** HOLE CARDS ***
Dealt to Dorex2007 [9h 7d]
black.pantherx: folds 
Andresinho46: folds 
birgit233: raises $0.06 to $0.08
DelPiero7981: folds 
Dorex2007: folds 
TornadeoJim: folds 
Flotalin: folds 
Uncalled bet ($0.06) returned to birgit233
birgit233 collected $0.05 from pot
birgit233: doesn't show hand 
*** SUMMARY ***
Total pot $0.05 | Rake $0 
Seat 1: TornadeoJim (small blind) folded before Flop
Seat 2: Flotalin (big blind) folded before Flop
Seat 4: black.pantherx folded before Flop (didn't bet)
Seat 6: Andresinho46 folded before Flop (didn't bet)
Seat 7: birgit233 collected ($0.05)
Seat 8: DelPiero7981 folded before Flop (didn't bet)
Seat 9: Dorex2007 (button) folded before Flop (didn't bet)



PokerStars Hand #231284530622:  Hold'em No Limit ($0.01/$0.02 USD) - 2021/11/10 1:03:05 PT [2021/11/10 4:03:05 ET]
Table 'Gatria II' 9-max Seat #1 is the button
Seat 1: TornadeoJim ($3.02 in chips) 
Seat 4: black.pantherx ($2.16 in chips) 
Seat 5: John Antoni7 ($2.08 in chips) 
Seat 6: Andresinho46 ($2.08 in chips) 
Seat 7: birgit233 ($0.79 in chips) 
Seat 8: DelPiero7981 ($3.74 in chips) 
Seat 9: Dorex2007 ($2.20 in chips) 
Flotalin has timed out
Flotalin: is sitting out 
black.pantherx: posts small blind $0.01
John Antoni7: posts big blind $0.02
*** HOLE CARDS ***
Dealt to Dorex2007 [9c Ac]
Andresinho46: folds 
birgit233: folds 
DelPiero7981: calls $0.02
Dorex2007: raises $0.04 to $0.06
Flotalin is disconnected 
TornadeoJim: folds 
black.pantherx: calls $0.05
John Antoni7: calls $0.04
DelPiero7981: calls $0.04
*** FLOP *** [6h 4d 3s]
black.pantherx: checks 
John Antoni7: checks 
DelPiero7981: checks 
Dorex2007: bets $0.23
black.pantherx: calls $0.23
John Antoni7: folds 
DelPiero7981: folds 
*** TURN *** [6h 4d 3s] [9h]
black.pantherx: checks 
Dorex2007: bets $0.68
black.pantherx: raises $1.19 to $1.87 and is all-in
Dorex2007: calls $1.19
*** RIVER *** [6h 4d 3s 9h] [Td]
*** SHOW DOWN ***
black.pantherx: shows [5d 7d] (a straight, Three to Seven)
Dorex2007: shows [9c Ac] (a pair of Nines)
black.pantherx collected $4.28 from pot
*** SUMMARY ***
Total pot $4.44 | Rake $0.16 
Board [6h 4d 3s 9h Td]
Seat 1: TornadeoJim (button) folded before Flop (didn't bet)
Seat 4: black.pantherx (small blind) showed [5d 7d] and won ($4.28) with a straight, Three to Seven
Seat 5: John Antoni7 (big blind) folded on the Flop
Seat 6: Andresinho46 folded before Flop (didn't bet)
Seat 7: birgit233 folded before Flop (didn't bet)
Seat 8: DelPiero7981 folded on the Flop
Seat 9: Dorex2007 showed [9c Ac] and lost with a pair of Nines



PokerStars Hand #231284545513:  Hold'em No Limit ($0.01/$0.02 USD) - 2021/11/10 1:04:36 PT [2021/11/10 4:04:36 ET]
Table 'Gatria II' 9-max Seat #4 is the button
Seat 1: TornadeoJim ($3.02 in chips) 
Seat 4: black.pantherx ($4.28 in chips) 
Seat 5: John Antoni7 ($2.02 in chips) 
Seat 6: Andresinho46 ($2.08 in chips) 
Seat 7: birgit233 ($0.79 in chips) 
Seat 8: DelPiero7981 ($3.68 in chips) 
Seat 9: Dorex2007 ($2 in chips) 
John Antoni7: posts small blind $0.01
Andresinho46: posts big blind $0.02
igor6316: sits out 
*** HOLE CARDS ***
Dealt to Dorex2007 [4c 9d]
birgit233: folds 
DelPiero7981: folds 
Dorex2007: folds 
TornadeoJim: folds 
black.pantherx: folds 
John Antoni7: folds 
Uncalled bet ($0.01) returned to Andresinho46
Andresinho46 collected $0.02 from pot
*** SUMMARY ***
Total pot $0.02 | Rake $0 
Seat 1: TornadeoJim folded before Flop (didn't bet)
Seat 4: black.pantherx (button) folded before Flop (didn't bet)
Seat 5: John Antoni7 (small blind) folded before Flop
Seat 6: Andresinho46 (big blind) collected ($0.02)
Seat 7: birgit233 folded before Flop (didn't bet)
Seat 8: DelPiero7981 folded before Flop (didn't bet)
Seat 9: Dorex2007 folded before Flop (didn't bet)



PokerStars Hand #231284547686:  Hold'em No Limit ($0.01/$0.02 USD) - 2021/11/10 1:04:49 PT [2021/11/10 4:04:49 ET]
Table 'Gatria II' 9-max Seat #5 is the button
Seat 1: TornadeoJim ($3.02 in chips) 
Seat 4: black.pantherx ($4.28 in chips) 
Seat 5: John Antoni7 ($2.01 in chips) 
Seat 6: Andresinho46 ($2.09 in chips) 
Seat 7: birgit233 ($0.79 in chips) 
Seat 8: DelPiero7981 ($3.68 in chips) 
Seat 9: Dorex2007 ($2 in chips) 
Andresinho46: posts small blind $0.01
birgit233: posts big blind $0.02
igor6316: sits out 
*** HOLE CARDS ***
Dealt to Dorex2007 [4s 5c]
DelPiero7981: folds 
Dorex2007: folds 
TornadeoJim: folds 
black.pantherx: folds 
John Antoni7: folds 
Andresinho46: folds 
Uncalled bet ($0.01) returned to birgit233
birgit233 collected $0.02 from pot
birgit233: doesn't show hand 
*** SUMMARY ***
Total pot $0.02 | Rake $0 
Seat 1: TornadeoJim folded before Flop (didn't bet)
Seat 4: black.pantherx folded before Flop (didn't bet)
Seat 5: John Antoni7 (button) folded before Flop (didn't bet)
Seat 6: Andresinho46 (small blind) folded before Flop
Seat 7: birgit233 (big blind) collected ($0.02)
Seat 8: DelPiero7981 folded before Flop (didn't bet)
Seat 9: Dorex2007 folded before Flop (didn't bet)



PokerStars Hand #231284550139:  Hold'em No Limit ($0.01/$0.02 USD) - 2021/11/10 1:05:04 PT [2021/11/10 4:05:04 ET]
Table 'Gatria II' 9-max Seat #6 is the button
Seat 1: TornadeoJim ($3.02 in chips) 
Seat 4: black.pantherx ($4.28 in chips) 
Seat 5: John Antoni7 ($2.01 in chips) 
Seat 6: Andresinho46 ($2.08 in chips) 
Seat 7: birgit233 ($0.80 in chips) 
Seat 8: DelPiero7981 ($3.68 in chips) 
Seat 9: Dorex2007 ($2 in chips) 
birgit233: posts small blind $0.01
DelPiero7981: posts big blind $0.02
igor6316: sits out 
*** HOLE CARDS ***
Dealt to Dorex2007 [Kd Js]
Dorex2007: raises $0.02 to $0.04
TornadeoJim: folds 
black.pantherx: folds 
John Antoni7: calls $0.04
Andresinho46: folds 
birgit233: folds 
DelPiero7981: calls $0.02
*** FLOP *** [Ts 8s 7c]
DelPiero7981 has timed out
DelPiero7981: checks 
Dorex2007: checks 
John Antoni7: checks 
*** TURN *** [Ts 8s 7c] [6d]
DelPiero7981: bets $0.02
Dorex2007: calls $0.02
John Antoni7: raises $0.10 to $0.12
DelPiero7981: folds 
Dorex2007: folds 
Uncalled bet ($0.10) returned to John Antoni7
John Antoni7 collected $0.18 from pot
John Antoni7: doesn't show hand 
*** SUMMARY ***
Total pot $0.19 | Rake $0.01 
Board [Ts 8s 7c 6d]
Seat 1: TornadeoJim folded before Flop (didn't bet)
Seat 4: black.pantherx folded before Flop (didn't bet)
Seat 5: John Antoni7 collected ($0.18)
Seat 6: Andresinho46 (button) folded before Flop (didn't bet)
Seat 7: birgit233 (small blind) folded before Flop
Seat 8: DelPiero7981 (big blind) folded on the Turn
Seat 9: Dorex2007 folded on the Turn



PokerStars Hand #231284562126:  Hold'em No Limit ($0.01/$0.02 USD) - 2021/11/10 1:06:14 PT [2021/11/10 4:06:14 ET]
Table 'Gatria II' 9-max Seat #7 is the button
Seat 1: TornadeoJim ($3.02 in chips) 
Seat 4: black.pantherx ($4.28 in chips) 
Seat 5: John Antoni7 ($2.13 in chips) 
Seat 6: Andresinho46 ($2.08 in chips) 
Seat 7: birgit233 ($0.79 in chips) 
Seat 8: DelPiero7981 ($3.62 in chips) 
Seat 9: Dorex2007 ($2 in chips) 
DelPiero7981: posts small blind $0.01
Dorex2007: posts big blind $0.02
igor6316: sits out 
*** HOLE CARDS ***
Dealt to Dorex2007 [4c 3s]
TornadeoJim: folds 
black.pantherx: folds 
John Antoni7: folds 
Andresinho46: folds 
birgit233: folds 
DelPiero7981: calls $0.01
Dorex2007: checks 
*** FLOP *** [Ad Qs 8h]
DelPiero7981: checks 
Dorex2007: checks 
*** TURN *** [Ad Qs 8h] [Qd]
DelPiero7981 has timed out
DelPiero7981: checks 
Dorex2007: checks 
*** RIVER *** [Ad Qs 8h Qd] [8d]
DelPiero7981: checks 
Dorex2007: checks 
*** SHOW DOWN ***
DelPiero7981: shows [6h Kc] (two pair, Queens and Eights)
Dorex2007: shows [4c 3s] (two pair, Queens and Eights)
DelPiero7981 collected $0.02 from pot
Dorex2007 collected $0.02 from pot
*** SUMMARY ***
Total pot $0.04 | Rake $0 
Board [Ad Qs 8h Qd 8d]
Seat 1: TornadeoJim folded before Flop (didn't bet)
Seat 4: black.pantherx folded before Flop (didn't bet)
Seat 5: John Antoni7 folded before Flop (didn't bet)
Seat 6: Andresinho46 folded before Flop (didn't bet)
Seat 7: birgit233 (button) folded before Flop (didn't bet)
Seat 8: DelPiero7981 (small blind) showed [6h Kc] and won ($0.02) with two pair, Queens and Eights
Seat 9: Dorex2007 (big blind) showed [4c 3s] and won ($0.02) with two pair, Queens and Eights



PokerStars Hand #231284572692:  Hold'em No Limit ($0.01/$0.02 USD) - 2021/11/10 1:07:16 PT [2021/11/10 4:07:16 ET]
Table 'Gatria II' 9-max Seat #8 is the button
Seat 1: TornadeoJim ($3.02 in chips) 
Seat 4: black.pantherx ($4.28 in chips) 
Seat 5: John Antoni7 ($2.13 in chips) 
Seat 6: Andresinho46 ($2.08 in chips) 
Seat 7: birgit233 ($0.79 in chips) 
Seat 8: DelPiero7981 ($3.62 in chips) 
Seat 9: Dorex2007 ($2 in chips) 
Dorex2007: posts small blind $0.01
TornadeoJim: posts big blind $0.02
igor6316: sits out 
*** HOLE CARDS ***
Dealt to Dorex2007 [Ts 6d]
black.pantherx: folds 
John Antoni7: folds 
Andresinho46: raises $0.04 to $0.06
birgit233: folds 
DelPiero7981: calls $0.06
Dorex2007: folds 
TornadeoJim: folds 
*** FLOP *** [Jd Td 2c]
Andresinho46: checks 
DelPiero7981: checks 
*** TURN *** [Jd Td 2c] [8s]
Andresinho46: bets $0.07
DelPiero7981: calls $0.07
*** RIVER *** [Jd Td 2c 8s] [6c]
Andresinho46: checks 
DelPiero7981: checks 
*** SHOW DOWN ***
Andresinho46: shows [Tc Ac] (a pair of Tens)
DelPiero7981: mucks hand 
Andresinho46 collected $0.28 from pot
*** SUMMARY ***
Total pot $0.29 | Rake $0.01 
Board [Jd Td 2c 8s 6c]
Seat 1: TornadeoJim (big blind) folded before Flop
Seat 4: black.pantherx folded before Flop (didn't bet)
Seat 5: John Antoni7 folded before Flop (didn't bet)
Seat 6: Andresinho46 showed [Tc Ac] and won ($0.28) with a pair of Tens
Seat 7: birgit233 folded before Flop (didn't bet)
Seat 8: DelPiero7981 (button) mucked [9h 9c]
Seat 9: Dorex2007 (small blind) folded before Flop



PokerStars Hand #231284580821:  Hold'em No Limit ($0.01/$0.02 USD) - 2021/11/10 1:07:50 PT [2021/11/10 4:07:50 ET]
Table 'Gatria II' 9-max Seat #9 is the button
Seat 1: TornadeoJim ($3 in chips) 
Seat 3: igor6316 ($0.72 in chips) 
Seat 4: black.pantherx ($4.28 in chips) 
Seat 5: John Antoni7 ($2.13 in chips) 
Seat 6: Andresinho46 ($2.23 in chips) 
Seat 7: birgit233 ($0.79 in chips) 
Seat 8: DelPiero7981 ($3.49 in chips) 
Seat 9: Dorex2007 ($2 in chips) 
TornadeoJim: posts small blind $0.01
igor6316: posts big blind $0.02
*** HOLE CARDS ***
Dealt to Dorex2007 [Jd 9c]
black.pantherx: folds 
John Antoni7: folds 
Andresinho46: folds 
birgit233: raises $0.06 to $0.08
DelPiero7981: folds 
Dorex2007: folds 
TornadeoJim: folds 
igor6316: folds 
Uncalled bet ($0.06) returned to birgit233
birgit233 collected $0.05 from pot
birgit233: doesn't show hand 
*** SUMMARY ***
Total pot $0.05 | Rake $0 
Seat 1: TornadeoJim (small blind) folded before Flop
Seat 3: igor6316 (big blind) folded before Flop
Seat 4: black.pantherx folded before Flop (didn't bet)
Seat 5: John Antoni7 folded before Flop (didn't bet)
Seat 6: Andresinho46 folded before Flop (didn't bet)
Seat 7: birgit233 collected ($0.05)
Seat 8: DelPiero7981 folded before Flop (didn't bet)
Seat 9: Dorex2007 (button) folded before Flop (didn't bet)



PokerStars Hand #231284583912:  Hold'em No Limit ($0.01/$0.02 USD) - 2021/11/10 1:08:08 PT [2021/11/10 4:08:08 ET]
Table 'Gatria II' 9-max Seat #1 is the button
Seat 1: TornadeoJim ($2.99 in chips) 
Seat 3: igor6316 ($0.70 in chips) 
Seat 4: black.pantherx ($4.28 in chips) 
Seat 5: John Antoni7 ($2.13 in chips) 
Seat 6: Andresinho46 ($2.23 in chips) 
Seat 7: birgit233 ($0.82 in chips) 
Seat 8: DelPiero7981 ($3.49 in chips) 
Seat 9: Dorex2007 ($2 in chips) 
igor6316: posts small blind $0.01
black.pantherx: posts big blind $0.02
*** HOLE CARDS ***
Dealt to Dorex2007 [6s Jc]
John Antoni7: folds 
Andresinho46: folds 
birgit233: folds 
DelPiero7981: calls $0.02
Dorex2007: folds 
TornadeoJim: folds 
igor6316: calls $0.01
black.pantherx: raises $0.06 to $0.08
DelPiero7981: calls $0.06
igor6316: folds 
*** FLOP *** [8s 9c 5h]
black.pantherx: checks 
DelPiero7981 has timed out
DelPiero7981: checks 
*** TURN *** [8s 9c 5h] [Ts]
black.pantherx: checks 
DelPiero7981: checks 
*** RIVER *** [8s 9c 5h Ts] [9h]
black.pantherx: checks 
DelPiero7981: checks 
*** SHOW DOWN ***
black.pantherx: shows [Qh Ah] (a pair of Nines)
DelPiero7981: shows [8d Ad] (two pair, Nines and Eights)
DelPiero7981 collected $0.17 from pot
*** SUMMARY ***
Total pot $0.18 | Rake $0.01 
Board [8s 9c 5h Ts 9h]
Seat 1: TornadeoJim (button) folded before Flop (didn't bet)
Seat 3: igor6316 (small blind) folded before Flop
Seat 4: black.pantherx (big blind) showed [Qh Ah] and lost with a pair of Nines
Seat 5: John Antoni7 folded before Flop (didn't bet)
Seat 6: Andresinho46 folded before Flop (didn't bet)
Seat 7: birgit233 folded before Flop (didn't bet)
Seat 8: DelPiero7981 showed [8d Ad] and won ($0.17) with two pair, Nines and Eights
Seat 9: Dorex2007 folded before Flop (didn't bet)



PokerStars Hand #231284592775:  Hold'em No Limit ($0.01/$0.02 USD) - 2021/11/10 1:09:01 PT [2021/11/10 4:09:01 ET]
Table 'Gatria II' 9-max Seat #3 is the button
Seat 1: TornadeoJim ($2.99 in chips) 
Seat 3: igor6316 ($0.68 in chips) 
Seat 4: black.pantherx ($4.20 in chips) 
Seat 5: John Antoni7 ($2.13 in chips) 
Seat 6: Andresinho46 ($2.23 in chips) 
Seat 7: birgit233 ($0.82 in chips) 
Seat 8: DelPiero7981 ($3.58 in chips) 
Seat 9: Dorex2007 ($2 in chips) 
black.pantherx: posts small blind $0.01
John Antoni7: posts big blind $0.02
*** HOLE CARDS ***
Dealt to Dorex2007 [Ac 9s]
Andresinho46: folds 
birgit233: folds 
DelPiero7981: calls $0.02
Dorex2007: calls $0.02
TornadeoJim: calls $0.02
igor6316: folds 
black.pantherx: calls $0.01
John Antoni7: checks 
*** FLOP *** [Qc 4d 7c]
black.pantherx: checks 
John Antoni7: checks 
DelPiero7981: bets $0.02
Dorex2007: calls $0.02
TornadeoJim: raises $0.16 to $0.18
black.pantherx: folds 
John Antoni7: folds 
DelPiero7981: folds 
Dorex2007: folds 
Uncalled bet ($0.16) returned to TornadeoJim
TornadeoJim collected $0.15 from pot
TornadeoJim: doesn't show hand 
*** SUMMARY ***
Total pot $0.16 | Rake $0.01 
Board [Qc 4d 7c]
Seat 1: TornadeoJim collected ($0.15)
Seat 3: igor6316 (button) folded before Flop (didn't bet)
Seat 4: black.pantherx (small blind) folded on the Flop
Seat 5: John Antoni7 (big blind) folded on the Flop
Seat 6: Andresinho46 folded before Flop (didn't bet)
Seat 7: birgit233 folded before Flop (didn't bet)
Seat 8: DelPiero7981 folded on the Flop
Seat 9: Dorex2007 folded on the Flop



PokerStars Hand #231284602569:  Hold'em No Limit ($0.01/$0.02 USD) - 2021/11/10 1:09:58 PT [2021/11/10 4:09:58 ET]
Table 'Gatria II' 9-max Seat #4 is the button
Seat 1: TornadeoJim ($3.10 in chips) 
Seat 3: igor6316 ($0.68 in chips) 
Seat 4: black.pantherx ($4.18 in chips) 
Seat 5: John Antoni7 ($2.11 in chips) 
Seat 6: Andresinho46 ($2.23 in chips) 
Seat 7: birgit233 ($0.82 in chips) 
Seat 8: DelPiero7981 ($3.54 in chips) 
Seat 9: Dorex2007 ($2 in chips) 
John Antoni7: posts small blind $0.01
Andresinho46: posts big blind $0.02
*** HOLE CARDS ***
Dealt to Dorex2007 [Ts 4d]
birgit233: folds 
DelPiero7981: folds 
Dorex2007: folds 
TornadeoJim: folds 
igor6316: folds 
black.pantherx: folds 
John Antoni7: folds 
Uncalled bet ($0.01) returned to Andresinho46
Andresinho46 collected $0.02 from pot
Andresinho46: doesn't show hand 
*** SUMMARY ***
Total pot $0.02 | Rake $0 
Seat 1: TornadeoJim folded before Flop (didn't bet)
Seat 3: igor6316 folded before Flop (didn't bet)
Seat 4: black.pantherx (button) folded before Flop (didn't bet)
Seat 5: John Antoni7 (small blind) folded before Flop
Seat 6: Andresinho46 (big blind) collected ($0.02)
Seat 7: birgit233 folded before Flop (didn't bet)
Seat 8: DelPiero7981 folded before Flop (didn't bet)
Seat 9: Dorex2007 folded before Flop (didn't bet)



PokerStars Hand #231284607056:  Hold'em No Limit ($0.01/$0.02 USD) - 2021/11/10 1:10:24 PT [2021/11/10 4:10:24 ET]
Table 'Gatria II' 9-max Seat #5 is the button
Seat 1: TornadeoJim ($3.10 in chips) 
Seat 3: igor6316 ($0.68 in chips) 
Seat 4: black.pantherx ($4.18 in chips) 
Seat 5: John Antoni7 ($2.10 in chips) 
Seat 6: Andresinho46 ($2.24 in chips) 
Seat 7: birgit233 ($0.82 in chips) 
Seat 8: DelPiero7981 ($3.54 in chips) 
Seat 9: Dorex2007 ($2 in chips) 
Andresinho46: posts small blind $0.01
birgit233: posts big blind $0.02
*** HOLE CARDS ***
Dealt to Dorex2007 [Kd 8s]
DelPiero7981 has timed out
DelPiero7981: folds 
Dorex2007: folds 
TornadeoJim: folds 
igor6316: folds 
black.pantherx: folds 
John Antoni7: folds 
Andresinho46: raises $0.04 to $0.06
birgit233: folds 
Uncalled bet ($0.04) returned to Andresinho46
Andresinho46 collected $0.04 from pot
Andresinho46: doesn't show hand 
*** SUMMARY ***
Total pot $0.04 | Rake $0 
Seat 1: TornadeoJim folded before Flop (didn't bet)
Seat 3: igor6316 folded before Flop (didn't bet)
Seat 4: black.pantherx folded before Flop (didn't bet)
Seat 5: John Antoni7 (button) folded before Flop (didn't bet)
Seat 6: Andresinho46 (small blind) collected ($0.04)
Seat 7: birgit233 (big blind) folded before Flop
Seat 8: DelPiero7981 folded before Flop (didn't bet)
Seat 9: Dorex2007 folded before Flop (didn't bet)



PokerStars Hand #231284611215:  Hold'em No Limit ($0.01/$0.02 USD) - 2021/11/10 1:10:49 PT [2021/11/10 4:10:49 ET]
Table 'Gatria II' 9-max Seat #6 is the button
Seat 1: TornadeoJim ($3.10 in chips) 
Seat 3: igor6316 ($0.68 in chips) 
Seat 4: black.pantherx ($4.18 in chips) 
Seat 5: John Antoni7 ($2.10 in chips) 
Seat 6: Andresinho46 ($2.26 in chips) 
Seat 7: birgit233 ($0.80 in chips) 
Seat 8: DelPiero7981 ($3.54 in chips) 
Seat 9: Dorex2007 ($2 in chips) 
birgit233: posts small blind $0.01
DelPiero7981: posts big blind $0.02
*** HOLE CARDS ***
Dealt to Dorex2007 [9s 4c]
Dorex2007: folds 
TornadeoJim: folds 
igor6316: folds 
black.pantherx: folds 
John Antoni7: raises $0.02 to $0.04
Andresinho46: folds 
birgit233: folds 
DelPiero7981: calls $0.02
*** FLOP *** [Ac 6h Qd]
DelPiero7981: checks 
John Antoni7: checks 
*** TURN *** [Ac 6h Qd] [Qh]
DelPiero7981: checks 
John Antoni7: checks 
*** RIVER *** [Ac 6h Qd Qh] [Ks]
DelPiero7981: checks 
John Antoni7: checks 
*** SHOW DOWN ***
DelPiero7981: shows [Ad 6c] (two pair, Aces and Queens)
John Antoni7: mucks hand 
DelPiero7981 collected $0.09 from pot
*** SUMMARY ***
Total pot $0.09 | Rake $0 
Board [Ac 6h Qd Qh Ks]
Seat 1: TornadeoJim folded before Flop (didn't bet)
Seat 3: igor6316 folded before Flop (didn't bet)
Seat 4: black.pantherx folded before Flop (didn't bet)
Seat 5: John Antoni7 mucked [2s 2c]
Seat 6: Andresinho46 (button) folded before Flop (didn't bet)
Seat 7: birgit233 (small blind) folded before Flop
Seat 8: DelPiero7981 (big blind) showed [Ad 6c] and won ($0.09) with two pair, Aces and Queens
Seat 9: Dorex2007 folded before Flop (didn't bet)



PokerStars Hand #231284617981:  Hold'em No Limit ($0.01/$0.02 USD) - 2021/11/10 1:11:28 PT [2021/11/10 4:11:28 ET]
Table 'Gatria II' 9-max Seat #7 is the button
Seat 1: TornadeoJim ($3.10 in chips) 
Seat 3: igor6316 ($0.68 in chips) 
Seat 4: black.pantherx ($4.18 in chips) 
Seat 5: John Antoni7 ($2.06 in chips) 
Seat 6: Andresinho46 ($2.26 in chips) 
Seat 7: birgit233 ($0.79 in chips) 
Seat 8: DelPiero7981 ($3.59 in chips) 
Seat 9: Dorex2007 ($2 in chips) 
DelPiero7981: posts small blind $0.01
Dorex2007: posts big blind $0.02
*** HOLE CARDS ***
Dealt to Dorex2007 [3d 6s]
TornadeoJim: folds 
igor6316: calls $0.02
black.pantherx: folds 
John Antoni7: calls $0.02
Andresinho46: folds 
birgit233: folds 
DelPiero7981: calls $0.01
Dorex2007: checks 
*** FLOP *** [4s Qs Ac]
DelPiero7981: checks 
Dorex2007: checks 
igor6316: checks 
John Antoni7: checks 
*** TURN *** [4s Qs Ac] [Ah]
DelPiero7981: checks 
Dorex2007: checks 
igor6316: checks 
John Antoni7: checks 
*** RIVER *** [4s Qs Ac Ah] [Qd]
DelPiero7981: checks 
Dorex2007: checks 
igor6316: checks 
John Antoni7: checks 
*** SHOW DOWN ***
DelPiero7981: shows [Kd 8c] (two pair, Aces and Queens)
Dorex2007: mucks hand 
igor6316: mucks hand 
John Antoni7: mucks hand 
DelPiero7981 collected $0.08 from pot
*** SUMMARY ***
Total pot $0.08 | Rake $0 
Board [4s Qs Ac Ah Qd]
Seat 1: TornadeoJim folded before Flop (didn't bet)
Seat 3: igor6316 mucked [2c 3c]
Seat 4: black.pantherx folded before Flop (didn't bet)
Seat 5: John Antoni7 mucked [5d 5c]
Seat 6: Andresinho46 folded before Flop (didn't bet)
Seat 7: birgit233 (button) folded before Flop (didn't bet)
Seat 8: DelPiero7981 (small blind) showed [Kd 8c] and won ($0.08) with two pair, Aces and Queens
Seat 9: Dorex2007 (big blind) mucked [3d 6s]



PokerStars Hand #231284627337:  Hold'em No Limit ($0.01/$0.02 USD) - 2021/11/10 1:12:23 PT [2021/11/10 4:12:23 ET]
Table 'Gatria II' 9-max Seat #8 is the button
Seat 1: TornadeoJim ($3.10 in chips) 
Seat 3: igor6316 ($0.66 in chips) 
Seat 4: black.pantherx ($4.18 in chips) 
Seat 5: John Antoni7 ($2.04 in chips) 
Seat 6: Andresinho46 ($2.26 in chips) 
Seat 7: birgit233 ($0.79 in chips) 
Seat 8: DelPiero7981 ($3.65 in chips) 
Seat 9: Dorex2007 ($2 in chips) 
Dorex2007: posts small blind $0.01
TornadeoJim: posts big blind $0.02
*** HOLE CARDS ***
Dealt to Dorex2007 [Jh 6c]
igor6316: folds 
black.pantherx: folds 
John Antoni7: folds 
Andresinho46: folds 
birgit233: folds 
DelPiero7981: calls $0.02
Dorex2007: calls $0.01
TornadeoJim: checks 
*** FLOP *** [Tc Ac 3d]
Dorex2007: checks 
TornadeoJim: checks 
DelPiero7981: checks 
*** TURN *** [Tc Ac 3d] [4d]
Dorex2007: checks 
TornadeoJim: checks 
DelPiero7981: checks 
*** RIVER *** [Tc Ac 3d 4d] [Qd]
Dorex2007: checks 
TornadeoJim: bets $0.06
Flotalin leaves the table
DelPiero7981: folds 
Dorex2007: folds 
Uncalled bet ($0.06) returned to TornadeoJim
TornadeoJim collected $0.06 from pot
TornadeoJim: doesn't show hand 
*** SUMMARY ***
Total pot $0.06 | Rake $0 
Board [Tc Ac 3d 4d Qd]
Seat 1: TornadeoJim (big blind) collected ($0.06)
Seat 3: igor6316 folded before Flop (didn't bet)
Seat 4: black.pantherx folded before Flop (didn't bet)
Seat 5: John Antoni7 folded before Flop (didn't bet)
Seat 6: Andresinho46 folded before Flop (didn't bet)
Seat 7: birgit233 folded before Flop (didn't bet)
Seat 8: DelPiero7981 (button) folded on the River
Seat 9: Dorex2007 (small blind) folded on the River



PokerStars Hand #231284640425:  Hold'em No Limit ($0.01/$0.02 USD) - 2021/11/10 1:13:39 PT [2021/11/10 4:13:39 ET]
Table 'Gatria II' 9-max Seat #9 is the button
Seat 1: TornadeoJim ($3.14 in chips) 
Seat 3: igor6316 ($0.66 in chips) 
Seat 4: black.pantherx ($4.18 in chips) 
Seat 5: John Antoni7 ($2.04 in chips) 
Seat 6: Andresinho46 ($2.26 in chips) 
Seat 7: birgit233 ($0.79 in chips) 
Seat 8: DelPiero7981 ($3.63 in chips) 
Seat 9: Dorex2007 ($2 in chips) 
TornadeoJim: posts small blind $0.01
igor6316: posts big blind $0.02
*** HOLE CARDS ***
Dealt to Dorex2007 [2s 7d]
black.pantherx: folds 
Griboedow joins the table at seat #2 
John Antoni7: folds 
Andresinho46: folds 
birgit233: folds 
DelPiero7981: folds 
Dorex2007: folds 
TornadeoJim: folds 
Uncalled bet ($0.01) returned to igor6316
igor6316 collected $0.02 from pot
igor6316: doesn't show hand 
*** SUMMARY ***
Total pot $0.02 | Rake $0 
Seat 1: TornadeoJim (small blind) folded before Flop
Seat 3: igor6316 (big blind) collected ($0.02)
Seat 4: black.pantherx folded before Flop (didn't bet)
Seat 5: John Antoni7 folded before Flop (didn't bet)
Seat 6: Andresinho46 folded before Flop (didn't bet)
Seat 7: birgit233 folded before Flop (didn't bet)
Seat 8: DelPiero7981 folded before Flop (didn't bet)
Seat 9: Dorex2007 (button) folded before Flop (didn't bet)



PokerStars Hand #231284642847:  Hold'em No Limit ($0.01/$0.02 USD) - 2021/11/10 1:13:54 PT [2021/11/10 4:13:54 ET]
Table 'Gatria II' 9-max Seat #1 is the button
Seat 1: TornadeoJim ($3.13 in chips) 
Seat 3: igor6316 ($0.67 in chips) 
Seat 4: black.pantherx ($4.18 in chips) 
Seat 5: John Antoni7 ($2.04 in chips) 
Seat 6: Andresinho46 ($2.26 in chips) 
Seat 7: birgit233 ($0.79 in chips) 
Seat 8: DelPiero7981 ($3.63 in chips) 
Seat 9: Dorex2007 ($2 in chips) 
igor6316: posts small blind $0.01
black.pantherx: posts big blind $0.02
*** HOLE CARDS ***
Dealt to Dorex2007 [Ac Jh]
John Antoni7: folds 
Andresinho46: folds 
John Antoni7 leaves the table
birgit233: folds 
DelPiero7981: folds 
Griboedow leaves the table
Dorex2007: raises $0.02 to $0.04
TornadeoJim: folds 
igor6316: folds 
black.pantherx: folds 
Uncalled bet ($0.02) returned to Dorex2007
Dorex2007 collected $0.05 from pot
Dorex2007: doesn't show hand 
*** SUMMARY ***
Total pot $0.05 | Rake $0 
Seat 1: TornadeoJim (button) folded before Flop (didn't bet)
Seat 3: igor6316 (small blind) folded before Flop
Seat 4: black.pantherx (big blind) folded before Flop
Seat 5: John Antoni7 folded before Flop (didn't bet)
Seat 6: Andresinho46 folded before Flop (didn't bet)
Seat 7: birgit233 folded before Flop (didn't bet)
Seat 8: DelPiero7981 folded before Flop (didn't bet)
Seat 9: Dorex2007 collected ($0.05)



PokerStars Hand #231284647004:  Hold'em No Limit ($0.01/$0.02 USD) - 2021/11/10 1:14:18 PT [2021/11/10 4:14:18 ET]
Table 'Gatria II' 9-max Seat #3 is the button
Seat 1: TornadeoJim ($3.13 in chips) 
Seat 3: igor6316 ($0.66 in chips) 
Seat 4: black.pantherx ($4.16 in chips) 
Seat 6: Andresinho46 ($2.26 in chips) 
Seat 7: birgit233 ($0.79 in chips) 
Seat 8: DelPiero7981 ($3.63 in chips) 
Seat 9: Dorex2007 ($2.03 in chips) 
black.pantherx: posts small blind $0.01
Andresinho46: posts big blind $0.02
*** HOLE CARDS ***
Dealt to Dorex2007 [8d Tc]
birgit233: folds 
DelPiero7981: folds 
Dorex2007: folds 
TornadeoJim: calls $0.02
igor6316: folds 
black.pantherx: folds 
Andresinho46: raises $0.06 to $0.08
Moshniy joins the table at seat #2 
TornadeoJim: calls $0.06
*** FLOP *** [Jh Td 8c]
Andresinho46: bets $0.05
TornadeoJim: calls $0.05
*** TURN *** [Jh Td 8c] [2c]
Andresinho46: checks 
costica1949 joins the table at seat #5 
TornadeoJim: bets $0.10
Andresinho46: folds 
Uncalled bet ($0.10) returned to TornadeoJim
TornadeoJim collected $0.26 from pot
TornadeoJim: doesn't show hand 
*** SUMMARY ***
Total pot $0.27 | Rake $0.01 
Board [Jh Td 8c 2c]
Seat 1: TornadeoJim collected ($0.26)
Seat 3: igor6316 (button) folded before Flop (didn't bet)
Seat 4: black.pantherx (small blind) folded before Flop
Seat 6: Andresinho46 (big blind) folded on the Turn
Seat 7: birgit233 folded before Flop (didn't bet)
Seat 8: DelPiero7981 folded before Flop (didn't bet)
Seat 9: Dorex2007 folded before Flop (didn't bet)



PokerStars Hand #231284655508:  Hold'em No Limit ($0.01/$0.02 USD) - 2021/11/10 1:15:07 PT [2021/11/10 4:15:07 ET]
Table 'Gatria II' 9-max Seat #4 is the button
Seat 1: TornadeoJim ($3.26 in chips) 
Seat 3: igor6316 ($0.66 in chips) 
Seat 4: black.pantherx ($4.15 in chips) 
Seat 6: Andresinho46 ($2.13 in chips) 
Seat 7: birgit233 ($0.79 in chips) 
Seat 8: DelPiero7981 ($3.63 in chips) 
Seat 9: Dorex2007 ($2.03 in chips) 
Andresinho46: posts small blind $0.01
birgit233: posts big blind $0.02
Moshniy: sits out 
*** HOLE CARDS ***
Dealt to Dorex2007 [Tc 7d]
DelPiero7981: calls $0.02
Dorex2007: folds 
TornadeoJim: folds 
igor6316: folds 
black.pantherx: folds 
Andresinho46: calls $0.01
birgit233: checks 
*** FLOP *** [2d Ac Ad]
Andresinho46: checks 
birgit233: checks 
DelPiero7981: checks 
*** TURN *** [2d Ac Ad] [9s]
Andresinho46: checks 
birgit233: checks 
DelPiero7981: checks 
*** RIVER *** [2d Ac Ad 9s] [9h]
Andresinho46: checks 
birgit233: checks 
DelPiero7981: checks 
*** SHOW DOWN ***
Andresinho46: shows [Qh Ts] (two pair, Aces and Nines)
birgit233: mucks hand 
DelPiero7981: shows [Ks Qc] (two pair, Aces and Nines - King kicker)
DelPiero7981 collected $0.06 from pot
*** SUMMARY ***
Total pot $0.06 | Rake $0 
Board [2d Ac Ad 9s 9h]
Seat 1: TornadeoJim folded before Flop (didn't bet)
Seat 3: igor6316 folded before Flop (didn't bet)
Seat 4: black.pantherx (button) folded before Flop (didn't bet)
Seat 6: Andresinho46 (small blind) showed [Qh Ts] and lost with two pair, Aces and Nines
Seat 7: birgit233 (big blind) mucked [2c 8s]
Seat 8: DelPiero7981 showed [Ks Qc] and won ($0.06) with two pair, Aces and Nines
Seat 9: Dorex2007 folded before Flop (didn't bet)



PokerStars Hand #231284662552:  Hold'em No Limit ($0.01/$0.02 USD) - 2021/11/10 1:15:47 PT [2021/11/10 4:15:47 ET]
Table 'Gatria II' 9-max Seat #6 is the button
Seat 3: igor6316 ($0.66 in chips) 
Seat 4: black.pantherx ($4.15 in chips) 
Seat 5: costica1949 ($1.60 in chips) 
Seat 6: Andresinho46 ($2.11 in chips) 
Seat 7: birgit233 ($0.77 in chips) 
Seat 8: DelPiero7981 ($3.67 in chips) 
Seat 9: Dorex2007 ($2.03 in chips) 
birgit233: posts small blind $0.01
DelPiero7981: posts big blind $0.02
Moshniy: sits out 
costica1949: posts big blind $0.02
*** HOLE CARDS ***
Dealt to Dorex2007 [Kh Tc]
Dorex2007 has timed out
Dorex2007: folds 
igor6316: folds 
black.pantherx: raises $0.07 to $0.09
costica1949: folds 
Andresinho46: folds 
birgit233: folds 
DelPiero7981: folds 
Uncalled bet ($0.07) returned to black.pantherx
black.pantherx collected $0.07 from pot
black.pantherx: doesn't show hand 
*** SUMMARY ***
Total pot $0.07 | Rake $0 
Seat 3: igor6316 folded before Flop (didn't bet)
Seat 4: black.pantherx collected ($0.07)
Seat 5: costica1949 folded before Flop (didn't bet)
Seat 6: Andresinho46 (button) folded before Flop (didn't bet)
Seat 7: birgit233 (small blind) folded before Flop
Seat 8: DelPiero7981 (big blind) folded before Flop
Seat 9: Dorex2007 folded before Flop (didn't bet)



PokerStars Hand #231284667404:  Hold'em No Limit ($0.01/$0.02 USD) - 2021/11/10 1:16:16 PT [2021/11/10 4:16:16 ET]
Table 'Gatria II' 9-max Seat #7 is the button
Seat 3: igor6316 ($0.66 in chips) 
Seat 4: black.pantherx ($4.20 in chips) 
Seat 5: costica1949 ($1.58 in chips) 
Seat 6: Andresinho46 ($2.11 in chips) 
Seat 7: birgit233 ($0.76 in chips) 
Seat 8: DelPiero7981 ($3.65 in chips) 
Seat 9: Dorex2007 ($2.03 in chips) 
DelPiero7981: posts small blind $0.01
Dorex2007: posts big blind $0.02
Moshniy: sits out 
*** HOLE CARDS ***
Dealt to Dorex2007 [7c 2d]
igor6316: raises $0.64 to $0.66 and is all-in
black.pantherx: folds 
costica1949: folds 
Andresinho46: folds 
birgit233: folds 
DelPiero7981: folds 
Dorex2007: folds 
Uncalled bet ($0.64) returned to igor6316
igor6316 collected $0.05 from pot
igor6316: doesn't show hand 
*** SUMMARY ***
Total pot $0.05 | Rake $0 
Seat 3: igor6316 collected ($0.05)
Seat 4: black.pantherx folded before Flop (didn't bet)
Seat 5: costica1949 folded before Flop (didn't bet)
Seat 6: Andresinho46 folded before Flop (didn't bet)
Seat 7: birgit233 (button) folded before Flop (didn't bet)
Seat 8: DelPiero7981 (small blind) folded before Flop
Seat 9: Dorex2007 (big blind) folded before Flop



PokerStars Hand #231284670101:  Hold'em No Limit ($0.01/$0.02 USD) - 2021/11/10 1:16:32 PT [2021/11/10 4:16:32 ET]
Table 'Gatria II' 9-max Seat #8 is the button
Seat 2: Moshniy ($1.60 in chips) 
Seat 3: igor6316 ($0.69 in chips) 
Seat 4: black.pantherx ($4.20 in chips) 
Seat 5: costica1949 ($1.58 in chips) 
Seat 6: Andresinho46 ($2.11 in chips) 
Seat 7: birgit233 ($0.76 in chips) 
Seat 8: DelPiero7981 ($3.64 in chips) 
Seat 9: Dorex2007 ($2.01 in chips) 
Dorex2007: posts small blind $0.01
Moshniy: posts big blind $0.02
*** HOLE CARDS ***
Dealt to Dorex2007 [8s 2d]
igor6316: raises $0.02 to $0.04
black.pantherx: folds 
costica1949: calls $0.04
Andresinho46: folds 
birgit233: folds 
DelPiero7981: folds 
Dorex2007: folds 
Moshniy: raises $0.04 to $0.08
igor6316: calls $0.04
costica1949: calls $0.04
*** FLOP *** [4s 5s Qs]
Moshniy: checks 
igor6316: checks 
costica1949: bets $0.16
Moshniy: folds 
igor6316: folds 
Uncalled bet ($0.16) returned to costica1949
costica1949 collected $0.24 from pot
*** SUMMARY ***
Total pot $0.25 | Rake $0.01 
Board [4s 5s Qs]
Seat 2: Moshniy (big blind) folded on the Flop
Seat 3: igor6316 folded on the Flop
Seat 4: black.pantherx folded before Flop (didn't bet)
Seat 5: costica1949 collected ($0.24)
Seat 6: Andresinho46 folded before Flop (didn't bet)
Seat 7: birgit233 folded before Flop (didn't bet)
Seat 8: DelPiero7981 (button) folded before Flop (didn't bet)
Seat 9: Dorex2007 (small blind) folded before Flop



PokerStars Hand #231284679481:  Hold'em No Limit ($0.01/$0.02 USD) - 2021/11/10 1:17:25 PT [2021/11/10 4:17:25 ET]
Table 'Gatria II' 9-max Seat #9 is the button
Seat 2: Moshniy ($1.52 in chips) 
Seat 3: igor6316 ($0.61 in chips) 
Seat 4: black.pantherx ($4.20 in chips) 
Seat 5: costica1949 ($1.74 in chips) 
Seat 6: Andresinho46 ($2.11 in chips) 
Seat 7: birgit233 ($0.76 in chips) 
Seat 8: DelPiero7981 ($3.64 in chips) 
Seat 9: Dorex2007 ($2 in chips) 
Moshniy: posts small blind $0.01
igor6316: posts big blind $0.02
*** HOLE CARDS ***
Dealt to Dorex2007 [Qd 9h]
black.pantherx: folds 
costica1949: folds 
Andresinho46: folds 
birgit233: folds 
DelPiero7981 has timed out
DelPiero7981: folds 
Dorex2007: folds 
Moshniy: folds 
Uncalled bet ($0.01) returned to igor6316
igor6316 collected $0.02 from pot
igor6316: doesn't show hand 
*** SUMMARY ***
Total pot $0.02 | Rake $0 
Seat 2: Moshniy (small blind) folded before Flop
Seat 3: igor6316 (big blind) collected ($0.02)
Seat 4: black.pantherx folded before Flop (didn't bet)
Seat 5: costica1949 folded before Flop (didn't bet)
Seat 6: Andresinho46 folded before Flop (didn't bet)
Seat 7: birgit233 folded before Flop (didn't bet)
Seat 8: DelPiero7981 folded before Flop (didn't bet)
Seat 9: Dorex2007 (button) folded before Flop (didn't bet)



PokerStars Hand #231284683341:  Hold'em No Limit ($0.01/$0.02 USD) - 2021/11/10 1:17:47 PT [2021/11/10 4:17:47 ET]
Table 'Gatria II' 9-max Seat #2 is the button
Seat 2: Moshniy ($1.51 in chips) 
Seat 3: igor6316 ($0.62 in chips) 
Seat 4: black.pantherx ($4.20 in chips) 
Seat 5: costica1949 ($1.74 in chips) 
Seat 6: Andresinho46 ($2.11 in chips) 
Seat 7: birgit233 ($0.76 in chips) 
Seat 8: DelPiero7981 ($3.64 in chips) 
Seat 9: Dorex2007 ($2 in chips) 
igor6316: posts small blind $0.01
black.pantherx: posts big blind $0.02
*** HOLE CARDS ***
Dealt to Dorex2007 [6s Ac]
costica1949: raises $0.02 to $0.04
Andresinho46: folds 
birgit233: folds 
DelPiero7981: folds 
Dorex2007: folds 
Moshniy: calls $0.04
igor6316: folds 
black.pantherx: folds 
*** FLOP *** [4d Kh 5c]
costica1949: bets $0.02
Moshniy: folds 
Uncalled bet ($0.02) returned to costica1949
costica1949 collected $0.11 from pot
*** SUMMARY ***
Total pot $0.11 | Rake $0 
Board [4d Kh 5c]
Seat 2: Moshniy (button) folded on the Flop
Seat 3: igor6316 (small blind) folded before Flop
Seat 4: black.pantherx (big blind) folded before Flop
Seat 5: costica1949 collected ($0.11)
Seat 6: Andresinho46 folded before Flop (didn't bet)
Seat 7: birgit233 folded before Flop (didn't bet)
Seat 8: DelPiero7981 folded before Flop (didn't bet)
Seat 9: Dorex2007 folded before Flop (didn't bet)



PokerStars Hand #231284688630:  Hold'em No Limit ($0.01/$0.02 USD) - 2021/11/10 1:18:17 PT [2021/11/10 4:18:17 ET]
Table 'Gatria II' 9-max Seat #3 is the button
Seat 2: Moshniy ($1.47 in chips) 
Seat 3: igor6316 ($0.61 in chips) 
Seat 4: black.pantherx ($4.18 in chips) 
Seat 5: costica1949 ($1.81 in chips) 
Seat 6: Andresinho46 ($2.11 in chips) 
Seat 7: birgit233 ($0.76 in chips) 
Seat 8: DelPiero7981 ($3.64 in chips) 
Seat 9: Dorex2007 ($2 in chips) 
black.pantherx: posts small blind $0.01
costica1949: posts big blind $0.02
*** HOLE CARDS ***
Dealt to Dorex2007 [3h Td]
Andresinho46: folds 
birgit233: folds 
DelPiero7981: folds 
Dorex2007: folds 
Moshniy: folds 
igor6316: calls $0.02
black.pantherx: calls $0.01
costica1949: checks 
*** FLOP *** [Ks 4h Ac]
black.pantherx: checks 
costica1949: checks 
igor6316: checks 
*** TURN *** [Ks 4h Ac] [Qd]
black.pantherx: checks 
costica1949: checks 
igor6316: checks 
*** RIVER *** [Ks 4h Ac Qd] [8c]
black.pantherx: checks 
costica1949: checks 
igor6316: checks 
*** SHOW DOWN ***
black.pantherx: shows [5c 5h] (a pair of Fives)
costica1949: mucks hand 
igor6316: shows [8d Js] (a pair of Eights)
igor6316 collected $0.06 from pot
*** SUMMARY ***
Total pot $0.06 | Rake $0 
Board [Ks 4h Ac Qd 8c]
Seat 2: Moshniy folded before Flop (didn't bet)
Seat 3: igor6316 (button) showed [8d Js] and won ($0.06) with a pair of Eights
Seat 4: black.pantherx (small blind) showed [5c 5h] and lost with a pair of Fives
Seat 5: costica1949 (big blind) mucked [3d Jd]
Seat 6: Andresinho46 folded before Flop (didn't bet)
Seat 7: birgit233 folded before Flop (didn't bet)
Seat 8: DelPiero7981 folded before Flop (didn't bet)
Seat 9: Dorex2007 folded before Flop (didn't bet)



PokerStars Hand #231284698270:  Hold'em No Limit ($0.01/$0.02 USD) - 2021/11/10 1:19:11 PT [2021/11/10 4:19:11 ET]
Table 'Gatria II' 9-max Seat #4 is the button
Seat 2: Moshniy ($1.47 in chips) 
Seat 3: igor6316 ($0.65 in chips) 
Seat 4: black.pantherx ($4.16 in chips) 
Seat 5: costica1949 ($1.79 in chips) 
Seat 6: Andresinho46 ($2.11 in chips) 
Seat 7: birgit233 ($0.76 in chips) 
Seat 8: DelPiero7981 ($3.64 in chips) 
Seat 9: Dorex2007 ($2 in chips) 
costica1949: posts small blind $0.01
Andresinho46: posts big blind $0.02
*** HOLE CARDS ***
Dealt to Dorex2007 [Th 5c]
birgit233: folds 
DelPiero7981: calls $0.02
Dorex2007: folds 
Moshniy: folds 
igor6316: folds 
black.pantherx: folds 
costica1949: folds 
Andresinho46: checks 
*** FLOP *** [8s Ts 5s]
Andresinho46: checks 
DelPiero7981: checks 
*** TURN *** [8s Ts 5s] [Kc]
Andresinho46: checks 
DelPiero7981: checks 
*** RIVER *** [8s Ts 5s Kc] [4c]
Andresinho46: checks 
DelPiero7981: bets $0.02
Andresinho46: folds 
Uncalled bet ($0.02) returned to DelPiero7981
DelPiero7981 collected $0.05 from pot
DelPiero7981: doesn't show hand 
*** SUMMARY ***
Total pot $0.05 | Rake $0 
Board [8s Ts 5s Kc 4c]
Seat 2: Moshniy folded before Flop (didn't bet)
Seat 3: igor6316 folded before Flop (didn't bet)
Seat 4: black.pantherx (button) folded before Flop (didn't bet)
Seat 5: costica1949 (small blind) folded before Flop
Seat 6: Andresinho46 (big blind) folded on the River
Seat 7: birgit233 folded before Flop (didn't bet)
Seat 8: DelPiero7981 collected ($0.05)
Seat 9: Dorex2007 folded before Flop (didn't bet)



PokerStars Hand #231284703723:  Hold'em No Limit ($0.01/$0.02 USD) - 2021/11/10 1:19:42 PT [2021/11/10 4:19:42 ET]
Table 'Gatria II' 9-max Seat #5 is the button
Seat 2: Moshniy ($1.47 in chips) 
Seat 3: igor6316 ($0.65 in chips) 
Seat 4: black.pantherx ($4.16 in chips) 
Seat 5: costica1949 ($1.78 in chips) 
Seat 6: Andresinho46 ($2.09 in chips) 
Seat 7: birgit233 ($0.76 in chips) 
Seat 8: DelPiero7981 ($3.67 in chips) 
Seat 9: Dorex2007 ($2 in chips) 
Andresinho46: posts small blind $0.01
birgit233: posts big blind $0.02
*** HOLE CARDS ***
Dealt to Dorex2007 [Ad 4s]
DelPiero7981: folds 
Dorex2007: folds 
Moshniy: folds 
igor6316: folds 
black.pantherx: folds 
costica1949: raises $0.04 to $0.06
Andresinho46: folds 
birgit233: folds 
Uncalled bet ($0.04) returned to costica1949
costica1949 collected $0.05 from pot
*** SUMMARY ***
Total pot $0.05 | Rake $0 
Seat 2: Moshniy folded before Flop (didn't bet)
Seat 3: igor6316 folded before Flop (didn't bet)
Seat 4: black.pantherx folded before Flop (didn't bet)
Seat 5: costica1949 (button) collected ($0.05)
Seat 6: Andresinho46 (small blind) folded before Flop
Seat 7: birgit233 (big blind) folded before Flop
Seat 8: DelPiero7981 folded before Flop (didn't bet)
Seat 9: Dorex2007 folded before Flop (didn't bet)



PokerStars Hand #231284707883:  Hold'em No Limit ($0.01/$0.02 USD) - 2021/11/10 1:20:06 PT [2021/11/10 4:20:06 ET]
Table 'Gatria II' 9-max Seat #6 is the button
Seat 2: Moshniy ($1.47 in chips) 
Seat 3: igor6316 ($0.65 in chips) 
Seat 4: black.pantherx ($4.16 in chips) 
Seat 5: costica1949 ($1.81 in chips) 
Seat 6: Andresinho46 ($2.08 in chips) 
Seat 7: birgit233 ($0.74 in chips) 
Seat 8: DelPiero7981 ($3.67 in chips) 
Seat 9: Dorex2007 ($2 in chips) 
birgit233: posts small blind $0.01
DelPiero7981: posts big blind $0.02
*** HOLE CARDS ***
Dealt to Dorex2007 [Td 9s]
Dorex2007: folds 
Moshniy: folds 
igor6316: folds 
black.pantherx: folds 
costica1949: folds 
Andresinho46: folds 
birgit233: folds 
Uncalled bet ($0.01) returned to DelPiero7981
DelPiero7981 collected $0.02 from pot
DelPiero7981: doesn't show hand 
*** SUMMARY ***
Total pot $0.02 | Rake $0 
Seat 2: Moshniy folded before Flop (didn't bet)
Seat 3: igor6316 folded before Flop (didn't bet)
Seat 4: black.pantherx folded before Flop (didn't bet)
Seat 5: costica1949 folded before Flop (didn't bet)
Seat 6: Andresinho46 (button) folded before Flop (didn't bet)
Seat 7: birgit233 (small blind) folded before Flop
Seat 8: DelPiero7981 (big blind) collected ($0.02)
Seat 9: Dorex2007 folded before Flop (didn't bet)



PokerStars Hand #231284710068:  Hold'em No Limit ($0.01/$0.02 USD) - 2021/11/10 1:20:18 PT [2021/11/10 4:20:18 ET]
Table 'Gatria II' 9-max Seat #7 is the button
Seat 2: Moshniy ($1.47 in chips) 
Seat 3: igor6316 ($0.65 in chips) 
Seat 4: black.pantherx ($4.16 in chips) 
Seat 5: costica1949 ($1.81 in chips) 
Seat 6: Andresinho46 ($2.08 in chips) 
Seat 7: birgit233 ($0.73 in chips) 
Seat 8: DelPiero7981 ($3.68 in chips) 
Seat 9: Dorex2007 ($2 in chips) 
DelPiero7981: posts small blind $0.01
Dorex2007: posts big blind $0.02
*** HOLE CARDS ***
Dealt to Dorex2007 [Qh 5s]
Moshniy: folds 
igor6316: folds 
black.pantherx: folds 
costica1949: raises $0.02 to $0.04
Andresinho46: folds 
birgit233: folds 
DelPiero7981: folds 
Dorex2007: folds 
Uncalled bet ($0.02) returned to costica1949
costica1949 collected $0.05 from pot
*** SUMMARY ***
Total pot $0.05 | Rake $0 
Seat 2: Moshniy folded before Flop (didn't bet)
Seat 3: igor6316 folded before Flop (didn't bet)
Seat 4: black.pantherx folded before Flop (didn't bet)
Seat 5: costica1949 collected ($0.05)
Seat 6: Andresinho46 folded before Flop (didn't bet)
Seat 7: birgit233 (button) folded before Flop (didn't bet)
Seat 8: DelPiero7981 (small blind) folded before Flop
Seat 9: Dorex2007 (big blind) folded before Flop



PokerStars Hand #231284712976:  Hold'em No Limit ($0.01/$0.02 USD) - 2021/11/10 1:20:34 PT [2021/11/10 4:20:34 ET]
Table 'Gatria II' 9-max Seat #8 is the button
Seat 2: Moshniy ($1.47 in chips) 
Seat 3: igor6316 ($0.65 in chips) 
Seat 4: black.pantherx ($4.16 in chips) 
Seat 5: costica1949 ($1.84 in chips) 
Seat 6: Andresinho46 ($2.08 in chips) 
Seat 7: birgit233 ($0.73 in chips) 
Seat 8: DelPiero7981 ($3.67 in chips) 
Seat 9: Dorex2007 ($2 in chips) 
Dorex2007: posts small blind $0.01
Moshniy: posts big blind $0.02
*** HOLE CARDS ***
Dealt to Dorex2007 [Qs 6h]
igor6316: folds 
black.pantherx: raises $0.05 to $0.07
costica1949: folds 
Andresinho46: folds 
birgit233: folds 
DelPiero7981: folds 
Dorex2007: folds 
Moshniy: folds 
Uncalled bet ($0.05) returned to black.pantherx
black.pantherx collected $0.05 from pot
black.pantherx: doesn't show hand 
*** SUMMARY ***
Total pot $0.05 | Rake $0 
Seat 2: Moshniy (big blind) folded before Flop
Seat 3: igor6316 folded before Flop (didn't bet)
Seat 4: black.pantherx collected ($0.05)
Seat 5: costica1949 folded before Flop (didn't bet)
Seat 6: Andresinho46 folded before Flop (didn't bet)
Seat 7: birgit233 folded before Flop (didn't bet)
Seat 8: DelPiero7981 (button) folded before Flop (didn't bet)
Seat 9: Dorex2007 (small blind) folded before Flop



PokerStars Hand #231284716416:  Hold'em No Limit ($0.01/$0.02 USD) - 2021/11/10 1:20:53 PT [2021/11/10 4:20:53 ET]
Table 'Gatria II' 9-max Seat #9 is the button
Seat 2: Moshniy ($1.45 in chips) 
Seat 3: igor6316 ($0.65 in chips) 
Seat 4: black.pantherx ($4.19 in chips) 
Seat 5: costica1949 ($1.84 in chips) 
Seat 6: Andresinho46 ($2.08 in chips) 
Seat 7: birgit233 ($0.73 in chips) 
Seat 8: DelPiero7981 ($3.67 in chips) 
Seat 9: Dorex2007 ($2 in chips) 
Moshniy: posts small blind $0.01
igor6316: posts big blind $0.02
*** HOLE CARDS ***
Dealt to Dorex2007 [4h Qc]
black.pantherx: folds 
costica1949: folds 
Andresinho46: folds 
birgit233: folds 
DelPiero7981: calls $0.02
Dorex2007: folds 
Moshniy: folds 
igor6316: checks 
*** FLOP *** [Tc Ad Jc]
igor6316: checks 
DelPiero7981: checks 
*** TURN *** [Tc Ad Jc] [Kd]
igor6316: checks 
DelPiero7981: checks 
*** RIVER *** [Tc Ad Jc Kd] [3c]
igor6316: checks 
DelPiero7981: bets $0.02
igor6316: folds 
Uncalled bet ($0.02) returned to DelPiero7981
DelPiero7981 collected $0.05 from pot
DelPiero7981: doesn't show hand 
*** SUMMARY ***
Total pot $0.05 | Rake $0 
Board [Tc Ad Jc Kd 3c]
Seat 2: Moshniy (small blind) folded before Flop
Seat 3: igor6316 (big blind) folded on the River
Seat 4: black.pantherx folded before Flop (didn't bet)
Seat 5: costica1949 folded before Flop (didn't bet)
Seat 6: Andresinho46 folded before Flop (didn't bet)
Seat 7: birgit233 folded before Flop (didn't bet)
Seat 8: DelPiero7981 collected ($0.05)
Seat 9: Dorex2007 (button) folded before Flop (didn't bet)



PokerStars Hand #231284721404:  Hold'em No Limit ($0.01/$0.02 USD) - 2021/11/10 1:21:21 PT [2021/11/10 4:21:21 ET]
Table 'Gatria II' 9-max Seat #2 is the button
Seat 2: Moshniy ($1.44 in chips) 
Seat 3: igor6316 ($0.63 in chips) 
Seat 4: black.pantherx ($4.19 in chips) 
Seat 5: costica1949 ($1.84 in chips) 
Seat 6: Andresinho46 ($2.08 in chips) 
Seat 7: birgit233 ($0.73 in chips) 
Seat 8: DelPiero7981 ($3.70 in chips) 
Seat 9: Dorex2007 ($2 in chips) 
igor6316: posts small blind $0.01
black.pantherx: posts big blind $0.02
*** HOLE CARDS ***
Dealt to Dorex2007 [5s Tc]
costica1949: folds 
Andresinho46: folds 
birgit233: folds 
DelPiero7981: folds 
Dorex2007: folds 
Moshniy: folds 
igor6316: calls $0.01
costica1949 leaves the table
black.pantherx: checks 
*** FLOP *** [Td 4h 7c]
igor6316: bets $0.61 and is all-in
Ledorub joins the table at seat #5 
black.pantherx: folds 
Uncalled bet ($0.61) returned to igor6316
igor6316 collected $0.04 from pot
igor6316: doesn't show hand 
*** SUMMARY ***
Total pot $0.04 | Rake $0 
Board [Td 4h 7c]
Seat 2: Moshniy (button) folded before Flop (didn't bet)
Seat 3: igor6316 (small blind) collected ($0.04)
Seat 4: black.pantherx (big blind) folded on the Flop
Seat 5: costica1949 folded before Flop (didn't bet)
Seat 6: Andresinho46 folded before Flop (didn't bet)
Seat 7: birgit233 folded before Flop (didn't bet)
Seat 8: DelPiero7981 folded before Flop (didn't bet)
Seat 9: Dorex2007 folded before Flop (didn't bet)



PokerStars Hand #231284726206:  Hold'em No Limit ($0.01/$0.02 USD) - 2021/11/10 1:21:48 PT [2021/11/10 4:21:48 ET]
Table 'Gatria II' 9-max Seat #3 is the button
Seat 2: Moshniy ($1.44 in chips) 
Seat 3: igor6316 ($0.65 in chips) 
Seat 4: black.pantherx ($4.17 in chips) 
Seat 5: Ledorub ($0.80 in chips) 
Seat 6: Andresinho46 ($2.08 in chips) 
Seat 7: birgit233 ($0.73 in chips) 
Seat 8: DelPiero7981 ($3.70 in chips) 
Seat 9: Dorex2007 ($2 in chips) 
black.pantherx: posts small blind $0.01
Ledorub: posts big blind $0.02
*** HOLE CARDS ***
Dealt to Dorex2007 [7h Qh]
Andresinho46: folds 
birgit233: folds 
DelPiero7981: folds 
Dorex2007: folds 
Moshniy: folds 
igor6316: calls $0.02
black.pantherx: folds 
Ledorub: checks 
*** FLOP *** [4s Ac Td]
black.pantherx leaves the table
Ledorub: checks 
igor6316: checks 
*** TURN *** [4s Ac Td] [Jd]
Ledorub: checks 
igor6316: bets $0.04
Ledorub: folds 
Uncalled bet ($0.04) returned to igor6316
igor6316 collected $0.05 from pot
igor6316: doesn't show hand 
kadnikita1991 joins the table at seat #4 
*** SUMMARY ***
Total pot $0.05 | Rake $0 
Board [4s Ac Td Jd]
Seat 2: Moshniy folded before Flop (didn't bet)
Seat 3: igor6316 (button) collected ($0.05)
Seat 4: black.pantherx (small blind) folded before Flop
Seat 5: Ledorub (big blind) folded on the Turn
Seat 6: Andresinho46 folded before Flop (didn't bet)
Seat 7: birgit233 folded before Flop (didn't bet)
Seat 8: DelPiero7981 folded before Flop (didn't bet)
Seat 9: Dorex2007 folded before Flop (didn't bet)



PokerStars Hand #231284733147:  Hold'em No Limit ($0.01/$0.02 USD) - 2021/11/10 1:22:28 PT [2021/11/10 4:22:28 ET]
Table 'Gatria II' 9-max Seat #5 is the button
Seat 2: Moshniy ($1.44 in chips) 
Seat 3: igor6316 ($0.68 in chips) 
Seat 5: Ledorub ($0.78 in chips) 
Seat 6: Andresinho46 ($2.08 in chips) 
Seat 7: birgit233 ($0.73 in chips) 
Seat 8: DelPiero7981 ($3.70 in chips) 
Seat 9: Dorex2007 ($2 in chips) 
Andresinho46: posts small blind $0.01
birgit233: posts big blind $0.02
kadnikita1991: sits out 
*** HOLE CARDS ***
Dealt to Dorex2007 [5s 5h]
DelPiero7981: folds 
Dorex2007: calls $0.02
Moshniy: folds 
igor6316: folds 
Ledorub: raises $0.04 to $0.06
Andresinho46: folds 
birgit233: folds 
Dorex2007: calls $0.04
*** FLOP *** [Ts Jd 9s]
Dorex2007: checks 
Ledorub: bets $0.10
Dorex2007: folds 
Uncalled bet ($0.10) returned to Ledorub
Ledorub collected $0.14 from pot
Ledorub: doesn't show hand 
*** SUMMARY ***
Total pot $0.15 | Rake $0.01 
Board [Ts Jd 9s]
Seat 2: Moshniy folded before Flop (didn't bet)
Seat 3: igor6316 folded before Flop (didn't bet)
Seat 5: Ledorub (button) collected ($0.14)
Seat 6: Andresinho46 (small blind) folded before Flop
Seat 7: birgit233 (big blind) folded before Flop
Seat 8: DelPiero7981 folded before Flop (didn't bet)
Seat 9: Dorex2007 folded on the Flop



PokerStars Hand #231284739641:  Hold'em No Limit ($0.01/$0.02 USD) - 2021/11/10 1:23:05 PT [2021/11/10 4:23:05 ET]
Table 'Gatria II' 9-max Seat #6 is the button
Seat 2: Moshniy ($1.44 in chips) 
Seat 3: igor6316 ($0.68 in chips) 
Seat 5: Ledorub ($0.86 in chips) 
Seat 6: Andresinho46 ($2.07 in chips) 
Seat 7: birgit233 ($0.71 in chips) 
Seat 8: DelPiero7981 ($3.70 in chips) 
Seat 9: Dorex2007 ($2 in chips) 
birgit233: posts small blind $0.01
DelPiero7981: posts big blind $0.02
kadnikita1991: sits out 
*** HOLE CARDS ***
Dealt to Dorex2007 [4d Ks]
Dorex2007: folds 
Moshniy: folds 
igor6316: folds 
Ledorub: folds 
Andresinho46: raises $0.03 to $0.05
birgit233: folds 
DelPiero7981: folds 
Uncalled bet ($0.03) returned to Andresinho46
Andresinho46 collected $0.05 from pot
Andresinho46: doesn't show hand 
*** SUMMARY ***
Total pot $0.05 | Rake $0 
Seat 2: Moshniy folded before Flop (didn't bet)
Seat 3: igor6316 folded before Flop (didn't bet)
Seat 5: Ledorub folded before Flop (didn't bet)
Seat 6: Andresinho46 (button) collected ($0.05)
Seat 7: birgit233 (small blind) folded before Flop
Seat 8: DelPiero7981 (big blind) folded before Flop
Seat 9: Dorex2007 folded before Flop (didn't bet)



PokerStars Hand #231284743118:  Hold'em No Limit ($0.01/$0.02 USD) - 2021/11/10 1:23:25 PT [2021/11/10 4:23:25 ET]
Table 'Gatria II' 9-max Seat #7 is the button
Seat 2: Moshniy ($1.44 in chips) 
Seat 3: igor6316 ($0.68 in chips) 
Seat 5: Ledorub ($0.86 in chips) 
Seat 6: Andresinho46 ($2.10 in chips) 
Seat 7: birgit233 ($0.70 in chips) 
Seat 8: DelPiero7981 ($3.68 in chips) 
Seat 9: Dorex2007 ($2 in chips) 
DelPiero7981: posts small blind $0.01
Dorex2007: posts big blind $0.02
kadnikita1991: sits out 
*** HOLE CARDS ***
Dealt to Dorex2007 [Jd 6c]
Moshniy: folds 
igor6316: folds 
Ledorub: folds 
Andresinho46: raises $0.03 to $0.05
birgit233: folds 
DelPiero7981: folds 
Dorex2007: calls $0.03
*** FLOP *** [9d Ts 9s]
Dorex2007: checks 
Andresinho46: checks 
*** TURN *** [9d Ts 9s] [6h]
Dorex2007: bets $0.11
Andresinho46: folds 
Uncalled bet ($0.11) returned to Dorex2007
Dorex2007 collected $0.11 from pot
Dorex2007: doesn't show hand 
*** SUMMARY ***
Total pot $0.11 | Rake $0 
Board [9d Ts 9s 6h]
Seat 2: Moshniy folded before Flop (didn't bet)
Seat 3: igor6316 folded before Flop (didn't bet)
Seat 5: Ledorub folded before Flop (didn't bet)
Seat 6: Andresinho46 folded on the Turn
Seat 7: birgit233 (button) folded before Flop (didn't bet)
Seat 8: DelPiero7981 (small blind) folded before Flop
Seat 9: Dorex2007 (big blind) collected ($0.11)



PokerStars Hand #231284749448:  Hold'em No Limit ($0.01/$0.02 USD) - 2021/11/10 1:24:01 PT [2021/11/10 4:24:01 ET]
Table 'Gatria II' 9-max Seat #8 is the button
Seat 2: Moshniy ($1.44 in chips) 
Seat 3: igor6316 ($0.68 in chips) 
Seat 5: Ledorub ($0.86 in chips) 
Seat 6: Andresinho46 ($2.05 in chips) 
Seat 7: birgit233 ($0.70 in chips) 
Seat 8: DelPiero7981 ($3.67 in chips) 
Seat 9: Dorex2007 ($2.06 in chips) 
Dorex2007: posts small blind $0.01
Moshniy: posts big blind $0.02
kadnikita1991: sits out 
*** HOLE CARDS ***
Dealt to Dorex2007 [As 6c]
igor6316: folds 
Ledorub: folds 
Andresinho46: folds 
birgit233: folds 
DelPiero7981: folds 
Dorex2007: raises $0.02 to $0.04
Moshniy: calls $0.02
*** FLOP *** [Jd Ks Jh]
Dorex2007: bets $0.05
Moshniy: calls $0.05
*** TURN *** [Jd Ks Jh] [9h]
Dorex2007: bets $0.09
Moshniy: raises $0.09 to $0.18
Dorex2007: folds 
Uncalled bet ($0.09) returned to Moshniy
Moshniy collected $0.35 from pot
Moshniy: doesn't show hand 
*** SUMMARY ***
Total pot $0.36 | Rake $0.01 
Board [Jd Ks Jh 9h]
Seat 2: Moshniy (big blind) collected ($0.35)
Seat 3: igor6316 folded before Flop (didn't bet)
Seat 5: Ledorub folded before Flop (didn't bet)
Seat 6: Andresinho46 folded before Flop (didn't bet)
Seat 7: birgit233 folded before Flop (didn't bet)
Seat 8: DelPiero7981 (button) folded before Flop (didn't bet)
Seat 9: Dorex2007 (small blind) folded on the Turn



PokerStars Hand #231284755652:  Hold'em No Limit ($0.01/$0.02 USD) - 2021/11/10 1:24:36 PT [2021/11/10 4:24:36 ET]
Table 'Gatria II' 9-max Seat #9 is the button
Seat 2: Moshniy ($1.61 in chips) 
Seat 3: igor6316 ($0.68 in chips) 
Seat 5: Ledorub ($0.86 in chips) 
Seat 6: Andresinho46 ($2.05 in chips) 
Seat 7: birgit233 ($0.70 in chips) 
Seat 8: DelPiero7981 ($3.67 in chips) 
Seat 9: Dorex2007 ($2 in chips) 
Moshniy: posts small blind $0.01
igor6316: posts big blind $0.02
kadnikita1991: sits out 
*** HOLE CARDS ***
Dealt to Dorex2007 [5h Qd]
Ledorub: raises $0.02 to $0.04
Andresinho46: folds 
birgit233: folds 
DelPiero7981: folds 
Dorex2007: folds 
Moshniy: folds 
igor6316: folds 
Uncalled bet ($0.02) returned to Ledorub
Ledorub collected $0.05 from pot
Ledorub: doesn't show hand 
*** SUMMARY ***
Total pot $0.05 | Rake $0 
Seat 2: Moshniy (small blind) folded before Flop
Seat 3: igor6316 (big blind) folded before Flop
Seat 5: Ledorub collected ($0.05)
Seat 6: Andresinho46 folded before Flop (didn't bet)
Seat 7: birgit233 folded before Flop (didn't bet)
Seat 8: DelPiero7981 folded before Flop (didn't bet)
Seat 9: Dorex2007 (button) folded before Flop (didn't bet)



PokerStars Hand #231284759125:  Hold'em No Limit ($0.01/$0.02 USD) - 2021/11/10 1:24:56 PT [2021/11/10 4:24:56 ET]
Table 'Gatria II' 9-max Seat #2 is the button
Seat 2: Moshniy ($1.60 in chips) 
Seat 3: igor6316 ($0.66 in chips) 
Seat 4: kadnikita1991 ($0.80 in chips) 
Seat 5: Ledorub ($0.89 in chips) 
Seat 6: Andresinho46 ($2.05 in chips) 
Seat 7: birgit233 ($0.70 in chips) 
Seat 8: DelPiero7981 ($3.67 in chips) 
Seat 9: Dorex2007 ($2 in chips) 
igor6316: posts small blind $0.01
kadnikita1991: posts big blind $0.02
*** HOLE CARDS ***
Dealt to Dorex2007 [Kc 6d]
Ledorub: raises $0.04 to $0.06
Andresinho46: folds 
birgit233: folds 
DelPiero7981: folds 
Dorex2007: folds 
Moshniy: folds 
igor6316: calls $0.05
kadnikita1991: folds 
*** FLOP *** [2d 4s Tc]
igor6316: checks 
Ledorub: bets $0.06
igor6316: folds 
Uncalled bet ($0.06) returned to Ledorub
Ledorub collected $0.14 from pot
Ledorub: doesn't show hand 
*** SUMMARY ***
Total pot $0.14 | Rake $0 
Board [2d 4s Tc]
Seat 2: Moshniy (button) folded before Flop (didn't bet)
Seat 3: igor6316 (small blind) folded on the Flop
Seat 4: kadnikita1991 (big blind) folded before Flop
Seat 5: Ledorub collected ($0.14)
Seat 6: Andresinho46 folded before Flop (didn't bet)
Seat 7: birgit233 folded before Flop (didn't bet)
Seat 8: DelPiero7981 folded before Flop (didn't bet)
Seat 9: Dorex2007 folded before Flop (didn't bet)



PokerStars Hand #231284767759:  Hold'em No Limit ($0.01/$0.02 USD) - 2021/11/10 1:25:45 PT [2021/11/10 4:25:45 ET]
Table 'Gatria II' 9-max Seat #3 is the button
Seat 2: Moshniy ($1.60 in chips) 
Seat 3: igor6316 ($0.60 in chips) 
Seat 4: kadnikita1991 ($0.78 in chips) 
Seat 5: Ledorub ($0.97 in chips) 
Seat 6: Andresinho46 ($2.05 in chips) 
Seat 7: birgit233 ($0.70 in chips) 
Seat 8: DelPiero7981 ($3.67 in chips) 
Seat 9: Dorex2007 ($2 in chips) 
kadnikita1991: posts small blind $0.01
Ledorub: posts big blind $0.02
*** HOLE CARDS ***
Dealt to Dorex2007 [6s Ks]
Andresinho46: folds 
birgit233: raises $0.08 to $0.10
DelPiero7981: folds 
Dorex2007: folds 
Moshniy: folds 
igor6316: folds 
kadnikita1991: folds 
Ledorub: folds 
Uncalled bet ($0.08) returned to birgit233
birgit233 collected $0.05 from pot
birgit233: doesn't show hand 
*** SUMMARY ***
Total pot $0.05 | Rake $0 
Seat 2: Moshniy folded before Flop (didn't bet)
Seat 3: igor6316 (button) folded before Flop (didn't bet)
Seat 4: kadnikita1991 (small blind) folded before Flop
Seat 5: Ledorub (big blind) folded before Flop
Seat 6: Andresinho46 folded before Flop (didn't bet)
Seat 7: birgit233 collected ($0.05)
Seat 8: DelPiero7981 folded before Flop (didn't bet)
Seat 9: Dorex2007 folded before Flop (didn't bet)



PokerStars Hand #231284770903:  Hold'em No Limit ($0.01/$0.02 USD) - 2021/11/10 1:26:03 PT [2021/11/10 4:26:03 ET]
Table 'Gatria II' 9-max Seat #4 is the button
Seat 2: Moshniy ($1.60 in chips) 
Seat 3: igor6316 ($0.60 in chips) 
Seat 4: kadnikita1991 ($0.77 in chips) 
Seat 5: Ledorub ($0.95 in chips) 
Seat 6: Andresinho46 ($2.05 in chips) 
Seat 7: birgit233 ($0.73 in chips) 
Seat 8: DelPiero7981 ($3.67 in chips) 
Seat 9: Dorex2007 ($2 in chips) 
Ledorub: posts small blind $0.01
Andresinho46: posts big blind $0.02
*** HOLE CARDS ***
Dealt to Dorex2007 [3c 6c]
birgit233: folds 
DelPiero7981: folds 
Dorex2007: folds 
Moshniy: folds 
igor6316: calls $0.02
kadnikita1991: folds 
Ledorub: raises $0.08 to $0.10
Andresinho46: folds 
igor6316: folds 
Uncalled bet ($0.08) returned to Ledorub
Ledorub collected $0.06 from pot
Ledorub: doesn't show hand 
*** SUMMARY ***
Total pot $0.06 | Rake $0 
Seat 2: Moshniy folded before Flop (didn't bet)
Seat 3: igor6316 folded before Flop
Seat 4: kadnikita1991 (button) folded before Flop (didn't bet)
Seat 5: Ledorub (small blind) collected ($0.06)
Seat 6: Andresinho46 (big blind) folded before Flop
Seat 7: birgit233 folded before Flop (didn't bet)
Seat 8: DelPiero7981 folded before Flop (didn't bet)
Seat 9: Dorex2007 folded before Flop (didn't bet)



PokerStars Hand #231284775662:  Hold'em No Limit ($0.01/$0.02 USD) - 2021/11/10 1:26:30 PT [2021/11/10 4:26:30 ET]
Table 'Gatria II' 9-max Seat #5 is the button
Seat 2: Moshniy ($1.60 in chips) 
Seat 3: igor6316 ($0.58 in chips) 
Seat 4: kadnikita1991 ($0.77 in chips) 
Seat 5: Ledorub ($0.99 in chips) 
Seat 6: Andresinho46 ($2.03 in chips) 
Seat 7: birgit233 ($0.73 in chips) 
Seat 8: DelPiero7981 ($3.67 in chips) 
Seat 9: Dorex2007 ($2 in chips) 
Andresinho46: posts small blind $0.01
birgit233: posts big blind $0.02
*** HOLE CARDS ***
Dealt to Dorex2007 [Ts Kd]
DelPiero7981: calls $0.02
Dorex2007: folds 
Moshniy: folds 
igor6316: raises $0.10 to $0.12
kadnikita1991: folds 
Ledorub: folds 
Andresinho46: folds 
birgit233: folds 
DelPiero7981: folds 
Uncalled bet ($0.10) returned to igor6316
igor6316 collected $0.07 from pot
igor6316: doesn't show hand 
TornadeoJim leaves the table
*** SUMMARY ***
Total pot $0.07 | Rake $0 
Seat 2: Moshniy folded before Flop (didn't bet)
Seat 3: igor6316 collected ($0.07)
Seat 4: kadnikita1991 folded before Flop (didn't bet)
Seat 5: Ledorub (button) folded before Flop (didn't bet)
Seat 6: Andresinho46 (small blind) folded before Flop
Seat 7: birgit233 (big blind) folded before Flop
Seat 8: DelPiero7981 folded before Flop
Seat 9: Dorex2007 folded before Flop (didn't bet)



PokerStars Hand #231284779912:  Hold'em No Limit ($0.01/$0.02 USD) - 2021/11/10 1:26:55 PT [2021/11/10 4:26:55 ET]
Table 'Gatria II' 9-max Seat #6 is the button
Seat 2: Moshniy ($1.60 in chips) 
Seat 3: igor6316 ($0.63 in chips) 
Seat 4: kadnikita1991 ($0.77 in chips) 
Seat 5: Ledorub ($0.99 in chips) 
Seat 6: Andresinho46 ($2.02 in chips) 
Seat 7: birgit233 ($0.71 in chips) 
Seat 8: DelPiero7981 ($3.65 in chips) 
Seat 9: Dorex2007 ($2 in chips) 
birgit233: posts small blind $0.01
DelPiero7981: posts big blind $0.02
*** HOLE CARDS ***
Dealt to Dorex2007 [8h Ts]
Dorex2007: folds 
Moshniy: folds 
igor6316: folds 
kadnikita1991: folds 
Bundasian joins the table at seat #1 
Ledorub: raises $0.04 to $0.06
Andresinho46: folds 
birgit233: folds 
DelPiero7981: folds 
Uncalled bet ($0.04) returned to Ledorub
Ledorub collected $0.05 from pot
Ledorub: doesn't show hand 
*** SUMMARY ***
Total pot $0.05 | Rake $0 
Seat 2: Moshniy folded before Flop (didn't bet)
Seat 3: igor6316 folded before Flop (didn't bet)
Seat 4: kadnikita1991 folded before Flop (didn't bet)
Seat 5: Ledorub collected ($0.05)
Seat 6: Andresinho46 (button) folded before Flop (didn't bet)
Seat 7: birgit233 (small blind) folded before Flop
Seat 8: DelPiero7981 (big blind) folded before Flop
Seat 9: Dorex2007 folded before Flop (didn't bet)



PokerStars Hand #231284782327:  Hold'em No Limit ($0.01/$0.02 USD) - 2021/11/10 1:27:09 PT [2021/11/10 4:27:09 ET]
Table 'Gatria II' 9-max Seat #7 is the button
Seat 1: Bundasian ($2 in chips) 
Seat 2: Moshniy ($1.60 in chips) 
Seat 3: igor6316 ($0.63 in chips) 
Seat 4: kadnikita1991 ($0.77 in chips) 
Seat 5: Ledorub ($1.02 in chips) 
Seat 6: Andresinho46 ($2.02 in chips) 
Seat 7: birgit233 ($0.70 in chips) 
Seat 8: DelPiero7981 ($3.63 in chips) 
Seat 9: Dorex2007 ($2 in chips) 
DelPiero7981: posts small blind $0.01
Dorex2007: posts big blind $0.02
Bundasian: posts big blind $0.02
*** HOLE CARDS ***
Dealt to Dorex2007 [7s Th]
Bundasian: checks 
Moshniy: folds 
igor6316: folds 
kadnikita1991: folds 
Ledorub: raises $0.06 to $0.08
Andresinho46: folds 
birgit233: folds 
DelPiero7981: calls $0.07
Dorex2007: folds 
Bundasian: folds 
*** FLOP *** [Jd 4h Ts]
DelPiero7981: bets $0.02
Ledorub: raises $0.06 to $0.08
DelPiero7981: calls $0.06
*** TURN *** [Jd 4h Ts] [5d]
DelPiero7981: checks 
Ledorub: bets $0.25
DelPiero7981: folds 
Uncalled bet ($0.25) returned to Ledorub
Ledorub collected $0.35 from pot
Ledorub: doesn't show hand 
*** SUMMARY ***
Total pot $0.36 | Rake $0.01 
Board [Jd 4h Ts 5d]
Seat 1: Bundasian folded before Flop (didn't bet)
Seat 2: Moshniy folded before Flop (didn't bet)
Seat 3: igor6316 folded before Flop (didn't bet)
Seat 4: kadnikita1991 folded before Flop (didn't bet)
Seat 5: Ledorub collected ($0.35)
Seat 6: Andresinho46 folded before Flop (didn't bet)
Seat 7: birgit233 (button) folded before Flop (didn't bet)
Seat 8: DelPiero7981 (small blind) folded on the Turn
Seat 9: Dorex2007 (big blind) folded before Flop



PokerStars Hand #231284792457:  Hold'em No Limit ($0.01/$0.02 USD) - 2021/11/10 1:28:06 PT [2021/11/10 4:28:06 ET]
Table 'Gatria II' 9-max Seat #8 is the button
Seat 1: Bundasian ($1.98 in chips) 
Seat 2: Moshniy ($1.60 in chips) 
Seat 3: igor6316 ($0.63 in chips) 
Seat 4: kadnikita1991 ($0.77 in chips) 
Seat 5: Ledorub ($1.21 in chips) 
Seat 6: Andresinho46 ($2.02 in chips) 
Seat 7: birgit233 ($0.70 in chips) 
Seat 8: DelPiero7981 ($3.47 in chips) 
Seat 9: Dorex2007 ($2 in chips) 
Dorex2007: posts small blind $0.01
Bundasian: posts big blind $0.02
*** HOLE CARDS ***
Dealt to Dorex2007 [6h 8s]
Moshniy: folds 
igor6316: folds 
kadnikita1991: folds 
Ledorub: folds 
Andresinho46: raises $0.03 to $0.05
birgit233: folds 
DelPiero7981: folds 
Dorex2007: folds 
Bundasian: calls $0.03
*** FLOP *** [Js 5h 2d]
Bundasian: bets $0.04
Andresinho46: calls $0.04
*** TURN *** [Js 5h 2d] [5c]
Bundasian: checks 
Andresinho46: bets $0.06
Bundasian: folds 
Uncalled bet ($0.06) returned to Andresinho46
Andresinho46 collected $0.18 from pot
Andresinho46: doesn't show hand 
*** SUMMARY ***
Total pot $0.19 | Rake $0.01 
Board [Js 5h 2d 5c]
Seat 1: Bundasian (big blind) folded on the Turn
Seat 2: Moshniy folded before Flop (didn't bet)
Seat 3: igor6316 folded before Flop (didn't bet)
Seat 4: kadnikita1991 folded before Flop (didn't bet)
Seat 5: Ledorub folded before Flop (didn't bet)
Seat 6: Andresinho46 collected ($0.18)
Seat 7: birgit233 folded before Flop (didn't bet)
Seat 8: DelPiero7981 (button) folded before Flop (didn't bet)
Seat 9: Dorex2007 (small blind) folded before Flop



PokerStars Hand #231284801449:  Hold'em No Limit ($0.01/$0.02 USD) - 2021/11/10 1:28:58 PT [2021/11/10 4:28:58 ET]
Table 'Gatria II' 9-max Seat #9 is the button
Seat 1: Bundasian ($1.89 in chips) 
Seat 2: Moshniy ($1.60 in chips) 
Seat 3: igor6316 ($0.63 in chips) 
Seat 4: kadnikita1991 ($0.77 in chips) 
Seat 5: Ledorub ($1.21 in chips) 
Seat 6: Andresinho46 ($2.11 in chips) 
Seat 7: birgit233 ($0.70 in chips) 
Seat 8: DelPiero7981 ($3.47 in chips) 
Seat 9: Dorex2007 ($2 in chips) 
Bundasian: posts small blind $0.01
Moshniy: posts big blind $0.02
*** HOLE CARDS ***
Dealt to Dorex2007 [7s 2c]
igor6316: raises $0.02 to $0.04
kadnikita1991: folds 
Ledorub: folds 
Andresinho46: folds 
birgit233: folds 
DelPiero7981: folds 
Dorex2007: folds 
Bundasian: folds 
Moshniy: calls $0.02
*** FLOP *** [As 6h Js]
Moshniy: checks 
igor6316: bets $0.59 and is all-in
Moshniy: folds 
Uncalled bet ($0.59) returned to igor6316
igor6316 collected $0.09 from pot
igor6316: doesn't show hand 
*** SUMMARY ***
Total pot $0.09 | Rake $0 
Board [As 6h Js]
Seat 1: Bundasian (small blind) folded before Flop
Seat 2: Moshniy (big blind) folded on the Flop
Seat 3: igor6316 collected ($0.09)
Seat 4: kadnikita1991 folded before Flop (didn't bet)
Seat 5: Ledorub folded before Flop (didn't bet)
Seat 6: Andresinho46 folded before Flop (didn't bet)
Seat 7: birgit233 folded before Flop (didn't bet)
Seat 8: DelPiero7981 folded before Flop (didn't bet)
Seat 9: Dorex2007 (button) folded before Flop (didn't bet)



PokerStars Hand #231284806716:  Hold'em No Limit ($0.01/$0.02 USD) - 2021/11/10 1:29:28 PT [2021/11/10 4:29:28 ET]
Table 'Gatria II' 9-max Seat #1 is the button
Seat 1: Bundasian ($1.88 in chips) 
Seat 2: Moshniy ($1.56 in chips) 
Seat 3: igor6316 ($0.68 in chips) 
Seat 4: kadnikita1991 ($0.77 in chips) 
Seat 5: Ledorub ($1.21 in chips) 
Seat 6: Andresinho46 ($2.11 in chips) 
Seat 7: birgit233 ($0.70 in chips) 
Seat 8: DelPiero7981 ($3.47 in chips) 
Seat 9: Dorex2007 ($2 in chips) 
Moshniy: posts small blind $0.01
igor6316: posts big blind $0.02
*** HOLE CARDS ***
Dealt to Dorex2007 [3d Kd]
kadnikita1991: folds 
Ledorub: calls $0.02
Andresinho46: folds 
birgit233: folds 
DelPiero7981: folds 
Dorex2007: folds 
Bundasian: calls $0.02
Moshniy: calls $0.01
igor6316: checks 
*** FLOP *** [6s Kh 8h]
Moshniy: checks 
igor6316: checks 
Ledorub: bets $0.06
Bundasian: folds 
Moshniy: folds 
igor6316: folds 
Uncalled bet ($0.06) returned to Ledorub
Ledorub collected $0.08 from pot
Ledorub: doesn't show hand 
*** SUMMARY ***
Total pot $0.08 | Rake $0 
Board [6s Kh 8h]
Seat 1: Bundasian (button) folded on the Flop
Seat 2: Moshniy (small blind) folded on the Flop
Seat 3: igor6316 (big blind) folded on the Flop
Seat 4: kadnikita1991 folded before Flop (didn't bet)
Seat 5: Ledorub collected ($0.08)
Seat 6: Andresinho46 folded before Flop (didn't bet)
Seat 7: birgit233 folded before Flop (didn't bet)
Seat 8: DelPiero7981 folded before Flop (didn't bet)
Seat 9: Dorex2007 folded before Flop (didn't bet)



PokerStars Hand #231284812888:  Hold'em No Limit ($0.01/$0.02 USD) - 2021/11/10 1:30:03 PT [2021/11/10 4:30:03 ET]
Table 'Gatria II' 9-max Seat #2 is the button
Seat 1: Bundasian ($1.86 in chips) 
Seat 2: Moshniy ($1.54 in chips) 
Seat 3: igor6316 ($0.66 in chips) 
Seat 4: kadnikita1991 ($0.77 in chips) 
Seat 5: Ledorub ($1.27 in chips) 
Seat 6: Andresinho46 ($2.11 in chips) 
Seat 7: birgit233 ($0.70 in chips) 
Seat 8: DelPiero7981 ($3.47 in chips) 
Seat 9: Dorex2007 ($2 in chips) 
igor6316: posts small blind $0.01
kadnikita1991: posts big blind $0.02
*** HOLE CARDS ***
Dealt to Dorex2007 [3d Ad]
Ledorub: folds 
Andresinho46: folds 
birgit233: folds 
DelPiero7981: folds 
Dorex2007: calls $0.02
Bundasian: raises $0.04 to $0.06
Moshniy: folds 
igor6316: folds 
kadnikita1991: folds 
Dorex2007: calls $0.04
*** FLOP *** [Td 4h 5h]
Dorex2007: checks 
Bundasian: checks 
*** TURN *** [Td 4h 5h] [6h]
birgit233 leaves the table
Dorex2007: bets $0.14
Bundasian: calls $0.14
*** RIVER *** [Td 4h 5h 6h] [Ah]
Dorex2007: checks 
Bundasian: bets $0.26
Dorex2007: folds 
Uncalled bet ($0.26) returned to Bundasian
Bundasian collected $0.41 from pot
Bundasian: doesn't show hand 
*** SUMMARY ***
Total pot $0.43 | Rake $0.02 
Board [Td 4h 5h 6h Ah]
Seat 1: Bundasian collected ($0.41)
Seat 2: Moshniy (button) folded before Flop (didn't bet)
Seat 3: igor6316 (small blind) folded before Flop
Seat 4: kadnikita1991 (big blind) folded before Flop
Seat 5: Ledorub folded before Flop (didn't bet)
Seat 6: Andresinho46 folded before Flop (didn't bet)
Seat 7: birgit233 folded before Flop (didn't bet)
Seat 8: DelPiero7981 folded before Flop (didn't bet)
Seat 9: Dorex2007 folded on the River



PokerStars Hand #231284823091:  Hold'em No Limit ($0.01/$0.02 USD) - 2021/11/10 1:31:00 PT [2021/11/10 4:31:00 ET]
Table 'Gatria II' 9-max Seat #3 is the button
Seat 1: Bundasian ($2.07 in chips) 
Seat 2: Moshniy ($1.54 in chips) 
Seat 3: igor6316 ($0.65 in chips) 
Seat 4: kadnikita1991 ($0.75 in chips) 
Seat 5: Ledorub ($1.27 in chips) 
Seat 6: Andresinho46 ($2.11 in chips) 
Seat 8: DelPiero7981 ($3.47 in chips) 
Seat 9: Dorex2007 ($2 in chips) 
kadnikita1991: posts small blind $0.01
Ledorub: posts big blind $0.02
*** HOLE CARDS ***
Dealt to Dorex2007 [6d 2d]
Andresinho46: raises $0.04 to $0.06
DelPiero7981: folds 
Dorex2007: folds 
Bundasian: folds 
Moshniy: folds 
igor6316: folds 
kadnikita1991: folds 
Ledorub: folds 
Uncalled bet ($0.04) returned to Andresinho46
Andresinho46 collected $0.05 from pot
Andresinho46: doesn't show hand 
*** SUMMARY ***
Total pot $0.05 | Rake $0 
Seat 1: Bundasian folded before Flop (didn't bet)
Seat 2: Moshniy folded before Flop (didn't bet)
Seat 3: igor6316 (button) folded before Flop (didn't bet)
Seat 4: kadnikita1991 (small blind) folded before Flop
Seat 5: Ledorub (big blind) folded before Flop
Seat 6: Andresinho46 collected ($0.05)
Seat 8: DelPiero7981 folded before Flop (didn't bet)
Seat 9: Dorex2007 folded before Flop (didn't bet)



PokerStars Hand #231284827701:  Hold'em No Limit ($0.01/$0.02 USD) - 2021/11/10 1:31:27 PT [2021/11/10 4:31:27 ET]
Table 'Gatria II' 9-max Seat #4 is the button
Seat 1: Bundasian ($2.07 in chips) 
Seat 2: Moshniy ($1.54 in chips) 
Seat 3: igor6316 ($0.65 in chips) 
Seat 4: kadnikita1991 ($0.74 in chips) 
Seat 5: Ledorub ($1.25 in chips) 
Seat 6: Andresinho46 ($2.14 in chips) 
Seat 8: DelPiero7981 ($3.47 in chips) 
Seat 9: Dorex2007 ($2 in chips) 
Ledorub: posts small blind $0.01
Andresinho46: posts big blind $0.02
*** HOLE CARDS ***
Dealt to Dorex2007 [Ac Kc]
DelPiero7981: calls $0.02
Dorex2007: raises $0.04 to $0.06
Bundasian: folds 
Moshniy: folds 
igor6316: folds 
kadnikita1991: folds 
Ledorub: folds 
Andresinho46: folds 
DelPiero7981: calls $0.04
*** FLOP *** [5h 8d 6h]
DelPiero7981: bets $0.02
Dorex2007: calls $0.02
*** TURN *** [5h 8d 6h] [7h]
DelPiero7981: bets $0.02
Dorex2007: folds 
Uncalled bet ($0.02) returned to DelPiero7981
DelPiero7981 collected $0.18 from pot
DelPiero7981: doesn't show hand 
*** SUMMARY ***
Total pot $0.19 | Rake $0.01 
Board [5h 8d 6h 7h]
Seat 1: Bundasian folded before Flop (didn't bet)
Seat 2: Moshniy folded before Flop (didn't bet)
Seat 3: igor6316 folded before Flop (didn't bet)
Seat 4: kadnikita1991 (button) folded before Flop (didn't bet)
Seat 5: Ledorub (small blind) folded before Flop
Seat 6: Andresinho46 (big blind) folded before Flop
Seat 8: DelPiero7981 collected ($0.18)
Seat 9: Dorex2007 folded on the Turn



