PokerStars Hand #231788268936:  Hold'em No Limit ($0.01/$0.02 USD) - 2021/11/28 15:27:07 PT [2021/11/28 18:27:07 ET]
Table 'Cruithne II' 9-max Seat #4 is the button
Seat 1: sportsmen84 ($1.96 in chips) 
Seat 2: kvachka820 ($5 in chips) 
Seat 3: Dorex2007 ($2 in chips) 
Seat 4: Pepono101 ($2.10 in chips) 
Seat 5: Milhonarius ($1.64 in chips) 
Seat 6: MizzMeduza ($1.53 in chips) 
Seat 7: IsikHH1979 ($0.70 in chips) 
Seat 8: dudu_ipa ($2.20 in chips) 
Seat 9: smaze_dorsze ($1.95 in chips) 
Milhonarius: posts small blind $0.01
MizzMeduza: posts big blind $0.02
Dorex2007: posts big blind $0.02
*** HOLE CARDS ***
Dealt to Dorex2007 [As 4s]
IsikHH1979: folds 
dudu_ipa: folds 
smaze_dorsze: folds 
sportsmen84: folds 
kvachka820: folds 
Dorex2007: checks 
dudu_ipa leaves the table
Pepono101: calls $0.02
Milhonarius: calls $0.01
MizzMeduza: checks 
*** FLOP *** [Jh 7c 2d]
Milhonarius: checks 
MizzMeduza: bets $0.08
Dorex2007: folds 
Pepono101: calls $0.08
Milhonarius: folds 
*** TURN *** [Jh 7c 2d] [Ks]
PampuLobboxX joins the table at seat #8 
MizzMeduza: bets $0.11
Pepono101: calls $0.11
*** RIVER *** [Jh 7c 2d Ks] [8h]
MizzMeduza: bets $0.44
Pepono101: calls $0.44
*** SHOW DOWN ***
MizzMeduza: shows [2h 9s] (a pair of Deuces)
Pepono101: shows [8c Jd] (two pair, Jacks and Eights)
Pepono101 collected $1.29 from pot
*** SUMMARY ***
Total pot $1.34 | Rake $0.05 
Board [Jh 7c 2d Ks 8h]
Seat 1: sportsmen84 folded before Flop (didn't bet)
Seat 2: kvachka820 folded before Flop (didn't bet)
Seat 3: Dorex2007 folded on the Flop (didn't bet)
Seat 4: Pepono101 (button) showed [8c Jd] and won ($1.29) with two pair, Jacks and Eights
Seat 5: Milhonarius (small blind) folded on the Flop
Seat 6: MizzMeduza (big blind) showed [2h 9s] and lost with a pair of Deuces
Seat 7: IsikHH1979 folded before Flop (didn't bet)
Seat 8: dudu_ipa folded before Flop (didn't bet)
Seat 9: smaze_dorsze folded before Flop (didn't bet)



PokerStars Hand #231788305151:  Hold'em No Limit ($0.01/$0.02 USD) - 2021/11/28 15:28:34 PT [2021/11/28 18:28:34 ET]
Table 'Cruithne II' 9-max Seat #5 is the button
Seat 1: sportsmen84 ($1.96 in chips) 
Seat 2: kvachka820 ($5 in chips) 
Seat 3: Dorex2007 ($2 in chips) 
Seat 4: Pepono101 ($2.74 in chips) 
Seat 5: Milhonarius ($1.62 in chips) 
Seat 6: MizzMeduza ($0.88 in chips) 
Seat 7: IsikHH1979 ($0.70 in chips) 
Seat 8: PampuLobboxX ($2 in chips) 
Seat 9: smaze_dorsze ($1.95 in chips) 
MizzMeduza: posts small blind $0.01
IsikHH1979: posts big blind $0.02
PampuLobboxX: posts big blind $0.02
*** HOLE CARDS ***
Dealt to Dorex2007 [3c Th]
PampuLobboxX: checks 
smaze_dorsze: folds 
sportsmen84: folds 
kvachka820: calls $0.02
Dorex2007: folds 
Pepono101: folds 
Milhonarius: calls $0.02
MizzMeduza: raises $0.10 to $0.12
IsikHH1979: folds 
PampuLobboxX: folds 
kvachka820: calls $0.10
Milhonarius: folds 
*** FLOP *** [Qh Td 9h]
MizzMeduza: bets $0.29
kvachka820: folds 
Uncalled bet ($0.29) returned to MizzMeduza
MizzMeduza collected $0.29 from pot
MizzMeduza: doesn't show hand 
*** SUMMARY ***
Total pot $0.30 | Rake $0.01 
Board [Qh Td 9h]
Seat 1: sportsmen84 folded before Flop (didn't bet)
Seat 2: kvachka820 folded on the Flop
Seat 3: Dorex2007 folded before Flop (didn't bet)
Seat 4: Pepono101 folded before Flop (didn't bet)
Seat 5: Milhonarius (button) folded before Flop
Seat 6: MizzMeduza (small blind) collected ($0.29)
Seat 7: IsikHH1979 (big blind) folded before Flop
Seat 8: PampuLobboxX folded before Flop (didn't bet)
Seat 9: smaze_dorsze folded before Flop (didn't bet)



PokerStars Hand #231788333469:  Hold'em No Limit ($0.01/$0.02 USD) - 2021/11/28 15:29:46 PT [2021/11/28 18:29:46 ET]
Table 'Cruithne II' 9-max Seat #6 is the button
Seat 1: sportsmen84 ($1.96 in chips) 
Seat 2: kvachka820 ($4.88 in chips) 
Seat 3: Dorex2007 ($2 in chips) 
Seat 4: Pepono101 ($2.74 in chips) 
Seat 5: Milhonarius ($1.60 in chips) 
Seat 6: MizzMeduza ($1.05 in chips) 
Seat 8: PampuLobboxX ($2 in chips) 
Seat 9: smaze_dorsze ($1.95 in chips) 
IsikHH1979 has timed out
IsikHH1979: is sitting out 
PampuLobboxX: posts small blind $0.01
smaze_dorsze: posts big blind $0.02
*** HOLE CARDS ***
Dealt to Dorex2007 [2h Kc]
sportsmen84: folds 
kvachka820: calls $0.02
Dorex2007: folds 
Pepono101: calls $0.02
Milhonarius: folds 
IsikHH1979 is disconnected 
MizzMeduza: raises $0.09 to $0.11
PampuLobboxX: folds 
smaze_dorsze: folds 
kvachka820: raises $0.27 to $0.38
Pepono101: folds 
MizzMeduza: calls $0.27
*** FLOP *** [7h Qs Kh]
kvachka820: bets $0.28
MizzMeduza: raises $0.39 to $0.67 and is all-in
kvachka820: folds 
Uncalled bet ($0.39) returned to MizzMeduza
MizzMeduza collected $1.32 from pot
MizzMeduza: doesn't show hand 
*** SUMMARY ***
Total pot $1.37 | Rake $0.05 
Board [7h Qs Kh]
Seat 1: sportsmen84 folded before Flop (didn't bet)
Seat 2: kvachka820 folded on the Flop
Seat 3: Dorex2007 folded before Flop (didn't bet)
Seat 4: Pepono101 folded before Flop
Seat 5: Milhonarius folded before Flop (didn't bet)
Seat 6: MizzMeduza (button) collected ($1.32)
Seat 8: PampuLobboxX (small blind) folded before Flop
Seat 9: smaze_dorsze (big blind) folded before Flop



PokerStars Hand #231788360281:  Hold'em No Limit ($0.01/$0.02 USD) - 2021/11/28 15:30:48 PT [2021/11/28 18:30:48 ET]
Table 'Cruithne II' 9-max Seat #8 is the button
Seat 1: sportsmen84 ($1.96 in chips) 
Seat 2: kvachka820 ($4.22 in chips) 
Seat 3: Dorex2007 ($2 in chips) 
Seat 4: Pepono101 ($2.72 in chips) 
Seat 5: Milhonarius ($1.60 in chips) 
Seat 6: MizzMeduza ($1.71 in chips) 
Seat 7: IsikHH1979 ($0.68 in chips) 
Seat 8: PampuLobboxX ($2 in chips) 
Seat 9: smaze_dorsze ($1.93 in chips) 
smaze_dorsze: posts small blind $0.01
sportsmen84: posts big blind $0.02
IsikHH1979: posts small blind $0.01
*** HOLE CARDS ***
Dealt to Dorex2007 [2c Ad]
kvachka820: raises $0.04 to $0.06
Dorex2007: folds 
Pepono101: folds 
Milhonarius: folds 
MizzMeduza: folds 
IsikHH1979: folds 
PampuLobboxX: folds 
smaze_dorsze: calls $0.05
sportsmen84: folds 
*** FLOP *** [Qh 4h Tc]
smaze_dorsze: checks 
kvachka820: bets $0.14
smaze_dorsze: calls $0.14
*** TURN *** [Qh 4h Tc] [Kh]
smaze_dorsze: checks 
kvachka820: checks 
*** RIVER *** [Qh 4h Tc Kh] [7d]
smaze_dorsze: bets $0.41
kvachka820: folds 
Uncalled bet ($0.41) returned to smaze_dorsze
smaze_dorsze collected $0.41 from pot
smaze_dorsze: doesn't show hand 
*** SUMMARY ***
Total pot $0.43 | Rake $0.02 
Board [Qh 4h Tc Kh 7d]
Seat 1: sportsmen84 (big blind) folded before Flop
Seat 2: kvachka820 folded on the River
Seat 3: Dorex2007 folded before Flop (didn't bet)
Seat 4: Pepono101 folded before Flop (didn't bet)
Seat 5: Milhonarius folded before Flop (didn't bet)
Seat 6: MizzMeduza folded before Flop (didn't bet)
Seat 7: IsikHH1979 folded before Flop (didn't bet)
Seat 8: PampuLobboxX (button) folded before Flop (didn't bet)
Seat 9: smaze_dorsze (small blind) collected ($0.41)



PokerStars Hand #231788387649:  Hold'em No Limit ($0.01/$0.02 USD) - 2021/11/28 15:31:44 PT [2021/11/28 18:31:44 ET]
Table 'Cruithne II' 9-max Seat #9 is the button
Seat 1: sportsmen84 ($1.94 in chips) 
Seat 2: kvachka820 ($4.02 in chips) 
Seat 3: Dorex2007 ($2 in chips) 
Seat 4: Pepono101 ($2.72 in chips) 
Seat 5: Milhonarius ($1.60 in chips) 
Seat 6: MizzMeduza ($1.71 in chips) 
Seat 7: IsikHH1979 ($0.67 in chips) 
Seat 8: PampuLobboxX ($2 in chips) 
Seat 9: smaze_dorsze ($2.14 in chips) 
sportsmen84: posts small blind $0.01
kvachka820: posts big blind $0.02
*** HOLE CARDS ***
Dealt to Dorex2007 [Qh 2s]
Dorex2007: folds 
Pepono101: folds 
Milhonarius: folds 
MizzMeduza: folds 
smaze_dorsze is disconnected 
IsikHH1979 has timed out
IsikHH1979: folds 
PampuLobboxX: raises $0.04 to $0.06
smaze_dorsze: folds 
sportsmen84: folds 
kvachka820: folds 
Uncalled bet ($0.04) returned to PampuLobboxX
PampuLobboxX collected $0.05 from pot
PampuLobboxX: doesn't show hand 
*** SUMMARY ***
Total pot $0.05 | Rake $0 
Seat 1: sportsmen84 (small blind) folded before Flop
Seat 2: kvachka820 (big blind) folded before Flop
Seat 3: Dorex2007 folded before Flop (didn't bet)
Seat 4: Pepono101 folded before Flop (didn't bet)
Seat 5: Milhonarius folded before Flop (didn't bet)
Seat 6: MizzMeduza folded before Flop (didn't bet)
Seat 7: IsikHH1979 folded before Flop (didn't bet)
Seat 8: PampuLobboxX collected ($0.05)
Seat 9: smaze_dorsze (button) folded before Flop (didn't bet)



PokerStars Hand #231788402572:  Hold'em No Limit ($0.01/$0.02 USD) - 2021/11/28 15:32:21 PT [2021/11/28 18:32:21 ET]
Table 'Cruithne II' 9-max Seat #1 is the button
Seat 1: sportsmen84 ($1.93 in chips) 
Seat 2: kvachka820 ($4 in chips) 
Seat 3: Dorex2007 ($2 in chips) 
Seat 4: Pepono101 ($2.72 in chips) 
Seat 5: Milhonarius ($1.60 in chips) 
Seat 6: MizzMeduza ($1.71 in chips) 
Seat 7: IsikHH1979 ($0.67 in chips) 
Seat 8: PampuLobboxX ($2.03 in chips) 
Seat 9: smaze_dorsze ($2.14 in chips) 
kvachka820: posts small blind $0.01
Dorex2007: posts big blind $0.02
*** HOLE CARDS ***
Dealt to Dorex2007 [9h 9c]
Pepono101: calls $0.02
Milhonarius: folds 
MizzMeduza: calls $0.02
IsikHH1979: folds 
PampuLobboxX: folds 
smaze_dorsze: folds 
sportsmen84: folds 
kvachka820: folds 
Dorex2007: checks 
*** FLOP *** [Ac 4s 2h]
Dorex2007: checks 
Pepono101: checks 
MizzMeduza: bets $0.07
Dorex2007: folds 
Pepono101: calls $0.07
*** TURN *** [Ac 4s 2h] [Td]
Pepono101: checks 
MizzMeduza: bets $0.20
Pepono101: folds 
Uncalled bet ($0.20) returned to MizzMeduza
MizzMeduza collected $0.20 from pot
MizzMeduza: doesn't show hand 
*** SUMMARY ***
Total pot $0.21 | Rake $0.01 
Board [Ac 4s 2h Td]
Seat 1: sportsmen84 (button) folded before Flop (didn't bet)
Seat 2: kvachka820 (small blind) folded before Flop
Seat 3: Dorex2007 (big blind) folded on the Flop
Seat 4: Pepono101 folded on the Turn
Seat 5: Milhonarius folded before Flop (didn't bet)
Seat 6: MizzMeduza collected ($0.20)
Seat 7: IsikHH1979 folded before Flop (didn't bet)
Seat 8: PampuLobboxX folded before Flop (didn't bet)
Seat 9: smaze_dorsze folded before Flop (didn't bet)



PokerStars Hand #231788434971:  Hold'em No Limit ($0.01/$0.02 USD) - 2021/11/28 15:33:31 PT [2021/11/28 18:33:31 ET]
Table 'Cruithne II' 9-max Seat #2 is the button
Seat 1: sportsmen84 ($1.93 in chips) 
Seat 2: kvachka820 ($3.99 in chips) 
Seat 3: Dorex2007 ($2 in chips) 
Seat 4: Pepono101 ($2.63 in chips) 
Seat 5: Milhonarius ($1.60 in chips) 
Seat 6: MizzMeduza ($1.82 in chips) 
Seat 7: IsikHH1979 ($0.67 in chips) 
Seat 8: PampuLobboxX ($2.03 in chips) 
Seat 9: smaze_dorsze ($2.14 in chips) 
Dorex2007: posts small blind $0.01
Pepono101: posts big blind $0.02
*** HOLE CARDS ***
Dealt to Dorex2007 [7h As]
Milhonarius: folds 
MizzMeduza: folds 
IsikHH1979: folds 
PampuLobboxX: folds 
smaze_dorsze: folds 
sportsmen84: folds 
kvachka820: raises $0.04 to $0.06
Dorex2007: folds 
Pepono101: calls $0.04
*** FLOP *** [9s Jh 3c]
Pepono101: checks 
kvachka820: bets $0.07
Pepono101: folds 
Uncalled bet ($0.07) returned to kvachka820
kvachka820 collected $0.13 from pot
kvachka820: doesn't show hand 
*** SUMMARY ***
Total pot $0.13 | Rake $0 
Board [9s Jh 3c]
Seat 1: sportsmen84 folded before Flop (didn't bet)
Seat 2: kvachka820 (button) collected ($0.13)
Seat 3: Dorex2007 (small blind) folded before Flop
Seat 4: Pepono101 (big blind) folded on the Flop
Seat 5: Milhonarius folded before Flop (didn't bet)
Seat 6: MizzMeduza folded before Flop (didn't bet)
Seat 7: IsikHH1979 folded before Flop (didn't bet)
Seat 8: PampuLobboxX folded before Flop (didn't bet)
Seat 9: smaze_dorsze folded before Flop (didn't bet)



PokerStars Hand #231788448942:  Hold'em No Limit ($0.01/$0.02 USD) - 2021/11/28 15:34:06 PT [2021/11/28 18:34:06 ET]
Table 'Cruithne II' 9-max Seat #3 is the button
Seat 1: sportsmen84 ($1.93 in chips) 
Seat 2: kvachka820 ($4.06 in chips) 
Seat 3: Dorex2007 ($2 in chips) 
Seat 4: Pepono101 ($2.57 in chips) 
Seat 5: Milhonarius ($1.60 in chips) 
Seat 6: MizzMeduza ($1.82 in chips) 
Seat 7: IsikHH1979 ($0.67 in chips) 
Seat 8: PampuLobboxX ($2.03 in chips) 
Seat 9: smaze_dorsze ($2.14 in chips) 
Pepono101: posts small blind $0.01
Milhonarius: posts big blind $0.02
*** HOLE CARDS ***
Dealt to Dorex2007 [Qh 6h]
MizzMeduza: folds 
IsikHH1979: folds 
PampuLobboxX: raises $0.04 to $0.06
smaze_dorsze: folds 
sportsmen84: calls $0.06
kvachka820: folds 
Dorex2007: folds 
Pepono101: calls $0.05
Milhonarius: calls $0.04
*** FLOP *** [Kd Ad 8c]
Pepono101: checks 
Milhonarius: checks 
PampuLobboxX: bets $0.23
sportsmen84: folds 
Pepono101: calls $0.23
Milhonarius: folds 
*** TURN *** [Kd Ad 8c] [3c]
Pepono101: checks 
PampuLobboxX: bets $0.34
Pepono101: calls $0.34
*** RIVER *** [Kd Ad 8c 3c] [2h]
Pepono101: checks 
PampuLobboxX: checks 
*** SHOW DOWN ***
Pepono101: shows [9d Qd] (high card Ace)
PampuLobboxX: mucks hand 
Pepono101 collected $1.33 from pot
*** SUMMARY ***
Total pot $1.38 | Rake $0.05 
Board [Kd Ad 8c 3c 2h]
Seat 1: sportsmen84 folded on the Flop
Seat 2: kvachka820 folded before Flop (didn't bet)
Seat 3: Dorex2007 (button) folded before Flop (didn't bet)
Seat 4: Pepono101 (small blind) showed [9d Qd] and won ($1.33) with high card Ace
Seat 5: Milhonarius (big blind) folded on the Flop
Seat 6: MizzMeduza folded before Flop (didn't bet)
Seat 7: IsikHH1979 folded before Flop (didn't bet)
Seat 8: PampuLobboxX mucked [Tc 9c]
Seat 9: smaze_dorsze folded before Flop (didn't bet)



PokerStars Hand #231788480770:  Hold'em No Limit ($0.01/$0.02 USD) - 2021/11/28 15:35:27 PT [2021/11/28 18:35:27 ET]
Table 'Cruithne II' 9-max Seat #4 is the button
Seat 1: sportsmen84 ($1.87 in chips) 
Seat 2: kvachka820 ($4.06 in chips) 
Seat 3: Dorex2007 ($2 in chips) 
Seat 4: Pepono101 ($3.27 in chips) 
Seat 5: Milhonarius ($1.54 in chips) 
Seat 6: MizzMeduza ($1.82 in chips) 
Seat 7: IsikHH1979 ($0.67 in chips) 
Seat 8: PampuLobboxX ($2 in chips) 
Seat 9: smaze_dorsze ($2.14 in chips) 
Milhonarius: posts small blind $0.01
MizzMeduza: posts big blind $0.02
*** HOLE CARDS ***
Dealt to Dorex2007 [Tc Kd]
IsikHH1979: folds 
PampuLobboxX: folds 
smaze_dorsze: folds 
sportsmen84: folds 
kvachka820: folds 
Dorex2007: raises $0.04 to $0.06
Pepono101: folds 
Milhonarius: folds 
MizzMeduza: calls $0.04
*** FLOP *** [Td As 8h]
MizzMeduza: checks 
Dorex2007: checks 
*** TURN *** [Td As 8h] [9d]
MizzMeduza: bets $0.10
Dorex2007: calls $0.10
*** RIVER *** [Td As 8h 9d] [Jh]
MizzMeduza: bets $0.32
Dorex2007: folds 
Uncalled bet ($0.32) returned to MizzMeduza
MizzMeduza collected $0.32 from pot
MizzMeduza: doesn't show hand 
*** SUMMARY ***
Total pot $0.33 | Rake $0.01 
Board [Td As 8h 9d Jh]
Seat 1: sportsmen84 folded before Flop (didn't bet)
Seat 2: kvachka820 folded before Flop (didn't bet)
Seat 3: Dorex2007 folded on the River
Seat 4: Pepono101 (button) folded before Flop (didn't bet)
Seat 5: Milhonarius (small blind) folded before Flop
Seat 6: MizzMeduza (big blind) collected ($0.32)
Seat 7: IsikHH1979 folded before Flop (didn't bet)
Seat 8: PampuLobboxX folded before Flop (didn't bet)
Seat 9: smaze_dorsze folded before Flop (didn't bet)



PokerStars Hand #231788512904:  Hold'em No Limit ($0.01/$0.02 USD) - 2021/11/28 15:36:35 PT [2021/11/28 18:36:35 ET]
Table 'Cruithne II' 9-max Seat #5 is the button
Seat 1: sportsmen84 ($1.87 in chips) 
Seat 2: kvachka820 ($4.06 in chips) 
Seat 3: Dorex2007 ($2 in chips) 
Seat 4: Pepono101 ($3.27 in chips) 
Seat 5: Milhonarius ($1.53 in chips) 
Seat 6: MizzMeduza ($1.98 in chips) 
Seat 7: IsikHH1979 ($0.67 in chips) 
Seat 8: PampuLobboxX ($2 in chips) 
Seat 9: smaze_dorsze ($2.14 in chips) 
MizzMeduza: posts small blind $0.01
IsikHH1979: posts big blind $0.02
*** HOLE CARDS ***
Dealt to Dorex2007 [3d Kc]
PampuLobboxX: raises $0.04 to $0.06
smaze_dorsze: raises $0.15 to $0.21
sportsmen84: folds 
kvachka820: folds 
Dorex2007: folds 
Pepono101: folds 
Milhonarius: folds 
MizzMeduza: raises $0.50 to $0.71
IsikHH1979: folds 
PampuLobboxX: raises $1.29 to $2 and is all-in
smaze_dorsze: raises $0.14 to $2.14 and is all-in
MizzMeduza: folds 
Uncalled bet ($0.14) returned to smaze_dorsze
*** FLOP *** [4h 4s Jc]
*** TURN *** [4h 4s Jc] [Ah]
*** RIVER *** [4h 4s Jc Ah] [8d]
*** SHOW DOWN ***
PampuLobboxX: shows [As Kh] (two pair, Aces and Fours)
smaze_dorsze: shows [Ac Ks] (two pair, Aces and Fours)
PampuLobboxX collected $2.28 from pot
smaze_dorsze collected $2.28 from pot
*** SUMMARY ***
Total pot $4.73 | Rake $0.17 
Board [4h 4s Jc Ah 8d]
Seat 1: sportsmen84 folded before Flop (didn't bet)
Seat 2: kvachka820 folded before Flop (didn't bet)
Seat 3: Dorex2007 folded before Flop (didn't bet)
Seat 4: Pepono101 folded before Flop (didn't bet)
Seat 5: Milhonarius (button) folded before Flop (didn't bet)
Seat 6: MizzMeduza (small blind) folded before Flop
Seat 7: IsikHH1979 (big blind) folded before Flop
Seat 8: PampuLobboxX showed [As Kh] and won ($2.28) with two pair, Aces and Fours
Seat 9: smaze_dorsze showed [Ac Ks] and won ($2.28) with two pair, Aces and Fours



PokerStars Hand #231788534752:  Hold'em No Limit ($0.01/$0.02 USD) - 2021/11/28 15:37:31 PT [2021/11/28 18:37:31 ET]
Table 'Cruithne II' 9-max Seat #6 is the button
Seat 1: sportsmen84 ($1.87 in chips) 
Seat 2: kvachka820 ($4.06 in chips) 
Seat 3: Dorex2007 ($2 in chips) 
Seat 4: Pepono101 ($3.27 in chips) 
Seat 5: Milhonarius ($1.53 in chips) 
Seat 6: MizzMeduza ($1.27 in chips) 
Seat 7: IsikHH1979 ($0.65 in chips) 
Seat 8: PampuLobboxX ($2.28 in chips) 
Seat 9: smaze_dorsze ($2.42 in chips) 
IsikHH1979: posts small blind $0.01
PampuLobboxX: posts big blind $0.02
*** HOLE CARDS ***
Dealt to Dorex2007 [3s Jd]
smaze_dorsze is disconnected 
smaze_dorsze has timed out while being disconnected
smaze_dorsze: folds 
sportsmen84: folds 
kvachka820: calls $0.02
Dorex2007: folds 
Pepono101: calls $0.02
Milhonarius: folds 
MizzMeduza: raises $0.09 to $0.11
IsikHH1979: folds 
PampuLobboxX: folds 
kvachka820: folds 
Pepono101: calls $0.09
*** FLOP *** [8h Ad 3d]
Pepono101: checks 
MizzMeduza: bets $0.04
Pepono101: calls $0.04
*** TURN *** [8h Ad 3d] [Qc]
Pepono101: checks 
MizzMeduza: bets $0.04
Pepono101: calls $0.04
*** RIVER *** [8h Ad 3d Qc] [7h]
Pepono101: checks 
MizzMeduza: bets $1.08 and is all-in
Pepono101: folds 
Uncalled bet ($1.08) returned to MizzMeduza
MizzMeduza collected $0.41 from pot
MizzMeduza: doesn't show hand 
*** SUMMARY ***
Total pot $0.43 | Rake $0.02 
Board [8h Ad 3d Qc 7h]
Seat 1: sportsmen84 folded before Flop (didn't bet)
Seat 2: kvachka820 folded before Flop
Seat 3: Dorex2007 folded before Flop (didn't bet)
Seat 4: Pepono101 folded on the River
Seat 5: Milhonarius folded before Flop (didn't bet)
Seat 6: MizzMeduza (button) collected ($0.41)
Seat 7: IsikHH1979 (small blind) folded before Flop
Seat 8: PampuLobboxX (big blind) folded before Flop
Seat 9: smaze_dorsze folded before Flop (didn't bet)



PokerStars Hand #231788575360:  Hold'em No Limit ($0.01/$0.02 USD) - 2021/11/28 15:39:15 PT [2021/11/28 18:39:15 ET]
Table 'Cruithne II' 9-max Seat #7 is the button
Seat 1: sportsmen84 ($1.87 in chips) 
Seat 2: kvachka820 ($4.04 in chips) 
Seat 3: Dorex2007 ($2 in chips) 
Seat 4: Pepono101 ($3.08 in chips) 
Seat 5: Milhonarius ($1.53 in chips) 
Seat 6: MizzMeduza ($2 in chips) 
Seat 7: IsikHH1979 ($0.64 in chips) 
Seat 8: PampuLobboxX ($2.26 in chips) 
Seat 9: smaze_dorsze ($2.42 in chips) 
PampuLobboxX: posts small blind $0.01
smaze_dorsze: posts big blind $0.02
*** HOLE CARDS ***
Dealt to Dorex2007 [Kc 9s]
sportsmen84: folds 
kvachka820: calls $0.02
Dorex2007: folds 
Pepono101: folds 
Milhonarius: folds 
MizzMeduza: calls $0.02
IsikHH1979: raises $0.04 to $0.06
PampuLobboxX: folds 
smaze_dorsze: folds 
kvachka820: calls $0.04
MizzMeduza: calls $0.04
*** FLOP *** [Ah 5d 9d]
kvachka820: checks 
MizzMeduza: checks 
IsikHH1979: bets $0.10
kvachka820: folds 
MizzMeduza: raises $0.40 to $0.50
IsikHH1979: folds 
Uncalled bet ($0.40) returned to MizzMeduza
MizzMeduza collected $0.40 from pot
MizzMeduza: doesn't show hand 
*** SUMMARY ***
Total pot $0.41 | Rake $0.01 
Board [Ah 5d 9d]
Seat 1: sportsmen84 folded before Flop (didn't bet)
Seat 2: kvachka820 folded on the Flop
Seat 3: Dorex2007 folded before Flop (didn't bet)
Seat 4: Pepono101 folded before Flop (didn't bet)
Seat 5: Milhonarius folded before Flop (didn't bet)
Seat 6: MizzMeduza collected ($0.40)
Seat 7: IsikHH1979 (button) folded on the Flop
Seat 8: PampuLobboxX (small blind) folded before Flop
Seat 9: smaze_dorsze (big blind) folded before Flop



PokerStars Hand #231788604070:  Hold'em No Limit ($0.01/$0.02 USD) - 2021/11/28 15:40:30 PT [2021/11/28 18:40:30 ET]
Table 'Cruithne II' 9-max Seat #8 is the button
Seat 1: sportsmen84 ($1.87 in chips) 
Seat 2: kvachka820 ($3.98 in chips) 
Seat 3: Dorex2007 ($2 in chips) 
Seat 4: Pepono101 ($3.08 in chips) 
Seat 5: Milhonarius ($1.53 in chips) 
Seat 6: MizzMeduza ($2.24 in chips) 
Seat 7: IsikHH1979 ($0.48 in chips) 
Seat 8: PampuLobboxX ($2.25 in chips) 
Seat 9: smaze_dorsze ($2.40 in chips) 
smaze_dorsze: posts small blind $0.01
sportsmen84: posts big blind $0.02
*** HOLE CARDS ***
Dealt to Dorex2007 [8d 7h]
kvachka820: folds 
Dorex2007: folds 
Pepono101: folds 
Milhonarius: folds 
MizzMeduza: folds 
IsikHH1979: folds 
PampuLobboxX: folds 
smaze_dorsze: folds 
Uncalled bet ($0.01) returned to sportsmen84
sportsmen84 collected $0.02 from pot
*** SUMMARY ***
Total pot $0.02 | Rake $0 
Seat 1: sportsmen84 (big blind) collected ($0.02)
Seat 2: kvachka820 folded before Flop (didn't bet)
Seat 3: Dorex2007 folded before Flop (didn't bet)
Seat 4: Pepono101 folded before Flop (didn't bet)
Seat 5: Milhonarius folded before Flop (didn't bet)
Seat 6: MizzMeduza folded before Flop (didn't bet)
Seat 7: IsikHH1979 folded before Flop (didn't bet)
Seat 8: PampuLobboxX (button) folded before Flop (didn't bet)
Seat 9: smaze_dorsze (small blind) folded before Flop



