PokerStars Hand #224819076658:  Hold'em No Limit ($0.01/$0.02 USD) - 2021/03/14 16:12:31 PT [2021/03/14 19:12:31 ET]
Table 'Vundtia IV' 9-max Seat #3 is the button
Seat 1: HisoMorow ($2.15 in chips) 
Seat 2: Dorex2007 ($1.50 in chips) 
Seat 3: rodrigoxher ($2.09 in chips) 
Seat 4: KIMSQIT ($2.24 in chips) 
Seat 5: fishiamfish ($1.81 in chips) 
Seat 6: geni580 ($4.57 in chips) 
Seat 7: tyry ($1.63 in chips) 
Seat 8: LoAn25 ($1.68 in chips) 
Seat 9: slzcosta83 ($1.60 in chips) 
KIMSQIT: posts small blind $0.01
fishiamfish: posts big blind $0.02
slzcosta83: posts big blind $0.02
Dorex2007: posts big blind $0.02
*** HOLE CARDS ***
Dealt to Dorex2007 [Ks Kc]
geni580 has timed out
geni580: folds 
tyry: raises $0.04 to $0.06
LoAn25: folds 
slzcosta83: folds 
HisoMorow: folds 
Dorex2007: raises $0.08 to $0.14
rodrigoxher: folds 
KIMSQIT: calls $0.13
fishiamfish: folds 
tyry: raises $1.49 to $1.63 and is all-in
Dorex2007: calls $1.36 and is all-in
KIMSQIT: calls $1.49
*** FLOP *** [7h 4d 7s]
*** TURN *** [7h 4d 7s] [3d]
*** RIVER *** [7h 4d 7s 3d] [9c]
*** SHOW DOWN ***
KIMSQIT: shows [4c Ac] (two pair, Sevens and Fours)
tyry: shows [Qh Qs] (two pair, Queens and Sevens)
tyry collected $0.25 from side pot
Dorex2007: shows [Ks Kc] (two pair, Kings and Sevens)
Dorex2007 collected $4.38 from main pot
*** SUMMARY ***
Total pot $4.80 Main pot $4.38. Side pot $0.25. | Rake $0.17 
Board [7h 4d 7s 3d 9c]
Seat 1: HisoMorow folded before Flop (didn't bet)
Seat 2: Dorex2007 showed [Ks Kc] and won ($4.38) with two pair, Kings and Sevens
Seat 3: rodrigoxher (button) folded before Flop (didn't bet)
Seat 4: KIMSQIT (small blind) showed [4c Ac] and lost with two pair, Sevens and Fours
Seat 5: fishiamfish (big blind) folded before Flop
Seat 6: geni580 folded before Flop (didn't bet)
Seat 7: tyry showed [Qh Qs] and won ($0.25) with two pair, Queens and Sevens
Seat 8: LoAn25 folded before Flop (didn't bet)
Seat 9: slzcosta83 folded before Flop (didn't bet)



PokerStars Hand #224819106500:  Hold'em No Limit ($0.01/$0.02 USD) - 2021/03/14 16:13:27 PT [2021/03/14 19:13:27 ET]
Table 'Vundtia IV' 9-max Seat #4 is the button
Seat 1: HisoMorow ($2.15 in chips) 
Seat 2: Dorex2007 ($4.38 in chips) 
Seat 3: rodrigoxher ($2.09 in chips) 
Seat 4: KIMSQIT ($0.61 in chips) 
Seat 5: fishiamfish ($1.79 in chips) 
Seat 6: geni580 ($4.57 in chips) 
Seat 7: tyry ($0.25 in chips) 
Seat 8: LoAn25 ($1.68 in chips) 
Seat 9: slzcosta83 ($1.58 in chips) 
fishiamfish: posts small blind $0.01
geni580: posts big blind $0.02
*** HOLE CARDS ***
Dealt to Dorex2007 [6s 7d]
tyry: raises $0.23 to $0.25 and is all-in
LoAn25: folds 
slzcosta83: folds 
HisoMorow: folds 
Dorex2007: folds 
rodrigoxher: folds 
KIMSQIT: raises $0.36 to $0.61 and is all-in
fishiamfish: folds 
geni580: folds 
Uncalled bet ($0.36) returned to KIMSQIT
*** FLOP *** [5s 2s 4d]
*** TURN *** [5s 2s 4d] [6h]
*** RIVER *** [5s 2s 4d 6h] [3d]
*** SHOW DOWN ***
tyry: shows [Qd 9h] (a straight, Deuce to Six)
KIMSQIT: shows [8s As] (a straight, Deuce to Six)
tyry collected $0.26 from pot
KIMSQIT collected $0.25 from pot
*** SUMMARY ***
Total pot $0.53 | Rake $0.02 
Board [5s 2s 4d 6h 3d]
Seat 1: HisoMorow folded before Flop (didn't bet)
Seat 2: Dorex2007 folded before Flop (didn't bet)
Seat 3: rodrigoxher folded before Flop (didn't bet)
Seat 4: KIMSQIT (button) showed [8s As] and won ($0.25) with a straight, Deuce to Six
Seat 5: fishiamfish (small blind) folded before Flop
Seat 6: geni580 (big blind) folded before Flop
Seat 7: tyry showed [Qd 9h] and won ($0.26) with a straight, Deuce to Six
Seat 8: LoAn25 folded before Flop (didn't bet)
Seat 9: slzcosta83 folded before Flop (didn't bet)



PokerStars Hand #224819162382:  Hold'em No Limit ($0.01/$0.02 USD) - 2021/03/14 16:15:12 PT [2021/03/14 19:15:12 ET]
Table 'Vundtia IV' 9-max Seat #6 is the button
Seat 1: HisoMorow ($2.15 in chips) 
Seat 2: Dorex2007 ($4.38 in chips) 
Seat 3: rodrigoxher ($2 in chips) 
Seat 4: KIMSQIT ($2 in chips) 
Seat 5: fishiamfish ($1.78 in chips) 
Seat 6: geni580 ($4.54 in chips) 
Seat 7: tyry ($0.24 in chips) 
Seat 8: LoAn25 ($1.50 in chips) 
Seat 9: slzcosta83 ($3.25 in chips) 
tyry: posts small blind $0.01
LoAn25: posts big blind $0.02
*** HOLE CARDS ***
Dealt to Dorex2007 [2d Qs]
slzcosta83: folds 
HisoMorow: raises $0.04 to $0.06
Dorex2007: folds 
rodrigoxher: folds 
KIMSQIT: folds 
fishiamfish: calls $0.06
geni580: folds 
tyry: calls $0.05
LoAn25: folds 
*** FLOP *** [9h Qc Ah]
tyry: checks 
HisoMorow: bets $0.08
fishiamfish: calls $0.08
tyry: folds 
*** TURN *** [9h Qc Ah] [Js]
HisoMorow: checks 
fishiamfish: checks 
*** RIVER *** [9h Qc Ah Js] [2c]
HisoMorow: checks 
fishiamfish: bets $0.35
HisoMorow: folds 
Uncalled bet ($0.35) returned to fishiamfish
fishiamfish collected $0.35 from pot
fishiamfish: doesn't show hand 
*** SUMMARY ***
Total pot $0.36 | Rake $0.01 
Board [9h Qc Ah Js 2c]
Seat 1: HisoMorow folded on the River
Seat 2: Dorex2007 folded before Flop (didn't bet)
Seat 3: rodrigoxher folded before Flop (didn't bet)
Seat 4: KIMSQIT folded before Flop (didn't bet)
Seat 5: fishiamfish collected ($0.35)
Seat 6: geni580 (button) folded before Flop (didn't bet)
Seat 7: tyry (small blind) folded on the Flop
Seat 8: LoAn25 (big blind) folded before Flop
Seat 9: slzcosta83 folded before Flop (didn't bet)



PokerStars Hand #224819201477:  Hold'em No Limit ($0.01/$0.02 USD) - 2021/03/14 16:16:26 PT [2021/03/14 19:16:26 ET]
Table 'Vundtia IV' 9-max Seat #7 is the button
Seat 1: HisoMorow ($2.01 in chips) 
Seat 2: Dorex2007 ($4.38 in chips) 
Seat 3: rodrigoxher ($2 in chips) 
Seat 4: KIMSQIT ($2 in chips) 
Seat 5: fishiamfish ($1.99 in chips) 
Seat 6: geni580 ($4.54 in chips) 
Seat 7: tyry ($0.18 in chips) 
Seat 8: LoAn25 ($1.48 in chips) 
Seat 9: slzcosta83 ($3.25 in chips) 
LoAn25: posts small blind $0.01
slzcosta83: posts big blind $0.02
*** HOLE CARDS ***
Dealt to Dorex2007 [7d 3h]
HisoMorow: folds 
Dorex2007: folds 
rodrigoxher: folds 
KIMSQIT: calls $0.02
fishiamfish: folds 
geni580: folds 
tyry: raises $0.16 to $0.18 and is all-in
LoAn25: folds 
slzcosta83: folds 
KIMSQIT: calls $0.16
*** FLOP *** [Tc 9d Td]
*** TURN *** [Tc 9d Td] [3c]
*** RIVER *** [Tc 9d Td 3c] [2h]
*** SHOW DOWN ***
KIMSQIT: shows [As Js] (a pair of Tens)
tyry: shows [7s Ad] (a pair of Tens - lower kicker)
KIMSQIT collected $0.38 from pot
*** SUMMARY ***
Total pot $0.39 | Rake $0.01 
Board [Tc 9d Td 3c 2h]
Seat 1: HisoMorow folded before Flop (didn't bet)
Seat 2: Dorex2007 folded before Flop (didn't bet)
Seat 3: rodrigoxher folded before Flop (didn't bet)
Seat 4: KIMSQIT showed [As Js] and won ($0.38) with a pair of Tens
Seat 5: fishiamfish folded before Flop (didn't bet)
Seat 6: geni580 folded before Flop (didn't bet)
Seat 7: tyry (button) showed [7s Ad] and lost with a pair of Tens
Seat 8: LoAn25 (small blind) folded before Flop
Seat 9: slzcosta83 (big blind) folded before Flop



PokerStars Hand #224819221772:  Hold'em No Limit ($0.01/$0.02 USD) - 2021/03/14 16:17:04 PT [2021/03/14 19:17:04 ET]
Table 'Vundtia IV' 9-max Seat #8 is the button
Seat 1: HisoMorow ($2.01 in chips) 
Seat 2: Dorex2007 ($4.38 in chips) 
Seat 3: rodrigoxher ($2 in chips) 
Seat 4: KIMSQIT ($2.20 in chips) 
Seat 5: fishiamfish ($1.99 in chips) 
Seat 6: geni580 ($4.54 in chips) 
Seat 8: LoAn25 ($1.47 in chips) 
Seat 9: slzcosta83 ($3.23 in chips) 
slzcosta83: posts small blind $0.01
HisoMorow: posts big blind $0.02
*** HOLE CARDS ***
Dealt to Dorex2007 [8c 3h]
Dorex2007: folds 
rodrigoxher: folds 
KIMSQIT: calls $0.02
tyry leaves the table
fishiamfish: raises $0.04 to $0.06
geni580: folds 
LoAn25: folds 
slzcosta83: folds 
HisoMorow: folds 
KIMSQIT: calls $0.04
*** FLOP *** [9d 6c 5c]
KIMSQIT: checks 
fishiamfish: bets $0.04
KIMSQIT: folds 
Uncalled bet ($0.04) returned to fishiamfish
fishiamfish collected $0.14 from pot
fishiamfish: doesn't show hand 
*** SUMMARY ***
Total pot $0.15 | Rake $0.01 
Board [9d 6c 5c]
Seat 1: HisoMorow (big blind) folded before Flop
Seat 2: Dorex2007 folded before Flop (didn't bet)
Seat 3: rodrigoxher folded before Flop (didn't bet)
Seat 4: KIMSQIT folded on the Flop
Seat 5: fishiamfish collected ($0.14)
Seat 6: geni580 folded before Flop (didn't bet)
Seat 8: LoAn25 (button) folded before Flop (didn't bet)
Seat 9: slzcosta83 (small blind) folded before Flop



PokerStars Hand #224819241315:  Hold'em No Limit ($0.01/$0.02 USD) - 2021/03/14 16:17:41 PT [2021/03/14 19:17:41 ET]
Table 'Vundtia IV' 9-max Seat #9 is the button
Seat 1: HisoMorow ($1.99 in chips) 
Seat 2: Dorex2007 ($4.38 in chips) 
Seat 3: rodrigoxher ($2 in chips) 
Seat 4: KIMSQIT ($2.14 in chips) 
Seat 5: fishiamfish ($2.07 in chips) 
Seat 6: geni580 ($4.54 in chips) 
Seat 8: LoAn25 ($1.47 in chips) 
Seat 9: slzcosta83 ($3.22 in chips) 
HisoMorow: posts small blind $0.01
Dorex2007: posts big blind $0.02
*** HOLE CARDS ***
Dealt to Dorex2007 [4h 5s]
gre8hand joins the table at seat #7 
rodrigoxher: folds 
KIMSQIT: calls $0.02
fishiamfish: folds 
geni580: raises $0.07 to $0.09
LoAn25: folds 
slzcosta83: folds 
HisoMorow: folds 
Dorex2007: folds 
KIMSQIT: folds 
Uncalled bet ($0.07) returned to geni580
geni580 collected $0.07 from pot
geni580: doesn't show hand 
*** SUMMARY ***
Total pot $0.07 | Rake $0 
Seat 1: HisoMorow (small blind) folded before Flop
Seat 2: Dorex2007 (big blind) folded before Flop
Seat 3: rodrigoxher folded before Flop (didn't bet)
Seat 4: KIMSQIT folded before Flop
Seat 5: fishiamfish folded before Flop (didn't bet)
Seat 6: geni580 collected ($0.07)
Seat 8: LoAn25 folded before Flop (didn't bet)
Seat 9: slzcosta83 (button) folded before Flop (didn't bet)



PokerStars Hand #224819254764:  Hold'em No Limit ($0.01/$0.02 USD) - 2021/03/14 16:18:07 PT [2021/03/14 19:18:07 ET]
Table 'Vundtia IV' 9-max Seat #1 is the button
Seat 1: HisoMorow ($1.98 in chips) 
Seat 2: Dorex2007 ($4.36 in chips) 
Seat 3: rodrigoxher ($2 in chips) 
Seat 4: KIMSQIT ($2.12 in chips) 
Seat 5: fishiamfish ($2.07 in chips) 
Seat 6: geni580 ($4.59 in chips) 
Seat 8: LoAn25 ($1.47 in chips) 
Seat 9: slzcosta83 ($3.22 in chips) 
Dorex2007: posts small blind $0.01
rodrigoxher: posts big blind $0.02
gre8hand: sits out 
*** HOLE CARDS ***
Dealt to Dorex2007 [8h 2s]
KIMSQIT: calls $0.02
fishiamfish: folds 
geni580: folds 
LoAn25: folds 
slzcosta83: folds 
HisoMorow: calls $0.02
Dorex2007: folds 
rodrigoxher: checks 
*** FLOP *** [4s Kh Kd]
rodrigoxher: checks 
KIMSQIT: checks 
HisoMorow: checks 
*** TURN *** [4s Kh Kd] [5h]
rodrigoxher: checks 
KIMSQIT: checks 
HisoMorow: bets $0.04
rodrigoxher: folds 
KIMSQIT: folds 
Uncalled bet ($0.04) returned to HisoMorow
HisoMorow collected $0.07 from pot
*** SUMMARY ***
Total pot $0.07 | Rake $0 
Board [4s Kh Kd 5h]
Seat 1: HisoMorow (button) collected ($0.07)
Seat 2: Dorex2007 (small blind) folded before Flop
Seat 3: rodrigoxher (big blind) folded on the Turn
Seat 4: KIMSQIT folded on the Turn
Seat 5: fishiamfish folded before Flop (didn't bet)
Seat 6: geni580 folded before Flop (didn't bet)
Seat 8: LoAn25 folded before Flop (didn't bet)
Seat 9: slzcosta83 folded before Flop (didn't bet)



PokerStars Hand #224819297290:  Hold'em No Limit ($0.01/$0.02 USD) - 2021/03/14 16:19:28 PT [2021/03/14 19:19:28 ET]
Table 'Vundtia IV' 9-max Seat #2 is the button
Seat 1: HisoMorow ($2.03 in chips) 
Seat 2: Dorex2007 ($4.35 in chips) 
Seat 3: rodrigoxher ($2 in chips) 
Seat 4: KIMSQIT ($2.10 in chips) 
Seat 5: fishiamfish ($2.07 in chips) 
Seat 6: geni580 ($4.59 in chips) 
Seat 7: gre8hand ($2 in chips) 
Seat 8: LoAn25 ($1.47 in chips) 
Seat 9: slzcosta83 ($3.22 in chips) 
rodrigoxher: posts small blind $0.01
KIMSQIT: posts big blind $0.02
gre8hand: posts big blind $0.02
*** HOLE CARDS ***
Dealt to Dorex2007 [9d Kc]
fishiamfish: folds 
geni580: folds 
gre8hand: checks 
LoAn25: folds 
slzcosta83: folds 
HisoMorow: raises $0.04 to $0.06
Dorex2007: folds 
rodrigoxher: folds 
KIMSQIT: calls $0.04
gre8hand: calls $0.04
*** FLOP *** [7h Tc 5s]
KIMSQIT: checks 
gre8hand: checks 
HisoMorow: checks 
*** TURN *** [7h Tc 5s] [Jc]
KIMSQIT: checks 
gre8hand: checks 
HisoMorow: checks 
*** RIVER *** [7h Tc 5s Jc] [6s]
KIMSQIT: checks 
gre8hand: checks 
HisoMorow: checks 
*** SHOW DOWN ***
KIMSQIT: shows [Kd 7d] (a pair of Sevens)
gre8hand: mucks hand 
HisoMorow: mucks hand 
KIMSQIT collected $0.18 from pot
*** SUMMARY ***
Total pot $0.19 | Rake $0.01 
Board [7h Tc 5s Jc 6s]
Seat 1: HisoMorow mucked [Ah 5h]
Seat 2: Dorex2007 (button) folded before Flop (didn't bet)
Seat 3: rodrigoxher (small blind) folded before Flop
Seat 4: KIMSQIT (big blind) showed [Kd 7d] and won ($0.18) with a pair of Sevens
Seat 5: fishiamfish folded before Flop (didn't bet)
Seat 6: geni580 folded before Flop (didn't bet)
Seat 7: gre8hand mucked [Qs 8d]
Seat 8: LoAn25 folded before Flop (didn't bet)
Seat 9: slzcosta83 folded before Flop (didn't bet)



PokerStars Hand #224819346235:  Hold'em No Limit ($0.01/$0.02 USD) - 2021/03/14 16:20:42 PT [2021/03/14 19:20:42 ET]
Table 'Vundtia IV' 9-max Seat #3 is the button
Seat 1: HisoMorow ($1.97 in chips) 
Seat 2: Dorex2007 ($4.35 in chips) 
Seat 3: rodrigoxher ($2 in chips) 
Seat 4: KIMSQIT ($2.22 in chips) 
Seat 5: fishiamfish ($2.07 in chips) 
Seat 6: geni580 ($4.59 in chips) 
Seat 7: gre8hand ($1.94 in chips) 
Seat 8: LoAn25 ($1.47 in chips) 
Seat 9: slzcosta83 ($3.22 in chips) 
KIMSQIT: posts small blind $0.01
fishiamfish: posts big blind $0.02
*** HOLE CARDS ***
Dealt to Dorex2007 [9d 7h]
geni580: folds 
gre8hand: calls $0.02
LoAn25: calls $0.02
slzcosta83: folds 
HisoMorow: folds 
Dorex2007: folds 
rodrigoxher: raises $0.08 to $0.10
KIMSQIT: folds 
fishiamfish: folds 
gre8hand: calls $0.08
LoAn25: calls $0.08
*** FLOP *** [6c Js 5c]
gre8hand: checks 
LoAn25: checks 
rodrigoxher: checks 
*** TURN *** [6c Js 5c] [Ad]
gre8hand: checks 
LoAn25: checks 
rodrigoxher: bets $0.18
gre8hand: folds 
LoAn25: calls $0.18
*** RIVER *** [6c Js 5c Ad] [4c]
LoAn25: checks 
rodrigoxher: bets $0.36
LoAn25: raises $0.83 to $1.19 and is all-in
rodrigoxher: folds 
Uncalled bet ($0.83) returned to LoAn25
LoAn25 collected $1.36 from pot
*** SUMMARY ***
Total pot $1.41 | Rake $0.05 
Board [6c Js 5c Ad 4c]
Seat 1: HisoMorow folded before Flop (didn't bet)
Seat 2: Dorex2007 folded before Flop (didn't bet)
Seat 3: rodrigoxher (button) folded on the River
Seat 4: KIMSQIT (small blind) folded before Flop
Seat 5: fishiamfish (big blind) folded before Flop
Seat 6: geni580 folded before Flop (didn't bet)
Seat 7: gre8hand folded on the Turn
Seat 8: LoAn25 collected ($1.36)
Seat 9: slzcosta83 folded before Flop (didn't bet)



PokerStars Hand #224819392050:  Hold'em No Limit ($0.01/$0.02 USD) - 2021/03/14 16:22:10 PT [2021/03/14 19:22:10 ET]
Table 'Vundtia IV' 9-max Seat #4 is the button
Seat 1: HisoMorow ($1.97 in chips) 
Seat 2: Dorex2007 ($4.35 in chips) 
Seat 3: rodrigoxher ($2 in chips) 
Seat 4: KIMSQIT ($2.21 in chips) 
Seat 5: fishiamfish ($2.05 in chips) 
Seat 6: geni580 ($4.59 in chips) 
Seat 7: gre8hand ($1.84 in chips) 
Seat 8: LoAn25 ($2.19 in chips) 
Seat 9: slzcosta83 ($3.22 in chips) 
fishiamfish: posts small blind $0.01
geni580: posts big blind $0.02
*** HOLE CARDS ***
Dealt to Dorex2007 [7s 2h]
gre8hand: calls $0.02
LoAn25: folds 
slzcosta83: folds 
HisoMorow: folds 
Dorex2007: folds 
rodrigoxher: folds 
KIMSQIT: calls $0.02
fishiamfish: folds 
geni580: checks 
*** FLOP *** [Kh 7c 6c]
geni580: checks 
gre8hand: checks 
KIMSQIT: checks 
*** TURN *** [Kh 7c 6c] [As]
geni580: checks 
gre8hand: checks 
KIMSQIT: checks 
*** RIVER *** [Kh 7c 6c As] [2c]
geni580: checks 
gre8hand: checks 
KIMSQIT: checks 
*** SHOW DOWN ***
geni580: shows [6d 8s] (a pair of Sixes)
gre8hand: mucks hand 
KIMSQIT: mucks hand 
geni580 collected $0.07 from pot
*** SUMMARY ***
Total pot $0.07 | Rake $0 
Board [Kh 7c 6c As 2c]
Seat 1: HisoMorow folded before Flop (didn't bet)
Seat 2: Dorex2007 folded before Flop (didn't bet)
Seat 3: rodrigoxher folded before Flop (didn't bet)
Seat 4: KIMSQIT (button) mucked [8c Ts]
Seat 5: fishiamfish (small blind) folded before Flop
Seat 6: geni580 (big blind) showed [6d 8s] and won ($0.07) with a pair of Sixes
Seat 7: gre8hand mucked [Jd Td]
Seat 8: LoAn25 folded before Flop (didn't bet)
Seat 9: slzcosta83 folded before Flop (didn't bet)



PokerStars Hand #224819431863:  Hold'em No Limit ($0.01/$0.02 USD) - 2021/03/14 16:23:28 PT [2021/03/14 19:23:28 ET]
Table 'Vundtia IV' 9-max Seat #5 is the button
Seat 1: HisoMorow ($1.97 in chips) 
Seat 2: Dorex2007 ($4.35 in chips) 
Seat 3: rodrigoxher ($2 in chips) 
Seat 4: KIMSQIT ($2.19 in chips) 
Seat 5: fishiamfish ($2.04 in chips) 
Seat 6: geni580 ($4.64 in chips) 
Seat 7: gre8hand ($1.82 in chips) 
Seat 8: LoAn25 ($2.19 in chips) 
Seat 9: slzcosta83 ($3.22 in chips) 
geni580: posts small blind $0.01
gre8hand: posts big blind $0.02
*** HOLE CARDS ***
Dealt to Dorex2007 [6d 5s]
LoAn25: folds 
slzcosta83: folds 
HisoMorow: folds 
Dorex2007: folds 
rodrigoxher: folds 
KIMSQIT: calls $0.02
fishiamfish: raises $0.04 to $0.06
geni580: folds 
gre8hand: calls $0.04
KIMSQIT: calls $0.04
*** FLOP *** [8c 3d 9c]
gre8hand: checks 
KIMSQIT: checks 
fishiamfish: bets $0.09
gre8hand: folds 
KIMSQIT: calls $0.09
*** TURN *** [8c 3d 9c] [Qc]
KIMSQIT: checks 
fishiamfish: bets $1.89 and is all-in
KIMSQIT: calls $1.89
*** RIVER *** [8c 3d 9c Qc] [Td]
*** SHOW DOWN ***
KIMSQIT: shows [4c 4s] (a pair of Fours)
fishiamfish: shows [9d Ac] (a pair of Nines)
fishiamfish collected $4 from pot
*** SUMMARY ***
Total pot $4.15 | Rake $0.15 
Board [8c 3d 9c Qc Td]
Seat 1: HisoMorow folded before Flop (didn't bet)
Seat 2: Dorex2007 folded before Flop (didn't bet)
Seat 3: rodrigoxher folded before Flop (didn't bet)
Seat 4: KIMSQIT showed [4c 4s] and lost with a pair of Fours
Seat 5: fishiamfish (button) showed [9d Ac] and won ($4) with a pair of Nines
Seat 6: geni580 (small blind) folded before Flop
Seat 7: gre8hand (big blind) folded on the Flop
Seat 8: LoAn25 folded before Flop (didn't bet)
Seat 9: slzcosta83 folded before Flop (didn't bet)



PokerStars Hand #224819464248:  Hold'em No Limit ($0.01/$0.02 USD) - 2021/03/14 16:24:16 PT [2021/03/14 19:24:16 ET]
Table 'Vundtia IV' 9-max Seat #6 is the button
Seat 1: HisoMorow ($1.97 in chips) 
Seat 2: Dorex2007 ($4.35 in chips) 
Seat 3: rodrigoxher ($2 in chips) 
Seat 4: KIMSQIT ($0.15 in chips) 
Seat 5: fishiamfish ($4 in chips) 
Seat 6: geni580 ($4.63 in chips) 
Seat 7: gre8hand ($1.76 in chips) 
Seat 8: LoAn25 ($2.19 in chips) 
Seat 9: slzcosta83 ($3.22 in chips) 
gre8hand: posts small blind $0.01
LoAn25: posts big blind $0.02
*** HOLE CARDS ***
Dealt to Dorex2007 [Kh 8d]
slzcosta83: folds 
HisoMorow: raises $0.04 to $0.06
Dorex2007: folds 
rodrigoxher: folds 
KIMSQIT: raises $0.09 to $0.15 and is all-in
fishiamfish: folds 
geni580: folds 
gre8hand: folds 
LoAn25: folds 
HisoMorow: calls $0.09
*** FLOP *** [9d 2h 6c]
*** TURN *** [9d 2h 6c] [3h]
*** RIVER *** [9d 2h 6c 3h] [5c]
*** SHOW DOWN ***
HisoMorow: shows [Jd Js] (a pair of Jacks)
KIMSQIT: shows [6h 6s] (three of a kind, Sixes)
KIMSQIT collected $0.32 from pot
*** SUMMARY ***
Total pot $0.33 | Rake $0.01 
Board [9d 2h 6c 3h 5c]
Seat 1: HisoMorow showed [Jd Js] and lost with a pair of Jacks
Seat 2: Dorex2007 folded before Flop (didn't bet)
Seat 3: rodrigoxher folded before Flop (didn't bet)
Seat 4: KIMSQIT showed [6h 6s] and won ($0.32) with three of a kind, Sixes
Seat 5: fishiamfish folded before Flop (didn't bet)
Seat 6: geni580 (button) folded before Flop (didn't bet)
Seat 7: gre8hand (small blind) folded before Flop
Seat 8: LoAn25 (big blind) folded before Flop
Seat 9: slzcosta83 folded before Flop (didn't bet)



PokerStars Hand #224819483190:  Hold'em No Limit ($0.01/$0.02 USD) - 2021/03/14 16:24:53 PT [2021/03/14 19:24:53 ET]
Table 'Vundtia IV' 9-max Seat #7 is the button
Seat 1: HisoMorow ($1.82 in chips) 
Seat 2: Dorex2007 ($4.35 in chips) 
Seat 3: rodrigoxher ($2 in chips) 
Seat 4: KIMSQIT ($0.32 in chips) 
Seat 5: fishiamfish ($4 in chips) 
Seat 6: geni580 ($4.63 in chips) 
Seat 7: gre8hand ($1.75 in chips) 
Seat 8: LoAn25 ($2.17 in chips) 
Seat 9: slzcosta83 ($3.22 in chips) 
LoAn25: posts small blind $0.01
slzcosta83: posts big blind $0.02
*** HOLE CARDS ***
Dealt to Dorex2007 [Ah 7h]
HisoMorow: raises $0.04 to $0.06
Dorex2007: folds 
rodrigoxher: folds 
KIMSQIT: raises $0.26 to $0.32 and is all-in
fishiamfish: folds 
geni580: folds 
gre8hand: calls $0.32
LoAn25: raises $0.64 to $0.96
slzcosta83: folds 
HisoMorow: calls $0.90
gre8hand: calls $0.64
*** FLOP *** [4h 2s 4s]
LoAn25: bets $0.66
HisoMorow: folds 
gre8hand: folds 
Uncalled bet ($0.66) returned to LoAn25
*** TURN *** [4h 2s 4s] [3h]
*** RIVER *** [4h 2s 4s 3h] [5c]
*** SHOW DOWN ***
LoAn25: shows [Js Jd] (two pair, Jacks and Fours)
LoAn25 collected $1.86 from side pot
KIMSQIT: shows [8h Th] (a pair of Fours)
LoAn25 collected $1.25 from main pot
*** SUMMARY ***
Total pot $3.22 Main pot $1.25. Side pot $1.86. | Rake $0.11 
Board [4h 2s 4s 3h 5c]
Seat 1: HisoMorow folded on the Flop
Seat 2: Dorex2007 folded before Flop (didn't bet)
Seat 3: rodrigoxher folded before Flop (didn't bet)
Seat 4: KIMSQIT showed [8h Th] and lost with a pair of Fours
Seat 5: fishiamfish folded before Flop (didn't bet)
Seat 6: geni580 folded before Flop (didn't bet)
Seat 7: gre8hand (button) folded on the Flop
Seat 8: LoAn25 (small blind) showed [Js Jd] and won ($3.11) with two pair, Jacks and Fours
Seat 9: slzcosta83 (big blind) folded before Flop



PokerStars Hand #224819522622:  Hold'em No Limit ($0.01/$0.02 USD) - 2021/03/14 16:26:11 PT [2021/03/14 19:26:11 ET]
Table 'Vundtia IV' 9-max Seat #8 is the button
Seat 1: HisoMorow ($2 in chips) 
Seat 2: Dorex2007 ($4.35 in chips) 
Seat 3: rodrigoxher ($2 in chips) 
Seat 5: fishiamfish ($4 in chips) 
Seat 6: geni580 ($4.63 in chips) 
Seat 7: gre8hand ($0.79 in chips) 
Seat 8: LoAn25 ($4.32 in chips) 
Seat 9: slzcosta83 ($3.20 in chips) 
slzcosta83: posts small blind $0.01
HisoMorow: posts big blind $0.02
*** HOLE CARDS ***
Dealt to Dorex2007 [2h Jh]
Dorex2007: folds 
rodrigoxher: folds 
fishiamfish: raises $0.04 to $0.06
KIMSQIT leaves the table
Vlad0357 joins the table at seat #4 
geni580: folds 
gre8hand: folds 
LoAn25: folds 
slzcosta83: calls $0.05
HisoMorow: folds 
*** FLOP *** [9c 5d Qh]
slzcosta83: checks 
fishiamfish: bets $0.04
slzcosta83: folds 
Uncalled bet ($0.04) returned to fishiamfish
fishiamfish collected $0.14 from pot
fishiamfish: doesn't show hand 
*** SUMMARY ***
Total pot $0.14 | Rake $0 
Board [9c 5d Qh]
Seat 1: HisoMorow (big blind) folded before Flop
Seat 2: Dorex2007 folded before Flop (didn't bet)
Seat 3: rodrigoxher folded before Flop (didn't bet)
Seat 5: fishiamfish collected ($0.14)
Seat 6: geni580 folded before Flop (didn't bet)
Seat 7: gre8hand folded before Flop (didn't bet)
Seat 8: LoAn25 (button) folded before Flop (didn't bet)
Seat 9: slzcosta83 (small blind) folded on the Flop



PokerStars Hand #224819544184:  Hold'em No Limit ($0.01/$0.02 USD) - 2021/03/14 16:26:54 PT [2021/03/14 19:26:54 ET]
Table 'Vundtia IV' 9-max Seat #9 is the button
Seat 1: HisoMorow ($1.98 in chips) 
Seat 2: Dorex2007 ($4.35 in chips) 
Seat 3: rodrigoxher ($2 in chips) 
Seat 5: fishiamfish ($4.08 in chips) 
Seat 6: geni580 ($4.63 in chips) 
Seat 7: gre8hand ($0.79 in chips) 
Seat 8: LoAn25 ($4.32 in chips) 
Seat 9: slzcosta83 ($3.14 in chips) 
HisoMorow: posts small blind $0.01
Dorex2007: posts big blind $0.02
Vlad0357: sits out 
*** HOLE CARDS ***
Dealt to Dorex2007 [Ad 9s]
rodrigoxher: raises $0.04 to $0.06
fishiamfish: folds 
fishiamfish leaves the table
geni580: folds 
gre8hand: folds 
LoAn25: folds 
slzcosta83: calls $0.06
HisoMorow: calls $0.05
Dorex2007: folds 
*** FLOP *** [5c Qs 8h]
HisoMorow: bets $0.12
rodrigoxher: calls $0.12
slzcosta83: folds 
*** TURN *** [5c Qs 8h] [6d]
HisoMorow: bets $0.28
rodrigoxher: calls $0.28
*** RIVER *** [5c Qs 8h 6d] [8d]
HisoMorow: checks 
rodrigoxher: checks 
*** SHOW DOWN ***
HisoMorow: shows [Qh As] (two pair, Queens and Eights)
rodrigoxher: shows [Kc Kd] (two pair, Kings and Eights)
rodrigoxher collected $0.96 from pot
*** SUMMARY ***
Total pot $1 | Rake $0.04 
Board [5c Qs 8h 6d 8d]
Seat 1: HisoMorow (small blind) showed [Qh As] and lost with two pair, Queens and Eights
Seat 2: Dorex2007 (big blind) folded before Flop
Seat 3: rodrigoxher showed [Kc Kd] and won ($0.96) with two pair, Kings and Eights
Seat 5: fishiamfish folded before Flop (didn't bet)
Seat 6: geni580 folded before Flop (didn't bet)
Seat 7: gre8hand folded before Flop (didn't bet)
Seat 8: LoAn25 folded before Flop (didn't bet)
Seat 9: slzcosta83 (button) folded on the Flop



PokerStars Hand #224819579343:  Hold'em No Limit ($0.01/$0.02 USD) - 2021/03/14 16:28:04 PT [2021/03/14 19:28:04 ET]
Table 'Vundtia IV' 9-max Seat #1 is the button
Seat 1: HisoMorow ($1.52 in chips) 
Seat 2: Dorex2007 ($4.33 in chips) 
Seat 4: Vlad0357 ($0.80 in chips) 
Seat 6: geni580 ($4.63 in chips) 
Seat 7: gre8hand ($0.79 in chips) 
Seat 8: LoAn25 ($4.32 in chips) 
Seat 9: slzcosta83 ($3.08 in chips) 
Dorex2007: posts small blind $0.01
rodrigoxher: is sitting out 
Vlad0357: posts big blind $0.02
*** HOLE CARDS ***
Dealt to Dorex2007 [3h 7d]
geni580: raises $0.08 to $0.10
gre8hand: calls $0.10
rodrigoxher leaves the table
LoAn25: folds 
slzcosta83: folds 
HisoMorow: calls $0.10
Dorex2007: folds 
windstaressf joins the table at seat #5 
Vlad0357: folds 
*** FLOP *** [9s Kd 8h]
geni580: checks 
windstaressf leaves the table
gre8hand: bets $0.32
HisoMorow: folds 
geni580: folds 
Uncalled bet ($0.32) returned to gre8hand
gre8hand collected $0.32 from pot
*** SUMMARY ***
Total pot $0.33 | Rake $0.01 
Board [9s Kd 8h]
Seat 1: HisoMorow (button) folded on the Flop
Seat 2: Dorex2007 (small blind) folded before Flop
Seat 4: Vlad0357 (big blind) folded before Flop
Seat 6: geni580 folded on the Flop
Seat 7: gre8hand collected ($0.32)
Seat 8: LoAn25 folded before Flop (didn't bet)
Seat 9: slzcosta83 folded before Flop (didn't bet)



PokerStars Hand #224819604781:  Hold'em No Limit ($0.01/$0.02 USD) - 2021/03/14 16:28:55 PT [2021/03/14 19:28:55 ET]
Table 'Vundtia IV' 9-max Seat #2 is the button
Seat 1: HisoMorow ($2 in chips) 
Seat 2: Dorex2007 ($4.32 in chips) 
Seat 4: Vlad0357 ($0.80 in chips) 
Seat 6: geni580 ($4.53 in chips) 
Seat 7: gre8hand ($1.01 in chips) 
Seat 8: LoAn25 ($4.32 in chips) 
Seat 9: slzcosta83 ($3.08 in chips) 
Vlad0357: posts small blind $0.01
geni580: posts big blind $0.02
*** HOLE CARDS ***
Dealt to Dorex2007 [Kh Tc]
gre8hand: raises $0.04 to $0.06
LoAn25: folds 
slzcosta83: calls $0.06
HisoMorow: folds 
Dorex2007: calls $0.06
Vlad0357: folds 
geni580: raises $0.25 to $0.31
gre8hand: calls $0.25
BULBAH_777 joins the table at seat #5 
slzcosta83: folds 
Dorex2007: folds 
*** FLOP *** [3c 3s 8s]
geni580: bets $4.22 and is all-in
gre8hand: calls $0.70 and is all-in
Uncalled bet ($3.52) returned to geni580
VanesX joins the table at seat #3 
*** TURN *** [3c 3s 8s] [2h]
*** RIVER *** [3c 3s 8s 2h] [7c]
*** SHOW DOWN ***
geni580: shows [Jc Ah] (a pair of Threes)
gre8hand: shows [As Qc] (a pair of Threes - Ace+Queen kicker)
gre8hand cashed out the hand for $1.63 | Cash Out Fee $0.02
*** SUMMARY ***
Total pot $2.15 | Rake $0.08 
Board [3c 3s 8s 2h 7c]
Seat 1: HisoMorow folded before Flop (didn't bet)
Seat 2: Dorex2007 (button) folded before Flop
Seat 4: Vlad0357 (small blind) folded before Flop
Seat 6: geni580 (big blind) showed [Jc Ah] and lost with a pair of Threes
Seat 7: gre8hand showed [As Qc] and won ($2.07) with a pair of Threes (pot not awarded as player cashed out)
Seat 8: LoAn25 folded before Flop (didn't bet)
Seat 9: slzcosta83 folded before Flop



