PokerStars Hand #228101200743:  Hold'em No Limit ($0.01/$0.02 USD) - 2021/07/06 11:53:14 PT [2021/07/06 14:53:14 ET]
Table 'Kajam V' 9-max Seat #4 is the button
Seat 1: Kausar366 ($1.85 in chips) 
Seat 3: Dorex2007 ($2 in chips) 
Seat 4: A-S-V-R-11 ($0.45 in chips) 
Seat 6: Almanza63 ($1.15 in chips) 
Seat 7: Helwii ($2.25 in chips) 
Seat 8: OlegNorg ($1.57 in chips) 
Seat 9: gadgie74 ($0.82 in chips) 
Almanza63: posts small blind $0.01
Helwii: posts big blind $0.02
Dorex2007: posts big blind $0.02
*** HOLE CARDS ***
Dealt to Dorex2007 [2s 5c]
OlegNorg: calls $0.02
gadgie74: calls $0.02
Kausar366: folds 
Dorex2007: checks 
A-S-V-R-11: raises $0.08 to $0.10
Almanza63: folds 
Helwii: folds 
OlegNorg: calls $0.08
gadgie74: calls $0.08
Dorex2007: folds 
*** FLOP *** [6h 3c As]
OlegNorg: checks 
gadgie74: bets $0.72 and is all-in
A-S-V-R-11: calls $0.35 and is all-in
OlegNorg: folds 
Uncalled bet ($0.37) returned to gadgie74
*** TURN *** [6h 3c As] [Ts]
*** RIVER *** [6h 3c As Ts] [Jh]
*** SHOW DOWN ***
gadgie74: shows [6d Td] (two pair, Tens and Sixes)
A-S-V-R-11: shows [Ac Qh] (a pair of Aces)
gadgie74 collected $1.01 from pot
*** SUMMARY ***
Total pot $1.05 | Rake $0.04 
Board [6h 3c As Ts Jh]
Seat 1: Kausar366 folded before Flop (didn't bet)
Seat 3: Dorex2007 folded before Flop (didn't bet)
Seat 4: A-S-V-R-11 (button) showed [Ac Qh] and lost with a pair of Aces
Seat 6: Almanza63 (small blind) folded before Flop
Seat 7: Helwii (big blind) folded before Flop
Seat 8: OlegNorg folded on the Flop
Seat 9: gadgie74 showed [6d Td] and won ($1.01) with two pair, Tens and Sixes



PokerStars Hand #228101225024:  Hold'em No Limit ($0.01/$0.02 USD) - 2021/07/06 11:54:17 PT [2021/07/06 14:54:17 ET]
Table 'Kajam V' 9-max Seat #6 is the button
Seat 1: Kausar366 ($1.85 in chips) 
Seat 3: Dorex2007 ($1.98 in chips) 
Seat 5: tylerdurden21x ($2 in chips) 
Seat 6: Almanza63 ($1.14 in chips) 
Seat 7: Helwii ($2.23 in chips) 
Seat 8: OlegNorg ($1.47 in chips) 
Seat 9: gadgie74 ($1.38 in chips) 
Helwii: posts small blind $0.01
OlegNorg: posts big blind $0.02
tylerdurden21x: posts small & big blinds $0.03
*** HOLE CARDS ***
Dealt to Dorex2007 [6d Ks]
gadgie74: folds 
Kausar366: folds 
Dorex2007: folds 
tylerdurden21x: checks 
Almanza63: raises $0.02 to $0.04
Helwii: folds 
OlegNorg: calls $0.02
tylerdurden21x: calls $0.02
*** FLOP *** [Ad 7h Kd]
OlegNorg: checks 
tylerdurden21x: checks 
Almanza63: bets $0.07
OlegNorg: folds 
tylerdurden21x: calls $0.07
*** TURN *** [Ad 7h Kd] [2c]
tylerdurden21x: checks 
Almanza63: bets $0.14
tylerdurden21x: calls $0.14
*** RIVER *** [Ad 7h Kd 2c] [Jh]
tylerdurden21x: checks 
Almanza63: checks 
*** SHOW DOWN ***
tylerdurden21x: shows [8c Ac] (a pair of Aces)
Almanza63: mucks hand 
tylerdurden21x collected $0.54 from pot
*** SUMMARY ***
Total pot $0.56 | Rake $0.02 
Board [Ad 7h Kd 2c Jh]
Seat 1: Kausar366 folded before Flop (didn't bet)
Seat 3: Dorex2007 folded before Flop (didn't bet)
Seat 5: tylerdurden21x showed [8c Ac] and won ($0.54) with a pair of Aces
Seat 6: Almanza63 (button) mucked [3d As]
Seat 7: Helwii (small blind) folded before Flop
Seat 8: OlegNorg (big blind) folded on the Flop
Seat 9: gadgie74 folded before Flop (didn't bet)



PokerStars Hand #228101250744:  Hold'em No Limit ($0.01/$0.02 USD) - 2021/07/06 11:55:29 PT [2021/07/06 14:55:29 ET]
Table 'Kajam V' 9-max Seat #7 is the button
Seat 1: Kausar366 ($1.85 in chips) 
Seat 3: Dorex2007 ($1.98 in chips) 
Seat 4: A-S-V-R-11 ($0.80 in chips) 
Seat 5: tylerdurden21x ($2.28 in chips) 
Seat 6: Almanza63 ($0.89 in chips) 
Seat 7: Helwii ($2.22 in chips) 
Seat 8: OlegNorg ($1.43 in chips) 
Seat 9: gadgie74 ($1.38 in chips) 
OlegNorg: posts small blind $0.01
gadgie74: posts big blind $0.02
*** HOLE CARDS ***
Dealt to Dorex2007 [7s Jh]
Kausar366: folds 
Dorex2007: folds 
A-S-V-R-11: calls $0.02
tylerdurden21x: folds 
Almanza63: folds 
Helwii: folds 
OlegNorg: calls $0.01
gadgie74: checks 
*** FLOP *** [Qs Qh 2c]
OlegNorg: checks 
gadgie74: checks 
A-S-V-R-11: bets $0.10
OlegNorg: folds 
gadgie74: calls $0.10
*** TURN *** [Qs Qh 2c] [3s]
gadgie74: checks 
A-S-V-R-11: checks 
*** RIVER *** [Qs Qh 2c 3s] [Tc]
gadgie74: bets $0.25
A-S-V-R-11: folds 
Uncalled bet ($0.25) returned to gadgie74
gadgie74 collected $0.25 from pot
gadgie74: doesn't show hand 
*** SUMMARY ***
Total pot $0.26 | Rake $0.01 
Board [Qs Qh 2c 3s Tc]
Seat 1: Kausar366 folded before Flop (didn't bet)
Seat 3: Dorex2007 folded before Flop (didn't bet)
Seat 4: A-S-V-R-11 folded on the River
Seat 5: tylerdurden21x folded before Flop (didn't bet)
Seat 6: Almanza63 folded before Flop (didn't bet)
Seat 7: Helwii (button) folded before Flop (didn't bet)
Seat 8: OlegNorg (small blind) folded on the Flop
Seat 9: gadgie74 (big blind) collected ($0.25)



PokerStars Hand #228101268036:  Hold'em No Limit ($0.01/$0.02 USD) - 2021/07/06 11:56:29 PT [2021/07/06 14:56:29 ET]
Table 'Kajam V' 9-max Seat #8 is the button
Seat 1: Kausar366 ($1.85 in chips) 
Seat 2: kozhax15 ($0.33 in chips) 
Seat 3: Dorex2007 ($1.98 in chips) 
Seat 4: A-S-V-R-11 ($0.68 in chips) 
Seat 5: tylerdurden21x ($2.28 in chips) 
Seat 6: Almanza63 ($0.89 in chips) 
Seat 7: Helwii ($2.22 in chips) 
Seat 8: OlegNorg ($1.41 in chips) 
Seat 9: gadgie74 ($1.51 in chips) 
gadgie74: posts small blind $0.01
Kausar366: posts big blind $0.02
kozhax15: posts small & big blinds $0.03
*** HOLE CARDS ***
Dealt to Dorex2007 [4d 2h]
kozhax15: checks 
Dorex2007: folds 
A-S-V-R-11: calls $0.02
tylerdurden21x: folds 
Almanza63: raises $0.02 to $0.04
Helwii: calls $0.04
OlegNorg: calls $0.04
gadgie74: folds 
Kausar366: folds 
kozhax15: folds 
A-S-V-R-11: calls $0.02
*** FLOP *** [Qd As 5s]
A-S-V-R-11: checks 
Almanza63: checks 
Helwii: bets $0.08
OlegNorg: folds 
A-S-V-R-11: folds 
Almanza63: folds 
Uncalled bet ($0.08) returned to Helwii
Helwii collected $0.21 from pot
Helwii: doesn't show hand 
*** SUMMARY ***
Total pot $0.22 | Rake $0.01 
Board [Qd As 5s]
Seat 1: Kausar366 (big blind) folded before Flop
Seat 2: kozhax15 folded before Flop (didn't bet)
Seat 3: Dorex2007 folded before Flop (didn't bet)
Seat 4: A-S-V-R-11 folded on the Flop
Seat 5: tylerdurden21x folded before Flop (didn't bet)
Seat 6: Almanza63 folded on the Flop
Seat 7: Helwii collected ($0.21)
Seat 8: OlegNorg (button) folded on the Flop
Seat 9: gadgie74 (small blind) folded before Flop



PokerStars Hand #228101292284:  Hold'em No Limit ($0.01/$0.02 USD) - 2021/07/06 11:57:53 PT [2021/07/06 14:57:53 ET]
Table 'Kajam V' 9-max Seat #9 is the button
Seat 1: Kausar366 ($1.83 in chips) 
Seat 2: kozhax15 ($0.30 in chips) 
Seat 3: Dorex2007 ($1.98 in chips) 
Seat 4: A-S-V-R-11 ($0.64 in chips) 
Seat 5: tylerdurden21x ($2.28 in chips) 
Seat 6: Almanza63 ($0.85 in chips) 
Seat 7: Helwii ($2.39 in chips) 
Seat 8: OlegNorg ($1.37 in chips) 
Seat 9: gadgie74 ($1.50 in chips) 
Kausar366: posts small blind $0.01
kozhax15: posts big blind $0.02
*** HOLE CARDS ***
Dealt to Dorex2007 [4c Kd]
Dorex2007: folds 
A-S-V-R-11 has timed out
A-S-V-R-11: folds 
tylerdurden21x: folds 
Almanza63: folds 
Helwii: folds 
OlegNorg: folds 
gadgie74: raises $0.02 to $0.04
Kausar366: folds 
kozhax15: calls $0.02
*** FLOP *** [8d 3s 7c]
kozhax15: bets $0.26 and is all-in
gadgie74: calls $0.26
*** TURN *** [8d 3s 7c] [5s]
*** RIVER *** [8d 3s 7c 5s] [2h]
*** SHOW DOWN ***
kozhax15: shows [7h Th] (a pair of Sevens)
gadgie74: shows [Jh Jc] (a pair of Jacks)
gadgie74 collected $0.59 from pot
*** SUMMARY ***
Total pot $0.61 | Rake $0.02 
Board [8d 3s 7c 5s 2h]
Seat 1: Kausar366 (small blind) folded before Flop
Seat 2: kozhax15 (big blind) showed [7h Th] and lost with a pair of Sevens
Seat 3: Dorex2007 folded before Flop (didn't bet)
Seat 4: A-S-V-R-11 folded before Flop (didn't bet)
Seat 5: tylerdurden21x folded before Flop (didn't bet)
Seat 6: Almanza63 folded before Flop (didn't bet)
Seat 7: Helwii folded before Flop (didn't bet)
Seat 8: OlegNorg folded before Flop (didn't bet)
Seat 9: gadgie74 (button) showed [Jh Jc] and won ($0.59) with a pair of Jacks



PokerStars Hand #228101306051:  Hold'em No Limit ($0.01/$0.02 USD) - 2021/07/06 11:58:41 PT [2021/07/06 14:58:41 ET]
Table 'Kajam V' 9-max Seat #1 is the button
Seat 1: Kausar366 ($1.82 in chips) 
Seat 3: Dorex2007 ($1.98 in chips) 
Seat 4: A-S-V-R-11 ($0.64 in chips) 
Seat 5: tylerdurden21x ($2.28 in chips) 
Seat 6: Almanza63 ($0.85 in chips) 
Seat 7: Helwii ($2.39 in chips) 
Seat 8: OlegNorg ($1.37 in chips) 
Seat 9: gadgie74 ($1.79 in chips) 
Dorex2007: posts small blind $0.01
A-S-V-R-11: posts big blind $0.02
*** HOLE CARDS ***
Dealt to Dorex2007 [Ad 2s]
tylerdurden21x: raises $0.02 to $0.04
Almanza63: raises $0.04 to $0.08
Helwii: folds 
Helwii leaves the table
OlegNorg: folds 
gadgie74: calls $0.08
Kausar366: folds 
Dorex2007: folds 
A-S-V-R-11: folds 
tylerdurden21x: calls $0.04
*** FLOP *** [8d 8h 5c]
tylerdurden21x: checks 
Almanza63: checks 
gadgie74: checks 
*** TURN *** [8d 8h 5c] [Ts]
tylerdurden21x: bets $0.09
Almanza63: calls $0.09
gadgie74: calls $0.09
*** RIVER *** [8d 8h 5c Ts] [Qc]
tylerdurden21x: checks 
Almanza63: checks 
gadgie74: checks 
*** SHOW DOWN ***
tylerdurden21x: shows [4h 4d] (two pair, Eights and Fours)
Almanza63: mucks hand 
gadgie74: shows [Td As] (two pair, Tens and Eights)
gadgie74 collected $0.52 from pot
*** SUMMARY ***
Total pot $0.54 | Rake $0.02 
Board [8d 8h 5c Ts Qc]
Seat 1: Kausar366 (button) folded before Flop (didn't bet)
Seat 3: Dorex2007 (small blind) folded before Flop
Seat 4: A-S-V-R-11 (big blind) folded before Flop
Seat 5: tylerdurden21x showed [4h 4d] and lost with two pair, Eights and Fours
Seat 6: Almanza63 mucked [Jh Ac]
Seat 7: Helwii folded before Flop (didn't bet)
Seat 8: OlegNorg folded before Flop (didn't bet)
Seat 9: gadgie74 showed [Td As] and won ($0.52) with two pair, Tens and Eights



PokerStars Hand #228101322203:  Hold'em No Limit ($0.01/$0.02 USD) - 2021/07/06 11:59:38 PT [2021/07/06 14:59:38 ET]
Table 'Kajam V' 9-max Seat #3 is the button
Seat 1: Kausar366 ($1.82 in chips) 
Seat 3: Dorex2007 ($1.97 in chips) 
Seat 4: A-S-V-R-11 ($0.62 in chips) 
Seat 5: tylerdurden21x ($2.11 in chips) 
Seat 6: Almanza63 ($0.68 in chips) 
Seat 8: OlegNorg ($1.37 in chips) 
Seat 9: gadgie74 ($2.14 in chips) 
A-S-V-R-11: posts small blind $0.01
tylerdurden21x: posts big blind $0.02
*** HOLE CARDS ***
Dealt to Dorex2007 [Ah 6s]
Almanza63: folds 
OlegNorg: folds 
gadgie74: folds 
Kausar366: folds 
Dorex2007: folds 
A-S-V-R-11: calls $0.01
tylerdurden21x: checks 
*** FLOP *** [9d 4h Jh]
A-S-V-R-11: checks 
tylerdurden21x: checks 
*** TURN *** [9d 4h Jh] [Kh]
A-S-V-R-11: checks 
tylerdurden21x: checks 
*** RIVER *** [9d 4h Jh Kh] [Kc]
A-S-V-R-11: bets $0.02
tylerdurden21x: folds 
Uncalled bet ($0.02) returned to A-S-V-R-11
A-S-V-R-11 collected $0.04 from pot
A-S-V-R-11: doesn't show hand 
*** SUMMARY ***
Total pot $0.04 | Rake $0 
Board [9d 4h Jh Kh Kc]
Seat 1: Kausar366 folded before Flop (didn't bet)
Seat 3: Dorex2007 (button) folded before Flop (didn't bet)
Seat 4: A-S-V-R-11 (small blind) collected ($0.04)
Seat 5: tylerdurden21x (big blind) folded on the River
Seat 6: Almanza63 folded before Flop (didn't bet)
Seat 8: OlegNorg folded before Flop (didn't bet)
Seat 9: gadgie74 folded before Flop (didn't bet)



PokerStars Hand #228101334436:  Hold'em No Limit ($0.01/$0.02 USD) - 2021/07/06 12:00:21 PT [2021/07/06 15:00:21 ET]
Table 'Kajam V' 9-max Seat #4 is the button
Seat 1: Kausar366 ($1.82 in chips) 
Seat 3: Dorex2007 ($1.97 in chips) 
Seat 4: A-S-V-R-11 ($0.64 in chips) 
Seat 5: tylerdurden21x ($2.09 in chips) 
Seat 6: Almanza63 ($0.68 in chips) 
Seat 8: OlegNorg ($1.37 in chips) 
Seat 9: gadgie74 ($2.14 in chips) 
tylerdurden21x: posts small blind $0.01
Almanza63: posts big blind $0.02
*** HOLE CARDS ***
Dealt to Dorex2007 [Qc 8s]
OlegNorg: folds 
gadgie74: folds 
gadgie74 is disconnected 
Kausar366: folds 
Dorex2007: folds 
A-S-V-R-11: calls $0.02
tylerdurden21x: calls $0.01
Almanza63: checks 
*** FLOP *** [7d Js Ah]
tylerdurden21x: checks 
Almanza63: checks 
A-S-V-R-11: bets $0.02
tylerdurden21x: folds 
Almanza63: folds 
Uncalled bet ($0.02) returned to A-S-V-R-11
A-S-V-R-11 collected $0.06 from pot
A-S-V-R-11: doesn't show hand 
*** SUMMARY ***
Total pot $0.06 | Rake $0 
Board [7d Js Ah]
Seat 1: Kausar366 folded before Flop (didn't bet)
Seat 3: Dorex2007 folded before Flop (didn't bet)
Seat 4: A-S-V-R-11 (button) collected ($0.06)
Seat 5: tylerdurden21x (small blind) folded on the Flop
Seat 6: Almanza63 (big blind) folded on the Flop
Seat 8: OlegNorg folded before Flop (didn't bet)
Seat 9: gadgie74 folded before Flop (didn't bet)



PokerStars Hand #228101345627:  Hold'em No Limit ($0.01/$0.02 USD) - 2021/07/06 12:00:58 PT [2021/07/06 15:00:58 ET]
Table 'Kajam V' 9-max Seat #5 is the button
Seat 1: Kausar366 ($1.82 in chips) 
Seat 2: kozhax15 ($2 in chips) 
Seat 3: Dorex2007 ($1.97 in chips) 
Seat 4: A-S-V-R-11 ($0.68 in chips) 
Seat 5: tylerdurden21x ($2.07 in chips) 
Seat 6: Almanza63 ($0.66 in chips) 
Seat 8: OlegNorg ($1.37 in chips) 
Seat 9: gadgie74 ($2.14 in chips) 
Almanza63: posts small blind $0.01
OlegNorg: posts big blind $0.02
kozhax15: posts small blind $0.01
*** HOLE CARDS ***
Dealt to Dorex2007 [2s 7d]
kobralyuda joins the table at seat #7 
gadgie74: calls $0.02
Kausar366: calls $0.02
kozhax15: raises $0.10 to $0.12
Dorex2007: folds 
A-S-V-R-11: folds 
tylerdurden21x: folds 
Almanza63: folds 
OlegNorg: folds 
gadgie74: folds 
Kausar366: folds 
Uncalled bet ($0.10) returned to kozhax15
kozhax15 collected $0.10 from pot
kozhax15: doesn't show hand 
*** SUMMARY ***
Total pot $0.10 | Rake $0 
Seat 1: Kausar366 folded before Flop
Seat 2: kozhax15 collected ($0.10)
Seat 3: Dorex2007 folded before Flop (didn't bet)
Seat 4: A-S-V-R-11 folded before Flop (didn't bet)
Seat 5: tylerdurden21x (button) folded before Flop (didn't bet)
Seat 6: Almanza63 (small blind) folded before Flop
Seat 8: OlegNorg (big blind) folded before Flop
Seat 9: gadgie74 folded before Flop



PokerStars Hand #228101357038:  Hold'em No Limit ($0.01/$0.02 USD) - 2021/07/06 12:01:33 PT [2021/07/06 15:01:33 ET]
Table 'Kajam V' 9-max Seat #6 is the button
Seat 1: Kausar366 ($1.80 in chips) 
Seat 2: kozhax15 ($2.07 in chips) 
Seat 3: Dorex2007 ($1.97 in chips) 
Seat 4: A-S-V-R-11 ($0.68 in chips) 
Seat 5: tylerdurden21x ($2.07 in chips) 
Seat 6: Almanza63 ($0.65 in chips) 
Seat 8: OlegNorg ($1.35 in chips) 
Seat 9: gadgie74 ($2.12 in chips) 
OlegNorg: posts small blind $0.01
gadgie74: posts big blind $0.02
*** HOLE CARDS ***
Dealt to Dorex2007 [Qh 5h]
Kausar366: folds 
kozhax15: folds 
Dorex2007: folds 
A-S-V-R-11: calls $0.02
tylerdurden21x: calls $0.02
Almanza63: raises $0.02 to $0.04
OlegNorg: calls $0.03
gadgie74: calls $0.02
A-S-V-R-11: calls $0.02
tylerdurden21x: calls $0.02
*** FLOP *** [9h Ad 3s]
OlegNorg: checks 
gadgie74: checks 
A-S-V-R-11: checks 
tylerdurden21x: checks 
Almanza63: checks 
*** TURN *** [9h Ad 3s] [Qd]
OlegNorg: checks 
gadgie74: checks 
A-S-V-R-11: checks 
tylerdurden21x: checks 
Almanza63: checks 
*** RIVER *** [9h Ad 3s Qd] [5s]
OlegNorg: checks 
gadgie74: checks 
A-S-V-R-11: checks 
tylerdurden21x: checks 
Almanza63: checks 
*** SHOW DOWN ***
OlegNorg: shows [7c 8c] (high card Ace)
gadgie74: shows [9c Jd] (a pair of Nines)
A-S-V-R-11: mucks hand 
tylerdurden21x: mucks hand 
Almanza63: mucks hand 
gadgie74 collected $0.19 from pot
*** SUMMARY ***
Total pot $0.20 | Rake $0.01 
Board [9h Ad 3s Qd 5s]
Seat 1: Kausar366 folded before Flop (didn't bet)
Seat 2: kozhax15 folded before Flop (didn't bet)
Seat 3: Dorex2007 folded before Flop (didn't bet)
Seat 4: A-S-V-R-11 mucked [Jh 7s]
Seat 5: tylerdurden21x mucked [Kh Js]
Seat 6: Almanza63 (button) mucked [8s Ts]
Seat 8: OlegNorg (small blind) showed [7c 8c] and lost with high card Ace
Seat 9: gadgie74 (big blind) showed [9c Jd] and won ($0.19) with a pair of Nines



PokerStars Hand #228101383237:  Hold'em No Limit ($0.01/$0.02 USD) - 2021/07/06 12:02:47 PT [2021/07/06 15:02:47 ET]
Table 'Kajam V' 9-max Seat #8 is the button
Seat 1: Kausar366 ($1.80 in chips) 
Seat 2: kozhax15 ($2.07 in chips) 
Seat 3: Dorex2007 ($1.97 in chips) 
Seat 4: A-S-V-R-11 ($0.64 in chips) 
Seat 5: tylerdurden21x ($2.03 in chips) 
Seat 6: Almanza63 ($0.61 in chips) 
Seat 7: kobralyuda ($0.80 in chips) 
Seat 8: OlegNorg ($1.31 in chips) 
Seat 9: gadgie74 ($2.27 in chips) 
gadgie74: posts small blind $0.01
Kausar366: posts big blind $0.02
kobralyuda: posts big blind $0.02
*** HOLE CARDS ***
Dealt to Dorex2007 [Kd 5h]
kozhax15: folds 
Dorex2007: folds 
A-S-V-R-11: calls $0.02
tylerdurden21x: calls $0.02
Almanza63: folds 
kobralyuda: checks 
OlegNorg: calls $0.02
gadgie74: calls $0.01
Kausar366: checks 
*** FLOP *** [9d 6h Ks]
gadgie74: checks 
Kausar366: checks 
A-S-V-R-11: checks 
tylerdurden21x: checks 
kobralyuda: checks 
OlegNorg: checks 
*** TURN *** [9d 6h Ks] [4s]
gadgie74: checks 
Kausar366: bets $0.12
A-S-V-R-11: folds 
tylerdurden21x: folds 
kobralyuda: folds 
OlegNorg: folds 
gadgie74: folds 
Uncalled bet ($0.12) returned to Kausar366
Kausar366 collected $0.12 from pot
Kausar366: doesn't show hand 
*** SUMMARY ***
Total pot $0.12 | Rake $0 
Board [9d 6h Ks 4s]
Seat 1: Kausar366 (big blind) collected ($0.12)
Seat 2: kozhax15 folded before Flop (didn't bet)
Seat 3: Dorex2007 folded before Flop (didn't bet)
Seat 4: A-S-V-R-11 folded on the Turn
Seat 5: tylerdurden21x folded on the Turn
Seat 6: Almanza63 folded before Flop (didn't bet)
Seat 7: kobralyuda folded on the Turn (didn't bet)
Seat 8: OlegNorg (button) folded on the Turn
Seat 9: gadgie74 (small blind) folded on the Turn



PokerStars Hand #228101406002:  Hold'em No Limit ($0.01/$0.02 USD) - 2021/07/06 12:03:50 PT [2021/07/06 15:03:50 ET]
Table 'Kajam V' 9-max Seat #9 is the button
Seat 1: Kausar366 ($1.90 in chips) 
Seat 2: kozhax15 ($2.07 in chips) 
Seat 3: Dorex2007 ($1.97 in chips) 
Seat 4: A-S-V-R-11 ($0.62 in chips) 
Seat 5: tylerdurden21x ($2.01 in chips) 
Seat 6: Almanza63 ($0.61 in chips) 
Seat 7: kobralyuda ($0.78 in chips) 
Seat 8: OlegNorg ($1.29 in chips) 
Seat 9: gadgie74 ($2.25 in chips) 
Kausar366: posts small blind $0.01
kozhax15: posts big blind $0.02
*** HOLE CARDS ***
Dealt to Dorex2007 [Kh 2c]
Dorex2007: folds 
A-S-V-R-11: calls $0.02
tylerdurden21x: folds 
Almanza63: folds 
kobralyuda: folds 
OlegNorg: raises $0.04 to $0.06
gadgie74: folds 
Kausar366: folds 
kozhax15: folds 
A-S-V-R-11: folds 
Uncalled bet ($0.04) returned to OlegNorg
OlegNorg collected $0.07 from pot
OlegNorg: doesn't show hand 
*** SUMMARY ***
Total pot $0.07 | Rake $0 
Seat 1: Kausar366 (small blind) folded before Flop
Seat 2: kozhax15 (big blind) folded before Flop
Seat 3: Dorex2007 folded before Flop (didn't bet)
Seat 4: A-S-V-R-11 folded before Flop
Seat 5: tylerdurden21x folded before Flop (didn't bet)
Seat 6: Almanza63 folded before Flop (didn't bet)
Seat 7: kobralyuda folded before Flop (didn't bet)
Seat 8: OlegNorg collected ($0.07)
Seat 9: gadgie74 (button) folded before Flop (didn't bet)



PokerStars Hand #228101419350:  Hold'em No Limit ($0.01/$0.02 USD) - 2021/07/06 12:04:28 PT [2021/07/06 15:04:28 ET]
Table 'Kajam V' 9-max Seat #1 is the button
Seat 1: Kausar366 ($1.89 in chips) 
Seat 2: kozhax15 ($2.05 in chips) 
Seat 3: Dorex2007 ($1.97 in chips) 
Seat 4: A-S-V-R-11 ($0.60 in chips) 
Seat 5: tylerdurden21x ($2.01 in chips) 
Seat 6: Almanza63 ($0.61 in chips) 
Seat 7: kobralyuda ($0.78 in chips) 
Seat 8: OlegNorg ($1.34 in chips) 
Seat 9: gadgie74 ($2.25 in chips) 
kozhax15: posts small blind $0.01
Dorex2007: posts big blind $0.02
*** HOLE CARDS ***
Dealt to Dorex2007 [5h 8d]
A-S-V-R-11: folds 
tylerdurden21x: folds 
Almanza63 is connected 
Almanza63 has timed out
Almanza63: folds 
kobralyuda: calls $0.02
OlegNorg: folds 
gadgie74: calls $0.02
Kausar366: calls $0.02
kozhax15: calls $0.01
Dorex2007: checks 
*** FLOP *** [Qd 4d Kc]
kozhax15: checks 
Dorex2007: checks 
kobralyuda: checks 
gadgie74: checks 
Kausar366: bets $0.10
kozhax15: folds 
Dorex2007: folds 
kobralyuda: folds 
gadgie74: calls $0.10
*** TURN *** [Qd 4d Kc] [7s]
gadgie74: checks 
Kausar366: checks 
*** RIVER *** [Qd 4d Kc 7s] [3s]
gadgie74: bets $0.29
Kausar366: folds 
Uncalled bet ($0.29) returned to gadgie74
gadgie74 collected $0.29 from pot
gadgie74: doesn't show hand 
*** SUMMARY ***
Total pot $0.30 | Rake $0.01 
Board [Qd 4d Kc 7s 3s]
Seat 1: Kausar366 (button) folded on the River
Seat 2: kozhax15 (small blind) folded on the Flop
Seat 3: Dorex2007 (big blind) folded on the Flop
Seat 4: A-S-V-R-11 folded before Flop (didn't bet)
Seat 5: tylerdurden21x folded before Flop (didn't bet)
Seat 6: Almanza63 folded before Flop (didn't bet)
Seat 7: kobralyuda folded on the Flop
Seat 8: OlegNorg folded before Flop (didn't bet)
Seat 9: gadgie74 collected ($0.29)



PokerStars Hand #228101455818:  Hold'em No Limit ($0.01/$0.02 USD) - 2021/07/06 12:06:06 PT [2021/07/06 15:06:06 ET]
Table 'Kajam V' 9-max Seat #2 is the button
Seat 1: Kausar366 ($1.77 in chips) 
Seat 2: kozhax15 ($2.03 in chips) 
Seat 3: Dorex2007 ($1.95 in chips) 
Seat 4: A-S-V-R-11 ($0.60 in chips) 
Seat 5: tylerdurden21x ($2.01 in chips) 
Seat 6: Almanza63 ($0.61 in chips) 
Seat 7: kobralyuda ($0.76 in chips) 
Seat 8: OlegNorg ($1.34 in chips) 
Seat 9: gadgie74 ($2.42 in chips) 
Dorex2007: posts small blind $0.01
A-S-V-R-11: posts big blind $0.02
*** HOLE CARDS ***
Dealt to Dorex2007 [Kd As]
tylerdurden21x: folds 
Almanza63: folds 
kobralyuda: folds 
OlegNorg: folds 
gadgie74: calls $0.02
Kausar366: folds 
kozhax15: raises $0.07 to $0.09
Dorex2007: calls $0.08
Almanza63 leaves the table
A-S-V-R-11: folds 
gadgie74: folds 
*** FLOP *** [Ks Ts 4c]
Dorex2007: checks 
kozhax15: bets $0.11
Dorex2007: calls $0.11
*** TURN *** [Ks Ts 4c] [Td]
Dorex2007: bets $0.28
kozhax15: calls $0.28
*** RIVER *** [Ks Ts 4c Td] [3c]
Dorex2007: checks 
kozhax15: bets $0.48
Dorex2007: calls $0.48
*** SHOW DOWN ***
kozhax15: shows [Th Qh] (three of a kind, Tens)
Dorex2007: mucks hand 
kozhax15 collected $1.89 from pot
*** SUMMARY ***
Total pot $1.96 | Rake $0.07 
Board [Ks Ts 4c Td 3c]
Seat 1: Kausar366 folded before Flop (didn't bet)
Seat 2: kozhax15 (button) showed [Th Qh] and won ($1.89) with three of a kind, Tens
Seat 3: Dorex2007 (small blind) mucked [Kd As]
Seat 4: A-S-V-R-11 (big blind) folded before Flop
Seat 5: tylerdurden21x folded before Flop (didn't bet)
Seat 6: Almanza63 folded before Flop (didn't bet)
Seat 7: kobralyuda folded before Flop (didn't bet)
Seat 8: OlegNorg folded before Flop (didn't bet)
Seat 9: gadgie74 folded before Flop



PokerStars Hand #228101478468:  Hold'em No Limit ($0.01/$0.02 USD) - 2021/07/06 12:07:07 PT [2021/07/06 15:07:07 ET]
Table 'Kajam V' 9-max Seat #3 is the button
Seat 1: Kausar366 ($1.77 in chips) 
Seat 2: kozhax15 ($2.96 in chips) 
Seat 3: Dorex2007 ($0.99 in chips) 
Seat 4: A-S-V-R-11 ($0.58 in chips) 
Seat 5: tylerdurden21x ($2.01 in chips) 
Seat 8: OlegNorg ($1.34 in chips) 
Seat 9: gadgie74 ($2.40 in chips) 
A-S-V-R-11: posts small blind $0.01
tylerdurden21x: posts big blind $0.02
*** HOLE CARDS ***
Dealt to Dorex2007 [Th 7d]
Golsuorsi joins the table at seat #6 
OlegNorg has timed out
OlegNorg: folds 
gadgie74: folds 
Kausar366: folds 
kozhax15: raises $0.04 to $0.06
Dorex2007: folds 
A-S-V-R-11: calls $0.05
tylerdurden21x: folds 
*** FLOP *** [3d 4c Ad]
A-S-V-R-11: checks 
kozhax15: checks 
*** TURN *** [3d 4c Ad] [Jd]
A-S-V-R-11: checks 
kozhax15: bets $0.09
A-S-V-R-11: folds 
Uncalled bet ($0.09) returned to kozhax15
kozhax15 collected $0.14 from pot
kozhax15: doesn't show hand 
*** SUMMARY ***
Total pot $0.14 | Rake $0 
Board [3d 4c Ad Jd]
Seat 1: Kausar366 folded before Flop (didn't bet)
Seat 2: kozhax15 collected ($0.14)
Seat 3: Dorex2007 (button) folded before Flop (didn't bet)
Seat 4: A-S-V-R-11 (small blind) folded on the Turn
Seat 5: tylerdurden21x (big blind) folded before Flop
Seat 8: OlegNorg folded before Flop (didn't bet)
Seat 9: gadgie74 folded before Flop (didn't bet)



PokerStars Hand #228101497093:  Hold'em No Limit ($0.01/$0.02 USD) - 2021/07/06 12:07:56 PT [2021/07/06 15:07:56 ET]
Table 'Kajam V' 9-max Seat #4 is the button
Seat 1: Kausar366 ($1.77 in chips) 
Seat 2: kozhax15 ($3.04 in chips) 
Seat 3: Dorex2007 ($0.99 in chips) 
Seat 4: A-S-V-R-11 ($0.52 in chips) 
Seat 5: tylerdurden21x ($1.99 in chips) 
Seat 6: Golsuorsi ($2 in chips) 
Seat 8: OlegNorg ($1.34 in chips) 
Seat 9: gadgie74 ($2.40 in chips) 
tylerdurden21x: posts small blind $0.01
Golsuorsi: posts big blind $0.02
*** HOLE CARDS ***
Dealt to Dorex2007 [5h 2s]
OlegNorg: folds 
gadgie74: calls $0.02
Kausar366: folds 
kozhax15: folds 
Dorex2007: folds 
A-S-V-R-11: calls $0.02
tylerdurden21x: calls $0.01
Golsuorsi: checks 
*** FLOP *** [Th 8s Ks]
tylerdurden21x: checks 
Golsuorsi: checks 
gadgie74: checks 
A-S-V-R-11: checks 
*** TURN *** [Th 8s Ks] [3c]
tylerdurden21x: checks 
Golsuorsi: checks 
gadgie74: checks 
A-S-V-R-11: checks 
*** RIVER *** [Th 8s Ks 3c] [Jc]
tylerdurden21x: checks 
Golsuorsi: checks 
gadgie74: checks 
A-S-V-R-11: bets $0.08
tylerdurden21x: folds 
Golsuorsi: folds 
gadgie74: folds 
Uncalled bet ($0.08) returned to A-S-V-R-11
A-S-V-R-11 collected $0.08 from pot
A-S-V-R-11: doesn't show hand 
*** SUMMARY ***
Total pot $0.08 | Rake $0 
Board [Th 8s Ks 3c Jc]
Seat 1: Kausar366 folded before Flop (didn't bet)
Seat 2: kozhax15 folded before Flop (didn't bet)
Seat 3: Dorex2007 folded before Flop (didn't bet)
Seat 4: A-S-V-R-11 (button) collected ($0.08)
Seat 5: tylerdurden21x (small blind) folded on the River
Seat 6: Golsuorsi (big blind) folded on the River
Seat 8: OlegNorg folded before Flop (didn't bet)
Seat 9: gadgie74 folded on the River



PokerStars Hand #228101523427:  Hold'em No Limit ($0.01/$0.02 USD) - 2021/07/06 12:09:07 PT [2021/07/06 15:09:07 ET]
Table 'Kajam V' 9-max Seat #5 is the button
Seat 1: Kausar366 ($1.77 in chips) 
Seat 2: kozhax15 ($3.04 in chips) 
Seat 3: Dorex2007 ($0.99 in chips) 
Seat 4: A-S-V-R-11 ($0.58 in chips) 
Seat 5: tylerdurden21x ($1.97 in chips) 
Seat 6: Golsuorsi ($2 in chips) 
Seat 8: OlegNorg ($1.34 in chips) 
Seat 9: gadgie74 ($2.38 in chips) 
Golsuorsi: posts small blind $0.01
OlegNorg: posts big blind $0.02
*** HOLE CARDS ***
Dealt to Dorex2007 [8s 2c]
gadgie74: folds 
Kausar366: folds 
kozhax15: raises $0.04 to $0.06
Dorex2007: folds 
A-S-V-R-11: calls $0.06
tylerdurden21x: folds 
Golsuorsi: folds 
OlegNorg: raises $0.08 to $0.14
kozhax15: calls $0.08
A-S-V-R-11: calls $0.08
*** FLOP *** [7s Ks 6s]
OlegNorg: bets $0.29
kozhax15: folds 
A-S-V-R-11: folds 
Uncalled bet ($0.29) returned to OlegNorg
OlegNorg collected $0.41 from pot
OlegNorg: doesn't show hand 
*** SUMMARY ***
Total pot $0.43 | Rake $0.02 
Board [7s Ks 6s]
Seat 1: Kausar366 folded before Flop (didn't bet)
Seat 2: kozhax15 folded on the Flop
Seat 3: Dorex2007 folded before Flop (didn't bet)
Seat 4: A-S-V-R-11 folded on the Flop
Seat 5: tylerdurden21x (button) folded before Flop (didn't bet)
Seat 6: Golsuorsi (small blind) folded before Flop
Seat 8: OlegNorg (big blind) collected ($0.41)
Seat 9: gadgie74 folded before Flop (didn't bet)



PokerStars Hand #228101548821:  Hold'em No Limit ($0.01/$0.02 USD) - 2021/07/06 12:10:16 PT [2021/07/06 15:10:16 ET]
Table 'Kajam V' 9-max Seat #6 is the button
Seat 1: Kausar366 ($1.77 in chips) 
Seat 2: kozhax15 ($2.90 in chips) 
Seat 3: Dorex2007 ($0.99 in chips) 
Seat 4: A-S-V-R-11 ($0.44 in chips) 
Seat 5: tylerdurden21x ($1.97 in chips) 
Seat 6: Golsuorsi ($2 in chips) 
Seat 8: OlegNorg ($1.61 in chips) 
Seat 9: gadgie74 ($2.38 in chips) 
OlegNorg: posts small blind $0.01
gadgie74: posts big blind $0.02
*** HOLE CARDS ***
Dealt to Dorex2007 [6c Ks]
Kausar366: folds 
kozhax15 has timed out
kozhax15: folds 
Dorex2007: folds 
A-S-V-R-11: calls $0.02
tylerdurden21x: folds 
Golsuorsi: calls $0.02
OlegNorg: calls $0.01
gadgie74: checks 
*** FLOP *** [2c Jh 8h]
OlegNorg: checks 
gadgie74: checks 
A-S-V-R-11: bets $0.42 and is all-in
Golsuorsi: folds 
OlegNorg: folds 
gadgie74: folds 
Uncalled bet ($0.42) returned to A-S-V-R-11
A-S-V-R-11 collected $0.08 from pot
A-S-V-R-11: doesn't show hand 
*** SUMMARY ***
Total pot $0.08 | Rake $0 
Board [2c Jh 8h]
Seat 1: Kausar366 folded before Flop (didn't bet)
Seat 2: kozhax15 folded before Flop (didn't bet)
Seat 3: Dorex2007 folded before Flop (didn't bet)
Seat 4: A-S-V-R-11 collected ($0.08)
Seat 5: tylerdurden21x folded before Flop (didn't bet)
Seat 6: Golsuorsi (button) folded on the Flop
Seat 8: OlegNorg (small blind) folded on the Flop
Seat 9: gadgie74 (big blind) folded on the Flop



PokerStars Hand #228101571693:  Hold'em No Limit ($0.01/$0.02 USD) - 2021/07/06 12:11:16 PT [2021/07/06 15:11:16 ET]
Table 'Kajam V' 9-max Seat #8 is the button
Seat 1: Kausar366 ($1.77 in chips) 
Seat 2: kozhax15 ($2.90 in chips) 
Seat 3: Dorex2007 ($2 in chips) 
Seat 4: A-S-V-R-11 ($0.50 in chips) 
Seat 5: tylerdurden21x ($1.97 in chips) 
Seat 6: Golsuorsi ($2 in chips) 
Seat 8: OlegNorg ($1.59 in chips) 
Seat 9: gadgie74 ($2.36 in chips) 
gadgie74: posts small blind $0.01
Kausar366: posts big blind $0.02
*** HOLE CARDS ***
Dealt to Dorex2007 [Jh 8c]
kozhax15 has timed out
kozhax15: folds 
Dorex2007: folds 
A-S-V-R-11: calls $0.02
tylerdurden21x: folds 
Golsuorsi: folds 
OlegNorg: folds 
gadgie74: calls $0.01
Kausar366: checks 
*** FLOP *** [9d 6d 7c]
gadgie74: checks 
Kausar366: checks 
A-S-V-R-11: checks 
*** TURN *** [9d 6d 7c] [Kh]
gadgie74: checks 
Kausar366: checks 
A-S-V-R-11: checks 
*** RIVER *** [9d 6d 7c Kh] [7s]
gadgie74: bets $0.06
Kausar366: folds 
A-S-V-R-11: raises $0.06 to $0.12
gadgie74: calls $0.06
*** SHOW DOWN ***
A-S-V-R-11: shows [7h 5d] (three of a kind, Sevens)
gadgie74: mucks hand 
A-S-V-R-11 collected $0.29 from pot
*** SUMMARY ***
Total pot $0.30 | Rake $0.01 
Board [9d 6d 7c Kh 7s]
Seat 1: Kausar366 (big blind) folded on the River
Seat 2: kozhax15 folded before Flop (didn't bet)
Seat 3: Dorex2007 folded before Flop (didn't bet)
Seat 4: A-S-V-R-11 showed [7h 5d] and won ($0.29) with three of a kind, Sevens
Seat 5: tylerdurden21x folded before Flop (didn't bet)
Seat 6: Golsuorsi folded before Flop (didn't bet)
Seat 8: OlegNorg (button) folded before Flop (didn't bet)
Seat 9: gadgie74 (small blind) mucked [Ah 6s]



PokerStars Hand #228101596729:  Hold'em No Limit ($0.01/$0.02 USD) - 2021/07/06 12:12:23 PT [2021/07/06 15:12:23 ET]
Table 'Kajam V' 9-max Seat #9 is the button
Seat 1: Kausar366 ($1.75 in chips) 
Seat 2: kozhax15 ($2.90 in chips) 
Seat 3: Dorex2007 ($2 in chips) 
Seat 4: A-S-V-R-11 ($0.65 in chips) 
Seat 5: tylerdurden21x ($1.97 in chips) 
Seat 6: Golsuorsi ($2 in chips) 
Seat 8: OlegNorg ($1.59 in chips) 
Seat 9: gadgie74 ($2.22 in chips) 
Kausar366: posts small blind $0.01
kozhax15: posts big blind $0.02
*** HOLE CARDS ***
Dealt to Dorex2007 [Kc Js]
Dorex2007: folds 
A-S-V-R-11: calls $0.02
tylerdurden21x: folds 
Golsuorsi: folds 
OlegNorg: folds 
gadgie74: calls $0.02
Kausar366: calls $0.01
kozhax15: checks 
*** FLOP *** [Kd 5d Tc]
Kausar366: checks 
kozhax15: checks 
A-S-V-R-11: checks 
gadgie74: checks 
*** TURN *** [Kd 5d Tc] [2d]
Kausar366: checks 
kozhax15: bets $0.04
A-S-V-R-11: calls $0.04
gadgie74: calls $0.04
Kausar366: folds 
*** RIVER *** [Kd 5d Tc 2d] [9c]
kozhax15: checks 
A-S-V-R-11: checks 
gadgie74: checks 
*** SHOW DOWN ***
kozhax15: shows [Kh 3c] (a pair of Kings)
A-S-V-R-11: mucks hand 
gadgie74: mucks hand 
kozhax15 collected $0.19 from pot
*** SUMMARY ***
Total pot $0.20 | Rake $0.01 
Board [Kd 5d Tc 2d 9c]
Seat 1: Kausar366 (small blind) folded on the Turn
Seat 2: kozhax15 (big blind) showed [Kh 3c] and won ($0.19) with a pair of Kings
Seat 3: Dorex2007 folded before Flop (didn't bet)
Seat 4: A-S-V-R-11 mucked [4d Jh]
Seat 5: tylerdurden21x folded before Flop (didn't bet)
Seat 6: Golsuorsi folded before Flop (didn't bet)
Seat 8: OlegNorg folded before Flop (didn't bet)
Seat 9: gadgie74 (button) mucked [2s Qs]



PokerStars Hand #228101631279:  Hold'em No Limit ($0.01/$0.02 USD) - 2021/07/06 12:13:55 PT [2021/07/06 15:13:55 ET]
Table 'Kajam V' 9-max Seat #1 is the button
Seat 1: Kausar366 ($1.73 in chips) 
Seat 2: kozhax15 ($3.03 in chips) 
Seat 3: Dorex2007 ($2 in chips) 
Seat 4: A-S-V-R-11 ($0.59 in chips) 
Seat 5: tylerdurden21x ($1.97 in chips) 
Seat 6: Golsuorsi ($2 in chips) 
Seat 7: kobralyuda ($0.76 in chips) 
Seat 8: OlegNorg ($1.59 in chips) 
Seat 9: gadgie74 ($2.16 in chips) 
kozhax15: posts small blind $0.01
Dorex2007: posts big blind $0.02
kobralyuda: posts small & big blinds $0.03
*** HOLE CARDS ***
Dealt to Dorex2007 [Jh Ac]
A-S-V-R-11: folds 
tylerdurden21x: folds 
Golsuorsi: folds 
kobralyuda: checks 
OlegNorg: calls $0.02
gadgie74: folds 
Kausar366: folds 
kozhax15: raises $0.09 to $0.11
Dorex2007: folds 
kobralyuda: calls $0.09
OlegNorg: calls $0.09
*** FLOP *** [8h Td 6h]
kozhax15: checks 
kobralyuda: bets $0.10
OlegNorg: folds 
kozhax15: folds 
Uncalled bet ($0.10) returned to kobralyuda
kobralyuda collected $0.35 from pot
kobralyuda: doesn't show hand 
*** SUMMARY ***
Total pot $0.36 | Rake $0.01 
Board [8h Td 6h]
Seat 1: Kausar366 (button) folded before Flop (didn't bet)
Seat 2: kozhax15 (small blind) folded on the Flop
Seat 3: Dorex2007 (big blind) folded before Flop
Seat 4: A-S-V-R-11 folded before Flop (didn't bet)
Seat 5: tylerdurden21x folded before Flop (didn't bet)
Seat 6: Golsuorsi folded before Flop (didn't bet)
Seat 7: kobralyuda collected ($0.35)
Seat 8: OlegNorg folded on the Flop
Seat 9: gadgie74 folded before Flop (didn't bet)



PokerStars Hand #228101653036:  Hold'em No Limit ($0.01/$0.02 USD) - 2021/07/06 12:14:54 PT [2021/07/06 15:14:54 ET]
Table 'Kajam V' 9-max Seat #2 is the button
Seat 1: Kausar366 ($1.73 in chips) 
Seat 2: kozhax15 ($2.92 in chips) 
Seat 3: Dorex2007 ($1.98 in chips) 
Seat 4: A-S-V-R-11 ($0.59 in chips) 
Seat 5: tylerdurden21x ($1.97 in chips) 
Seat 6: Golsuorsi ($2 in chips) 
Seat 7: kobralyuda ($0.99 in chips) 
Seat 8: OlegNorg ($1.48 in chips) 
Seat 9: gadgie74 ($2.16 in chips) 
Dorex2007: posts small blind $0.01
A-S-V-R-11: posts big blind $0.02
*** HOLE CARDS ***
Dealt to Dorex2007 [8d Jc]
tylerdurden21x: folds 
Golsuorsi: folds 
kobralyuda: folds 
OlegNorg: folds 
OlegNorg leaves the table
gadgie74: calls $0.02
Hannelore900 joins the table at seat #8 
Kausar366: folds 
kozhax15: folds 
Dorex2007: folds 
A-S-V-R-11: checks 
*** FLOP *** [5d Td 7d]
A-S-V-R-11: checks 
gadgie74: checks 
*** TURN *** [5d Td 7d] [7h]
A-S-V-R-11: checks 
gadgie74: checks 
*** RIVER *** [5d Td 7d 7h] [Kd]
A-S-V-R-11: bets $0.10
gadgie74: folds 
Uncalled bet ($0.10) returned to A-S-V-R-11
A-S-V-R-11 collected $0.05 from pot
A-S-V-R-11: doesn't show hand 
*** SUMMARY ***
Total pot $0.05 | Rake $0 
Board [5d Td 7d 7h Kd]
Seat 1: Kausar366 folded before Flop (didn't bet)
Seat 2: kozhax15 (button) folded before Flop (didn't bet)
Seat 3: Dorex2007 (small blind) folded before Flop
Seat 4: A-S-V-R-11 (big blind) collected ($0.05)
Seat 5: tylerdurden21x folded before Flop (didn't bet)
Seat 6: Golsuorsi folded before Flop (didn't bet)
Seat 7: kobralyuda folded before Flop (didn't bet)
Seat 8: OlegNorg folded before Flop (didn't bet)
Seat 9: gadgie74 folded on the River



PokerStars Hand #228101673432:  Hold'em No Limit ($0.01/$0.02 USD) - 2021/07/06 12:15:48 PT [2021/07/06 15:15:48 ET]
Table 'Kajam V' 9-max Seat #3 is the button
Seat 1: Kausar366 ($1.73 in chips) 
Seat 2: kozhax15 ($2.92 in chips) 
Seat 3: Dorex2007 ($1.97 in chips) 
Seat 4: A-S-V-R-11 ($0.62 in chips) 
Seat 6: Golsuorsi ($2 in chips) 
Seat 7: kobralyuda ($0.99 in chips) 
Seat 8: Hannelore900 ($1.60 in chips) 
Seat 9: gadgie74 ($2.14 in chips) 
A-S-V-R-11: posts small blind $0.01
tylerdurden21x: is sitting out 
Golsuorsi: posts big blind $0.02
Hannelore900: posts big blind $0.02
*** HOLE CARDS ***
Dealt to Dorex2007 [7c 3h]
kobralyuda: folds 
Hannelore900: checks 
gadgie74: calls $0.02
Kausar366: folds 
kozhax15: calls $0.02
Dorex2007: folds 
A-S-V-R-11: calls $0.01
Golsuorsi: checks 
*** FLOP *** [8s Ac Ks]
A-S-V-R-11: checks 
Golsuorsi: bets $0.10
Hannelore900: folds 
gadgie74: folds 
kozhax15: folds 
A-S-V-R-11: folds 
Uncalled bet ($0.10) returned to Golsuorsi
A-S-V-R-11 leaves the table
Golsuorsi collected $0.10 from pot
*** SUMMARY ***
Total pot $0.10 | Rake $0 
Board [8s Ac Ks]
Seat 1: Kausar366 folded before Flop (didn't bet)
Seat 2: kozhax15 folded on the Flop
Seat 3: Dorex2007 (button) folded before Flop (didn't bet)
Seat 4: A-S-V-R-11 (small blind) folded on the Flop
Seat 6: Golsuorsi (big blind) collected ($0.10)
Seat 7: kobralyuda folded before Flop (didn't bet)
Seat 8: Hannelore900 folded on the Flop (didn't bet)
Seat 9: gadgie74 folded on the Flop



PokerStars Hand #228101693075:  Hold'em No Limit ($0.01/$0.02 USD) - 2021/07/06 12:16:40 PT [2021/07/06 15:16:40 ET]
Table 'Kajam V' 9-max Seat #6 is the button
Seat 1: Kausar366 ($1.73 in chips) 
Seat 2: kozhax15 ($2.90 in chips) 
Seat 3: Dorex2007 ($1.97 in chips) 
Seat 6: Golsuorsi ($2.08 in chips) 
Seat 7: kobralyuda ($0.99 in chips) 
Seat 8: Hannelore900 ($1.58 in chips) 
Seat 9: gadgie74 ($2.12 in chips) 
kobralyuda: posts small blind $0.01
Hannelore900: posts big blind $0.02
*** HOLE CARDS ***
Dealt to Dorex2007 [Jc 9s]
gadgie74: folds 
Kausar366: folds 
kozhax15: raises $0.04 to $0.06
Dorex2007: folds 
Golsuorsi: folds 
kobralyuda: calls $0.05
Hannelore900: folds 
*** FLOP *** [8d Th 4h]
kobralyuda: checks 
TrzymamKolo joins the table at seat #4 
kozhax15: checks 
*** TURN *** [8d Th 4h] [7h]
kobralyuda: bets $0.06
kozhax15: folds 
Uncalled bet ($0.06) returned to kobralyuda
kobralyuda collected $0.14 from pot
kobralyuda: doesn't show hand 
*** SUMMARY ***
Total pot $0.14 | Rake $0 
Board [8d Th 4h 7h]
Seat 1: Kausar366 folded before Flop (didn't bet)
Seat 2: kozhax15 folded on the Turn
Seat 3: Dorex2007 folded before Flop (didn't bet)
Seat 6: Golsuorsi (button) folded before Flop (didn't bet)
Seat 7: kobralyuda (small blind) collected ($0.14)
Seat 8: Hannelore900 (big blind) folded before Flop
Seat 9: gadgie74 folded before Flop (didn't bet)



PokerStars Hand #228101707693:  Hold'em No Limit ($0.01/$0.02 USD) - 2021/07/06 12:17:18 PT [2021/07/06 15:17:18 ET]
Table 'Kajam V' 9-max Seat #7 is the button
Seat 1: Kausar366 ($1.73 in chips) 
Seat 2: kozhax15 ($2.84 in chips) 
Seat 3: Dorex2007 ($1.97 in chips) 
Seat 6: Golsuorsi ($2.08 in chips) 
Seat 7: kobralyuda ($1.07 in chips) 
Seat 8: Hannelore900 ($1.56 in chips) 
Seat 9: gadgie74 ($2.12 in chips) 
Hannelore900: posts small blind $0.01
gadgie74: posts big blind $0.02
TrzymamKolo: sits out 
*** HOLE CARDS ***
Dealt to Dorex2007 [3d Js]
Kausar366: folds 
kozhax15: folds 
Dorex2007: folds 
Golsuorsi: folds 
kobralyuda: calls $0.02
Hannelore900: calls $0.01
gadgie74: checks 
*** FLOP *** [6d As 9s]
Hannelore900: checks 
gadgie74: checks 
kobralyuda: bets $0.04
Hannelore900: folds 
gadgie74: calls $0.04
*** TURN *** [6d As 9s] [Ad]
gadgie74: checks 
kobralyuda: checks 
*** RIVER *** [6d As 9s Ad] [8s]
gadgie74: bets $0.14
kobralyuda: folds 
Uncalled bet ($0.14) returned to gadgie74
gadgie74 collected $0.14 from pot
gadgie74: doesn't show hand 
*** SUMMARY ***
Total pot $0.14 | Rake $0 
Board [6d As 9s Ad 8s]
Seat 1: Kausar366 folded before Flop (didn't bet)
Seat 2: kozhax15 folded before Flop (didn't bet)
Seat 3: Dorex2007 folded before Flop (didn't bet)
Seat 6: Golsuorsi folded before Flop (didn't bet)
Seat 7: kobralyuda (button) folded on the River
Seat 8: Hannelore900 (small blind) folded on the Flop
Seat 9: gadgie74 (big blind) collected ($0.14)



PokerStars Hand #228101722608:  Hold'em No Limit ($0.01/$0.02 USD) - 2021/07/06 12:17:58 PT [2021/07/06 15:17:58 ET]
Table 'Kajam V' 9-max Seat #8 is the button
Seat 1: Kausar366 ($1.73 in chips) 
Seat 2: kozhax15 ($2.84 in chips) 
Seat 3: Dorex2007 ($1.97 in chips) 
Seat 6: Golsuorsi ($2.08 in chips) 
Seat 7: kobralyuda ($1.01 in chips) 
Seat 8: Hannelore900 ($1.54 in chips) 
Seat 9: gadgie74 ($2.20 in chips) 
gadgie74: posts small blind $0.01
Kausar366: posts big blind $0.02
TrzymamKolo: sits out 
*** HOLE CARDS ***
Dealt to Dorex2007 [Qd 5d]
kozhax15: folds 
Dorex2007: folds 
Golsuorsi: folds 
kobralyuda: calls $0.02
Hannelore900: raises $0.04 to $0.06
gadgie74: calls $0.05
Kausar366: folds 
kobralyuda: folds 
*** FLOP *** [Th 6h 9c]
gadgie74: checks 
Hannelore900: checks 
*** TURN *** [Th 6h 9c] [5c]
gadgie74: checks 
Hannelore900: checks 
*** RIVER *** [Th 6h 9c 5c] [8h]
gadgie74: bets $0.16
Hannelore900: folds 
Uncalled bet ($0.16) returned to gadgie74
gadgie74 collected $0.15 from pot
gadgie74: doesn't show hand 
*** SUMMARY ***
Total pot $0.16 | Rake $0.01 
Board [Th 6h 9c 5c 8h]
Seat 1: Kausar366 (big blind) folded before Flop
Seat 2: kozhax15 folded before Flop (didn't bet)
Seat 3: Dorex2007 folded before Flop (didn't bet)
Seat 6: Golsuorsi folded before Flop (didn't bet)
Seat 7: kobralyuda folded before Flop
Seat 8: Hannelore900 (button) folded on the River
Seat 9: gadgie74 (small blind) collected ($0.15)



PokerStars Hand #228101737332:  Hold'em No Limit ($0.01/$0.02 USD) - 2021/07/06 12:18:37 PT [2021/07/06 15:18:37 ET]
Table 'Kajam V' 9-max Seat #9 is the button
Seat 1: Kausar366 ($1.71 in chips) 
Seat 2: kozhax15 ($2.84 in chips) 
Seat 3: Dorex2007 ($1.97 in chips) 
Seat 5: tylerdurden21x ($1.97 in chips) 
Seat 6: Golsuorsi ($2.08 in chips) 
Seat 7: kobralyuda ($0.99 in chips) 
Seat 8: Hannelore900 ($1.48 in chips) 
Seat 9: gadgie74 ($2.29 in chips) 
Kausar366: posts small blind $0.01
kozhax15: posts big blind $0.02
TrzymamKolo: sits out 
tylerdurden21x: posts big blind $0.02
*** HOLE CARDS ***
Dealt to Dorex2007 [8h Ks]
Dorex2007: folds 
tylerdurden21x: checks 
Golsuorsi: folds 
kobralyuda: calls $0.02
Hannelore900: calls $0.02
gadgie74: calls $0.02
Kausar366: calls $0.01
kozhax15: checks 
*** FLOP *** [7d Js Jh]
Kausar366: checks 
kozhax15: checks 
tylerdurden21x: checks 
kobralyuda: checks 
Hannelore900: checks 
gadgie74: checks 
*** TURN *** [7d Js Jh] [2h]
Kausar366: checks 
kozhax15: checks 
tylerdurden21x: checks 
kobralyuda: bets $0.04
Hannelore900: calls $0.04
gadgie74: calls $0.04
Kausar366: folds 
kozhax15: folds 
tylerdurden21x: folds 
*** RIVER *** [7d Js Jh 2h] [4h]
kobralyuda: checks 
Hannelore900: checks 
gadgie74: checks 
*** SHOW DOWN ***
kobralyuda: shows [Ts 4s] (two pair, Jacks and Fours)
Hannelore900: mucks hand 
gadgie74: shows [6s 6d] (two pair, Jacks and Sixes)
gadgie74 collected $0.23 from pot
*** SUMMARY ***
Total pot $0.24 | Rake $0.01 
Board [7d Js Jh 2h 4h]
Seat 1: Kausar366 (small blind) folded on the Turn
Seat 2: kozhax15 (big blind) folded on the Turn
Seat 3: Dorex2007 folded before Flop (didn't bet)
Seat 5: tylerdurden21x folded on the Turn (didn't bet)
Seat 6: Golsuorsi folded before Flop (didn't bet)
Seat 7: kobralyuda showed [Ts 4s] and lost with two pair, Jacks and Fours
Seat 8: Hannelore900 mucked [2s As]
Seat 9: gadgie74 (button) showed [6s 6d] and won ($0.23) with two pair, Jacks and Sixes



PokerStars Hand #228101766305:  Hold'em No Limit ($0.01/$0.02 USD) - 2021/07/06 12:19:52 PT [2021/07/06 15:19:52 ET]
Table 'Kajam V' 9-max Seat #1 is the button
Seat 1: Kausar366 ($1.69 in chips) 
Seat 2: kozhax15 ($2.82 in chips) 
Seat 3: Dorex2007 ($1.97 in chips) 
Seat 5: tylerdurden21x ($1.95 in chips) 
Seat 6: Golsuorsi ($2.08 in chips) 
Seat 7: kobralyuda ($0.93 in chips) 
Seat 8: Hannelore900 ($1.42 in chips) 
Seat 9: gadgie74 ($2.46 in chips) 
kozhax15: posts small blind $0.01
Dorex2007: posts big blind $0.02
TrzymamKolo: sits out 
*** HOLE CARDS ***
Dealt to Dorex2007 [4h 5s]
tylerdurden21x: folds 
Golsuorsi: folds 
kobralyuda: folds 
Hannelore900: folds 
gadgie74: calls $0.02
Kausar366: folds 
kozhax15: raises $0.06 to $0.08
Dorex2007: folds 
gadgie74: calls $0.06
*** FLOP *** [4s 5c 8h]
kozhax15: bets $0.11
gadgie74: calls $0.11
*** TURN *** [4s 5c 8h] [Jd]
kozhax15: bets $0.20
gadgie74: calls $0.20
*** RIVER *** [4s 5c 8h Jd] [2c]
kozhax15: bets $0.39
gadgie74: calls $0.39
*** SHOW DOWN ***
kozhax15: shows [Ac Jc] (a pair of Jacks)
gadgie74: mucks hand 
kozhax15 collected $1.52 from pot
*** SUMMARY ***
Total pot $1.58 | Rake $0.06 
Board [4s 5c 8h Jd 2c]
Seat 1: Kausar366 (button) folded before Flop (didn't bet)
Seat 2: kozhax15 (small blind) showed [Ac Jc] and won ($1.52) with a pair of Jacks
Seat 3: Dorex2007 (big blind) folded before Flop
Seat 5: tylerdurden21x folded before Flop (didn't bet)
Seat 6: Golsuorsi folded before Flop (didn't bet)
Seat 7: kobralyuda folded before Flop (didn't bet)
Seat 8: Hannelore900 folded before Flop (didn't bet)
Seat 9: gadgie74 mucked [9h 9s]



PokerStars Hand #228101784171:  Hold'em No Limit ($0.01/$0.02 USD) - 2021/07/06 12:20:40 PT [2021/07/06 15:20:40 ET]
Table 'Kajam V' 9-max Seat #2 is the button
Seat 1: Kausar366 ($1.69 in chips) 
Seat 2: kozhax15 ($3.56 in chips) 
Seat 3: Dorex2007 ($1.95 in chips) 
Seat 4: TrzymamKolo ($2 in chips) 
Seat 5: tylerdurden21x ($1.95 in chips) 
Seat 6: Golsuorsi ($2.08 in chips) 
Seat 7: kobralyuda ($0.93 in chips) 
Seat 8: Hannelore900 ($1.42 in chips) 
Seat 9: gadgie74 ($1.68 in chips) 
Dorex2007: posts small blind $0.01
TrzymamKolo: posts big blind $0.02
*** HOLE CARDS ***
Dealt to Dorex2007 [9h 3c]
tylerdurden21x: folds 
Golsuorsi: folds 
kobralyuda: calls $0.02
Hannelore900: raises $0.02 to $0.04
gadgie74: calls $0.04
Kausar366: folds 
kozhax15: folds 
Dorex2007: folds 
TrzymamKolo: folds 
kobralyuda: calls $0.02
*** FLOP *** [6h 7s Qh]
kobralyuda: bets $0.08
Hannelore900: raises $0.08 to $0.16
gadgie74: raises $0.12 to $0.28
kobralyuda: folds 
Hannelore900: calls $0.12
*** TURN *** [6h 7s Qh] [Ac]
Hannelore900: bets $1.10 and is all-in
gadgie74: calls $1.10
*** RIVER *** [6h 7s Qh Ac] [5c]
*** SHOW DOWN ***
Hannelore900: shows [As Qd] (two pair, Aces and Queens)
gadgie74: shows [Kd Ks] (a pair of Kings)
Hannelore900 collected $2.87 from pot
*** SUMMARY ***
Total pot $2.99 | Rake $0.12 
Board [6h 7s Qh Ac 5c]
Seat 1: Kausar366 folded before Flop (didn't bet)
Seat 2: kozhax15 (button) folded before Flop (didn't bet)
Seat 3: Dorex2007 (small blind) folded before Flop
Seat 4: TrzymamKolo (big blind) folded before Flop
Seat 5: tylerdurden21x folded before Flop (didn't bet)
Seat 6: Golsuorsi folded before Flop (didn't bet)
Seat 7: kobralyuda folded on the Flop
Seat 8: Hannelore900 showed [As Qd] and won ($2.87) with two pair, Aces and Queens
Seat 9: gadgie74 showed [Kd Ks] and lost with a pair of Kings



PokerStars Hand #228101812443:  Hold'em No Limit ($0.01/$0.02 USD) - 2021/07/06 12:21:30 PT [2021/07/06 15:21:30 ET]
Table 'Kajam V' 9-max Seat #3 is the button
Seat 1: Kausar366 ($1.69 in chips) 
Seat 2: kozhax15 ($3.56 in chips) 
Seat 3: Dorex2007 ($1.94 in chips) 
Seat 4: TrzymamKolo ($2 in chips) 
Seat 5: tylerdurden21x ($1.95 in chips) 
Seat 6: Golsuorsi ($2.08 in chips) 
Seat 7: kobralyuda ($0.81 in chips) 
Seat 8: Hannelore900 ($2.87 in chips) 
Seat 9: gadgie74 ($0.26 in chips) 
TrzymamKolo: posts small blind $0.01
tylerdurden21x: posts big blind $0.02
*** HOLE CARDS ***
Dealt to Dorex2007 [Js Ks]
Golsuorsi: folds 
kobralyuda: folds 
Hannelore900: calls $0.02
gadgie74: folds 
Kausar366: folds 
kozhax15: raises $0.07 to $0.09
Dorex2007: folds 
TrzymamKolo: folds 
tylerdurden21x: folds 
Hannelore900: folds 
Uncalled bet ($0.07) returned to kozhax15
kozhax15 collected $0.07 from pot
kozhax15: doesn't show hand 
*** SUMMARY ***
Total pot $0.07 | Rake $0 
Seat 1: Kausar366 folded before Flop (didn't bet)
Seat 2: kozhax15 collected ($0.07)
Seat 3: Dorex2007 (button) folded before Flop (didn't bet)
Seat 4: TrzymamKolo (small blind) folded before Flop
Seat 5: tylerdurden21x (big blind) folded before Flop
Seat 6: Golsuorsi folded before Flop (didn't bet)
Seat 7: kobralyuda folded before Flop (didn't bet)
Seat 8: Hannelore900 folded before Flop
Seat 9: gadgie74 folded before Flop (didn't bet)



PokerStars Hand #228101826815:  Hold'em No Limit ($0.01/$0.02 USD) - 2021/07/06 12:22:07 PT [2021/07/06 15:22:07 ET]
Table 'Kajam V' 9-max Seat #4 is the button
Seat 1: Kausar366 ($1.69 in chips) 
Seat 2: kozhax15 ($3.61 in chips) 
Seat 3: Dorex2007 ($1.94 in chips) 
Seat 4: TrzymamKolo ($2 in chips) 
Seat 5: tylerdurden21x ($1.93 in chips) 
Seat 7: kobralyuda ($0.81 in chips) 
Seat 8: Hannelore900 ($2.85 in chips) 
Seat 9: gadgie74 ($0.26 in chips) 
tylerdurden21x: posts small blind $0.01
Golsuorsi: is sitting out 
kobralyuda: posts big blind $0.02
*** HOLE CARDS ***
Dealt to Dorex2007 [6c 2s]
Golsuorsi leaves the table
Hannelore900: raises $0.02 to $0.04
gadgie74: folds 
Kausar366: folds 
kozhax15: folds 
Dorex2007: folds 
TrzymamKolo: calls $0.04
tylerdurden21x: folds 
kobralyuda: calls $0.02
*** FLOP *** [5s 3s 4d]
mrgwllms joins the table at seat #6 
kobralyuda: bets $0.10
Hannelore900: calls $0.10
TrzymamKolo: calls $0.10
*** TURN *** [5s 3s 4d] [7d]
kobralyuda: checks 
Hannelore900: checks 
TrzymamKolo: bets $0.41
kobralyuda: calls $0.41
Hannelore900: calls $0.41
*** RIVER *** [5s 3s 4d 7d] [Ts]
kobralyuda: bets $0.26 and is all-in
Hannelore900: raises $0.26 to $0.52
TrzymamKolo: calls $0.52
*** SHOW DOWN ***
Hannelore900: shows [Qs Ks] (a flush, King high)
TrzymamKolo: mucks hand 
Hannelore900 collected $0.51 from side pot
kobralyuda: mucks hand 
Hannelore900 collected $2.33 from main pot
*** SUMMARY ***
Total pot $2.96 Main pot $2.33. Side pot $0.51. | Rake $0.12 
Board [5s 3s 4d 7d Ts]
Seat 1: Kausar366 folded before Flop (didn't bet)
Seat 2: kozhax15 folded before Flop (didn't bet)
Seat 3: Dorex2007 folded before Flop (didn't bet)
Seat 4: TrzymamKolo (button) mucked [6h 6s]
Seat 5: tylerdurden21x (small blind) folded before Flop
Seat 7: kobralyuda (big blind) mucked [7s Tc]
Seat 8: Hannelore900 showed [Qs Ks] and won ($2.84) with a flush, King high
Seat 9: gadgie74 folded before Flop (didn't bet)



PokerStars Hand #228101850830:  Hold'em No Limit ($0.01/$0.02 USD) - 2021/07/06 12:23:09 PT [2021/07/06 15:23:09 ET]
Table 'Kajam V' 9-max Seat #5 is the button
Seat 1: Kausar366 ($1.69 in chips) 
Seat 2: kozhax15 ($3.61 in chips) 
Seat 3: Dorex2007 ($1.94 in chips) 
Seat 4: TrzymamKolo ($2 in chips) 
Seat 5: tylerdurden21x ($1.92 in chips) 
Seat 8: Hannelore900 ($4.62 in chips) 
Seat 9: gadgie74 ($0.26 in chips) 
Hannelore900: posts small blind $0.01
gadgie74: posts big blind $0.02
*** HOLE CARDS ***
Dealt to Dorex2007 [3s 3c]
Kausar366: calls $0.02
kozhax15: calls $0.02
Dorex2007: calls $0.02
TrzymamKolo: folds 
tylerdurden21x: folds 
Hannelore900: calls $0.01
gadgie74: checks 
*** FLOP *** [4d 8d 6h]
Hannelore900: checks 
gadgie74: checks 
Kausar366: checks 
kozhax15: checks 
Dorex2007: checks 
*** TURN *** [4d 8d 6h] [9c]
Hannelore900: checks 
gadgie74: checks 
Kausar366: checks 
kozhax15: checks 
Dorex2007: checks 
*** RIVER *** [4d 8d 6h 9c] [9s]
Hannelore900: checks 
gadgie74: bets $0.24 and is all-in
Kausar366: folds 
kozhax15: folds 
Dorex2007: folds 
Hannelore900: folds 
Uncalled bet ($0.24) returned to gadgie74
gadgie74 collected $0.10 from pot
gadgie74: doesn't show hand 
*** SUMMARY ***
Total pot $0.10 | Rake $0 
Board [4d 8d 6h 9c 9s]
Seat 1: Kausar366 folded on the River
Seat 2: kozhax15 folded on the River
Seat 3: Dorex2007 folded on the River
Seat 4: TrzymamKolo folded before Flop (didn't bet)
Seat 5: tylerdurden21x (button) folded before Flop (didn't bet)
Seat 8: Hannelore900 (small blind) folded on the River
Seat 9: gadgie74 (big blind) collected ($0.10)



PokerStars Hand #228101875386:  Hold'em No Limit ($0.01/$0.02 USD) - 2021/07/06 12:24:14 PT [2021/07/06 15:24:14 ET]
Table 'Kajam V' 9-max Seat #8 is the button
Seat 1: Kausar366 ($1.67 in chips) 
Seat 2: kozhax15 ($3.59 in chips) 
Seat 3: Dorex2007 ($1.92 in chips) 
Seat 4: TrzymamKolo ($2 in chips) 
Seat 5: tylerdurden21x ($1.92 in chips) 
Seat 8: Hannelore900 ($4.60 in chips) 
Seat 9: gadgie74 ($0.34 in chips) 
gadgie74: posts small blind $0.01
Kausar366: posts big blind $0.02
mrgwllms: sits out 
*** HOLE CARDS ***
Dealt to Dorex2007 [3s Ts]
kozhax15: raises $0.04 to $0.06
Dorex2007: folds 
TrzymamKolo: folds 
tylerdurden21x: calls $0.06
Hannelore900: folds 
gadgie74: calls $0.05
Kausar366: folds 
*** FLOP *** [Kd 2c 2s]
gadgie74: checks 
kozhax15: bets $0.10
tylerdurden21x: folds 
gadgie74: folds 
Uncalled bet ($0.10) returned to kozhax15
kozhax15 collected $0.19 from pot
kozhax15: doesn't show hand 
*** SUMMARY ***
Total pot $0.20 | Rake $0.01 
Board [Kd 2c 2s]
Seat 1: Kausar366 (big blind) folded before Flop
Seat 2: kozhax15 collected ($0.19)
Seat 3: Dorex2007 folded before Flop (didn't bet)
Seat 4: TrzymamKolo folded before Flop (didn't bet)
Seat 5: tylerdurden21x folded on the Flop
Seat 8: Hannelore900 (button) folded before Flop (didn't bet)
Seat 9: gadgie74 (small blind) folded on the Flop



PokerStars Hand #228101889129:  Hold'em No Limit ($0.01/$0.02 USD) - 2021/07/06 12:24:50 PT [2021/07/06 15:24:50 ET]
Table 'Kajam V' 9-max Seat #9 is the button
Seat 1: Kausar366 ($1.65 in chips) 
Seat 2: kozhax15 ($3.72 in chips) 
Seat 3: Dorex2007 ($1.92 in chips) 
Seat 4: TrzymamKolo ($2 in chips) 
Seat 5: tylerdurden21x ($2 in chips) 
Seat 6: mrgwllms ($2 in chips) 
Seat 8: Hannelore900 ($4.60 in chips) 
Seat 9: gadgie74 ($0.28 in chips) 
Kausar366: posts small blind $0.01
kozhax15: posts big blind $0.02
mrgwllms: posts big blind $0.02
*** HOLE CARDS ***
Dealt to Dorex2007 [2d 4d]
Dorex2007: folds 
TrzymamKolo: folds 
tylerdurden21x: folds 
mrgwllms: checks 
Hannelore900: raises $0.02 to $0.04
gadgie74: calls $0.04
Kausar366: folds 
kozhax15: calls $0.02
mrgwllms: calls $0.02
*** FLOP *** [Kh 5h 2s]
kozhax15: checks 
mrgwllms: checks 
Hannelore900: checks 
gadgie74: checks 
*** TURN *** [Kh 5h 2s] [9s]
kozhax15: checks 
mrgwllms: checks 
Hannelore900: checks 
gadgie74: checks 
*** RIVER *** [Kh 5h 2s 9s] [4h]
kozhax15: checks 
mrgwllms: checks 
Hannelore900: checks 
gadgie74: bets $0.24 and is all-in
kozhax15: folds 
mrgwllms: folds 
Hannelore900: folds 
Uncalled bet ($0.24) returned to gadgie74
gadgie74 collected $0.16 from pot
gadgie74: doesn't show hand 
*** SUMMARY ***
Total pot $0.17 | Rake $0.01 
Board [Kh 5h 2s 9s 4h]
Seat 1: Kausar366 (small blind) folded before Flop
Seat 2: kozhax15 (big blind) folded on the River
Seat 3: Dorex2007 folded before Flop (didn't bet)
Seat 4: TrzymamKolo folded before Flop (didn't bet)
Seat 5: tylerdurden21x folded before Flop (didn't bet)
Seat 6: mrgwllms folded on the River
Seat 8: Hannelore900 folded on the River
Seat 9: gadgie74 (button) collected ($0.16)



PokerStars Hand #228101909828:  Hold'em No Limit ($0.01/$0.02 USD) - 2021/07/06 12:25:45 PT [2021/07/06 15:25:45 ET]
Table 'Kajam V' 9-max Seat #1 is the button
Seat 1: Kausar366 ($1.64 in chips) 
Seat 2: kozhax15 ($3.68 in chips) 
Seat 3: Dorex2007 ($1.92 in chips) 
Seat 4: TrzymamKolo ($2 in chips) 
Seat 5: tylerdurden21x ($2 in chips) 
Seat 6: mrgwllms ($1.96 in chips) 
Seat 8: Hannelore900 ($4.56 in chips) 
Seat 9: gadgie74 ($0.40 in chips) 
kozhax15: posts small blind $0.01
Dorex2007: posts big blind $0.02
*** HOLE CARDS ***
Dealt to Dorex2007 [5s 2c]
TrzymamKolo: raises $0.08 to $0.10
tylerdurden21x: folds 
mrgwllms: folds 
Hannelore900: folds 
gadgie74: folds 
Kausar366: folds 
kozhax15: calls $0.09
Dorex2007: folds 
*** FLOP *** [5d 9d 3c]
kozhax15: checks 
TrzymamKolo: bets $0.16
kozhax15: folds 
Uncalled bet ($0.16) returned to TrzymamKolo
TrzymamKolo collected $0.21 from pot
TrzymamKolo: doesn't show hand 
*** SUMMARY ***
Total pot $0.22 | Rake $0.01 
Board [5d 9d 3c]
Seat 1: Kausar366 (button) folded before Flop (didn't bet)
Seat 2: kozhax15 (small blind) folded on the Flop
Seat 3: Dorex2007 (big blind) folded before Flop
Seat 4: TrzymamKolo collected ($0.21)
Seat 5: tylerdurden21x folded before Flop (didn't bet)
Seat 6: mrgwllms folded before Flop (didn't bet)
Seat 8: Hannelore900 folded before Flop (didn't bet)
Seat 9: gadgie74 folded before Flop (didn't bet)



PokerStars Hand #228101926491:  Hold'em No Limit ($0.01/$0.02 USD) - 2021/07/06 12:26:29 PT [2021/07/06 15:26:29 ET]
Table 'Kajam V' 9-max Seat #2 is the button
Seat 1: Kausar366 ($1.64 in chips) 
Seat 2: kozhax15 ($3.58 in chips) 
Seat 3: Dorex2007 ($1.90 in chips) 
Seat 4: TrzymamKolo ($2.11 in chips) 
Seat 5: tylerdurden21x ($2 in chips) 
Seat 6: mrgwllms ($1.96 in chips) 
Seat 8: Hannelore900 ($4.56 in chips) 
Seat 9: gadgie74 ($0.40 in chips) 
Dorex2007: posts small blind $0.01
TrzymamKolo: posts big blind $0.02
*** HOLE CARDS ***
Dealt to Dorex2007 [6c 4c]
tylerdurden21x: folds 
mrgwllms: calls $0.02
Hannelore900: folds 
gadgie74: folds 
Kausar366: folds 
kozhax15: folds 
Dorex2007: folds 
TrzymamKolo: checks 
*** FLOP *** [3d Ah 4h]
TrzymamKolo: checks 
mrgwllms: checks 
*** TURN *** [3d Ah 4h] [Jc]
TrzymamKolo: checks 
mrgwllms: checks 
*** RIVER *** [3d Ah 4h Jc] [Kd]
TrzymamKolo: checks 
mrgwllms: checks 
*** SHOW DOWN ***
TrzymamKolo: shows [Tc 6d] (high card Ace)
mrgwllms: mucks hand 
TrzymamKolo collected $0.05 from pot
*** SUMMARY ***
Total pot $0.05 | Rake $0 
Board [3d Ah 4h Jc Kd]
Seat 1: Kausar366 folded before Flop (didn't bet)
Seat 2: kozhax15 (button) folded before Flop (didn't bet)
Seat 3: Dorex2007 (small blind) folded before Flop
Seat 4: TrzymamKolo (big blind) showed [Tc 6d] and won ($0.05) with high card Ace
Seat 5: tylerdurden21x folded before Flop (didn't bet)
Seat 6: mrgwllms mucked [7h 9s]
Seat 8: Hannelore900 folded before Flop (didn't bet)
Seat 9: gadgie74 folded before Flop (didn't bet)



PokerStars Hand #228101943174:  Hold'em No Limit ($0.01/$0.02 USD) - 2021/07/06 12:27:11 PT [2021/07/06 15:27:11 ET]
Table 'Kajam V' 9-max Seat #3 is the button
Seat 1: Kausar366 ($1.64 in chips) 
Seat 2: kozhax15 ($3.58 in chips) 
Seat 3: Dorex2007 ($1.89 in chips) 
Seat 4: TrzymamKolo ($2.14 in chips) 
Seat 5: tylerdurden21x ($2 in chips) 
Seat 6: mrgwllms ($1.94 in chips) 
Seat 8: Hannelore900 ($4.56 in chips) 
Seat 9: gadgie74 ($0.40 in chips) 
TrzymamKolo: posts small blind $0.01
tylerdurden21x: posts big blind $0.02
*** HOLE CARDS ***
Dealt to Dorex2007 [7s 5s]
mrgwllms: raises $0.02 to $0.04
Hannelore900: raises $0.02 to $0.06
gadgie74: folds 
Kausar366: folds 
kozhax15: folds 
Dorex2007: folds 
TrzymamKolo: folds 
tylerdurden21x: folds 
mrgwllms: raises $0.15 to $0.21
Hannelore900: calls $0.15
*** FLOP *** [5d 2h Kd]
mrgwllms: checks 
Hannelore900: checks 
*** TURN *** [5d 2h Kd] [3d]
mrgwllms: checks 
Hannelore900: checks 
*** RIVER *** [5d 2h Kd 3d] [Kh]
mrgwllms: checks 
Hannelore900: checks 
*** SHOW DOWN ***
mrgwllms: shows [Qd Ac] (a pair of Kings)
Hannelore900: mucks hand 
mrgwllms collected $0.43 from pot
*** SUMMARY ***
Total pot $0.45 | Rake $0.02 
Board [5d 2h Kd 3d Kh]
Seat 1: Kausar366 folded before Flop (didn't bet)
Seat 2: kozhax15 folded before Flop (didn't bet)
Seat 3: Dorex2007 (button) folded before Flop (didn't bet)
Seat 4: TrzymamKolo (small blind) folded before Flop
Seat 5: tylerdurden21x (big blind) folded before Flop
Seat 6: mrgwllms showed [Qd Ac] and won ($0.43) with a pair of Kings
Seat 8: Hannelore900 mucked [Ad Tc]
Seat 9: gadgie74 folded before Flop (didn't bet)



PokerStars Hand #228101960384:  Hold'em No Limit ($0.01/$0.02 USD) - 2021/07/06 12:27:57 PT [2021/07/06 15:27:57 ET]
Table 'Kajam V' 9-max Seat #4 is the button
Seat 1: Kausar366 ($1.64 in chips) 
Seat 2: kozhax15 ($3.58 in chips) 
Seat 3: Dorex2007 ($1.89 in chips) 
Seat 4: TrzymamKolo ($2.13 in chips) 
Seat 5: tylerdurden21x ($1.98 in chips) 
Seat 6: mrgwllms ($2.16 in chips) 
Seat 8: Hannelore900 ($4.35 in chips) 
Seat 9: gadgie74 ($0.40 in chips) 
tylerdurden21x: posts small blind $0.01
mrgwllms: posts big blind $0.02
*** HOLE CARDS ***
Dealt to Dorex2007 [3s 2c]
Hannelore900: folds 
gadgie74: calls $0.02
Kausar366: folds 
kozhax15: raises $0.07 to $0.09
Dorex2007: folds 
TrzymamKolo: calls $0.09
tylerdurden21x: folds 
mrgwllms: folds 
gadgie74: folds 
*** FLOP *** [3h 3d Tc]
kozhax15: bets $0.15
TrzymamKolo: calls $0.15
*** TURN *** [3h 3d Tc] [2d]
kozhax15: bets $0.26
TrzymamKolo: folds 
Uncalled bet ($0.26) returned to kozhax15
kozhax15 collected $0.51 from pot
kozhax15: doesn't show hand 
*** SUMMARY ***
Total pot $0.53 | Rake $0.02 
Board [3h 3d Tc 2d]
Seat 1: Kausar366 folded before Flop (didn't bet)
Seat 2: kozhax15 collected ($0.51)
Seat 3: Dorex2007 folded before Flop (didn't bet)
Seat 4: TrzymamKolo (button) folded on the Turn
Seat 5: tylerdurden21x (small blind) folded before Flop
Seat 6: mrgwllms (big blind) folded before Flop
Seat 8: Hannelore900 folded before Flop (didn't bet)
Seat 9: gadgie74 folded before Flop



PokerStars Hand #228101984562:  Hold'em No Limit ($0.01/$0.02 USD) - 2021/07/06 12:29:00 PT [2021/07/06 15:29:00 ET]
Table 'Kajam V' 9-max Seat #5 is the button
Seat 1: Kausar366 ($1.64 in chips) 
Seat 2: kozhax15 ($3.85 in chips) 
Seat 3: Dorex2007 ($1.89 in chips) 
Seat 4: TrzymamKolo ($2 in chips) 
Seat 5: tylerdurden21x ($1.97 in chips) 
Seat 6: mrgwllms ($2.14 in chips) 
Seat 8: Hannelore900 ($4.35 in chips) 
Seat 9: gadgie74 ($0.38 in chips) 
mrgwllms: posts small blind $0.01
Hannelore900: posts big blind $0.02
*** HOLE CARDS ***
Dealt to Dorex2007 [Kh Ts]
gadgie74: folds 
Kausar366: folds 
kozhax15: raises $0.04 to $0.06
Dorex2007: folds 
TrzymamKolo: folds 
tylerdurden21x: folds 
mrgwllms: folds 
Hannelore900: calls $0.04
*** FLOP *** [3c 8c 2s]
Hannelore900: checks 
kozhax15: bets $0.07
Hannelore900: calls $0.07
*** TURN *** [3c 8c 2s] [7h]
Hannelore900: checks 
kozhax15: bets $0.13
Hannelore900: calls $0.13
*** RIVER *** [3c 8c 2s 7h] [7c]
Hannelore900: checks 
kozhax15: bets $0.26
Hannelore900: folds 
Uncalled bet ($0.26) returned to kozhax15
kozhax15 collected $0.51 from pot
kozhax15: doesn't show hand 
*** SUMMARY ***
Total pot $0.53 | Rake $0.02 
Board [3c 8c 2s 7h 7c]
Seat 1: Kausar366 folded before Flop (didn't bet)
Seat 2: kozhax15 collected ($0.51)
Seat 3: Dorex2007 folded before Flop (didn't bet)
Seat 4: TrzymamKolo folded before Flop (didn't bet)
Seat 5: tylerdurden21x (button) folded before Flop (didn't bet)
Seat 6: mrgwllms (small blind) folded before Flop
Seat 8: Hannelore900 (big blind) folded on the River
Seat 9: gadgie74 folded before Flop (didn't bet)



PokerStars Hand #228102010754:  Hold'em No Limit ($0.01/$0.02 USD) - 2021/07/06 12:30:01 PT [2021/07/06 15:30:01 ET]
Table 'Kajam V' 9-max Seat #6 is the button
Seat 1: Kausar366 ($1.64 in chips) 
Seat 2: kozhax15 ($4.10 in chips) 
Seat 3: Dorex2007 ($1.89 in chips) 
Seat 4: TrzymamKolo ($2 in chips) 
Seat 5: tylerdurden21x ($1.97 in chips) 
Seat 6: mrgwllms ($2.13 in chips) 
Seat 8: Hannelore900 ($4.09 in chips) 
Seat 9: gadgie74 ($0.38 in chips) 
Hannelore900: posts small blind $0.01
gadgie74: posts big blind $0.02
*** HOLE CARDS ***
Dealt to Dorex2007 [2s Kh]
Kausar366: folds 
kozhax15: folds 
Dorex2007: folds 
TrzymamKolo: folds 
tylerdurden21x: folds 
mrgwllms: calls $0.02
Hannelore900: calls $0.01
gadgie74: checks 
*** FLOP *** [9h 7s 7c]
Hannelore900: bets $0.02
gadgie74: folds 
mrgwllms: calls $0.02
*** TURN *** [9h 7s 7c] [9d]
Hannelore900: bets $0.02
mrgwllms: calls $0.02
*** RIVER *** [9h 7s 7c 9d] [Ad]
Hannelore900: bets $0.07
mrgwllms: folds 
Uncalled bet ($0.07) returned to Hannelore900
Hannelore900 collected $0.14 from pot
Hannelore900: doesn't show hand 
*** SUMMARY ***
Total pot $0.14 | Rake $0 
Board [9h 7s 7c 9d Ad]
Seat 1: Kausar366 folded before Flop (didn't bet)
Seat 2: kozhax15 folded before Flop (didn't bet)
Seat 3: Dorex2007 folded before Flop (didn't bet)
Seat 4: TrzymamKolo folded before Flop (didn't bet)
Seat 5: tylerdurden21x folded before Flop (didn't bet)
Seat 6: mrgwllms (button) folded on the River
Seat 8: Hannelore900 (small blind) collected ($0.14)
Seat 9: gadgie74 (big blind) folded on the Flop



PokerStars Hand #228102026566:  Hold'em No Limit ($0.01/$0.02 USD) - 2021/07/06 12:30:42 PT [2021/07/06 15:30:42 ET]
Table 'Kajam V' 9-max Seat #8 is the button
Seat 1: Kausar366 ($1.64 in chips) 
Seat 2: kozhax15 ($4.10 in chips) 
Seat 3: Dorex2007 ($1.89 in chips) 
Seat 4: TrzymamKolo ($2 in chips) 
Seat 5: tylerdurden21x ($1.97 in chips) 
Seat 6: mrgwllms ($2.07 in chips) 
Seat 8: Hannelore900 ($4.17 in chips) 
Seat 9: gadgie74 ($0.36 in chips) 
gadgie74: posts small blind $0.01
Kausar366: posts big blind $0.02
*** HOLE CARDS ***
Dealt to Dorex2007 [Kd 8s]
kozhax15: folds 
Dorex2007: folds 
TrzymamKolo: folds 
tylerdurden21x: folds 
mrgwllms: folds 
Hannelore900: folds 
gadgie74: calls $0.01
Kausar366: checks 
*** FLOP *** [7d 8c 7h]
gadgie74: bets $0.04
Kausar366: folds 
Uncalled bet ($0.04) returned to gadgie74
gadgie74 collected $0.04 from pot
gadgie74: doesn't show hand 
*** SUMMARY ***
Total pot $0.04 | Rake $0 
Board [7d 8c 7h]
Seat 1: Kausar366 (big blind) folded on the Flop
Seat 2: kozhax15 folded before Flop (didn't bet)
Seat 3: Dorex2007 folded before Flop (didn't bet)
Seat 4: TrzymamKolo folded before Flop (didn't bet)
Seat 5: tylerdurden21x folded before Flop (didn't bet)
Seat 6: mrgwllms folded before Flop (didn't bet)
Seat 8: Hannelore900 (button) folded before Flop (didn't bet)
Seat 9: gadgie74 (small blind) collected ($0.04)



PokerStars Hand #228102039418:  Hold'em No Limit ($0.01/$0.02 USD) - 2021/07/06 12:31:15 PT [2021/07/06 15:31:15 ET]
Table 'Kajam V' 9-max Seat #9 is the button
Seat 1: Kausar366 ($1.62 in chips) 
Seat 2: kozhax15 ($4.10 in chips) 
Seat 3: Dorex2007 ($1.89 in chips) 
Seat 4: TrzymamKolo ($2 in chips) 
Seat 5: tylerdurden21x ($1.97 in chips) 
Seat 6: mrgwllms ($2.07 in chips) 
Seat 8: Hannelore900 ($4.17 in chips) 
Seat 9: gadgie74 ($0.38 in chips) 
Kausar366: posts small blind $0.01
kozhax15: posts big blind $0.02
*** HOLE CARDS ***
Dealt to Dorex2007 [6c 3c]
Dorex2007: folds 
TrzymamKolo: folds 
tylerdurden21x: folds 
mrgwllms: raises $0.05 to $0.07
Hannelore900: folds 
gadgie74: folds 
Kausar366: folds 
kozhax15: folds 
Uncalled bet ($0.05) returned to mrgwllms
mrgwllms collected $0.05 from pot
mrgwllms: doesn't show hand 
*** SUMMARY ***
Total pot $0.05 | Rake $0 
Seat 1: Kausar366 (small blind) folded before Flop
Seat 2: kozhax15 (big blind) folded before Flop
Seat 3: Dorex2007 folded before Flop (didn't bet)
Seat 4: TrzymamKolo folded before Flop (didn't bet)
Seat 5: tylerdurden21x folded before Flop (didn't bet)
Seat 6: mrgwllms collected ($0.05)
Seat 8: Hannelore900 folded before Flop (didn't bet)
Seat 9: gadgie74 (button) folded before Flop (didn't bet)



PokerStars Hand #228102050868:  Hold'em No Limit ($0.01/$0.02 USD) - 2021/07/06 12:31:45 PT [2021/07/06 15:31:45 ET]
Table 'Kajam V' 9-max Seat #1 is the button
Seat 1: Kausar366 ($1.61 in chips) 
Seat 2: kozhax15 ($4.08 in chips) 
Seat 3: Dorex2007 ($1.89 in chips) 
Seat 4: TrzymamKolo ($2 in chips) 
Seat 5: tylerdurden21x ($1.97 in chips) 
Seat 6: mrgwllms ($2.10 in chips) 
Seat 8: Hannelore900 ($4.17 in chips) 
Seat 9: gadgie74 ($0.38 in chips) 
kozhax15: posts small blind $0.01
Dorex2007: posts big blind $0.02
*** HOLE CARDS ***
Dealt to Dorex2007 [8d Ad]
TrzymamKolo: folds 
tylerdurden21x: folds 
mrgwllms: folds 
Hannelore900: calls $0.02
gadgie74: folds 
Kausar366: calls $0.02
kozhax15: folds 
Dorex2007: checks 
*** FLOP *** [Qs 7c 8s]
Dorex2007: checks 
Hannelore900: checks 
Kausar366: checks 
*** TURN *** [Qs 7c 8s] [5c]
Dorex2007: bets $0.07
Hannelore900: calls $0.07
Kausar366: folds 
*** RIVER *** [Qs 7c 8s 5c] [7h]
Dorex2007: bets $0.26
Hannelore900: calls $0.26
*** SHOW DOWN ***
Dorex2007: shows [8d Ad] (two pair, Eights and Sevens)
Hannelore900: shows [7s 9c] (three of a kind, Sevens)
Hannelore900 collected $0.69 from pot
*** SUMMARY ***
Total pot $0.73 | Rake $0.04 
Board [Qs 7c 8s 5c 7h]
Seat 1: Kausar366 (button) folded on the Turn
Seat 2: kozhax15 (small blind) folded before Flop
Seat 3: Dorex2007 (big blind) showed [8d Ad] and lost with two pair, Eights and Sevens
Seat 4: TrzymamKolo folded before Flop (didn't bet)
Seat 5: tylerdurden21x folded before Flop (didn't bet)
Seat 6: mrgwllms folded before Flop (didn't bet)
Seat 8: Hannelore900 showed [7s 9c] and won ($0.69) with three of a kind, Sevens
Seat 9: gadgie74 folded before Flop (didn't bet)



PokerStars Hand #228102069376:  Hold'em No Limit ($0.01/$0.02 USD) - 2021/07/06 12:32:33 PT [2021/07/06 15:32:33 ET]
Table 'Kajam V' 9-max Seat #2 is the button
Seat 1: Kausar366 ($1.59 in chips) 
Seat 2: kozhax15 ($4.07 in chips) 
Seat 3: Dorex2007 ($1.54 in chips) 
Seat 4: TrzymamKolo ($2 in chips) 
Seat 5: tylerdurden21x ($1.97 in chips) 
Seat 6: mrgwllms ($2.10 in chips) 
Seat 8: Hannelore900 ($4.51 in chips) 
Seat 9: gadgie74 ($0.38 in chips) 
Dorex2007: posts small blind $0.01
TrzymamKolo: posts big blind $0.02
*** HOLE CARDS ***
Dealt to Dorex2007 [Ad 5s]
tylerdurden21x: folds 
mrgwllms: folds 
Hannelore900: folds 
gadgie74: folds 
Kausar366: calls $0.02
kozhax15: raises $0.07 to $0.09
Dorex2007: folds 
TrzymamKolo: folds 
Kausar366: folds 
Uncalled bet ($0.07) returned to kozhax15
kozhax15 collected $0.07 from pot
kozhax15: doesn't show hand 
*** SUMMARY ***
Total pot $0.07 | Rake $0 
Seat 1: Kausar366 folded before Flop
Seat 2: kozhax15 (button) collected ($0.07)
Seat 3: Dorex2007 (small blind) folded before Flop
Seat 4: TrzymamKolo (big blind) folded before Flop
Seat 5: tylerdurden21x folded before Flop (didn't bet)
Seat 6: mrgwllms folded before Flop (didn't bet)
Seat 8: Hannelore900 folded before Flop (didn't bet)
Seat 9: gadgie74 folded before Flop (didn't bet)



PokerStars Hand #228102079348:  Hold'em No Limit ($0.01/$0.02 USD) - 2021/07/06 12:32:59 PT [2021/07/06 15:32:59 ET]
Table 'Kajam V' 9-max Seat #3 is the button
Seat 1: Kausar366 ($1.57 in chips) 
Seat 2: kozhax15 ($4.12 in chips) 
Seat 3: Dorex2007 ($2 in chips) 
Seat 4: TrzymamKolo ($2 in chips) 
Seat 5: tylerdurden21x ($1.97 in chips) 
Seat 6: mrgwllms ($2.10 in chips) 
Seat 8: Hannelore900 ($4.51 in chips) 
Seat 9: gadgie74 ($0.38 in chips) 
TrzymamKolo: posts small blind $0.01
tylerdurden21x: posts big blind $0.02
*** HOLE CARDS ***
Dealt to Dorex2007 [Ad 7s]
mrgwllms: folds 
Hannelore900: calls $0.02
gadgie74: calls $0.02
Kausar366: calls $0.02
kozhax15: folds 
Dorex2007: folds 
TrzymamKolo: calls $0.01
tylerdurden21x: checks 
*** FLOP *** [9s 8c Js]
TrzymamKolo: checks 
tylerdurden21x: checks 
Hannelore900: checks 
gadgie74: checks 
Kausar366: checks 
*** TURN *** [9s 8c Js] [Qd]
TrzymamKolo: checks 
tylerdurden21x: checks 
Hannelore900: checks 
gadgie74: checks 
Kausar366: checks 
*** RIVER *** [9s 8c Js Qd] [5s]
TrzymamKolo: checks 
tylerdurden21x: checks 
Hannelore900: checks 
gadgie74: checks 
Kausar366: checks 
*** SHOW DOWN ***
TrzymamKolo: shows [7h 7d] (a pair of Sevens)
tylerdurden21x: mucks hand 
Hannelore900: shows [6d 8d] (a pair of Eights)
gadgie74: mucks hand 
Kausar366: mucks hand 
Hannelore900 collected $0.10 from pot
*** SUMMARY ***
Total pot $0.10 | Rake $0 
Board [9s 8c Js Qd 5s]
Seat 1: Kausar366 mucked [2d 2c]
Seat 2: kozhax15 folded before Flop (didn't bet)
Seat 3: Dorex2007 (button) folded before Flop (didn't bet)
Seat 4: TrzymamKolo (small blind) showed [7h 7d] and lost with a pair of Sevens
Seat 5: tylerdurden21x (big blind) mucked [3c 5h]
Seat 6: mrgwllms folded before Flop (didn't bet)
Seat 8: Hannelore900 showed [6d 8d] and won ($0.10) with a pair of Eights
Seat 9: gadgie74 mucked [4c Kc]



PokerStars Hand #228102106611:  Hold'em No Limit ($0.01/$0.02 USD) - 2021/07/06 12:34:10 PT [2021/07/06 15:34:10 ET]
Table 'Kajam V' 9-max Seat #4 is the button
Seat 1: Kausar366 ($1.55 in chips) 
Seat 2: kozhax15 ($4.12 in chips) 
Seat 3: Dorex2007 ($2 in chips) 
Seat 4: TrzymamKolo ($2 in chips) 
Seat 5: tylerdurden21x ($1.95 in chips) 
Seat 6: mrgwllms ($2.10 in chips) 
Seat 8: Hannelore900 ($4.59 in chips) 
Seat 9: gadgie74 ($0.36 in chips) 
tylerdurden21x: posts small blind $0.01
mrgwllms: posts big blind $0.02
*** HOLE CARDS ***
Dealt to Dorex2007 [Qc 8s]
Hannelore900: calls $0.02
gadgie74: calls $0.02
Kausar366: folds 
kozhax15 has timed out
kozhax15: folds 
Dorex2007: folds 
TrzymamKolo: folds 
tylerdurden21x: calls $0.01
mrgwllms: checks 
*** FLOP *** [3s 4h Js]
tylerdurden21x: checks 
mrgwllms: checks 
Hannelore900: checks 
gadgie74: checks 
*** TURN *** [3s 4h Js] [5s]
tylerdurden21x: checks 
mrgwllms: checks 
Hannelore900: checks 
gadgie74: checks 
*** RIVER *** [3s 4h Js 5s] [Tc]
tylerdurden21x: checks 
mrgwllms: checks 
Hannelore900: checks 
gadgie74: checks 
*** SHOW DOWN ***
tylerdurden21x: shows [3c 9c] (a pair of Threes)
mrgwllms: mucks hand 
Hannelore900: shows [Ah 5h] (a pair of Fives)
gadgie74: mucks hand 
Hannelore900 collected $0.08 from pot
*** SUMMARY ***
Total pot $0.08 | Rake $0 
Board [3s 4h Js 5s Tc]
Seat 1: Kausar366 folded before Flop (didn't bet)
Seat 2: kozhax15 folded before Flop (didn't bet)
Seat 3: Dorex2007 folded before Flop (didn't bet)
Seat 4: TrzymamKolo (button) folded before Flop (didn't bet)
Seat 5: tylerdurden21x (small blind) showed [3c 9c] and lost with a pair of Threes
Seat 6: mrgwllms (big blind) mucked [8d As]
Seat 8: Hannelore900 showed [Ah 5h] and won ($0.08) with a pair of Fives
Seat 9: gadgie74 mucked [9d Qh]



PokerStars Hand #228102126997:  Hold'em No Limit ($0.01/$0.02 USD) - 2021/07/06 12:35:03 PT [2021/07/06 15:35:03 ET]
Table 'Kajam V' 9-max Seat #5 is the button
Seat 1: Kausar366 ($1.55 in chips) 
Seat 2: kozhax15 ($4.12 in chips) 
Seat 3: Dorex2007 ($2 in chips) 
Seat 4: TrzymamKolo ($2 in chips) 
Seat 5: tylerdurden21x ($1.93 in chips) 
Seat 6: mrgwllms ($2.08 in chips) 
Seat 8: Hannelore900 ($4.65 in chips) 
Seat 9: gadgie74 ($0.34 in chips) 
mrgwllms: posts small blind $0.01
Hannelore900: posts big blind $0.02
*** HOLE CARDS ***
Dealt to Dorex2007 [Kc Ah]
gadgie74: calls $0.02
Kausar366: folds 
kozhax15: folds 
Dorex2007: raises $0.04 to $0.06
TrzymamKolo: folds 
tylerdurden21x: folds 
mrgwllms: folds 
Hannelore900: calls $0.04
gadgie74: calls $0.04
*** FLOP *** [6d 8c 5d]
Hannelore900: bets $0.18
gadgie74: raises $0.10 to $0.28 and is all-in
Dorex2007: folds 
Hannelore900: calls $0.10
*** TURN *** [6d 8c 5d] [Js]
Kausar366 leaves the table
*** RIVER *** [6d 8c 5d Js] [Qh]
*** SHOW DOWN ***
Hannelore900: shows [6h 6c] (three of a kind, Sixes)
gadgie74: shows [9h 9d] (a pair of Nines)
Hannelore900 collected $0.71 from pot
*** SUMMARY ***
Total pot $0.75 | Rake $0.04 
Board [6d 8c 5d Js Qh]
Seat 1: Kausar366 folded before Flop (didn't bet)
Seat 2: kozhax15 folded before Flop (didn't bet)
Seat 3: Dorex2007 folded on the Flop
Seat 4: TrzymamKolo folded before Flop (didn't bet)
Seat 5: tylerdurden21x (button) folded before Flop (didn't bet)
Seat 6: mrgwllms (small blind) folded before Flop
Seat 8: Hannelore900 (big blind) showed [6h 6c] and won ($0.71) with three of a kind, Sixes
Seat 9: gadgie74 showed [9h 9d] and lost with a pair of Nines



PokerStars Hand #228102143652:  Hold'em No Limit ($0.01/$0.02 USD) - 2021/07/06 12:35:46 PT [2021/07/06 15:35:46 ET]
Table 'Kajam V' 9-max Seat #6 is the button
Seat 2: kozhax15 ($4.12 in chips) 
Seat 3: Dorex2007 ($1.94 in chips) 
Seat 4: TrzymamKolo ($2 in chips) 
Seat 5: tylerdurden21x ($1.93 in chips) 
Seat 6: mrgwllms ($2.07 in chips) 
Seat 8: Hannelore900 ($5.02 in chips) 
Hannelore900: posts small blind $0.01
kozhax15: posts big blind $0.02
*** HOLE CARDS ***
Dealt to Dorex2007 [8c Jh]
Dorex2007: folds 
PokerPops84 joins the table at seat #1 
gadgie74 leaves the table
TrzymamKolo: folds 
tylerdurden21x: raises $0.04 to $0.06
mrgwllms: folds 
Hannelore900: calls $0.05
kozhax15: folds 
*** FLOP *** [6h 2s 6s]
Hannelore900: checks 
tylerdurden21x: checks 
*** TURN *** [6h 2s 6s] [9c]
Hannelore900: checks 
tylerdurden21x: checks 
*** RIVER *** [6h 2s 6s 9c] [8s]
Hannelore900: checks 
tylerdurden21x: checks 
*** SHOW DOWN ***
Hannelore900: shows [Ah 3c] (a pair of Sixes)
tylerdurden21x: mucks hand 
pablo0303456 joins the table at seat #9 
Hannelore900 collected $0.14 from pot
*** SUMMARY ***
Total pot $0.14 | Rake $0 
Board [6h 2s 6s 9c 8s]
Seat 2: kozhax15 (big blind) folded before Flop
Seat 3: Dorex2007 folded before Flop (didn't bet)
Seat 4: TrzymamKolo folded before Flop (didn't bet)
Seat 5: tylerdurden21x mucked [Kd Qc]
Seat 6: mrgwllms (button) folded before Flop (didn't bet)
Seat 8: Hannelore900 (small blind) showed [Ah 3c] and won ($0.14) with a pair of Sixes



PokerStars Hand #228102163937:  Hold'em No Limit ($0.01/$0.02 USD) - 2021/07/06 12:36:39 PT [2021/07/06 15:36:39 ET]
Table 'Kajam V' 9-max Seat #8 is the button
Seat 2: kozhax15 ($4.10 in chips) 
Seat 3: Dorex2007 ($1.94 in chips) 
Seat 4: TrzymamKolo ($2 in chips) 
Seat 5: tylerdurden21x ($1.87 in chips) 
Seat 6: mrgwllms ($2.07 in chips) 
Seat 8: Hannelore900 ($5.10 in chips) 
kozhax15: posts small blind $0.01
Dorex2007: posts big blind $0.02
*** HOLE CARDS ***
Dealt to Dorex2007 [Ac 3d]
TrzymamKolo: folds 
tylerdurden21x: raises $0.02 to $0.04
mrgwllms: folds 
Hannelore900: folds 
kozhax15: folds 
Dorex2007: folds 
Uncalled bet ($0.02) returned to tylerdurden21x
tylerdurden21x collected $0.05 from pot
tylerdurden21x: doesn't show hand 
*** SUMMARY ***
Total pot $0.05 | Rake $0 
Seat 2: kozhax15 (small blind) folded before Flop
Seat 3: Dorex2007 (big blind) folded before Flop
Seat 4: TrzymamKolo folded before Flop (didn't bet)
Seat 5: tylerdurden21x collected ($0.05)
Seat 6: mrgwllms folded before Flop (didn't bet)
Seat 8: Hannelore900 (button) folded before Flop (didn't bet)



PokerStars Hand #228102183864:  Hold'em No Limit ($0.01/$0.02 USD) - 2021/07/06 12:37:32 PT [2021/07/06 15:37:32 ET]
Table 'Kajam V' 9-max Seat #2 is the button
Seat 1: PokerPops84 ($2 in chips) 
Seat 2: kozhax15 ($4.09 in chips) 
Seat 3: Dorex2007 ($1.92 in chips) 
Seat 4: TrzymamKolo ($2 in chips) 
Seat 5: tylerdurden21x ($1.90 in chips) 
Seat 6: mrgwllms ($2.07 in chips) 
Seat 8: Hannelore900 ($5.10 in chips) 
Dorex2007: posts small blind $0.01
TrzymamKolo: posts big blind $0.02
pablo0303456: sits out 
PokerPops84: posts big blind $0.02
*** HOLE CARDS ***
Dealt to Dorex2007 [4s 2s]
tylerdurden21x: folds 
mrgwllms: calls $0.02
Hannelore900: folds 
PokerPops84: checks 
kozhax15: folds 
Dorex2007: folds 
TrzymamKolo: checks 
*** FLOP *** [5d 5s 4d]
TrzymamKolo: checks 
mrgwllms: bets $0.07
PokerPops84: folds 
TrzymamKolo: folds 
Uncalled bet ($0.07) returned to mrgwllms
mrgwllms collected $0.07 from pot
mrgwllms: doesn't show hand 
*** SUMMARY ***
Total pot $0.07 | Rake $0 
Board [5d 5s 4d]
Seat 1: PokerPops84 folded on the Flop (didn't bet)
Seat 2: kozhax15 (button) folded before Flop (didn't bet)
Seat 3: Dorex2007 (small blind) folded before Flop
Seat 4: TrzymamKolo (big blind) folded on the Flop
Seat 5: tylerdurden21x folded before Flop (didn't bet)
Seat 6: mrgwllms collected ($0.07)
Seat 8: Hannelore900 folded before Flop (didn't bet)



PokerStars Hand #228102196837:  Hold'em No Limit ($0.01/$0.02 USD) - 2021/07/06 12:38:06 PT [2021/07/06 15:38:06 ET]
Table 'Kajam V' 9-max Seat #3 is the button
Seat 1: PokerPops84 ($1.98 in chips) 
Seat 2: kozhax15 ($4.09 in chips) 
Seat 3: Dorex2007 ($1.91 in chips) 
Seat 4: TrzymamKolo ($2 in chips) 
Seat 6: mrgwllms ($2.12 in chips) 
Seat 8: Hannelore900 ($5.10 in chips) 
TrzymamKolo: posts small blind $0.01
tylerdurden21x: is sitting out 
mrgwllms: posts big blind $0.02
pablo0303456: sits out 
*** HOLE CARDS ***
Dealt to Dorex2007 [Qs 9d]
Hannelore900: calls $0.02
PokerPops84: folds 
kozhax15: folds 
tylerdurden21x leaves the table
Dorex2007: folds 
TrzymamKolo: calls $0.01
ST3RK joins the table at seat #5 
mrgwllms: checks 
*** FLOP *** [Jh 6h 4c]
TrzymamKolo: bets $0.06
mrgwllms: folds 
Hannelore900: folds 
Uncalled bet ($0.06) returned to TrzymamKolo
TrzymamKolo collected $0.06 from pot
TrzymamKolo: doesn't show hand 
*** SUMMARY ***
Total pot $0.06 | Rake $0 
Board [Jh 6h 4c]
Seat 1: PokerPops84 folded before Flop (didn't bet)
Seat 2: kozhax15 folded before Flop (didn't bet)
Seat 3: Dorex2007 (button) folded before Flop (didn't bet)
Seat 4: TrzymamKolo (small blind) collected ($0.06)
Seat 6: mrgwllms (big blind) folded on the Flop
Seat 8: Hannelore900 folded on the Flop



PokerStars Hand #228102210232:  Hold'em No Limit ($0.01/$0.02 USD) - 2021/07/06 12:38:40 PT [2021/07/06 15:38:40 ET]
Table 'Kajam V' 9-max Seat #4 is the button
Seat 1: PokerPops84 ($1.98 in chips) 
Seat 2: kozhax15 ($4.09 in chips) 
Seat 3: Dorex2007 ($1.91 in chips) 
Seat 4: TrzymamKolo ($2.04 in chips) 
Seat 6: mrgwllms ($2.10 in chips) 
Seat 8: Hannelore900 ($5.08 in chips) 
mrgwllms: posts small blind $0.01
Hannelore900: posts big blind $0.02
pablo0303456: sits out 
*** HOLE CARDS ***
Dealt to Dorex2007 [Ac 7s]
PokerPops84: folds 
kozhax15: folds 
Dorex2007: folds 
TrzymamKolo: folds 
mrgwllms: calls $0.01
Hannelore900: checks 
*** FLOP *** [7d 8d 9d]
mrgwllms: checks 
Hannelore900: checks 
*** TURN *** [7d 8d 9d] [7c]
mrgwllms: checks 
Hannelore900: checks 
*** RIVER *** [7d 8d 9d 7c] [4s]
mrgwllms: checks 
Hannelore900: bets $0.02
mrgwllms: calls $0.02
*** SHOW DOWN ***
Hannelore900: shows [2s 8s] (two pair, Eights and Sevens)
mrgwllms: mucks hand 
Hannelore900 collected $0.08 from pot
kobralyuda leaves the table
*** SUMMARY ***
Total pot $0.08 | Rake $0 
Board [7d 8d 9d 7c 4s]
Seat 1: PokerPops84 folded before Flop (didn't bet)
Seat 2: kozhax15 folded before Flop (didn't bet)
Seat 3: Dorex2007 folded before Flop (didn't bet)
Seat 4: TrzymamKolo (button) folded before Flop (didn't bet)
Seat 6: mrgwllms (small blind) mucked [2h 4h]
Seat 8: Hannelore900 (big blind) showed [2s 8s] and won ($0.08) with two pair, Eights and Sevens



PokerStars Hand #228102221343:  Hold'em No Limit ($0.01/$0.02 USD) - 2021/07/06 12:39:09 PT [2021/07/06 15:39:09 ET]
Table 'Kajam V' 9-max Seat #6 is the button
Seat 1: PokerPops84 ($1.98 in chips) 
Seat 2: kozhax15 ($4.09 in chips) 
Seat 3: Dorex2007 ($1.91 in chips) 
Seat 4: TrzymamKolo ($2.04 in chips) 
Seat 5: ST3RK ($2 in chips) 
Seat 6: mrgwllms ($2.06 in chips) 
Seat 8: Hannelore900 ($5.12 in chips) 
Seat 9: pablo0303456 ($0.80 in chips) 
Hannelore900: posts small blind $0.01
pablo0303456: posts big blind $0.02
ST3RK: posts big blind $0.02
*** HOLE CARDS ***
Dealt to Dorex2007 [3s Qh]
PokerPops84: folds 
kozhax15: folds 
Dorex2007: folds 
TrzymamKolo: folds 
ST3RK: checks 
mrgwllms: folds 
Hannelore900: calls $0.01
pablo0303456: checks 
*** FLOP *** [9s 4s Qd]
Hannelore900: checks 
Grieb777 joins the table at seat #7 
pablo0303456: checks 
ST3RK: checks 
*** TURN *** [9s 4s Qd] [8d]
Hannelore900: checks 
pablo0303456: bets $0.06
ST3RK: folds 
Hannelore900: calls $0.06
*** RIVER *** [9s 4s Qd 8d] [7h]
Hannelore900: checks 
pablo0303456: bets $0.17
Hannelore900: calls $0.17
*** SHOW DOWN ***
pablo0303456: shows [7c Kc] (a pair of Sevens)
Hannelore900: shows [7d 8c] (two pair, Eights and Sevens)
Hannelore900 collected $0.50 from pot
*** SUMMARY ***
Total pot $0.52 | Rake $0.02 
Board [9s 4s Qd 8d 7h]
Seat 1: PokerPops84 folded before Flop (didn't bet)
Seat 2: kozhax15 folded before Flop (didn't bet)
Seat 3: Dorex2007 folded before Flop (didn't bet)
Seat 4: TrzymamKolo folded before Flop (didn't bet)
Seat 5: ST3RK folded on the Turn (didn't bet)
Seat 6: mrgwllms (button) folded before Flop (didn't bet)
Seat 8: Hannelore900 (small blind) showed [7d 8c] and won ($0.50) with two pair, Eights and Sevens
Seat 9: pablo0303456 (big blind) showed [7c Kc] and lost with a pair of Sevens



PokerStars Hand #228102246023:  Hold'em No Limit ($0.01/$0.02 USD) - 2021/07/06 12:40:15 PT [2021/07/06 15:40:15 ET]
Table 'Kajam V' 9-max Seat #8 is the button
Seat 1: PokerPops84 ($1.98 in chips) 
Seat 2: kozhax15 ($4.09 in chips) 
Seat 3: Dorex2007 ($1.91 in chips) 
Seat 4: TrzymamKolo ($2.04 in chips) 
Seat 5: ST3RK ($1.98 in chips) 
Seat 6: mrgwllms ($2.06 in chips) 
Seat 7: Grieb777 ($0.84 in chips) 
Seat 8: Hannelore900 ($5.37 in chips) 
Seat 9: pablo0303456 ($0.55 in chips) 
pablo0303456: posts small blind $0.01
PokerPops84: posts big blind $0.02
Grieb777: posts big blind $0.02
*** HOLE CARDS ***
Dealt to Dorex2007 [2s 4h]
kozhax15 has timed out
kozhax15: folds 
Dorex2007: folds 
TrzymamKolo: raises $0.04 to $0.06
ST3RK: folds 
mrgwllms: calls $0.06
Grieb777: calls $0.04
Hannelore900: folds 
pablo0303456: folds 
PokerPops84: folds 
*** FLOP *** [9c 6d Jd]
TrzymamKolo: bets $0.10
mrgwllms: folds 
Grieb777: calls $0.10
*** TURN *** [9c 6d Jd] [Jc]
Hannelore900 leaves the table
TrzymamKolo: checks 
Grieb777: bets $0.68 and is all-in
TrzymamKolo: folds 
Uncalled bet ($0.68) returned to Grieb777
Grieb777 collected $0.40 from pot
Grieb777: doesn't show hand 
*** SUMMARY ***
Total pot $0.41 | Rake $0.01 
Board [9c 6d Jd Jc]
Seat 1: PokerPops84 (big blind) folded before Flop
Seat 2: kozhax15 folded before Flop (didn't bet)
Seat 3: Dorex2007 folded before Flop (didn't bet)
Seat 4: TrzymamKolo folded on the Turn
Seat 5: ST3RK folded before Flop (didn't bet)
Seat 6: mrgwllms folded on the Flop
Seat 7: Grieb777 collected ($0.40)
Seat 8: Hannelore900 (button) folded before Flop (didn't bet)
Seat 9: pablo0303456 (small blind) folded before Flop



PokerStars Hand #228102272797:  Hold'em No Limit ($0.01/$0.02 USD) - 2021/07/06 12:41:25 PT [2021/07/06 15:41:25 ET]
Table 'Kajam V' 9-max Seat #9 is the button
Seat 1: PokerPops84 ($1.96 in chips) 
Seat 2: kozhax15 ($4.09 in chips) 
Seat 3: Dorex2007 ($1.91 in chips) 
Seat 4: TrzymamKolo ($2 in chips) 
Seat 5: ST3RK ($1.98 in chips) 
Seat 6: mrgwllms ($2 in chips) 
Seat 7: Grieb777 ($1.08 in chips) 
Seat 9: pablo0303456 ($0.54 in chips) 
PokerPops84: posts small blind $0.01
kozhax15: posts big blind $0.02
*** HOLE CARDS ***
Dealt to Dorex2007 [Qc 3h]
Dorex2007: folds 
TrzymamKolo: folds 
ST3RK: folds 
mrgwllms: raises $0.05 to $0.07
Grieb777: folds 
shuhrat19744 joins the table at seat #8 
pablo0303456: calls $0.07
PokerPops84: folds 
kozhax15: folds 
*** FLOP *** [Td 7c 3d]
mrgwllms: bets $0.16
pablo0303456: calls $0.16
*** TURN *** [Td 7c 3d] [Ac]
mrgwllms: checks 
pablo0303456: bets $0.31 and is all-in
mrgwllms: calls $0.31
*** RIVER *** [Td 7c 3d Ac] [Jc]
*** SHOW DOWN ***
mrgwllms: shows [Ts Ah] (two pair, Aces and Tens)
pablo0303456: shows [Js 8s] (a pair of Jacks)
mrgwllms collected $1.07 from pot
*** SUMMARY ***
Total pot $1.11 | Rake $0.04 
Board [Td 7c 3d Ac Jc]
Seat 1: PokerPops84 (small blind) folded before Flop
Seat 2: kozhax15 (big blind) folded before Flop
Seat 3: Dorex2007 folded before Flop (didn't bet)
Seat 4: TrzymamKolo folded before Flop (didn't bet)
Seat 5: ST3RK folded before Flop (didn't bet)
Seat 6: mrgwllms showed [Ts Ah] and won ($1.07) with two pair, Aces and Tens
Seat 7: Grieb777 folded before Flop (didn't bet)
Seat 9: pablo0303456 (button) showed [Js 8s] and lost with a pair of Jacks



PokerStars Hand #228102297709:  Hold'em No Limit ($0.01/$0.02 USD) - 2021/07/06 12:42:30 PT [2021/07/06 15:42:30 ET]
Table 'Kajam V' 9-max Seat #1 is the button
Seat 1: PokerPops84 ($1.95 in chips) 
Seat 2: kozhax15 ($4.07 in chips) 
Seat 3: Dorex2007 ($1.91 in chips) 
Seat 4: TrzymamKolo ($2 in chips) 
Seat 5: ST3RK ($1.98 in chips) 
Seat 6: mrgwllms ($2.53 in chips) 
Seat 7: Grieb777 ($1.08 in chips) 
kozhax15: posts small blind $0.01
Dorex2007: posts big blind $0.02
shuhrat19744: sits out 
*** HOLE CARDS ***
Dealt to Dorex2007 [9s 7d]
TrzymamKolo: folds 
ST3RK: raises $0.05 to $0.07
mrgwllms: folds 
pablo0303456 leaves the table
Grieb777: folds 
PokerPops84: folds 
kozhax15: folds 
Dorex2007: folds 
Uncalled bet ($0.05) returned to ST3RK
ST3RK collected $0.05 from pot
ST3RK: doesn't show hand 
*** SUMMARY ***
Total pot $0.05 | Rake $0 
Seat 1: PokerPops84 (button) folded before Flop (didn't bet)
Seat 2: kozhax15 (small blind) folded before Flop
Seat 3: Dorex2007 (big blind) folded before Flop
Seat 4: TrzymamKolo folded before Flop (didn't bet)
Seat 5: ST3RK collected ($0.05)
Seat 6: mrgwllms folded before Flop (didn't bet)
Seat 7: Grieb777 folded before Flop (didn't bet)



PokerStars Hand #228102304781:  Hold'em No Limit ($0.01/$0.02 USD) - 2021/07/06 12:42:48 PT [2021/07/06 15:42:48 ET]
Table 'Kajam V' 9-max Seat #2 is the button
Seat 1: PokerPops84 ($1.95 in chips) 
Seat 2: kozhax15 ($4.06 in chips) 
Seat 3: Dorex2007 ($1.89 in chips) 
Seat 4: TrzymamKolo ($2 in chips) 
Seat 5: ST3RK ($2.01 in chips) 
Seat 6: mrgwllms ($2.53 in chips) 
Seat 7: Grieb777 ($1.08 in chips) 
Dorex2007: posts small blind $0.01
TrzymamKolo: posts big blind $0.02
shuhrat19744: sits out 
*** HOLE CARDS ***
Dealt to Dorex2007 [Kd 2s]
ST3RK: folds 
mrgwllms: calls $0.02
Grieb777: calls $0.02
PokerPops84: calls $0.02
kozhax15: calls $0.02
Dorex2007: folds 
TrzymamKolo: checks 
*** FLOP *** [7d Ac Ad]
TrzymamKolo: checks 
mrgwllms: checks 
Grieb777: bets $0.06
PokerPops84: folds 
kozhax15: folds 
TrzymamKolo: folds 
mrgwllms: folds 
Uncalled bet ($0.06) returned to Grieb777
Grieb777 collected $0.11 from pot
Grieb777: doesn't show hand 
*** SUMMARY ***
Total pot $0.11 | Rake $0 
Board [7d Ac Ad]
Seat 1: PokerPops84 folded on the Flop
Seat 2: kozhax15 (button) folded on the Flop
Seat 3: Dorex2007 (small blind) folded before Flop
Seat 4: TrzymamKolo (big blind) folded on the Flop
Seat 5: ST3RK folded before Flop (didn't bet)
Seat 6: mrgwllms folded on the Flop
Seat 7: Grieb777 collected ($0.11)



PokerStars Hand #228102317923:  Hold'em No Limit ($0.01/$0.02 USD) - 2021/07/06 12:43:23 PT [2021/07/06 15:43:23 ET]
Table 'Kajam V' 9-max Seat #3 is the button
Seat 1: PokerPops84 ($1.93 in chips) 
Seat 2: kozhax15 ($4.04 in chips) 
Seat 3: Dorex2007 ($1.88 in chips) 
Seat 4: TrzymamKolo ($2 in chips) 
Seat 5: ST3RK ($2.01 in chips) 
Seat 6: mrgwllms ($2.51 in chips) 
Seat 7: Grieb777 ($1.17 in chips) 
TrzymamKolo: posts small blind $0.01
ST3RK: posts big blind $0.02
shuhrat19744: sits out 
*** HOLE CARDS ***
Dealt to Dorex2007 [3s 5s]
mrgwllms: folds 
Grieb777: folds 
PokerPops84: folds 
Xren_c_bura joins the table at seat #9 
kozhax15: raises $0.04 to $0.06
Dorex2007: folds 
TrzymamKolo: folds 
ST3RK: folds 
Uncalled bet ($0.04) returned to kozhax15
kozhax15 collected $0.05 from pot
kozhax15: doesn't show hand 
*** SUMMARY ***
Total pot $0.05 | Rake $0 
Seat 1: PokerPops84 folded before Flop (didn't bet)
Seat 2: kozhax15 collected ($0.05)
Seat 3: Dorex2007 (button) folded before Flop (didn't bet)
Seat 4: TrzymamKolo (small blind) folded before Flop
Seat 5: ST3RK (big blind) folded before Flop
Seat 6: mrgwllms folded before Flop (didn't bet)
Seat 7: Grieb777 folded before Flop (didn't bet)



PokerStars Hand #228102325244:  Hold'em No Limit ($0.01/$0.02 USD) - 2021/07/06 12:43:42 PT [2021/07/06 15:43:42 ET]
Table 'Kajam V' 9-max Seat #4 is the button
Seat 1: PokerPops84 ($1.93 in chips) 
Seat 2: kozhax15 ($4.07 in chips) 
Seat 3: Dorex2007 ($1.88 in chips) 
Seat 4: TrzymamKolo ($2 in chips) 
Seat 5: ST3RK ($1.99 in chips) 
Seat 6: mrgwllms ($2.51 in chips) 
Seat 7: Grieb777 ($1.17 in chips) 
ST3RK: posts small blind $0.01
mrgwllms: posts big blind $0.02
shuhrat19744: sits out 
Xren_c_bura: sits out 
*** HOLE CARDS ***
Dealt to Dorex2007 [Qc Ks]
Grieb777: raises $0.02 to $0.04
PokerPops84: calls $0.04
kozhax15: folds 
Dorex2007: folds 
TrzymamKolo: folds 
ST3RK: folds 
mrgwllms: folds 
*** FLOP *** [8d 5s Qd]
Grieb777: checks 
PokerPops84: checks 
*** TURN *** [8d 5s Qd] [4h]
Grieb777: bets $0.02
PokerPops84: calls $0.02
*** RIVER *** [8d 5s Qd 4h] [4c]
Grieb777: checks 
PokerPops84: checks 
*** SHOW DOWN ***
Grieb777: shows [Ac Td] (a pair of Fours)
PokerPops84: shows [Ah Jh] (a pair of Fours - Ace+Queen+Jack kicker)
PokerPops84 collected $0.14 from pot
*** SUMMARY ***
Total pot $0.15 | Rake $0.01 
Board [8d 5s Qd 4h 4c]
Seat 1: PokerPops84 showed [Ah Jh] and won ($0.14) with a pair of Fours
Seat 2: kozhax15 folded before Flop (didn't bet)
Seat 3: Dorex2007 folded before Flop (didn't bet)
Seat 4: TrzymamKolo (button) folded before Flop (didn't bet)
Seat 5: ST3RK (small blind) folded before Flop
Seat 6: mrgwllms (big blind) folded before Flop
Seat 7: Grieb777 showed [Ac Td] and lost with a pair of Fours



PokerStars Hand #228102337653:  Hold'em No Limit ($0.01/$0.02 USD) - 2021/07/06 12:44:14 PT [2021/07/06 15:44:14 ET]
Table 'Kajam V' 9-max Seat #5 is the button
Seat 1: PokerPops84 ($2.01 in chips) 
Seat 2: kozhax15 ($4.07 in chips) 
Seat 3: Dorex2007 ($1.88 in chips) 
Seat 4: TrzymamKolo ($2 in chips) 
Seat 5: ST3RK ($1.98 in chips) 
Seat 6: mrgwllms ($2.49 in chips) 
Seat 7: Grieb777 ($1.11 in chips) 
mrgwllms: posts small blind $0.01
Grieb777: posts big blind $0.02
shuhrat19744: sits out 
Xren_c_bura: sits out 
*** HOLE CARDS ***
Dealt to Dorex2007 [As Ts]
PokerPops84: folds 
kozhax15 has timed out
kozhax15: folds 
Dorex2007: raises $0.04 to $0.06
TrzymamKolo: folds 
ST3RK: folds 
mrgwllms: folds 
Grieb777: folds 
Uncalled bet ($0.04) returned to Dorex2007
Dorex2007 collected $0.05 from pot
Dorex2007: doesn't show hand 
*** SUMMARY ***
Total pot $0.05 | Rake $0 
Seat 1: PokerPops84 folded before Flop (didn't bet)
Seat 2: kozhax15 folded before Flop (didn't bet)
Seat 3: Dorex2007 collected ($0.05)
Seat 4: TrzymamKolo folded before Flop (didn't bet)
Seat 5: ST3RK (button) folded before Flop (didn't bet)
Seat 6: mrgwllms (small blind) folded before Flop
Seat 7: Grieb777 (big blind) folded before Flop



PokerStars Hand #228102348096:  Hold'em No Limit ($0.01/$0.02 USD) - 2021/07/06 12:44:42 PT [2021/07/06 15:44:42 ET]
Table 'Kajam V' 9-max Seat #6 is the button
Seat 1: PokerPops84 ($2.01 in chips) 
Seat 2: kozhax15 ($4.07 in chips) 
Seat 3: Dorex2007 ($1.91 in chips) 
Seat 4: TrzymamKolo ($2 in chips) 
Seat 5: ST3RK ($1.98 in chips) 
Seat 6: mrgwllms ($2.48 in chips) 
Seat 7: Grieb777 ($1.09 in chips) 
Seat 8: shuhrat19744 ($2 in chips) 
Grieb777: posts small blind $0.01
shuhrat19744: posts big blind $0.02
Xren_c_bura: sits out 
*** HOLE CARDS ***
Dealt to Dorex2007 [Ad 4c]
PokerPops84: calls $0.02
kozhax15: calls $0.02
Dorex2007: folds 
TrzymamKolo: folds 
ST3RK: calls $0.02
mrgwllms: folds 
Grieb777: calls $0.01
shuhrat19744: raises $0.16 to $0.18
PokerPops84: folds 
kozhax15: folds 
ST3RK: folds 
Grieb777: folds 
Uncalled bet ($0.16) returned to shuhrat19744
shuhrat19744 collected $0.10 from pot
shuhrat19744: doesn't show hand 
*** SUMMARY ***
Total pot $0.10 | Rake $0 
Seat 1: PokerPops84 folded before Flop
Seat 2: kozhax15 folded before Flop
Seat 3: Dorex2007 folded before Flop (didn't bet)
Seat 4: TrzymamKolo folded before Flop (didn't bet)
Seat 5: ST3RK folded before Flop
Seat 6: mrgwllms (button) folded before Flop (didn't bet)
Seat 7: Grieb777 (small blind) folded before Flop
Seat 8: shuhrat19744 (big blind) collected ($0.10)



PokerStars Hand #228102358336:  Hold'em No Limit ($0.01/$0.02 USD) - 2021/07/06 12:45:09 PT [2021/07/06 15:45:09 ET]
Table 'Kajam V' 9-max Seat #7 is the button
Seat 1: PokerPops84 ($1.99 in chips) 
Seat 2: kozhax15 ($4.05 in chips) 
Seat 3: Dorex2007 ($1.91 in chips) 
Seat 4: TrzymamKolo ($2 in chips) 
Seat 5: ST3RK ($1.96 in chips) 
Seat 6: mrgwllms ($2.48 in chips) 
Seat 7: Grieb777 ($1.07 in chips) 
Seat 8: shuhrat19744 ($2.08 in chips) 
Seat 9: Xren_c_bura ($2 in chips) 
shuhrat19744: posts small blind $0.01
Xren_c_bura: posts big blind $0.02
*** HOLE CARDS ***
Dealt to Dorex2007 [6c 8h]
PokerPops84: folds 
kozhax15: folds 
Dorex2007: folds 
TrzymamKolo: folds 
ST3RK: calls $0.02
mrgwllms: folds 
Grieb777: raises $0.03 to $0.05
shuhrat19744: folds 
Xren_c_bura: folds 
ST3RK: calls $0.03
*** FLOP *** [2d Tc Qc]
ST3RK: bets $0.07
Grieb777: calls $0.07
*** TURN *** [2d Tc Qc] [3h]
ST3RK: bets $0.08
Grieb777: raises $0.08 to $0.16
ST3RK: calls $0.08
*** RIVER *** [2d Tc Qc 3h] [Ks]
ST3RK: checks 
Grieb777: checks 
*** SHOW DOWN ***
ST3RK: shows [Th Js] (a pair of Tens)
Grieb777: shows [Jc Qs] (a pair of Queens)
Grieb777 collected $0.57 from pot
*** SUMMARY ***
Total pot $0.59 | Rake $0.02 
Board [2d Tc Qc 3h Ks]
Seat 1: PokerPops84 folded before Flop (didn't bet)
Seat 2: kozhax15 folded before Flop (didn't bet)
Seat 3: Dorex2007 folded before Flop (didn't bet)
Seat 4: TrzymamKolo folded before Flop (didn't bet)
Seat 5: ST3RK showed [Th Js] and lost with a pair of Tens
Seat 6: mrgwllms folded before Flop (didn't bet)
Seat 7: Grieb777 (button) showed [Jc Qs] and won ($0.57) with a pair of Queens
Seat 8: shuhrat19744 (small blind) folded before Flop
Seat 9: Xren_c_bura (big blind) folded before Flop



PokerStars Hand #228102391657:  Hold'em No Limit ($0.01/$0.02 USD) - 2021/07/06 12:46:14 PT [2021/07/06 15:46:14 ET]
Table 'Kajam V' 9-max Seat #8 is the button
Seat 1: PokerPops84 ($1.99 in chips) 
Seat 3: Dorex2007 ($1.91 in chips) 
Seat 4: TrzymamKolo ($2 in chips) 
Seat 5: ST3RK ($1.68 in chips) 
Seat 6: mrgwllms ($2.48 in chips) 
Seat 7: Grieb777 ($1.36 in chips) 
Seat 8: shuhrat19744 ($2.07 in chips) 
Seat 9: Xren_c_bura ($1.98 in chips) 
Xren_c_bura: posts small blind $0.01
PokerPops84: posts big blind $0.02
*** HOLE CARDS ***
Dealt to Dorex2007 [9s Ah]
Dorex2007: folds 
TrzymamKolo: folds 
ST3RK: raises $0.06 to $0.08
mrgwllms: calls $0.08
Grieb777: folds 
shuhrat19744: folds 
Xren_c_bura: folds 
PokerPops84: folds 
*** FLOP *** [Qs Kh 2s]
ST3RK: bets $0.18
mrgwllms: folds 
Uncalled bet ($0.18) returned to ST3RK
ST3RK collected $0.18 from pot
ST3RK: doesn't show hand 
*** SUMMARY ***
Total pot $0.19 | Rake $0.01 
Board [Qs Kh 2s]
Seat 1: PokerPops84 (big blind) folded before Flop
Seat 3: Dorex2007 folded before Flop (didn't bet)
Seat 4: TrzymamKolo folded before Flop (didn't bet)
Seat 5: ST3RK collected ($0.18)
Seat 6: mrgwllms folded on the Flop
Seat 7: Grieb777 folded before Flop (didn't bet)
Seat 8: shuhrat19744 (button) folded before Flop (didn't bet)
Seat 9: Xren_c_bura (small blind) folded before Flop



PokerStars Hand #228102400639:  Hold'em No Limit ($0.01/$0.02 USD) - 2021/07/06 12:46:38 PT [2021/07/06 15:46:38 ET]
Table 'Kajam V' 9-max Seat #9 is the button
Seat 1: PokerPops84 ($1.97 in chips) 
Seat 3: Dorex2007 ($1.91 in chips) 
Seat 4: TrzymamKolo ($2 in chips) 
Seat 5: ST3RK ($1.78 in chips) 
Seat 6: mrgwllms ($2.40 in chips) 
Seat 7: Grieb777 ($1.36 in chips) 
Seat 8: shuhrat19744 ($2.07 in chips) 
Seat 9: Xren_c_bura ($1.97 in chips) 
PokerPops84: posts small blind $0.01
Dorex2007: posts big blind $0.02
*** HOLE CARDS ***
Dealt to Dorex2007 [6c 4s]
TrzymamKolo: folds 
ST3RK: folds 
mrgwllms: folds 
Grieb777: folds 
shuhrat19744: folds 
Xren_c_bura: raises $0.02 to $0.04
PokerPops84: folds 
Dorex2007: folds 
Uncalled bet ($0.02) returned to Xren_c_bura
Xren_c_bura collected $0.05 from pot
Xren_c_bura: doesn't show hand 
*** SUMMARY ***
Total pot $0.05 | Rake $0 
Seat 1: PokerPops84 (small blind) folded before Flop
Seat 3: Dorex2007 (big blind) folded before Flop
Seat 4: TrzymamKolo folded before Flop (didn't bet)
Seat 5: ST3RK folded before Flop (didn't bet)
Seat 6: mrgwllms folded before Flop (didn't bet)
Seat 7: Grieb777 folded before Flop (didn't bet)
Seat 8: shuhrat19744 folded before Flop (didn't bet)
Seat 9: Xren_c_bura (button) collected ($0.05)



PokerStars Hand #228102410977:  Hold'em No Limit ($0.01/$0.02 USD) - 2021/07/06 12:47:05 PT [2021/07/06 15:47:05 ET]
Table 'Kajam V' 9-max Seat #1 is the button
Seat 1: PokerPops84 ($1.96 in chips) 
Seat 3: Dorex2007 ($1.89 in chips) 
Seat 4: TrzymamKolo ($2 in chips) 
Seat 5: ST3RK ($1.78 in chips) 
Seat 6: mrgwllms ($2.40 in chips) 
Seat 7: Grieb777 ($1.36 in chips) 
Seat 8: shuhrat19744 ($2.07 in chips) 
Seat 9: Xren_c_bura ($2 in chips) 
Dorex2007: posts small blind $0.01
TrzymamKolo: posts big blind $0.02
*** HOLE CARDS ***
Dealt to Dorex2007 [5c 2d]
ST3RK: raises $0.04 to $0.06
mrgwllms: folds 
Grieb777: folds 
shuhrat19744: folds 
Xren_c_bura: folds 
PokerPops84: folds 
Dorex2007: folds 
TrzymamKolo: folds 
Uncalled bet ($0.04) returned to ST3RK
ST3RK collected $0.05 from pot
ST3RK: doesn't show hand 
*** SUMMARY ***
Total pot $0.05 | Rake $0 
Seat 1: PokerPops84 (button) folded before Flop (didn't bet)
Seat 3: Dorex2007 (small blind) folded before Flop
Seat 4: TrzymamKolo (big blind) folded before Flop
Seat 5: ST3RK collected ($0.05)
Seat 6: mrgwllms folded before Flop (didn't bet)
Seat 7: Grieb777 folded before Flop (didn't bet)
Seat 8: shuhrat19744 folded before Flop (didn't bet)
Seat 9: Xren_c_bura folded before Flop (didn't bet)



PokerStars Hand #228102415876:  Hold'em No Limit ($0.01/$0.02 USD) - 2021/07/06 12:47:18 PT [2021/07/06 15:47:18 ET]
Table 'Kajam V' 9-max Seat #3 is the button
Seat 1: PokerPops84 ($1.96 in chips) 
Seat 3: Dorex2007 ($1.88 in chips) 
Seat 4: TrzymamKolo ($2 in chips) 
Seat 5: ST3RK ($1.81 in chips) 
Seat 6: mrgwllms ($2.40 in chips) 
Seat 7: Grieb777 ($1.36 in chips) 
Seat 8: shuhrat19744 ($2.07 in chips) 
Seat 9: Xren_c_bura ($2 in chips) 
TrzymamKolo: posts small blind $0.01
ST3RK: posts big blind $0.02
*** HOLE CARDS ***
Dealt to Dorex2007 [4h 6d]
mrgwllms: calls $0.02
Grieb777: folds 
shuhrat19744: raises $0.07 to $0.09
Xren_c_bura: folds 
PokerPops84: folds 
Dorex2007: folds 
TrzymamKolo: folds 
ST3RK: folds 
mrgwllms: calls $0.07
*** FLOP *** [6s 7h Jd]
mrgwllms: checks 
shuhrat19744: bets $0.13
mrgwllms: folds 
Uncalled bet ($0.13) returned to shuhrat19744
shuhrat19744 collected $0.20 from pot
shuhrat19744: doesn't show hand 
*** SUMMARY ***
Total pot $0.21 | Rake $0.01 
Board [6s 7h Jd]
Seat 1: PokerPops84 folded before Flop (didn't bet)
Seat 3: Dorex2007 (button) folded before Flop (didn't bet)
Seat 4: TrzymamKolo (small blind) folded before Flop
Seat 5: ST3RK (big blind) folded before Flop
Seat 6: mrgwllms folded on the Flop
Seat 7: Grieb777 folded before Flop (didn't bet)
Seat 8: shuhrat19744 collected ($0.20)
Seat 9: Xren_c_bura folded before Flop (didn't bet)



PokerStars Hand #228102425414:  Hold'em No Limit ($0.01/$0.02 USD) - 2021/07/06 12:47:43 PT [2021/07/06 15:47:43 ET]
Table 'Kajam V' 9-max Seat #4 is the button
Seat 1: PokerPops84 ($1.96 in chips) 
Seat 3: Dorex2007 ($1.88 in chips) 
Seat 4: TrzymamKolo ($2 in chips) 
Seat 5: ST3RK ($1.79 in chips) 
Seat 6: mrgwllms ($2.31 in chips) 
Seat 7: Grieb777 ($1.36 in chips) 
Seat 8: shuhrat19744 ($2.18 in chips) 
Seat 9: Xren_c_bura ($2 in chips) 
ST3RK: posts small blind $0.01
mrgwllms: posts big blind $0.02
*** HOLE CARDS ***
Dealt to Dorex2007 [Js Kh]
Grieb777: folds 
shuhrat19744: folds 
Xren_c_bura: folds 
PokerPops84: folds 
Dorex2007: raises $0.04 to $0.06
TrzymamKolo: folds 
ST3RK: folds 
mrgwllms: raises $0.13 to $0.19
Dorex2007: folds 
Uncalled bet ($0.13) returned to mrgwllms
mrgwllms collected $0.13 from pot
mrgwllms: doesn't show hand 
*** SUMMARY ***
Total pot $0.13 | Rake $0 
Seat 1: PokerPops84 folded before Flop (didn't bet)
Seat 3: Dorex2007 folded before Flop
Seat 4: TrzymamKolo (button) folded before Flop (didn't bet)
Seat 5: ST3RK (small blind) folded before Flop
Seat 6: mrgwllms (big blind) collected ($0.13)
Seat 7: Grieb777 folded before Flop (didn't bet)
Seat 8: shuhrat19744 folded before Flop (didn't bet)
Seat 9: Xren_c_bura folded before Flop (didn't bet)



PokerStars Hand #228102440740:  Hold'em No Limit ($0.01/$0.02 USD) - 2021/07/06 12:48:19 PT [2021/07/06 15:48:19 ET]
Table 'Kajam V' 9-max Seat #5 is the button
Seat 1: PokerPops84 ($1.96 in chips) 
Seat 3: Dorex2007 ($1.82 in chips) 
Seat 4: TrzymamKolo ($2 in chips) 
Seat 5: ST3RK ($1.78 in chips) 
Seat 6: mrgwllms ($2.38 in chips) 
Seat 7: Grieb777 ($1.36 in chips) 
Seat 8: shuhrat19744 ($2.18 in chips) 
Seat 9: Xren_c_bura ($2 in chips) 
mrgwllms: posts small blind $0.01
Grieb777: posts big blind $0.02
*** HOLE CARDS ***
Dealt to Dorex2007 [7d 8d]
shuhrat19744: folds 
Xren_c_bura: folds 
PokerPops84: folds 
Dorex2007: folds 
TrzymamKolo: folds 
ST3RK: raises $0.04 to $0.06
mrgwllms: calls $0.05
Grieb777: raises $0.12 to $0.18
ST3RK: folds 
mrgwllms: calls $0.12
*** FLOP *** [9s 9d 4c]
mrgwllms: checks 
Grieb777: bets $0.12
mrgwllms: folds 
Uncalled bet ($0.12) returned to Grieb777
Grieb777 collected $0.41 from pot
Grieb777: doesn't show hand 
*** SUMMARY ***
Total pot $0.42 | Rake $0.01 
Board [9s 9d 4c]
Seat 1: PokerPops84 folded before Flop (didn't bet)
Seat 3: Dorex2007 folded before Flop (didn't bet)
Seat 4: TrzymamKolo folded before Flop (didn't bet)
Seat 5: ST3RK (button) folded before Flop
Seat 6: mrgwllms (small blind) folded on the Flop
Seat 7: Grieb777 (big blind) collected ($0.41)
Seat 8: shuhrat19744 folded before Flop (didn't bet)
Seat 9: Xren_c_bura folded before Flop (didn't bet)



PokerStars Hand #228102456439:  Hold'em No Limit ($0.01/$0.02 USD) - 2021/07/06 12:48:59 PT [2021/07/06 15:48:59 ET]
Table 'Kajam V' 9-max Seat #6 is the button
Seat 1: PokerPops84 ($1.96 in chips) 
Seat 2: kozhax15 ($4.05 in chips) 
Seat 3: Dorex2007 ($1.82 in chips) 
Seat 4: TrzymamKolo ($2 in chips) 
Seat 5: ST3RK ($1.72 in chips) 
Seat 6: mrgwllms ($2.20 in chips) 
Seat 7: Grieb777 ($1.59 in chips) 
Seat 8: shuhrat19744 ($2.18 in chips) 
Seat 9: Xren_c_bura ($2 in chips) 
Grieb777: posts small blind $0.01
shuhrat19744: posts big blind $0.02
kozhax15: posts small & big blinds $0.03
*** HOLE CARDS ***
Dealt to Dorex2007 [3d Qd]
Xren_c_bura: folds 
PokerPops84: calls $0.02
kozhax15: checks 
Dorex2007: folds 
TrzymamKolo: folds 
ST3RK: calls $0.02
mrgwllms: folds 
Grieb777: raises $0.11 to $0.13
shuhrat19744: folds 
PokerPops84: folds 
kozhax15: folds 
ST3RK: folds 
Uncalled bet ($0.11) returned to Grieb777
Grieb777 collected $0.11 from pot
Grieb777: doesn't show hand 
*** SUMMARY ***
Total pot $0.11 | Rake $0 
Seat 1: PokerPops84 folded before Flop
Seat 2: kozhax15 folded before Flop (didn't bet)
Seat 3: Dorex2007 folded before Flop (didn't bet)
Seat 4: TrzymamKolo folded before Flop (didn't bet)
Seat 5: ST3RK folded before Flop
Seat 6: mrgwllms (button) folded before Flop (didn't bet)
Seat 7: Grieb777 (small blind) collected ($0.11)
Seat 8: shuhrat19744 (big blind) folded before Flop
Seat 9: Xren_c_bura folded before Flop (didn't bet)



PokerStars Hand #228102470011:  Hold'em No Limit ($0.01/$0.02 USD) - 2021/07/06 12:49:34 PT [2021/07/06 15:49:34 ET]
Table 'Kajam V' 9-max Seat #7 is the button
Seat 1: PokerPops84 ($1.94 in chips) 
Seat 2: kozhax15 ($4.02 in chips) 
Seat 3: Dorex2007 ($1.82 in chips) 
Seat 4: TrzymamKolo ($2 in chips) 
Seat 5: ST3RK ($1.70 in chips) 
Seat 6: mrgwllms ($2.20 in chips) 
Seat 7: Grieb777 ($1.68 in chips) 
Seat 8: shuhrat19744 ($2.16 in chips) 
Seat 9: Xren_c_bura ($2 in chips) 
shuhrat19744: posts small blind $0.01
Xren_c_bura: posts big blind $0.02
*** HOLE CARDS ***
Dealt to Dorex2007 [4d 2d]
PokerPops84: folds 
kozhax15: folds 
Dorex2007: folds 
TrzymamKolo: folds 
ST3RK: folds 
mrgwllms: calls $0.02
Grieb777: folds 
shuhrat19744: folds 
Xren_c_bura: checks 
*** FLOP *** [4c 7d 5c]
Xren_c_bura: checks 
mrgwllms: checks 
*** TURN *** [4c 7d 5c] [4s]
Xren_c_bura: checks 
mrgwllms: checks 
*** RIVER *** [4c 7d 5c 4s] [Jc]
Xren_c_bura: checks 
mrgwllms: checks 
*** SHOW DOWN ***
Xren_c_bura: shows [2h 6d] (a pair of Fours)
mrgwllms: shows [Js Td] (two pair, Jacks and Fours)
mrgwllms collected $0.05 from pot
*** SUMMARY ***
Total pot $0.05 | Rake $0 
Board [4c 7d 5c 4s Jc]
Seat 1: PokerPops84 folded before Flop (didn't bet)
Seat 2: kozhax15 folded before Flop (didn't bet)
Seat 3: Dorex2007 folded before Flop (didn't bet)
Seat 4: TrzymamKolo folded before Flop (didn't bet)
Seat 5: ST3RK folded before Flop (didn't bet)
Seat 6: mrgwllms showed [Js Td] and won ($0.05) with two pair, Jacks and Fours
Seat 7: Grieb777 (button) folded before Flop (didn't bet)
Seat 8: shuhrat19744 (small blind) folded before Flop
Seat 9: Xren_c_bura (big blind) showed [2h 6d] and lost with a pair of Fours



PokerStars Hand #228102486660:  Hold'em No Limit ($0.01/$0.02 USD) - 2021/07/06 12:50:17 PT [2021/07/06 15:50:17 ET]
Table 'Kajam V' 9-max Seat #8 is the button
Seat 1: PokerPops84 ($1.94 in chips) 
Seat 2: kozhax15 ($4.02 in chips) 
Seat 3: Dorex2007 ($1.82 in chips) 
Seat 4: TrzymamKolo ($2 in chips) 
Seat 5: ST3RK ($1.70 in chips) 
Seat 6: mrgwllms ($2.23 in chips) 
Seat 7: Grieb777 ($1.68 in chips) 
Seat 8: shuhrat19744 ($2.15 in chips) 
Seat 9: Xren_c_bura ($1.98 in chips) 
Xren_c_bura: posts small blind $0.01
PokerPops84: posts big blind $0.02
*** HOLE CARDS ***
Dealt to Dorex2007 [8d Th]
kozhax15: raises $0.04 to $0.06
Dorex2007: folds 
TrzymamKolo: folds 
ST3RK: folds 
mrgwllms: folds 
Grieb777: folds 
shuhrat19744: calls $0.06
Xren_c_bura: folds 
PokerPops84: folds 
*** FLOP *** [3d 5c Ac]
kozhax15: bets $0.07
shuhrat19744: calls $0.07
*** TURN *** [3d 5c Ac] [8h]
kozhax15: checks 
shuhrat19744: bets $0.19
kozhax15: calls $0.19
*** RIVER *** [3d 5c Ac 8h] [7h]
kozhax15: checks 
shuhrat19744: checks 
*** SHOW DOWN ***
kozhax15: shows [Ks Kd] (a pair of Kings)
shuhrat19744: mucks hand 
kozhax15 collected $0.65 from pot
*** SUMMARY ***
Total pot $0.67 | Rake $0.02 
Board [3d 5c Ac 8h 7h]
Seat 1: PokerPops84 (big blind) folded before Flop
Seat 2: kozhax15 showed [Ks Kd] and won ($0.65) with a pair of Kings
Seat 3: Dorex2007 folded before Flop (didn't bet)
Seat 4: TrzymamKolo folded before Flop (didn't bet)
Seat 5: ST3RK folded before Flop (didn't bet)
Seat 6: mrgwllms folded before Flop (didn't bet)
Seat 7: Grieb777 folded before Flop (didn't bet)
Seat 8: shuhrat19744 (button) mucked [9s 9c]
Seat 9: Xren_c_bura (small blind) folded before Flop



PokerStars Hand #228102506073:  Hold'em No Limit ($0.01/$0.02 USD) - 2021/07/06 12:51:06 PT [2021/07/06 15:51:06 ET]
Table 'Kajam V' 9-max Seat #9 is the button
Seat 1: PokerPops84 ($1.92 in chips) 
Seat 2: kozhax15 ($4.35 in chips) 
Seat 3: Dorex2007 ($1.82 in chips) 
Seat 4: TrzymamKolo ($2 in chips) 
Seat 5: ST3RK ($1.70 in chips) 
Seat 6: mrgwllms ($2.23 in chips) 
Seat 7: Grieb777 ($1.68 in chips) 
Seat 8: shuhrat19744 ($2 in chips) 
Seat 9: Xren_c_bura ($1.97 in chips) 
PokerPops84: posts small blind $0.01
kozhax15: posts big blind $0.02
*** HOLE CARDS ***
Dealt to Dorex2007 [8d 8c]
Dorex2007: raises $0.04 to $0.06
TrzymamKolo: calls $0.06
ST3RK: folds 
mrgwllms: calls $0.06
Grieb777: calls $0.06
shuhrat19744: calls $0.06
Xren_c_bura: folds 
PokerPops84: folds 
kozhax15: folds 
*** FLOP *** [Tc Qd Kc]
Dorex2007: checks 
TrzymamKolo: checks 
mrgwllms: checks 
Grieb777: checks 
shuhrat19744: checks 
*** TURN *** [Tc Qd Kc] [7s]
Dorex2007: checks 
TrzymamKolo: checks 
mrgwllms: checks 
Grieb777: bets $0.02
shuhrat19744: calls $0.02
Dorex2007: folds 
TrzymamKolo: calls $0.02
mrgwllms: folds 
*** RIVER *** [Tc Qd Kc 7s] [3s]
TrzymamKolo: checks 
Grieb777: checks 
shuhrat19744: checks 
*** SHOW DOWN ***
TrzymamKolo: shows [7h 6h] (a pair of Sevens)
Grieb777: mucks hand 
shuhrat19744: mucks hand 
TrzymamKolo collected $0.38 from pot
*** SUMMARY ***
Total pot $0.39 | Rake $0.01 
Board [Tc Qd Kc 7s 3s]
Seat 1: PokerPops84 (small blind) folded before Flop
Seat 2: kozhax15 (big blind) folded before Flop
Seat 3: Dorex2007 folded on the Turn
Seat 4: TrzymamKolo showed [7h 6h] and won ($0.38) with a pair of Sevens
Seat 5: ST3RK folded before Flop (didn't bet)
Seat 6: mrgwllms folded on the Turn
Seat 7: Grieb777 mucked [4s 4h]
Seat 8: shuhrat19744 mucked [Ac 6c]
Seat 9: Xren_c_bura (button) folded before Flop (didn't bet)



PokerStars Hand #228102528205:  Hold'em No Limit ($0.01/$0.02 USD) - 2021/07/06 12:52:02 PT [2021/07/06 15:52:02 ET]
Table 'Kajam V' 9-max Seat #1 is the button
Seat 1: PokerPops84 ($1.91 in chips) 
Seat 2: kozhax15 ($4.33 in chips) 
Seat 3: Dorex2007 ($1.76 in chips) 
Seat 4: TrzymamKolo ($2.30 in chips) 
Seat 5: ST3RK ($1.70 in chips) 
Seat 6: mrgwllms ($2.17 in chips) 
Seat 7: Grieb777 ($1.60 in chips) 
Seat 8: shuhrat19744 ($2 in chips) 
Seat 9: Xren_c_bura ($1.97 in chips) 
kozhax15: posts small blind $0.01
Dorex2007: posts big blind $0.02
*** HOLE CARDS ***
Dealt to Dorex2007 [Ah 2c]
TrzymamKolo: folds 
ST3RK: calls $0.02
mrgwllms: raises $0.07 to $0.09
Grieb777: folds 
shuhrat19744: folds 
Xren_c_bura: folds 
PokerPops84: folds 
kozhax15: folds 
Dorex2007: folds 
ST3RK: calls $0.07
*** FLOP *** [8s 7c Kd]
ST3RK: checks 
mrgwllms: bets $0.20
ST3RK: folds 
Uncalled bet ($0.20) returned to mrgwllms
mrgwllms collected $0.20 from pot
mrgwllms: doesn't show hand 
*** SUMMARY ***
Total pot $0.21 | Rake $0.01 
Board [8s 7c Kd]
Seat 1: PokerPops84 (button) folded before Flop (didn't bet)
Seat 2: kozhax15 (small blind) folded before Flop
Seat 3: Dorex2007 (big blind) folded before Flop
Seat 4: TrzymamKolo folded before Flop (didn't bet)
Seat 5: ST3RK folded on the Flop
Seat 6: mrgwllms collected ($0.20)
Seat 7: Grieb777 folded before Flop (didn't bet)
Seat 8: shuhrat19744 folded before Flop (didn't bet)
Seat 9: Xren_c_bura folded before Flop (didn't bet)



PokerStars Hand #228102541017:  Hold'em No Limit ($0.01/$0.02 USD) - 2021/07/06 12:52:34 PT [2021/07/06 15:52:34 ET]
Table 'Kajam V' 9-max Seat #2 is the button
Seat 1: PokerPops84 ($1.91 in chips) 
Seat 2: kozhax15 ($4.32 in chips) 
Seat 3: Dorex2007 ($1.74 in chips) 
Seat 4: TrzymamKolo ($2.30 in chips) 
Seat 5: ST3RK ($1.61 in chips) 
Seat 6: mrgwllms ($2.28 in chips) 
Seat 7: Grieb777 ($1.60 in chips) 
Seat 8: shuhrat19744 ($2 in chips) 
Seat 9: Xren_c_bura ($1.97 in chips) 
Dorex2007: posts small blind $0.01
TrzymamKolo: posts big blind $0.02
*** HOLE CARDS ***
Dealt to Dorex2007 [9s Ah]
ST3RK: raises $0.10 to $0.12
mrgwllms: calls $0.12
Grieb777: folds 
shuhrat19744: folds 
Xren_c_bura: folds 
PokerPops84: folds 
kozhax15: folds 
Dorex2007: folds 
TrzymamKolo: folds 
*** FLOP *** [4c 2s 8h]
ST3RK: bets $0.34
mrgwllms: folds 
Uncalled bet ($0.34) returned to ST3RK
ST3RK collected $0.26 from pot
ST3RK: doesn't show hand 
*** SUMMARY ***
Total pot $0.27 | Rake $0.01 
Board [4c 2s 8h]
Seat 1: PokerPops84 folded before Flop (didn't bet)
Seat 2: kozhax15 (button) folded before Flop (didn't bet)
Seat 3: Dorex2007 (small blind) folded before Flop
Seat 4: TrzymamKolo (big blind) folded before Flop
Seat 5: ST3RK collected ($0.26)
Seat 6: mrgwllms folded on the Flop
Seat 7: Grieb777 folded before Flop (didn't bet)
Seat 8: shuhrat19744 folded before Flop (didn't bet)
Seat 9: Xren_c_bura folded before Flop (didn't bet)



PokerStars Hand #228102556140:  Hold'em No Limit ($0.01/$0.02 USD) - 2021/07/06 12:53:10 PT [2021/07/06 15:53:10 ET]
Table 'Kajam V' 9-max Seat #3 is the button
Seat 1: PokerPops84 ($1.91 in chips) 
Seat 2: kozhax15 ($4.32 in chips) 
Seat 3: Dorex2007 ($1.73 in chips) 
Seat 4: TrzymamKolo ($2.28 in chips) 
Seat 5: ST3RK ($1.75 in chips) 
Seat 6: mrgwllms ($2.16 in chips) 
Seat 7: Grieb777 ($1.60 in chips) 
Seat 8: shuhrat19744 ($2 in chips) 
Seat 9: Xren_c_bura ($1.97 in chips) 
TrzymamKolo: posts small blind $0.01
ST3RK: posts big blind $0.02
*** HOLE CARDS ***
Dealt to Dorex2007 [Jd 7d]
mrgwllms has timed out
mrgwllms: folds 
Grieb777: folds 
shuhrat19744: folds 
Xren_c_bura: folds 
PokerPops84: folds 
Grieb777 leaves the table
kozhax15: raises $0.04 to $0.06
Dorex2007: folds 
TrzymamKolo: folds 
ST3RK: calls $0.04
*** FLOP *** [Js Qs Kd]
ST3RK: checks 
SOLVENTE777 joins the table at seat #7 
kozhax15: bets $0.07
ST3RK: folds 
Uncalled bet ($0.07) returned to kozhax15
kozhax15 collected $0.13 from pot
kozhax15: doesn't show hand 
*** SUMMARY ***
Total pot $0.13 | Rake $0 
Board [Js Qs Kd]
Seat 1: PokerPops84 folded before Flop (didn't bet)
Seat 2: kozhax15 collected ($0.13)
Seat 3: Dorex2007 (button) folded before Flop (didn't bet)
Seat 4: TrzymamKolo (small blind) folded before Flop
Seat 5: ST3RK (big blind) folded on the Flop
Seat 6: mrgwllms folded before Flop (didn't bet)
Seat 7: Grieb777 folded before Flop (didn't bet)
Seat 8: shuhrat19744 folded before Flop (didn't bet)
Seat 9: Xren_c_bura folded before Flop (didn't bet)



PokerStars Hand #228102578070:  Hold'em No Limit ($0.01/$0.02 USD) - 2021/07/06 12:53:46 PT [2021/07/06 15:53:46 ET]
Table 'Kajam V' 9-max Seat #4 is the button
Seat 1: PokerPops84 ($1.91 in chips) 
Seat 2: kozhax15 ($4.39 in chips) 
Seat 3: Dorex2007 ($2 in chips) 
Seat 4: TrzymamKolo ($2.27 in chips) 
Seat 5: ST3RK ($1.69 in chips) 
Seat 6: mrgwllms ($2.16 in chips) 
Seat 8: shuhrat19744 ($2 in chips) 
Seat 9: Xren_c_bura ($1.97 in chips) 
ST3RK: posts small blind $0.01
mrgwllms: posts big blind $0.02
SOLVENTE777: sits out 
*** HOLE CARDS ***
Dealt to Dorex2007 [Ks 9h]
shuhrat19744: folds 
Xren_c_bura: folds 
PokerPops84: calls $0.02
kozhax15: folds 
Dorex2007: folds 
TrzymamKolo: raises $0.04 to $0.06
ST3RK: folds 
mrgwllms: calls $0.04
PokerPops84: calls $0.04
*** FLOP *** [Kd 8c 4h]
mrgwllms: bets $0.02
PokerPops84: calls $0.02
TrzymamKolo: raises $0.08 to $0.10
mrgwllms: folds 
PokerPops84: calls $0.08
*** TURN *** [Kd 8c 4h] [3c]
PokerPops84: checks 
TrzymamKolo: checks 
*** RIVER *** [Kd 8c 4h 3c] [Qd]
PokerPops84: checks 
TrzymamKolo: checks 
*** SHOW DOWN ***
PokerPops84: shows [5s 6c] (high card King)
TrzymamKolo: shows [6h 5h] (high card King)
PokerPops84 collected $0.20 from pot
TrzymamKolo collected $0.20 from pot
*** SUMMARY ***
Total pot $0.41 | Rake $0.01 
Board [Kd 8c 4h 3c Qd]
Seat 1: PokerPops84 showed [5s 6c] and won ($0.20) with high card King
Seat 2: kozhax15 folded before Flop (didn't bet)
Seat 3: Dorex2007 folded before Flop (didn't bet)
Seat 4: TrzymamKolo (button) showed [6h 5h] and won ($0.20) with high card King
Seat 5: ST3RK (small blind) folded before Flop
Seat 6: mrgwllms (big blind) folded on the Flop
Seat 8: shuhrat19744 folded before Flop (didn't bet)
Seat 9: Xren_c_bura folded before Flop (didn't bet)



PokerStars Hand #228102609709:  Hold'em No Limit ($0.01/$0.02 USD) - 2021/07/06 12:55:00 PT [2021/07/06 15:55:00 ET]
Table 'Kajam V' 9-max Seat #5 is the button
Seat 1: PokerPops84 ($1.95 in chips) 
Seat 2: kozhax15 ($4.39 in chips) 
Seat 3: Dorex2007 ($2 in chips) 
Seat 4: TrzymamKolo ($2.31 in chips) 
Seat 5: ST3RK ($1.68 in chips) 
Seat 6: mrgwllms ($2.08 in chips) 
Seat 7: SOLVENTE777 ($0.89 in chips) 
Seat 8: shuhrat19744 ($2 in chips) 
Seat 9: Xren_c_bura ($1.97 in chips) 
mrgwllms: posts small blind $0.01
SOLVENTE777: posts big blind $0.02
*** HOLE CARDS ***
Dealt to Dorex2007 [5c Ks]
shuhrat19744: folds 
Xren_c_bura: folds 
PokerPops84: calls $0.02
kozhax15: calls $0.02
Dorex2007: folds 
TrzymamKolo: folds 
ST3RK: calls $0.02
mrgwllms: folds 
SOLVENTE777: raises $0.02 to $0.04
PokerPops84: calls $0.02
kozhax15: calls $0.02
ST3RK: calls $0.02
*** FLOP *** [8d Tc 2s]
SOLVENTE777: bets $0.16
PokerPops84: calls $0.16
kozhax15: folds 
ST3RK: folds 
*** TURN *** [8d Tc 2s] [4s]
SOLVENTE777: bets $0.47
PokerPops84: calls $0.47
*** RIVER *** [8d Tc 2s 4s] [9s]
SOLVENTE777: bets $0.22 and is all-in
PokerPops84: calls $0.22
*** SHOW DOWN ***
SOLVENTE777: shows [8h 8c] (three of a kind, Eights)
PokerPops84: shows [Jd Qh] (a straight, Eight to Queen)
PokerPops84 collected $1.80 from pot
*** SUMMARY ***
Total pot $1.87 | Rake $0.07 
Board [8d Tc 2s 4s 9s]
Seat 1: PokerPops84 showed [Jd Qh] and won ($1.80) with a straight, Eight to Queen
Seat 2: kozhax15 folded on the Flop
Seat 3: Dorex2007 folded before Flop (didn't bet)
Seat 4: TrzymamKolo folded before Flop (didn't bet)
Seat 5: ST3RK (button) folded on the Flop
Seat 6: mrgwllms (small blind) folded before Flop
Seat 7: SOLVENTE777 (big blind) showed [8h 8c] and lost with three of a kind, Eights
Seat 8: shuhrat19744 folded before Flop (didn't bet)
Seat 9: Xren_c_bura folded before Flop (didn't bet)



PokerStars Hand #228102629951:  Hold'em No Limit ($0.01/$0.02 USD) - 2021/07/06 12:56:01 PT [2021/07/06 15:56:01 ET]
Table 'Kajam V' 9-max Seat #6 is the button
Seat 1: PokerPops84 ($2.86 in chips) 
Seat 2: kozhax15 ($4.35 in chips) 
Seat 3: Dorex2007 ($2 in chips) 
Seat 4: TrzymamKolo ($2.31 in chips) 
Seat 5: ST3RK ($1.64 in chips) 
Seat 6: mrgwllms ($2.07 in chips) 
Seat 8: shuhrat19744 ($2 in chips) 
Seat 9: Xren_c_bura ($1.97 in chips) 
shuhrat19744: posts small blind $0.01
Xren_c_bura: posts big blind $0.02
*** HOLE CARDS ***
Dealt to Dorex2007 [3c 5h]
PokerPops84: folds 
kozhax15: folds 
Dorex2007: folds 
TrzymamKolo: folds 
ST3RK: folds 
mrgwllms: calls $0.02
shuhrat19744: folds 
Xren_c_bura: checks 
*** FLOP *** [4s 5s Ad]
SOLVENTE777 leaves the table
Xren_c_bura: checks 
Zolika197901 joins the table at seat #7 
mrgwllms: checks 
*** TURN *** [4s 5s Ad] [Js]
Xren_c_bura: checks 
mrgwllms: checks 
*** RIVER *** [4s 5s Ad Js] [2c]
Xren_c_bura: checks 
mrgwllms: checks 
*** SHOW DOWN ***
Xren_c_bura: shows [Jd 7s] (a pair of Jacks)
mrgwllms: mucks hand 
Xren_c_bura collected $0.05 from pot
*** SUMMARY ***
Total pot $0.05 | Rake $0 
Board [4s 5s Ad Js 2c]
Seat 1: PokerPops84 folded before Flop (didn't bet)
Seat 2: kozhax15 folded before Flop (didn't bet)
Seat 3: Dorex2007 folded before Flop (didn't bet)
Seat 4: TrzymamKolo folded before Flop (didn't bet)
Seat 5: ST3RK folded before Flop (didn't bet)
Seat 6: mrgwllms (button) mucked [Qh 6s]
Seat 8: shuhrat19744 (small blind) folded before Flop
Seat 9: Xren_c_bura (big blind) showed [Jd 7s] and won ($0.05) with a pair of Jacks



