PokerStars Hand #228192411126:  Hold'em No Limit ($0.01/$0.02 USD) - 2021/07/10 9:43:27 PT [2021/07/10 12:43:27 ET]
Table 'Koronis IV' 9-max Seat #6 is the button
Seat 1: Artishell ($4.80 in chips) 
Seat 2: cruscrus134 ($1.75 in chips) 
Seat 3: mathplayer ($6.60 in chips) 
Seat 4: Ewnt ($2.13 in chips) 
Seat 5: Dorex2007 ($2 in chips) 
Seat 6: Almanza63 ($1.89 in chips) 
Seat 7: cocogoat ($1.95 in chips) 
Seat 8: tolyan83823 ($5.19 in chips) 
Seat 9: AlexiaSF ($1.84 in chips) 
cocogoat: posts small blind $0.01
tolyan83823: posts big blind $0.02
Dorex2007: posts big blind $0.02
*** HOLE CARDS ***
Dealt to Dorex2007 [4h Kh]
AlexiaSF: folds 
Artishell: folds 
cruscrus134: folds 
mathplayer: folds 
Ewnt: raises $0.03 to $0.05
Dorex2007: folds 
Almanza63: folds 
cocogoat: folds 
tolyan83823: folds 
Uncalled bet ($0.03) returned to Ewnt
Ewnt collected $0.07 from pot
Ewnt: doesn't show hand 
*** SUMMARY ***
Total pot $0.07 | Rake $0 
Seat 1: Artishell folded before Flop (didn't bet)
Seat 2: cruscrus134 folded before Flop (didn't bet)
Seat 3: mathplayer folded before Flop (didn't bet)
Seat 4: Ewnt collected ($0.07)
Seat 5: Dorex2007 folded before Flop (didn't bet)
Seat 6: Almanza63 (button) folded before Flop (didn't bet)
Seat 7: cocogoat (small blind) folded before Flop
Seat 8: tolyan83823 (big blind) folded before Flop
Seat 9: AlexiaSF folded before Flop (didn't bet)



PokerStars Hand #228192422459:  Hold'em No Limit ($0.01/$0.02 USD) - 2021/07/10 9:43:57 PT [2021/07/10 12:43:57 ET]
Table 'Koronis IV' 9-max Seat #7 is the button
Seat 1: Artishell ($4.80 in chips) 
Seat 2: cruscrus134 ($1.75 in chips) 
Seat 3: mathplayer ($6.60 in chips) 
Seat 4: Ewnt ($2.18 in chips) 
Seat 5: Dorex2007 ($1.98 in chips) 
Seat 6: Almanza63 ($1.89 in chips) 
Seat 7: cocogoat ($1.94 in chips) 
Seat 8: tolyan83823 ($5.17 in chips) 
Seat 9: AlexiaSF ($1.84 in chips) 
tolyan83823: posts small blind $0.01
AlexiaSF: posts big blind $0.02
*** HOLE CARDS ***
Dealt to Dorex2007 [2c 3d]
Artishell: folds 
cruscrus134: folds 
mathplayer: folds 
Ewnt: folds 
Dorex2007: folds 
Almanza63: folds 
cocogoat: raises $0.06 to $0.08
tolyan83823: calls $0.07
AlexiaSF: folds 
*** FLOP *** [Jd 5h 9c]
tolyan83823: checks 
cocogoat: bets $0.11
tolyan83823: calls $0.11
*** TURN *** [Jd 5h 9c] [6d]
tolyan83823: checks 
cocogoat: bets $0.26
tolyan83823: folds 
Uncalled bet ($0.26) returned to cocogoat
cocogoat collected $0.39 from pot
cocogoat: doesn't show hand 
*** SUMMARY ***
Total pot $0.40 | Rake $0.01 
Board [Jd 5h 9c 6d]
Seat 1: Artishell folded before Flop (didn't bet)
Seat 2: cruscrus134 folded before Flop (didn't bet)
Seat 3: mathplayer folded before Flop (didn't bet)
Seat 4: Ewnt folded before Flop (didn't bet)
Seat 5: Dorex2007 folded before Flop (didn't bet)
Seat 6: Almanza63 folded before Flop (didn't bet)
Seat 7: cocogoat (button) collected ($0.39)
Seat 8: tolyan83823 (small blind) folded on the Turn
Seat 9: AlexiaSF (big blind) folded before Flop



PokerStars Hand #228192443449:  Hold'em No Limit ($0.01/$0.02 USD) - 2021/07/10 9:44:53 PT [2021/07/10 12:44:53 ET]
Table 'Koronis IV' 9-max Seat #8 is the button
Seat 1: Artishell ($4.80 in chips) 
Seat 2: cruscrus134 ($1.75 in chips) 
Seat 3: mathplayer ($6.60 in chips) 
Seat 4: Ewnt ($2.18 in chips) 
Seat 5: Dorex2007 ($1.98 in chips) 
Seat 6: Almanza63 ($1.89 in chips) 
Seat 7: cocogoat ($2.14 in chips) 
Seat 8: tolyan83823 ($4.98 in chips) 
Seat 9: AlexiaSF ($1.82 in chips) 
AlexiaSF: posts small blind $0.01
Artishell: posts big blind $0.02
*** HOLE CARDS ***
Dealt to Dorex2007 [Tc 6d]
cruscrus134: raises $0.03 to $0.05
mathplayer: folds 
Ewnt: folds 
Dorex2007: folds 
Almanza63: folds 
cocogoat: folds 
tolyan83823: folds 
AlexiaSF: folds 
Artishell: calls $0.03
*** FLOP *** [Jd 5c Qc]
Artishell: checks 
cruscrus134: bets $0.06
Artishell: calls $0.06
*** TURN *** [Jd 5c Qc] [4h]
Artishell: checks 
cruscrus134: bets $0.12
Artishell: raises $0.23 to $0.35
cruscrus134: folds 
Uncalled bet ($0.23) returned to Artishell
Artishell collected $0.45 from pot
Artishell: doesn't show hand 
*** SUMMARY ***
Total pot $0.47 | Rake $0.02 
Board [Jd 5c Qc 4h]
Seat 1: Artishell (big blind) collected ($0.45)
Seat 2: cruscrus134 folded on the Turn
Seat 3: mathplayer folded before Flop (didn't bet)
Seat 4: Ewnt folded before Flop (didn't bet)
Seat 5: Dorex2007 folded before Flop (didn't bet)
Seat 6: Almanza63 folded before Flop (didn't bet)
Seat 7: cocogoat folded before Flop (didn't bet)
Seat 8: tolyan83823 (button) folded before Flop (didn't bet)
Seat 9: AlexiaSF (small blind) folded before Flop



PokerStars Hand #228192461516:  Hold'em No Limit ($0.01/$0.02 USD) - 2021/07/10 9:45:42 PT [2021/07/10 12:45:42 ET]
Table 'Koronis IV' 9-max Seat #9 is the button
Seat 1: Artishell ($5.02 in chips) 
Seat 2: cruscrus134 ($1.52 in chips) 
Seat 3: mathplayer ($6.60 in chips) 
Seat 4: Ewnt ($2.18 in chips) 
Seat 5: Dorex2007 ($1.98 in chips) 
Seat 6: Almanza63 ($1.89 in chips) 
Seat 7: cocogoat ($2.14 in chips) 
Seat 8: tolyan83823 ($4.98 in chips) 
Seat 9: AlexiaSF ($1.81 in chips) 
Artishell: posts small blind $0.01
cruscrus134: posts big blind $0.02
*** HOLE CARDS ***
Dealt to Dorex2007 [7s 2d]
mathplayer: folds 
Ewnt: raises $0.03 to $0.05
Dorex2007: folds 
Almanza63: folds 
cocogoat: folds 
tolyan83823: folds 
AlexiaSF: folds 
Artishell: folds 
cruscrus134: folds 
Uncalled bet ($0.03) returned to Ewnt
Ewnt collected $0.05 from pot
Ewnt: doesn't show hand 
*** SUMMARY ***
Total pot $0.05 | Rake $0 
Seat 1: Artishell (small blind) folded before Flop
Seat 2: cruscrus134 (big blind) folded before Flop
Seat 3: mathplayer folded before Flop (didn't bet)
Seat 4: Ewnt collected ($0.05)
Seat 5: Dorex2007 folded before Flop (didn't bet)
Seat 6: Almanza63 folded before Flop (didn't bet)
Seat 7: cocogoat folded before Flop (didn't bet)
Seat 8: tolyan83823 folded before Flop (didn't bet)
Seat 9: AlexiaSF (button) folded before Flop (didn't bet)



PokerStars Hand #228192469668:  Hold'em No Limit ($0.01/$0.02 USD) - 2021/07/10 9:46:04 PT [2021/07/10 12:46:04 ET]
Table 'Koronis IV' 9-max Seat #1 is the button
Seat 1: Artishell ($5.01 in chips) 
Seat 2: cruscrus134 ($1.50 in chips) 
Seat 3: mathplayer ($6.60 in chips) 
Seat 4: Ewnt ($2.21 in chips) 
Seat 5: Dorex2007 ($1.98 in chips) 
Seat 6: Almanza63 ($1.89 in chips) 
Seat 7: cocogoat ($2.14 in chips) 
Seat 8: tolyan83823 ($4.98 in chips) 
Seat 9: AlexiaSF ($1.81 in chips) 
cruscrus134: posts small blind $0.01
mathplayer: posts big blind $0.02
*** HOLE CARDS ***
Dealt to Dorex2007 [4h 6h]
Ewnt: folds 
Dorex2007: folds 
Almanza63: folds 
cocogoat: folds 
tolyan83823: calls $0.02
AlexiaSF: folds 
Artishell: raises $0.07 to $0.09
cruscrus134: folds 
mathplayer: folds 
tolyan83823: calls $0.07
*** FLOP *** [Qc Ac 2d]
tolyan83823: bets $0.12
Artishell: raises $0.22 to $0.34
tolyan83823: calls $0.22
*** TURN *** [Qc Ac 2d] [6c]
tolyan83823: checks 
Artishell: bets $0.86
tolyan83823: folds 
Uncalled bet ($0.86) returned to Artishell
Artishell collected $0.86 from pot
Artishell: doesn't show hand 
*** SUMMARY ***
Total pot $0.89 | Rake $0.03 
Board [Qc Ac 2d 6c]
Seat 1: Artishell (button) collected ($0.86)
Seat 2: cruscrus134 (small blind) folded before Flop
Seat 3: mathplayer (big blind) folded before Flop
Seat 4: Ewnt folded before Flop (didn't bet)
Seat 5: Dorex2007 folded before Flop (didn't bet)
Seat 6: Almanza63 folded before Flop (didn't bet)
Seat 7: cocogoat folded before Flop (didn't bet)
Seat 8: tolyan83823 folded on the Turn
Seat 9: AlexiaSF folded before Flop (didn't bet)



PokerStars Hand #228192489168:  Hold'em No Limit ($0.01/$0.02 USD) - 2021/07/10 9:46:56 PT [2021/07/10 12:46:56 ET]
Table 'Koronis IV' 9-max Seat #2 is the button
Seat 1: Artishell ($5.44 in chips) 
Seat 2: cruscrus134 ($1.49 in chips) 
Seat 3: mathplayer ($6.58 in chips) 
Seat 4: Ewnt ($2.21 in chips) 
Seat 5: Dorex2007 ($1.98 in chips) 
Seat 6: Almanza63 ($1.89 in chips) 
Seat 7: cocogoat ($2.14 in chips) 
Seat 8: tolyan83823 ($4.55 in chips) 
Seat 9: AlexiaSF ($1.81 in chips) 
mathplayer: posts small blind $0.01
Ewnt: posts big blind $0.02
*** HOLE CARDS ***
Dealt to Dorex2007 [7c 7h]
Dorex2007: raises $0.02 to $0.04
Almanza63: folds 
cocogoat: folds 
tolyan83823: folds 
AlexiaSF: folds 
Artishell: folds 
cruscrus134: raises $0.12 to $0.16
mathplayer: folds 
Ewnt: calls $0.14
Dorex2007: folds 
*** FLOP *** [7s 9s 5d]
Ewnt: checks 
cruscrus134: bets $0.22
Ewnt: calls $0.22
*** TURN *** [7s 9s 5d] [7d]
Ewnt: checks 
cruscrus134: checks 
*** RIVER *** [7s 9s 5d 7d] [Qh]
Ewnt: checks 
cruscrus134: checks 
*** SHOW DOWN ***
Ewnt: shows [Js Kh] (a pair of Sevens)
cruscrus134: shows [Ks Ac] (a pair of Sevens - Ace kicker)
cruscrus134 collected $0.78 from pot
*** SUMMARY ***
Total pot $0.81 | Rake $0.03 
Board [7s 9s 5d 7d Qh]
Seat 1: Artishell folded before Flop (didn't bet)
Seat 2: cruscrus134 (button) showed [Ks Ac] and won ($0.78) with a pair of Sevens
Seat 3: mathplayer (small blind) folded before Flop
Seat 4: Ewnt (big blind) showed [Js Kh] and lost with a pair of Sevens
Seat 5: Dorex2007 folded before Flop
Seat 6: Almanza63 folded before Flop (didn't bet)
Seat 7: cocogoat folded before Flop (didn't bet)
Seat 8: tolyan83823 folded before Flop (didn't bet)
Seat 9: AlexiaSF folded before Flop (didn't bet)



PokerStars Hand #228192512156:  Hold'em No Limit ($0.01/$0.02 USD) - 2021/07/10 9:47:58 PT [2021/07/10 12:47:58 ET]
Table 'Koronis IV' 9-max Seat #3 is the button
Seat 1: Artishell ($5.44 in chips) 
Seat 2: cruscrus134 ($1.89 in chips) 
Seat 3: mathplayer ($6.57 in chips) 
Seat 4: Ewnt ($2 in chips) 
Seat 5: Dorex2007 ($1.94 in chips) 
Seat 6: Almanza63 ($1.89 in chips) 
Seat 7: cocogoat ($2.14 in chips) 
Seat 8: tolyan83823 ($4.55 in chips) 
Seat 9: AlexiaSF ($1.81 in chips) 
Ewnt: posts small blind $0.01
Dorex2007: posts big blind $0.02
*** HOLE CARDS ***
Dealt to Dorex2007 [Jc Ks]
Almanza63: folds 
cocogoat: folds 
tolyan83823: raises $0.04 to $0.06
AlexiaSF: folds 
Artishell: calls $0.06
cruscrus134: folds 
mathplayer: folds 
Ewnt: folds 
Dorex2007: calls $0.04
*** FLOP *** [2s 3d 2d]
Dorex2007: checks 
tolyan83823: checks 
Artishell: checks 
*** TURN *** [2s 3d 2d] [6s]
Dorex2007: checks 
tolyan83823: checks 
Artishell: bets $0.18
Dorex2007: folds 
tolyan83823: calls $0.18
*** RIVER *** [2s 3d 2d 6s] [9s]
tolyan83823: bets $0.53
Artishell: folds 
Uncalled bet ($0.53) returned to tolyan83823
tolyan83823 collected $0.53 from pot
tolyan83823: doesn't show hand 
*** SUMMARY ***
Total pot $0.55 | Rake $0.02 
Board [2s 3d 2d 6s 9s]
Seat 1: Artishell folded on the River
Seat 2: cruscrus134 folded before Flop (didn't bet)
Seat 3: mathplayer (button) folded before Flop (didn't bet)
Seat 4: Ewnt (small blind) folded before Flop
Seat 5: Dorex2007 (big blind) folded on the Turn
Seat 6: Almanza63 folded before Flop (didn't bet)
Seat 7: cocogoat folded before Flop (didn't bet)
Seat 8: tolyan83823 collected ($0.53)
Seat 9: AlexiaSF folded before Flop (didn't bet)



PokerStars Hand #228192541244:  Hold'em No Limit ($0.01/$0.02 USD) - 2021/07/10 9:49:08 PT [2021/07/10 12:49:08 ET]
Table 'Koronis IV' 9-max Seat #4 is the button
Seat 1: Artishell ($5.20 in chips) 
Seat 2: cruscrus134 ($1.89 in chips) 
Seat 3: mathplayer ($6.57 in chips) 
Seat 4: Ewnt ($2 in chips) 
Seat 5: Dorex2007 ($1.88 in chips) 
Seat 6: Almanza63 ($1.89 in chips) 
Seat 7: cocogoat ($2.14 in chips) 
Seat 8: tolyan83823 ($4.84 in chips) 
Seat 9: AlexiaSF ($1.81 in chips) 
Dorex2007: posts small blind $0.01
Almanza63: posts big blind $0.02
*** HOLE CARDS ***
Dealt to Dorex2007 [Ks 7s]
cocogoat: folds 
tolyan83823: folds 
AlexiaSF: folds 
Artishell: folds 
cruscrus134: raises $0.04 to $0.06
mathplayer: folds 
Ewnt: calls $0.06
Dorex2007: folds 
Almanza63: folds 
*** FLOP *** [4d 3d 3c]
cruscrus134: bets $0.08
Ewnt: calls $0.08
*** TURN *** [4d 3d 3c] [Jh]
cruscrus134: checks 
Ewnt: checks 
*** RIVER *** [4d 3d 3c Jh] [Ad]
cruscrus134: checks 
Ewnt: bets $0.20
cruscrus134: folds 
Uncalled bet ($0.20) returned to Ewnt
Ewnt collected $0.30 from pot
Ewnt: doesn't show hand 
*** SUMMARY ***
Total pot $0.31 | Rake $0.01 
Board [4d 3d 3c Jh Ad]
Seat 1: Artishell folded before Flop (didn't bet)
Seat 2: cruscrus134 folded on the River
Seat 3: mathplayer folded before Flop (didn't bet)
Seat 4: Ewnt (button) collected ($0.30)
Seat 5: Dorex2007 (small blind) folded before Flop
Seat 6: Almanza63 (big blind) folded before Flop
Seat 7: cocogoat folded before Flop (didn't bet)
Seat 8: tolyan83823 folded before Flop (didn't bet)
Seat 9: AlexiaSF folded before Flop (didn't bet)



PokerStars Hand #228192563136:  Hold'em No Limit ($0.01/$0.02 USD) - 2021/07/10 9:50:08 PT [2021/07/10 12:50:08 ET]
Table 'Koronis IV' 9-max Seat #5 is the button
Seat 1: Artishell ($5.20 in chips) 
Seat 2: cruscrus134 ($1.75 in chips) 
Seat 3: mathplayer ($6.57 in chips) 
Seat 4: Ewnt ($2.16 in chips) 
Seat 5: Dorex2007 ($1.87 in chips) 
Seat 6: Almanza63 ($1.87 in chips) 
Seat 7: cocogoat ($2.14 in chips) 
Seat 8: tolyan83823 ($4.84 in chips) 
Seat 9: AlexiaSF ($1.81 in chips) 
Almanza63: posts small blind $0.01
cocogoat: posts big blind $0.02
*** HOLE CARDS ***
Dealt to Dorex2007 [2s 2d]
tolyan83823: folds 
AlexiaSF: folds 
Artishell: raises $0.02 to $0.04
cruscrus134: folds 
mathplayer: folds 
Ewnt: folds 
Dorex2007: folds 
Almanza63: folds 
cocogoat: calls $0.02
*** FLOP *** [Jc 4s 8s]
cocogoat: checks 
Artishell: bets $0.08
cocogoat: calls $0.08
*** TURN *** [Jc 4s 8s] [5c]
cocogoat: checks 
Artishell: bets $0.68
cocogoat: folds 
Uncalled bet ($0.68) returned to Artishell
Artishell collected $0.24 from pot
Artishell: doesn't show hand 
*** SUMMARY ***
Total pot $0.25 | Rake $0.01 
Board [Jc 4s 8s 5c]
Seat 1: Artishell collected ($0.24)
Seat 2: cruscrus134 folded before Flop (didn't bet)
Seat 3: mathplayer folded before Flop (didn't bet)
Seat 4: Ewnt folded before Flop (didn't bet)
Seat 5: Dorex2007 (button) folded before Flop (didn't bet)
Seat 6: Almanza63 (small blind) folded before Flop
Seat 7: cocogoat (big blind) folded on the Turn
Seat 8: tolyan83823 folded before Flop (didn't bet)
Seat 9: AlexiaSF folded before Flop (didn't bet)



PokerStars Hand #228192584869:  Hold'em No Limit ($0.01/$0.02 USD) - 2021/07/10 9:51:06 PT [2021/07/10 12:51:06 ET]
Table 'Koronis IV' 9-max Seat #6 is the button
Seat 1: Artishell ($5.32 in chips) 
Seat 2: cruscrus134 ($1.75 in chips) 
Seat 3: mathplayer ($6.57 in chips) 
Seat 4: Ewnt ($2.16 in chips) 
Seat 5: Dorex2007 ($1.87 in chips) 
Seat 6: Almanza63 ($1.86 in chips) 
Seat 7: cocogoat ($2.02 in chips) 
Seat 8: tolyan83823 ($4.84 in chips) 
Seat 9: AlexiaSF ($1.81 in chips) 
cocogoat: posts small blind $0.01
tolyan83823: posts big blind $0.02
*** HOLE CARDS ***
Dealt to Dorex2007 [Td 7d]
AlexiaSF: raises $0.04 to $0.06
Artishell: folds 
cruscrus134: folds 
mathplayer: folds 
Ewnt: folds 
Dorex2007: folds 
Almanza63: calls $0.06
cocogoat: folds 
tolyan83823: calls $0.04
*** FLOP *** [Th Tc 3h]
tolyan83823: checks 
AlexiaSF: checks 
Almanza63: checks 
*** TURN *** [Th Tc 3h] [4h]
tolyan83823: checks 
AlexiaSF: checks 
Almanza63: checks 
*** RIVER *** [Th Tc 3h 4h] [7c]
tolyan83823: checks 
AlexiaSF: checks 
Almanza63: checks 
*** SHOW DOWN ***
tolyan83823: shows [8s 5s] (a pair of Tens)
AlexiaSF: shows [As 7s] (two pair, Tens and Sevens)
Almanza63: mucks hand 
AlexiaSF collected $0.18 from pot
*** SUMMARY ***
Total pot $0.19 | Rake $0.01 
Board [Th Tc 3h 4h 7c]
Seat 1: Artishell folded before Flop (didn't bet)
Seat 2: cruscrus134 folded before Flop (didn't bet)
Seat 3: mathplayer folded before Flop (didn't bet)
Seat 4: Ewnt folded before Flop (didn't bet)
Seat 5: Dorex2007 folded before Flop (didn't bet)
Seat 6: Almanza63 (button) mucked [Kc Jc]
Seat 7: cocogoat (small blind) folded before Flop
Seat 8: tolyan83823 (big blind) showed [8s 5s] and lost with a pair of Tens
Seat 9: AlexiaSF showed [As 7s] and won ($0.18) with two pair, Tens and Sevens



PokerStars Hand #228192609630:  Hold'em No Limit ($0.01/$0.02 USD) - 2021/07/10 9:52:12 PT [2021/07/10 12:52:12 ET]
Table 'Koronis IV' 9-max Seat #7 is the button
Seat 1: Artishell ($5.32 in chips) 
Seat 2: cruscrus134 ($1.75 in chips) 
Seat 3: mathplayer ($6.57 in chips) 
Seat 4: Ewnt ($2.16 in chips) 
Seat 5: Dorex2007 ($1.87 in chips) 
Seat 6: Almanza63 ($1.80 in chips) 
Seat 7: cocogoat ($2.01 in chips) 
Seat 8: tolyan83823 ($4.78 in chips) 
Seat 9: AlexiaSF ($1.93 in chips) 
tolyan83823: posts small blind $0.01
AlexiaSF: posts big blind $0.02
*** HOLE CARDS ***
Dealt to Dorex2007 [8s Ah]
Artishell: folds 
cruscrus134: folds 
mathplayer: folds 
Ewnt: folds 
Dorex2007: folds 
Almanza63: folds 
cocogoat: raises $0.06 to $0.08
tolyan83823: calls $0.07
AlexiaSF: folds 
*** FLOP *** [4h 8h Js]
tolyan83823: checks 
cocogoat: bets $0.11
tolyan83823: folds 
Uncalled bet ($0.11) returned to cocogoat
cocogoat collected $0.17 from pot
cocogoat: doesn't show hand 
*** SUMMARY ***
Total pot $0.18 | Rake $0.01 
Board [4h 8h Js]
Seat 1: Artishell folded before Flop (didn't bet)
Seat 2: cruscrus134 folded before Flop (didn't bet)
Seat 3: mathplayer folded before Flop (didn't bet)
Seat 4: Ewnt folded before Flop (didn't bet)
Seat 5: Dorex2007 folded before Flop (didn't bet)
Seat 6: Almanza63 folded before Flop (didn't bet)
Seat 7: cocogoat (button) collected ($0.17)
Seat 8: tolyan83823 (small blind) folded on the Flop
Seat 9: AlexiaSF (big blind) folded before Flop



PokerStars Hand #228192619617:  Hold'em No Limit ($0.01/$0.02 USD) - 2021/07/10 9:52:39 PT [2021/07/10 12:52:39 ET]
Table 'Koronis IV' 9-max Seat #8 is the button
Seat 1: Artishell ($5.32 in chips) 
Seat 2: cruscrus134 ($1.75 in chips) 
Seat 3: mathplayer ($6.57 in chips) 
Seat 4: Ewnt ($2.16 in chips) 
Seat 5: Dorex2007 ($1.87 in chips) 
Seat 6: Almanza63 ($1.80 in chips) 
Seat 7: cocogoat ($2.10 in chips) 
Seat 8: tolyan83823 ($4.70 in chips) 
Seat 9: AlexiaSF ($1.91 in chips) 
AlexiaSF: posts small blind $0.01
Artishell: posts big blind $0.02
*** HOLE CARDS ***
Dealt to Dorex2007 [Qs 9c]
cruscrus134: folds 
mathplayer: folds 
Ewnt: folds 
Dorex2007: folds 
Almanza63: raises $0.04 to $0.06
cocogoat: folds 
tolyan83823: calls $0.06
AlexiaSF: calls $0.05
Artishell: calls $0.04
*** FLOP *** [Ad Jh Qh]
AlexiaSF: checks 
Artishell: checks 
Almanza63: checks 
tolyan83823: checks 
*** TURN *** [Ad Jh Qh] [Qc]
AlexiaSF: checks 
Artishell: checks 
Almanza63: checks 
tolyan83823: checks 
*** RIVER *** [Ad Jh Qh Qc] [6c]
AlexiaSF: checks 
Artishell: checks 
Almanza63: checks 
tolyan83823: bets $0.18
AlexiaSF: folds 
Artishell: folds 
Almanza63: folds 
Uncalled bet ($0.18) returned to tolyan83823
tolyan83823 collected $0.23 from pot
tolyan83823: doesn't show hand 
*** SUMMARY ***
Total pot $0.24 | Rake $0.01 
Board [Ad Jh Qh Qc 6c]
Seat 1: Artishell (big blind) folded on the River
Seat 2: cruscrus134 folded before Flop (didn't bet)
Seat 3: mathplayer folded before Flop (didn't bet)
Seat 4: Ewnt folded before Flop (didn't bet)
Seat 5: Dorex2007 folded before Flop (didn't bet)
Seat 6: Almanza63 folded on the River
Seat 7: cocogoat folded before Flop (didn't bet)
Seat 8: tolyan83823 (button) collected ($0.23)
Seat 9: AlexiaSF (small blind) folded on the River



PokerStars Hand #228192651815:  Hold'em No Limit ($0.01/$0.02 USD) - 2021/07/10 9:53:51 PT [2021/07/10 12:53:51 ET]
Table 'Koronis IV' 9-max Seat #9 is the button
Seat 1: Artishell ($5.26 in chips) 
Seat 2: cruscrus134 ($1.75 in chips) 
Seat 3: mathplayer ($6.57 in chips) 
Seat 4: Ewnt ($2.16 in chips) 
Seat 5: Dorex2007 ($1.87 in chips) 
Seat 6: Almanza63 ($1.74 in chips) 
Seat 7: cocogoat ($2.10 in chips) 
Seat 8: tolyan83823 ($4.87 in chips) 
Seat 9: AlexiaSF ($1.85 in chips) 
Artishell: posts small blind $0.01
cruscrus134: posts big blind $0.02
*** HOLE CARDS ***
Dealt to Dorex2007 [9h 7c]
mathplayer: folds 
Ewnt: raises $0.03 to $0.05
Dorex2007: folds 
Almanza63: calls $0.05
cocogoat: folds 
tolyan83823: calls $0.05
AlexiaSF: folds 
Artishell: folds 
cruscrus134: calls $0.03
*** FLOP *** [Tc Js 2s]
cruscrus134: checks 
Ewnt: checks 
Almanza63: checks 
tolyan83823: bets $0.12
cruscrus134: folds 
Ewnt: raises $0.26 to $0.38
Almanza63: folds 
tolyan83823: folds 
Uncalled bet ($0.26) returned to Ewnt
Ewnt collected $0.43 from pot
Ewnt: doesn't show hand 
*** SUMMARY ***
Total pot $0.45 | Rake $0.02 
Board [Tc Js 2s]
Seat 1: Artishell (small blind) folded before Flop
Seat 2: cruscrus134 (big blind) folded on the Flop
Seat 3: mathplayer folded before Flop (didn't bet)
Seat 4: Ewnt collected ($0.43)
Seat 5: Dorex2007 folded before Flop (didn't bet)
Seat 6: Almanza63 folded on the Flop
Seat 7: cocogoat folded before Flop (didn't bet)
Seat 8: tolyan83823 folded on the Flop
Seat 9: AlexiaSF (button) folded before Flop (didn't bet)



PokerStars Hand #228192672969:  Hold'em No Limit ($0.01/$0.02 USD) - 2021/07/10 9:54:49 PT [2021/07/10 12:54:49 ET]
Table 'Koronis IV' 9-max Seat #1 is the button
Seat 1: Artishell ($5.25 in chips) 
Seat 2: cruscrus134 ($1.70 in chips) 
Seat 3: mathplayer ($6.57 in chips) 
Seat 4: Ewnt ($2.42 in chips) 
Seat 5: Dorex2007 ($2 in chips) 
Seat 6: Almanza63 ($1.69 in chips) 
Seat 7: cocogoat ($2.10 in chips) 
Seat 8: tolyan83823 ($4.70 in chips) 
Seat 9: AlexiaSF ($1.85 in chips) 
cruscrus134: posts small blind $0.01
mathplayer: posts big blind $0.02
*** HOLE CARDS ***
Dealt to Dorex2007 [Qd Ah]
Ewnt: raises $0.03 to $0.05
Dorex2007: folds 
Almanza63: folds 
cocogoat: folds 
tolyan83823: calls $0.05
AlexiaSF: folds 
Artishell: folds 
cruscrus134: folds 
mathplayer: folds 
*** FLOP *** [4d Qc 8d]
Ewnt: checks 
tolyan83823: checks 
*** TURN *** [4d Qc 8d] [3c]
Ewnt: bets $0.08
tolyan83823: folds 
Uncalled bet ($0.08) returned to Ewnt
Ewnt collected $0.13 from pot
Ewnt: doesn't show hand 
*** SUMMARY ***
Total pot $0.13 | Rake $0 
Board [4d Qc 8d 3c]
Seat 1: Artishell (button) folded before Flop (didn't bet)
Seat 2: cruscrus134 (small blind) folded before Flop
Seat 3: mathplayer (big blind) folded before Flop
Seat 4: Ewnt collected ($0.13)
Seat 5: Dorex2007 folded before Flop (didn't bet)
Seat 6: Almanza63 folded before Flop (didn't bet)
Seat 7: cocogoat folded before Flop (didn't bet)
Seat 8: tolyan83823 folded on the Turn
Seat 9: AlexiaSF folded before Flop (didn't bet)



PokerStars Hand #228192686304:  Hold'em No Limit ($0.01/$0.02 USD) - 2021/07/10 9:55:29 PT [2021/07/10 12:55:29 ET]
Table 'Koronis IV' 9-max Seat #2 is the button
Seat 1: Artishell ($5.25 in chips) 
Seat 2: cruscrus134 ($1.69 in chips) 
Seat 3: mathplayer ($6.55 in chips) 
Seat 4: Ewnt ($2.50 in chips) 
Seat 5: Dorex2007 ($2 in chips) 
Seat 6: Almanza63 ($1.69 in chips) 
Seat 7: cocogoat ($2.10 in chips) 
Seat 8: tolyan83823 ($4.65 in chips) 
Seat 9: AlexiaSF ($1.85 in chips) 
mathplayer: posts small blind $0.01
Ewnt: posts big blind $0.02
*** HOLE CARDS ***
Dealt to Dorex2007 [Ah Jh]
Dorex2007: raises $0.04 to $0.06
Almanza63: folds 
cocogoat: folds 
tolyan83823: calls $0.06
AlexiaSF: folds 
Artishell: calls $0.06
cruscrus134: folds 
mathplayer: folds 
Ewnt: calls $0.04
*** FLOP *** [Qd 3d 8d]
Ewnt: checks 
Dorex2007: checks 
tolyan83823: checks 
Artishell: checks 
*** TURN *** [Qd 3d 8d] [5s]
Ewnt: checks 
Dorex2007: checks 
tolyan83823: checks 
Artishell: checks 
*** RIVER *** [Qd 3d 8d 5s] [Js]
Ewnt: checks 
Dorex2007: bets $0.24
tolyan83823: folds 
Artishell: folds 
Ewnt: folds 
Uncalled bet ($0.24) returned to Dorex2007
Dorex2007 collected $0.24 from pot
Dorex2007: doesn't show hand 
*** SUMMARY ***
Total pot $0.25 | Rake $0.01 
Board [Qd 3d 8d 5s Js]
Seat 1: Artishell folded on the River
Seat 2: cruscrus134 (button) folded before Flop (didn't bet)
Seat 3: mathplayer (small blind) folded before Flop
Seat 4: Ewnt (big blind) folded on the River
Seat 5: Dorex2007 collected ($0.24)
Seat 6: Almanza63 folded before Flop (didn't bet)
Seat 7: cocogoat folded before Flop (didn't bet)
Seat 8: tolyan83823 folded on the River
Seat 9: AlexiaSF folded before Flop (didn't bet)



PokerStars Hand #228192698653:  Hold'em No Limit ($0.01/$0.02 USD) - 2021/07/10 9:56:15 PT [2021/07/10 12:56:15 ET]
Table 'Koronis IV' 9-max Seat #3 is the button
Seat 1: Artishell ($5.19 in chips) 
Seat 2: cruscrus134 ($1.69 in chips) 
Seat 3: mathplayer ($6.54 in chips) 
Seat 4: Ewnt ($2.44 in chips) 
Seat 5: Dorex2007 ($2.18 in chips) 
Seat 6: Almanza63 ($1.69 in chips) 
Seat 7: cocogoat ($2.10 in chips) 
Seat 8: tolyan83823 ($4.59 in chips) 
Seat 9: AlexiaSF ($1.85 in chips) 
Ewnt: posts small blind $0.01
Dorex2007: posts big blind $0.02
*** HOLE CARDS ***
Dealt to Dorex2007 [9c 3h]
Almanza63: folds 
cocogoat: folds 
tolyan83823: raises $0.04 to $0.06
AlexiaSF: folds 
Artishell: folds 
cruscrus134: folds 
mathplayer: folds 
Ewnt: calls $0.05
Dorex2007: folds 
*** FLOP *** [Js Qs Qh]
Ewnt: checks 
tolyan83823: checks 
*** TURN *** [Js Qs Qh] [Ah]
Ewnt: checks 
tolyan83823: checks 
*** RIVER *** [Js Qs Qh Ah] [As]
Ewnt: checks 
tolyan83823: bets $0.26
Ewnt: folds 
Uncalled bet ($0.26) returned to tolyan83823
tolyan83823 collected $0.14 from pot
tolyan83823: doesn't show hand 
*** SUMMARY ***
Total pot $0.14 | Rake $0 
Board [Js Qs Qh Ah As]
Seat 1: Artishell folded before Flop (didn't bet)
Seat 2: cruscrus134 folded before Flop (didn't bet)
Seat 3: mathplayer (button) folded before Flop (didn't bet)
Seat 4: Ewnt (small blind) folded on the River
Seat 5: Dorex2007 (big blind) folded before Flop
Seat 6: Almanza63 folded before Flop (didn't bet)
Seat 7: cocogoat folded before Flop (didn't bet)
Seat 8: tolyan83823 collected ($0.14)
Seat 9: AlexiaSF folded before Flop (didn't bet)



PokerStars Hand #228192708544:  Hold'em No Limit ($0.01/$0.02 USD) - 2021/07/10 9:56:51 PT [2021/07/10 12:56:51 ET]
Table 'Koronis IV' 9-max Seat #4 is the button
Seat 1: Artishell ($5.19 in chips) 
Seat 2: cruscrus134 ($1.69 in chips) 
Seat 3: mathplayer ($6.54 in chips) 
Seat 4: Ewnt ($2.38 in chips) 
Seat 5: Dorex2007 ($2.16 in chips) 
Seat 6: Almanza63 ($1.69 in chips) 
Seat 7: cocogoat ($2.10 in chips) 
Seat 8: tolyan83823 ($4.67 in chips) 
Seat 9: AlexiaSF ($1.85 in chips) 
Dorex2007: posts small blind $0.01
Almanza63: posts big blind $0.02
*** HOLE CARDS ***
Dealt to Dorex2007 [Qh 3s]
cocogoat: folds 
tolyan83823: calls $0.02
AlexiaSF: folds 
Artishell: raises $0.07 to $0.09
cruscrus134: folds 
mathplayer: folds 
Ewnt: folds 
Dorex2007: folds 
Almanza63: calls $0.07
tolyan83823: calls $0.07
*** FLOP *** [6s 5d Kh]
Almanza63: checks 
tolyan83823: checks 
Artishell: bets $0.15
Almanza63: folds 
tolyan83823: folds 
Uncalled bet ($0.15) returned to Artishell
Artishell collected $0.27 from pot
Artishell: doesn't show hand 
*** SUMMARY ***
Total pot $0.28 | Rake $0.01 
Board [6s 5d Kh]
Seat 1: Artishell collected ($0.27)
Seat 2: cruscrus134 folded before Flop (didn't bet)
Seat 3: mathplayer folded before Flop (didn't bet)
Seat 4: Ewnt (button) folded before Flop (didn't bet)
Seat 5: Dorex2007 (small blind) folded before Flop
Seat 6: Almanza63 (big blind) folded on the Flop
Seat 7: cocogoat folded before Flop (didn't bet)
Seat 8: tolyan83823 folded on the Flop
Seat 9: AlexiaSF folded before Flop (didn't bet)



PokerStars Hand #228192723241:  Hold'em No Limit ($0.01/$0.02 USD) - 2021/07/10 9:57:45 PT [2021/07/10 12:57:45 ET]
Table 'Koronis IV' 9-max Seat #5 is the button
Seat 1: Artishell ($5.37 in chips) 
Seat 2: cruscrus134 ($1.69 in chips) 
Seat 3: mathplayer ($6.54 in chips) 
Seat 4: Ewnt ($2.38 in chips) 
Seat 5: Dorex2007 ($2.15 in chips) 
Seat 6: Almanza63 ($1.60 in chips) 
Seat 7: cocogoat ($2.10 in chips) 
Seat 8: tolyan83823 ($4.58 in chips) 
Seat 9: AlexiaSF ($1.85 in chips) 
Almanza63: posts small blind $0.01
cocogoat: posts big blind $0.02
*** HOLE CARDS ***
Dealt to Dorex2007 [Qh 9h]
tolyan83823: calls $0.02
AlexiaSF: folds 
Artishell: folds 
cruscrus134: raises $0.06 to $0.08
mathplayer: folds 
Ewnt: folds 
Dorex2007: folds 
Almanza63: folds 
cocogoat: folds 
tolyan83823: calls $0.06
*** FLOP *** [9d 5h Js]
tolyan83823: checks 
cruscrus134: bets $0.09
tolyan83823: folds 
Uncalled bet ($0.09) returned to cruscrus134
cruscrus134 collected $0.18 from pot
cruscrus134: doesn't show hand 
*** SUMMARY ***
Total pot $0.19 | Rake $0.01 
Board [9d 5h Js]
Seat 1: Artishell folded before Flop (didn't bet)
Seat 2: cruscrus134 collected ($0.18)
Seat 3: mathplayer folded before Flop (didn't bet)
Seat 4: Ewnt folded before Flop (didn't bet)
Seat 5: Dorex2007 (button) folded before Flop (didn't bet)
Seat 6: Almanza63 (small blind) folded before Flop
Seat 7: cocogoat (big blind) folded before Flop
Seat 8: tolyan83823 folded on the Flop
Seat 9: AlexiaSF folded before Flop (didn't bet)



PokerStars Hand #228192731962:  Hold'em No Limit ($0.01/$0.02 USD) - 2021/07/10 9:58:17 PT [2021/07/10 12:58:17 ET]
Table 'Koronis IV' 9-max Seat #6 is the button
Seat 1: Artishell ($5.37 in chips) 
Seat 2: cruscrus134 ($1.79 in chips) 
Seat 3: mathplayer ($6.54 in chips) 
Seat 4: Ewnt ($2.38 in chips) 
Seat 5: Dorex2007 ($2.15 in chips) 
Seat 6: Almanza63 ($1.59 in chips) 
Seat 7: cocogoat ($2.08 in chips) 
Seat 8: tolyan83823 ($4.50 in chips) 
Seat 9: AlexiaSF ($1.85 in chips) 
cocogoat: posts small blind $0.01
tolyan83823: posts big blind $0.02
*** HOLE CARDS ***
Dealt to Dorex2007 [Jh Ks]
AlexiaSF: folds 
Artishell: folds 
cruscrus134: folds 
mathplayer: raises $0.04 to $0.06
Ewnt: folds 
Dorex2007: folds 
Almanza63: folds 
cocogoat: folds 
tolyan83823: calls $0.04
*** FLOP *** [Jd Td 9c]
tolyan83823: bets $0.13
mathplayer: folds 
Uncalled bet ($0.13) returned to tolyan83823
tolyan83823 collected $0.13 from pot
tolyan83823: doesn't show hand 
*** SUMMARY ***
Total pot $0.13 | Rake $0 
Board [Jd Td 9c]
Seat 1: Artishell folded before Flop (didn't bet)
Seat 2: cruscrus134 folded before Flop (didn't bet)
Seat 3: mathplayer folded on the Flop
Seat 4: Ewnt folded before Flop (didn't bet)
Seat 5: Dorex2007 folded before Flop (didn't bet)
Seat 6: Almanza63 (button) folded before Flop (didn't bet)
Seat 7: cocogoat (small blind) folded before Flop
Seat 8: tolyan83823 (big blind) collected ($0.13)
Seat 9: AlexiaSF folded before Flop (didn't bet)



PokerStars Hand #228192741772:  Hold'em No Limit ($0.01/$0.02 USD) - 2021/07/10 9:58:52 PT [2021/07/10 12:58:52 ET]
Table 'Koronis IV' 9-max Seat #7 is the button
Seat 1: Artishell ($5.37 in chips) 
Seat 2: cruscrus134 ($1.79 in chips) 
Seat 3: mathplayer ($6.48 in chips) 
Seat 4: Ewnt ($2.38 in chips) 
Seat 5: Dorex2007 ($2.15 in chips) 
Seat 6: Almanza63 ($1.59 in chips) 
Seat 7: cocogoat ($2.07 in chips) 
Seat 8: tolyan83823 ($4.57 in chips) 
tolyan83823: posts small blind $0.01
AlexiaSF: is sitting out 
Artishell: posts big blind $0.02
*** HOLE CARDS ***
Dealt to Dorex2007 [Qc 5h]
cruscrus134: folds 
mathplayer: folds 
cruscrus134 leaves the table
Ewnt: raises $0.03 to $0.05
Dorex2007: folds 
Almanza63: raises $0.10 to $0.15
cocogoat: folds 
tolyan83823: calls $0.14
Artishell: folds 
xPAWAx joins the table at seat #2 
Ewnt: calls $0.10
*** FLOP *** [Th 4c 7h]
tolyan83823: checks 
Ewnt: checks 
Almanza63: bets $0.17
tolyan83823: calls $0.17
Ewnt: raises $0.33 to $0.50
Almanza63: folds 
tolyan83823: folds 
Uncalled bet ($0.33) returned to Ewnt
Ewnt collected $0.95 from pot
Ewnt: doesn't show hand 
*** SUMMARY ***
Total pot $0.98 | Rake $0.03 
Board [Th 4c 7h]
Seat 1: Artishell (big blind) folded before Flop
Seat 2: cruscrus134 folded before Flop (didn't bet)
Seat 3: mathplayer folded before Flop (didn't bet)
Seat 4: Ewnt collected ($0.95)
Seat 5: Dorex2007 folded before Flop (didn't bet)
Seat 6: Almanza63 folded on the Flop
Seat 7: cocogoat (button) folded before Flop (didn't bet)
Seat 8: tolyan83823 (small blind) folded on the Flop



PokerStars Hand #228192758193:  Hold'em No Limit ($0.01/$0.02 USD) - 2021/07/10 9:59:52 PT [2021/07/10 12:59:52 ET]
Table 'Koronis IV' 9-max Seat #8 is the button
Seat 1: Artishell ($5.35 in chips) 
Seat 2: xPAWAx ($1.60 in chips) 
Seat 3: mathplayer ($6.48 in chips) 
Seat 4: Ewnt ($3.01 in chips) 
Seat 5: Dorex2007 ($2.15 in chips) 
Seat 6: Almanza63 ($1.27 in chips) 
Seat 7: cocogoat ($2.07 in chips) 
Seat 8: tolyan83823 ($4.25 in chips) 
Artishell: posts small blind $0.01
xPAWAx: posts big blind $0.02
*** HOLE CARDS ***
Dealt to Dorex2007 [Ac Kd]
mathplayer: folds 
Ewnt: folds 
Dorex2007: raises $0.04 to $0.06
Almanza63: folds 
cocogoat: folds 
tolyan83823: calls $0.06
Artishell: calls $0.05
xPAWAx: calls $0.04
*** FLOP *** [8h 6c 8d]
Artishell: checks 
xPAWAx: checks 
Dorex2007: bets $0.12
tolyan83823: calls $0.12
Artishell: folds 
xPAWAx: folds 
*** TURN *** [8h 6c 8d] [4h]
Dorex2007: bets $0.23
tolyan83823: folds 
Uncalled bet ($0.23) returned to Dorex2007
Dorex2007 collected $0.46 from pot
Dorex2007: doesn't show hand 
*** SUMMARY ***
Total pot $0.48 | Rake $0.02 
Board [8h 6c 8d 4h]
Seat 1: Artishell (small blind) folded on the Flop
Seat 2: xPAWAx (big blind) folded on the Flop
Seat 3: mathplayer folded before Flop (didn't bet)
Seat 4: Ewnt folded before Flop (didn't bet)
Seat 5: Dorex2007 collected ($0.46)
Seat 6: Almanza63 folded before Flop (didn't bet)
Seat 7: cocogoat folded before Flop (didn't bet)
Seat 8: tolyan83823 (button) folded on the Turn



PokerStars Hand #228192771297:  Hold'em No Limit ($0.01/$0.02 USD) - 2021/07/10 10:00:39 PT [2021/07/10 13:00:39 ET]
Table 'Koronis IV' 9-max Seat #1 is the button
Seat 1: Artishell ($5.29 in chips) 
Seat 2: xPAWAx ($1.54 in chips) 
Seat 4: Ewnt ($3.01 in chips) 
Seat 5: Dorex2007 ($2.43 in chips) 
Seat 6: Almanza63 ($2 in chips) 
Seat 7: cocogoat ($2.07 in chips) 
Seat 8: tolyan83823 ($4.07 in chips) 
xPAWAx: posts small blind $0.01
mathplayer: is sitting out 
Ewnt: posts big blind $0.02
*** HOLE CARDS ***
Dealt to Dorex2007 [3c 2h]
mathplayer leaves the table
Dorex2007: folds 
Almanza63: folds 
cocogoat: folds 
tolyan83823: calls $0.02
Artishell: calls $0.02
xPAWAx: calls $0.01
Ewnt: checks 
*** FLOP *** [Kc Qs 5c]
Tirlim18 joins the table at seat #3 
xPAWAx: checks 
Ewnt: checks 
tolyan83823: checks 
Artishell: checks 
*** TURN *** [Kc Qs 5c] [6s]
xPAWAx: checks 
Ewnt: checks 
tolyan83823: checks 
Artishell: checks 
*** RIVER *** [Kc Qs 5c 6s] [2d]
xPAWAx: checks 
Ewnt: bets $0.04
tolyan83823: folds 
Artishell: folds 
xPAWAx: folds 
Uncalled bet ($0.04) returned to Ewnt
Ewnt collected $0.08 from pot
Ewnt: doesn't show hand 
*** SUMMARY ***
Total pot $0.08 | Rake $0 
Board [Kc Qs 5c 6s 2d]
Seat 1: Artishell (button) folded on the River
Seat 2: xPAWAx (small blind) folded on the River
Seat 4: Ewnt (big blind) collected ($0.08)
Seat 5: Dorex2007 folded before Flop (didn't bet)
Seat 6: Almanza63 folded before Flop (didn't bet)
Seat 7: cocogoat folded before Flop (didn't bet)
Seat 8: tolyan83823 folded on the River



PokerStars Hand #228192789260:  Hold'em No Limit ($0.01/$0.02 USD) - 2021/07/10 10:01:36 PT [2021/07/10 13:01:36 ET]
Table 'Koronis IV' 9-max Seat #2 is the button
Seat 1: Artishell ($5.27 in chips) 
Seat 2: xPAWAx ($1.52 in chips) 
Seat 4: Ewnt ($3.07 in chips) 
Seat 5: Dorex2007 ($2.43 in chips) 
Seat 6: Almanza63 ($2 in chips) 
Seat 7: cocogoat ($2.07 in chips) 
Seat 8: tolyan83823 ($4.05 in chips) 
Ewnt: posts small blind $0.01
Dorex2007: posts big blind $0.02
AlexiaSF is disconnected 
AlexiaSF has timed out while disconnected
AlexiaSF: is sitting out 
*** HOLE CARDS ***
Dealt to Dorex2007 [Kd 9h]
Almanza63: folds 
cocogoat: folds 
tolyan83823: folds 
Artishell: raises $0.05 to $0.07
xPAWAx: folds 
Ewnt: folds 
Dorex2007: folds 
Uncalled bet ($0.05) returned to Artishell
Artishell collected $0.05 from pot
Artishell: doesn't show hand 
*** SUMMARY ***
Total pot $0.05 | Rake $0 
Seat 1: Artishell collected ($0.05)
Seat 2: xPAWAx (button) folded before Flop (didn't bet)
Seat 4: Ewnt (small blind) folded before Flop
Seat 5: Dorex2007 (big blind) folded before Flop
Seat 6: Almanza63 folded before Flop (didn't bet)
Seat 7: cocogoat folded before Flop (didn't bet)
Seat 8: tolyan83823 folded before Flop (didn't bet)



PokerStars Hand #228192801461:  Hold'em No Limit ($0.01/$0.02 USD) - 2021/07/10 10:02:12 PT [2021/07/10 13:02:12 ET]
Table 'Koronis IV' 9-max Seat #4 is the button
Seat 1: Artishell ($5.30 in chips) 
Seat 2: xPAWAx ($1.52 in chips) 
Seat 4: Ewnt ($3.06 in chips) 
Seat 5: Dorex2007 ($2.41 in chips) 
Seat 6: Almanza63 ($2 in chips) 
Seat 7: cocogoat ($2.07 in chips) 
Seat 8: tolyan83823 ($4.05 in chips) 
Dorex2007: posts small blind $0.01
Almanza63: posts big blind $0.02
Tirlim18: sits out 
*** HOLE CARDS ***
Dealt to Dorex2007 [2c 3d]
cocogoat: folds 
tolyan83823: calls $0.02
Artishell: folds 
xPAWAx: calls $0.02
Ewnt: raises $0.08 to $0.10
Dorex2007: folds 
Almanza63: calls $0.08
tolyan83823: calls $0.08
xPAWAx: folds 
*** FLOP *** [Jc 3c 5h]
Almanza63: checks 
tolyan83823: checks 
Ewnt: bets $0.20
Almanza63: folds 
tolyan83823: folds 
Uncalled bet ($0.20) returned to Ewnt
Ewnt collected $0.32 from pot
Ewnt: doesn't show hand 
*** SUMMARY ***
Total pot $0.33 | Rake $0.01 
Board [Jc 3c 5h]
Seat 1: Artishell folded before Flop (didn't bet)
Seat 2: xPAWAx folded before Flop
Seat 4: Ewnt (button) collected ($0.32)
Seat 5: Dorex2007 (small blind) folded before Flop
Seat 6: Almanza63 (big blind) folded on the Flop
Seat 7: cocogoat folded before Flop (didn't bet)
Seat 8: tolyan83823 folded on the Flop



PokerStars Hand #228192820700:  Hold'em No Limit ($0.01/$0.02 USD) - 2021/07/10 10:03:05 PT [2021/07/10 13:03:05 ET]
Table 'Koronis IV' 9-max Seat #5 is the button
Seat 1: Artishell ($5.30 in chips) 
Seat 2: xPAWAx ($1.50 in chips) 
Seat 4: Ewnt ($3.28 in chips) 
Seat 5: Dorex2007 ($2.40 in chips) 
Seat 6: Almanza63 ($1.90 in chips) 
Seat 7: cocogoat ($2.07 in chips) 
Seat 8: tolyan83823 ($3.95 in chips) 
Almanza63: posts small blind $0.01
cocogoat: posts big blind $0.02
AlexiaSF: sits out 
Tirlim18: sits out 
*** HOLE CARDS ***
Dealt to Dorex2007 [9s 3d]
tolyan83823: folds 
Artishell: folds 
xPAWAx: folds 
Ewnt: raises $0.03 to $0.05
Dorex2007: folds 
Almanza63: calls $0.04
cocogoat: folds 
*** FLOP *** [9h Th Js]
Almanza63: bets $0.06
Ewnt: folds 
Uncalled bet ($0.06) returned to Almanza63
Almanza63 collected $0.12 from pot
Almanza63: doesn't show hand 
*** SUMMARY ***
Total pot $0.12 | Rake $0 
Board [9h Th Js]
Seat 1: Artishell folded before Flop (didn't bet)
Seat 2: xPAWAx folded before Flop (didn't bet)
Seat 4: Ewnt folded on the Flop
Seat 5: Dorex2007 (button) folded before Flop (didn't bet)
Seat 6: Almanza63 (small blind) collected ($0.12)
Seat 7: cocogoat (big blind) folded before Flop
Seat 8: tolyan83823 folded before Flop (didn't bet)



PokerStars Hand #228192831785:  Hold'em No Limit ($0.01/$0.02 USD) - 2021/07/10 10:03:36 PT [2021/07/10 13:03:36 ET]
Table 'Koronis IV' 9-max Seat #6 is the button
Seat 1: Artishell ($5.30 in chips) 
Seat 2: xPAWAx ($1.50 in chips) 
Seat 4: Ewnt ($3.23 in chips) 
Seat 5: Dorex2007 ($2.40 in chips) 
Seat 6: Almanza63 ($1.97 in chips) 
Seat 7: cocogoat ($2.05 in chips) 
Seat 8: tolyan83823 ($3.95 in chips) 
cocogoat: posts small blind $0.01
tolyan83823: posts big blind $0.02
AlexiaSF: sits out 
Tirlim18: sits out 
*** HOLE CARDS ***
Dealt to Dorex2007 [Qh Jh]
Artishell: raises $0.03 to $0.05
xPAWAx: folds 
Ewnt: calls $0.05
Dorex2007: calls $0.05
Almanza63: calls $0.05
cocogoat: calls $0.04
tolyan83823: calls $0.03
*** FLOP *** [5s 9d 2s]
cocogoat: checks 
tolyan83823: checks 
Artishell: checks 
Ewnt: checks 
Dorex2007: checks 
Almanza63: checks 
*** TURN *** [5s 9d 2s] [4d]
cocogoat: bets $0.15
tolyan83823: calls $0.15
Artishell: calls $0.15
Ewnt: raises $3.03 to $3.18 and is all-in
Dorex2007: folds 
Almanza63: folds 
cocogoat: folds 
tolyan83823: folds 
Artishell: folds 
Uncalled bet ($3.03) returned to Ewnt
Ewnt collected $0.87 from pot
Ewnt: doesn't show hand 
*** SUMMARY ***
Total pot $0.90 | Rake $0.03 
Board [5s 9d 2s 4d]
Seat 1: Artishell folded on the Turn
Seat 2: xPAWAx folded before Flop (didn't bet)
Seat 4: Ewnt collected ($0.87)
Seat 5: Dorex2007 folded on the Turn
Seat 6: Almanza63 (button) folded on the Turn
Seat 7: cocogoat (small blind) folded on the Turn
Seat 8: tolyan83823 (big blind) folded on the Turn



PokerStars Hand #228192865685:  Hold'em No Limit ($0.01/$0.02 USD) - 2021/07/10 10:05:06 PT [2021/07/10 13:05:06 ET]
Table 'Koronis IV' 9-max Seat #7 is the button
Seat 1: Artishell ($5.10 in chips) 
Seat 2: xPAWAx ($1.50 in chips) 
Seat 4: Ewnt ($3.90 in chips) 
Seat 5: Dorex2007 ($2.35 in chips) 
Seat 6: Almanza63 ($1.92 in chips) 
Seat 7: cocogoat ($1.85 in chips) 
Seat 8: tolyan83823 ($3.75 in chips) 
Seat 9: AlexiaSF ($1.85 in chips) 
tolyan83823: posts small blind $0.01
AlexiaSF: posts big blind $0.02
Tirlim18: sits out 
*** HOLE CARDS ***
Dealt to Dorex2007 [Ac Js]
Artishell: folds 
xPAWAx: folds 
Ewnt: folds 
Dorex2007 has timed out
Dorex2007: folds 
Almanza63: folds 
cocogoat: raises $0.06 to $0.08
tolyan83823: folds 
AlexiaSF: folds 
Uncalled bet ($0.06) returned to cocogoat
cocogoat collected $0.05 from pot
*** SUMMARY ***
Total pot $0.05 | Rake $0 
Seat 1: Artishell folded before Flop (didn't bet)
Seat 2: xPAWAx folded before Flop (didn't bet)
Seat 4: Ewnt folded before Flop (didn't bet)
Seat 5: Dorex2007 folded before Flop (didn't bet)
Seat 6: Almanza63 folded before Flop (didn't bet)
Seat 7: cocogoat (button) collected ($0.05)
Seat 8: tolyan83823 (small blind) folded before Flop
Seat 9: AlexiaSF (big blind) folded before Flop



PokerStars Hand #228192880760:  Hold'em No Limit ($0.01/$0.02 USD) - 2021/07/10 10:05:36 PT [2021/07/10 13:05:36 ET]
Table 'Koronis IV' 9-max Seat #8 is the button
Seat 1: Artishell ($5.10 in chips) 
Seat 2: xPAWAx ($1.50 in chips) 
Seat 4: Ewnt ($3.90 in chips) 
Seat 5: Dorex2007 ($2.35 in chips) 
Seat 6: Almanza63 ($1.92 in chips) 
Seat 7: cocogoat ($1.88 in chips) 
Seat 8: tolyan83823 ($3.74 in chips) 
Seat 9: AlexiaSF ($1.83 in chips) 
AlexiaSF: posts small blind $0.01
Artishell: posts big blind $0.02
Tirlim18: sits out 
*** HOLE CARDS ***
Dealt to Dorex2007 [Th 7s]
xPAWAx: folds 
Ewnt: folds 
Dorex2007: folds 
Almanza63: folds 
cocogoat: folds 
tolyan83823: raises $0.04 to $0.06
AlexiaSF: folds 
Artishell: folds 
Uncalled bet ($0.04) returned to tolyan83823
tolyan83823 collected $0.05 from pot
tolyan83823: doesn't show hand 
*** SUMMARY ***
Total pot $0.05 | Rake $0 
Seat 1: Artishell (big blind) folded before Flop
Seat 2: xPAWAx folded before Flop (didn't bet)
Seat 4: Ewnt folded before Flop (didn't bet)
Seat 5: Dorex2007 folded before Flop (didn't bet)
Seat 6: Almanza63 folded before Flop (didn't bet)
Seat 7: cocogoat folded before Flop (didn't bet)
Seat 8: tolyan83823 (button) collected ($0.05)
Seat 9: AlexiaSF (small blind) folded before Flop



PokerStars Hand #228192891573:  Hold'em No Limit ($0.01/$0.02 USD) - 2021/07/10 10:06:05 PT [2021/07/10 13:06:05 ET]
Table 'Koronis IV' 9-max Seat #9 is the button
Seat 1: Artishell ($5.08 in chips) 
Seat 2: xPAWAx ($1.50 in chips) 
Seat 4: Ewnt ($3.90 in chips) 
Seat 5: Dorex2007 ($2.35 in chips) 
Seat 6: Almanza63 ($1.92 in chips) 
Seat 7: cocogoat ($1.88 in chips) 
Seat 8: tolyan83823 ($3.77 in chips) 
Seat 9: AlexiaSF ($1.82 in chips) 
Artishell: posts small blind $0.01
xPAWAx: posts big blind $0.02
Tirlim18: sits out 
*** HOLE CARDS ***
Dealt to Dorex2007 [8c 3c]
Ewnt: folds 
Dorex2007: folds 
Almanza63: folds 
cocogoat: folds 
tolyan83823: calls $0.02
AlexiaSF: raises $0.04 to $0.06
Artishell: calls $0.05
xPAWAx: calls $0.04
tolyan83823: calls $0.04
*** FLOP *** [7c 4h Tc]
Artishell: checks 
xPAWAx: checks 
tolyan83823: bets $0.14
AlexiaSF: raises $1.62 to $1.76 and is all-in
Artishell: folds 
xPAWAx: folds 
tolyan83823: folds 
Uncalled bet ($1.62) returned to AlexiaSF
AlexiaSF collected $0.50 from pot
*** SUMMARY ***
Total pot $0.52 | Rake $0.02 
Board [7c 4h Tc]
Seat 1: Artishell (small blind) folded on the Flop
Seat 2: xPAWAx (big blind) folded on the Flop
Seat 4: Ewnt folded before Flop (didn't bet)
Seat 5: Dorex2007 folded before Flop (didn't bet)
Seat 6: Almanza63 folded before Flop (didn't bet)
Seat 7: cocogoat folded before Flop (didn't bet)
Seat 8: tolyan83823 folded on the Flop
Seat 9: AlexiaSF (button) collected ($0.50)



PokerStars Hand #228192914311:  Hold'em No Limit ($0.01/$0.02 USD) - 2021/07/10 10:07:07 PT [2021/07/10 13:07:07 ET]
Table 'Koronis IV' 9-max Seat #1 is the button
Seat 1: Artishell ($5.02 in chips) 
Seat 2: xPAWAx ($1.44 in chips) 
Seat 3: Tirlim18 ($2 in chips) 
Seat 4: Ewnt ($3.90 in chips) 
Seat 5: Dorex2007 ($2.35 in chips) 
Seat 6: Almanza63 ($1.92 in chips) 
Seat 7: cocogoat ($1.88 in chips) 
Seat 8: tolyan83823 ($3.57 in chips) 
Seat 9: AlexiaSF ($2.12 in chips) 
xPAWAx: posts small blind $0.01
Tirlim18: posts big blind $0.02
*** HOLE CARDS ***
Dealt to Dorex2007 [7d Td]
Ewnt has timed out
Ewnt: folds 
Dorex2007: folds 
Almanza63: folds 
cocogoat has timed out
cocogoat: folds 
tolyan83823 has timed out
tolyan83823: folds 
AlexiaSF: folds 
Artishell: raises $0.02 to $0.04
xPAWAx: folds 
Tirlim18: calls $0.02
*** FLOP *** [Ts 7s Ks]
Tirlim18: checks 
Artishell: bets $0.08
Tirlim18: folds 
Uncalled bet ($0.08) returned to Artishell
Artishell collected $0.09 from pot
Artishell: doesn't show hand 
*** SUMMARY ***
Total pot $0.09 | Rake $0 
Board [Ts 7s Ks]
Seat 1: Artishell (button) collected ($0.09)
Seat 2: xPAWAx (small blind) folded before Flop
Seat 3: Tirlim18 (big blind) folded on the Flop
Seat 4: Ewnt folded before Flop (didn't bet)
Seat 5: Dorex2007 folded before Flop (didn't bet)
Seat 6: Almanza63 folded before Flop (didn't bet)
Seat 7: cocogoat folded before Flop (didn't bet)
Seat 8: tolyan83823 folded before Flop (didn't bet)
Seat 9: AlexiaSF folded before Flop (didn't bet)



PokerStars Hand #228192935523:  Hold'em No Limit ($0.01/$0.02 USD) - 2021/07/10 10:08:04 PT [2021/07/10 13:08:04 ET]
Table 'Koronis IV' 9-max Seat #2 is the button
Seat 1: Artishell ($5.07 in chips) 
Seat 2: xPAWAx ($1.43 in chips) 
Seat 3: Tirlim18 ($1.96 in chips) 
Seat 4: Ewnt ($3.90 in chips) 
Seat 5: Dorex2007 ($2.35 in chips) 
Seat 6: Almanza63 ($1.92 in chips) 
Seat 8: tolyan83823 ($3.57 in chips) 
Seat 9: AlexiaSF ($2.12 in chips) 
Tirlim18: posts small blind $0.01
Ewnt: posts big blind $0.02
*** HOLE CARDS ***
Dealt to Dorex2007 [Ks 2h]
Dorex2007: folds 
Almanza63: folds 
tolyan83823: raises $0.04 to $0.06
AlexiaSF: folds 
Artishell: folds 
xPAWAx: folds 
Tirlim18: folds 
Ewnt: folds 
Uncalled bet ($0.04) returned to tolyan83823
tolyan83823 collected $0.05 from pot
tolyan83823: doesn't show hand 
*** SUMMARY ***
Total pot $0.05 | Rake $0 
Seat 1: Artishell folded before Flop (didn't bet)
Seat 2: xPAWAx (button) folded before Flop (didn't bet)
Seat 3: Tirlim18 (small blind) folded before Flop
Seat 4: Ewnt (big blind) folded before Flop
Seat 5: Dorex2007 folded before Flop (didn't bet)
Seat 6: Almanza63 folded before Flop (didn't bet)
Seat 8: tolyan83823 collected ($0.05)
Seat 9: AlexiaSF folded before Flop (didn't bet)



PokerStars Hand #228192946965:  Hold'em No Limit ($0.01/$0.02 USD) - 2021/07/10 10:08:35 PT [2021/07/10 13:08:35 ET]
Table 'Koronis IV' 9-max Seat #3 is the button
Seat 1: Artishell ($5.07 in chips) 
Seat 2: xPAWAx ($1.43 in chips) 
Seat 3: Tirlim18 ($1.99 in chips) 
Seat 4: Ewnt ($3.88 in chips) 
Seat 5: Dorex2007 ($2.35 in chips) 
Seat 6: Almanza63 ($1.92 in chips) 
Seat 8: tolyan83823 ($3.60 in chips) 
Seat 9: AlexiaSF ($2.12 in chips) 
Ewnt: posts small blind $0.01
Dorex2007: posts big blind $0.02
*** HOLE CARDS ***
Dealt to Dorex2007 [Jh 7s]
Almanza63: folds 
tolyan83823: calls $0.02
AlexiaSF: folds 
Artishell: folds 
xPAWAx: folds 
Tirlim18: folds 
Ewnt: calls $0.01
Dorex2007: checks 
*** FLOP *** [Td As 3h]
Ewnt: checks 
Dorex2007: checks 
tolyan83823: checks 
*** TURN *** [Td As 3h] [7d]
Ewnt: checks 
Dorex2007: bets $0.06
xPAWAx leaves the table
tolyan83823: calls $0.06
Ewnt: calls $0.06
*** RIVER *** [Td As 3h 7d] [2c]
Ewnt: checks 
Dorex2007: checks 
tolyan83823: checks 
*** SHOW DOWN ***
Ewnt: shows [6s Tc] (a pair of Tens)
Dorex2007: mucks hand 
tolyan83823: mucks hand 
Ewnt collected $0.23 from pot
*** SUMMARY ***
Total pot $0.24 | Rake $0.01 
Board [Td As 3h 7d 2c]
Seat 1: Artishell folded before Flop (didn't bet)
Seat 2: xPAWAx folded before Flop (didn't bet)
Seat 3: Tirlim18 (button) folded before Flop (didn't bet)
Seat 4: Ewnt (small blind) showed [6s Tc] and won ($0.23) with a pair of Tens
Seat 5: Dorex2007 (big blind) mucked [Jh 7s]
Seat 6: Almanza63 folded before Flop (didn't bet)
Seat 8: tolyan83823 mucked [5d 6d]
Seat 9: AlexiaSF folded before Flop (didn't bet)



PokerStars Hand #228192967070:  Hold'em No Limit ($0.01/$0.02 USD) - 2021/07/10 10:09:28 PT [2021/07/10 13:09:28 ET]
Table 'Koronis IV' 9-max Seat #4 is the button
Seat 1: Artishell ($5.07 in chips) 
Seat 3: Tirlim18 ($2 in chips) 
Seat 4: Ewnt ($4.03 in chips) 
Seat 5: Dorex2007 ($2.27 in chips) 
Seat 6: Almanza63 ($1.92 in chips) 
Seat 7: cocogoat ($1.88 in chips) 
Seat 8: tolyan83823 ($3.52 in chips) 
Seat 9: AlexiaSF ($2.12 in chips) 
Dorex2007: posts small blind $0.01
Almanza63: posts big blind $0.02
*** HOLE CARDS ***
Dealt to Dorex2007 [5d Ac]
cocogoat: folds 
tolyan83823: calls $0.02
AlexiaSF: calls $0.02
Artishell has timed out
Artishell: folds 
Tirlim18: folds 
Ewnt: folds 
Dorex2007: folds 
Almanza63: checks 
*** FLOP *** [8d 8c 9s]
Almanza63: checks 
tolyan83823: checks 
SANTOSFILHO2 joins the table at seat #2 
AlexiaSF: checks 
*** TURN *** [8d 8c 9s] [Ts]
Almanza63: checks 
tolyan83823: bets $0.20
AlexiaSF: folds 
Almanza63: folds 
Uncalled bet ($0.20) returned to tolyan83823
tolyan83823 collected $0.07 from pot
tolyan83823: doesn't show hand 
*** SUMMARY ***
Total pot $0.07 | Rake $0 
Board [8d 8c 9s Ts]
Seat 1: Artishell folded before Flop (didn't bet)
Seat 3: Tirlim18 folded before Flop (didn't bet)
Seat 4: Ewnt (button) folded before Flop (didn't bet)
Seat 5: Dorex2007 (small blind) folded before Flop
Seat 6: Almanza63 (big blind) folded on the Turn
Seat 7: cocogoat folded before Flop (didn't bet)
Seat 8: tolyan83823 collected ($0.07)
Seat 9: AlexiaSF folded on the Turn



PokerStars Hand #228192992028:  Hold'em No Limit ($0.01/$0.02 USD) - 2021/07/10 10:10:35 PT [2021/07/10 13:10:35 ET]
Table 'Koronis IV' 9-max Seat #5 is the button
Seat 1: Artishell ($5.07 in chips) 
Seat 2: SANTOSFILHO2 ($2 in chips) 
Seat 3: Tirlim18 ($2 in chips) 
Seat 4: Ewnt ($4.03 in chips) 
Seat 5: Dorex2007 ($2.26 in chips) 
Seat 6: Almanza63 ($1.90 in chips) 
Seat 7: cocogoat ($1.88 in chips) 
Seat 8: tolyan83823 ($3.57 in chips) 
Seat 9: AlexiaSF ($2.10 in chips) 
Almanza63: posts small blind $0.01
cocogoat: posts big blind $0.02
SANTOSFILHO2: posts big blind $0.02
*** HOLE CARDS ***
Dealt to Dorex2007 [Qd 3h]
tolyan83823: folds 
AlexiaSF: folds 
Artishell: folds 
tolyan83823 leaves the table
Tiltacion26 joins the table at seat #8 
SANTOSFILHO2 has timed out
SANTOSFILHO2: checks 
Tirlim18: folds 
Ewnt: folds 
Dorex2007: folds 
Almanza63: folds 
cocogoat: checks 
*** FLOP *** [7h Jd Th]
cocogoat: bets $0.03
SANTOSFILHO2: calls $0.03
*** TURN *** [7h Jd Th] [Ts]
cocogoat: checks 
SANTOSFILHO2: bets $0.08
cocogoat: folds 
Uncalled bet ($0.08) returned to SANTOSFILHO2
SANTOSFILHO2 collected $0.11 from pot
SANTOSFILHO2: doesn't show hand 
*** SUMMARY ***
Total pot $0.11 | Rake $0 
Board [7h Jd Th Ts]
Seat 1: Artishell folded before Flop (didn't bet)
Seat 2: SANTOSFILHO2 collected ($0.11)
Seat 3: Tirlim18 folded before Flop (didn't bet)
Seat 4: Ewnt folded before Flop (didn't bet)
Seat 5: Dorex2007 (button) folded before Flop (didn't bet)
Seat 6: Almanza63 (small blind) folded before Flop
Seat 7: cocogoat (big blind) folded on the Turn
Seat 8: tolyan83823 folded before Flop (didn't bet)
Seat 9: AlexiaSF folded before Flop (didn't bet)



PokerStars Hand #228193015884:  Hold'em No Limit ($0.01/$0.02 USD) - 2021/07/10 10:11:39 PT [2021/07/10 13:11:39 ET]
Table 'Koronis IV' 9-max Seat #6 is the button
Seat 1: Artishell ($5.07 in chips) 
Seat 2: SANTOSFILHO2 ($2.06 in chips) 
Seat 3: Tirlim18 ($2 in chips) 
Seat 4: Ewnt ($4.03 in chips) 
Seat 5: Dorex2007 ($2.26 in chips) 
Seat 6: Almanza63 ($1.89 in chips) 
Seat 7: cocogoat ($1.83 in chips) 
Seat 8: Tiltacion26 ($2 in chips) 
Seat 9: AlexiaSF ($2.10 in chips) 
cocogoat: posts small blind $0.01
Tiltacion26: posts big blind $0.02
*** HOLE CARDS ***
Dealt to Dorex2007 [7d Js]
AlexiaSF: folds 
Artishell: folds 
SANTOSFILHO2: folds 
Tirlim18: folds 
Ewnt: folds 
Dorex2007: folds 
Almanza63: folds 
cocogoat: folds 
Uncalled bet ($0.01) returned to Tiltacion26
Tiltacion26 collected $0.02 from pot
Tiltacion26: doesn't show hand 
*** SUMMARY ***
Total pot $0.02 | Rake $0 
Seat 1: Artishell folded before Flop (didn't bet)
Seat 2: SANTOSFILHO2 folded before Flop (didn't bet)
Seat 3: Tirlim18 folded before Flop (didn't bet)
Seat 4: Ewnt folded before Flop (didn't bet)
Seat 5: Dorex2007 folded before Flop (didn't bet)
Seat 6: Almanza63 (button) folded before Flop (didn't bet)
Seat 7: cocogoat (small blind) folded before Flop
Seat 8: Tiltacion26 (big blind) collected ($0.02)
Seat 9: AlexiaSF folded before Flop (didn't bet)



PokerStars Hand #228193022558:  Hold'em No Limit ($0.01/$0.02 USD) - 2021/07/10 10:11:57 PT [2021/07/10 13:11:57 ET]
Table 'Koronis IV' 9-max Seat #7 is the button
Seat 1: Artishell ($5.07 in chips) 
Seat 2: SANTOSFILHO2 ($2.06 in chips) 
Seat 3: Tirlim18 ($2 in chips) 
Seat 4: Ewnt ($4.03 in chips) 
Seat 5: Dorex2007 ($2.26 in chips) 
Seat 6: Almanza63 ($1.89 in chips) 
Seat 7: cocogoat ($1.82 in chips) 
Seat 8: Tiltacion26 ($2.01 in chips) 
Seat 9: AlexiaSF ($2.10 in chips) 
Tiltacion26: posts small blind $0.01
AlexiaSF: posts big blind $0.02
*** HOLE CARDS ***
Dealt to Dorex2007 [7s Qd]
Artishell: folds 
SANTOSFILHO2: raises $0.04 to $0.06
Tirlim18: folds 
Ewnt: folds 
Dorex2007: folds 
Almanza63: folds 
cocogoat: folds 
Tiltacion26: folds 
AlexiaSF: folds 
Uncalled bet ($0.04) returned to SANTOSFILHO2
SANTOSFILHO2 collected $0.05 from pot
*** SUMMARY ***
Total pot $0.05 | Rake $0 
Seat 1: Artishell folded before Flop (didn't bet)
Seat 2: SANTOSFILHO2 collected ($0.05)
Seat 3: Tirlim18 folded before Flop (didn't bet)
Seat 4: Ewnt folded before Flop (didn't bet)
Seat 5: Dorex2007 folded before Flop (didn't bet)
Seat 6: Almanza63 folded before Flop (didn't bet)
Seat 7: cocogoat (button) folded before Flop (didn't bet)
Seat 8: Tiltacion26 (small blind) folded before Flop
Seat 9: AlexiaSF (big blind) folded before Flop



PokerStars Hand #228193029332:  Hold'em No Limit ($0.01/$0.02 USD) - 2021/07/10 10:12:15 PT [2021/07/10 13:12:15 ET]
Table 'Koronis IV' 9-max Seat #8 is the button
Seat 1: Artishell ($5.07 in chips) 
Seat 2: SANTOSFILHO2 ($2.09 in chips) 
Seat 3: Tirlim18 ($2 in chips) 
Seat 4: Ewnt ($4.03 in chips) 
Seat 5: Dorex2007 ($2.26 in chips) 
Seat 6: Almanza63 ($1.89 in chips) 
Seat 7: cocogoat ($1.82 in chips) 
Seat 8: Tiltacion26 ($2 in chips) 
Seat 9: AlexiaSF ($2.08 in chips) 
AlexiaSF: posts small blind $0.01
Artishell: posts big blind $0.02
*** HOLE CARDS ***
Dealt to Dorex2007 [5d Jh]
SANTOSFILHO2: folds 
Tirlim18: folds 
Ewnt: folds 
Dorex2007: folds 
Almanza63: folds 
cocogoat: folds 
Tiltacion26: raises $0.04 to $0.06
AlexiaSF: folds 
Artishell: folds 
Uncalled bet ($0.04) returned to Tiltacion26
Tiltacion26 collected $0.05 from pot
Tiltacion26: doesn't show hand 
*** SUMMARY ***
Total pot $0.05 | Rake $0 
Seat 1: Artishell (big blind) folded before Flop
Seat 2: SANTOSFILHO2 folded before Flop (didn't bet)
Seat 3: Tirlim18 folded before Flop (didn't bet)
Seat 4: Ewnt folded before Flop (didn't bet)
Seat 5: Dorex2007 folded before Flop (didn't bet)
Seat 6: Almanza63 folded before Flop (didn't bet)
Seat 7: cocogoat folded before Flop (didn't bet)
Seat 8: Tiltacion26 (button) collected ($0.05)
Seat 9: AlexiaSF (small blind) folded before Flop



PokerStars Hand #228193035932:  Hold'em No Limit ($0.01/$0.02 USD) - 2021/07/10 10:12:33 PT [2021/07/10 13:12:33 ET]
Table 'Koronis IV' 9-max Seat #9 is the button
Seat 1: Artishell ($5.05 in chips) 
Seat 2: SANTOSFILHO2 ($2.09 in chips) 
Seat 3: Tirlim18 ($2 in chips) 
Seat 4: Ewnt ($4.03 in chips) 
Seat 5: Dorex2007 ($2.26 in chips) 
Seat 6: Almanza63 ($1.89 in chips) 
Seat 7: cocogoat ($1.82 in chips) 
Seat 8: Tiltacion26 ($2.03 in chips) 
Seat 9: AlexiaSF ($2.07 in chips) 
Artishell: posts small blind $0.01
SANTOSFILHO2: posts big blind $0.02
*** HOLE CARDS ***
Dealt to Dorex2007 [7d Kd]
Tirlim18: folds 
Ewnt: folds 
Dorex2007: folds 
Almanza63: folds 
cocogoat: raises $0.06 to $0.08
Tiltacion26: folds 
AlexiaSF: calls $0.08
Artishell: folds 
SANTOSFILHO2: folds 
*** FLOP *** [2d 9h Kc]
cocogoat: bets $0.02
AlexiaSF: raises $0.08 to $0.10
cocogoat: calls $0.08
*** TURN *** [2d 9h Kc] [8c]
cocogoat: bets $0.25
AlexiaSF: folds 
Uncalled bet ($0.25) returned to cocogoat
cocogoat collected $0.38 from pot
*** SUMMARY ***
Total pot $0.39 | Rake $0.01 
Board [2d 9h Kc 8c]
Seat 1: Artishell (small blind) folded before Flop
Seat 2: SANTOSFILHO2 (big blind) folded before Flop
Seat 3: Tirlim18 folded before Flop (didn't bet)
Seat 4: Ewnt folded before Flop (didn't bet)
Seat 5: Dorex2007 folded before Flop (didn't bet)
Seat 6: Almanza63 folded before Flop (didn't bet)
Seat 7: cocogoat collected ($0.38)
Seat 8: Tiltacion26 folded before Flop (didn't bet)
Seat 9: AlexiaSF (button) folded on the Turn



PokerStars Hand #228193058118:  Hold'em No Limit ($0.01/$0.02 USD) - 2021/07/10 10:13:33 PT [2021/07/10 13:13:33 ET]
Table 'Koronis IV' 9-max Seat #1 is the button
Seat 1: Artishell ($5.04 in chips) 
Seat 2: SANTOSFILHO2 ($2.07 in chips) 
Seat 3: Tirlim18 ($2 in chips) 
Seat 4: Ewnt ($4.03 in chips) 
Seat 5: Dorex2007 ($2.26 in chips) 
Seat 6: Almanza63 ($1.89 in chips) 
Seat 7: cocogoat ($2.02 in chips) 
Seat 8: Tiltacion26 ($2.03 in chips) 
Seat 9: AlexiaSF ($1.89 in chips) 
SANTOSFILHO2: posts small blind $0.01
Tirlim18: posts big blind $0.02
*** HOLE CARDS ***
Dealt to Dorex2007 [Ks Ah]
Ewnt: folds 
Dorex2007: raises $0.04 to $0.06
Almanza63: folds 
cocogoat: folds 
Tiltacion26: folds 
AlexiaSF: folds 
Artishell: folds 
SANTOSFILHO2: calls $0.05
Tirlim18: calls $0.04
*** FLOP *** [5d 7s 5c]
SANTOSFILHO2: checks 
Tirlim18: checks 
Dorex2007: bets $0.17
SANTOSFILHO2: folds 
Tirlim18: calls $0.17
*** TURN *** [5d 7s 5c] [2c]
Tirlim18: checks 
Dorex2007: bets $0.25
Tirlim18: calls $0.25
*** RIVER *** [5d 7s 5c 2c] [7d]
Tirlim18: checks 
Dorex2007: checks 
*** SHOW DOWN ***
Tirlim18: shows [8h 8d] (two pair, Eights and Sevens)
Dorex2007: mucks hand 
Tirlim18 collected $0.98 from pot
*** SUMMARY ***
Total pot $1.02 | Rake $0.04 
Board [5d 7s 5c 2c 7d]
Seat 1: Artishell (button) folded before Flop (didn't bet)
Seat 2: SANTOSFILHO2 (small blind) folded on the Flop
Seat 3: Tirlim18 (big blind) showed [8h 8d] and won ($0.98) with two pair, Eights and Sevens
Seat 4: Ewnt folded before Flop (didn't bet)
Seat 5: Dorex2007 mucked [Ks Ah]
Seat 6: Almanza63 folded before Flop (didn't bet)
Seat 7: cocogoat folded before Flop (didn't bet)
Seat 8: Tiltacion26 folded before Flop (didn't bet)
Seat 9: AlexiaSF folded before Flop (didn't bet)



PokerStars Hand #228193083046:  Hold'em No Limit ($0.01/$0.02 USD) - 2021/07/10 10:14:41 PT [2021/07/10 13:14:41 ET]
Table 'Koronis IV' 9-max Seat #2 is the button
Seat 1: Artishell ($5.04 in chips) 
Seat 2: SANTOSFILHO2 ($2.01 in chips) 
Seat 3: Tirlim18 ($2.50 in chips) 
Seat 4: Ewnt ($4.03 in chips) 
Seat 5: Dorex2007 ($2 in chips) 
Seat 6: Almanza63 ($1.89 in chips) 
Seat 7: cocogoat ($2.02 in chips) 
Seat 8: Tiltacion26 ($2.03 in chips) 
Seat 9: AlexiaSF ($1.89 in chips) 
Tirlim18: posts small blind $0.01
Ewnt: posts big blind $0.02
*** HOLE CARDS ***
Dealt to Dorex2007 [7h 4c]
Dorex2007: folds 
Almanza63: folds 
cocogoat: folds 
Tiltacion26: calls $0.02
AlexiaSF: folds 
Artishell: folds 
SANTOSFILHO2: folds 
Tirlim18: folds 
Ewnt: checks 
*** FLOP *** [3c Js 8h]
Ewnt: checks 
Tiltacion26: bets $0.04
Ewnt: calls $0.04
*** TURN *** [3c Js 8h] [Qd]
Ewnt: checks 
Tiltacion26: bets $0.07
Ewnt: calls $0.07
*** RIVER *** [3c Js 8h Qd] [9h]
Ewnt: checks 
Tiltacion26: checks 
*** SHOW DOWN ***
Ewnt: shows [Jd 2s] (a pair of Jacks)
Tiltacion26: mucks hand 
Ewnt collected $0.26 from pot
*** SUMMARY ***
Total pot $0.27 | Rake $0.01 
Board [3c Js 8h Qd 9h]
Seat 1: Artishell folded before Flop (didn't bet)
Seat 2: SANTOSFILHO2 (button) folded before Flop (didn't bet)
Seat 3: Tirlim18 (small blind) folded before Flop
Seat 4: Ewnt (big blind) showed [Jd 2s] and won ($0.26) with a pair of Jacks
Seat 5: Dorex2007 folded before Flop (didn't bet)
Seat 6: Almanza63 folded before Flop (didn't bet)
Seat 7: cocogoat folded before Flop (didn't bet)
Seat 8: Tiltacion26 mucked [6c 6d]
Seat 9: AlexiaSF folded before Flop (didn't bet)



PokerStars Hand #228193108667:  Hold'em No Limit ($0.01/$0.02 USD) - 2021/07/10 10:15:23 PT [2021/07/10 13:15:23 ET]
Table 'Koronis IV' 9-max Seat #3 is the button
Seat 1: Artishell ($5.04 in chips) 
Seat 2: SANTOSFILHO2 ($2.01 in chips) 
Seat 3: Tirlim18 ($2.49 in chips) 
Seat 4: Ewnt ($4.16 in chips) 
Seat 5: Dorex2007 ($2 in chips) 
Seat 6: Almanza63 ($1.89 in chips) 
Seat 7: cocogoat ($2.02 in chips) 
Seat 8: Tiltacion26 ($1.90 in chips) 
Seat 9: AlexiaSF ($1.89 in chips) 
Ewnt: posts small blind $0.01
Dorex2007: posts big blind $0.02
*** HOLE CARDS ***
Dealt to Dorex2007 [6h Th]
Almanza63: folds 
cocogoat: folds 
Tiltacion26: folds 
AlexiaSF: calls $0.02
Artishell: raises $0.07 to $0.09
SANTOSFILHO2: folds 
Tirlim18: folds 
Ewnt: folds 
Dorex2007: folds 
AlexiaSF: calls $0.07
*** FLOP *** [6s Jc 3h]
AlexiaSF: checks 
Artishell: checks 
*** TURN *** [6s Jc 3h] [7s]
AlexiaSF: checks 
Artishell: checks 
*** RIVER *** [6s Jc 3h 7s] [7h]
AlexiaSF: bets $0.04
Artishell: calls $0.04
*** SHOW DOWN ***
AlexiaSF: shows [Ad 6d] (two pair, Sevens and Sixes)
Artishell: mucks hand 
AlexiaSF collected $0.28 from pot
*** SUMMARY ***
Total pot $0.29 | Rake $0.01 
Board [6s Jc 3h 7s 7h]
Seat 1: Artishell mucked [Qs Ks]
Seat 2: SANTOSFILHO2 folded before Flop (didn't bet)
Seat 3: Tirlim18 (button) folded before Flop (didn't bet)
Seat 4: Ewnt (small blind) folded before Flop
Seat 5: Dorex2007 (big blind) folded before Flop
Seat 6: Almanza63 folded before Flop (didn't bet)
Seat 7: cocogoat folded before Flop (didn't bet)
Seat 8: Tiltacion26 folded before Flop (didn't bet)
Seat 9: AlexiaSF showed [Ad 6d] and won ($0.28) with two pair, Sevens and Sixes



PokerStars Hand #228193131523:  Hold'em No Limit ($0.01/$0.02 USD) - 2021/07/10 10:16:21 PT [2021/07/10 13:16:21 ET]
Table 'Koronis IV' 9-max Seat #4 is the button
Seat 1: Artishell ($4.91 in chips) 
Seat 2: SANTOSFILHO2 ($2.01 in chips) 
Seat 3: Tirlim18 ($2.49 in chips) 
Seat 4: Ewnt ($4.15 in chips) 
Seat 5: Dorex2007 ($1.98 in chips) 
Seat 6: Almanza63 ($1.89 in chips) 
Seat 7: cocogoat ($2.02 in chips) 
Seat 8: Tiltacion26 ($2 in chips) 
Seat 9: AlexiaSF ($2.04 in chips) 
Dorex2007: posts small blind $0.01
Almanza63: posts big blind $0.02
*** HOLE CARDS ***
Dealt to Dorex2007 [4s As]
cocogoat: raises $0.08 to $0.10
Tiltacion26: folds 
AlexiaSF: folds 
Artishell: folds 
SANTOSFILHO2: folds 
Tirlim18: calls $0.10
Ewnt: folds 
Dorex2007: folds 
Almanza63: folds 
*** FLOP *** [3h Ad 9c]
cocogoat: bets $0.14
Tirlim18: calls $0.14
*** TURN *** [3h Ad 9c] [8c]
cocogoat: checks 
Tirlim18: checks 
*** RIVER *** [3h Ad 9c 8c] [7d]
cocogoat: bets $0.25
Tirlim18: folds 
Uncalled bet ($0.25) returned to cocogoat
cocogoat collected $0.49 from pot
cocogoat: doesn't show hand 
*** SUMMARY ***
Total pot $0.51 | Rake $0.02 
Board [3h Ad 9c 8c 7d]
Seat 1: Artishell folded before Flop (didn't bet)
Seat 2: SANTOSFILHO2 folded before Flop (didn't bet)
Seat 3: Tirlim18 folded on the River
Seat 4: Ewnt (button) folded before Flop (didn't bet)
Seat 5: Dorex2007 (small blind) folded before Flop
Seat 6: Almanza63 (big blind) folded before Flop
Seat 7: cocogoat collected ($0.49)
Seat 8: Tiltacion26 folded before Flop (didn't bet)
Seat 9: AlexiaSF folded before Flop (didn't bet)



PokerStars Hand #228193149381:  Hold'em No Limit ($0.01/$0.02 USD) - 2021/07/10 10:17:05 PT [2021/07/10 13:17:05 ET]
Table 'Koronis IV' 9-max Seat #5 is the button
Seat 1: Artishell ($4.91 in chips) 
Seat 2: SANTOSFILHO2 ($2.01 in chips) 
Seat 3: Tirlim18 ($2.25 in chips) 
Seat 4: Ewnt ($4.15 in chips) 
Seat 5: Dorex2007 ($1.97 in chips) 
Seat 6: Almanza63 ($1.87 in chips) 
Seat 7: cocogoat ($2.27 in chips) 
Seat 8: Tiltacion26 ($2 in chips) 
Seat 9: AlexiaSF ($2.04 in chips) 
Almanza63: posts small blind $0.01
cocogoat: posts big blind $0.02
*** HOLE CARDS ***
Dealt to Dorex2007 [Tc 6h]
Tiltacion26: folds 
AlexiaSF: folds 
Artishell: folds 
SANTOSFILHO2: folds 
Tirlim18: folds 
Ewnt: raises $0.03 to $0.05
Dorex2007: folds 
Almanza63: folds 
cocogoat: calls $0.03
*** FLOP *** [3d 2d 2c]
cocogoat: checks 
Ewnt: checks 
*** TURN *** [3d 2d 2c] [8c]
cocogoat: bets $0.06
Ewnt: calls $0.06
*** RIVER *** [3d 2d 2c 8c] [Jh]
cocogoat: bets $0.02
Ewnt: raises $0.10 to $0.12
cocogoat: folds 
Uncalled bet ($0.10) returned to Ewnt
Ewnt collected $0.26 from pot
Ewnt: doesn't show hand 
*** SUMMARY ***
Total pot $0.27 | Rake $0.01 
Board [3d 2d 2c 8c Jh]
Seat 1: Artishell folded before Flop (didn't bet)
Seat 2: SANTOSFILHO2 folded before Flop (didn't bet)
Seat 3: Tirlim18 folded before Flop (didn't bet)
Seat 4: Ewnt collected ($0.26)
Seat 5: Dorex2007 (button) folded before Flop (didn't bet)
Seat 6: Almanza63 (small blind) folded before Flop
Seat 7: cocogoat (big blind) folded on the River
Seat 8: Tiltacion26 folded before Flop (didn't bet)
Seat 9: AlexiaSF folded before Flop (didn't bet)



PokerStars Hand #228193169819:  Hold'em No Limit ($0.01/$0.02 USD) - 2021/07/10 10:17:56 PT [2021/07/10 13:17:56 ET]
Table 'Koronis IV' 9-max Seat #6 is the button
Seat 1: Artishell ($4.91 in chips) 
Seat 2: SANTOSFILHO2 ($2.01 in chips) 
Seat 3: Tirlim18 ($2.25 in chips) 
Seat 4: Ewnt ($4.28 in chips) 
Seat 5: Dorex2007 ($1.97 in chips) 
Seat 6: Almanza63 ($1.86 in chips) 
Seat 7: cocogoat ($2.14 in chips) 
Seat 8: Tiltacion26 ($2 in chips) 
Seat 9: AlexiaSF ($2.04 in chips) 
cocogoat: posts small blind $0.01
Tiltacion26: posts big blind $0.02
*** HOLE CARDS ***
Dealt to Dorex2007 [4h 7c]
AlexiaSF: folds 
Artishell: folds 
SANTOSFILHO2: folds 
Tirlim18: folds 
Ewnt: raises $0.03 to $0.05
Dorex2007: folds 
Almanza63: folds 
cocogoat: calls $0.04
Tiltacion26: folds 
*** FLOP *** [Th 6s Qd]
cocogoat: checks 
Ewnt: bets $0.07
cocogoat: folds 
Uncalled bet ($0.07) returned to Ewnt
Ewnt collected $0.12 from pot
Ewnt: doesn't show hand 
*** SUMMARY ***
Total pot $0.12 | Rake $0 
Board [Th 6s Qd]
Seat 1: Artishell folded before Flop (didn't bet)
Seat 2: SANTOSFILHO2 folded before Flop (didn't bet)
Seat 3: Tirlim18 folded before Flop (didn't bet)
Seat 4: Ewnt collected ($0.12)
Seat 5: Dorex2007 folded before Flop (didn't bet)
Seat 6: Almanza63 (button) folded before Flop (didn't bet)
Seat 7: cocogoat (small blind) folded on the Flop
Seat 8: Tiltacion26 (big blind) folded before Flop
Seat 9: AlexiaSF folded before Flop (didn't bet)



PokerStars Hand #228193187462:  Hold'em No Limit ($0.01/$0.02 USD) - 2021/07/10 10:18:40 PT [2021/07/10 13:18:40 ET]
Table 'Koronis IV' 9-max Seat #7 is the button
Seat 1: Artishell ($4.91 in chips) 
Seat 2: SANTOSFILHO2 ($2.01 in chips) 
Seat 3: Tirlim18 ($2.25 in chips) 
Seat 4: Ewnt ($4.35 in chips) 
Seat 5: Dorex2007 ($1.97 in chips) 
Seat 6: Almanza63 ($1.86 in chips) 
Seat 7: cocogoat ($2.09 in chips) 
Seat 8: Tiltacion26 ($1.98 in chips) 
Seat 9: AlexiaSF ($2.04 in chips) 
Tiltacion26: posts small blind $0.01
AlexiaSF: posts big blind $0.02
*** HOLE CARDS ***
Dealt to Dorex2007 [2c Td]
Artishell: folds 
SANTOSFILHO2: folds 
Tirlim18: folds 
Ewnt: raises $0.03 to $0.05
Dorex2007: folds 
Almanza63: folds 
cocogoat: folds 
Tiltacion26: folds 
AlexiaSF: folds 
Uncalled bet ($0.03) returned to Ewnt
Ewnt collected $0.05 from pot
Ewnt: doesn't show hand 
*** SUMMARY ***
Total pot $0.05 | Rake $0 
Seat 1: Artishell folded before Flop (didn't bet)
Seat 2: SANTOSFILHO2 folded before Flop (didn't bet)
Seat 3: Tirlim18 folded before Flop (didn't bet)
Seat 4: Ewnt collected ($0.05)
Seat 5: Dorex2007 folded before Flop (didn't bet)
Seat 6: Almanza63 folded before Flop (didn't bet)
Seat 7: cocogoat (button) folded before Flop (didn't bet)
Seat 8: Tiltacion26 (small blind) folded before Flop
Seat 9: AlexiaSF (big blind) folded before Flop



PokerStars Hand #228193194258:  Hold'em No Limit ($0.01/$0.02 USD) - 2021/07/10 10:18:57 PT [2021/07/10 13:18:57 ET]
Table 'Koronis IV' 9-max Seat #8 is the button
Seat 1: Artishell ($4.91 in chips) 
Seat 2: SANTOSFILHO2 ($2.01 in chips) 
Seat 3: Tirlim18 ($2.25 in chips) 
Seat 4: Ewnt ($4.38 in chips) 
Seat 5: Dorex2007 ($1.97 in chips) 
Seat 6: Almanza63 ($1.86 in chips) 
Seat 7: cocogoat ($2.09 in chips) 
Seat 8: Tiltacion26 ($1.97 in chips) 
Seat 9: AlexiaSF ($2.02 in chips) 
AlexiaSF: posts small blind $0.01
Artishell: posts big blind $0.02
*** HOLE CARDS ***
Dealt to Dorex2007 [Js Td]
SANTOSFILHO2: folds 
Tirlim18: folds 
Ewnt: folds 
Dorex2007: folds 
Almanza63: raises $0.05 to $0.07
cocogoat: folds 
Tiltacion26: folds 
AlexiaSF: folds 
Artishell: folds 
Uncalled bet ($0.05) returned to Almanza63
Almanza63 collected $0.05 from pot
Almanza63: doesn't show hand 
*** SUMMARY ***
Total pot $0.05 | Rake $0 
Seat 1: Artishell (big blind) folded before Flop
Seat 2: SANTOSFILHO2 folded before Flop (didn't bet)
Seat 3: Tirlim18 folded before Flop (didn't bet)
Seat 4: Ewnt folded before Flop (didn't bet)
Seat 5: Dorex2007 folded before Flop (didn't bet)
Seat 6: Almanza63 collected ($0.05)
Seat 7: cocogoat folded before Flop (didn't bet)
Seat 8: Tiltacion26 (button) folded before Flop (didn't bet)
Seat 9: AlexiaSF (small blind) folded before Flop



PokerStars Hand #228193202637:  Hold'em No Limit ($0.01/$0.02 USD) - 2021/07/10 10:19:17 PT [2021/07/10 13:19:17 ET]
Table 'Koronis IV' 9-max Seat #9 is the button
Seat 1: Artishell ($4.89 in chips) 
Seat 2: SANTOSFILHO2 ($2.01 in chips) 
Seat 3: Tirlim18 ($2.25 in chips) 
Seat 4: Ewnt ($4.38 in chips) 
Seat 5: Dorex2007 ($1.97 in chips) 
Seat 6: Almanza63 ($1.89 in chips) 
Seat 7: cocogoat ($2.09 in chips) 
Seat 8: Tiltacion26 ($1.97 in chips) 
Seat 9: AlexiaSF ($2.01 in chips) 
Artishell: posts small blind $0.01
SANTOSFILHO2: posts big blind $0.02
*** HOLE CARDS ***
Dealt to Dorex2007 [7h 8d]
Tirlim18: folds 
Ewnt: raises $0.03 to $0.05
Dorex2007: folds 
Almanza63: folds 
cocogoat: folds 
Tiltacion26: folds 
AlexiaSF: folds 
Artishell: folds 
SANTOSFILHO2: folds 
Uncalled bet ($0.03) returned to Ewnt
Ewnt collected $0.05 from pot
Ewnt: doesn't show hand 
*** SUMMARY ***
Total pot $0.05 | Rake $0 
Seat 1: Artishell (small blind) folded before Flop
Seat 2: SANTOSFILHO2 (big blind) folded before Flop
Seat 3: Tirlim18 folded before Flop (didn't bet)
Seat 4: Ewnt collected ($0.05)
Seat 5: Dorex2007 folded before Flop (didn't bet)
Seat 6: Almanza63 folded before Flop (didn't bet)
Seat 7: cocogoat folded before Flop (didn't bet)
Seat 8: Tiltacion26 folded before Flop (didn't bet)
Seat 9: AlexiaSF (button) folded before Flop (didn't bet)



PokerStars Hand #228193209006:  Hold'em No Limit ($0.01/$0.02 USD) - 2021/07/10 10:19:33 PT [2021/07/10 13:19:33 ET]
Table 'Koronis IV' 9-max Seat #1 is the button
Seat 1: Artishell ($4.88 in chips) 
Seat 2: SANTOSFILHO2 ($1.99 in chips) 
Seat 4: Ewnt ($4.41 in chips) 
Seat 5: Dorex2007 ($1.97 in chips) 
Seat 6: Almanza63 ($1.89 in chips) 
Seat 7: cocogoat ($2.09 in chips) 
Seat 8: Tiltacion26 ($2 in chips) 
Seat 9: AlexiaSF ($2.01 in chips) 
SANTOSFILHO2: posts small blind $0.01
Tirlim18: is sitting out 
Ewnt: posts big blind $0.02
*** HOLE CARDS ***
Dealt to Dorex2007 [2h 4s]
Dorex2007: folds 
Almanza63: folds 
cocogoat: folds 
Tirlim18 leaves the table
Tiltacion26: folds 
AlexiaSF: folds 
Artishell: raises $0.04 to $0.06
ivan553 joins the table at seat #3 
SANTOSFILHO2: folds 
Ewnt: calls $0.04
*** FLOP *** [6d 6c Qc]
Ewnt: checks 
Artishell: checks 
*** TURN *** [6d 6c Qc] [Ah]
Ewnt: checks 
Artishell: bets $0.13
Ewnt: raises $0.19 to $0.32
Artishell: folds 
Uncalled bet ($0.19) returned to Ewnt
Ewnt collected $0.38 from pot
Ewnt: doesn't show hand 
*** SUMMARY ***
Total pot $0.39 | Rake $0.01 
Board [6d 6c Qc Ah]
Seat 1: Artishell (button) folded on the Turn
Seat 2: SANTOSFILHO2 (small blind) folded before Flop
Seat 4: Ewnt (big blind) collected ($0.38)
Seat 5: Dorex2007 folded before Flop (didn't bet)
Seat 6: Almanza63 folded before Flop (didn't bet)
Seat 7: cocogoat folded before Flop (didn't bet)
Seat 8: Tiltacion26 folded before Flop (didn't bet)
Seat 9: AlexiaSF folded before Flop (didn't bet)



