PokerStars Hand #226229738124:  Hold'em No Limit ($0.01/$0.02 USD) - 2021/04/26 16:05:32 PT [2021/04/26 19:05:32 ET]
Table 'Edna II' 9-max Seat #2 is the button
Seat 1: cby123 ($1.42 in chips) 
Seat 2: oldguyreacts ($2.49 in chips) 
Seat 3: Phoebus1986 ($2 in chips) 
Seat 4: Dorex2007 ($1.50 in chips) 
Seat 5: CH1P-FRY3R ($1.13 in chips) 
Seat 6: trueJamaican ($3.04 in chips) 
Seat 7: Kahyo16 ($1.84 in chips) 
Seat 8: bryksa87 ($2.21 in chips) 
Seat 9: palmrobert60 ($2.66 in chips) 
Phoebus1986: posts small blind $0.01
Dorex2007: posts big blind $0.02
*** HOLE CARDS ***
Dealt to Dorex2007 [9c 3h]
CH1P-FRY3R: calls $0.02
trueJamaican: folds 
Kahyo16: folds 
bryksa87: folds 
palmrobert60: folds 
cby123: calls $0.02
oldguyreacts: folds 
Phoebus1986: raises $0.03 to $0.05
Dorex2007: folds 
CH1P-FRY3R: calls $0.03
cby123: calls $0.03
*** FLOP *** [6h 7h Qd]
Phoebus1986: checks 
CH1P-FRY3R: checks 
cby123: checks 
*** TURN *** [6h 7h Qd] [7c]
Phoebus1986: checks 
CH1P-FRY3R: checks 
cby123: bets $0.07
Phoebus1986: folds 
CH1P-FRY3R: folds 
Uncalled bet ($0.07) returned to cby123
cby123 collected $0.16 from pot
cby123: doesn't show hand 
*** SUMMARY ***
Total pot $0.17 | Rake $0.01 
Board [6h 7h Qd 7c]
Seat 1: cby123 collected ($0.16)
Seat 2: oldguyreacts (button) folded before Flop (didn't bet)
Seat 3: Phoebus1986 (small blind) folded on the Turn
Seat 4: Dorex2007 (big blind) folded before Flop
Seat 5: CH1P-FRY3R folded on the Turn
Seat 6: trueJamaican folded before Flop (didn't bet)
Seat 7: Kahyo16 folded before Flop (didn't bet)
Seat 8: bryksa87 folded before Flop (didn't bet)
Seat 9: palmrobert60 folded before Flop (didn't bet)



PokerStars Hand #226229761276:  Hold'em No Limit ($0.01/$0.02 USD) - 2021/04/26 16:06:31 PT [2021/04/26 19:06:31 ET]
Table 'Edna II' 9-max Seat #3 is the button
Seat 1: cby123 ($1.53 in chips) 
Seat 2: oldguyreacts ($2.49 in chips) 
Seat 3: Phoebus1986 ($2 in chips) 
Seat 4: Dorex2007 ($1.48 in chips) 
Seat 5: CH1P-FRY3R ($1.08 in chips) 
Seat 6: trueJamaican ($3.04 in chips) 
Seat 7: Kahyo16 ($1.84 in chips) 
Seat 8: bryksa87 ($2.21 in chips) 
Seat 9: palmrobert60 ($2.66 in chips) 
Dorex2007: posts small blind $0.01
CH1P-FRY3R: posts big blind $0.02
*** HOLE CARDS ***
Dealt to Dorex2007 [2s Tc]
trueJamaican: raises $0.04 to $0.06
Kahyo16: folds 
bryksa87: folds 
palmrobert60: folds 
cby123: folds 
oldguyreacts: folds 
Phoebus1986: folds 
Dorex2007: folds 
CH1P-FRY3R: folds 
Uncalled bet ($0.04) returned to trueJamaican
trueJamaican collected $0.05 from pot
*** SUMMARY ***
Total pot $0.05 | Rake $0 
Seat 1: cby123 folded before Flop (didn't bet)
Seat 2: oldguyreacts folded before Flop (didn't bet)
Seat 3: Phoebus1986 (button) folded before Flop (didn't bet)
Seat 4: Dorex2007 (small blind) folded before Flop
Seat 5: CH1P-FRY3R (big blind) folded before Flop
Seat 6: trueJamaican collected ($0.05)
Seat 7: Kahyo16 folded before Flop (didn't bet)
Seat 8: bryksa87 folded before Flop (didn't bet)
Seat 9: palmrobert60 folded before Flop (didn't bet)



PokerStars Hand #226229777986:  Hold'em No Limit ($0.01/$0.02 USD) - 2021/04/26 16:07:13 PT [2021/04/26 19:07:13 ET]
Table 'Edna II' 9-max Seat #4 is the button
Seat 1: cby123 ($1.53 in chips) 
Seat 2: oldguyreacts ($2.49 in chips) 
Seat 3: Phoebus1986 ($2 in chips) 
Seat 4: Dorex2007 ($1.47 in chips) 
Seat 5: CH1P-FRY3R ($1.06 in chips) 
Seat 6: trueJamaican ($3.07 in chips) 
Seat 7: Kahyo16 ($1.84 in chips) 
Seat 8: bryksa87 ($2.21 in chips) 
Seat 9: palmrobert60 ($2.66 in chips) 
CH1P-FRY3R: posts small blind $0.01
trueJamaican: posts big blind $0.02
*** HOLE CARDS ***
Dealt to Dorex2007 [4s 3d]
Kahyo16 has timed out
Kahyo16: folds 
bryksa87: folds 
palmrobert60: folds 
cby123: folds 
oldguyreacts: folds 
Phoebus1986: folds 
Dorex2007: folds 
CH1P-FRY3R: folds 
Uncalled bet ($0.01) returned to trueJamaican
trueJamaican collected $0.02 from pot
*** SUMMARY ***
Total pot $0.02 | Rake $0 
Seat 1: cby123 folded before Flop (didn't bet)
Seat 2: oldguyreacts folded before Flop (didn't bet)
Seat 3: Phoebus1986 folded before Flop (didn't bet)
Seat 4: Dorex2007 (button) folded before Flop (didn't bet)
Seat 5: CH1P-FRY3R (small blind) folded before Flop
Seat 6: trueJamaican (big blind) collected ($0.02)
Seat 7: Kahyo16 folded before Flop (didn't bet)
Seat 8: bryksa87 folded before Flop (didn't bet)
Seat 9: palmrobert60 folded before Flop (didn't bet)



PokerStars Hand #226229789209:  Hold'em No Limit ($0.01/$0.02 USD) - 2021/04/26 16:07:41 PT [2021/04/26 19:07:41 ET]
Table 'Edna II' 9-max Seat #5 is the button
Seat 1: cby123 ($1.53 in chips) 
Seat 2: oldguyreacts ($2.49 in chips) 
Seat 3: Phoebus1986 ($2 in chips) 
Seat 4: Dorex2007 ($1.47 in chips) 
Seat 5: CH1P-FRY3R ($1.05 in chips) 
Seat 6: trueJamaican ($3.08 in chips) 
Seat 7: Kahyo16 ($1.84 in chips) 
Seat 8: bryksa87 ($2.21 in chips) 
Seat 9: palmrobert60 ($2.66 in chips) 
trueJamaican: posts small blind $0.01
Kahyo16: posts big blind $0.02
*** HOLE CARDS ***
Dealt to Dorex2007 [Qs 7s]
bryksa87: calls $0.02
palmrobert60: folds 
cby123: folds 
oldguyreacts: folds 
Phoebus1986: folds 
Dorex2007: folds 
CH1P-FRY3R: folds 
trueJamaican: calls $0.01
Kahyo16: checks 
*** FLOP *** [9c 6c 7d]
trueJamaican: bets $0.04
Kahyo16: folds 
bryksa87: folds 
Uncalled bet ($0.04) returned to trueJamaican
trueJamaican collected $0.06 from pot
*** SUMMARY ***
Total pot $0.06 | Rake $0 
Board [9c 6c 7d]
Seat 1: cby123 folded before Flop (didn't bet)
Seat 2: oldguyreacts folded before Flop (didn't bet)
Seat 3: Phoebus1986 folded before Flop (didn't bet)
Seat 4: Dorex2007 folded before Flop (didn't bet)
Seat 5: CH1P-FRY3R (button) folded before Flop (didn't bet)
Seat 6: trueJamaican (small blind) collected ($0.06)
Seat 7: Kahyo16 (big blind) folded on the Flop
Seat 8: bryksa87 folded on the Flop
Seat 9: palmrobert60 folded before Flop (didn't bet)



PokerStars Hand #226229809129:  Hold'em No Limit ($0.01/$0.02 USD) - 2021/04/26 16:08:31 PT [2021/04/26 19:08:31 ET]
Table 'Edna II' 9-max Seat #6 is the button
Seat 1: cby123 ($1.53 in chips) 
Seat 2: oldguyreacts ($2.49 in chips) 
Seat 3: Phoebus1986 ($2 in chips) 
Seat 4: Dorex2007 ($1.47 in chips) 
Seat 5: CH1P-FRY3R ($1.05 in chips) 
Seat 6: trueJamaican ($3.12 in chips) 
Seat 7: Kahyo16 ($1.82 in chips) 
Seat 8: bryksa87 ($2.19 in chips) 
Seat 9: palmrobert60 ($2.66 in chips) 
Kahyo16: posts small blind $0.01
bryksa87: posts big blind $0.02
*** HOLE CARDS ***
Dealt to Dorex2007 [Tc 7h]
palmrobert60: folds 
cby123: folds 
oldguyreacts: folds 
Phoebus1986: folds 
Dorex2007: folds 
CH1P-FRY3R: folds 
trueJamaican: folds 
Kahyo16: folds 
Uncalled bet ($0.01) returned to bryksa87
bryksa87 collected $0.02 from pot
bryksa87: doesn't show hand 
*** SUMMARY ***
Total pot $0.02 | Rake $0 
Seat 1: cby123 folded before Flop (didn't bet)
Seat 2: oldguyreacts folded before Flop (didn't bet)
Seat 3: Phoebus1986 folded before Flop (didn't bet)
Seat 4: Dorex2007 folded before Flop (didn't bet)
Seat 5: CH1P-FRY3R folded before Flop (didn't bet)
Seat 6: trueJamaican (button) folded before Flop (didn't bet)
Seat 7: Kahyo16 (small blind) folded before Flop
Seat 8: bryksa87 (big blind) collected ($0.02)
Seat 9: palmrobert60 folded before Flop (didn't bet)



PokerStars Hand #226229816053:  Hold'em No Limit ($0.01/$0.02 USD) - 2021/04/26 16:08:49 PT [2021/04/26 19:08:49 ET]
Table 'Edna II' 9-max Seat #7 is the button
Seat 1: cby123 ($1.53 in chips) 
Seat 2: oldguyreacts ($2.49 in chips) 
Seat 3: Phoebus1986 ($2 in chips) 
Seat 4: Dorex2007 ($1.47 in chips) 
Seat 5: CH1P-FRY3R ($1.05 in chips) 
Seat 6: trueJamaican ($3.12 in chips) 
Seat 7: Kahyo16 ($1.81 in chips) 
Seat 8: bryksa87 ($2.20 in chips) 
Seat 9: palmrobert60 ($2.66 in chips) 
bryksa87: posts small blind $0.01
palmrobert60: posts big blind $0.02
*** HOLE CARDS ***
Dealt to Dorex2007 [2h 5h]
cby123: raises $0.05 to $0.07
oldguyreacts: folds 
Phoebus1986: folds 
Dorex2007: folds 
CH1P-FRY3R: calls $0.07
trueJamaican: folds 
Kahyo16: folds 
bryksa87: folds 
palmrobert60: calls $0.05
*** FLOP *** [3h 9h 8d]
palmrobert60: checks 
cby123: bets $0.11
CH1P-FRY3R: folds 
palmrobert60: folds 
Uncalled bet ($0.11) returned to cby123
cby123 collected $0.21 from pot
cby123: doesn't show hand 
*** SUMMARY ***
Total pot $0.22 | Rake $0.01 
Board [3h 9h 8d]
Seat 1: cby123 collected ($0.21)
Seat 2: oldguyreacts folded before Flop (didn't bet)
Seat 3: Phoebus1986 folded before Flop (didn't bet)
Seat 4: Dorex2007 folded before Flop (didn't bet)
Seat 5: CH1P-FRY3R folded on the Flop
Seat 6: trueJamaican folded before Flop (didn't bet)
Seat 7: Kahyo16 (button) folded before Flop (didn't bet)
Seat 8: bryksa87 (small blind) folded before Flop
Seat 9: palmrobert60 (big blind) folded on the Flop



PokerStars Hand #226229830007:  Hold'em No Limit ($0.01/$0.02 USD) - 2021/04/26 16:09:25 PT [2021/04/26 19:09:25 ET]
Table 'Edna II' 9-max Seat #8 is the button
Seat 1: cby123 ($1.67 in chips) 
Seat 2: oldguyreacts ($2.49 in chips) 
Seat 3: Phoebus1986 ($2 in chips) 
Seat 4: Dorex2007 ($1.47 in chips) 
Seat 5: CH1P-FRY3R ($0.98 in chips) 
Seat 6: trueJamaican ($3.12 in chips) 
Seat 7: Kahyo16 ($1.81 in chips) 
Seat 8: bryksa87 ($2.19 in chips) 
Seat 9: palmrobert60 ($2.59 in chips) 
palmrobert60: posts small blind $0.01
cby123: posts big blind $0.02
*** HOLE CARDS ***
Dealt to Dorex2007 [5c 2h]
oldguyreacts: folds 
Phoebus1986: folds 
Dorex2007: folds 
CH1P-FRY3R: folds 
CH1P-FRY3R leaves the table
trueJamaican: folds 
Kahyo16: raises $0.04 to $0.06
bryksa87: folds 
palmrobert60: folds 
cby123: folds 
Uncalled bet ($0.04) returned to Kahyo16
Kahyo16 collected $0.05 from pot
Kahyo16: doesn't show hand 
*** SUMMARY ***
Total pot $0.05 | Rake $0 
Seat 1: cby123 (big blind) folded before Flop
Seat 2: oldguyreacts folded before Flop (didn't bet)
Seat 3: Phoebus1986 folded before Flop (didn't bet)
Seat 4: Dorex2007 folded before Flop (didn't bet)
Seat 5: CH1P-FRY3R folded before Flop (didn't bet)
Seat 6: trueJamaican folded before Flop (didn't bet)
Seat 7: Kahyo16 collected ($0.05)
Seat 8: bryksa87 (button) folded before Flop (didn't bet)
Seat 9: palmrobert60 (small blind) folded before Flop



PokerStars Hand #226229839499:  Hold'em No Limit ($0.01/$0.02 USD) - 2021/04/26 16:09:49 PT [2021/04/26 19:09:49 ET]
Table 'Edna II' 9-max Seat #9 is the button
Seat 1: cby123 ($1.65 in chips) 
Seat 2: oldguyreacts ($2.49 in chips) 
Seat 3: Phoebus1986 ($2 in chips) 
Seat 4: Dorex2007 ($1.47 in chips) 
Seat 6: trueJamaican ($3.12 in chips) 
Seat 7: Kahyo16 ($1.84 in chips) 
Seat 8: bryksa87 ($2.19 in chips) 
Seat 9: palmrobert60 ($2.58 in chips) 
cby123: posts small blind $0.01
oldguyreacts: posts big blind $0.02
*** HOLE CARDS ***
Dealt to Dorex2007 [Kh Ks]
Phoebus1986: folds 
Dorex2007: raises $0.04 to $0.06
trueJamaican: folds 
Kahyo16: folds 
bryksa87: folds 
palmrobert60: folds 
cby123: folds 
oldguyreacts: folds 
Uncalled bet ($0.04) returned to Dorex2007
Dorex2007 collected $0.05 from pot
Dorex2007: doesn't show hand 
*** SUMMARY ***
Total pot $0.05 | Rake $0 
Seat 1: cby123 (small blind) folded before Flop
Seat 2: oldguyreacts (big blind) folded before Flop
Seat 3: Phoebus1986 folded before Flop (didn't bet)
Seat 4: Dorex2007 collected ($0.05)
Seat 6: trueJamaican folded before Flop (didn't bet)
Seat 7: Kahyo16 folded before Flop (didn't bet)
Seat 8: bryksa87 folded before Flop (didn't bet)
Seat 9: palmrobert60 (button) folded before Flop (didn't bet)



PokerStars Hand #226229848449:  Hold'em No Limit ($0.01/$0.02 USD) - 2021/04/26 16:10:12 PT [2021/04/26 19:10:12 ET]
Table 'Edna II' 9-max Seat #1 is the button
Seat 1: cby123 ($1.64 in chips) 
Seat 2: oldguyreacts ($2.47 in chips) 
Seat 3: Phoebus1986 ($2 in chips) 
Seat 4: Dorex2007 ($1.50 in chips) 
Seat 6: trueJamaican ($3.12 in chips) 
Seat 7: Kahyo16 ($1.84 in chips) 
Seat 8: bryksa87 ($2.19 in chips) 
Seat 9: palmrobert60 ($2.58 in chips) 
oldguyreacts: posts small blind $0.01
Phoebus1986: posts big blind $0.02
*** HOLE CARDS ***
Dealt to Dorex2007 [Th As]
Dorex2007: folds 
BrallanJ55 joins the table at seat #5 
trueJamaican has timed out
trueJamaican: folds 
Kahyo16: folds 
bryksa87: calls $0.02
palmrobert60: folds 
cby123: folds 
oldguyreacts: folds 
Phoebus1986: checks 
*** FLOP *** [Jc 6d 9s]
Phoebus1986: checks 
bryksa87: checks 
*** TURN *** [Jc 6d 9s] [Qd]
Phoebus1986: checks 
bryksa87: bets $0.02
Phoebus1986: folds 
Uncalled bet ($0.02) returned to bryksa87
bryksa87 collected $0.05 from pot
bryksa87: doesn't show hand 
*** SUMMARY ***
Total pot $0.05 | Rake $0 
Board [Jc 6d 9s Qd]
Seat 1: cby123 (button) folded before Flop (didn't bet)
Seat 2: oldguyreacts (small blind) folded before Flop
Seat 3: Phoebus1986 (big blind) folded on the Turn
Seat 4: Dorex2007 folded before Flop (didn't bet)
Seat 6: trueJamaican folded before Flop (didn't bet)
Seat 7: Kahyo16 folded before Flop (didn't bet)
Seat 8: bryksa87 collected ($0.05)
Seat 9: palmrobert60 folded before Flop (didn't bet)



PokerStars Hand #226229865078:  Hold'em No Limit ($0.01/$0.02 USD) - 2021/04/26 16:10:55 PT [2021/04/26 19:10:55 ET]
Table 'Edna II' 9-max Seat #2 is the button
Seat 1: cby123 ($1.64 in chips) 
Seat 2: oldguyreacts ($2.46 in chips) 
Seat 3: Phoebus1986 ($2 in chips) 
Seat 4: Dorex2007 ($1.50 in chips) 
Seat 7: Kahyo16 ($1.84 in chips) 
Seat 8: bryksa87 ($2.22 in chips) 
Seat 9: palmrobert60 ($2.58 in chips) 
Phoebus1986: posts small blind $0.01
Dorex2007: posts big blind $0.02
BrallanJ55: sits out 
*** HOLE CARDS ***
Dealt to Dorex2007 [9h 8c]
Kahyo16: raises $0.04 to $0.06
bryksa87: folds 
palmrobert60: folds 
cby123: folds 
oldguyreacts: folds 
Phoebus1986: folds 
Dorex2007: folds 
Uncalled bet ($0.04) returned to Kahyo16
Kahyo16 collected $0.05 from pot
Kahyo16: doesn't show hand 
*** SUMMARY ***
Total pot $0.05 | Rake $0 
Seat 1: cby123 folded before Flop (didn't bet)
Seat 2: oldguyreacts (button) folded before Flop (didn't bet)
Seat 3: Phoebus1986 (small blind) folded before Flop
Seat 4: Dorex2007 (big blind) folded before Flop
Seat 7: Kahyo16 collected ($0.05)
Seat 8: bryksa87 folded before Flop (didn't bet)
Seat 9: palmrobert60 folded before Flop (didn't bet)



PokerStars Hand #226229871225:  Hold'em No Limit ($0.01/$0.02 USD) - 2021/04/26 16:11:11 PT [2021/04/26 19:11:11 ET]
Table 'Edna II' 9-max Seat #3 is the button
Seat 1: cby123 ($1.64 in chips) 
Seat 2: oldguyreacts ($2.46 in chips) 
Seat 3: Phoebus1986 ($2 in chips) 
Seat 4: Dorex2007 ($1.48 in chips) 
Seat 5: BrallanJ55 ($2 in chips) 
Seat 7: Kahyo16 ($1.87 in chips) 
Seat 8: bryksa87 ($2.22 in chips) 
Seat 9: palmrobert60 ($2.58 in chips) 
Dorex2007: posts small blind $0.01
BrallanJ55: posts big blind $0.02
*** HOLE CARDS ***
Dealt to Dorex2007 [Th Jh]
Kahyo16: raises $0.04 to $0.06
bryksa87: calls $0.06
palmrobert60: folds 
cby123: folds 
oldguyreacts: folds 
Phoebus1986: folds 
Dorex2007: folds 
BrallanJ55: calls $0.04
*** FLOP *** [Qs 2c 4d]
BrallanJ55: checks 
Kahyo16: bets $0.18
bryksa87: folds 
BrallanJ55: folds 
Uncalled bet ($0.18) returned to Kahyo16
Kahyo16 collected $0.18 from pot
Kahyo16: doesn't show hand 
*** SUMMARY ***
Total pot $0.19 | Rake $0.01 
Board [Qs 2c 4d]
Seat 1: cby123 folded before Flop (didn't bet)
Seat 2: oldguyreacts folded before Flop (didn't bet)
Seat 3: Phoebus1986 (button) folded before Flop (didn't bet)
Seat 4: Dorex2007 (small blind) folded before Flop
Seat 5: BrallanJ55 (big blind) folded on the Flop
Seat 7: Kahyo16 collected ($0.18)
Seat 8: bryksa87 folded on the Flop
Seat 9: palmrobert60 folded before Flop (didn't bet)



PokerStars Hand #226229884602:  Hold'em No Limit ($0.01/$0.02 USD) - 2021/04/26 16:11:46 PT [2021/04/26 19:11:46 ET]
Table 'Edna II' 9-max Seat #4 is the button
Seat 1: cby123 ($1.64 in chips) 
Seat 2: oldguyreacts ($2.46 in chips) 
Seat 3: Phoebus1986 ($2 in chips) 
Seat 4: Dorex2007 ($1.47 in chips) 
Seat 5: BrallanJ55 ($1.94 in chips) 
Seat 7: Kahyo16 ($1.99 in chips) 
Seat 8: bryksa87 ($2.16 in chips) 
Seat 9: palmrobert60 ($2.58 in chips) 
BrallanJ55: posts small blind $0.01
Kahyo16: posts big blind $0.02
*** HOLE CARDS ***
Dealt to Dorex2007 [2s 7c]
bryksa87: calls $0.02
palmrobert60: calls $0.02
cby123: folds 
oldguyreacts: folds 
Phoebus1986: folds 
Dorex2007: folds 
BrallanJ55: folds 
Kahyo16: checks 
*** FLOP *** [Kd 5h As]
Kahyo16: checks 
bryksa87: checks 
palmrobert60: checks 
*** TURN *** [Kd 5h As] [2d]
Kahyo16: checks 
bryksa87: bets $0.04
palmrobert60: folds 
Kahyo16: folds 
Uncalled bet ($0.04) returned to bryksa87
bryksa87 collected $0.07 from pot
bryksa87: doesn't show hand 
*** SUMMARY ***
Total pot $0.07 | Rake $0 
Board [Kd 5h As 2d]
Seat 1: cby123 folded before Flop (didn't bet)
Seat 2: oldguyreacts folded before Flop (didn't bet)
Seat 3: Phoebus1986 folded before Flop (didn't bet)
Seat 4: Dorex2007 (button) folded before Flop (didn't bet)
Seat 5: BrallanJ55 (small blind) folded before Flop
Seat 7: Kahyo16 (big blind) folded on the Turn
Seat 8: bryksa87 collected ($0.07)
Seat 9: palmrobert60 folded on the Turn



PokerStars Hand #226229910463:  Hold'em No Limit ($0.01/$0.02 USD) - 2021/04/26 16:12:53 PT [2021/04/26 19:12:53 ET]
Table 'Edna II' 9-max Seat #5 is the button
Seat 1: cby123 ($1.64 in chips) 
Seat 2: oldguyreacts ($2.46 in chips) 
Seat 3: Phoebus1986 ($2 in chips) 
Seat 4: Dorex2007 ($1.47 in chips) 
Seat 5: BrallanJ55 ($1.93 in chips) 
Seat 7: Kahyo16 ($1.97 in chips) 
Seat 8: bryksa87 ($2.21 in chips) 
Seat 9: palmrobert60 ($2.56 in chips) 
Kahyo16: posts small blind $0.01
bryksa87: posts big blind $0.02
*** HOLE CARDS ***
Dealt to Dorex2007 [Td Jd]
palmrobert60: folds 
cby123: folds 
oldguyreacts: folds 
Phoebus1986: folds 
Dorex2007: raises $0.04 to $0.06
BrallanJ55: raises $0.16 to $0.22
Kahyo16: folds 
bryksa87: folds 
Dorex2007: folds 
Uncalled bet ($0.16) returned to BrallanJ55
BrallanJ55 collected $0.15 from pot
BrallanJ55: doesn't show hand 
*** SUMMARY ***
Total pot $0.15 | Rake $0 
Seat 1: cby123 folded before Flop (didn't bet)
Seat 2: oldguyreacts folded before Flop (didn't bet)
Seat 3: Phoebus1986 folded before Flop (didn't bet)
Seat 4: Dorex2007 folded before Flop
Seat 5: BrallanJ55 (button) collected ($0.15)
Seat 7: Kahyo16 (small blind) folded before Flop
Seat 8: bryksa87 (big blind) folded before Flop
Seat 9: palmrobert60 folded before Flop (didn't bet)



PokerStars Hand #226229924369:  Hold'em No Limit ($0.01/$0.02 USD) - 2021/04/26 16:13:29 PT [2021/04/26 19:13:29 ET]
Table 'Edna II' 9-max Seat #7 is the button
Seat 1: cby123 ($1.64 in chips) 
Seat 2: oldguyreacts ($2.46 in chips) 
Seat 3: Phoebus1986 ($2 in chips) 
Seat 4: Dorex2007 ($1.41 in chips) 
Seat 5: BrallanJ55 ($2.02 in chips) 
Seat 7: Kahyo16 ($1.96 in chips) 
Seat 8: bryksa87 ($2.19 in chips) 
Seat 9: palmrobert60 ($2.56 in chips) 
bryksa87: posts small blind $0.01
palmrobert60: posts big blind $0.02
*** HOLE CARDS ***
Dealt to Dorex2007 [8d Td]
cby123 has timed out
cby123: folds 
oldguyreacts: raises $0.04 to $0.06
Phoebus1986: folds 
Dorex2007: folds 
BrallanJ55: calls $0.06
Kahyo16: folds 
bryksa87: calls $0.05
palmrobert60: folds 
*** FLOP *** [5d 4h Qc]
bryksa87: checks 
oldguyreacts: bets $0.13
BrallanJ55: folds 
bryksa87: calls $0.13
*** TURN *** [5d 4h Qc] [Qs]
bryksa87: checks 
oldguyreacts: bets $0.29
bryksa87: calls $0.29
*** RIVER *** [5d 4h Qc Qs] [3c]
bryksa87: bets $1.71 and is all-in
oldguyreacts: calls $1.71
*** SHOW DOWN ***
bryksa87: shows [Jc Qd] (three of a kind, Queens)
oldguyreacts: shows [5s 5c] (a full house, Fives full of Queens)
oldguyreacts collected $4.30 from pot
*** SUMMARY ***
Total pot $4.46 | Rake $0.16 
Board [5d 4h Qc Qs 3c]
Seat 1: cby123 folded before Flop (didn't bet)
Seat 2: oldguyreacts showed [5s 5c] and won ($4.30) with a full house, Fives full of Queens
Seat 3: Phoebus1986 folded before Flop (didn't bet)
Seat 4: Dorex2007 folded before Flop (didn't bet)
Seat 5: BrallanJ55 folded on the Flop
Seat 7: Kahyo16 (button) folded before Flop (didn't bet)
Seat 8: bryksa87 (small blind) showed [Jc Qd] and lost with three of a kind, Queens
Seat 9: palmrobert60 (big blind) folded before Flop



PokerStars Hand #226229964816:  Hold'em No Limit ($0.01/$0.02 USD) - 2021/04/26 16:15:16 PT [2021/04/26 19:15:16 ET]
Table 'Edna II' 9-max Seat #9 is the button
Seat 1: cby123 ($1.64 in chips) 
Seat 2: oldguyreacts ($4.57 in chips) 
Seat 3: Phoebus1986 ($2 in chips) 
Seat 4: Dorex2007 ($2 in chips) 
Seat 5: BrallanJ55 ($1.96 in chips) 
Seat 7: Kahyo16 ($1.96 in chips) 
Seat 9: palmrobert60 ($2.54 in chips) 
cby123: posts small blind $0.01
oldguyreacts: posts big blind $0.02
*** HOLE CARDS ***
Dealt to Dorex2007 [Ah Qc]
Phoebus1986: folds 
Dorex2007: raises $0.04 to $0.06
BrallanJ55: folds 
Kahyo16: folds 
palmrobert60: folds 
cby123: folds 
oldguyreacts: folds 
Uncalled bet ($0.04) returned to Dorex2007
Dorex2007 collected $0.05 from pot
Dorex2007: doesn't show hand 
*** SUMMARY ***
Total pot $0.05 | Rake $0 
Seat 1: cby123 (small blind) folded before Flop
Seat 2: oldguyreacts (big blind) folded before Flop
Seat 3: Phoebus1986 folded before Flop (didn't bet)
Seat 4: Dorex2007 collected ($0.05)
Seat 5: BrallanJ55 folded before Flop (didn't bet)
Seat 7: Kahyo16 folded before Flop (didn't bet)
Seat 9: palmrobert60 (button) folded before Flop (didn't bet)



PokerStars Hand #226229970375:  Hold'em No Limit ($0.01/$0.02 USD) - 2021/04/26 16:15:30 PT [2021/04/26 19:15:30 ET]
Table 'Edna II' 9-max Seat #1 is the button
Seat 1: cby123 ($1.63 in chips) 
Seat 2: oldguyreacts ($4.55 in chips) 
Seat 3: Phoebus1986 ($2 in chips) 
Seat 4: Dorex2007 ($2.03 in chips) 
Seat 5: BrallanJ55 ($1.96 in chips) 
Seat 7: Kahyo16 ($1.96 in chips) 
Seat 9: palmrobert60 ($2.54 in chips) 
oldguyreacts: posts small blind $0.01
Phoebus1986: posts big blind $0.02
*** HOLE CARDS ***
Dealt to Dorex2007 [8s 6c]
bryksa87 leaves the table
Dorex2007: folds 
BrallanJ55: folds 
Kahyo16: folds 
palmrobert60: folds 
cby123: folds 
oldguyreacts: folds 
Uncalled bet ($0.01) returned to Phoebus1986
Phoebus1986 collected $0.02 from pot
Phoebus1986: doesn't show hand 
*** SUMMARY ***
Total pot $0.02 | Rake $0 
Seat 1: cby123 (button) folded before Flop (didn't bet)
Seat 2: oldguyreacts (small blind) folded before Flop
Seat 3: Phoebus1986 (big blind) collected ($0.02)
Seat 4: Dorex2007 folded before Flop (didn't bet)
Seat 5: BrallanJ55 folded before Flop (didn't bet)
Seat 7: Kahyo16 folded before Flop (didn't bet)
Seat 9: palmrobert60 folded before Flop (didn't bet)



PokerStars Hand #226229977516:  Hold'em No Limit ($0.01/$0.02 USD) - 2021/04/26 16:15:49 PT [2021/04/26 19:15:49 ET]
Table 'Edna II' 9-max Seat #2 is the button
Seat 1: cby123 ($1.63 in chips) 
Seat 2: oldguyreacts ($4.54 in chips) 
Seat 3: Phoebus1986 ($2.01 in chips) 
Seat 4: Dorex2007 ($2.03 in chips) 
Seat 5: BrallanJ55 ($1.96 in chips) 
Seat 7: Kahyo16 ($1.96 in chips) 
Seat 9: palmrobert60 ($2.54 in chips) 
Phoebus1986: posts small blind $0.01
Dorex2007: posts big blind $0.02
*** HOLE CARDS ***
Dealt to Dorex2007 [8d 6c]
BrallanJ55: folds 
Kahyo16: folds 
palmrobert60: folds 
cby123: folds 
oldguyreacts: raises $0.04 to $0.06
Phoebus1986: folds 
tonyarena joins the table at seat #8 
Dorex2007: calls $0.04
*** FLOP *** [Th Tc Ad]
Dorex2007: checks 
oldguyreacts: checks 
*** TURN *** [Th Tc Ad] [4c]
Dorex2007: checks 
oldguyreacts: bets $0.09
Dorex2007: folds 
Uncalled bet ($0.09) returned to oldguyreacts
oldguyreacts collected $0.13 from pot
oldguyreacts: doesn't show hand 
*** SUMMARY ***
Total pot $0.13 | Rake $0 
Board [Th Tc Ad 4c]
Seat 1: cby123 folded before Flop (didn't bet)
Seat 2: oldguyreacts (button) collected ($0.13)
Seat 3: Phoebus1986 (small blind) folded before Flop
Seat 4: Dorex2007 (big blind) folded on the Turn
Seat 5: BrallanJ55 folded before Flop (didn't bet)
Seat 7: Kahyo16 folded before Flop (didn't bet)
Seat 9: palmrobert60 folded before Flop (didn't bet)



PokerStars Hand #226229997765:  Hold'em No Limit ($0.01/$0.02 USD) - 2021/04/26 16:16:43 PT [2021/04/26 19:16:43 ET]
Table 'Edna II' 9-max Seat #3 is the button
Seat 1: cby123 ($1.63 in chips) 
Seat 2: oldguyreacts ($4.61 in chips) 
Seat 3: Phoebus1986 ($2 in chips) 
Seat 4: Dorex2007 ($1.97 in chips) 
Seat 5: BrallanJ55 ($1.96 in chips) 
Seat 7: Kahyo16 ($1.96 in chips) 
Seat 9: palmrobert60 ($2.54 in chips) 
Dorex2007: posts small blind $0.01
BrallanJ55: posts big blind $0.02
tonyarena: sits out 
*** HOLE CARDS ***
Dealt to Dorex2007 [9s 2c]
Kahyo16: folds 
palmrobert60: calls $0.02
cby123: folds 
oldguyreacts: folds 
Phoebus1986: folds 
Dorex2007: folds 
BrallanJ55: raises $0.06 to $0.08
palmrobert60: calls $0.06
*** FLOP *** [Td 7c 9d]
BrallanJ55: bets $0.10
palmrobert60: raises $0.10 to $0.20
BrallanJ55: calls $0.10
*** TURN *** [Td 7c 9d] [2s]
BrallanJ55: checks 
palmrobert60: checks 
*** RIVER *** [Td 7c 9d 2s] [6d]
BrallanJ55: checks 
palmrobert60: checks 
*** SHOW DOWN ***
BrallanJ55: shows [Kh Ts] (a pair of Tens)
palmrobert60: shows [Th Kc] (a pair of Tens)
BrallanJ55 collected $0.28 from pot
palmrobert60 collected $0.27 from pot
*** SUMMARY ***
Total pot $0.57 | Rake $0.02 
Board [Td 7c 9d 2s 6d]
Seat 1: cby123 folded before Flop (didn't bet)
Seat 2: oldguyreacts folded before Flop (didn't bet)
Seat 3: Phoebus1986 (button) folded before Flop (didn't bet)
Seat 4: Dorex2007 (small blind) folded before Flop
Seat 5: BrallanJ55 (big blind) showed [Kh Ts] and won ($0.28) with a pair of Tens
Seat 7: Kahyo16 folded before Flop (didn't bet)
Seat 9: palmrobert60 showed [Th Kc] and won ($0.27) with a pair of Tens



PokerStars Hand #226230015274:  Hold'em No Limit ($0.01/$0.02 USD) - 2021/04/26 16:17:29 PT [2021/04/26 19:17:29 ET]
Table 'Edna II' 9-max Seat #4 is the button
Seat 1: cby123 ($1.63 in chips) 
Seat 2: oldguyreacts ($4.61 in chips) 
Seat 3: Phoebus1986 ($2 in chips) 
Seat 4: Dorex2007 ($1.96 in chips) 
Seat 5: BrallanJ55 ($1.96 in chips) 
Seat 7: Kahyo16 ($1.96 in chips) 
Seat 9: palmrobert60 ($2.53 in chips) 
BrallanJ55: posts small blind $0.01
Kahyo16: posts big blind $0.02
tonyarena: sits out 
*** HOLE CARDS ***
Dealt to Dorex2007 [Qs 5s]
palmrobert60: folds 
cby123: calls $0.02
oldguyreacts: folds 
Phoebus1986: folds 
Dorex2007: folds 
BrallanJ55: calls $0.01
Kahyo16: raises $0.06 to $0.08
cby123: calls $0.06
BrallanJ55: folds 
*** FLOP *** [2c 2d Ts]
Kahyo16: bets $0.09
cby123: folds 
Uncalled bet ($0.09) returned to Kahyo16
Kahyo16 collected $0.17 from pot
Kahyo16: doesn't show hand 
*** SUMMARY ***
Total pot $0.18 | Rake $0.01 
Board [2c 2d Ts]
Seat 1: cby123 folded on the Flop
Seat 2: oldguyreacts folded before Flop (didn't bet)
Seat 3: Phoebus1986 folded before Flop (didn't bet)
Seat 4: Dorex2007 (button) folded before Flop (didn't bet)
Seat 5: BrallanJ55 (small blind) folded before Flop
Seat 7: Kahyo16 (big blind) collected ($0.17)
Seat 9: palmrobert60 folded before Flop (didn't bet)



PokerStars Hand #226230032072:  Hold'em No Limit ($0.01/$0.02 USD) - 2021/04/26 16:18:13 PT [2021/04/26 19:18:13 ET]
Table 'Edna II' 9-max Seat #5 is the button
Seat 1: cby123 ($1.55 in chips) 
Seat 2: oldguyreacts ($4.61 in chips) 
Seat 3: Phoebus1986 ($2 in chips) 
Seat 4: Dorex2007 ($1.96 in chips) 
Seat 5: BrallanJ55 ($1.94 in chips) 
Seat 7: Kahyo16 ($2.05 in chips) 
Seat 8: tonyarena ($2 in chips) 
Seat 9: palmrobert60 ($2.53 in chips) 
Kahyo16: posts small blind $0.01
tonyarena: posts big blind $0.02
*** HOLE CARDS ***
Dealt to Dorex2007 [Th 2d]
palmrobert60: folds 
cby123: folds 
oldguyreacts: folds 
Phoebus1986: folds 
Dorex2007: folds 
BrallanJ55: calls $0.02
Kahyo16: folds 
tonyarena: checks 
*** FLOP *** [3c 8c 9s]
tonyarena: bets $0.02
BrallanJ55: calls $0.02
*** TURN *** [3c 8c 9s] [Tc]
tonyarena: bets $0.02
BrallanJ55: folds 
Uncalled bet ($0.02) returned to tonyarena
tonyarena collected $0.09 from pot
tonyarena: doesn't show hand 
*** SUMMARY ***
Total pot $0.09 | Rake $0 
Board [3c 8c 9s Tc]
Seat 1: cby123 folded before Flop (didn't bet)
Seat 2: oldguyreacts folded before Flop (didn't bet)
Seat 3: Phoebus1986 folded before Flop (didn't bet)
Seat 4: Dorex2007 folded before Flop (didn't bet)
Seat 5: BrallanJ55 (button) folded on the Turn
Seat 7: Kahyo16 (small blind) folded before Flop
Seat 8: tonyarena (big blind) collected ($0.09)
Seat 9: palmrobert60 folded before Flop (didn't bet)



PokerStars Hand #226230051306:  Hold'em No Limit ($0.01/$0.02 USD) - 2021/04/26 16:19:05 PT [2021/04/26 19:19:05 ET]
Table 'Edna II' 9-max Seat #7 is the button
Seat 1: cby123 ($1.55 in chips) 
Seat 2: oldguyreacts ($4.61 in chips) 
Seat 3: Phoebus1986 ($2 in chips) 
Seat 4: Dorex2007 ($1.96 in chips) 
Seat 5: BrallanJ55 ($1.90 in chips) 
Seat 7: Kahyo16 ($2.04 in chips) 
Seat 8: tonyarena ($2.05 in chips) 
Seat 9: palmrobert60 ($2.53 in chips) 
tonyarena: posts small blind $0.01
palmrobert60: posts big blind $0.02
trueJamaican: sits out 
*** HOLE CARDS ***
Dealt to Dorex2007 [5d Ts]
cby123 has timed out
cby123: folds 
oldguyreacts: folds 
Phoebus1986: folds 
Dorex2007: folds 
BrallanJ55: raises $0.05 to $0.07
Kahyo16: folds 
tonyarena: calls $0.06
palmrobert60: folds 
*** FLOP *** [2d Ac 8c]
tonyarena: checks 
BrallanJ55: bets $0.10
tonyarena: calls $0.10
*** TURN *** [2d Ac 8c] [8s]
tonyarena: checks 
BrallanJ55: bets $0.20
tonyarena: calls $0.20
*** RIVER *** [2d Ac 8c 8s] [6d]
tonyarena: checks 
BrallanJ55: bets $0.40
tonyarena: calls $0.40
*** SHOW DOWN ***
BrallanJ55: shows [Ks Js] (a pair of Eights)
tonyarena: shows [Ah 6h] (two pair, Aces and Eights)
tonyarena collected $1.51 from pot
*** SUMMARY ***
Total pot $1.56 | Rake $0.05 
Board [2d Ac 8c 8s 6d]
Seat 1: cby123 folded before Flop (didn't bet)
Seat 2: oldguyreacts folded before Flop (didn't bet)
Seat 3: Phoebus1986 folded before Flop (didn't bet)
Seat 4: Dorex2007 folded before Flop (didn't bet)
Seat 5: BrallanJ55 showed [Ks Js] and lost with a pair of Eights
Seat 7: Kahyo16 (button) folded before Flop (didn't bet)
Seat 8: tonyarena (small blind) showed [Ah 6h] and won ($1.51) with two pair, Aces and Eights
Seat 9: palmrobert60 (big blind) folded before Flop



PokerStars Hand #226230082716:  Hold'em No Limit ($0.01/$0.02 USD) - 2021/04/26 16:20:28 PT [2021/04/26 19:20:28 ET]
Table 'Edna II' 9-max Seat #8 is the button
Seat 1: cby123 ($1.55 in chips) 
Seat 2: oldguyreacts ($4.61 in chips) 
Seat 3: Phoebus1986 ($2 in chips) 
Seat 4: Dorex2007 ($1.96 in chips) 
Seat 5: BrallanJ55 ($1.13 in chips) 
Seat 7: Kahyo16 ($2.04 in chips) 
Seat 8: tonyarena ($2.79 in chips) 
palmrobert60 has timed out
palmrobert60: is sitting out 
cby123: posts small blind $0.01
oldguyreacts: posts big blind $0.02
trueJamaican: sits out 
*** HOLE CARDS ***
Dealt to Dorex2007 [6s 3s]
Phoebus1986: folds 
Dorex2007: folds 
BrallanJ55: calls $0.02
Kahyo16: raises $0.06 to $0.08
tonyarena: folds 
cby123: folds 
oldguyreacts: folds 
BrallanJ55: calls $0.06
*** FLOP *** [Th 2h Js]
BrallanJ55: checks 
Kahyo16: bets $0.09
BrallanJ55: folds 
Uncalled bet ($0.09) returned to Kahyo16
Kahyo16 collected $0.18 from pot
Kahyo16: doesn't show hand 
*** SUMMARY ***
Total pot $0.19 | Rake $0.01 
Board [Th 2h Js]
Seat 1: cby123 (small blind) folded before Flop
Seat 2: oldguyreacts (big blind) folded before Flop
Seat 3: Phoebus1986 folded before Flop (didn't bet)
Seat 4: Dorex2007 folded before Flop (didn't bet)
Seat 5: BrallanJ55 folded on the Flop
Seat 7: Kahyo16 collected ($0.18)
Seat 8: tonyarena (button) folded before Flop (didn't bet)



PokerStars Hand #226230097326:  Hold'em No Limit ($0.01/$0.02 USD) - 2021/04/26 16:21:08 PT [2021/04/26 19:21:08 ET]
Table 'Edna II' 9-max Seat #1 is the button
Seat 1: cby123 ($1.54 in chips) 
Seat 2: oldguyreacts ($4.59 in chips) 
Seat 3: Phoebus1986 ($2 in chips) 
Seat 4: Dorex2007 ($1.96 in chips) 
Seat 5: BrallanJ55 ($1.05 in chips) 
Seat 7: Kahyo16 ($2.14 in chips) 
Seat 8: tonyarena ($2.79 in chips) 
oldguyreacts: posts small blind $0.01
Phoebus1986: posts big blind $0.02
trueJamaican: sits out 
*** HOLE CARDS ***
Dealt to Dorex2007 [Qs Js]
palmrobert60 is disconnected 
Dorex2007: calls $0.02
BrallanJ55: folds 
Kahyo16: folds 
tonyarena: folds 
cby123: folds 
oldguyreacts: folds 
Phoebus1986: checks 
*** FLOP *** [Ac 6h 8d]
Phoebus1986: checks 
Dorex2007: checks 
*** TURN *** [Ac 6h 8d] [As]
Phoebus1986: checks 
Dorex2007: checks 
*** RIVER *** [Ac 6h 8d As] [Ad]
Phoebus1986: checks 
Dorex2007: checks 
*** SHOW DOWN ***
Phoebus1986: shows [8s 5c] (a full house, Aces full of Eights)
Dorex2007: mucks hand 
Phoebus1986 collected $0.05 from pot
*** SUMMARY ***
Total pot $0.05 | Rake $0 
Board [Ac 6h 8d As Ad]
Seat 1: cby123 (button) folded before Flop (didn't bet)
Seat 2: oldguyreacts (small blind) folded before Flop
Seat 3: Phoebus1986 (big blind) showed [8s 5c] and won ($0.05) with a full house, Aces full of Eights
Seat 4: Dorex2007 mucked [Qs Js]
Seat 5: BrallanJ55 folded before Flop (didn't bet)
Seat 7: Kahyo16 folded before Flop (didn't bet)
Seat 8: tonyarena folded before Flop (didn't bet)



PokerStars Hand #226230108821:  Hold'em No Limit ($0.01/$0.02 USD) - 2021/04/26 16:21:39 PT [2021/04/26 19:21:39 ET]
Table 'Edna II' 9-max Seat #2 is the button
Seat 1: cby123 ($1.54 in chips) 
Seat 2: oldguyreacts ($4.58 in chips) 
Seat 3: Phoebus1986 ($2.03 in chips) 
Seat 4: Dorex2007 ($1.94 in chips) 
Seat 5: BrallanJ55 ($1.05 in chips) 
Seat 7: Kahyo16 ($2.14 in chips) 
Seat 8: tonyarena ($2.79 in chips) 
Phoebus1986: posts small blind $0.01
Dorex2007: posts big blind $0.02
trueJamaican: sits out 
*** HOLE CARDS ***
Dealt to Dorex2007 [Qh 2h]
BrallanJ55: raises $0.02 to $0.04
Kahyo16: folds 
trueJamaican leaves the table
tonyarena: calls $0.04
cby123: folds 
oldguyreacts: folds 
Phoebus1986: folds 
Dorex2007: calls $0.02
*** FLOP *** [9c 6d 4c]
Dorex2007: checks 
BrallanJ55: checks 
tonyarena: checks 
*** TURN *** [9c 6d 4c] [Kc]
Dorex2007: checks 
ObremJunior joins the table at seat #6 
BrallanJ55: bets $0.07
tonyarena: folds 
Dorex2007: folds 
Uncalled bet ($0.07) returned to BrallanJ55
BrallanJ55 collected $0.13 from pot
BrallanJ55: doesn't show hand 
*** SUMMARY ***
Total pot $0.13 | Rake $0 
Board [9c 6d 4c Kc]
Seat 1: cby123 folded before Flop (didn't bet)
Seat 2: oldguyreacts (button) folded before Flop (didn't bet)
Seat 3: Phoebus1986 (small blind) folded before Flop
Seat 4: Dorex2007 (big blind) folded on the Turn
Seat 5: BrallanJ55 collected ($0.13)
Seat 7: Kahyo16 folded before Flop (didn't bet)
Seat 8: tonyarena folded on the Turn



PokerStars Hand #226230125990:  Hold'em No Limit ($0.01/$0.02 USD) - 2021/04/26 16:22:26 PT [2021/04/26 19:22:26 ET]
Table 'Edna II' 9-max Seat #3 is the button
Seat 1: cby123 ($1.54 in chips) 
Seat 2: oldguyreacts ($4.58 in chips) 
Seat 3: Phoebus1986 ($2.02 in chips) 
Seat 4: Dorex2007 ($1.90 in chips) 
Seat 5: BrallanJ55 ($1.14 in chips) 
Seat 6: ObremJunior ($1.60 in chips) 
Seat 7: Kahyo16 ($2.14 in chips) 
Seat 8: tonyarena ($2.75 in chips) 
Seat 9: palmrobert60 ($2.51 in chips) 
Dorex2007: posts small blind $0.01
BrallanJ55: posts big blind $0.02
ObremJunior: posts big blind $0.02
palmrobert60: posts small blind $0.01
*** HOLE CARDS ***
Dealt to Dorex2007 [Js Qh]
ObremJunior: raises $0.02 to $0.04
Kahyo16: folds 
tonyarena: folds 
palmrobert60: folds 
cby123: folds 
oldguyreacts: folds 
Phoebus1986: calls $0.04
Dorex2007: calls $0.03
BrallanJ55: calls $0.02
*** FLOP *** [5h 4s Ah]
Dorex2007: checks 
BrallanJ55: checks 
ObremJunior: bets $0.04
Phoebus1986: folds 
Dorex2007: folds 
BrallanJ55: calls $0.04
*** TURN *** [5h 4s Ah] [2c]
BrallanJ55: checks 
ObremJunior: bets $0.04
BrallanJ55: raises $0.20 to $0.24
ObremJunior: folds 
Uncalled bet ($0.20) returned to BrallanJ55
BrallanJ55 collected $0.32 from pot
BrallanJ55: doesn't show hand 
*** SUMMARY ***
Total pot $0.33 | Rake $0.01 
Board [5h 4s Ah 2c]
Seat 1: cby123 folded before Flop (didn't bet)
Seat 2: oldguyreacts folded before Flop (didn't bet)
Seat 3: Phoebus1986 (button) folded on the Flop
Seat 4: Dorex2007 (small blind) folded on the Flop
Seat 5: BrallanJ55 (big blind) collected ($0.32)
Seat 6: ObremJunior folded on the Turn
Seat 7: Kahyo16 folded before Flop (didn't bet)
Seat 8: tonyarena folded before Flop (didn't bet)
Seat 9: palmrobert60 folded before Flop (didn't bet)



PokerStars Hand #226230161452:  Hold'em No Limit ($0.01/$0.02 USD) - 2021/04/26 16:24:03 PT [2021/04/26 19:24:03 ET]
Table 'Edna II' 9-max Seat #4 is the button
Seat 1: cby123 ($1.54 in chips) 
Seat 2: oldguyreacts ($4.58 in chips) 
Seat 3: Phoebus1986 ($2 in chips) 
Seat 4: Dorex2007 ($1.86 in chips) 
Seat 5: BrallanJ55 ($1.34 in chips) 
Seat 6: ObremJunior ($1.48 in chips) 
Seat 7: Kahyo16 ($2.14 in chips) 
Seat 8: tonyarena ($2.75 in chips) 
Seat 9: palmrobert60 ($2.50 in chips) 
BrallanJ55: posts small blind $0.01
ObremJunior: posts big blind $0.02
*** HOLE CARDS ***
Dealt to Dorex2007 [Ks Js]
Kahyo16: folds 
tonyarena: folds 
palmrobert60: folds 
cby123 has timed out
cby123: folds 
oldguyreacts: folds 
Phoebus1986: raises $0.02 to $0.04
Dorex2007: calls $0.04
BrallanJ55: raises $0.14 to $0.18
ObremJunior: folds 
Phoebus1986: folds 
Dorex2007: calls $0.14
*** FLOP *** [Qd 3d Ad]
BrallanJ55: bets $0.22
Dorex2007: folds 
Uncalled bet ($0.22) returned to BrallanJ55
BrallanJ55 collected $0.41 from pot
*** SUMMARY ***
Total pot $0.42 | Rake $0.01 
Board [Qd 3d Ad]
Seat 1: cby123 folded before Flop (didn't bet)
Seat 2: oldguyreacts folded before Flop (didn't bet)
Seat 3: Phoebus1986 folded before Flop
Seat 4: Dorex2007 (button) folded on the Flop
Seat 5: BrallanJ55 (small blind) collected ($0.41)
Seat 6: ObremJunior (big blind) folded before Flop
Seat 7: Kahyo16 folded before Flop (didn't bet)
Seat 8: tonyarena folded before Flop (didn't bet)
Seat 9: palmrobert60 folded before Flop (didn't bet)



PokerStars Hand #226230186230:  Hold'em No Limit ($0.01/$0.02 USD) - 2021/04/26 16:25:03 PT [2021/04/26 19:25:03 ET]
Table 'Edna II' 9-max Seat #5 is the button
Seat 1: cby123 ($1.54 in chips) 
Seat 2: oldguyreacts ($4.58 in chips) 
Seat 3: Phoebus1986 ($2 in chips) 
Seat 4: Dorex2007 ($1.68 in chips) 
Seat 5: BrallanJ55 ($1.57 in chips) 
Seat 6: ObremJunior ($1.46 in chips) 
Seat 7: Kahyo16 ($2.14 in chips) 
Seat 8: tonyarena ($2.75 in chips) 
Seat 9: palmrobert60 ($2.50 in chips) 
ObremJunior: posts small blind $0.01
Kahyo16: posts big blind $0.02
*** HOLE CARDS ***
Dealt to Dorex2007 [8d Qh]
tonyarena: raises $0.04 to $0.06
palmrobert60: folds 
cby123: folds 
oldguyreacts: folds 
Phoebus1986: folds 
Dorex2007: folds 
BrallanJ55: folds 
ObremJunior: calls $0.05
Kahyo16: folds 
*** FLOP *** [5s Ah 6c]
ObremJunior: checks 
tonyarena: bets $0.10
ObremJunior: folds 
Uncalled bet ($0.10) returned to tonyarena
tonyarena collected $0.14 from pot
tonyarena: doesn't show hand 
*** SUMMARY ***
Total pot $0.14 | Rake $0 
Board [5s Ah 6c]
Seat 1: cby123 folded before Flop (didn't bet)
Seat 2: oldguyreacts folded before Flop (didn't bet)
Seat 3: Phoebus1986 folded before Flop (didn't bet)
Seat 4: Dorex2007 folded before Flop (didn't bet)
Seat 5: BrallanJ55 (button) folded before Flop (didn't bet)
Seat 6: ObremJunior (small blind) folded on the Flop
Seat 7: Kahyo16 (big blind) folded before Flop
Seat 8: tonyarena collected ($0.14)
Seat 9: palmrobert60 folded before Flop (didn't bet)



PokerStars Hand #226230201099:  Hold'em No Limit ($0.01/$0.02 USD) - 2021/04/26 16:25:44 PT [2021/04/26 19:25:44 ET]
Table 'Edna II' 9-max Seat #6 is the button
Seat 1: cby123 ($1.54 in chips) 
Seat 2: oldguyreacts ($4.58 in chips) 
Seat 3: Phoebus1986 ($2 in chips) 
Seat 4: Dorex2007 ($2 in chips) 
Seat 5: BrallanJ55 ($1.57 in chips) 
Seat 6: ObremJunior ($1.40 in chips) 
Seat 7: Kahyo16 ($2.12 in chips) 
Seat 8: tonyarena ($2.83 in chips) 
Seat 9: palmrobert60 ($2.50 in chips) 
Kahyo16: posts small blind $0.01
tonyarena: posts big blind $0.02
*** HOLE CARDS ***
Dealt to Dorex2007 [4d 2s]
palmrobert60: calls $0.02
cby123: folds 
oldguyreacts: raises $0.06 to $0.08
Phoebus1986: folds 
Dorex2007: folds 
BrallanJ55: folds 
ObremJunior: folds 
Kahyo16: folds 
tonyarena: calls $0.06
palmrobert60: calls $0.06
*** FLOP *** [5c Th 2h]
tonyarena: checks 
palmrobert60: checks 
oldguyreacts: bets $0.16
tonyarena: calls $0.16
palmrobert60: folds 
*** TURN *** [5c Th 2h] [9s]
tonyarena: checks 
oldguyreacts: checks 
*** RIVER *** [5c Th 2h 9s] [Td]
tonyarena: checks 
oldguyreacts: checks 
*** SHOW DOWN ***
tonyarena: shows [Jh Qd] (a pair of Tens)
oldguyreacts: shows [9d Ad] (two pair, Tens and Nines)
oldguyreacts collected $0.55 from pot
*** SUMMARY ***
Total pot $0.57 | Rake $0.02 
Board [5c Th 2h 9s Td]
Seat 1: cby123 folded before Flop (didn't bet)
Seat 2: oldguyreacts showed [9d Ad] and won ($0.55) with two pair, Tens and Nines
Seat 3: Phoebus1986 folded before Flop (didn't bet)
Seat 4: Dorex2007 folded before Flop (didn't bet)
Seat 5: BrallanJ55 folded before Flop (didn't bet)
Seat 6: ObremJunior (button) folded before Flop (didn't bet)
Seat 7: Kahyo16 (small blind) folded before Flop
Seat 8: tonyarena (big blind) showed [Jh Qd] and lost with a pair of Tens
Seat 9: palmrobert60 folded on the Flop



PokerStars Hand #226230232000:  Hold'em No Limit ($0.01/$0.02 USD) - 2021/04/26 16:27:10 PT [2021/04/26 19:27:10 ET]
Table 'Edna II' 9-max Seat #7 is the button
Seat 1: cby123 ($1.54 in chips) 
Seat 2: oldguyreacts ($4.89 in chips) 
Seat 3: Phoebus1986 ($2 in chips) 
Seat 4: Dorex2007 ($2 in chips) 
Seat 5: BrallanJ55 ($1.57 in chips) 
Seat 6: ObremJunior ($1.40 in chips) 
Seat 7: Kahyo16 ($2.11 in chips) 
Seat 8: tonyarena ($2.59 in chips) 
Seat 9: palmrobert60 ($2.42 in chips) 
tonyarena: posts small blind $0.01
palmrobert60: posts big blind $0.02
*** HOLE CARDS ***
Dealt to Dorex2007 [2d 9s]
cby123: folds 
oldguyreacts: raises $0.04 to $0.06
Phoebus1986: folds 
Dorex2007: folds 
BrallanJ55: folds 
ObremJunior: calls $0.06
Kahyo16: folds 
tonyarena: calls $0.05
palmrobert60: folds 
*** FLOP *** [Ts 3d 8c]
tonyarena: checks 
oldguyreacts: checks 
ObremJunior: checks 
*** TURN *** [Ts 3d 8c] [Qs]
tonyarena: checks 
oldguyreacts: checks 
ObremJunior: checks 
*** RIVER *** [Ts 3d 8c Qs] [4c]
tonyarena: checks 
oldguyreacts: checks 
ObremJunior: checks 
*** SHOW DOWN ***
tonyarena: shows [9h 2h] (high card Queen)
oldguyreacts: shows [7h 7d] (a pair of Sevens)
ObremJunior: mucks hand 
oldguyreacts collected $0.19 from pot
*** SUMMARY ***
Total pot $0.20 | Rake $0.01 
Board [Ts 3d 8c Qs 4c]
Seat 1: cby123 folded before Flop (didn't bet)
Seat 2: oldguyreacts showed [7h 7d] and won ($0.19) with a pair of Sevens
Seat 3: Phoebus1986 folded before Flop (didn't bet)
Seat 4: Dorex2007 folded before Flop (didn't bet)
Seat 5: BrallanJ55 folded before Flop (didn't bet)
Seat 6: ObremJunior mucked [5h 5d]
Seat 7: Kahyo16 (button) folded before Flop (didn't bet)
Seat 8: tonyarena (small blind) showed [9h 2h] and lost with high card Queen
Seat 9: palmrobert60 (big blind) folded before Flop



PokerStars Hand #226230265996:  Hold'em No Limit ($0.01/$0.02 USD) - 2021/04/26 16:28:33 PT [2021/04/26 19:28:33 ET]
Table 'Edna II' 9-max Seat #8 is the button
Seat 1: cby123 ($1.54 in chips) 
Seat 2: oldguyreacts ($5.02 in chips) 
Seat 3: Phoebus1986 ($2 in chips) 
Seat 4: Dorex2007 ($2 in chips) 
Seat 5: BrallanJ55 ($1.57 in chips) 
Seat 6: ObremJunior ($1.34 in chips) 
Seat 7: Kahyo16 ($2.11 in chips) 
Seat 8: tonyarena ($2.53 in chips) 
Seat 9: palmrobert60 ($2.40 in chips) 
palmrobert60: posts small blind $0.01
cby123: posts big blind $0.02
*** HOLE CARDS ***
Dealt to Dorex2007 [Th 7c]
oldguyreacts: folds 
Phoebus1986: folds 
Dorex2007: folds 
BrallanJ55: folds 
ObremJunior: folds 
Kahyo16: raises $0.04 to $0.06
tonyarena: folds 
palmrobert60: folds 
cby123 has timed out
cby123: folds 
Uncalled bet ($0.04) returned to Kahyo16
Kahyo16 collected $0.05 from pot
Kahyo16: doesn't show hand 
*** SUMMARY ***
Total pot $0.05 | Rake $0 
Seat 1: cby123 (big blind) folded before Flop
Seat 2: oldguyreacts folded before Flop (didn't bet)
Seat 3: Phoebus1986 folded before Flop (didn't bet)
Seat 4: Dorex2007 folded before Flop (didn't bet)
Seat 5: BrallanJ55 folded before Flop (didn't bet)
Seat 6: ObremJunior folded before Flop (didn't bet)
Seat 7: Kahyo16 collected ($0.05)
Seat 8: tonyarena (button) folded before Flop (didn't bet)
Seat 9: palmrobert60 (small blind) folded before Flop



PokerStars Hand #226230289406:  Hold'em No Limit ($0.01/$0.02 USD) - 2021/04/26 16:29:38 PT [2021/04/26 19:29:38 ET]
Table 'Edna II' 9-max Seat #9 is the button
Seat 2: oldguyreacts ($5.02 in chips) 
Seat 3: Phoebus1986 ($2 in chips) 
Seat 4: Dorex2007 ($2 in chips) 
Seat 5: BrallanJ55 ($1.57 in chips) 
Seat 6: ObremJunior ($1.34 in chips) 
Seat 7: Kahyo16 ($2.14 in chips) 
Seat 8: tonyarena ($2.53 in chips) 
Seat 9: palmrobert60 ($2.39 in chips) 
oldguyreacts: posts small blind $0.01
Phoebus1986: posts big blind $0.02
*** HOLE CARDS ***
Dealt to Dorex2007 [Ks 6h]
Dorex2007: folds 
BrallanJ55: raises $0.04 to $0.06
ObremJunior: folds 
Kahyo16: raises $0.04 to $0.10
tonyarena: folds 
palmrobert60: calls $0.10
oldguyreacts: folds 
Phoebus1986: calls $0.08
BrallanJ55: calls $0.04
*** FLOP *** [Th 4s 2d]
Phoebus1986: checks 
BrallanJ55: checks 
Kahyo16: bets $0.40
palmrobert60: folds 
Phoebus1986: folds 
BrallanJ55: calls $0.40
*** TURN *** [Th 4s 2d] [7d]
BrallanJ55: checks 
Kahyo16: bets $1.17
BrallanJ55: calls $1.07 and is all-in
Uncalled bet ($0.10) returned to Kahyo16
*** RIVER *** [Th 4s 2d 7d] [8s]
*** SHOW DOWN ***
BrallanJ55: shows [Tc 7c] (two pair, Tens and Sevens)
Kahyo16: shows [Jd 8d] (a pair of Eights)
BrallanJ55 collected $3.23 from pot
*** SUMMARY ***
Total pot $3.35 | Rake $0.12 
Board [Th 4s 2d 7d 8s]
Seat 2: oldguyreacts (small blind) folded before Flop
Seat 3: Phoebus1986 (big blind) folded on the Flop
Seat 4: Dorex2007 folded before Flop (didn't bet)
Seat 5: BrallanJ55 showed [Tc 7c] and won ($3.23) with two pair, Tens and Sevens
Seat 6: ObremJunior folded before Flop (didn't bet)
Seat 7: Kahyo16 showed [Jd 8d] and lost with a pair of Eights
Seat 8: tonyarena folded before Flop (didn't bet)
Seat 9: palmrobert60 (button) folded on the Flop



PokerStars Hand #226230316523:  Hold'em No Limit ($0.01/$0.02 USD) - 2021/04/26 16:30:53 PT [2021/04/26 19:30:53 ET]
Table 'Edna II' 9-max Seat #2 is the button
Seat 2: oldguyreacts ($5.01 in chips) 
Seat 3: Phoebus1986 ($2 in chips) 
Seat 4: Dorex2007 ($2 in chips) 
Seat 5: BrallanJ55 ($3.23 in chips) 
Seat 6: ObremJunior ($1.34 in chips) 
Seat 7: Kahyo16 ($0.57 in chips) 
Seat 8: tonyarena ($2.53 in chips) 
Seat 9: palmrobert60 ($2.29 in chips) 
Phoebus1986: posts small blind $0.01
Dorex2007: posts big blind $0.02
*** HOLE CARDS ***
Dealt to Dorex2007 [Ac Ad]
BrallanJ55: raises $0.04 to $0.06
ObremJunior: folds 
Kahyo16: raises $0.51 to $0.57 and is all-in
tonyarena: folds 
palmrobert60 has timed out
palmrobert60: folds 
oldguyreacts: folds 
Phoebus1986: folds 
Dorex2007: calls $0.55
BrallanJ55: raises $2.66 to $3.23 and is all-in
Dorex2007: calls $1.43 and is all-in
Uncalled bet ($1.23) returned to BrallanJ55
*** FLOP *** [3s Ks 4d]
*** TURN *** [3s Ks 4d] [Th]
*** RIVER *** [3s Ks 4d Th] [3c]
*** SHOW DOWN ***
Dorex2007: shows [Ac Ad] (two pair, Aces and Threes)
BrallanJ55: shows [Kh Ah] (two pair, Kings and Threes)
Dorex2007 collected $2.76 from side pot
Kahyo16: shows [As Qs] (a pair of Threes)
Dorex2007 collected $1.66 from main pot
*** SUMMARY ***
Total pot $4.58 Main pot $1.66. Side pot $2.76. | Rake $0.16 
Board [3s Ks 4d Th 3c]
Seat 2: oldguyreacts (button) folded before Flop (didn't bet)
Seat 3: Phoebus1986 (small blind) folded before Flop
Seat 4: Dorex2007 (big blind) showed [Ac Ad] and won ($4.42) with two pair, Aces and Threes
Seat 5: BrallanJ55 showed [Kh Ah] and lost with two pair, Kings and Threes
Seat 6: ObremJunior folded before Flop (didn't bet)
Seat 7: Kahyo16 showed [As Qs] and lost with a pair of Threes
Seat 8: tonyarena folded before Flop (didn't bet)
Seat 9: palmrobert60 folded before Flop (didn't bet)



PokerStars Hand #226230338975:  Hold'em No Limit ($0.01/$0.02 USD) - 2021/04/26 16:31:56 PT [2021/04/26 19:31:56 ET]
Table 'Edna II' 9-max Seat #3 is the button
Seat 2: oldguyreacts ($5.01 in chips) 
Seat 3: Phoebus1986 ($2 in chips) 
Seat 4: Dorex2007 ($4.42 in chips) 
Seat 5: BrallanJ55 ($1.23 in chips) 
Seat 6: ObremJunior ($1.34 in chips) 
Seat 8: tonyarena ($2.53 in chips) 
Dorex2007: posts small blind $0.01
BrallanJ55: posts big blind $0.02
*** HOLE CARDS ***
Dealt to Dorex2007 [Th Tc]
ObremJunior: raises $0.02 to $0.04
Kahyo16 leaves the table
tonyarena: calls $0.04
oldguyreacts: folds 
Phoebus1986: raises $0.10 to $0.14
Dorex2007: folds 
BrallanJ55: folds 
ObremJunior: calls $0.10
tokyojoe90 joins the table at seat #7 
tonyarena: calls $0.10
*** FLOP *** [5s Qd Td]
ObremJunior: bets $0.10
tonyarena: folds 
Phoebus1986: calls $0.10
*** TURN *** [5s Qd Td] [6d]
ObremJunior: bets $0.10
Phoebus1986: calls $0.10
*** RIVER *** [5s Qd Td 6d] [Ac]
ObremJunior: bets $0.20
Phoebus1986: folds 
Uncalled bet ($0.20) returned to ObremJunior
ObremJunior collected $0.82 from pot
ObremJunior: doesn't show hand 
*** SUMMARY ***
Total pot $0.85 | Rake $0.03 
Board [5s Qd Td 6d Ac]
Seat 2: oldguyreacts folded before Flop (didn't bet)
Seat 3: Phoebus1986 (button) folded on the River
Seat 4: Dorex2007 (small blind) folded before Flop
Seat 5: BrallanJ55 (big blind) folded before Flop
Seat 6: ObremJunior collected ($0.82)
Seat 8: tonyarena folded on the Flop



PokerStars Hand #226230373668:  Hold'em No Limit ($0.01/$0.02 USD) - 2021/04/26 16:33:19 PT [2021/04/26 19:33:19 ET]
Table 'Edna II' 9-max Seat #4 is the button
Seat 2: oldguyreacts ($5.01 in chips) 
Seat 3: Phoebus1986 ($2 in chips) 
Seat 4: Dorex2007 ($4.41 in chips) 
Seat 5: BrallanJ55 ($1.21 in chips) 
Seat 6: ObremJunior ($1.82 in chips) 
Seat 8: tonyarena ($2.39 in chips) 
BrallanJ55: posts small blind $0.01
ObremJunior: posts big blind $0.02
tokyojoe90: sits out 
*** HOLE CARDS ***
Dealt to Dorex2007 [Tc 3c]
tonyarena has timed out
tonyarena: folds 
oldguyreacts: folds 
Phoebus1986: folds 
Dorex2007: folds 
BrallanJ55: calls $0.01
ObremJunior: checks 
*** FLOP *** [2c Js 5d]
BrallanJ55: checks 
ObremJunior: checks 
*** TURN *** [2c Js 5d] [Qc]
BrallanJ55: bets $0.02
ObremJunior: folds 
Uncalled bet ($0.02) returned to BrallanJ55
BrallanJ55 collected $0.04 from pot
BrallanJ55: doesn't show hand 
*** SUMMARY ***
Total pot $0.04 | Rake $0 
Board [2c Js 5d Qc]
Seat 2: oldguyreacts folded before Flop (didn't bet)
Seat 3: Phoebus1986 folded before Flop (didn't bet)
Seat 4: Dorex2007 (button) folded before Flop (didn't bet)
Seat 5: BrallanJ55 (small blind) collected ($0.04)
Seat 6: ObremJunior (big blind) folded on the Turn
Seat 8: tonyarena folded before Flop (didn't bet)



PokerStars Hand #226230383918:  Hold'em No Limit ($0.01/$0.02 USD) - 2021/04/26 16:33:48 PT [2021/04/26 19:33:48 ET]
Table 'Edna II' 9-max Seat #5 is the button
Seat 2: oldguyreacts ($5.01 in chips) 
Seat 3: Phoebus1986 ($2 in chips) 
Seat 4: Dorex2007 ($4.41 in chips) 
Seat 5: BrallanJ55 ($1.23 in chips) 
Seat 6: ObremJunior ($1.80 in chips) 
Seat 7: tokyojoe90 ($0.80 in chips) 
Seat 8: tonyarena ($2.39 in chips) 
ObremJunior: posts small blind $0.01
tokyojoe90: posts big blind $0.02
*** HOLE CARDS ***
Dealt to Dorex2007 [5s Ks]
tonyarena has timed out
tonyarena: folds 
oldguyreacts: folds 
Phoebus1986: folds 
Dorex2007: folds 
palmrobert60 is disconnected 
BrallanJ55: raises $0.04 to $0.06
ObremJunior: calls $0.05
tokyojoe90: folds 
*** FLOP *** [9s Jc Qh]
ObremJunior: bets $0.07
BrallanJ55: calls $0.07
*** TURN *** [9s Jc Qh] [5c]
ObremJunior: bets $0.14
BrallanJ55: calls $0.14
*** RIVER *** [9s Jc Qh 5c] [7s]
ObremJunior: bets $0.20
BrallanJ55: folds 
Uncalled bet ($0.20) returned to ObremJunior
ObremJunior collected $0.54 from pot
ObremJunior: doesn't show hand 
*** SUMMARY ***
Total pot $0.56 | Rake $0.02 
Board [9s Jc Qh 5c 7s]
Seat 2: oldguyreacts folded before Flop (didn't bet)
Seat 3: Phoebus1986 folded before Flop (didn't bet)
Seat 4: Dorex2007 folded before Flop (didn't bet)
Seat 5: BrallanJ55 (button) folded on the River
Seat 6: ObremJunior (small blind) collected ($0.54)
Seat 7: tokyojoe90 (big blind) folded before Flop
Seat 8: tonyarena folded before Flop (didn't bet)



PokerStars Hand #226230402359:  Hold'em No Limit ($0.01/$0.02 USD) - 2021/04/26 16:34:41 PT [2021/04/26 19:34:41 ET]
Table 'Edna II' 9-max Seat #6 is the button
Seat 1: cby123 ($1.52 in chips) 
Seat 2: oldguyreacts ($5.01 in chips) 
Seat 3: Phoebus1986 ($2 in chips) 
Seat 4: Dorex2007 ($4.41 in chips) 
Seat 5: BrallanJ55 ($0.96 in chips) 
Seat 6: ObremJunior ($2.07 in chips) 
Seat 7: tokyojoe90 ($0.78 in chips) 
Seat 8: tonyarena ($2.39 in chips) 
tokyojoe90: posts small blind $0.01
tonyarena: posts big blind $0.02
cby123: posts small blind $0.01
*** HOLE CARDS ***
Dealt to Dorex2007 [8d Js]
cby123 has timed out
cby123: folds 
oldguyreacts: folds 
Phoebus1986: folds 
Dorex2007: folds 
BrallanJ55: raises $0.02 to $0.04
ObremJunior: folds 
tokyojoe90: folds 
tonyarena: calls $0.02
*** FLOP *** [Ks Qh 8c]
tonyarena: checks 
BrallanJ55: bets $0.04
tonyarena: folds 
Uncalled bet ($0.04) returned to BrallanJ55
BrallanJ55 collected $0.10 from pot
BrallanJ55: doesn't show hand 
*** SUMMARY ***
Total pot $0.10 | Rake $0 
Board [Ks Qh 8c]
Seat 1: cby123 folded before Flop (didn't bet)
Seat 2: oldguyreacts folded before Flop (didn't bet)
Seat 3: Phoebus1986 folded before Flop (didn't bet)
Seat 4: Dorex2007 folded before Flop (didn't bet)
Seat 5: BrallanJ55 collected ($0.10)
Seat 6: ObremJunior (button) folded before Flop (didn't bet)
Seat 7: tokyojoe90 (small blind) folded before Flop
Seat 8: tonyarena (big blind) folded on the Flop



PokerStars Hand #226230419088:  Hold'em No Limit ($0.01/$0.02 USD) - 2021/04/26 16:35:28 PT [2021/04/26 19:35:28 ET]
Table 'Edna II' 9-max Seat #7 is the button
Seat 1: cby123 ($1.51 in chips) 
Seat 2: oldguyreacts ($5.01 in chips) 
Seat 3: Phoebus1986 ($2 in chips) 
Seat 4: Dorex2007 ($4.41 in chips) 
Seat 5: BrallanJ55 ($1.02 in chips) 
Seat 6: ObremJunior ($2.07 in chips) 
Seat 7: tokyojoe90 ($0.77 in chips) 
Seat 8: tonyarena ($2.35 in chips) 
tonyarena: posts small blind $0.01
cby123: posts big blind $0.02
*** HOLE CARDS ***
Dealt to Dorex2007 [7s 7c]
oldguyreacts: folds 
Phoebus1986: folds 
Dorex2007: raises $0.04 to $0.06
BrallanJ55: folds 
BrallanJ55 leaves the table
ObremJunior: folds 
tokyojoe90: folds 
Nick.Siloff joins the table at seat #5 
tonyarena: folds 
cby123: folds 
Uncalled bet ($0.04) returned to Dorex2007
Dorex2007 collected $0.05 from pot
Dorex2007: doesn't show hand 
*** SUMMARY ***
Total pot $0.05 | Rake $0 
Seat 1: cby123 (big blind) folded before Flop
Seat 2: oldguyreacts folded before Flop (didn't bet)
Seat 3: Phoebus1986 folded before Flop (didn't bet)
Seat 4: Dorex2007 collected ($0.05)
Seat 5: BrallanJ55 folded before Flop (didn't bet)
Seat 6: ObremJunior folded before Flop (didn't bet)
Seat 7: tokyojoe90 (button) folded before Flop (didn't bet)
Seat 8: tonyarena (small blind) folded before Flop



PokerStars Hand #226230430565:  Hold'em No Limit ($0.01/$0.02 USD) - 2021/04/26 16:36:00 PT [2021/04/26 19:36:00 ET]
Table 'Edna II' 9-max Seat #8 is the button
Seat 1: cby123 ($1.49 in chips) 
Seat 2: oldguyreacts ($5.01 in chips) 
Seat 3: Phoebus1986 ($2 in chips) 
Seat 4: Dorex2007 ($4.44 in chips) 
Seat 5: Nick.Siloff ($2 in chips) 
Seat 6: ObremJunior ($2.07 in chips) 
Seat 7: tokyojoe90 ($0.77 in chips) 
Seat 8: tonyarena ($2.34 in chips) 
cby123: posts small blind $0.01
oldguyreacts: posts big blind $0.02
Nick.Siloff: posts big blind $0.02
*** HOLE CARDS ***
Dealt to Dorex2007 [8s 3s]
Phoebus1986: folds 
Dorex2007: folds 
Nick.Siloff: checks 
ObremJunior: calls $0.02
tokyojoe90: folds 
tonyarena: folds 
cby123: folds 
oldguyreacts: checks 
*** FLOP *** [Th Jd 3h]
oldguyreacts: bets $0.05
Nick.Siloff: folds 
ObremJunior: folds 
Uncalled bet ($0.05) returned to oldguyreacts
oldguyreacts collected $0.07 from pot
oldguyreacts: doesn't show hand 
*** SUMMARY ***
Total pot $0.07 | Rake $0 
Board [Th Jd 3h]
Seat 1: cby123 (small blind) folded before Flop
Seat 2: oldguyreacts (big blind) collected ($0.07)
Seat 3: Phoebus1986 folded before Flop (didn't bet)
Seat 4: Dorex2007 folded before Flop (didn't bet)
Seat 5: Nick.Siloff folded on the Flop (didn't bet)
Seat 6: ObremJunior folded on the Flop
Seat 7: tokyojoe90 folded before Flop (didn't bet)
Seat 8: tonyarena (button) folded before Flop (didn't bet)



PokerStars Hand #226230453492:  Hold'em No Limit ($0.01/$0.02 USD) - 2021/04/26 16:36:42 PT [2021/04/26 19:36:42 ET]
Table 'Edna II' 9-max Seat #1 is the button
Seat 1: cby123 ($1.48 in chips) 
Seat 2: oldguyreacts ($5.06 in chips) 
Seat 3: Phoebus1986 ($2 in chips) 
Seat 4: Dorex2007 ($4.44 in chips) 
Seat 5: Nick.Siloff ($2 in chips) 
Seat 6: ObremJunior ($2.05 in chips) 
Seat 7: tokyojoe90 ($0.77 in chips) 
Seat 8: tonyarena ($2.34 in chips) 
oldguyreacts: posts small blind $0.01
Phoebus1986: posts big blind $0.02
*** HOLE CARDS ***
Dealt to Dorex2007 [7d 6c]
Dorex2007: folds 
Nick.Siloff: folds 
ObremJunior: calls $0.02
tokyojoe90: folds 
tonyarena: folds 
cby123: raises $0.04 to $0.06
oldguyreacts: folds 
Phoebus1986: calls $0.04
ObremJunior: calls $0.04
*** FLOP *** [9d 6d 3c]
Phoebus1986: bets $0.06
ObremJunior: folds 
cby123: calls $0.06
*** TURN *** [9d 6d 3c] [7h]
Phoebus1986: checks 
cby123: checks 
*** RIVER *** [9d 6d 3c 7h] [2h]
Phoebus1986: checks 
cby123: checks 
*** SHOW DOWN ***
Phoebus1986: shows [Ad Qh] (high card Ace)
cby123: mucks hand 
Phoebus1986 collected $0.30 from pot
*** SUMMARY ***
Total pot $0.31 | Rake $0.01 
Board [9d 6d 3c 7h 2h]
Seat 1: cby123 (button) mucked [Ah Jh]
Seat 2: oldguyreacts (small blind) folded before Flop
Seat 3: Phoebus1986 (big blind) showed [Ad Qh] and won ($0.30) with high card Ace
Seat 4: Dorex2007 folded before Flop (didn't bet)
Seat 5: Nick.Siloff folded before Flop (didn't bet)
Seat 6: ObremJunior folded on the Flop
Seat 7: tokyojoe90 folded before Flop (didn't bet)
Seat 8: tonyarena folded before Flop (didn't bet)



PokerStars Hand #226230479635:  Hold'em No Limit ($0.01/$0.02 USD) - 2021/04/26 16:37:57 PT [2021/04/26 19:37:57 ET]
Table 'Edna II' 9-max Seat #2 is the button
Seat 1: cby123 ($1.36 in chips) 
Seat 2: oldguyreacts ($5.05 in chips) 
Seat 3: Phoebus1986 ($2.18 in chips) 
Seat 4: Dorex2007 ($4.44 in chips) 
Seat 5: Nick.Siloff ($2 in chips) 
Seat 6: ObremJunior ($1.99 in chips) 
Seat 7: tokyojoe90 ($0.77 in chips) 
Seat 8: tonyarena ($2.34 in chips) 
Phoebus1986: posts small blind $0.01
Dorex2007: posts big blind $0.02
*** HOLE CARDS ***
Dealt to Dorex2007 [2h 6d]
Nick.Siloff: folds 
ObremJunior: folds 
tokyojoe90: raises $0.05 to $0.07
tonyarena: folds 
cby123: folds 
oldguyreacts: calls $0.07
Phoebus1986: folds 
Dorex2007: folds 
*** FLOP *** [Tc 6s 4d]
tokyojoe90: bets $0.10
oldguyreacts: folds 
Uncalled bet ($0.10) returned to tokyojoe90
tokyojoe90 collected $0.16 from pot
tokyojoe90: doesn't show hand 
*** SUMMARY ***
Total pot $0.17 | Rake $0.01 
Board [Tc 6s 4d]
Seat 1: cby123 folded before Flop (didn't bet)
Seat 2: oldguyreacts (button) folded on the Flop
Seat 3: Phoebus1986 (small blind) folded before Flop
Seat 4: Dorex2007 (big blind) folded before Flop
Seat 5: Nick.Siloff folded before Flop (didn't bet)
Seat 6: ObremJunior folded before Flop (didn't bet)
Seat 7: tokyojoe90 collected ($0.16)
Seat 8: tonyarena folded before Flop (didn't bet)



PokerStars Hand #226230490607:  Hold'em No Limit ($0.01/$0.02 USD) - 2021/04/26 16:38:29 PT [2021/04/26 19:38:29 ET]
Table 'Edna II' 9-max Seat #3 is the button
Seat 1: cby123 ($1.36 in chips) 
Seat 2: oldguyreacts ($4.98 in chips) 
Seat 3: Phoebus1986 ($2.17 in chips) 
Seat 4: Dorex2007 ($4.42 in chips) 
Seat 5: Nick.Siloff ($2 in chips) 
Seat 6: ObremJunior ($1.99 in chips) 
Seat 7: tokyojoe90 ($0.86 in chips) 
Seat 8: tonyarena ($2.34 in chips) 
Dorex2007: posts small blind $0.01
Nick.Siloff: posts big blind $0.02
*** HOLE CARDS ***
Dealt to Dorex2007 [2d Ad]
ObremJunior: calls $0.02
tokyojoe90: raises $0.07 to $0.09
tonyarena: folds 
cby123: calls $0.09
oldguyreacts: folds 
Phoebus1986: folds 
Dorex2007: folds 
Nick.Siloff: raises $0.29 to $0.38
ObremJunior: folds 
tokyojoe90: folds 
cby123: raises $0.29 to $0.67
Nick.Siloff: raises $1.33 to $2 and is all-in
cby123: calls $0.69 and is all-in
Uncalled bet ($0.64) returned to Nick.Siloff
*** FLOP *** [Qd 5c Ts]
*** TURN *** [Qd 5c Ts] [8c]
*** RIVER *** [Qd 5c Ts 8c] [2c]
*** SHOW DOWN ***
Nick.Siloff: shows [Ac Kc] (a flush, Ace high)
cby123: shows [6d 6h] (a pair of Sixes)
Nick.Siloff collected $2.74 from pot
*** SUMMARY ***
Total pot $2.84 | Rake $0.10 
Board [Qd 5c Ts 8c 2c]
Seat 1: cby123 showed [6d 6h] and lost with a pair of Sixes
Seat 2: oldguyreacts folded before Flop (didn't bet)
Seat 3: Phoebus1986 (button) folded before Flop (didn't bet)
Seat 4: Dorex2007 (small blind) folded before Flop
Seat 5: Nick.Siloff (big blind) showed [Ac Kc] and won ($2.74) with a flush, Ace high
Seat 6: ObremJunior folded before Flop
Seat 7: tokyojoe90 folded before Flop
Seat 8: tonyarena folded before Flop (didn't bet)



PokerStars Hand #226230513426:  Hold'em No Limit ($0.01/$0.02 USD) - 2021/04/26 16:39:35 PT [2021/04/26 19:39:35 ET]
Table 'Edna II' 9-max Seat #4 is the button
Seat 2: oldguyreacts ($4.98 in chips) 
Seat 3: Phoebus1986 ($2.17 in chips) 
Seat 4: Dorex2007 ($4.41 in chips) 
Seat 5: Nick.Siloff ($3.38 in chips) 
Seat 6: ObremJunior ($1.97 in chips) 
Seat 7: tokyojoe90 ($0.77 in chips) 
Seat 8: tonyarena ($2.34 in chips) 
Nick.Siloff: posts small blind $0.01
ObremJunior: posts big blind $0.02
*** HOLE CARDS ***
Dealt to Dorex2007 [5c 4s]
tokyojoe90: folds 
cby123 leaves the table
tonyarena: folds 
oldguyreacts: folds 
Phoebus1986: folds 
Dorex2007: folds 
Nick.Siloff: folds 
Uncalled bet ($0.01) returned to ObremJunior
ObremJunior collected $0.02 from pot
ObremJunior: doesn't show hand 
*** SUMMARY ***
Total pot $0.02 | Rake $0 
Seat 2: oldguyreacts folded before Flop (didn't bet)
Seat 3: Phoebus1986 folded before Flop (didn't bet)
Seat 4: Dorex2007 (button) folded before Flop (didn't bet)
Seat 5: Nick.Siloff (small blind) folded before Flop
Seat 6: ObremJunior (big blind) collected ($0.02)
Seat 7: tokyojoe90 folded before Flop (didn't bet)
Seat 8: tonyarena folded before Flop (didn't bet)



PokerStars Hand #226230523764:  Hold'em No Limit ($0.01/$0.02 USD) - 2021/04/26 16:39:53 PT [2021/04/26 19:39:53 ET]
Table 'Edna II' 9-max Seat #5 is the button
Seat 2: oldguyreacts ($4.98 in chips) 
Seat 3: Phoebus1986 ($2.17 in chips) 
Seat 4: Dorex2007 ($4.41 in chips) 
Seat 5: Nick.Siloff ($3.37 in chips) 
Seat 6: ObremJunior ($1.98 in chips) 
Seat 7: tokyojoe90 ($0.77 in chips) 
Seat 8: tonyarena ($2.34 in chips) 
ObremJunior: posts small blind $0.01
tokyojoe90: posts big blind $0.02
*** HOLE CARDS ***
Dealt to Dorex2007 [Qs Ac]
tonyarena: calls $0.02
oldguyreacts: folds 
Phoebus1986: folds 
Dorex2007: raises $0.04 to $0.06
Nick.Siloff: folds 
ObremJunior: folds 
tokyojoe90: folds 
tonyarena: calls $0.04
*** FLOP *** [Kd Ts Jc]
tonyarena: checks 
Dorex2007: bets $0.07
frankylane joins the table at seat #1 
tonyarena: calls $0.07
*** TURN *** [Kd Ts Jc] [7h]
tonyarena: bets $0.12
Dorex2007: calls $0.12
*** RIVER *** [Kd Ts Jc 7h] [8s]
tonyarena: bets $0.14
Dorex2007: raises $0.28 to $0.42
tonyarena: folds 
Uncalled bet ($0.28) returned to Dorex2007
Dorex2007 collected $0.78 from pot
Dorex2007: doesn't show hand 
*** SUMMARY ***
Total pot $0.81 | Rake $0.03 
Board [Kd Ts Jc 7h 8s]
Seat 2: oldguyreacts folded before Flop (didn't bet)
Seat 3: Phoebus1986 folded before Flop (didn't bet)
Seat 4: Dorex2007 collected ($0.78)
Seat 5: Nick.Siloff (button) folded before Flop (didn't bet)
Seat 6: ObremJunior (small blind) folded before Flop
Seat 7: tokyojoe90 (big blind) folded before Flop
Seat 8: tonyarena folded on the River



PokerStars Hand #226230559245:  Hold'em No Limit ($0.01/$0.02 USD) - 2021/04/26 16:41:37 PT [2021/04/26 19:41:37 ET]
Table 'Edna II' 9-max Seat #6 is the button
Seat 2: oldguyreacts ($4.98 in chips) 
Seat 3: Phoebus1986 ($2.17 in chips) 
Seat 4: Dorex2007 ($4.80 in chips) 
Seat 5: Nick.Siloff ($3.37 in chips) 
Seat 6: ObremJunior ($1.97 in chips) 
Seat 7: tokyojoe90 ($0.75 in chips) 
Seat 8: tonyarena ($1.95 in chips) 
tokyojoe90: posts small blind $0.01
tonyarena: posts big blind $0.02
frankylane: sits out 
*** HOLE CARDS ***
Dealt to Dorex2007 [Ts 8h]
oldguyreacts: folds 
Phoebus1986: folds 
Dorex2007: folds 
Nick.Siloff: folds 
ObremJunior: calls $0.02
tokyojoe90: folds 
tonyarena: checks 
*** FLOP *** [7d 7h 9h]
tonyarena: checks 
ObremJunior: checks 
*** TURN *** [7d 7h 9h] [3c]
tonyarena: checks 
ObremJunior: checks 
*** RIVER *** [7d 7h 9h 3c] [4h]
tonyarena: checks 
ObremJunior: checks 
*** SHOW DOWN ***
tonyarena: shows [2s Td] (a pair of Sevens)
ObremJunior: shows [Ac Tc] (a pair of Sevens - Ace kicker)
ObremJunior collected $0.05 from pot
*** SUMMARY ***
Total pot $0.05 | Rake $0 
Board [7d 7h 9h 3c 4h]
Seat 2: oldguyreacts folded before Flop (didn't bet)
Seat 3: Phoebus1986 folded before Flop (didn't bet)
Seat 4: Dorex2007 folded before Flop (didn't bet)
Seat 5: Nick.Siloff folded before Flop (didn't bet)
Seat 6: ObremJunior (button) showed [Ac Tc] and won ($0.05) with a pair of Sevens
Seat 7: tokyojoe90 (small blind) folded before Flop
Seat 8: tonyarena (big blind) showed [2s Td] and lost with a pair of Sevens



PokerStars Hand #226230580188:  Hold'em No Limit ($0.01/$0.02 USD) - 2021/04/26 16:42:38 PT [2021/04/26 19:42:38 ET]
Table 'Edna II' 9-max Seat #7 is the button
Seat 1: frankylane ($1.60 in chips) 
Seat 2: oldguyreacts ($4.98 in chips) 
Seat 3: Phoebus1986 ($2.17 in chips) 
Seat 4: Dorex2007 ($4.80 in chips) 
Seat 5: Nick.Siloff ($3.37 in chips) 
Seat 6: ObremJunior ($2 in chips) 
Seat 7: tokyojoe90 ($0.74 in chips) 
Seat 8: tonyarena ($1.93 in chips) 
tonyarena: posts small blind $0.01
frankylane: posts big blind $0.02
*** HOLE CARDS ***
Dealt to Dorex2007 [4c 5h]
oldguyreacts: folds 
Phoebus1986: folds 
Dorex2007: folds 
Nick.Siloff: raises $0.03 to $0.05
ObremJunior: calls $0.05
tokyojoe90: calls $0.05
tonyarena: calls $0.04
frankylane: folds 
*** FLOP *** [8c Jc Td]
tonyarena: checks 
Nick.Siloff: bets $0.14
ObremJunior: folds 
tokyojoe90: raises $0.25 to $0.39
tonyarena: calls $0.39
Nick.Siloff: calls $0.25
*** TURN *** [8c Jc Td] [5s]
palmrobert60 leaves the table
tonyarena: bets $0.67
Nick.Siloff: folds 
tokyojoe90: calls $0.30 and is all-in
Uncalled bet ($0.37) returned to tonyarena
*** RIVER *** [8c Jc Td 5s] [7s]
*** SHOW DOWN ***
tonyarena: shows [Js 8s] (two pair, Jacks and Eights)
tokyojoe90: shows [9d Qd] (a straight, Eight to Queen)
tokyojoe90 cashed out the hand for $1.72 | Cash Out Fee $0.02
*** SUMMARY ***
Total pot $1.99 | Rake $0.07 
Board [8c Jc Td 5s 7s]
Seat 1: frankylane (big blind) folded before Flop
Seat 2: oldguyreacts folded before Flop (didn't bet)
Seat 3: Phoebus1986 folded before Flop (didn't bet)
Seat 4: Dorex2007 folded before Flop (didn't bet)
Seat 5: Nick.Siloff folded on the Turn
Seat 6: ObremJunior folded on the Flop
Seat 7: tokyojoe90 (button) showed [9d Qd] and won ($1.92) with a straight, Eight to Queen (pot not awarded as player cashed out)
Seat 8: tonyarena (small blind) showed [Js 8s] and lost with two pair, Jacks and Eights



PokerStars Hand #226230622213:  Hold'em No Limit ($0.01/$0.02 USD) - 2021/04/26 16:44:26 PT [2021/04/26 19:44:26 ET]
Table 'Edna II' 9-max Seat #8 is the button
Seat 1: frankylane ($1.58 in chips) 
Seat 2: oldguyreacts ($4.98 in chips) 
Seat 3: Phoebus1986 ($2.17 in chips) 
Seat 4: Dorex2007 ($4.80 in chips) 
Seat 5: Nick.Siloff ($2.93 in chips) 
Seat 6: ObremJunior ($1.95 in chips) 
Seat 7: tokyojoe90 ($1.72 in chips) 
Seat 8: tonyarena ($1.19 in chips) 
frankylane: posts small blind $0.01
oldguyreacts: posts big blind $0.02
*** HOLE CARDS ***
Dealt to Dorex2007 [6s Jd]
Phoebus1986: folds 
Dorex2007: folds 
Nick.Siloff: folds 
ObremJunior: calls $0.02
tokyojoe90: folds 
tonyarena: folds 
frankylane: calls $0.01
oldguyreacts: checks 
*** FLOP *** [As 3c 5h]
frankylane: checks 
oldguyreacts: checks 
ObremJunior: checks 
*** TURN *** [As 3c 5h] [8s]
CPS2017 joins the table at seat #9 
frankylane: checks 
oldguyreacts: checks 
ObremJunior: bets $0.02
frankylane: folds 
oldguyreacts: folds 
Uncalled bet ($0.02) returned to ObremJunior
ObremJunior collected $0.06 from pot
ObremJunior: doesn't show hand 
*** SUMMARY ***
Total pot $0.06 | Rake $0 
Board [As 3c 5h 8s]
Seat 1: frankylane (small blind) folded on the Turn
Seat 2: oldguyreacts (big blind) folded on the Turn
Seat 3: Phoebus1986 folded before Flop (didn't bet)
Seat 4: Dorex2007 folded before Flop (didn't bet)
Seat 5: Nick.Siloff folded before Flop (didn't bet)
Seat 6: ObremJunior collected ($0.06)
Seat 7: tokyojoe90 folded before Flop (didn't bet)
Seat 8: tonyarena (button) folded before Flop (didn't bet)



PokerStars Hand #226230639169:  Hold'em No Limit ($0.01/$0.02 USD) - 2021/04/26 16:45:17 PT [2021/04/26 19:45:17 ET]
Table 'Edna II' 9-max Seat #1 is the button
Seat 1: frankylane ($1.56 in chips) 
Seat 2: oldguyreacts ($4.96 in chips) 
Seat 3: Phoebus1986 ($2.17 in chips) 
Seat 4: Dorex2007 ($4.80 in chips) 
Seat 5: Nick.Siloff ($2.93 in chips) 
Seat 6: ObremJunior ($1.99 in chips) 
Seat 7: tokyojoe90 ($1.72 in chips) 
Seat 8: tonyarena ($1.19 in chips) 
Seat 9: CPS2017 ($1.60 in chips) 
oldguyreacts: posts small blind $0.01
Phoebus1986: posts big blind $0.02
CPS2017: posts big blind $0.02
*** HOLE CARDS ***
Dealt to Dorex2007 [3h Td]
Dorex2007: folds 
Nick.Siloff: folds 
ObremJunior: folds 
tokyojoe90: folds 
tonyarena: folds 
CPS2017: checks 
frankylane: folds 
oldguyreacts: folds 
Phoebus1986: checks 
*** FLOP *** [Qc Jc Ah]
Phoebus1986: checks 
CPS2017: checks 
*** TURN *** [Qc Jc Ah] [5c]
Phoebus1986: checks 
CPS2017: checks 
*** RIVER *** [Qc Jc Ah 5c] [2h]
Phoebus1986: checks 
CPS2017: checks 
*** SHOW DOWN ***
Phoebus1986: shows [6d 4c] (high card Ace)
CPS2017: shows [3d Ts] (high card Ace - Queen+Jack+Ten kicker)
CPS2017 collected $0.05 from pot
*** SUMMARY ***
Total pot $0.05 | Rake $0 
Board [Qc Jc Ah 5c 2h]
Seat 1: frankylane (button) folded before Flop (didn't bet)
Seat 2: oldguyreacts (small blind) folded before Flop
Seat 3: Phoebus1986 (big blind) showed [6d 4c] and lost with high card Ace
Seat 4: Dorex2007 folded before Flop (didn't bet)
Seat 5: Nick.Siloff folded before Flop (didn't bet)
Seat 6: ObremJunior folded before Flop (didn't bet)
Seat 7: tokyojoe90 folded before Flop (didn't bet)
Seat 8: tonyarena folded before Flop (didn't bet)
Seat 9: CPS2017 showed [3d Ts] and won ($0.05) with high card Ace



PokerStars Hand #226230650838:  Hold'em No Limit ($0.01/$0.02 USD) - 2021/04/26 16:45:52 PT [2021/04/26 19:45:52 ET]
Table 'Edna II' 9-max Seat #2 is the button
Seat 1: frankylane ($2 in chips) 
Seat 2: oldguyreacts ($4.95 in chips) 
Seat 3: Phoebus1986 ($2.15 in chips) 
Seat 4: Dorex2007 ($4.80 in chips) 
Seat 5: Nick.Siloff ($2.93 in chips) 
Seat 6: ObremJunior ($1.99 in chips) 
Seat 7: tokyojoe90 ($1.72 in chips) 
Seat 8: tonyarena ($1.19 in chips) 
Seat 9: CPS2017 ($1.63 in chips) 
Phoebus1986: posts small blind $0.01
Dorex2007: posts big blind $0.02
*** HOLE CARDS ***
Dealt to Dorex2007 [6s 9h]
Nick.Siloff: folds 
ObremJunior: calls $0.02
tokyojoe90: folds 
tonyarena: folds 
CPS2017: folds 
frankylane: folds 
oldguyreacts: folds 
Phoebus1986: folds 
Dorex2007: checks 
*** FLOP *** [4c 3c Jd]
Dorex2007: checks 
ObremJunior: checks 
*** TURN *** [4c 3c Jd] [4d]
Dorex2007: checks 
ObremJunior: checks 
*** RIVER *** [4c 3c Jd 4d] [8d]
Dorex2007: bets $0.05
ObremJunior: folds 
Uncalled bet ($0.05) returned to Dorex2007
Dorex2007 collected $0.05 from pot
Dorex2007: doesn't show hand 
*** SUMMARY ***
Total pot $0.05 | Rake $0 
Board [4c 3c Jd 4d 8d]
Seat 1: frankylane folded before Flop (didn't bet)
Seat 2: oldguyreacts (button) folded before Flop (didn't bet)
Seat 3: Phoebus1986 (small blind) folded before Flop
Seat 4: Dorex2007 (big blind) collected ($0.05)
Seat 5: Nick.Siloff folded before Flop (didn't bet)
Seat 6: ObremJunior folded on the River
Seat 7: tokyojoe90 folded before Flop (didn't bet)
Seat 8: tonyarena folded before Flop (didn't bet)
Seat 9: CPS2017 folded before Flop (didn't bet)



PokerStars Hand #226230666788:  Hold'em No Limit ($0.01/$0.02 USD) - 2021/04/26 16:46:39 PT [2021/04/26 19:46:39 ET]
Table 'Edna II' 9-max Seat #3 is the button
Seat 1: frankylane ($2 in chips) 
Seat 2: oldguyreacts ($4.95 in chips) 
Seat 3: Phoebus1986 ($2.14 in chips) 
Seat 4: Dorex2007 ($4.83 in chips) 
Seat 5: Nick.Siloff ($2.93 in chips) 
Seat 6: ObremJunior ($1.97 in chips) 
Seat 7: tokyojoe90 ($1.72 in chips) 
Seat 8: tonyarena ($1.19 in chips) 
Seat 9: CPS2017 ($1.63 in chips) 
Dorex2007: posts small blind $0.01
Nick.Siloff: posts big blind $0.02
*** HOLE CARDS ***
Dealt to Dorex2007 [9s 4c]
ObremJunior: folds 
tokyojoe90: folds 
tonyarena: folds 
CPS2017: folds 
frankylane: calls $0.02
oldguyreacts: folds 
Phoebus1986: folds 
Dorex2007: folds 
Nick.Siloff: checks 
*** FLOP *** [As Td 9c]
Nick.Siloff: checks 
frankylane: bets $0.02
Nick.Siloff: calls $0.02
*** TURN *** [As Td 9c] [Tc]
Nick.Siloff: checks 
frankylane: bets $0.02
Nick.Siloff: folds 
Uncalled bet ($0.02) returned to frankylane
frankylane collected $0.09 from pot
frankylane: doesn't show hand 
*** SUMMARY ***
Total pot $0.09 | Rake $0 
Board [As Td 9c Tc]
Seat 1: frankylane collected ($0.09)
Seat 2: oldguyreacts folded before Flop (didn't bet)
Seat 3: Phoebus1986 (button) folded before Flop (didn't bet)
Seat 4: Dorex2007 (small blind) folded before Flop
Seat 5: Nick.Siloff (big blind) folded on the Turn
Seat 6: ObremJunior folded before Flop (didn't bet)
Seat 7: tokyojoe90 folded before Flop (didn't bet)
Seat 8: tonyarena folded before Flop (didn't bet)
Seat 9: CPS2017 folded before Flop (didn't bet)



PokerStars Hand #226230680928:  Hold'em No Limit ($0.01/$0.02 USD) - 2021/04/26 16:47:22 PT [2021/04/26 19:47:22 ET]
Table 'Edna II' 9-max Seat #4 is the button
Seat 1: frankylane ($2.05 in chips) 
Seat 2: oldguyreacts ($4.95 in chips) 
Seat 3: Phoebus1986 ($2.14 in chips) 
Seat 4: Dorex2007 ($4.82 in chips) 
Seat 5: Nick.Siloff ($2.89 in chips) 
Seat 6: ObremJunior ($1.97 in chips) 
Seat 7: tokyojoe90 ($1.72 in chips) 
Seat 8: tonyarena ($1.19 in chips) 
Seat 9: CPS2017 ($1.63 in chips) 
Nick.Siloff: posts small blind $0.01
ObremJunior: posts big blind $0.02
*** HOLE CARDS ***
Dealt to Dorex2007 [3s 3c]
tokyojoe90: calls $0.02
tonyarena: raises $0.04 to $0.06
CPS2017: calls $0.06
frankylane: folds 
oldguyreacts: calls $0.06
Phoebus1986: folds 
Dorex2007: folds 
Nick.Siloff: calls $0.05
ObremJunior: calls $0.04
tokyojoe90: calls $0.04
*** FLOP *** [4h 6d Js]
Nick.Siloff: checks 
ObremJunior: bets $0.02
tokyojoe90: raises $0.02 to $0.04
tonyarena: raises $0.45 to $0.49
CPS2017: folds 
oldguyreacts: folds 
Nick.Siloff: raises $0.93 to $1.42
ObremJunior: folds 
tokyojoe90: folds 
tonyarena: calls $0.64 and is all-in
Uncalled bet ($0.29) returned to Nick.Siloff
*** TURN *** [4h 6d Js] [7h]
*** RIVER *** [4h 6d Js 7h] [2h]
*** SHOW DOWN ***
Nick.Siloff: shows [Jh Ac] (a pair of Jacks)
tonyarena: shows [Ks Jc] (a pair of Jacks - lower kicker)
Nick.Siloff collected $2.59 from pot
*** SUMMARY ***
Total pot $2.68 | Rake $0.09 
Board [4h 6d Js 7h 2h]
Seat 1: frankylane folded before Flop (didn't bet)
Seat 2: oldguyreacts folded on the Flop
Seat 3: Phoebus1986 folded before Flop (didn't bet)
Seat 4: Dorex2007 (button) folded before Flop (didn't bet)
Seat 5: Nick.Siloff (small blind) showed [Jh Ac] and won ($2.59) with a pair of Jacks
Seat 6: ObremJunior (big blind) folded on the Flop
Seat 7: tokyojoe90 folded on the Flop
Seat 8: tonyarena showed [Ks Jc] and lost with a pair of Jacks
Seat 9: CPS2017 folded on the Flop



PokerStars Hand #226230712676:  Hold'em No Limit ($0.01/$0.02 USD) - 2021/04/26 16:48:57 PT [2021/04/26 19:48:57 ET]
Table 'Edna II' 9-max Seat #5 is the button
Seat 1: frankylane ($2.05 in chips) 
Seat 2: oldguyreacts ($4.89 in chips) 
Seat 3: Phoebus1986 ($2.14 in chips) 
Seat 4: Dorex2007 ($4.82 in chips) 
Seat 5: Nick.Siloff ($4.29 in chips) 
Seat 6: ObremJunior ($1.89 in chips) 
Seat 7: tokyojoe90 ($1.62 in chips) 
Seat 9: CPS2017 ($1.57 in chips) 
ObremJunior: posts small blind $0.01
tokyojoe90: posts big blind $0.02
*** HOLE CARDS ***
Dealt to Dorex2007 [7d 5d]
CPS2017: calls $0.02
frankylane: folds 
oldguyreacts: folds 
Phoebus1986: raises $0.02 to $0.04
Dorex2007: folds 
Nick.Siloff: folds 
ObremJunior: folds 
tokyojoe90: calls $0.02
CPS2017: calls $0.02
*** FLOP *** [9s 9h 2c]
tokyojoe90: checks 
CPS2017: checks 
Phoebus1986: bets $0.07
tokyojoe90: calls $0.07
CPS2017: folds 
*** TURN *** [9s 9h 2c] [Ac]
tokyojoe90: checks 
Phoebus1986: checks 
*** RIVER *** [9s 9h 2c Ac] [4c]
tokyojoe90: bets $0.10
Phoebus1986: folds 
Uncalled bet ($0.10) returned to tokyojoe90
tokyojoe90 collected $0.26 from pot
tokyojoe90: doesn't show hand 
*** SUMMARY ***
Total pot $0.27 | Rake $0.01 
Board [9s 9h 2c Ac 4c]
Seat 1: frankylane folded before Flop (didn't bet)
Seat 2: oldguyreacts folded before Flop (didn't bet)
Seat 3: Phoebus1986 folded on the River
Seat 4: Dorex2007 folded before Flop (didn't bet)
Seat 5: Nick.Siloff (button) folded before Flop (didn't bet)
Seat 6: ObremJunior (small blind) folded before Flop
Seat 7: tokyojoe90 (big blind) collected ($0.26)
Seat 9: CPS2017 folded on the Flop



PokerStars Hand #226230731262:  Hold'em No Limit ($0.01/$0.02 USD) - 2021/04/26 16:49:54 PT [2021/04/26 19:49:54 ET]
Table 'Edna II' 9-max Seat #6 is the button
Seat 1: frankylane ($2.05 in chips) 
Seat 2: oldguyreacts ($4.89 in chips) 
Seat 3: Phoebus1986 ($2.03 in chips) 
Seat 4: Dorex2007 ($4.82 in chips) 
Seat 5: Nick.Siloff ($4.29 in chips) 
Seat 6: ObremJunior ($1.88 in chips) 
Seat 7: tokyojoe90 ($1.77 in chips) 
Seat 8: tonyarena ($2 in chips) 
Seat 9: CPS2017 ($1.53 in chips) 
tokyojoe90: posts small blind $0.01
tonyarena: posts big blind $0.02
*** HOLE CARDS ***
Dealt to Dorex2007 [Kc 9h]
CPS2017: raises $0.04 to $0.06
frankylane: folds 
oldguyreacts: folds 
Phoebus1986: folds 
Dorex2007: folds 
Nick.Siloff: folds 
ObremJunior: folds 
tokyojoe90: calls $0.05
tonyarena: calls $0.04
*** FLOP *** [Jd 6s 5c]
tokyojoe90: checks 
tonyarena: checks 
CPS2017: bets $0.10
tokyojoe90: folds 
tonyarena: folds 
Uncalled bet ($0.10) returned to CPS2017
CPS2017 collected $0.17 from pot
*** SUMMARY ***
Total pot $0.18 | Rake $0.01 
Board [Jd 6s 5c]
Seat 1: frankylane folded before Flop (didn't bet)
Seat 2: oldguyreacts folded before Flop (didn't bet)
Seat 3: Phoebus1986 folded before Flop (didn't bet)
Seat 4: Dorex2007 folded before Flop (didn't bet)
Seat 5: Nick.Siloff folded before Flop (didn't bet)
Seat 6: ObremJunior (button) folded before Flop (didn't bet)
Seat 7: tokyojoe90 (small blind) folded on the Flop
Seat 8: tonyarena (big blind) folded on the Flop
Seat 9: CPS2017 collected ($0.17)



PokerStars Hand #226230752342:  Hold'em No Limit ($0.01/$0.02 USD) - 2021/04/26 16:50:53 PT [2021/04/26 19:50:53 ET]
Table 'Edna II' 9-max Seat #7 is the button
Seat 1: frankylane ($2.05 in chips) 
Seat 2: oldguyreacts ($4.89 in chips) 
Seat 3: Phoebus1986 ($2.03 in chips) 
Seat 4: Dorex2007 ($4.82 in chips) 
Seat 5: Nick.Siloff ($4.29 in chips) 
Seat 6: ObremJunior ($1.88 in chips) 
Seat 7: tokyojoe90 ($1.71 in chips) 
Seat 8: tonyarena ($1.94 in chips) 
Seat 9: CPS2017 ($1.64 in chips) 
tonyarena: posts small blind $0.01
CPS2017: posts big blind $0.02
*** HOLE CARDS ***
Dealt to Dorex2007 [2h Th]
frankylane: folds 
oldguyreacts: folds 
Phoebus1986: folds 
Dorex2007: folds 
Nick.Siloff: folds 
ObremJunior: folds 
tokyojoe90: folds 
tonyarena: raises $0.04 to $0.06
ObremJunior leaves the table
CPS2017: folds 
Uncalled bet ($0.04) returned to tonyarena
tonyarena collected $0.04 from pot
tonyarena: doesn't show hand 
*** SUMMARY ***
Total pot $0.04 | Rake $0 
Seat 1: frankylane folded before Flop (didn't bet)
Seat 2: oldguyreacts folded before Flop (didn't bet)
Seat 3: Phoebus1986 folded before Flop (didn't bet)
Seat 4: Dorex2007 folded before Flop (didn't bet)
Seat 5: Nick.Siloff folded before Flop (didn't bet)
Seat 6: ObremJunior folded before Flop (didn't bet)
Seat 7: tokyojoe90 (button) folded before Flop (didn't bet)
Seat 8: tonyarena (small blind) collected ($0.04)
Seat 9: CPS2017 (big blind) folded before Flop



PokerStars Hand #226230761873:  Hold'em No Limit ($0.01/$0.02 USD) - 2021/04/26 16:51:22 PT [2021/04/26 19:51:22 ET]
Table 'Edna II' 9-max Seat #8 is the button
Seat 1: frankylane ($2.05 in chips) 
Seat 2: oldguyreacts ($4.89 in chips) 
Seat 3: Phoebus1986 ($2.03 in chips) 
Seat 4: Dorex2007 ($4.82 in chips) 
Seat 5: Nick.Siloff ($4.29 in chips) 
Seat 7: tokyojoe90 ($1.71 in chips) 
Seat 8: tonyarena ($1.96 in chips) 
Seat 9: CPS2017 ($1.62 in chips) 
CPS2017: posts small blind $0.01
frankylane: posts big blind $0.02
*** HOLE CARDS ***
Dealt to Dorex2007 [Qh 3s]
oldguyreacts: raises $0.04 to $0.06
Phoebus1986: folds 
Dorex2007: folds 
Nick.Siloff: folds 
tokyojoe90: folds 
PetroLebedev joins the table at seat #6 
tonyarena: calls $0.06
CPS2017: folds 
frankylane: calls $0.04
*** FLOP *** [Ts Qc Td]
frankylane: checks 
oldguyreacts: checks 
tonyarena: checks 
*** TURN *** [Ts Qc Td] [4c]
frankylane: checks 
oldguyreacts: bets $0.10
tonyarena: calls $0.10
frankylane: calls $0.10
*** RIVER *** [Ts Qc Td 4c] [2s]
frankylane: checks 
oldguyreacts: checks 
tonyarena: checks 
*** SHOW DOWN ***
frankylane: shows [7c Ac] (a pair of Tens)
oldguyreacts: shows [6d 6s] (two pair, Tens and Sixes)
tonyarena: mucks hand 
oldguyreacts collected $0.47 from pot
*** SUMMARY ***
Total pot $0.49 | Rake $0.02 
Board [Ts Qc Td 4c 2s]
Seat 1: frankylane (big blind) showed [7c Ac] and lost with a pair of Tens
Seat 2: oldguyreacts showed [6d 6s] and won ($0.47) with two pair, Tens and Sixes
Seat 3: Phoebus1986 folded before Flop (didn't bet)
Seat 4: Dorex2007 folded before Flop (didn't bet)
Seat 5: Nick.Siloff folded before Flop (didn't bet)
Seat 7: tokyojoe90 folded before Flop (didn't bet)
Seat 8: tonyarena (button) mucked [Ah Js]
Seat 9: CPS2017 (small blind) folded before Flop



PokerStars Hand #226230786401:  Hold'em No Limit ($0.01/$0.02 USD) - 2021/04/26 16:52:37 PT [2021/04/26 19:52:37 ET]
Table 'Edna II' 9-max Seat #9 is the button
Seat 1: frankylane ($1.89 in chips) 
Seat 2: oldguyreacts ($5.20 in chips) 
Seat 3: Phoebus1986 ($2.03 in chips) 
Seat 4: Dorex2007 ($4.82 in chips) 
Seat 5: Nick.Siloff ($4.29 in chips) 
Seat 7: tokyojoe90 ($1.71 in chips) 
Seat 8: tonyarena ($1.80 in chips) 
Seat 9: CPS2017 ($1.61 in chips) 
frankylane: posts small blind $0.01
oldguyreacts: posts big blind $0.02
PetroLebedev: sits out 
*** HOLE CARDS ***
Dealt to Dorex2007 [4c 6c]
Phoebus1986: folds 
Dorex2007: folds 
Nick.Siloff: folds 
tokyojoe90: folds 
tonyarena: raises $0.04 to $0.06
CPS2017: folds 
frankylane: calls $0.05
oldguyreacts: folds 
*** FLOP *** [4d 9s 4h]
frankylane: bets $0.07
tonyarena: folds 
Uncalled bet ($0.07) returned to frankylane
frankylane collected $0.14 from pot
frankylane: doesn't show hand 
*** SUMMARY ***
Total pot $0.14 | Rake $0 
Board [4d 9s 4h]
Seat 1: frankylane (small blind) collected ($0.14)
Seat 2: oldguyreacts (big blind) folded before Flop
Seat 3: Phoebus1986 folded before Flop (didn't bet)
Seat 4: Dorex2007 folded before Flop (didn't bet)
Seat 5: Nick.Siloff folded before Flop (didn't bet)
Seat 7: tokyojoe90 folded before Flop (didn't bet)
Seat 8: tonyarena folded on the Flop
Seat 9: CPS2017 (button) folded before Flop (didn't bet)



PokerStars Hand #226230797298:  Hold'em No Limit ($0.01/$0.02 USD) - 2021/04/26 16:53:11 PT [2021/04/26 19:53:11 ET]
Table 'Edna II' 9-max Seat #1 is the button
Seat 1: frankylane ($1.97 in chips) 
Seat 2: oldguyreacts ($5.18 in chips) 
Seat 3: Phoebus1986 ($2.03 in chips) 
Seat 4: Dorex2007 ($4.82 in chips) 
Seat 5: Nick.Siloff ($4.29 in chips) 
Seat 7: tokyojoe90 ($1.71 in chips) 
Seat 8: tonyarena ($1.74 in chips) 
Seat 9: CPS2017 ($1.61 in chips) 
oldguyreacts: posts small blind $0.01
Phoebus1986: posts big blind $0.02
PetroLebedev: sits out 
*** HOLE CARDS ***
Dealt to Dorex2007 [2c 4d]
Dorex2007: folds 
Nick.Siloff: raises $0.02 to $0.04
tokyojoe90: folds 
tonyarena: folds 
CPS2017: folds 
frankylane: folds 
oldguyreacts: folds 
Phoebus1986: folds 
Uncalled bet ($0.02) returned to Nick.Siloff
Nick.Siloff collected $0.05 from pot
Nick.Siloff: doesn't show hand 
*** SUMMARY ***
Total pot $0.05 | Rake $0 
Seat 1: frankylane (button) folded before Flop (didn't bet)
Seat 2: oldguyreacts (small blind) folded before Flop
Seat 3: Phoebus1986 (big blind) folded before Flop
Seat 4: Dorex2007 folded before Flop (didn't bet)
Seat 5: Nick.Siloff collected ($0.05)
Seat 7: tokyojoe90 folded before Flop (didn't bet)
Seat 8: tonyarena folded before Flop (didn't bet)
Seat 9: CPS2017 folded before Flop (didn't bet)



PokerStars Hand #226230808862:  Hold'em No Limit ($0.01/$0.02 USD) - 2021/04/26 16:53:47 PT [2021/04/26 19:53:47 ET]
Table 'Edna II' 9-max Seat #2 is the button
Seat 1: frankylane ($1.97 in chips) 
Seat 2: oldguyreacts ($5.17 in chips) 
Seat 3: Phoebus1986 ($2.01 in chips) 
Seat 4: Dorex2007 ($4.82 in chips) 
Seat 5: Nick.Siloff ($4.32 in chips) 
Seat 7: tokyojoe90 ($1.71 in chips) 
Seat 8: tonyarena ($1.74 in chips) 
Seat 9: CPS2017 ($1.61 in chips) 
Phoebus1986: posts small blind $0.01
Dorex2007: posts big blind $0.02
PetroLebedev: sits out 
*** HOLE CARDS ***
Dealt to Dorex2007 [Qs 6h]
Nick.Siloff: raises $0.02 to $0.04
tokyojoe90: folds 
tonyarena: raises $0.02 to $0.06
CPS2017: folds 
frankylane: folds 
oldguyreacts: folds 
Phoebus1986: folds 
Dorex2007: folds 
Nick.Siloff: calls $0.02
*** FLOP *** [Jc Qh Kh]
Nick.Siloff: checks 
tonyarena: bets $0.12
Nick.Siloff: calls $0.12
*** TURN *** [Jc Qh Kh] [5c]
Nick.Siloff: checks 
tonyarena: checks 
*** RIVER *** [Jc Qh Kh 5c] [5d]
Nick.Siloff: bets $0.25
tonyarena: folds 
Uncalled bet ($0.25) returned to Nick.Siloff
Nick.Siloff collected $0.38 from pot
Nick.Siloff: doesn't show hand 
*** SUMMARY ***
Total pot $0.39 | Rake $0.01 
Board [Jc Qh Kh 5c 5d]
Seat 1: frankylane folded before Flop (didn't bet)
Seat 2: oldguyreacts (button) folded before Flop (didn't bet)
Seat 3: Phoebus1986 (small blind) folded before Flop
Seat 4: Dorex2007 (big blind) folded before Flop
Seat 5: Nick.Siloff collected ($0.38)
Seat 7: tokyojoe90 folded before Flop (didn't bet)
Seat 8: tonyarena folded on the River
Seat 9: CPS2017 folded before Flop (didn't bet)



PokerStars Hand #226230842299:  Hold'em No Limit ($0.01/$0.02 USD) - 2021/04/26 16:55:00 PT [2021/04/26 19:55:00 ET]
Table 'Edna II' 9-max Seat #3 is the button
Seat 1: frankylane ($1.97 in chips) 
Seat 2: oldguyreacts ($5.17 in chips) 
Seat 3: Phoebus1986 ($2 in chips) 
Seat 4: Dorex2007 ($4.80 in chips) 
Seat 5: Nick.Siloff ($4.52 in chips) 
Seat 7: tokyojoe90 ($1.71 in chips) 
Seat 8: tonyarena ($1.56 in chips) 
Seat 9: CPS2017 ($1.61 in chips) 
Dorex2007: posts small blind $0.01
Nick.Siloff: posts big blind $0.02
PetroLebedev: sits out 
*** HOLE CARDS ***
Dealt to Dorex2007 [Qh Js]
tokyojoe90: folds 
tonyarena: folds 
CPS2017: calls $0.02
frankylane: folds 
oldguyreacts: raises $0.06 to $0.08
Phoebus1986: folds 
Dorex2007: folds 
Nick.Siloff: folds 
CPS2017: calls $0.06
*** FLOP *** [Ah Qs Qd]
CPS2017: checks 
oldguyreacts: checks 
*** TURN *** [Ah Qs Qd] [6c]
CPS2017: bets $0.10
oldguyreacts: folds 
Uncalled bet ($0.10) returned to CPS2017
CPS2017 collected $0.18 from pot
*** SUMMARY ***
Total pot $0.19 | Rake $0.01 
Board [Ah Qs Qd 6c]
Seat 1: frankylane folded before Flop (didn't bet)
Seat 2: oldguyreacts folded on the Turn
Seat 3: Phoebus1986 (button) folded before Flop (didn't bet)
Seat 4: Dorex2007 (small blind) folded before Flop
Seat 5: Nick.Siloff (big blind) folded before Flop
Seat 7: tokyojoe90 folded before Flop (didn't bet)
Seat 8: tonyarena folded before Flop (didn't bet)
Seat 9: CPS2017 collected ($0.18)



PokerStars Hand #226230863311:  Hold'em No Limit ($0.01/$0.02 USD) - 2021/04/26 16:56:06 PT [2021/04/26 19:56:06 ET]
Table 'Edna II' 9-max Seat #4 is the button
Seat 1: frankylane ($1.97 in chips) 
Seat 2: oldguyreacts ($5.09 in chips) 
Seat 3: Phoebus1986 ($2 in chips) 
Seat 4: Dorex2007 ($4.79 in chips) 
Seat 5: Nick.Siloff ($4.50 in chips) 
Seat 6: PetroLebedev ($1.19 in chips) 
Seat 7: tokyojoe90 ($1.71 in chips) 
Seat 8: tonyarena ($1.56 in chips) 
Seat 9: CPS2017 ($1.71 in chips) 
Nick.Siloff: posts small blind $0.01
PetroLebedev: posts big blind $0.02
*** HOLE CARDS ***
Dealt to Dorex2007 [Jc 7h]
tokyojoe90: folds 
tokyojoe90 leaves the table
tonyarena: folds 
CPS2017: folds 
frankylane: folds 
oldguyreacts: folds 
Phoebus1986: folds 
Dorex2007: folds 
Nick.Siloff: raises $0.06 to $0.08
PetroLebedev: raises $1.11 to $1.19 and is all-in
Nick.Siloff: folds 
Uncalled bet ($1.11) returned to PetroLebedev
PetroLebedev collected $0.16 from pot
PetroLebedev: doesn't show hand 
*** SUMMARY ***
Total pot $0.16 | Rake $0 
Seat 1: frankylane folded before Flop (didn't bet)
Seat 2: oldguyreacts folded before Flop (didn't bet)
Seat 3: Phoebus1986 folded before Flop (didn't bet)
Seat 4: Dorex2007 (button) folded before Flop (didn't bet)
Seat 5: Nick.Siloff (small blind) folded before Flop
Seat 6: PetroLebedev (big blind) collected ($0.16)
Seat 7: tokyojoe90 folded before Flop (didn't bet)
Seat 8: tonyarena folded before Flop (didn't bet)
Seat 9: CPS2017 folded before Flop (didn't bet)



PokerStars Hand #226230870434:  Hold'em No Limit ($0.01/$0.02 USD) - 2021/04/26 16:56:33 PT [2021/04/26 19:56:33 ET]
Table 'Edna II' 9-max Seat #5 is the button
Seat 1: frankylane ($1.97 in chips) 
Seat 2: oldguyreacts ($5.09 in chips) 
Seat 3: Phoebus1986 ($2 in chips) 
Seat 4: Dorex2007 ($4.79 in chips) 
Seat 5: Nick.Siloff ($4.42 in chips) 
Seat 6: PetroLebedev ($1.27 in chips) 
Seat 8: tonyarena ($1.56 in chips) 
Seat 9: CPS2017 ($1.71 in chips) 
PetroLebedev: posts small blind $0.01
tonyarena: posts big blind $0.02
*** HOLE CARDS ***
Dealt to Dorex2007 [8d Qs]
CPS2017: calls $0.02
frankylane: calls $0.02
oldguyreacts: folds 
Kelaj15203 joins the table at seat #7 
Phoebus1986: raises $0.08 to $0.10
Dorex2007: folds 
Nick.Siloff: folds 
PetroLebedev: folds 
tonyarena: folds 
CPS2017: folds 
frankylane: folds 
Uncalled bet ($0.08) returned to Phoebus1986
Phoebus1986 collected $0.09 from pot
Phoebus1986: doesn't show hand 
*** SUMMARY ***
Total pot $0.09 | Rake $0 
Seat 1: frankylane folded before Flop
Seat 2: oldguyreacts folded before Flop (didn't bet)
Seat 3: Phoebus1986 collected ($0.09)
Seat 4: Dorex2007 folded before Flop (didn't bet)
Seat 5: Nick.Siloff (button) folded before Flop (didn't bet)
Seat 6: PetroLebedev (small blind) folded before Flop
Seat 8: tonyarena (big blind) folded before Flop
Seat 9: CPS2017 folded before Flop



PokerStars Hand #226230879275:  Hold'em No Limit ($0.01/$0.02 USD) - 2021/04/26 16:57:07 PT [2021/04/26 19:57:07 ET]
Table 'Edna II' 9-max Seat #6 is the button
Seat 1: frankylane ($1.95 in chips) 
Seat 2: oldguyreacts ($5.09 in chips) 
Seat 3: Phoebus1986 ($2.07 in chips) 
Seat 4: Dorex2007 ($4.79 in chips) 
Seat 5: Nick.Siloff ($4.42 in chips) 
Seat 6: PetroLebedev ($1.26 in chips) 
Seat 8: tonyarena ($1.54 in chips) 
Seat 9: CPS2017 ($1.69 in chips) 
tonyarena: posts small blind $0.01
CPS2017: posts big blind $0.02
*** HOLE CARDS ***
Dealt to Dorex2007 [6d 3s]
frankylane: folds 
oldguyreacts: folds 
Phoebus1986: raises $0.03 to $0.05
Dorex2007: folds 
Nick.Siloff: folds 
PetroLebedev: folds 
tonyarena: folds 
CPS2017: calls $0.03
*** FLOP *** [Ks 7h Jc]
CPS2017: checks 
Phoebus1986: bets $0.08
CPS2017: calls $0.08
*** TURN *** [Ks 7h Jc] [5h]
CPS2017: checks 
Phoebus1986: checks 
*** RIVER *** [Ks 7h Jc 5h] [Kc]
CPS2017: bets $0.06
Phoebus1986: raises $0.19 to $0.25
CPS2017: calls $0.19
*** SHOW DOWN ***
Phoebus1986: shows [Kd 9d] (three of a kind, Kings)
CPS2017: mucks hand 
Phoebus1986 collected $0.74 from pot
*** SUMMARY ***
Total pot $0.77 | Rake $0.03 
Board [Ks 7h Jc 5h Kc]
Seat 1: frankylane folded before Flop (didn't bet)
Seat 2: oldguyreacts folded before Flop (didn't bet)
Seat 3: Phoebus1986 showed [Kd 9d] and won ($0.74) with three of a kind, Kings
Seat 4: Dorex2007 folded before Flop (didn't bet)
Seat 5: Nick.Siloff folded before Flop (didn't bet)
Seat 6: PetroLebedev (button) folded before Flop (didn't bet)
Seat 8: tonyarena (small blind) folded before Flop
Seat 9: CPS2017 (big blind) mucked [4h Kh]



PokerStars Hand #226230894208:  Hold'em No Limit ($0.01/$0.02 USD) - 2021/04/26 16:58:04 PT [2021/04/26 19:58:04 ET]
Table 'Edna II' 9-max Seat #8 is the button
Seat 1: frankylane ($1.95 in chips) 
Seat 2: oldguyreacts ($5.09 in chips) 
Seat 3: Phoebus1986 ($2.43 in chips) 
Seat 4: Dorex2007 ($4.79 in chips) 
Seat 5: Nick.Siloff ($4.42 in chips) 
Seat 6: PetroLebedev ($1.26 in chips) 
Seat 8: tonyarena ($1.53 in chips) 
Seat 9: CPS2017 ($1.31 in chips) 
CPS2017: posts small blind $0.01
frankylane: posts big blind $0.02
Kelaj15203: sits out 
*** HOLE CARDS ***
Dealt to Dorex2007 [4d 3s]
oldguyreacts: folds 
Phoebus1986: folds 
Dorex2007: folds 
Nick.Siloff: folds 
PetroLebedev: raises $0.02 to $0.04
tonyarena: calls $0.04
CPS2017: folds 
frankylane: folds 
*** FLOP *** [Ac 8d 2d]
PetroLebedev: checks 
tonyarena: bets $0.10
PetroLebedev: folds 
Uncalled bet ($0.10) returned to tonyarena
tonyarena collected $0.11 from pot
tonyarena: doesn't show hand 
*** SUMMARY ***
Total pot $0.11 | Rake $0 
Board [Ac 8d 2d]
Seat 1: frankylane (big blind) folded before Flop
Seat 2: oldguyreacts folded before Flop (didn't bet)
Seat 3: Phoebus1986 folded before Flop (didn't bet)
Seat 4: Dorex2007 folded before Flop (didn't bet)
Seat 5: Nick.Siloff folded before Flop (didn't bet)
Seat 6: PetroLebedev folded on the Flop
Seat 8: tonyarena (button) collected ($0.11)
Seat 9: CPS2017 (small blind) folded before Flop



PokerStars Hand #226230906540:  Hold'em No Limit ($0.01/$0.02 USD) - 2021/04/26 16:58:51 PT [2021/04/26 19:58:51 ET]
Table 'Edna II' 9-max Seat #9 is the button
Seat 1: frankylane ($1.93 in chips) 
Seat 2: oldguyreacts ($5.09 in chips) 
Seat 3: Phoebus1986 ($2.43 in chips) 
Seat 4: Dorex2007 ($4.79 in chips) 
Seat 5: Nick.Siloff ($4.42 in chips) 
Seat 6: PetroLebedev ($1.22 in chips) 
Seat 8: tonyarena ($1.60 in chips) 
Seat 9: CPS2017 ($1.30 in chips) 
frankylane: posts small blind $0.01
oldguyreacts: posts big blind $0.02
Kelaj15203: sits out 
*** HOLE CARDS ***
Dealt to Dorex2007 [Ts 8c]
Phoebus1986: folds 
Dorex2007: folds 
Nick.Siloff: folds 
PetroLebedev: folds 
tonyarena: folds 
CPS2017: raises $0.04 to $0.06
frankylane: folds 
oldguyreacts: folds 
Uncalled bet ($0.04) returned to CPS2017
CPS2017 collected $0.05 from pot
*** SUMMARY ***
Total pot $0.05 | Rake $0 
Seat 1: frankylane (small blind) folded before Flop
Seat 2: oldguyreacts (big blind) folded before Flop
Seat 3: Phoebus1986 folded before Flop (didn't bet)
Seat 4: Dorex2007 folded before Flop (didn't bet)
Seat 5: Nick.Siloff folded before Flop (didn't bet)
Seat 6: PetroLebedev folded before Flop (didn't bet)
Seat 8: tonyarena folded before Flop (didn't bet)
Seat 9: CPS2017 (button) collected ($0.05)



PokerStars Hand #226230912908:  Hold'em No Limit ($0.01/$0.02 USD) - 2021/04/26 16:59:16 PT [2021/04/26 19:59:16 ET]
Table 'Edna II' 9-max Seat #1 is the button
Seat 1: frankylane ($1.92 in chips) 
Seat 2: oldguyreacts ($5.07 in chips) 
Seat 3: Phoebus1986 ($2.43 in chips) 
Seat 4: Dorex2007 ($4.79 in chips) 
Seat 5: Nick.Siloff ($4.42 in chips) 
Seat 6: PetroLebedev ($1.22 in chips) 
Seat 8: tonyarena ($1.60 in chips) 
Seat 9: CPS2017 ($1.33 in chips) 
oldguyreacts: posts small blind $0.01
Phoebus1986: posts big blind $0.02
Kelaj15203: sits out 
*** HOLE CARDS ***
Dealt to Dorex2007 [8c Kd]
Dorex2007: folds 
Nick.Siloff: folds 
PetroLebedev: folds 
tonyarena: folds 
CPS2017: folds 
frankylane: calls $0.02
oldguyreacts: folds 
Phoebus1986: checks 
*** FLOP *** [8h Ts 6d]
Phoebus1986: checks 
frankylane: bets $0.05
Phoebus1986: folds 
Uncalled bet ($0.05) returned to frankylane
frankylane collected $0.05 from pot
frankylane: doesn't show hand 
*** SUMMARY ***
Total pot $0.05 | Rake $0 
Board [8h Ts 6d]
Seat 1: frankylane (button) collected ($0.05)
Seat 2: oldguyreacts (small blind) folded before Flop
Seat 3: Phoebus1986 (big blind) folded on the Flop
Seat 4: Dorex2007 folded before Flop (didn't bet)
Seat 5: Nick.Siloff folded before Flop (didn't bet)
Seat 6: PetroLebedev folded before Flop (didn't bet)
Seat 8: tonyarena folded before Flop (didn't bet)
Seat 9: CPS2017 folded before Flop (didn't bet)



PokerStars Hand #226230923454:  Hold'em No Limit ($0.01/$0.02 USD) - 2021/04/26 16:59:56 PT [2021/04/26 19:59:56 ET]
Table 'Edna II' 9-max Seat #2 is the button
Seat 1: frankylane ($1.95 in chips) 
Seat 2: oldguyreacts ($5.06 in chips) 
Seat 3: Phoebus1986 ($2.41 in chips) 
Seat 4: Dorex2007 ($4.79 in chips) 
Seat 5: Nick.Siloff ($4.42 in chips) 
Seat 6: PetroLebedev ($1.22 in chips) 
Seat 8: tonyarena ($1.60 in chips) 
Seat 9: CPS2017 ($1.33 in chips) 
Phoebus1986: posts small blind $0.01
Dorex2007: posts big blind $0.02
Kelaj15203: sits out 
*** HOLE CARDS ***
Dealt to Dorex2007 [3h 4d]
Nick.Siloff: folds 
PetroLebedev: folds 
tonyarena: raises $0.04 to $0.06
CPS2017: calls $0.06
frankylane: folds 
oldguyreacts: folds 
Phoebus1986: folds 
Dorex2007: folds 
*** FLOP *** [Ah 7s Ts]
tonyarena: checks 
CPS2017: bets $0.06
tonyarena: calls $0.06
*** TURN *** [Ah 7s Ts] [9d]
tonyarena: checks 
CPS2017: checks 
*** RIVER *** [Ah 7s Ts 9d] [Qc]
tonyarena: bets $0.26
CPS2017: raises $0.26 to $0.52
tonyarena: calls $0.26
*** SHOW DOWN ***
CPS2017: shows [Jh Kd] (a straight, Ten to Ace)
tonyarena: shows [Jc Kc] (a straight, Ten to Ace)
tonyarena collected $0.63 from pot
CPS2017 collected $0.63 from pot
*** SUMMARY ***
Total pot $1.31 | Rake $0.05 
Board [Ah 7s Ts 9d Qc]
Seat 1: frankylane folded before Flop (didn't bet)
Seat 2: oldguyreacts (button) folded before Flop (didn't bet)
Seat 3: Phoebus1986 (small blind) folded before Flop
Seat 4: Dorex2007 (big blind) folded before Flop
Seat 5: Nick.Siloff folded before Flop (didn't bet)
Seat 6: PetroLebedev folded before Flop (didn't bet)
Seat 8: tonyarena showed [Jc Kc] and won ($0.63) with a straight, Ten to Ace
Seat 9: CPS2017 showed [Jh Kd] and won ($0.63) with a straight, Ten to Ace



PokerStars Hand #226230938703:  Hold'em No Limit ($0.01/$0.02 USD) - 2021/04/26 17:00:50 PT [2021/04/26 20:00:50 ET]
Table 'Edna II' 9-max Seat #3 is the button
Seat 1: frankylane ($1.95 in chips) 
Seat 2: oldguyreacts ($5.06 in chips) 
Seat 3: Phoebus1986 ($2.40 in chips) 
Seat 4: Dorex2007 ($4.77 in chips) 
Seat 5: Nick.Siloff ($4.42 in chips) 
Seat 6: PetroLebedev ($1.22 in chips) 
Seat 8: tonyarena ($1.59 in chips) 
Seat 9: CPS2017 ($1.32 in chips) 
Dorex2007: posts small blind $0.01
Nick.Siloff: posts big blind $0.02
Kelaj15203: sits out 
*** HOLE CARDS ***
Dealt to Dorex2007 [As 9c]
PetroLebedev: folds 
tonyarena: folds 
CPS2017: raises $0.04 to $0.06
frankylane: folds 
oldguyreacts: calls $0.06
Phoebus1986: folds 
Dorex2007: folds 
Nick.Siloff: calls $0.04
*** FLOP *** [7s 4s 4d]
Nick.Siloff: checks 
CPS2017: bets $0.18
oldguyreacts: folds 
Nick.Siloff: folds 
Uncalled bet ($0.18) returned to CPS2017
CPS2017 collected $0.18 from pot
*** SUMMARY ***
Total pot $0.19 | Rake $0.01 
Board [7s 4s 4d]
Seat 1: frankylane folded before Flop (didn't bet)
Seat 2: oldguyreacts folded on the Flop
Seat 3: Phoebus1986 (button) folded before Flop (didn't bet)
Seat 4: Dorex2007 (small blind) folded before Flop
Seat 5: Nick.Siloff (big blind) folded on the Flop
Seat 6: PetroLebedev folded before Flop (didn't bet)
Seat 8: tonyarena folded before Flop (didn't bet)
Seat 9: CPS2017 collected ($0.18)



PokerStars Hand #226230950589:  Hold'em No Limit ($0.01/$0.02 USD) - 2021/04/26 17:01:30 PT [2021/04/26 20:01:30 ET]
Table 'Edna II' 9-max Seat #4 is the button
Seat 1: frankylane ($1.95 in chips) 
Seat 2: oldguyreacts ($5 in chips) 
Seat 3: Phoebus1986 ($2.40 in chips) 
Seat 4: Dorex2007 ($4.76 in chips) 
Seat 5: Nick.Siloff ($4.36 in chips) 
Seat 6: PetroLebedev ($1.22 in chips) 
Seat 8: tonyarena ($1.59 in chips) 
Seat 9: CPS2017 ($1.44 in chips) 
Nick.Siloff: posts small blind $0.01
PetroLebedev: posts big blind $0.02
Kelaj15203: sits out 
*** HOLE CARDS ***
Dealt to Dorex2007 [Jh Ks]
tonyarena: raises $0.04 to $0.06
CPS2017: folds 
frankylane: folds 
oldguyreacts: raises $0.12 to $0.18
Phoebus1986: folds 
Dorex2007: folds 
Nick.Siloff: folds 
PetroLebedev: folds 
tonyarena: folds 
Uncalled bet ($0.12) returned to oldguyreacts
oldguyreacts collected $0.15 from pot
oldguyreacts: doesn't show hand 
*** SUMMARY ***
Total pot $0.15 | Rake $0 
Seat 1: frankylane folded before Flop (didn't bet)
Seat 2: oldguyreacts collected ($0.15)
Seat 3: Phoebus1986 folded before Flop (didn't bet)
Seat 4: Dorex2007 (button) folded before Flop (didn't bet)
Seat 5: Nick.Siloff (small blind) folded before Flop
Seat 6: PetroLebedev (big blind) folded before Flop
Seat 8: tonyarena folded before Flop
Seat 9: CPS2017 folded before Flop (didn't bet)



PokerStars Hand #226230960021:  Hold'em No Limit ($0.01/$0.02 USD) - 2021/04/26 17:02:00 PT [2021/04/26 20:02:00 ET]
Table 'Edna II' 9-max Seat #5 is the button
Seat 1: frankylane ($1.95 in chips) 
Seat 2: oldguyreacts ($5.09 in chips) 
Seat 3: Phoebus1986 ($2.40 in chips) 
Seat 4: Dorex2007 ($4.76 in chips) 
Seat 5: Nick.Siloff ($4.35 in chips) 
Seat 6: PetroLebedev ($1.20 in chips) 
Seat 7: Kelaj15203 ($2 in chips) 
Seat 8: tonyarena ($1.53 in chips) 
Seat 9: CPS2017 ($1.44 in chips) 
PetroLebedev: posts small blind $0.01
Kelaj15203: posts big blind $0.02
*** HOLE CARDS ***
Dealt to Dorex2007 [8s Jc]
tonyarena: calls $0.02
CPS2017: calls $0.02
frankylane: folds 
oldguyreacts: calls $0.02
Phoebus1986: folds 
Dorex2007: folds 
Nick.Siloff: calls $0.02
PetroLebedev: folds 
Kelaj15203: checks 
*** FLOP *** [Th Td Tc]
Kelaj15203: checks 
tonyarena: checks 
CPS2017: checks 
oldguyreacts: checks 
Nick.Siloff: checks 
*** TURN *** [Th Td Tc] [7c]
Kelaj15203: checks 
tonyarena: bets $0.12
CPS2017: folds 
oldguyreacts: folds 
Nick.Siloff: calls $0.12
Kelaj15203: folds 
*** RIVER *** [Th Td Tc 7c] [9s]
tonyarena: bets $0.28
Nick.Siloff: folds 
Uncalled bet ($0.28) returned to tonyarena
tonyarena collected $0.34 from pot
tonyarena: doesn't show hand 
*** SUMMARY ***
Total pot $0.35 | Rake $0.01 
Board [Th Td Tc 7c 9s]
Seat 1: frankylane folded before Flop (didn't bet)
Seat 2: oldguyreacts folded on the Turn
Seat 3: Phoebus1986 folded before Flop (didn't bet)
Seat 4: Dorex2007 folded before Flop (didn't bet)
Seat 5: Nick.Siloff (button) folded on the River
Seat 6: PetroLebedev (small blind) folded before Flop
Seat 7: Kelaj15203 (big blind) folded on the Turn
Seat 8: tonyarena collected ($0.34)
Seat 9: CPS2017 folded on the Turn



PokerStars Hand #226231000109:  Hold'em No Limit ($0.01/$0.02 USD) - 2021/04/26 17:04:03 PT [2021/04/26 20:04:03 ET]
Table 'Edna II' 9-max Seat #6 is the button
Seat 1: frankylane ($1.95 in chips) 
Seat 2: oldguyreacts ($5.07 in chips) 
Seat 3: Phoebus1986 ($2.40 in chips) 
Seat 4: Dorex2007 ($4.76 in chips) 
Seat 5: Nick.Siloff ($4.21 in chips) 
Seat 6: PetroLebedev ($1.19 in chips) 
Seat 7: Kelaj15203 ($2 in chips) 
Seat 8: tonyarena ($1.73 in chips) 
Seat 9: CPS2017 ($1.42 in chips) 
Kelaj15203: posts small blind $0.01
tonyarena: posts big blind $0.02
*** HOLE CARDS ***
Dealt to Dorex2007 [6h Jc]
CPS2017: folds 
frankylane: folds 
oldguyreacts: folds 
Phoebus1986: folds 
Dorex2007: folds 
Nick.Siloff: folds 
PetroLebedev: folds 
Kelaj15203: folds 
Uncalled bet ($0.01) returned to tonyarena
tonyarena collected $0.02 from pot
tonyarena: doesn't show hand 
*** SUMMARY ***
Total pot $0.02 | Rake $0 
Seat 1: frankylane folded before Flop (didn't bet)
Seat 2: oldguyreacts folded before Flop (didn't bet)
Seat 3: Phoebus1986 folded before Flop (didn't bet)
Seat 4: Dorex2007 folded before Flop (didn't bet)
Seat 5: Nick.Siloff folded before Flop (didn't bet)
Seat 6: PetroLebedev (button) folded before Flop (didn't bet)
Seat 7: Kelaj15203 (small blind) folded before Flop
Seat 8: tonyarena (big blind) collected ($0.02)
Seat 9: CPS2017 folded before Flop (didn't bet)



PokerStars Hand #226231005772:  Hold'em No Limit ($0.01/$0.02 USD) - 2021/04/26 17:04:21 PT [2021/04/26 20:04:21 ET]
Table 'Edna II' 9-max Seat #7 is the button
Seat 1: frankylane ($1.95 in chips) 
Seat 2: oldguyreacts ($5.07 in chips) 
Seat 3: Phoebus1986 ($2.40 in chips) 
Seat 4: Dorex2007 ($4.76 in chips) 
Seat 5: Nick.Siloff ($4.21 in chips) 
Seat 6: PetroLebedev ($1.19 in chips) 
Seat 7: Kelaj15203 ($2 in chips) 
Seat 8: tonyarena ($1.74 in chips) 
Seat 9: CPS2017 ($1.42 in chips) 
tonyarena: posts small blind $0.01
CPS2017: posts big blind $0.02
*** HOLE CARDS ***
Dealt to Dorex2007 [Jc Jd]
frankylane: folds 
oldguyreacts: folds 
Phoebus1986: folds 
Dorex2007: raises $0.04 to $0.06
Nick.Siloff: folds 
PetroLebedev: folds 
Kelaj15203: folds 
tonyarena: folds 
CPS2017: folds 
Uncalled bet ($0.04) returned to Dorex2007
Dorex2007 collected $0.05 from pot
Dorex2007: doesn't show hand 
*** SUMMARY ***
Total pot $0.05 | Rake $0 
Seat 1: frankylane folded before Flop (didn't bet)
Seat 2: oldguyreacts folded before Flop (didn't bet)
Seat 3: Phoebus1986 folded before Flop (didn't bet)
Seat 4: Dorex2007 collected ($0.05)
Seat 5: Nick.Siloff folded before Flop (didn't bet)
Seat 6: PetroLebedev folded before Flop (didn't bet)
Seat 7: Kelaj15203 (button) folded before Flop (didn't bet)
Seat 8: tonyarena (small blind) folded before Flop
Seat 9: CPS2017 (big blind) folded before Flop



PokerStars Hand #226231023420:  Hold'em No Limit ($0.01/$0.02 USD) - 2021/04/26 17:05:04 PT [2021/04/26 20:05:04 ET]
Table 'Edna II' 9-max Seat #8 is the button
Seat 1: frankylane ($1.95 in chips) 
Seat 2: oldguyreacts ($5.07 in chips) 
Seat 3: Phoebus1986 ($2.40 in chips) 
Seat 4: Dorex2007 ($4.79 in chips) 
Seat 5: Nick.Siloff ($4.21 in chips) 
Seat 6: PetroLebedev ($1.19 in chips) 
Seat 7: Kelaj15203 ($2 in chips) 
Seat 8: tonyarena ($1.73 in chips) 
Seat 9: CPS2017 ($1.40 in chips) 
CPS2017: posts small blind $0.01
frankylane: posts big blind $0.02
*** HOLE CARDS ***
Dealt to Dorex2007 [3c 7c]
oldguyreacts: folds 
Phoebus1986: folds 
Dorex2007: folds 
Nick.Siloff: folds 
PetroLebedev: folds 
Kelaj15203: folds 
tonyarena: folds 
CPS2017: calls $0.01
frankylane: checks 
*** FLOP *** [Jd Kd 9s]
CPS2017: checks 
frankylane: checks 
*** TURN *** [Jd Kd 9s] [6d]
CPS2017: checks 
frankylane: checks 
*** RIVER *** [Jd Kd 9s 6d] [2s]
CPS2017: checks 
frankylane: bets $0.04
CPS2017: folds 
Uncalled bet ($0.04) returned to frankylane
frankylane collected $0.04 from pot
frankylane: doesn't show hand 
*** SUMMARY ***
Total pot $0.04 | Rake $0 
Board [Jd Kd 9s 6d 2s]
Seat 1: frankylane (big blind) collected ($0.04)
Seat 2: oldguyreacts folded before Flop (didn't bet)
Seat 3: Phoebus1986 folded before Flop (didn't bet)
Seat 4: Dorex2007 folded before Flop (didn't bet)
Seat 5: Nick.Siloff folded before Flop (didn't bet)
Seat 6: PetroLebedev folded before Flop (didn't bet)
Seat 7: Kelaj15203 folded before Flop (didn't bet)
Seat 8: tonyarena (button) folded before Flop (didn't bet)
Seat 9: CPS2017 (small blind) folded on the River



PokerStars Hand #226231033452:  Hold'em No Limit ($0.01/$0.02 USD) - 2021/04/26 17:05:35 PT [2021/04/26 20:05:35 ET]
Table 'Edna II' 9-max Seat #9 is the button
Seat 1: frankylane ($1.97 in chips) 
Seat 3: Phoebus1986 ($2.40 in chips) 
Seat 4: Dorex2007 ($4.79 in chips) 
Seat 5: Nick.Siloff ($4.21 in chips) 
Seat 6: PetroLebedev ($1.19 in chips) 
Seat 7: Kelaj15203 ($2 in chips) 
Seat 8: tonyarena ($1.73 in chips) 
Seat 9: CPS2017 ($1.38 in chips) 
frankylane: posts small blind $0.01
oldguyreacts: is sitting out 
Phoebus1986: posts big blind $0.02
*** HOLE CARDS ***
Dealt to Dorex2007 [Jc Td]
Dorex2007: folds 
oldguyreacts leaves the table
Nick.Siloff: folds 
PetroLebedev: folds 
Kelaj15203: folds 
tonyarena: raises $0.06 to $0.08
CPS2017: folds 
frankylane: folds 
cala23 joins the table at seat #2 
Phoebus1986: folds 
Uncalled bet ($0.06) returned to tonyarena
tonyarena collected $0.05 from pot
tonyarena: doesn't show hand 
*** SUMMARY ***
Total pot $0.05 | Rake $0 
Seat 1: frankylane (small blind) folded before Flop
Seat 3: Phoebus1986 (big blind) folded before Flop
Seat 4: Dorex2007 folded before Flop (didn't bet)
Seat 5: Nick.Siloff folded before Flop (didn't bet)
Seat 6: PetroLebedev folded before Flop (didn't bet)
Seat 7: Kelaj15203 folded before Flop (didn't bet)
Seat 8: tonyarena collected ($0.05)
Seat 9: CPS2017 (button) folded before Flop (didn't bet)



PokerStars Hand #226231039419:  Hold'em No Limit ($0.01/$0.02 USD) - 2021/04/26 17:05:53 PT [2021/04/26 20:05:53 ET]
Table 'Edna II' 9-max Seat #1 is the button
Seat 1: frankylane ($1.96 in chips) 
Seat 3: Phoebus1986 ($2.38 in chips) 
Seat 4: Dorex2007 ($4.79 in chips) 
Seat 5: Nick.Siloff ($4.21 in chips) 
Seat 6: PetroLebedev ($1.19 in chips) 
Seat 7: Kelaj15203 ($2 in chips) 
Seat 8: tonyarena ($1.76 in chips) 
Seat 9: CPS2017 ($1.38 in chips) 
Phoebus1986: posts small blind $0.01
Dorex2007: posts big blind $0.02
*** HOLE CARDS ***
Dealt to Dorex2007 [3h 2c]
Nick.Siloff: folds 
PetroLebedev: folds 
Kelaj15203: folds 
tonyarena: folds 
CPS2017: raises $0.04 to $0.06
frankylane: folds 
Phoebus1986: folds 
Dorex2007: folds 
Uncalled bet ($0.04) returned to CPS2017
CPS2017 collected $0.05 from pot
*** SUMMARY ***
Total pot $0.05 | Rake $0 
Seat 1: frankylane (button) folded before Flop (didn't bet)
Seat 3: Phoebus1986 (small blind) folded before Flop
Seat 4: Dorex2007 (big blind) folded before Flop
Seat 5: Nick.Siloff folded before Flop (didn't bet)
Seat 6: PetroLebedev folded before Flop (didn't bet)
Seat 7: Kelaj15203 folded before Flop (didn't bet)
Seat 8: tonyarena folded before Flop (didn't bet)
Seat 9: CPS2017 collected ($0.05)



PokerStars Hand #226231046795:  Hold'em No Limit ($0.01/$0.02 USD) - 2021/04/26 17:06:16 PT [2021/04/26 20:06:16 ET]
Table 'Edna II' 9-max Seat #3 is the button
Seat 1: frankylane ($1.96 in chips) 
Seat 3: Phoebus1986 ($2.37 in chips) 
Seat 4: Dorex2007 ($4.77 in chips) 
Seat 5: Nick.Siloff ($4.21 in chips) 
Seat 6: PetroLebedev ($1.19 in chips) 
Seat 7: Kelaj15203 ($2 in chips) 
Seat 8: tonyarena ($1.76 in chips) 
Seat 9: CPS2017 ($1.41 in chips) 
Dorex2007: posts small blind $0.01
Nick.Siloff: posts big blind $0.02
cala23: sits out 
*** HOLE CARDS ***
Dealt to Dorex2007 [Tc 3c]
PetroLebedev: folds 
Kelaj15203: folds 
tonyarena: folds 
CPS2017: folds 
frankylane: folds 
Phoebus1986: raises $0.03 to $0.05
Dorex2007: folds 
Nick.Siloff: calls $0.03
*** FLOP *** [3d 5c 3h]
Nick.Siloff: checks 
Phoebus1986: bets $0.08
Nick.Siloff: calls $0.08
*** TURN *** [3d 5c 3h] [7d]
Nick.Siloff: checks 
Phoebus1986: bets $0.20
Nick.Siloff: raises $0.44 to $0.64
Phoebus1986: calls $0.44
*** RIVER *** [3d 5c 3h 7d] [8s]
Nick.Siloff: bets $1
Phoebus1986: folds 
Uncalled bet ($1) returned to Nick.Siloff
Nick.Siloff collected $1.50 from pot
Nick.Siloff: doesn't show hand 
*** SUMMARY ***
Total pot $1.55 | Rake $0.05 
Board [3d 5c 3h 7d 8s]
Seat 1: frankylane folded before Flop (didn't bet)
Seat 3: Phoebus1986 (button) folded on the River
Seat 4: Dorex2007 (small blind) folded before Flop
Seat 5: Nick.Siloff (big blind) collected ($1.50)
Seat 6: PetroLebedev folded before Flop (didn't bet)
Seat 7: Kelaj15203 folded before Flop (didn't bet)
Seat 8: tonyarena folded before Flop (didn't bet)
Seat 9: CPS2017 folded before Flop (didn't bet)



PokerStars Hand #226231064142:  Hold'em No Limit ($0.01/$0.02 USD) - 2021/04/26 17:07:10 PT [2021/04/26 20:07:10 ET]
Table 'Edna II' 9-max Seat #4 is the button
Seat 1: frankylane ($1.96 in chips) 
Seat 3: Phoebus1986 ($2 in chips) 
Seat 4: Dorex2007 ($4.76 in chips) 
Seat 5: Nick.Siloff ($4.94 in chips) 
Seat 6: PetroLebedev ($1.19 in chips) 
Seat 7: Kelaj15203 ($2 in chips) 
Seat 8: tonyarena ($1.76 in chips) 
Seat 9: CPS2017 ($1.41 in chips) 
Nick.Siloff: posts small blind $0.01
PetroLebedev: posts big blind $0.02
cala23: sits out 
*** HOLE CARDS ***
Dealt to Dorex2007 [5c 3c]
Kelaj15203: folds 
tonyarena: calls $0.02
CPS2017: folds 
frankylane: folds 
Phoebus1986: folds 
Dorex2007: folds 
Nick.Siloff: folds 
PetroLebedev: checks 
*** FLOP *** [6d As Ac]
PetroLebedev: bets $0.02
tonyarena: folds 
Uncalled bet ($0.02) returned to PetroLebedev
PetroLebedev collected $0.05 from pot
PetroLebedev: doesn't show hand 
*** SUMMARY ***
Total pot $0.05 | Rake $0 
Board [6d As Ac]
Seat 1: frankylane folded before Flop (didn't bet)
Seat 3: Phoebus1986 folded before Flop (didn't bet)
Seat 4: Dorex2007 (button) folded before Flop (didn't bet)
Seat 5: Nick.Siloff (small blind) folded before Flop
Seat 6: PetroLebedev (big blind) collected ($0.05)
Seat 7: Kelaj15203 folded before Flop (didn't bet)
Seat 8: tonyarena folded on the Flop
Seat 9: CPS2017 folded before Flop (didn't bet)



PokerStars Hand #226231077253:  Hold'em No Limit ($0.01/$0.02 USD) - 2021/04/26 17:07:51 PT [2021/04/26 20:07:51 ET]
Table 'Edna II' 9-max Seat #5 is the button
Seat 1: frankylane ($1.96 in chips) 
Seat 3: Phoebus1986 ($2 in chips) 
Seat 4: Dorex2007 ($4.76 in chips) 
Seat 5: Nick.Siloff ($4.93 in chips) 
Seat 6: PetroLebedev ($1.22 in chips) 
Seat 7: Kelaj15203 ($2 in chips) 
Seat 8: tonyarena ($1.74 in chips) 
Seat 9: CPS2017 ($1.41 in chips) 
PetroLebedev: posts small blind $0.01
Kelaj15203: posts big blind $0.02
cala23: sits out 
*** HOLE CARDS ***
Dealt to Dorex2007 [9s Ac]
tonyarena: folds 
CPS2017: folds 
frankylane: calls $0.02
Phoebus1986: raises $0.03 to $0.05
Dorex2007: folds 
Nick.Siloff: folds 
PetroLebedev: folds 
Kelaj15203: folds 
frankylane: folds 
Uncalled bet ($0.03) returned to Phoebus1986
Phoebus1986 collected $0.07 from pot
Phoebus1986: doesn't show hand 
*** SUMMARY ***
Total pot $0.07 | Rake $0 
Seat 1: frankylane folded before Flop
Seat 3: Phoebus1986 collected ($0.07)
Seat 4: Dorex2007 folded before Flop (didn't bet)
Seat 5: Nick.Siloff (button) folded before Flop (didn't bet)
Seat 6: PetroLebedev (small blind) folded before Flop
Seat 7: Kelaj15203 (big blind) folded before Flop
Seat 8: tonyarena folded before Flop (didn't bet)
Seat 9: CPS2017 folded before Flop (didn't bet)



PokerStars Hand #226231086540:  Hold'em No Limit ($0.01/$0.02 USD) - 2021/04/26 17:08:20 PT [2021/04/26 20:08:20 ET]
Table 'Edna II' 9-max Seat #6 is the button
Seat 1: frankylane ($1.94 in chips) 
Seat 3: Phoebus1986 ($2.05 in chips) 
Seat 4: Dorex2007 ($4.76 in chips) 
Seat 5: Nick.Siloff ($4.93 in chips) 
Seat 6: PetroLebedev ($1.21 in chips) 
Seat 7: Kelaj15203 ($2 in chips) 
Seat 8: tonyarena ($1.74 in chips) 
Seat 9: CPS2017 ($1.41 in chips) 
Kelaj15203: posts small blind $0.01
tonyarena: posts big blind $0.02
cala23: sits out 
*** HOLE CARDS ***
Dealt to Dorex2007 [Ac 3c]
CPS2017: folds 
frankylane: folds 
Phoebus1986: folds 
Dorex2007: raises $0.04 to $0.06
Nick.Siloff: folds 
PetroLebedev: folds 
Kelaj15203: folds 
tonyarena: folds 
Uncalled bet ($0.04) returned to Dorex2007
Dorex2007 collected $0.05 from pot
Dorex2007: doesn't show hand 
*** SUMMARY ***
Total pot $0.05 | Rake $0 
Seat 1: frankylane folded before Flop (didn't bet)
Seat 3: Phoebus1986 folded before Flop (didn't bet)
Seat 4: Dorex2007 collected ($0.05)
Seat 5: Nick.Siloff folded before Flop (didn't bet)
Seat 6: PetroLebedev (button) folded before Flop (didn't bet)
Seat 7: Kelaj15203 (small blind) folded before Flop
Seat 8: tonyarena (big blind) folded before Flop
Seat 9: CPS2017 folded before Flop (didn't bet)



PokerStars Hand #226231096151:  Hold'em No Limit ($0.01/$0.02 USD) - 2021/04/26 17:08:50 PT [2021/04/26 20:08:50 ET]
Table 'Edna II' 9-max Seat #7 is the button
Seat 1: frankylane ($1.94 in chips) 
Seat 3: Phoebus1986 ($2.05 in chips) 
Seat 4: Dorex2007 ($4.79 in chips) 
Seat 5: Nick.Siloff ($4.93 in chips) 
Seat 6: PetroLebedev ($1.21 in chips) 
Seat 7: Kelaj15203 ($2 in chips) 
Seat 8: tonyarena ($1.72 in chips) 
Seat 9: CPS2017 ($1.41 in chips) 
tonyarena: posts small blind $0.01
CPS2017: posts big blind $0.02
cala23: sits out 
*** HOLE CARDS ***
Dealt to Dorex2007 [6h 3h]
frankylane: folds 
Phoebus1986: folds 
Dorex2007: folds 
Nick.Siloff: folds 
PetroLebedev: folds 
Kelaj15203: folds 
tonyarena: folds 
Uncalled bet ($0.01) returned to CPS2017
CPS2017 collected $0.02 from pot
*** SUMMARY ***
Total pot $0.02 | Rake $0 
Seat 1: frankylane folded before Flop (didn't bet)
Seat 3: Phoebus1986 folded before Flop (didn't bet)
Seat 4: Dorex2007 folded before Flop (didn't bet)
Seat 5: Nick.Siloff folded before Flop (didn't bet)
Seat 6: PetroLebedev folded before Flop (didn't bet)
Seat 7: Kelaj15203 (button) folded before Flop (didn't bet)
Seat 8: tonyarena (small blind) folded before Flop
Seat 9: CPS2017 (big blind) collected ($0.02)



PokerStars Hand #226231104873:  Hold'em No Limit ($0.01/$0.02 USD) - 2021/04/26 17:09:17 PT [2021/04/26 20:09:17 ET]
Table 'Edna II' 9-max Seat #8 is the button
Seat 1: frankylane ($1.94 in chips) 
Seat 3: Phoebus1986 ($2.05 in chips) 
Seat 4: Dorex2007 ($4.79 in chips) 
Seat 5: Nick.Siloff ($4.93 in chips) 
Seat 6: PetroLebedev ($1.21 in chips) 
Seat 7: Kelaj15203 ($2 in chips) 
Seat 8: tonyarena ($1.71 in chips) 
Seat 9: CPS2017 ($1.42 in chips) 
CPS2017: posts small blind $0.01
frankylane: posts big blind $0.02
cala23: sits out 
*** HOLE CARDS ***
Dealt to Dorex2007 [7s Kd]
Phoebus1986: folds 
Dorex2007: folds 
Nick.Siloff: folds 
PetroLebedev: raises $0.04 to $0.06
Kelaj15203: folds 
tonyarena: calls $0.06
CPS2017: calls $0.05
frankylane: folds 
*** FLOP *** [Jd Kh 8h]
CPS2017: checks 
PetroLebedev: bets $0.02
tonyarena: calls $0.02
CPS2017: raises $0.08 to $0.10
PetroLebedev: folds 
tonyarena: calls $0.08
*** TURN *** [Jd Kh 8h] [Js]
CPS2017: checks 
tonyarena: checks 
*** RIVER *** [Jd Kh 8h Js] [6h]
CPS2017: bets $0.10
frankylane leaves the table
tonyarena: calls $0.10
grimpop_87 joins the table at seat #1 
*** SHOW DOWN ***
CPS2017: shows [Jc 8c] (a full house, Jacks full of Eights)
tonyarena: mucks hand 
CPS2017 collected $0.60 from pot
*** SUMMARY ***
Total pot $0.62 | Rake $0.02 
Board [Jd Kh 8h Js 6h]
Seat 1: frankylane (big blind) folded before Flop
Seat 3: Phoebus1986 folded before Flop (didn't bet)
Seat 4: Dorex2007 folded before Flop (didn't bet)
Seat 5: Nick.Siloff folded before Flop (didn't bet)
Seat 6: PetroLebedev folded on the Flop
Seat 7: Kelaj15203 folded before Flop (didn't bet)
Seat 8: tonyarena (button) mucked [4c 4d]
Seat 9: CPS2017 (small blind) showed [Jc 8c] and won ($0.60) with a full house, Jacks full of Eights



PokerStars Hand #226231128358:  Hold'em No Limit ($0.01/$0.02 USD) - 2021/04/26 17:10:31 PT [2021/04/26 20:10:31 ET]
Table 'Edna II' 9-max Seat #9 is the button
Seat 3: Phoebus1986 ($2.05 in chips) 
Seat 4: Dorex2007 ($4.79 in chips) 
Seat 5: Nick.Siloff ($4.93 in chips) 
Seat 6: PetroLebedev ($1.13 in chips) 
Seat 7: Kelaj15203 ($2 in chips) 
Seat 8: tonyarena ($1.45 in chips) 
Seat 9: CPS2017 ($1.76 in chips) 
Phoebus1986: posts small blind $0.01
Dorex2007: posts big blind $0.02
*** HOLE CARDS ***
Dealt to Dorex2007 [Ts 3c]
Nick.Siloff: folds 
PetroLebedev: folds 
Kelaj15203: folds 
tonyarena: raises $0.04 to $0.06
CPS2017: folds 
Phoebus1986: folds 
Dorex2007: folds 
Uncalled bet ($0.04) returned to tonyarena
tonyarena collected $0.05 from pot
tonyarena: doesn't show hand 
*** SUMMARY ***
Total pot $0.05 | Rake $0 
Seat 3: Phoebus1986 (small blind) folded before Flop
Seat 4: Dorex2007 (big blind) folded before Flop
Seat 5: Nick.Siloff folded before Flop (didn't bet)
Seat 6: PetroLebedev folded before Flop (didn't bet)
Seat 7: Kelaj15203 folded before Flop (didn't bet)
Seat 8: tonyarena collected ($0.05)
Seat 9: CPS2017 (button) folded before Flop (didn't bet)



PokerStars Hand #226231145083:  Hold'em No Limit ($0.01/$0.02 USD) - 2021/04/26 17:10:53 PT [2021/04/26 20:10:53 ET]
Table 'Edna II' 9-max Seat #3 is the button
Seat 3: Phoebus1986 ($2.04 in chips) 
Seat 4: Dorex2007 ($4.77 in chips) 
Seat 5: Nick.Siloff ($4.93 in chips) 
Seat 6: PetroLebedev ($1.13 in chips) 
Seat 7: Kelaj15203 ($2 in chips) 
Seat 8: tonyarena ($1.48 in chips) 
Seat 9: CPS2017 ($1.76 in chips) 
Dorex2007: posts small blind $0.01
Nick.Siloff: posts big blind $0.02
grimpop_87: sits out 
cala23: sits out 
*** HOLE CARDS ***
Dealt to Dorex2007 [7s Kc]
PetroLebedev: folds 
Kelaj15203: folds 
tonyarena: calls $0.02
CPS2017: calls $0.02
Phoebus1986: folds 
Dorex2007: calls $0.01
Nick.Siloff: checks 
*** FLOP *** [8c 3c 4c]
Dorex2007: checks 
Nick.Siloff: checks 
tonyarena: checks 
CPS2017: bets $0.04
Dorex2007: calls $0.04
Nick.Siloff: calls $0.04
tonyarena: folds 
*** TURN *** [8c 3c 4c] [4d]
Dorex2007: checks 
Nick.Siloff: checks 
CPS2017: checks 
*** RIVER *** [8c 3c 4c 4d] [As]
Dorex2007: bets $0.19
Nick.Siloff: calls $0.19
CPS2017: folds 
*** SHOW DOWN ***
Dorex2007: shows [7s Kc] (a pair of Fours)
Nick.Siloff: shows [Th Ac] (two pair, Aces and Fours)
Nick.Siloff collected $0.56 from pot
*** SUMMARY ***
Total pot $0.58 | Rake $0.02 
Board [8c 3c 4c 4d As]
Seat 3: Phoebus1986 (button) folded before Flop (didn't bet)
Seat 4: Dorex2007 (small blind) showed [7s Kc] and lost with a pair of Fours
Seat 5: Nick.Siloff (big blind) showed [Th Ac] and won ($0.56) with two pair, Aces and Fours
Seat 6: PetroLebedev folded before Flop (didn't bet)
Seat 7: Kelaj15203 folded before Flop (didn't bet)
Seat 8: tonyarena folded on the Flop
Seat 9: CPS2017 folded on the River



PokerStars Hand #226231166899:  Hold'em No Limit ($0.01/$0.02 USD) - 2021/04/26 17:12:02 PT [2021/04/26 20:12:02 ET]
Table 'Edna II' 9-max Seat #4 is the button
Seat 3: Phoebus1986 ($2.04 in chips) 
Seat 4: Dorex2007 ($4.52 in chips) 
Seat 5: Nick.Siloff ($5.24 in chips) 
Seat 6: PetroLebedev ($1.13 in chips) 
Seat 7: Kelaj15203 ($2 in chips) 
Seat 8: tonyarena ($1.46 in chips) 
Seat 9: CPS2017 ($1.70 in chips) 
Nick.Siloff: posts small blind $0.01
PetroLebedev: posts big blind $0.02
grimpop_87: sits out 
cala23: sits out 
*** HOLE CARDS ***
Dealt to Dorex2007 [Kd 6s]
Kelaj15203: folds 
tonyarena: folds 
CPS2017: folds 
Phoebus1986: folds 
Dorex2007: folds 
Nick.Siloff: folds 
Uncalled bet ($0.01) returned to PetroLebedev
PetroLebedev collected $0.02 from pot
PetroLebedev: doesn't show hand 
*** SUMMARY ***
Total pot $0.02 | Rake $0 
Seat 3: Phoebus1986 folded before Flop (didn't bet)
Seat 4: Dorex2007 (button) folded before Flop (didn't bet)
Seat 5: Nick.Siloff (small blind) folded before Flop
Seat 6: PetroLebedev (big blind) collected ($0.02)
Seat 7: Kelaj15203 folded before Flop (didn't bet)
Seat 8: tonyarena folded before Flop (didn't bet)
Seat 9: CPS2017 folded before Flop (didn't bet)



PokerStars Hand #226231175537:  Hold'em No Limit ($0.01/$0.02 USD) - 2021/04/26 17:12:29 PT [2021/04/26 20:12:29 ET]
Table 'Edna II' 9-max Seat #5 is the button
Seat 3: Phoebus1986 ($2.04 in chips) 
Seat 4: Dorex2007 ($4.52 in chips) 
Seat 5: Nick.Siloff ($5.23 in chips) 
Seat 6: PetroLebedev ($1.14 in chips) 
Seat 7: Kelaj15203 ($2 in chips) 
Seat 8: tonyarena ($1.46 in chips) 
Seat 9: CPS2017 ($1.70 in chips) 
PetroLebedev: posts small blind $0.01
Kelaj15203: posts big blind $0.02
grimpop_87: sits out 
cala23: sits out 
*** HOLE CARDS ***
Dealt to Dorex2007 [Kc Kd]
tonyarena: calls $0.02
CPS2017: folds 
Phoebus1986: raises $0.06 to $0.08
Dorex2007: calls $0.08
Nick.Siloff: folds 
PetroLebedev: folds 
Kelaj15203: folds 
tonyarena: calls $0.06
*** FLOP *** [Td 8c Qs]
tonyarena: checks 
Phoebus1986: checks 
Dorex2007: bets $0.26
tonyarena: folds 
Phoebus1986: calls $0.26
*** TURN *** [Td 8c Qs] [2d]
Phoebus1986: checks 
Dorex2007: bets $0.76
Phoebus1986: calls $0.76
*** RIVER *** [Td 8c Qs 2d] [Tc]
Phoebus1986: checks 
Dorex2007: bets $2.23
Phoebus1986: folds 
Uncalled bet ($2.23) returned to Dorex2007
Dorex2007 collected $2.23 from pot
Dorex2007: doesn't show hand 
*** SUMMARY ***
Total pot $2.31 | Rake $0.08 
Board [Td 8c Qs 2d Tc]
Seat 3: Phoebus1986 folded on the River
Seat 4: Dorex2007 collected ($2.23)
Seat 5: Nick.Siloff (button) folded before Flop (didn't bet)
Seat 6: PetroLebedev (small blind) folded before Flop
Seat 7: Kelaj15203 (big blind) folded before Flop
Seat 8: tonyarena folded on the Flop
Seat 9: CPS2017 folded before Flop (didn't bet)



PokerStars Hand #226231203167:  Hold'em No Limit ($0.01/$0.02 USD) - 2021/04/26 17:13:56 PT [2021/04/26 20:13:56 ET]
Table 'Edna II' 9-max Seat #6 is the button
Seat 3: Phoebus1986 ($2 in chips) 
Seat 4: Dorex2007 ($5.65 in chips) 
Seat 5: Nick.Siloff ($5.23 in chips) 
Seat 6: PetroLebedev ($1.13 in chips) 
Seat 7: Kelaj15203 ($2 in chips) 
Seat 8: tonyarena ($1.38 in chips) 
Seat 9: CPS2017 ($1.70 in chips) 
Kelaj15203: posts small blind $0.01
tonyarena: posts big blind $0.02
grimpop_87: sits out 
cala23: sits out 
*** HOLE CARDS ***
Dealt to Dorex2007 [4d Jh]
CPS2017: folds 
Phoebus1986: raises $0.03 to $0.05
Dorex2007: folds 
Nick.Siloff: calls $0.05
PetroLebedev: folds 
Kelaj15203: folds 
tonyarena: calls $0.03
*** FLOP *** [Ks Ts Th]
tonyarena: checks 
Phoebus1986: checks 
Nick.Siloff: checks 
*** TURN *** [Ks Ts Th] [Tc]
tonyarena: checks 
Phoebus1986: checks 
Nick.Siloff: checks 
*** RIVER *** [Ks Ts Th Tc] [Jc]
tonyarena: checks 
Phoebus1986: checks 
Nick.Siloff: checks 
*** SHOW DOWN ***
tonyarena: shows [9s 5s] (three of a kind, Tens)
Phoebus1986: shows [Ad 7d] (three of a kind, Tens - Ace kicker)
Nick.Siloff: shows [8s 8d] (a full house, Tens full of Eights)
Nick.Siloff collected $0.15 from pot
*** SUMMARY ***
Total pot $0.16 | Rake $0.01 
Board [Ks Ts Th Tc Jc]
Seat 3: Phoebus1986 showed [Ad 7d] and lost with three of a kind, Tens
Seat 4: Dorex2007 folded before Flop (didn't bet)
Seat 5: Nick.Siloff showed [8s 8d] and won ($0.15) with a full house, Tens full of Eights
Seat 6: PetroLebedev (button) folded before Flop (didn't bet)
Seat 7: Kelaj15203 (small blind) folded before Flop
Seat 8: tonyarena (big blind) showed [9s 5s] and lost with three of a kind, Tens
Seat 9: CPS2017 folded before Flop (didn't bet)



PokerStars Hand #226231218683:  Hold'em No Limit ($0.01/$0.02 USD) - 2021/04/26 17:14:45 PT [2021/04/26 20:14:45 ET]
Table 'Edna II' 9-max Seat #7 is the button
Seat 3: Phoebus1986 ($2 in chips) 
Seat 4: Dorex2007 ($5.65 in chips) 
Seat 5: Nick.Siloff ($5.33 in chips) 
Seat 6: PetroLebedev ($1.13 in chips) 
Seat 7: Kelaj15203 ($2 in chips) 
Seat 8: tonyarena ($1.33 in chips) 
Seat 9: CPS2017 ($1.70 in chips) 
tonyarena: posts small blind $0.01
CPS2017: posts big blind $0.02
grimpop_87: sits out 
cala23: sits out 
*** HOLE CARDS ***
Dealt to Dorex2007 [4d 9h]
Phoebus1986: folds 
Dorex2007: folds 
Nick.Siloff: folds 
PetroLebedev: raises $0.02 to $0.04
Kelaj15203: folds 
tonyarena: folds 
CPS2017: folds 
Uncalled bet ($0.02) returned to PetroLebedev
PetroLebedev collected $0.05 from pot
PetroLebedev: doesn't show hand 
*** SUMMARY ***
Total pot $0.05 | Rake $0 
Seat 3: Phoebus1986 folded before Flop (didn't bet)
Seat 4: Dorex2007 folded before Flop (didn't bet)
Seat 5: Nick.Siloff folded before Flop (didn't bet)
Seat 6: PetroLebedev collected ($0.05)
Seat 7: Kelaj15203 (button) folded before Flop (didn't bet)
Seat 8: tonyarena (small blind) folded before Flop
Seat 9: CPS2017 (big blind) folded before Flop



PokerStars Hand #226231228987:  Hold'em No Limit ($0.01/$0.02 USD) - 2021/04/26 17:15:18 PT [2021/04/26 20:15:18 ET]
Table 'Edna II' 9-max Seat #8 is the button
Seat 1: grimpop_87 ($2 in chips) 
Seat 3: Phoebus1986 ($2 in chips) 
Seat 4: Dorex2007 ($5.65 in chips) 
Seat 5: Nick.Siloff ($5.33 in chips) 
Seat 6: PetroLebedev ($1.16 in chips) 
Seat 7: Kelaj15203 ($2 in chips) 
Seat 8: tonyarena ($1.32 in chips) 
Seat 9: CPS2017 ($1.68 in chips) 
CPS2017: posts small blind $0.01
grimpop_87: posts big blind $0.02
cala23: sits out 
*** HOLE CARDS ***
Dealt to Dorex2007 [4h Ts]
Phoebus1986: folds 
Dorex2007: folds 
Nick.Siloff: folds 
PetroLebedev: calls $0.02
Kelaj15203: folds 
tonyarena: folds 
CPS2017: calls $0.01
grimpop_87: checks 
*** FLOP *** [2d Kd Qs]
CPS2017: checks 
grimpop_87: checks 
PetroLebedev: checks 
*** TURN *** [2d Kd Qs] [Kh]
CPS2017: checks 
grimpop_87: checks 
PetroLebedev: checks 
*** RIVER *** [2d Kd Qs Kh] [Tc]
CPS2017: checks 
grimpop_87: checks 
PetroLebedev: checks 
*** SHOW DOWN ***
CPS2017: shows [9h 7s] (a pair of Kings)
grimpop_87: mucks hand 
PetroLebedev: shows [8d Ad] (a pair of Kings - Ace kicker)
PetroLebedev collected $0.06 from pot
*** SUMMARY ***
Total pot $0.06 | Rake $0 
Board [2d Kd Qs Kh Tc]
Seat 1: grimpop_87 (big blind) mucked [8s 5c]
Seat 3: Phoebus1986 folded before Flop (didn't bet)
Seat 4: Dorex2007 folded before Flop (didn't bet)
Seat 5: Nick.Siloff folded before Flop (didn't bet)
Seat 6: PetroLebedev showed [8d Ad] and won ($0.06) with a pair of Kings
Seat 7: Kelaj15203 folded before Flop (didn't bet)
Seat 8: tonyarena (button) folded before Flop (didn't bet)
Seat 9: CPS2017 (small blind) showed [9h 7s] and lost with a pair of Kings



PokerStars Hand #226231246810:  Hold'em No Limit ($0.01/$0.02 USD) - 2021/04/26 17:16:14 PT [2021/04/26 20:16:14 ET]
Table 'Edna II' 9-max Seat #9 is the button
Seat 1: grimpop_87 ($2 in chips) 
Seat 2: cala23 ($0.80 in chips) 
Seat 3: Phoebus1986 ($2 in chips) 
Seat 4: Dorex2007 ($5.65 in chips) 
Seat 5: Nick.Siloff ($5.33 in chips) 
Seat 6: PetroLebedev ($1.20 in chips) 
Seat 7: Kelaj15203 ($2 in chips) 
Seat 8: tonyarena ($1.32 in chips) 
Seat 9: CPS2017 ($1.66 in chips) 
grimpop_87: posts small blind $0.01
cala23: posts big blind $0.02
*** HOLE CARDS ***
Dealt to Dorex2007 [8s 8c]
Phoebus1986: folds 
Dorex2007: raises $0.04 to $0.06
Nick.Siloff: folds 
PetroLebedev: folds 
Kelaj15203: folds 
tonyarena: calls $0.06
CPS2017: calls $0.06
grimpop_87: folds 
cala23: calls $0.04
*** FLOP *** [4d 7c 2h]
cala23: checks 
Dorex2007: bets $0.30
tonyarena: folds 
CPS2017: folds 
cala23: folds 
Uncalled bet ($0.30) returned to Dorex2007
Dorex2007 collected $0.24 from pot
Dorex2007: doesn't show hand 
*** SUMMARY ***
Total pot $0.25 | Rake $0.01 
Board [4d 7c 2h]
Seat 1: grimpop_87 (small blind) folded before Flop
Seat 2: cala23 (big blind) folded on the Flop
Seat 3: Phoebus1986 folded before Flop (didn't bet)
Seat 4: Dorex2007 collected ($0.24)
Seat 5: Nick.Siloff folded before Flop (didn't bet)
Seat 6: PetroLebedev folded before Flop (didn't bet)
Seat 7: Kelaj15203 folded before Flop (didn't bet)
Seat 8: tonyarena folded on the Flop
Seat 9: CPS2017 (button) folded on the Flop



PokerStars Hand #226231266601:  Hold'em No Limit ($0.01/$0.02 USD) - 2021/04/26 17:17:17 PT [2021/04/26 20:17:17 ET]
Table 'Edna II' 9-max Seat #1 is the button
Seat 1: grimpop_87 ($2 in chips) 
Seat 2: cala23 ($0.74 in chips) 
Seat 3: Phoebus1986 ($2 in chips) 
Seat 4: Dorex2007 ($5.83 in chips) 
Seat 5: Nick.Siloff ($5.33 in chips) 
Seat 6: PetroLebedev ($1.20 in chips) 
Seat 7: Kelaj15203 ($2 in chips) 
Seat 8: tonyarena ($1.26 in chips) 
Seat 9: CPS2017 ($1.60 in chips) 
cala23: posts small blind $0.01
Phoebus1986: posts big blind $0.02
*** HOLE CARDS ***
Dealt to Dorex2007 [9s Kd]
Dorex2007: folds 
Nick.Siloff: folds 
PetroLebedev: folds 
Kelaj15203: folds 
tonyarena: folds 
CPS2017: folds 
grimpop_87: folds 
cala23: calls $0.01
Phoebus1986: checks 
*** FLOP *** [8d Kc 3c]
cala23: checks 
Phoebus1986: checks 
*** TURN *** [8d Kc 3c] [Ac]
cala23: bets $0.04
Phoebus1986: folds 
Uncalled bet ($0.04) returned to cala23
cala23 collected $0.04 from pot
cala23: doesn't show hand 
*** SUMMARY ***
Total pot $0.04 | Rake $0 
Board [8d Kc 3c Ac]
Seat 1: grimpop_87 (button) folded before Flop (didn't bet)
Seat 2: cala23 (small blind) collected ($0.04)
Seat 3: Phoebus1986 (big blind) folded on the Turn
Seat 4: Dorex2007 folded before Flop (didn't bet)
Seat 5: Nick.Siloff folded before Flop (didn't bet)
Seat 6: PetroLebedev folded before Flop (didn't bet)
Seat 7: Kelaj15203 folded before Flop (didn't bet)
Seat 8: tonyarena folded before Flop (didn't bet)
Seat 9: CPS2017 folded before Flop (didn't bet)



PokerStars Hand #226231284770:  Hold'em No Limit ($0.01/$0.02 USD) - 2021/04/26 17:18:14 PT [2021/04/26 20:18:14 ET]
Table 'Edna II' 9-max Seat #2 is the button
Seat 1: grimpop_87 ($2 in chips) 
Seat 2: cala23 ($0.76 in chips) 
Seat 3: Phoebus1986 ($2 in chips) 
Seat 4: Dorex2007 ($5.83 in chips) 
Seat 5: Nick.Siloff ($5.33 in chips) 
Seat 6: PetroLebedev ($1.20 in chips) 
Seat 7: Kelaj15203 ($2 in chips) 
Seat 8: tonyarena ($1.26 in chips) 
Seat 9: CPS2017 ($1.60 in chips) 
Phoebus1986: posts small blind $0.01
Dorex2007: posts big blind $0.02
*** HOLE CARDS ***
Dealt to Dorex2007 [3s Tc]
Nick.Siloff: folds 
PetroLebedev: folds 
Kelaj15203: folds 
tonyarena: calls $0.02
CPS2017: calls $0.02
grimpop_87: folds 
cala23: folds 
Phoebus1986: raises $0.18 to $0.20
Dorex2007: folds 
tonyarena: folds 
CPS2017: folds 
Uncalled bet ($0.18) returned to Phoebus1986
Phoebus1986 collected $0.08 from pot
Phoebus1986: doesn't show hand 
*** SUMMARY ***
Total pot $0.08 | Rake $0 
Seat 1: grimpop_87 folded before Flop (didn't bet)
Seat 2: cala23 (button) folded before Flop (didn't bet)
Seat 3: Phoebus1986 (small blind) collected ($0.08)
Seat 4: Dorex2007 (big blind) folded before Flop
Seat 5: Nick.Siloff folded before Flop (didn't bet)
Seat 6: PetroLebedev folded before Flop (didn't bet)
Seat 7: Kelaj15203 folded before Flop (didn't bet)
Seat 8: tonyarena folded before Flop
Seat 9: CPS2017 folded before Flop



PokerStars Hand #226231299738:  Hold'em No Limit ($0.01/$0.02 USD) - 2021/04/26 17:19:02 PT [2021/04/26 20:19:02 ET]
Table 'Edna II' 9-max Seat #3 is the button
Seat 1: grimpop_87 ($2 in chips) 
Seat 2: cala23 ($0.76 in chips) 
Seat 3: Phoebus1986 ($2.06 in chips) 
Seat 4: Dorex2007 ($5.81 in chips) 
Seat 5: Nick.Siloff ($5.33 in chips) 
Seat 6: PetroLebedev ($1.20 in chips) 
Seat 7: Kelaj15203 ($2 in chips) 
Seat 8: tonyarena ($1.24 in chips) 
Seat 9: CPS2017 ($1.58 in chips) 
Dorex2007: posts small blind $0.01
Nick.Siloff: posts big blind $0.02
*** HOLE CARDS ***
Dealt to Dorex2007 [5s Kc]
PetroLebedev: folds 
PetroLebedev leaves the table
Kelaj15203: folds 
tonyarena: raises $0.02 to $0.04
CPS2017: folds 
grimpop_87: folds 
cala23: folds 
Phoebus1986: raises $0.12 to $0.16
Dorex2007: folds 
Nick.Siloff: folds 
conorlev joins the table at seat #6 
cala23 leaves the table
tonyarena: calls $0.12
*** FLOP *** [8h Td 9c]
tonyarena: checks 
Phoebus1986: bets $0.17
tonyarena: raises $0.17 to $0.34
Phoebus1986: raises $0.51 to $0.85
tonyarena: raises $0.23 to $1.08 and is all-in
Phoebus1986: calls $0.23
*** TURN *** [8h Td 9c] [Qh]
*** RIVER *** [8h Td 9c Qh] [4c]
*** SHOW DOWN ***
tonyarena: shows [9s Ad] (a pair of Nines)
Phoebus1986: shows [As Ah] (a pair of Aces)
Phoebus1986 collected $2.42 from pot
*** SUMMARY ***
Total pot $2.51 | Rake $0.09 
Board [8h Td 9c Qh 4c]
Seat 1: grimpop_87 folded before Flop (didn't bet)
Seat 2: cala23 folded before Flop (didn't bet)
Seat 3: Phoebus1986 (button) showed [As Ah] and won ($2.42) with a pair of Aces
Seat 4: Dorex2007 (small blind) folded before Flop
Seat 5: Nick.Siloff (big blind) folded before Flop
Seat 6: PetroLebedev folded before Flop (didn't bet)
Seat 7: Kelaj15203 folded before Flop (didn't bet)
Seat 8: tonyarena showed [9s Ad] and lost with a pair of Nines
Seat 9: CPS2017 folded before Flop (didn't bet)



PokerStars Hand #226231335251:  Hold'em No Limit ($0.01/$0.02 USD) - 2021/04/26 17:20:35 PT [2021/04/26 20:20:35 ET]
Table 'Edna II' 9-max Seat #4 is the button
Seat 1: grimpop_87 ($2 in chips) 
Seat 3: Phoebus1986 ($3.24 in chips) 
Seat 4: Dorex2007 ($5.80 in chips) 
Seat 5: Nick.Siloff ($5.31 in chips) 
Seat 6: conorlev ($2 in chips) 
Seat 7: Kelaj15203 ($2 in chips) 
Seat 9: CPS2017 ($1.58 in chips) 
Nick.Siloff: posts small blind $0.01
conorlev: posts big blind $0.02
*** HOLE CARDS ***
Dealt to Dorex2007 [As 4s]
tonyarena leaves the table
Kelaj15203: folds 
CPS2017: folds 
grimpop_87: folds 
Phoebus1986: folds 
Dorex2007: raises $0.04 to $0.06
Nick.Siloff: folds 
arnar9860 joins the table at seat #2 
conorlev: calls $0.04
*** FLOP *** [2d 7h 8s]
conorlev: checks 
Dorex2007: checks 
*** TURN *** [2d 7h 8s] [5d]
conorlev: checks 
Dorex2007: checks 
*** RIVER *** [2d 7h 8s 5d] [2s]
conorlev: checks 
Dorex2007: checks 
*** SHOW DOWN ***
conorlev: shows [6d Ac] (a pair of Deuces)
Dorex2007: shows [As 4s] (a pair of Deuces)
conorlev collected $0.07 from pot
Dorex2007 collected $0.06 from pot
*** SUMMARY ***
Total pot $0.13 | Rake $0 
Board [2d 7h 8s 5d 2s]
Seat 1: grimpop_87 folded before Flop (didn't bet)
Seat 3: Phoebus1986 folded before Flop (didn't bet)
Seat 4: Dorex2007 (button) showed [As 4s] and won ($0.06) with a pair of Deuces
Seat 5: Nick.Siloff (small blind) folded before Flop
Seat 6: conorlev (big blind) showed [6d Ac] and won ($0.07) with a pair of Deuces
Seat 7: Kelaj15203 folded before Flop (didn't bet)
Seat 9: CPS2017 folded before Flop (didn't bet)



PokerStars Hand #226231349279:  Hold'em No Limit ($0.01/$0.02 USD) - 2021/04/26 17:21:19 PT [2021/04/26 20:21:19 ET]
Table 'Edna II' 9-max Seat #5 is the button
Seat 1: grimpop_87 ($2 in chips) 
Seat 2: arnar9860 ($1.60 in chips) 
Seat 3: Phoebus1986 ($3.24 in chips) 
Seat 4: Dorex2007 ($5.80 in chips) 
Seat 5: Nick.Siloff ($5.30 in chips) 
Seat 6: conorlev ($2.01 in chips) 
Seat 7: Kelaj15203 ($2 in chips) 
Seat 9: CPS2017 ($1.58 in chips) 
conorlev: posts small blind $0.01
Kelaj15203: posts big blind $0.02
arnar9860: posts big blind $0.02
*** HOLE CARDS ***
Dealt to Dorex2007 [8d Qs]
CPS2017: folds 
grimpop_87: folds 
arnar9860: checks 
Phoebus1986: folds 
Dorex2007: folds 
Nick.Siloff: calls $0.02
cgreek joins the table at seat #8 
conorlev: folds 
Kelaj15203: checks 
*** FLOP *** [4s Jh 2c]
Kelaj15203: checks 
arnar9860: checks 
Nick.Siloff: checks 
*** TURN *** [4s Jh 2c] [3c]
Kelaj15203: bets $0.04
arnar9860: calls $0.04
Nick.Siloff: calls $0.04
*** RIVER *** [4s Jh 2c 3c] [8c]
Kelaj15203: checks 
arnar9860: checks 
Nick.Siloff: bets $0.09
Kelaj15203: calls $0.09
arnar9860: folds 
*** SHOW DOWN ***
Nick.Siloff: shows [4h 4c] (three of a kind, Fours)
Kelaj15203: mucks hand 
Nick.Siloff collected $0.36 from pot
*** SUMMARY ***
Total pot $0.37 | Rake $0.01 
Board [4s Jh 2c 3c 8c]
Seat 1: grimpop_87 folded before Flop (didn't bet)
Seat 2: arnar9860 folded on the River
Seat 3: Phoebus1986 folded before Flop (didn't bet)
Seat 4: Dorex2007 folded before Flop (didn't bet)
Seat 5: Nick.Siloff (button) showed [4h 4c] and won ($0.36) with three of a kind, Fours
Seat 6: conorlev (small blind) folded before Flop
Seat 7: Kelaj15203 (big blind) mucked [2h 3s]
Seat 9: CPS2017 folded before Flop (didn't bet)



PokerStars Hand #226231374378:  Hold'em No Limit ($0.01/$0.02 USD) - 2021/04/26 17:22:38 PT [2021/04/26 20:22:38 ET]
Table 'Edna II' 9-max Seat #6 is the button
Seat 1: grimpop_87 ($2 in chips) 
Seat 2: arnar9860 ($1.54 in chips) 
Seat 3: Phoebus1986 ($3.24 in chips) 
Seat 4: Dorex2007 ($5.80 in chips) 
Seat 5: Nick.Siloff ($5.51 in chips) 
Seat 6: conorlev ($2 in chips) 
Seat 7: Kelaj15203 ($2 in chips) 
Seat 8: cgreek ($1 in chips) 
Seat 9: CPS2017 ($1.58 in chips) 
Kelaj15203: posts small blind $0.01
cgreek: posts big blind $0.02
*** HOLE CARDS ***
Dealt to Dorex2007 [3h Ac]
CPS2017: folds 
grimpop_87: folds 
arnar9860: calls $0.02
Phoebus1986: folds 
Dorex2007: folds 
Nick.Siloff: folds 
conorlev: folds 
Kelaj15203: folds 
cgreek: checks 
*** FLOP *** [5d Ts Qh]
cgreek: checks 
arnar9860: checks 
*** TURN *** [5d Ts Qh] [8c]
cgreek: checks 
arnar9860: bets $0.02
cgreek: calls $0.02
*** RIVER *** [5d Ts Qh 8c] [Qd]
cgreek: checks 
arnar9860: checks 
*** SHOW DOWN ***
cgreek: shows [8d 7c] (two pair, Queens and Eights)
arnar9860: mucks hand 
cgreek collected $0.09 from pot
*** SUMMARY ***
Total pot $0.09 | Rake $0 
Board [5d Ts Qh 8c Qd]
Seat 1: grimpop_87 folded before Flop (didn't bet)
Seat 2: arnar9860 mucked [9h 5c]
Seat 3: Phoebus1986 folded before Flop (didn't bet)
Seat 4: Dorex2007 folded before Flop (didn't bet)
Seat 5: Nick.Siloff folded before Flop (didn't bet)
Seat 6: conorlev (button) folded before Flop (didn't bet)
Seat 7: Kelaj15203 (small blind) folded before Flop
Seat 8: cgreek (big blind) showed [8d 7c] and won ($0.09) with two pair, Queens and Eights
Seat 9: CPS2017 folded before Flop (didn't bet)



PokerStars Hand #226231388743:  Hold'em No Limit ($0.01/$0.02 USD) - 2021/04/26 17:23:24 PT [2021/04/26 20:23:24 ET]
Table 'Edna II' 9-max Seat #7 is the button
Seat 1: grimpop_87 ($2 in chips) 
Seat 2: arnar9860 ($1.50 in chips) 
Seat 3: Phoebus1986 ($3.24 in chips) 
Seat 4: Dorex2007 ($5.80 in chips) 
Seat 5: Nick.Siloff ($5.51 in chips) 
Seat 6: conorlev ($2 in chips) 
Seat 7: Kelaj15203 ($2 in chips) 
Seat 8: cgreek ($1.05 in chips) 
Seat 9: CPS2017 ($1.58 in chips) 
cgreek: posts small blind $0.01
CPS2017: posts big blind $0.02
*** HOLE CARDS ***
Dealt to Dorex2007 [Ac 4h]
grimpop_87: folds 
arnar9860: calls $0.02
Phoebus1986: folds 
Dorex2007: folds 
Nick.Siloff: folds 
conorlev: raises $0.06 to $0.08
Kelaj15203: folds 
cgreek: folds 
CPS2017: folds 
arnar9860: folds 
Uncalled bet ($0.06) returned to conorlev
conorlev collected $0.07 from pot
conorlev: doesn't show hand 
*** SUMMARY ***
Total pot $0.07 | Rake $0 
Seat 1: grimpop_87 folded before Flop (didn't bet)
Seat 2: arnar9860 folded before Flop
Seat 3: Phoebus1986 folded before Flop (didn't bet)
Seat 4: Dorex2007 folded before Flop (didn't bet)
Seat 5: Nick.Siloff folded before Flop (didn't bet)
Seat 6: conorlev collected ($0.07)
Seat 7: Kelaj15203 (button) folded before Flop (didn't bet)
Seat 8: cgreek (small blind) folded before Flop
Seat 9: CPS2017 (big blind) folded before Flop



PokerStars Hand #226231399246:  Hold'em No Limit ($0.01/$0.02 USD) - 2021/04/26 17:23:58 PT [2021/04/26 20:23:58 ET]
Table 'Edna II' 9-max Seat #8 is the button
Seat 1: grimpop_87 ($2 in chips) 
Seat 2: arnar9860 ($1.48 in chips) 
Seat 3: Phoebus1986 ($3.24 in chips) 
Seat 4: Dorex2007 ($5.80 in chips) 
Seat 5: Nick.Siloff ($5.51 in chips) 
Seat 6: conorlev ($2.05 in chips) 
Seat 7: Kelaj15203 ($2 in chips) 
Seat 8: cgreek ($1.04 in chips) 
Seat 9: CPS2017 ($1.56 in chips) 
CPS2017: posts small blind $0.01
grimpop_87: posts big blind $0.02
*** HOLE CARDS ***
Dealt to Dorex2007 [Ah Jc]
arnar9860 has timed out
arnar9860: folds 
Phoebus1986: folds 
Dorex2007: raises $0.04 to $0.06
Nick.Siloff: folds 
conorlev: folds 
Kelaj15203: folds 
cgreek: folds 
CPS2017: folds 
grimpop_87: folds 
Uncalled bet ($0.04) returned to Dorex2007
Dorex2007 collected $0.05 from pot
Dorex2007: doesn't show hand 
*** SUMMARY ***
Total pot $0.05 | Rake $0 
Seat 1: grimpop_87 (big blind) folded before Flop
Seat 2: arnar9860 folded before Flop (didn't bet)
Seat 3: Phoebus1986 folded before Flop (didn't bet)
Seat 4: Dorex2007 collected ($0.05)
Seat 5: Nick.Siloff folded before Flop (didn't bet)
Seat 6: conorlev folded before Flop (didn't bet)
Seat 7: Kelaj15203 folded before Flop (didn't bet)
Seat 8: cgreek (button) folded before Flop (didn't bet)
Seat 9: CPS2017 (small blind) folded before Flop



PokerStars Hand #226231408114:  Hold'em No Limit ($0.01/$0.02 USD) - 2021/04/26 17:24:26 PT [2021/04/26 20:24:26 ET]
Table 'Edna II' 9-max Seat #9 is the button
Seat 1: grimpop_87 ($2 in chips) 
Seat 2: arnar9860 ($1.48 in chips) 
Seat 3: Phoebus1986 ($3.24 in chips) 
Seat 4: Dorex2007 ($5.83 in chips) 
Seat 5: Nick.Siloff ($5.51 in chips) 
Seat 6: conorlev ($2.05 in chips) 
Seat 7: Kelaj15203 ($2 in chips) 
Seat 8: cgreek ($1.04 in chips) 
Seat 9: CPS2017 ($1.55 in chips) 
grimpop_87: posts small blind $0.01
arnar9860: posts big blind $0.02
*** HOLE CARDS ***
Dealt to Dorex2007 [8c 2s]
Phoebus1986: folds 
Dorex2007: folds 
Nick.Siloff: folds 
conorlev: folds 
Kelaj15203: folds 
cgreek: folds 
CPS2017: raises $0.04 to $0.06
grimpop_87: folds 
arnar9860: folds 
Uncalled bet ($0.04) returned to CPS2017
CPS2017 collected $0.05 from pot
*** SUMMARY ***
Total pot $0.05 | Rake $0 
Seat 1: grimpop_87 (small blind) folded before Flop
Seat 2: arnar9860 (big blind) folded before Flop
Seat 3: Phoebus1986 folded before Flop (didn't bet)
Seat 4: Dorex2007 folded before Flop (didn't bet)
Seat 5: Nick.Siloff folded before Flop (didn't bet)
Seat 6: conorlev folded before Flop (didn't bet)
Seat 7: Kelaj15203 folded before Flop (didn't bet)
Seat 8: cgreek folded before Flop (didn't bet)
Seat 9: CPS2017 (button) collected ($0.05)



PokerStars Hand #226231414353:  Hold'em No Limit ($0.01/$0.02 USD) - 2021/04/26 17:24:45 PT [2021/04/26 20:24:45 ET]
Table 'Edna II' 9-max Seat #1 is the button
Seat 1: grimpop_87 ($2 in chips) 
Seat 2: arnar9860 ($1.46 in chips) 
Seat 3: Phoebus1986 ($3.24 in chips) 
Seat 4: Dorex2007 ($5.83 in chips) 
Seat 5: Nick.Siloff ($5.51 in chips) 
Seat 6: conorlev ($2.05 in chips) 
Seat 7: Kelaj15203 ($2 in chips) 
Seat 8: cgreek ($1.04 in chips) 
Seat 9: CPS2017 ($1.58 in chips) 
arnar9860: posts small blind $0.01
Phoebus1986: posts big blind $0.02
*** HOLE CARDS ***
Dealt to Dorex2007 [3s Jh]
Dorex2007: folds 
Nick.Siloff: folds 
conorlev: raises $0.04 to $0.06
Kelaj15203: folds 
cgreek: folds 
CPS2017: folds 
grimpop_87: folds 
arnar9860: folds 
Phoebus1986: folds 
Uncalled bet ($0.04) returned to conorlev
arnar9860 leaves the table
conorlev collected $0.05 from pot
conorlev: doesn't show hand 
*** SUMMARY ***
Total pot $0.05 | Rake $0 
Seat 1: grimpop_87 (button) folded before Flop (didn't bet)
Seat 2: arnar9860 (small blind) folded before Flop
Seat 3: Phoebus1986 (big blind) folded before Flop
Seat 4: Dorex2007 folded before Flop (didn't bet)
Seat 5: Nick.Siloff folded before Flop (didn't bet)
Seat 6: conorlev collected ($0.05)
Seat 7: Kelaj15203 folded before Flop (didn't bet)
Seat 8: cgreek folded before Flop (didn't bet)
Seat 9: CPS2017 folded before Flop (didn't bet)



PokerStars Hand #226231421141:  Hold'em No Limit ($0.01/$0.02 USD) - 2021/04/26 17:25:07 PT [2021/04/26 20:25:07 ET]
Table 'Edna II' 9-max Seat #3 is the button
Seat 1: grimpop_87 ($2 in chips) 
Seat 3: Phoebus1986 ($3.22 in chips) 
Seat 4: Dorex2007 ($5.83 in chips) 
Seat 5: Nick.Siloff ($5.51 in chips) 
Seat 6: conorlev ($2.08 in chips) 
Seat 7: Kelaj15203 ($2 in chips) 
Seat 8: cgreek ($1.04 in chips) 
Seat 9: CPS2017 ($1.58 in chips) 
Dorex2007: posts small blind $0.01
Nick.Siloff: posts big blind $0.02
*** HOLE CARDS ***
Dealt to Dorex2007 [9d Td]
conorlev: folds 
conorlev leaves the table
Kelaj15203: folds 
cgreek: folds 
CPS2017: raises $0.04 to $0.06
grimpop_87: folds 
Phoebus1986: folds 
Dorex2007: calls $0.05
Nick.Siloff: calls $0.04
*** FLOP *** [Qd 7s Kd]
Dorex2007: checks 
Nick.Siloff: checks 
CPS2017: checks 
*** TURN *** [Qd 7s Kd] [8s]
Dorex2007: bets $0.11
Nick.Siloff: calls $0.11
CPS2017: calls $0.11
*** RIVER *** [Qd 7s Kd 8s] [Tc]
Dorex2007: checks 
Nick.Siloff: checks 
CPS2017: checks 
*** SHOW DOWN ***
Dorex2007: shows [9d Td] (a pair of Tens)
Nick.Siloff: shows [Qs Ac] (a pair of Queens)
CPS2017: mucks hand 
Nick.Siloff collected $0.49 from pot
*** SUMMARY ***
Total pot $0.51 | Rake $0.02 
Board [Qd 7s Kd 8s Tc]
Seat 1: grimpop_87 folded before Flop (didn't bet)
Seat 3: Phoebus1986 (button) folded before Flop (didn't bet)
Seat 4: Dorex2007 (small blind) showed [9d Td] and lost with a pair of Tens
Seat 5: Nick.Siloff (big blind) showed [Qs Ac] and won ($0.49) with a pair of Queens
Seat 6: conorlev folded before Flop (didn't bet)
Seat 7: Kelaj15203 folded before Flop (didn't bet)
Seat 8: cgreek folded before Flop (didn't bet)
Seat 9: CPS2017 mucked [Jc Jh]



PokerStars Hand #226231438494:  Hold'em No Limit ($0.01/$0.02 USD) - 2021/04/26 17:26:04 PT [2021/04/26 20:26:04 ET]
Table 'Edna II' 9-max Seat #4 is the button
Seat 1: grimpop_87 ($2 in chips) 
Seat 3: Phoebus1986 ($3.22 in chips) 
Seat 4: Dorex2007 ($5.66 in chips) 
Seat 5: Nick.Siloff ($5.83 in chips) 
Seat 8: cgreek ($1.04 in chips) 
Seat 9: CPS2017 ($1.41 in chips) 
Nick.Siloff: posts small blind $0.01
Kelaj15203: is sitting out 
cgreek: posts big blind $0.02
*** HOLE CARDS ***
Dealt to Dorex2007 [Kd 6h]
CPS2017: calls $0.02
grimpop_87: folds 
Phoebus1986: folds 
Dorex2007: folds 
Kelaj15203 leaves the table
Nick.Siloff: calls $0.01
cgreek: checks 
*** FLOP *** [Ad Qh Jd]
Nick.Siloff: checks 
cgreek: checks 
CPS2017: checks 
*** TURN *** [Ad Qh Jd] [2s]
Nick.Siloff: checks 
cgreek: checks 
CPS2017: checks 
*** RIVER *** [Ad Qh Jd 2s] [Ah]
Nick.Siloff: checks 
cgreek: checks 
CPS2017: checks 
*** SHOW DOWN ***
Nick.Siloff: shows [9c Qc] (two pair, Aces and Queens)
cgreek: mucks hand 
CPS2017: mucks hand 
Nick.Siloff collected $0.06 from pot
*** SUMMARY ***
Total pot $0.06 | Rake $0 
Board [Ad Qh Jd 2s Ah]
Seat 1: grimpop_87 folded before Flop (didn't bet)
Seat 3: Phoebus1986 folded before Flop (didn't bet)
Seat 4: Dorex2007 (button) folded before Flop (didn't bet)
Seat 5: Nick.Siloff (small blind) showed [9c Qc] and won ($0.06) with two pair, Aces and Queens
Seat 8: cgreek (big blind) mucked [Jc 4d]
Seat 9: CPS2017 mucked [Ks 5s]



PokerStars Hand #226231460513:  Hold'em No Limit ($0.01/$0.02 USD) - 2021/04/26 17:26:49 PT [2021/04/26 20:26:49 ET]
Table 'Edna II' 9-max Seat #5 is the button
Seat 1: grimpop_87 ($2 in chips) 
Seat 3: Phoebus1986 ($3.22 in chips) 
Seat 4: Dorex2007 ($5.66 in chips) 
Seat 5: Nick.Siloff ($5.87 in chips) 
Seat 9: CPS2017 ($1.39 in chips) 
CPS2017: posts small blind $0.01
grimpop_87: posts big blind $0.02
*** HOLE CARDS ***
Dealt to Dorex2007 [Kd 4s]
Phoebus1986: folds 
Dorex2007: folds 
Nick.Siloff: folds 
CPS2017: calls $0.01
grimpop_87: checks 
*** FLOP *** [6d 5h 9h]
Nick.Siloff leaves the table
CPS2017: checks 
grimpop_87: checks 
*** TURN *** [6d 5h 9h] [3s]
CPS2017: checks 
cgreek leaves the table
grimpop_87: checks 
*** RIVER *** [6d 5h 9h 3s] [Js]
CPS2017: bets $0.02
grimpop_87: folds 
Uncalled bet ($0.02) returned to CPS2017
CPS2017 collected $0.04 from pot
*** SUMMARY ***
Total pot $0.04 | Rake $0 
Board [6d 5h 9h 3s Js]
Seat 1: grimpop_87 (big blind) folded on the River
Seat 3: Phoebus1986 folded before Flop (didn't bet)
Seat 4: Dorex2007 folded before Flop (didn't bet)
Seat 5: Nick.Siloff (button) folded before Flop (didn't bet)
Seat 9: CPS2017 (small blind) collected ($0.04)



