PokerStars Hand #225148412988:  Hold'em No Limit ($0.01/$0.02 USD) - 2021/03/24 14:01:01 PT [2021/03/24 17:01:01 ET]
Table 'Roberbauxa V' 9-max Seat #9 is the button
Seat 1: alex_mas2 ($2.71 in chips) 
Seat 2: merzko401 ($3.62 in chips) 
Seat 3: r0mmmy ($2.15 in chips) 
Seat 4: sadner ($3.02 in chips) 
Seat 5: DigitalD155 ($1.10 in chips) 
Seat 6: Dorex2007 ($1.50 in chips) 
Seat 7: semfyan ($2.28 in chips) 
Seat 8: BCEMAGUSHIY ($2.06 in chips) 
Seat 9: RaphaRaff ($2.12 in chips) 
alex_mas2: posts small blind $0.01
merzko401: posts big blind $0.02
Dorex2007: posts big blind $0.02
*** HOLE CARDS ***
Dealt to Dorex2007 [Ah 6d]
r0mmmy: folds 
sadner: folds 
DigitalD155: folds 
Dorex2007: checks 
semfyan: folds 
BCEMAGUSHIY: folds 
RaphaRaff: folds 
alex_mas2: calls $0.01
merzko401: checks 
*** FLOP *** [8d 5d 3s]
alex_mas2: checks 
merzko401: checks 
Dorex2007: checks 
*** TURN *** [8d 5d 3s] [Th]
alex_mas2: bets $0.02
merzko401: folds 
Dorex2007: folds 
Uncalled bet ($0.02) returned to alex_mas2
alex_mas2 collected $0.06 from pot
alex_mas2: doesn't show hand 
*** SUMMARY ***
Total pot $0.06 | Rake $0 
Board [8d 5d 3s Th]
Seat 1: alex_mas2 (small blind) collected ($0.06)
Seat 2: merzko401 (big blind) folded on the Turn
Seat 3: r0mmmy folded before Flop (didn't bet)
Seat 4: sadner folded before Flop (didn't bet)
Seat 5: DigitalD155 folded before Flop (didn't bet)
Seat 6: Dorex2007 folded on the Turn (didn't bet)
Seat 7: semfyan folded before Flop (didn't bet)
Seat 8: BCEMAGUSHIY folded before Flop (didn't bet)
Seat 9: RaphaRaff (button) folded before Flop (didn't bet)



PokerStars Hand #225148443264:  Hold'em No Limit ($0.01/$0.02 USD) - 2021/03/24 14:01:52 PT [2021/03/24 17:01:52 ET]
Table 'Roberbauxa V' 9-max Seat #1 is the button
Seat 1: alex_mas2 ($2.75 in chips) 
Seat 2: merzko401 ($3.60 in chips) 
Seat 3: r0mmmy ($2.15 in chips) 
Seat 4: sadner ($3.02 in chips) 
Seat 5: DigitalD155 ($1.10 in chips) 
Seat 6: Dorex2007 ($1.48 in chips) 
Seat 7: semfyan ($2.28 in chips) 
Seat 8: BCEMAGUSHIY ($2.06 in chips) 
Seat 9: RaphaRaff ($2.12 in chips) 
merzko401: posts small blind $0.01
r0mmmy: posts big blind $0.02
*** HOLE CARDS ***
Dealt to Dorex2007 [4h 7d]
sadner: folds 
DigitalD155: folds 
Dorex2007: folds 
semfyan: folds 
BCEMAGUSHIY: folds 
RaphaRaff: raises $0.03 to $0.05
alex_mas2: folds 
merzko401: calls $0.04
r0mmmy: folds 
*** FLOP *** [7c 2h 6c]
merzko401: checks 
RaphaRaff: bets $0.06
merzko401: folds 
Uncalled bet ($0.06) returned to RaphaRaff
RaphaRaff collected $0.12 from pot
RaphaRaff: doesn't show hand 
*** SUMMARY ***
Total pot $0.12 | Rake $0 
Board [7c 2h 6c]
Seat 1: alex_mas2 (button) folded before Flop (didn't bet)
Seat 2: merzko401 (small blind) folded on the Flop
Seat 3: r0mmmy (big blind) folded before Flop
Seat 4: sadner folded before Flop (didn't bet)
Seat 5: DigitalD155 folded before Flop (didn't bet)
Seat 6: Dorex2007 folded before Flop (didn't bet)
Seat 7: semfyan folded before Flop (didn't bet)
Seat 8: BCEMAGUSHIY folded before Flop (didn't bet)
Seat 9: RaphaRaff collected ($0.12)



PokerStars Hand #225148463323:  Hold'em No Limit ($0.01/$0.02 USD) - 2021/03/24 14:02:25 PT [2021/03/24 17:02:25 ET]
Table 'Roberbauxa V' 9-max Seat #2 is the button
Seat 1: alex_mas2 ($2.75 in chips) 
Seat 2: merzko401 ($3.55 in chips) 
Seat 3: r0mmmy ($2.13 in chips) 
Seat 4: sadner ($3.02 in chips) 
Seat 5: DigitalD155 ($1.10 in chips) 
Seat 6: Dorex2007 ($1.48 in chips) 
Seat 7: semfyan ($2.28 in chips) 
Seat 8: BCEMAGUSHIY ($2.06 in chips) 
Seat 9: RaphaRaff ($2.19 in chips) 
r0mmmy: posts small blind $0.01
sadner: posts big blind $0.02
*** HOLE CARDS ***
Dealt to Dorex2007 [9h 3d]
DigitalD155: folds 
Dorex2007: folds 
semfyan has timed out
semfyan: folds 
BCEMAGUSHIY: folds 
RaphaRaff: folds 
alex_mas2: calls $0.02
merzko401: calls $0.02
r0mmmy: calls $0.01
sadner: checks 
*** FLOP *** [4c Jd 3h]
r0mmmy: checks 
sadner: checks 
alex_mas2: bets $0.02
merzko401: folds 
r0mmmy: folds 
sadner: folds 
Uncalled bet ($0.02) returned to alex_mas2
alex_mas2 collected $0.08 from pot
alex_mas2: doesn't show hand 
*** SUMMARY ***
Total pot $0.08 | Rake $0 
Board [4c Jd 3h]
Seat 1: alex_mas2 collected ($0.08)
Seat 2: merzko401 (button) folded on the Flop
Seat 3: r0mmmy (small blind) folded on the Flop
Seat 4: sadner (big blind) folded on the Flop
Seat 5: DigitalD155 folded before Flop (didn't bet)
Seat 6: Dorex2007 folded before Flop (didn't bet)
Seat 7: semfyan folded before Flop (didn't bet)
Seat 8: BCEMAGUSHIY folded before Flop (didn't bet)
Seat 9: RaphaRaff folded before Flop (didn't bet)



PokerStars Hand #225148511361:  Hold'em No Limit ($0.01/$0.02 USD) - 2021/03/24 14:03:41 PT [2021/03/24 17:03:41 ET]
Table 'Roberbauxa V' 9-max Seat #3 is the button
Seat 1: alex_mas2 ($2.81 in chips) 
Seat 2: merzko401 ($3.53 in chips) 
Seat 3: r0mmmy ($2.11 in chips) 
Seat 4: sadner ($3 in chips) 
Seat 5: DigitalD155 ($1.10 in chips) 
Seat 6: Dorex2007 ($1.48 in chips) 
Seat 7: semfyan ($2.28 in chips) 
Seat 8: BCEMAGUSHIY ($2.06 in chips) 
Seat 9: RaphaRaff ($2.19 in chips) 
sadner: posts small blind $0.01
DigitalD155: posts big blind $0.02
*** HOLE CARDS ***
Dealt to Dorex2007 [Js 3s]
Dorex2007: folds 
semfyan: folds 
BCEMAGUSHIY: folds 
RaphaRaff: folds 
alex_mas2: folds 
merzko401: raises $0.02 to $0.04
r0mmmy: folds 
sadner: folds 
DigitalD155: folds 
Uncalled bet ($0.02) returned to merzko401
merzko401 collected $0.05 from pot
merzko401: doesn't show hand 
*** SUMMARY ***
Total pot $0.05 | Rake $0 
Seat 1: alex_mas2 folded before Flop (didn't bet)
Seat 2: merzko401 collected ($0.05)
Seat 3: r0mmmy (button) folded before Flop (didn't bet)
Seat 4: sadner (small blind) folded before Flop
Seat 5: DigitalD155 (big blind) folded before Flop
Seat 6: Dorex2007 folded before Flop (didn't bet)
Seat 7: semfyan folded before Flop (didn't bet)
Seat 8: BCEMAGUSHIY folded before Flop (didn't bet)
Seat 9: RaphaRaff folded before Flop (didn't bet)



PokerStars Hand #225148526776:  Hold'em No Limit ($0.01/$0.02 USD) - 2021/03/24 14:04:05 PT [2021/03/24 17:04:05 ET]
Table 'Roberbauxa V' 9-max Seat #4 is the button
Seat 1: alex_mas2 ($2.81 in chips) 
Seat 2: merzko401 ($3.56 in chips) 
Seat 3: r0mmmy ($2.11 in chips) 
Seat 4: sadner ($2.99 in chips) 
Seat 5: DigitalD155 ($1.08 in chips) 
Seat 6: Dorex2007 ($1.48 in chips) 
Seat 7: semfyan ($2.28 in chips) 
Seat 8: BCEMAGUSHIY ($2.06 in chips) 
Seat 9: RaphaRaff ($2.19 in chips) 
DigitalD155: posts small blind $0.01
Dorex2007: posts big blind $0.02
*** HOLE CARDS ***
Dealt to Dorex2007 [2c Qd]
semfyan: folds 
BCEMAGUSHIY: raises $0.03 to $0.05
RaphaRaff: folds 
alex_mas2: folds 
merzko401: calls $0.05
r0mmmy: folds 
sadner: folds 
DigitalD155: folds 
Dorex2007: folds 
*** FLOP *** [3d 3s Td]
BCEMAGUSHIY: bets $0.07
merzko401: folds 
Uncalled bet ($0.07) returned to BCEMAGUSHIY
BCEMAGUSHIY collected $0.13 from pot
*** SUMMARY ***
Total pot $0.13 | Rake $0 
Board [3d 3s Td]
Seat 1: alex_mas2 folded before Flop (didn't bet)
Seat 2: merzko401 folded on the Flop
Seat 3: r0mmmy folded before Flop (didn't bet)
Seat 4: sadner (button) folded before Flop (didn't bet)
Seat 5: DigitalD155 (small blind) folded before Flop
Seat 6: Dorex2007 (big blind) folded before Flop
Seat 7: semfyan folded before Flop (didn't bet)
Seat 8: BCEMAGUSHIY collected ($0.13)
Seat 9: RaphaRaff folded before Flop (didn't bet)



PokerStars Hand #225148557603:  Hold'em No Limit ($0.01/$0.02 USD) - 2021/03/24 14:04:53 PT [2021/03/24 17:04:53 ET]
Table 'Roberbauxa V' 9-max Seat #5 is the button
Seat 1: alex_mas2 ($2.81 in chips) 
Seat 2: merzko401 ($3.51 in chips) 
Seat 3: r0mmmy ($2.11 in chips) 
Seat 4: sadner ($2.99 in chips) 
Seat 5: DigitalD155 ($1.07 in chips) 
Seat 6: Dorex2007 ($1.46 in chips) 
Seat 7: semfyan ($2.28 in chips) 
Seat 8: BCEMAGUSHIY ($2.14 in chips) 
Seat 9: RaphaRaff ($2.19 in chips) 
Dorex2007: posts small blind $0.01
semfyan: posts big blind $0.02
*** HOLE CARDS ***
Dealt to Dorex2007 [2d 8d]
BCEMAGUSHIY: folds 
RaphaRaff: raises $0.04 to $0.06
alex_mas2: calls $0.06
merzko401: folds 
r0mmmy: folds 
sadner: folds 
DigitalD155: folds 
Dorex2007: folds 
semfyan: folds 
*** FLOP *** [4c Qh 7d]
RaphaRaff: bets $0.07
alex_mas2: calls $0.07
*** TURN *** [4c Qh 7d] [Jd]
RaphaRaff: bets $0.14
alex_mas2: calls $0.14
*** RIVER *** [4c Qh 7d Jd] [Js]
RaphaRaff: bets $0.24
alex_mas2: raises $0.52 to $0.76
RaphaRaff: folds 
Uncalled bet ($0.52) returned to alex_mas2
alex_mas2 collected $1.01 from pot
alex_mas2: doesn't show hand 
*** SUMMARY ***
Total pot $1.05 | Rake $0.04 
Board [4c Qh 7d Jd Js]
Seat 1: alex_mas2 collected ($1.01)
Seat 2: merzko401 folded before Flop (didn't bet)
Seat 3: r0mmmy folded before Flop (didn't bet)
Seat 4: sadner folded before Flop (didn't bet)
Seat 5: DigitalD155 (button) folded before Flop (didn't bet)
Seat 6: Dorex2007 (small blind) folded before Flop
Seat 7: semfyan (big blind) folded before Flop
Seat 8: BCEMAGUSHIY folded before Flop (didn't bet)
Seat 9: RaphaRaff folded on the River



PokerStars Hand #225148593316:  Hold'em No Limit ($0.01/$0.02 USD) - 2021/03/24 14:05:49 PT [2021/03/24 17:05:49 ET]
Table 'Roberbauxa V' 9-max Seat #6 is the button
Seat 1: alex_mas2 ($3.31 in chips) 
Seat 2: merzko401 ($3.51 in chips) 
Seat 3: r0mmmy ($2.11 in chips) 
Seat 4: sadner ($2.99 in chips) 
Seat 5: DigitalD155 ($1.07 in chips) 
Seat 6: Dorex2007 ($1.45 in chips) 
Seat 7: semfyan ($2.26 in chips) 
Seat 8: BCEMAGUSHIY ($2.14 in chips) 
Seat 9: RaphaRaff ($1.68 in chips) 
semfyan: posts small blind $0.01
BCEMAGUSHIY: posts big blind $0.02
*** HOLE CARDS ***
Dealt to Dorex2007 [9s Th]
RaphaRaff: raises $0.03 to $0.05
alex_mas2: folds 
merzko401: folds 
r0mmmy: folds 
sadner: folds 
DigitalD155: folds 
Dorex2007: folds 
semfyan: folds 
BCEMAGUSHIY: folds 
Uncalled bet ($0.03) returned to RaphaRaff
RaphaRaff collected $0.05 from pot
RaphaRaff: doesn't show hand 
*** SUMMARY ***
Total pot $0.05 | Rake $0 
Seat 1: alex_mas2 folded before Flop (didn't bet)
Seat 2: merzko401 folded before Flop (didn't bet)
Seat 3: r0mmmy folded before Flop (didn't bet)
Seat 4: sadner folded before Flop (didn't bet)
Seat 5: DigitalD155 folded before Flop (didn't bet)
Seat 6: Dorex2007 (button) folded before Flop (didn't bet)
Seat 7: semfyan (small blind) folded before Flop
Seat 8: BCEMAGUSHIY (big blind) folded before Flop
Seat 9: RaphaRaff collected ($0.05)



PokerStars Hand #225148610543:  Hold'em No Limit ($0.01/$0.02 USD) - 2021/03/24 14:06:16 PT [2021/03/24 17:06:16 ET]
Table 'Roberbauxa V' 9-max Seat #7 is the button
Seat 1: alex_mas2 ($3.31 in chips) 
Seat 2: merzko401 ($3.51 in chips) 
Seat 3: r0mmmy ($2.11 in chips) 
Seat 4: sadner ($2.99 in chips) 
Seat 5: DigitalD155 ($1.07 in chips) 
Seat 6: Dorex2007 ($1.45 in chips) 
Seat 7: semfyan ($2.25 in chips) 
Seat 8: BCEMAGUSHIY ($2.12 in chips) 
Seat 9: RaphaRaff ($1.71 in chips) 
BCEMAGUSHIY: posts small blind $0.01
RaphaRaff: posts big blind $0.02
*** HOLE CARDS ***
Dealt to Dorex2007 [8c 7s]
alex_mas2: folds 
merzko401 has timed out
merzko401: folds 
r0mmmy: raises $0.04 to $0.06
sadner: folds 
DigitalD155: calls $0.06
Dorex2007: calls $0.06
semfyan: folds 
BCEMAGUSHIY: raises $0.26 to $0.32
RaphaRaff: folds 
r0mmmy: calls $0.26
DigitalD155: folds 
Dorex2007: folds 
*** FLOP *** [8d 6c 2s]
BCEMAGUSHIY: checks 
r0mmmy: checks 
*** TURN *** [8d 6c 2s] [9c]
merzko401 leaves the table
mrjapa1000 joins the table at seat #2 
BCEMAGUSHIY: checks 
r0mmmy: checks 
*** RIVER *** [8d 6c 2s 9c] [2h]
BCEMAGUSHIY: bets $0.56
r0mmmy: calls $0.56
*** SHOW DOWN ***
BCEMAGUSHIY: shows [Ad Td] (a pair of Deuces)
r0mmmy: shows [3d 3h] (two pair, Threes and Deuces)
r0mmmy collected $1.83 from pot
*** SUMMARY ***
Total pot $1.90 | Rake $0.07 
Board [8d 6c 2s 9c 2h]
Seat 1: alex_mas2 folded before Flop (didn't bet)
Seat 2: merzko401 folded before Flop (didn't bet)
Seat 3: r0mmmy showed [3d 3h] and won ($1.83) with two pair, Threes and Deuces
Seat 4: sadner folded before Flop (didn't bet)
Seat 5: DigitalD155 folded before Flop
Seat 6: Dorex2007 folded before Flop
Seat 7: semfyan (button) folded before Flop (didn't bet)
Seat 8: BCEMAGUSHIY (small blind) showed [Ad Td] and lost with a pair of Deuces
Seat 9: RaphaRaff (big blind) folded before Flop



PokerStars Hand #225148659837:  Hold'em No Limit ($0.01/$0.02 USD) - 2021/03/24 14:07:35 PT [2021/03/24 17:07:35 ET]
Table 'Roberbauxa V' 9-max Seat #8 is the button
Seat 1: alex_mas2 ($3.31 in chips) 
Seat 2: mrjapa1000 ($2 in chips) 
Seat 3: r0mmmy ($3.06 in chips) 
Seat 4: sadner ($2.99 in chips) 
Seat 5: DigitalD155 ($1.01 in chips) 
Seat 6: Dorex2007 ($1.39 in chips) 
Seat 7: semfyan ($2.25 in chips) 
Seat 8: BCEMAGUSHIY ($1.24 in chips) 
Seat 9: RaphaRaff ($1.69 in chips) 
RaphaRaff: posts small blind $0.01
alex_mas2: posts big blind $0.02
mrjapa1000: posts big blind $0.02
*** HOLE CARDS ***
Dealt to Dorex2007 [2h Qs]
mrjapa1000: checks 
r0mmmy: folds 
sadner: raises $0.06 to $0.08
DigitalD155: folds 
Dorex2007: folds 
semfyan: folds 
BCEMAGUSHIY: calls $0.08
RaphaRaff: folds 
alex_mas2: calls $0.06
mrjapa1000: folds 
*** FLOP *** [Qc 2d 4h]
alex_mas2: checks 
sadner: bets $0.13
BCEMAGUSHIY: folds 
alex_mas2: calls $0.13
*** TURN *** [Qc 2d 4h] [6d]
alex_mas2: checks 
sadner: checks 
*** RIVER *** [Qc 2d 4h 6d] [As]
alex_mas2: checks 
sadner: checks 
*** SHOW DOWN ***
alex_mas2: shows [Th Ts] (a pair of Tens)
sadner: mucks hand 
alex_mas2 collected $0.51 from pot
*** SUMMARY ***
Total pot $0.53 | Rake $0.02 
Board [Qc 2d 4h 6d As]
Seat 1: alex_mas2 (big blind) showed [Th Ts] and won ($0.51) with a pair of Tens
Seat 2: mrjapa1000 folded before Flop (didn't bet)
Seat 3: r0mmmy folded before Flop (didn't bet)
Seat 4: sadner mucked [3c 3d]
Seat 5: DigitalD155 folded before Flop (didn't bet)
Seat 6: Dorex2007 folded before Flop (didn't bet)
Seat 7: semfyan folded before Flop (didn't bet)
Seat 8: BCEMAGUSHIY (button) folded on the Flop
Seat 9: RaphaRaff (small blind) folded before Flop



PokerStars Hand #225148688923:  Hold'em No Limit ($0.01/$0.02 USD) - 2021/03/24 14:08:21 PT [2021/03/24 17:08:21 ET]
Table 'Roberbauxa V' 9-max Seat #9 is the button
Seat 1: alex_mas2 ($3.61 in chips) 
Seat 2: mrjapa1000 ($2 in chips) 
Seat 3: r0mmmy ($3.06 in chips) 
Seat 4: sadner ($2.78 in chips) 
Seat 5: DigitalD155 ($1.01 in chips) 
Seat 6: Dorex2007 ($1.39 in chips) 
Seat 7: semfyan ($2.25 in chips) 
Seat 8: BCEMAGUSHIY ($1.16 in chips) 
Seat 9: RaphaRaff ($1.68 in chips) 
alex_mas2: posts small blind $0.01
mrjapa1000: posts big blind $0.02
*** HOLE CARDS ***
Dealt to Dorex2007 [Qd 2s]
r0mmmy: raises $0.04 to $0.06
sadner: folds 
DigitalD155: calls $0.06
Dorex2007: folds 
semfyan: calls $0.06
BCEMAGUSHIY: folds 
RaphaRaff: raises $0.18 to $0.24
alex_mas2: folds 
mrjapa1000: folds 
r0mmmy: raises $0.18 to $0.42
DigitalD155: raises $0.59 to $1.01 and is all-in
semfyan: folds 
RaphaRaff: folds 
r0mmmy: calls $0.59
*** FLOP *** [9d 5c Ts]
*** TURN *** [9d 5c Ts] [2h]
*** RIVER *** [9d 5c Ts 2h] [8d]
*** SHOW DOWN ***
r0mmmy: shows [Kd Kc] (a pair of Kings)
DigitalD155: shows [Jh Jc] (a pair of Jacks)
r0mmmy cashed out the hand for $1.84 | Cash Out Fee $0.02
*** SUMMARY ***
Total pot $2.35 | Rake $0.08 
Board [9d 5c Ts 2h 8d]
Seat 1: alex_mas2 (small blind) folded before Flop
Seat 2: mrjapa1000 (big blind) folded before Flop
Seat 3: r0mmmy showed [Kd Kc] and won ($2.27) with a pair of Kings (pot not awarded as player cashed out)
Seat 4: sadner folded before Flop (didn't bet)
Seat 5: DigitalD155 showed [Jh Jc] and lost with a pair of Jacks
Seat 6: Dorex2007 folded before Flop (didn't bet)
Seat 7: semfyan folded before Flop
Seat 8: BCEMAGUSHIY folded before Flop (didn't bet)
Seat 9: RaphaRaff (button) folded before Flop



PokerStars Hand #225148729105:  Hold'em No Limit ($0.01/$0.02 USD) - 2021/03/24 14:09:25 PT [2021/03/24 17:09:25 ET]
Table 'Roberbauxa V' 9-max Seat #1 is the button
Seat 1: alex_mas2 ($3.60 in chips) 
Seat 2: mrjapa1000 ($2 in chips) 
Seat 3: r0mmmy ($3.89 in chips) 
Seat 4: sadner ($2.78 in chips) 
Seat 6: Dorex2007 ($1.39 in chips) 
Seat 7: semfyan ($2.19 in chips) 
Seat 8: BCEMAGUSHIY ($1.16 in chips) 
Seat 9: RaphaRaff ($1.44 in chips) 
mrjapa1000: posts small blind $0.01
r0mmmy: posts big blind $0.02
*** HOLE CARDS ***
Dealt to Dorex2007 [Jc Kc]
sadner: folds 
DigitalD155 leaves the table
RaphaRaff said, "good fold uff"
Dorex2007: raises $0.04 to $0.06
semfyan: folds 
BCEMAGUSHIY: folds 
RaphaRaff: folds 
RaphaRaff said, "ak"
alex_mas2: folds 
mrjapa1000: calls $0.05
r0mmmy: folds 
*** FLOP *** [5h Kd Qd]
mrjapa1000: bets $0.05
Dorex2007: calls $0.05
*** TURN *** [5h Kd Qd] [Td]
mrjapa1000: checks 
Dorex2007: bets $0.12
mrjapa1000: calls $0.12
*** RIVER *** [5h Kd Qd Td] [Jd]
mrjapa1000: checks 
Dorex2007: checks 
*** SHOW DOWN ***
mrjapa1000: shows [Js Ts] (two pair, Jacks and Tens)
Dorex2007: shows [Jc Kc] (two pair, Kings and Jacks)
Dorex2007 collected $0.46 from pot
*** SUMMARY ***
Total pot $0.48 | Rake $0.02 
Board [5h Kd Qd Td Jd]
Seat 1: alex_mas2 (button) folded before Flop (didn't bet)
Seat 2: mrjapa1000 (small blind) showed [Js Ts] and lost with two pair, Jacks and Tens
Seat 3: r0mmmy (big blind) folded before Flop
Seat 4: sadner folded before Flop (didn't bet)
Seat 6: Dorex2007 showed [Jc Kc] and won ($0.46) with two pair, Kings and Jacks
Seat 7: semfyan folded before Flop (didn't bet)
Seat 8: BCEMAGUSHIY folded before Flop (didn't bet)
Seat 9: RaphaRaff folded before Flop (didn't bet)



PokerStars Hand #225148757894:  Hold'em No Limit ($0.01/$0.02 USD) - 2021/03/24 14:10:10 PT [2021/03/24 17:10:10 ET]
Table 'Roberbauxa V' 9-max Seat #2 is the button
Seat 1: alex_mas2 ($3.60 in chips) 
Seat 2: mrjapa1000 ($2 in chips) 
Seat 3: r0mmmy ($3.87 in chips) 
Seat 4: sadner ($2.78 in chips) 
Seat 6: Dorex2007 ($1.62 in chips) 
Seat 7: semfyan ($2.19 in chips) 
Seat 8: BCEMAGUSHIY ($1.16 in chips) 
Seat 9: RaphaRaff ($1.44 in chips) 
r0mmmy: posts small blind $0.01
sadner: posts big blind $0.02
*** HOLE CARDS ***
Dealt to Dorex2007 [Js 3d]
Dorex2007: folds 
semfyan: folds 
BCEMAGUSHIY: folds 
RaphaRaff: folds 
adept-ser joins the table at seat #5 
alex_mas2: folds 
mrjapa1000: folds 
r0mmmy: raises $0.02 to $0.04
sadner: folds 
Uncalled bet ($0.02) returned to r0mmmy
r0mmmy collected $0.04 from pot
r0mmmy: doesn't show hand 
*** SUMMARY ***
Total pot $0.04 | Rake $0 
Seat 1: alex_mas2 folded before Flop (didn't bet)
Seat 2: mrjapa1000 (button) folded before Flop (didn't bet)
Seat 3: r0mmmy (small blind) collected ($0.04)
Seat 4: sadner (big blind) folded before Flop
Seat 6: Dorex2007 folded before Flop (didn't bet)
Seat 7: semfyan folded before Flop (didn't bet)
Seat 8: BCEMAGUSHIY folded before Flop (didn't bet)
Seat 9: RaphaRaff folded before Flop (didn't bet)



PokerStars Hand #225148772663:  Hold'em No Limit ($0.01/$0.02 USD) - 2021/03/24 14:10:34 PT [2021/03/24 17:10:34 ET]
Table 'Roberbauxa V' 9-max Seat #3 is the button
Seat 1: alex_mas2 ($3.60 in chips) 
Seat 2: mrjapa1000 ($2 in chips) 
Seat 3: r0mmmy ($3.89 in chips) 
Seat 4: sadner ($2.76 in chips) 
Seat 5: adept-ser ($0.80 in chips) 
Seat 6: Dorex2007 ($1.62 in chips) 
Seat 7: semfyan ($2.19 in chips) 
Seat 8: BCEMAGUSHIY ($1.16 in chips) 
Seat 9: RaphaRaff ($1.44 in chips) 
sadner: posts small blind $0.01
adept-ser: posts big blind $0.02
*** HOLE CARDS ***
Dealt to Dorex2007 [6d Tc]
Dorex2007: folds 
semfyan: folds 
BCEMAGUSHIY: folds 
RaphaRaff: calls $0.02
alex_mas2: folds 
mrjapa1000: raises $0.07 to $0.09
r0mmmy: folds 
sadner: folds 
adept-ser: calls $0.07
RaphaRaff: folds 
*** FLOP *** [Qd 5d 4h]
adept-ser: checks 
mrjapa1000: bets $0.07
adept-ser: calls $0.07
*** TURN *** [Qd 5d 4h] [3s]
adept-ser: checks 
mrjapa1000: bets $0.11
adept-ser: raises $0.53 to $0.64 and is all-in
mrjapa1000: calls $0.53
*** RIVER *** [Qd 5d 4h 3s] [6c]
*** SHOW DOWN ***
adept-ser: shows [5s 3d] (two pair, Fives and Threes)
mrjapa1000: shows [Qh Ah] (a pair of Queens)
mrjapa1000 cashed out the hand for $0.42
adept-ser cashed out the hand for $1.14 | Cash Out Fee $0.01
*** SUMMARY ***
Total pot $1.63 | Rake $0.06 
Board [Qd 5d 4h 3s 6c]
Seat 1: alex_mas2 folded before Flop (didn't bet)
Seat 2: mrjapa1000 showed [Qh Ah] and lost with a pair of Queens (cashed out).
Seat 3: r0mmmy (button) folded before Flop (didn't bet)
Seat 4: sadner (small blind) folded before Flop
Seat 5: adept-ser (big blind) showed [5s 3d] and won ($1.57) with two pair, Fives and Threes (pot not awarded as player cashed out)
Seat 6: Dorex2007 folded before Flop (didn't bet)
Seat 7: semfyan folded before Flop (didn't bet)
Seat 8: BCEMAGUSHIY folded before Flop (didn't bet)
Seat 9: RaphaRaff folded before Flop



PokerStars Hand #225148811375:  Hold'em No Limit ($0.01/$0.02 USD) - 2021/03/24 14:11:32 PT [2021/03/24 17:11:32 ET]
Table 'Roberbauxa V' 9-max Seat #4 is the button
Seat 1: alex_mas2 ($3.60 in chips) 
Seat 2: mrjapa1000 ($2 in chips) 
Seat 3: r0mmmy ($3.89 in chips) 
Seat 4: sadner ($2.75 in chips) 
Seat 5: adept-ser ($1.14 in chips) 
Seat 6: Dorex2007 ($1.62 in chips) 
Seat 7: semfyan ($2.19 in chips) 
Seat 8: BCEMAGUSHIY ($1.16 in chips) 
Seat 9: RaphaRaff ($1.42 in chips) 
adept-ser: posts small blind $0.01
Dorex2007: posts big blind $0.02
*** HOLE CARDS ***
Dealt to Dorex2007 [7c 4d]
semfyan: raises $0.03 to $0.05
BCEMAGUSHIY: folds 
RaphaRaff: folds 
alex_mas2: folds 
mrjapa1000: folds 
r0mmmy: calls $0.05
sadner: folds 
adept-ser: calls $0.04
Dorex2007: folds 
*** FLOP *** [7h 6c Td]
adept-ser: checks 
semfyan: bets $0.08
r0mmmy: folds 
adept-ser: calls $0.08
*** TURN *** [7h 6c Td] [7s]
adept-ser: checks 
semfyan: checks 
*** RIVER *** [7h 6c Td 7s] [8c]
adept-ser: bets $0.16
semfyan: calls $0.16
*** SHOW DOWN ***
adept-ser: shows [2s 6d] (two pair, Sevens and Sixes)
semfyan: shows [Kc Tc] (two pair, Tens and Sevens)
semfyan collected $0.63 from pot
*** SUMMARY ***
Total pot $0.65 | Rake $0.02 
Board [7h 6c Td 7s 8c]
Seat 1: alex_mas2 folded before Flop (didn't bet)
Seat 2: mrjapa1000 folded before Flop (didn't bet)
Seat 3: r0mmmy folded on the Flop
Seat 4: sadner (button) folded before Flop (didn't bet)
Seat 5: adept-ser (small blind) showed [2s 6d] and lost with two pair, Sevens and Sixes
Seat 6: Dorex2007 (big blind) folded before Flop
Seat 7: semfyan showed [Kc Tc] and won ($0.63) with two pair, Tens and Sevens
Seat 8: BCEMAGUSHIY folded before Flop (didn't bet)
Seat 9: RaphaRaff folded before Flop (didn't bet)



PokerStars Hand #225148848730:  Hold'em No Limit ($0.01/$0.02 USD) - 2021/03/24 14:12:31 PT [2021/03/24 17:12:31 ET]
Table 'Roberbauxa V' 9-max Seat #5 is the button
Seat 1: alex_mas2 ($3.60 in chips) 
Seat 2: mrjapa1000 ($2 in chips) 
Seat 3: r0mmmy ($3.84 in chips) 
Seat 4: sadner ($2.75 in chips) 
Seat 5: adept-ser ($0.85 in chips) 
Seat 6: Dorex2007 ($1.60 in chips) 
Seat 9: RaphaRaff ($1.42 in chips) 
Dorex2007: posts small blind $0.01
semfyan: is sitting out 
BCEMAGUSHIY: is sitting out 
RaphaRaff: posts big blind $0.02
*** HOLE CARDS ***
Dealt to Dorex2007 [8h Td]
alex_mas2: calls $0.02
semfyan leaves the table
mrjapa1000 has timed out
mrjapa1000: folds 
BCEMAGUSHIY leaves the table
r0mmmy: raises $0.02 to $0.04
sadner: folds 
adept-ser: raises $0.02 to $0.06
Dorex2007: folds 
RaphaRaff: folds 
alex_mas2: calls $0.04
Tommy8500 joins the table at seat #7 
r0mmmy: calls $0.02
*** FLOP *** [4d Qs 9d]
crossA.D. joins the table at seat #8 
alex_mas2: checks 
r0mmmy: checks 
adept-ser: checks 
*** TURN *** [4d Qs 9d] [Jh]
alex_mas2: checks 
r0mmmy: checks 
adept-ser: checks 
*** RIVER *** [4d Qs 9d Jh] [Tc]
alex_mas2: checks 
r0mmmy: checks 
adept-ser: checks 
*** SHOW DOWN ***
alex_mas2: shows [9h 8c] (a straight, Eight to Queen)
r0mmmy: mucks hand 
adept-ser: mucks hand 
alex_mas2 collected $0.20 from pot
*** SUMMARY ***
Total pot $0.21 | Rake $0.01 
Board [4d Qs 9d Jh Tc]
Seat 1: alex_mas2 showed [9h 8c] and won ($0.20) with a straight, Eight to Queen
Seat 2: mrjapa1000 folded before Flop (didn't bet)
Seat 3: r0mmmy mucked [5d 6h]
Seat 4: sadner folded before Flop (didn't bet)
Seat 5: adept-ser (button) mucked [7d 3s]
Seat 6: Dorex2007 (small blind) folded before Flop
Seat 9: RaphaRaff (big blind) folded before Flop



PokerStars Hand #225148891765:  Hold'em No Limit ($0.01/$0.02 USD) - 2021/03/24 14:13:39 PT [2021/03/24 17:13:39 ET]
Table 'Roberbauxa V' 9-max Seat #6 is the button
Seat 1: alex_mas2 ($3.74 in chips) 
Seat 2: mrjapa1000 ($2 in chips) 
Seat 3: r0mmmy ($3.78 in chips) 
Seat 4: sadner ($2.75 in chips) 
Seat 5: adept-ser ($0.79 in chips) 
Seat 6: Dorex2007 ($1.59 in chips) 
Seat 9: RaphaRaff ($1.40 in chips) 
RaphaRaff: posts small blind $0.01
alex_mas2: posts big blind $0.02
*** HOLE CARDS ***
Dealt to Dorex2007 [8h 3h]
mrjapa1000: folds 
r0mmmy: folds 
sadner: folds 
adept-ser: raises $0.04 to $0.06
Dorex2007: folds 
RaphaRaff: folds 
alex_mas2: calls $0.04
*** FLOP *** [2d 9s 5c]
alex_mas2: checks 
adept-ser: checks 
*** TURN *** [2d 9s 5c] [3s]
alex_mas2: bets $0.06
adept-ser: calls $0.06
*** RIVER *** [2d 9s 5c 3s] [Tc]
alex_mas2: checks 
adept-ser: bets $0.08
alex_mas2: calls $0.08
*** SHOW DOWN ***
adept-ser: shows [Td Qc] (a pair of Tens)
alex_mas2: mucks hand 
adept-ser collected $0.40 from pot
*** SUMMARY ***
Total pot $0.41 | Rake $0.01 
Board [2d 9s 5c 3s Tc]
Seat 1: alex_mas2 (big blind) mucked [Kh 5h]
Seat 2: mrjapa1000 folded before Flop (didn't bet)
Seat 3: r0mmmy folded before Flop (didn't bet)
Seat 4: sadner folded before Flop (didn't bet)
Seat 5: adept-ser showed [Td Qc] and won ($0.40) with a pair of Tens
Seat 6: Dorex2007 (button) folded before Flop (didn't bet)
Seat 9: RaphaRaff (small blind) folded before Flop



PokerStars Hand #225148918328:  Hold'em No Limit ($0.01/$0.02 USD) - 2021/03/24 14:14:21 PT [2021/03/24 17:14:21 ET]
Table 'Roberbauxa V' 9-max Seat #9 is the button
Seat 1: alex_mas2 ($3.54 in chips) 
Seat 2: mrjapa1000 ($2 in chips) 
Seat 3: r0mmmy ($3.78 in chips) 
Seat 4: sadner ($2.75 in chips) 
Seat 5: adept-ser ($0.99 in chips) 
Seat 6: Dorex2007 ($1.59 in chips) 
Seat 7: Tommy8500 ($1.60 in chips) 
Seat 8: crossA.D. ($2 in chips) 
Seat 9: RaphaRaff ($1.39 in chips) 
alex_mas2: posts small blind $0.01
mrjapa1000: posts big blind $0.02
Tommy8500: posts big blind $0.02
crossA.D.: posts big blind $0.02
*** HOLE CARDS ***
Dealt to Dorex2007 [Ks Tc]
r0mmmy: folds 
sadner: raises $0.08 to $0.10
adept-ser: folds 
Dorex2007: folds 
Tommy8500: folds 
crossA.D.: folds 
RaphaRaff: folds 
alex_mas2: folds 
mrjapa1000: folds 
Uncalled bet ($0.08) returned to sadner
sadner collected $0.09 from pot
sadner: doesn't show hand 
*** SUMMARY ***
Total pot $0.09 | Rake $0 
Seat 1: alex_mas2 (small blind) folded before Flop
Seat 2: mrjapa1000 (big blind) folded before Flop
Seat 3: r0mmmy folded before Flop (didn't bet)
Seat 4: sadner collected ($0.09)
Seat 5: adept-ser folded before Flop (didn't bet)
Seat 6: Dorex2007 folded before Flop (didn't bet)
Seat 7: Tommy8500 folded before Flop (didn't bet)
Seat 8: crossA.D. folded before Flop (didn't bet)
Seat 9: RaphaRaff (button) folded before Flop (didn't bet)



PokerStars Hand #225148935177:  Hold'em No Limit ($0.01/$0.02 USD) - 2021/03/24 14:14:48 PT [2021/03/24 17:14:48 ET]
Table 'Roberbauxa V' 9-max Seat #1 is the button
Seat 1: alex_mas2 ($3.53 in chips) 
Seat 2: mrjapa1000 ($2 in chips) 
Seat 3: r0mmmy ($3.78 in chips) 
Seat 4: sadner ($2.82 in chips) 
Seat 5: adept-ser ($0.99 in chips) 
Seat 6: Dorex2007 ($1.59 in chips) 
Seat 7: Tommy8500 ($1.58 in chips) 
Seat 8: crossA.D. ($1.98 in chips) 
Seat 9: RaphaRaff ($1.39 in chips) 
mrjapa1000: posts small blind $0.01
r0mmmy: posts big blind $0.02
*** HOLE CARDS ***
Dealt to Dorex2007 [6h Ts]
sadner: folds 
adept-ser: calls $0.02
Dorex2007: folds 
Tommy8500: folds 
crossA.D.: folds 
RaphaRaff: folds 
alex_mas2: folds 
mrjapa1000: folds 
r0mmmy: checks 
*** FLOP *** [2h Qd 3s]
r0mmmy: checks 
adept-ser: bets $0.05
r0mmmy: calls $0.05
*** TURN *** [2h Qd 3s] [Js]
r0mmmy: checks 
adept-ser: checks 
*** RIVER *** [2h Qd 3s Js] [3h]
r0mmmy: checks 
adept-ser: checks 
*** SHOW DOWN ***
r0mmmy: shows [5s 4h] (a pair of Threes)
adept-ser: shows [7h 7c] (two pair, Sevens and Threes)
adept-ser collected $0.14 from pot
*** SUMMARY ***
Total pot $0.15 | Rake $0.01 
Board [2h Qd 3s Js 3h]
Seat 1: alex_mas2 (button) folded before Flop (didn't bet)
Seat 2: mrjapa1000 (small blind) folded before Flop
Seat 3: r0mmmy (big blind) showed [5s 4h] and lost with a pair of Threes
Seat 4: sadner folded before Flop (didn't bet)
Seat 5: adept-ser showed [7h 7c] and won ($0.14) with two pair, Sevens and Threes
Seat 6: Dorex2007 folded before Flop (didn't bet)
Seat 7: Tommy8500 folded before Flop (didn't bet)
Seat 8: crossA.D. folded before Flop (didn't bet)
Seat 9: RaphaRaff folded before Flop (didn't bet)



PokerStars Hand #225148969448:  Hold'em No Limit ($0.01/$0.02 USD) - 2021/03/24 14:15:43 PT [2021/03/24 17:15:43 ET]
Table 'Roberbauxa V' 9-max Seat #2 is the button
Seat 1: alex_mas2 ($3.53 in chips) 
Seat 2: mrjapa1000 ($2 in chips) 
Seat 3: r0mmmy ($3.71 in chips) 
Seat 4: sadner ($2.82 in chips) 
Seat 5: adept-ser ($1.06 in chips) 
Seat 6: Dorex2007 ($1.59 in chips) 
Seat 7: Tommy8500 ($1.58 in chips) 
Seat 8: crossA.D. ($1.98 in chips) 
Seat 9: RaphaRaff ($1.39 in chips) 
r0mmmy: posts small blind $0.01
sadner: posts big blind $0.02
*** HOLE CARDS ***
Dealt to Dorex2007 [7d 3s]
adept-ser: folds 
Dorex2007: folds 
Tommy8500: folds 
crossA.D.: folds 
RaphaRaff: raises $0.06 to $0.08
alex_mas2: folds 
mrjapa1000: folds 
r0mmmy: calls $0.07
sadner: folds 
*** FLOP *** [5d 5s 2d]
r0mmmy: checks 
crossA.D. is disconnected 
RaphaRaff: bets $0.09
r0mmmy: calls $0.09
*** TURN *** [5d 5s 2d] [4d]
r0mmmy: checks 
RaphaRaff: checks 
*** RIVER *** [5d 5s 2d 4d] [Kh]
r0mmmy: checks 
RaphaRaff: bets $0.18
r0mmmy: calls $0.18
*** SHOW DOWN ***
RaphaRaff: shows [Qh Ah] (a pair of Fives)
r0mmmy: mucks hand 
RaphaRaff collected $0.69 from pot
*** SUMMARY ***
Total pot $0.72 | Rake $0.03 
Board [5d 5s 2d 4d Kh]
Seat 1: alex_mas2 folded before Flop (didn't bet)
Seat 2: mrjapa1000 (button) folded before Flop (didn't bet)
Seat 3: r0mmmy (small blind) mucked [Ts Ad]
Seat 4: sadner (big blind) folded before Flop
Seat 5: adept-ser folded before Flop (didn't bet)
Seat 6: Dorex2007 folded before Flop (didn't bet)
Seat 7: Tommy8500 folded before Flop (didn't bet)
Seat 8: crossA.D. folded before Flop (didn't bet)
Seat 9: RaphaRaff showed [Qh Ah] and won ($0.69) with a pair of Fives



PokerStars Hand #225148996590:  Hold'em No Limit ($0.01/$0.02 USD) - 2021/03/24 14:16:21 PT [2021/03/24 17:16:21 ET]
Table 'Roberbauxa V' 9-max Seat #3 is the button
Seat 1: alex_mas2 ($3.53 in chips) 
Seat 2: mrjapa1000 ($2 in chips) 
Seat 3: r0mmmy ($3.36 in chips) 
Seat 4: sadner ($2.80 in chips) 
Seat 5: adept-ser ($1.06 in chips) 
Seat 6: Dorex2007 ($1.59 in chips) 
Seat 7: Tommy8500 ($1.58 in chips) 
Seat 8: crossA.D. ($1.98 in chips) 
Seat 9: RaphaRaff ($1.73 in chips) 
sadner: posts small blind $0.01
adept-ser: posts big blind $0.02
*** HOLE CARDS ***
Dealt to Dorex2007 [Ts 3s]
Dorex2007: folds 
Tommy8500: folds 
crossA.D. has timed out while disconnected
crossA.D.: folds 
RaphaRaff: folds 
alex_mas2: folds 
mrjapa1000: folds 
r0mmmy: raises $0.04 to $0.06
sadner: folds 
adept-ser: calls $0.04
*** FLOP *** [Ad 4s 7c]
adept-ser: checks 
r0mmmy: checks 
*** TURN *** [Ad 4s 7c] [Kd]
adept-ser: checks 
r0mmmy: checks 
*** RIVER *** [Ad 4s 7c Kd] [9c]
adept-ser: checks 
r0mmmy: checks 
*** SHOW DOWN ***
adept-ser: shows [Jh 6c] (high card Ace)
r0mmmy: shows [2c 2s] (a pair of Deuces)
r0mmmy collected $0.13 from pot
*** SUMMARY ***
Total pot $0.13 | Rake $0 
Board [Ad 4s 7c Kd 9c]
Seat 1: alex_mas2 folded before Flop (didn't bet)
Seat 2: mrjapa1000 folded before Flop (didn't bet)
Seat 3: r0mmmy (button) showed [2c 2s] and won ($0.13) with a pair of Deuces
Seat 4: sadner (small blind) folded before Flop
Seat 5: adept-ser (big blind) showed [Jh 6c] and lost with high card Ace
Seat 6: Dorex2007 folded before Flop (didn't bet)
Seat 7: Tommy8500 folded before Flop (didn't bet)
Seat 8: crossA.D. folded before Flop (didn't bet)
Seat 9: RaphaRaff folded before Flop (didn't bet)



PokerStars Hand #225149030443:  Hold'em No Limit ($0.01/$0.02 USD) - 2021/03/24 14:17:15 PT [2021/03/24 17:17:15 ET]
Table 'Roberbauxa V' 9-max Seat #4 is the button
Seat 1: alex_mas2 ($3.53 in chips) 
Seat 2: mrjapa1000 ($2 in chips) 
Seat 3: r0mmmy ($3.43 in chips) 
Seat 4: sadner ($2.79 in chips) 
Seat 5: adept-ser ($1 in chips) 
Seat 6: Dorex2007 ($1.59 in chips) 
Seat 7: Tommy8500 ($1.58 in chips) 
Seat 9: RaphaRaff ($1.73 in chips) 
adept-ser: posts small blind $0.01
Dorex2007: posts big blind $0.02
*** HOLE CARDS ***
Dealt to Dorex2007 [2c Jh]
Tommy8500: folds 
RaphaRaff: folds 
alex_mas2: calls $0.02
mrjapa1000: calls $0.02
r0mmmy: folds 
sadner: calls $0.02
adept-ser: calls $0.01
Dorex2007: checks 
*** FLOP *** [6h 6s 5s]
adept-ser: checks 
Dorex2007: checks 
alex_mas2: bets $0.02
mrjapa1000: folds 
sadner: calls $0.02
adept-ser: folds 
Dorex2007: folds 
*** TURN *** [6h 6s 5s] [Td]
alex_mas2: bets $0.07
sadner: raises $0.09 to $0.16
alex_mas2: folds 
Uncalled bet ($0.09) returned to sadner
sadner collected $0.27 from pot
sadner: doesn't show hand 
*** SUMMARY ***
Total pot $0.28 | Rake $0.01 
Board [6h 6s 5s Td]
Seat 1: alex_mas2 folded on the Turn
Seat 2: mrjapa1000 folded on the Flop
Seat 3: r0mmmy folded before Flop (didn't bet)
Seat 4: sadner (button) collected ($0.27)
Seat 5: adept-ser (small blind) folded on the Flop
Seat 6: Dorex2007 (big blind) folded on the Flop
Seat 7: Tommy8500 folded before Flop (didn't bet)
Seat 9: RaphaRaff folded before Flop (didn't bet)



PokerStars Hand #225149072352:  Hold'em No Limit ($0.01/$0.02 USD) - 2021/03/24 14:18:22 PT [2021/03/24 17:18:22 ET]
Table 'Roberbauxa V' 9-max Seat #5 is the button
Seat 1: alex_mas2 ($3.42 in chips) 
Seat 2: mrjapa1000 ($2 in chips) 
Seat 3: r0mmmy ($3.43 in chips) 
Seat 4: sadner ($2.95 in chips) 
Seat 5: adept-ser ($0.98 in chips) 
Seat 6: Dorex2007 ($1.57 in chips) 
Seat 7: Tommy8500 ($1.58 in chips) 
Seat 9: RaphaRaff ($1.73 in chips) 
Dorex2007: posts small blind $0.01
Tommy8500: posts big blind $0.02
*** HOLE CARDS ***
Dealt to Dorex2007 [7d 4h]
RaphaRaff: folds 
alex_mas2: folds 
mrjapa1000: folds 
r0mmmy: raises $0.02 to $0.04
sadner: folds 
mrjapa1000 leaves the table
adept-ser: raises $0.02 to $0.06
Dorex2007: folds 
Tommy8500: folds 
r0mmmy: folds 
Uncalled bet ($0.02) returned to adept-ser
adept-ser collected $0.11 from pot
*** SUMMARY ***
Total pot $0.11 | Rake $0 
Seat 1: alex_mas2 folded before Flop (didn't bet)
Seat 2: mrjapa1000 folded before Flop (didn't bet)
Seat 3: r0mmmy folded before Flop
Seat 4: sadner folded before Flop (didn't bet)
Seat 5: adept-ser (button) collected ($0.11)
Seat 6: Dorex2007 (small blind) folded before Flop
Seat 7: Tommy8500 (big blind) folded before Flop
Seat 9: RaphaRaff folded before Flop (didn't bet)



PokerStars Hand #225149090496:  Hold'em No Limit ($0.01/$0.02 USD) - 2021/03/24 14:18:51 PT [2021/03/24 17:18:51 ET]
Table 'Roberbauxa V' 9-max Seat #6 is the button
Seat 1: alex_mas2 ($3.42 in chips) 
Seat 3: r0mmmy ($3.39 in chips) 
Seat 4: sadner ($2.95 in chips) 
Seat 5: adept-ser ($1.05 in chips) 
Seat 6: Dorex2007 ($1.56 in chips) 
Seat 7: Tommy8500 ($1.56 in chips) 
Seat 9: RaphaRaff ($1.73 in chips) 
Tommy8500: posts small blind $0.01
RaphaRaff: posts big blind $0.02
*** HOLE CARDS ***
Dealt to Dorex2007 [Jd 4d]
alex_mas2: calls $0.02
r0mmmy: folds 
sadner: raises $0.06 to $0.08
adept-ser: raises $0.97 to $1.05 and is all-in
Dorex2007: folds 
Tommy8500: folds 
RaphaRaff: folds 
alex_mas2: folds 
sadner: folds 
Uncalled bet ($0.97) returned to adept-ser
adept-ser collected $0.21 from pot
*** SUMMARY ***
Total pot $0.21 | Rake $0 
Seat 1: alex_mas2 folded before Flop
Seat 3: r0mmmy folded before Flop (didn't bet)
Seat 4: sadner folded before Flop
Seat 5: adept-ser collected ($0.21)
Seat 6: Dorex2007 (button) folded before Flop (didn't bet)
Seat 7: Tommy8500 (small blind) folded before Flop
Seat 9: RaphaRaff (big blind) folded before Flop



PokerStars Hand #225149109526:  Hold'em No Limit ($0.01/$0.02 USD) - 2021/03/24 14:19:22 PT [2021/03/24 17:19:22 ET]
Table 'Roberbauxa V' 9-max Seat #7 is the button
Seat 1: alex_mas2 ($3.40 in chips) 
Seat 3: r0mmmy ($3.39 in chips) 
Seat 4: sadner ($2.87 in chips) 
Seat 5: adept-ser ($1.18 in chips) 
Seat 6: Dorex2007 ($1.56 in chips) 
Seat 7: Tommy8500 ($1.55 in chips) 
Seat 9: RaphaRaff ($1.71 in chips) 
RaphaRaff: posts small blind $0.01
alex_mas2: posts big blind $0.02
*** HOLE CARDS ***
Dealt to Dorex2007 [Jh 8s]
r0mmmy: folds 
sadner: folds 
adept-ser: folds 
Dorex2007: folds 
Tommy8500: folds 
RaphaRaff: calls $0.01
alex_mas2: checks 
*** FLOP *** [8h Td Ts]
RaphaRaff: checks 
alex_mas2: checks 
*** TURN *** [8h Td Ts] [Qh]
RaphaRaff: checks 
boarddiver joins the table at seat #2 
alex_mas2: checks 
*** RIVER *** [8h Td Ts Qh] [Ac]
RaphaRaff: checks 
alex_mas2: checks 
*** SHOW DOWN ***
RaphaRaff: shows [7d 2d] (a pair of Tens)
alex_mas2: shows [3s 4c] (a pair of Tens)
RaphaRaff collected $0.02 from pot
alex_mas2 collected $0.02 from pot
*** SUMMARY ***
Total pot $0.04 | Rake $0 
Board [8h Td Ts Qh Ac]
Seat 1: alex_mas2 (big blind) showed [3s 4c] and won ($0.02) with a pair of Tens
Seat 3: r0mmmy folded before Flop (didn't bet)
Seat 4: sadner folded before Flop (didn't bet)
Seat 5: adept-ser folded before Flop (didn't bet)
Seat 6: Dorex2007 folded before Flop (didn't bet)
Seat 7: Tommy8500 (button) folded before Flop (didn't bet)
Seat 9: RaphaRaff (small blind) showed [7d 2d] and won ($0.02) with a pair of Tens



PokerStars Hand #225149133897:  Hold'em No Limit ($0.01/$0.02 USD) - 2021/03/24 14:20:02 PT [2021/03/24 17:20:02 ET]
Table 'Roberbauxa V' 9-max Seat #9 is the button
Seat 1: alex_mas2 ($3.40 in chips) 
Seat 2: boarddiver ($2 in chips) 
Seat 3: r0mmmy ($3.39 in chips) 
Seat 4: sadner ($2.87 in chips) 
Seat 5: adept-ser ($1.18 in chips) 
Seat 6: Dorex2007 ($1.56 in chips) 
Seat 7: Tommy8500 ($1.55 in chips) 
Seat 9: RaphaRaff ($1.71 in chips) 
alex_mas2: posts small blind $0.01
boarddiver: posts big blind $0.02
*** HOLE CARDS ***
Dealt to Dorex2007 [6c Jh]
r0mmmy has timed out
r0mmmy: folds 
sadner: folds 
adept-ser: folds 
Dorex2007: folds 
Tommy8500: folds 
RaphaRaff: folds 
alex_mas2: raises $0.04 to $0.06
boarddiver: folds 
Uncalled bet ($0.04) returned to alex_mas2
alex_mas2 collected $0.04 from pot
alex_mas2: doesn't show hand 
*** SUMMARY ***
Total pot $0.04 | Rake $0 
Seat 1: alex_mas2 (small blind) collected ($0.04)
Seat 2: boarddiver (big blind) folded before Flop
Seat 3: r0mmmy folded before Flop (didn't bet)
Seat 4: sadner folded before Flop (didn't bet)
Seat 5: adept-ser folded before Flop (didn't bet)
Seat 6: Dorex2007 folded before Flop (didn't bet)
Seat 7: Tommy8500 folded before Flop (didn't bet)
Seat 9: RaphaRaff (button) folded before Flop (didn't bet)



PokerStars Hand #225149149969:  Hold'em No Limit ($0.01/$0.02 USD) - 2021/03/24 14:20:27 PT [2021/03/24 17:20:27 ET]
Table 'Roberbauxa V' 9-max Seat #1 is the button
Seat 1: alex_mas2 ($3.42 in chips) 
Seat 2: boarddiver ($1.98 in chips) 
Seat 3: r0mmmy ($3.39 in chips) 
Seat 4: sadner ($2.87 in chips) 
Seat 5: adept-ser ($1.18 in chips) 
Seat 6: Dorex2007 ($1.56 in chips) 
Seat 7: Tommy8500 ($1.55 in chips) 
Seat 9: RaphaRaff ($1.71 in chips) 
boarddiver: posts small blind $0.01
r0mmmy: posts big blind $0.02
*** HOLE CARDS ***
Dealt to Dorex2007 [4c 6d]
sadner: folds 
adept-ser: raises $0.04 to $0.06
Dorex2007: folds 
Tommy8500: folds 
RaphaRaff: folds 
alex_mas2: folds 
boarddiver: folds 
r0mmmy: folds 
Uncalled bet ($0.04) returned to adept-ser
adept-ser collected $0.05 from pot
*** SUMMARY ***
Total pot $0.05 | Rake $0 
Seat 1: alex_mas2 (button) folded before Flop (didn't bet)
Seat 2: boarddiver (small blind) folded before Flop
Seat 3: r0mmmy (big blind) folded before Flop
Seat 4: sadner folded before Flop (didn't bet)
Seat 5: adept-ser collected ($0.05)
Seat 6: Dorex2007 folded before Flop (didn't bet)
Seat 7: Tommy8500 folded before Flop (didn't bet)
Seat 9: RaphaRaff folded before Flop (didn't bet)



PokerStars Hand #225149157245:  Hold'em No Limit ($0.01/$0.02 USD) - 2021/03/24 14:20:39 PT [2021/03/24 17:20:39 ET]
Table 'Roberbauxa V' 9-max Seat #2 is the button
Seat 1: alex_mas2 ($3.42 in chips) 
Seat 2: boarddiver ($1.97 in chips) 
Seat 3: r0mmmy ($3.37 in chips) 
Seat 4: sadner ($2.87 in chips) 
Seat 5: adept-ser ($1.21 in chips) 
Seat 6: Dorex2007 ($1.56 in chips) 
Seat 7: Tommy8500 ($1.55 in chips) 
Seat 9: RaphaRaff ($1.71 in chips) 
r0mmmy: posts small blind $0.01
sadner: posts big blind $0.02
*** HOLE CARDS ***
Dealt to Dorex2007 [Ac Qc]
adept-ser: calls $0.02
Dorex2007: raises $0.04 to $0.06
Tommy8500: folds 
RaphaRaff: folds 
alex_mas2: folds 
boarddiver: calls $0.06
r0mmmy: folds 
sadner: folds 
adept-ser: calls $0.04
*** FLOP *** [Jh 7d Js]
adept-ser: checks 
Dorex2007: bets $0.20
boarddiver: folds 
adept-ser: folds 
Uncalled bet ($0.20) returned to Dorex2007
Dorex2007 collected $0.20 from pot
Dorex2007: doesn't show hand 
*** SUMMARY ***
Total pot $0.21 | Rake $0.01 
Board [Jh 7d Js]
Seat 1: alex_mas2 folded before Flop (didn't bet)
Seat 2: boarddiver (button) folded on the Flop
Seat 3: r0mmmy (small blind) folded before Flop
Seat 4: sadner (big blind) folded before Flop
Seat 5: adept-ser folded on the Flop
Seat 6: Dorex2007 collected ($0.20)
Seat 7: Tommy8500 folded before Flop (didn't bet)
Seat 9: RaphaRaff folded before Flop (didn't bet)



PokerStars Hand #225149178099:  Hold'em No Limit ($0.01/$0.02 USD) - 2021/03/24 14:21:13 PT [2021/03/24 17:21:13 ET]
Table 'Roberbauxa V' 9-max Seat #3 is the button
Seat 1: alex_mas2 ($3.42 in chips) 
Seat 2: boarddiver ($1.91 in chips) 
Seat 3: r0mmmy ($3.36 in chips) 
Seat 4: sadner ($2.85 in chips) 
Seat 5: adept-ser ($1.15 in chips) 
Seat 6: Dorex2007 ($1.70 in chips) 
Seat 7: Tommy8500 ($1.55 in chips) 
Seat 9: RaphaRaff ($1.71 in chips) 
sadner: posts small blind $0.01
adept-ser: posts big blind $0.02
*** HOLE CARDS ***
Dealt to Dorex2007 [As Ad]
Dorex2007: raises $0.04 to $0.06
Tommy8500: folds 
RaphaRaff: calls $0.06
alex_mas2: folds 
boarddiver: calls $0.06
r0mmmy: calls $0.06
sadner: folds 
adept-ser: calls $0.04
*** FLOP *** [8d 5s 2d]
adept-ser: checks 
Dorex2007: bets $0.15
RaphaRaff: calls $0.15
boarddiver: calls $0.15
r0mmmy: calls $0.15
adept-ser: folds 
*** TURN *** [8d 5s 2d] [4d]
Dorex2007: bets $0.44
RaphaRaff: folds 
boarddiver: folds 
r0mmmy: folds 
Uncalled bet ($0.44) returned to Dorex2007
Dorex2007 collected $0.88 from pot
Dorex2007: doesn't show hand 
*** SUMMARY ***
Total pot $0.91 | Rake $0.03 
Board [8d 5s 2d 4d]
Seat 1: alex_mas2 folded before Flop (didn't bet)
Seat 2: boarddiver folded on the Turn
Seat 3: r0mmmy (button) folded on the Turn
Seat 4: sadner (small blind) folded before Flop
Seat 5: adept-ser (big blind) folded on the Flop
Seat 6: Dorex2007 collected ($0.88)
Seat 7: Tommy8500 folded before Flop (didn't bet)
Seat 9: RaphaRaff folded on the Turn



PokerStars Hand #225149214899:  Hold'em No Limit ($0.01/$0.02 USD) - 2021/03/24 14:22:12 PT [2021/03/24 17:22:12 ET]
Table 'Roberbauxa V' 9-max Seat #4 is the button
Seat 1: alex_mas2 ($3.42 in chips) 
Seat 2: boarddiver ($1.70 in chips) 
Seat 3: r0mmmy ($3.15 in chips) 
Seat 4: sadner ($2.84 in chips) 
Seat 5: adept-ser ($1.09 in chips) 
Seat 6: Dorex2007 ($2.37 in chips) 
Seat 7: Tommy8500 ($1.55 in chips) 
Seat 9: RaphaRaff ($1.50 in chips) 
adept-ser: posts small blind $0.01
Dorex2007: posts big blind $0.02
*** HOLE CARDS ***
Dealt to Dorex2007 [2c 8h]
Tommy8500: folds 
RaphaRaff: folds 
alex_mas2: calls $0.02
boarddiver: folds 
r0mmmy: folds 
sadner: folds 
adept-ser: calls $0.01
Dorex2007: checks 
*** FLOP *** [Jc Kd 5h]
adept-ser: checks 
Dorex2007: checks 
alex_mas2: bets $0.06
adept-ser: calls $0.06
Dorex2007: folds 
*** TURN *** [Jc Kd 5h] [Qd]
adept-ser: checks 
alex_mas2: bets $0.17
adept-ser: calls $0.17
*** RIVER *** [Jc Kd 5h Qd] [7c]
adept-ser: checks 
alex_mas2: checks 
*** SHOW DOWN ***
adept-ser: shows [Ts Tc] (a pair of Tens)
alex_mas2: shows [Kc 6c] (a pair of Kings)
alex_mas2 collected $0.50 from pot
*** SUMMARY ***
Total pot $0.52 | Rake $0.02 
Board [Jc Kd 5h Qd 7c]
Seat 1: alex_mas2 showed [Kc 6c] and won ($0.50) with a pair of Kings
Seat 2: boarddiver folded before Flop (didn't bet)
Seat 3: r0mmmy folded before Flop (didn't bet)
Seat 4: sadner (button) folded before Flop (didn't bet)
Seat 5: adept-ser (small blind) showed [Ts Tc] and lost with a pair of Tens
Seat 6: Dorex2007 (big blind) folded on the Flop
Seat 7: Tommy8500 folded before Flop (didn't bet)
Seat 9: RaphaRaff folded before Flop (didn't bet)



PokerStars Hand #225149243538:  Hold'em No Limit ($0.01/$0.02 USD) - 2021/03/24 14:22:59 PT [2021/03/24 17:22:59 ET]
Table 'Roberbauxa V' 9-max Seat #5 is the button
Seat 1: alex_mas2 ($3.67 in chips) 
Seat 2: boarddiver ($1.70 in chips) 
Seat 3: r0mmmy ($3.15 in chips) 
Seat 4: sadner ($2.84 in chips) 
Seat 5: adept-ser ($0.84 in chips) 
Seat 6: Dorex2007 ($2.35 in chips) 
Seat 7: Tommy8500 ($1.55 in chips) 
Seat 9: RaphaRaff ($1.50 in chips) 
Dorex2007: posts small blind $0.01
Tommy8500: posts big blind $0.02
*** HOLE CARDS ***
Dealt to Dorex2007 [Jd Qh]
RaphaRaff: folds 
alex_mas2: folds 
boarddiver: folds 
r0mmmy: raises $0.04 to $0.06
sadner: folds 
adept-ser: folds 
Dorex2007: folds 
Tommy8500: folds 
Uncalled bet ($0.04) returned to r0mmmy
r0mmmy collected $0.05 from pot
r0mmmy: doesn't show hand 
*** SUMMARY ***
Total pot $0.05 | Rake $0 
Seat 1: alex_mas2 folded before Flop (didn't bet)
Seat 2: boarddiver folded before Flop (didn't bet)
Seat 3: r0mmmy collected ($0.05)
Seat 4: sadner folded before Flop (didn't bet)
Seat 5: adept-ser (button) folded before Flop (didn't bet)
Seat 6: Dorex2007 (small blind) folded before Flop
Seat 7: Tommy8500 (big blind) folded before Flop
Seat 9: RaphaRaff folded before Flop (didn't bet)



PokerStars Hand #225149259334:  Hold'em No Limit ($0.01/$0.02 USD) - 2021/03/24 14:23:24 PT [2021/03/24 17:23:24 ET]
Table 'Roberbauxa V' 9-max Seat #6 is the button
Seat 1: alex_mas2 ($3.67 in chips) 
Seat 2: boarddiver ($1.70 in chips) 
Seat 3: r0mmmy ($3.18 in chips) 
Seat 4: sadner ($2.84 in chips) 
Seat 5: adept-ser ($0.84 in chips) 
Seat 6: Dorex2007 ($2.34 in chips) 
Seat 7: Tommy8500 ($1.53 in chips) 
Seat 9: RaphaRaff ($1.50 in chips) 
Tommy8500: posts small blind $0.01
RaphaRaff: posts big blind $0.02
*** HOLE CARDS ***
Dealt to Dorex2007 [Qd Kc]
alex_mas2: folds 
boarddiver: folds 
r0mmmy: folds 
sadner: folds 
adept-ser: raises $0.04 to $0.06
Dorex2007: calls $0.06
Tommy8500: folds 
RaphaRaff: folds 
*** FLOP *** [2h 5h Js]
adept-ser: checks 
Dorex2007: bets $0.07
adept-ser: folds 
Uncalled bet ($0.07) returned to Dorex2007
Dorex2007 collected $0.14 from pot
Dorex2007: doesn't show hand 
*** SUMMARY ***
Total pot $0.15 | Rake $0.01 
Board [2h 5h Js]
Seat 1: alex_mas2 folded before Flop (didn't bet)
Seat 2: boarddiver folded before Flop (didn't bet)
Seat 3: r0mmmy folded before Flop (didn't bet)
Seat 4: sadner folded before Flop (didn't bet)
Seat 5: adept-ser folded on the Flop
Seat 6: Dorex2007 (button) collected ($0.14)
Seat 7: Tommy8500 (small blind) folded before Flop
Seat 9: RaphaRaff (big blind) folded before Flop



PokerStars Hand #225149276828:  Hold'em No Limit ($0.01/$0.02 USD) - 2021/03/24 14:23:52 PT [2021/03/24 17:23:52 ET]
Table 'Roberbauxa V' 9-max Seat #7 is the button
Seat 1: alex_mas2 ($3.67 in chips) 
Seat 2: boarddiver ($1.70 in chips) 
Seat 3: r0mmmy ($3.18 in chips) 
Seat 4: sadner ($2.84 in chips) 
Seat 5: adept-ser ($0.78 in chips) 
Seat 6: Dorex2007 ($2.42 in chips) 
Seat 7: Tommy8500 ($1.52 in chips) 
Seat 9: RaphaRaff ($1.48 in chips) 
RaphaRaff: posts small blind $0.01
alex_mas2: posts big blind $0.02
*** HOLE CARDS ***
Dealt to Dorex2007 [6s As]
boarddiver: calls $0.02
r0mmmy has timed out
r0mmmy: folds 
sadner: raises $0.06 to $0.08
adept-ser: folds 
Dorex2007: folds 
Tommy8500: folds 
RaphaRaff: folds 
alex_mas2: folds 
boarddiver: folds 
Uncalled bet ($0.06) returned to sadner
sadner collected $0.07 from pot
sadner: doesn't show hand 
*** SUMMARY ***
Total pot $0.07 | Rake $0 
Seat 1: alex_mas2 (big blind) folded before Flop
Seat 2: boarddiver folded before Flop
Seat 3: r0mmmy folded before Flop (didn't bet)
Seat 4: sadner collected ($0.07)
Seat 5: adept-ser folded before Flop (didn't bet)
Seat 6: Dorex2007 folded before Flop (didn't bet)
Seat 7: Tommy8500 (button) folded before Flop (didn't bet)
Seat 9: RaphaRaff (small blind) folded before Flop



PokerStars Hand #225149294613:  Hold'em No Limit ($0.01/$0.02 USD) - 2021/03/24 14:24:21 PT [2021/03/24 17:24:21 ET]
Table 'Roberbauxa V' 9-max Seat #9 is the button
Seat 1: alex_mas2 ($3.65 in chips) 
Seat 2: boarddiver ($1.68 in chips) 
Seat 3: r0mmmy ($3.18 in chips) 
Seat 4: sadner ($2.89 in chips) 
Seat 5: adept-ser ($0.78 in chips) 
Seat 6: Dorex2007 ($2.42 in chips) 
Seat 7: Tommy8500 ($1.52 in chips) 
Seat 9: RaphaRaff ($1.47 in chips) 
alex_mas2: posts small blind $0.01
boarddiver: posts big blind $0.02
*** HOLE CARDS ***
Dealt to Dorex2007 [2d Qh]
r0mmmy: folds 
sadner: folds 
adept-ser: folds 
Dorex2007: folds 
Tommy8500: folds 
RaphaRaff: folds 
alex_mas2: calls $0.01
boarddiver: checks 
*** FLOP *** [Ac Jd 9s]
alex_mas2: checks 
boarddiver: checks 
*** TURN *** [Ac Jd 9s] [Ad]
alex_mas2: bets $0.02
boarddiver: folds 
Uncalled bet ($0.02) returned to alex_mas2
alex_mas2 collected $0.04 from pot
alex_mas2: doesn't show hand 
*** SUMMARY ***
Total pot $0.04 | Rake $0 
Board [Ac Jd 9s Ad]
Seat 1: alex_mas2 (small blind) collected ($0.04)
Seat 2: boarddiver (big blind) folded on the Turn
Seat 3: r0mmmy folded before Flop (didn't bet)
Seat 4: sadner folded before Flop (didn't bet)
Seat 5: adept-ser folded before Flop (didn't bet)
Seat 6: Dorex2007 folded before Flop (didn't bet)
Seat 7: Tommy8500 folded before Flop (didn't bet)
Seat 9: RaphaRaff (button) folded before Flop (didn't bet)



PokerStars Hand #225149315083:  Hold'em No Limit ($0.01/$0.02 USD) - 2021/03/24 14:24:55 PT [2021/03/24 17:24:55 ET]
Table 'Roberbauxa V' 9-max Seat #1 is the button
Seat 1: alex_mas2 ($3.67 in chips) 
Seat 2: boarddiver ($1.66 in chips) 
Seat 3: r0mmmy ($3.18 in chips) 
Seat 4: sadner ($2.89 in chips) 
Seat 5: adept-ser ($0.78 in chips) 
Seat 6: Dorex2007 ($2.42 in chips) 
Seat 7: Tommy8500 ($1.52 in chips) 
Seat 9: RaphaRaff ($1.47 in chips) 
boarddiver: posts small blind $0.01
r0mmmy: posts big blind $0.02
*** HOLE CARDS ***
Dealt to Dorex2007 [Kh Qc]
sadner: folds 
adept-ser: folds 
Dorex2007: raises $0.04 to $0.06
Tommy8500: folds 
RaphaRaff: folds 
alex_mas2: folds 
boarddiver has timed out
boarddiver: folds 
r0mmmy: folds 
Uncalled bet ($0.04) returned to Dorex2007
Dorex2007 collected $0.05 from pot
Dorex2007: doesn't show hand 
*** SUMMARY ***
Total pot $0.05 | Rake $0 
Seat 1: alex_mas2 (button) folded before Flop (didn't bet)
Seat 2: boarddiver (small blind) folded before Flop
Seat 3: r0mmmy (big blind) folded before Flop
Seat 4: sadner folded before Flop (didn't bet)
Seat 5: adept-ser folded before Flop (didn't bet)
Seat 6: Dorex2007 collected ($0.05)
Seat 7: Tommy8500 folded before Flop (didn't bet)
Seat 9: RaphaRaff folded before Flop (didn't bet)



PokerStars Hand #225149346140:  Hold'em No Limit ($0.01/$0.02 USD) - 2021/03/24 14:25:46 PT [2021/03/24 17:25:46 ET]
Table 'Roberbauxa V' 9-max Seat #3 is the button
Seat 1: alex_mas2 ($3.67 in chips) 
Seat 3: r0mmmy ($3.16 in chips) 
Seat 4: sadner ($2.89 in chips) 
Seat 5: adept-ser ($0.78 in chips) 
Seat 6: Dorex2007 ($2.45 in chips) 
Seat 7: Tommy8500 ($1.52 in chips) 
Seat 9: RaphaRaff ($1.47 in chips) 
sadner: posts small blind $0.01
adept-ser: posts big blind $0.02
*** HOLE CARDS ***
Dealt to Dorex2007 [As 6d]
Dorex2007: folds 
Tommy8500: folds 
RaphaRaff: raises $0.04 to $0.06
alex_mas2: folds 
r0mmmy: calls $0.06
sadner: folds 
adept-ser: calls $0.04
*** FLOP *** [Qs Kc Kh]
crossA.D. leaves the table
adept-ser: checks 
RaphaRaff: bets $0.09
r0mmmy: folds 
adept-ser: calls $0.09
*** TURN *** [Qs Kc Kh] [6h]
hamchik_md joins the table at seat #8 
adept-ser: checks 
RaphaRaff: bets $0.18
adept-ser: folds 
Uncalled bet ($0.18) returned to RaphaRaff
RaphaRaff collected $0.36 from pot
RaphaRaff: doesn't show hand 
*** SUMMARY ***
Total pot $0.37 | Rake $0.01 
Board [Qs Kc Kh 6h]
Seat 1: alex_mas2 folded before Flop (didn't bet)
Seat 3: r0mmmy (button) folded on the Flop
Seat 4: sadner (small blind) folded before Flop
Seat 5: adept-ser (big blind) folded on the Turn
Seat 6: Dorex2007 folded before Flop (didn't bet)
Seat 7: Tommy8500 folded before Flop (didn't bet)
Seat 9: RaphaRaff collected ($0.36)



PokerStars Hand #225149368756:  Hold'em No Limit ($0.01/$0.02 USD) - 2021/03/24 14:26:23 PT [2021/03/24 17:26:23 ET]
Table 'Roberbauxa V' 9-max Seat #4 is the button
Seat 1: alex_mas2 ($3.67 in chips) 
Seat 2: boarddiver ($1.65 in chips) 
Seat 3: r0mmmy ($3.10 in chips) 
Seat 4: sadner ($2.88 in chips) 
Seat 5: adept-ser ($0.63 in chips) 
Seat 6: Dorex2007 ($2.45 in chips) 
Seat 7: Tommy8500 ($1.52 in chips) 
Seat 9: RaphaRaff ($1.68 in chips) 
adept-ser: posts small blind $0.01
Dorex2007: posts big blind $0.02
hamchik_md: sits out 
*** HOLE CARDS ***
Dealt to Dorex2007 [6d Kc]
Tommy8500 has timed out
Tommy8500: folds 
RaphaRaff: folds 
alex_mas2: raises $0.04 to $0.06
boarddiver: folds 
r0mmmy: folds 
sadner: folds 
adept-ser: calls $0.05
r0mmmy leaves the table
Dorex2007: folds 
*** FLOP *** [6c Kd As]
adept-ser: checks 
Matrice_2645 joins the table at seat #3 
alex_mas2: checks 
*** TURN *** [6c Kd As] [8h]
adept-ser: bets $0.57 and is all-in
alex_mas2: calls $0.57
*** RIVER *** [6c Kd As 8h] [6h]
*** SHOW DOWN ***
adept-ser: shows [6s Kh] (a full house, Sixes full of Kings)
alex_mas2: shows [Jh Ac] (two pair, Aces and Sixes)
adept-ser cashed out the hand for $1.01 | Cash Out Fee $0.01
*** SUMMARY ***
Total pot $1.28 | Rake $0.04 
Board [6c Kd As 8h 6h]
Seat 1: alex_mas2 showed [Jh Ac] and lost with two pair, Aces and Sixes
Seat 2: boarddiver folded before Flop (didn't bet)
Seat 3: r0mmmy folded before Flop (didn't bet)
Seat 4: sadner (button) folded before Flop (didn't bet)
Seat 5: adept-ser (small blind) showed [6s Kh] and won ($1.24) with a full house, Sixes full of Kings (pot not awarded as player cashed out)
Seat 6: Dorex2007 (big blind) folded before Flop
Seat 7: Tommy8500 folded before Flop (didn't bet)
Seat 9: RaphaRaff folded before Flop (didn't bet)



PokerStars Hand #225149408441:  Hold'em No Limit ($0.01/$0.02 USD) - 2021/03/24 14:27:11 PT [2021/03/24 17:27:11 ET]
Table 'Roberbauxa V' 9-max Seat #5 is the button
Seat 1: alex_mas2 ($3.04 in chips) 
Seat 2: boarddiver ($1.65 in chips) 
Seat 3: Matrice_2645 ($2 in chips) 
Seat 4: sadner ($2.88 in chips) 
Seat 5: adept-ser ($1.01 in chips) 
Seat 6: Dorex2007 ($2.43 in chips) 
Seat 7: Tommy8500 ($1.52 in chips) 
Seat 9: RaphaRaff ($1.68 in chips) 
Dorex2007: posts small blind $0.01
Tommy8500: posts big blind $0.02
hamchik_md: sits out 
Matrice_2645: posts big blind $0.02
*** HOLE CARDS ***
Dealt to Dorex2007 [Tc 3h]
RaphaRaff: folds 
alex_mas2: folds 
boarddiver: calls $0.02
Matrice_2645: checks 
sadner: calls $0.02
adept-ser: calls $0.02
Dorex2007: folds 
Tommy8500: checks 
*** FLOP *** [5h 3d As]
Tommy8500: checks 
boarddiver: checks 
Matrice_2645: checks 
sadner: checks 
adept-ser: checks 
*** TURN *** [5h 3d As] [4s]
Tommy8500: bets $0.05
boarddiver: folds 
Matrice_2645: folds 
sadner: calls $0.05
adept-ser: folds 
*** RIVER *** [5h 3d As 4s] [Jc]
Tommy8500: bets $0.10
sadner: calls $0.10
*** SHOW DOWN ***
Tommy8500: shows [Jd 2h] (a straight, Ace to Five)
sadner: mucks hand 
Tommy8500 collected $0.40 from pot
*** SUMMARY ***
Total pot $0.41 | Rake $0.01 
Board [5h 3d As 4s Jc]
Seat 1: alex_mas2 folded before Flop (didn't bet)
Seat 2: boarddiver folded on the Turn
Seat 3: Matrice_2645 folded on the Turn (didn't bet)
Seat 4: sadner mucked [4d 4h]
Seat 5: adept-ser (button) folded on the Turn
Seat 6: Dorex2007 (small blind) folded before Flop
Seat 7: Tommy8500 (big blind) showed [Jd 2h] and won ($0.40) with a straight, Ace to Five
Seat 9: RaphaRaff folded before Flop (didn't bet)



PokerStars Hand #225149448629:  Hold'em No Limit ($0.01/$0.02 USD) - 2021/03/24 14:28:17 PT [2021/03/24 17:28:17 ET]
Table 'Roberbauxa V' 9-max Seat #6 is the button
Seat 1: alex_mas2 ($3.04 in chips) 
Seat 2: boarddiver ($1.63 in chips) 
Seat 3: Matrice_2645 ($1.98 in chips) 
Seat 4: sadner ($2.71 in chips) 
Seat 5: adept-ser ($0.99 in chips) 
Seat 6: Dorex2007 ($2.42 in chips) 
Seat 7: Tommy8500 ($1.75 in chips) 
Seat 8: hamchik_md ($2 in chips) 
Seat 9: RaphaRaff ($1.68 in chips) 
Tommy8500: posts small blind $0.01
hamchik_md: posts big blind $0.02
*** HOLE CARDS ***
Dealt to Dorex2007 [Ah Td]
RaphaRaff: folds 
alex_mas2: folds 
boarddiver: folds 
Matrice_2645: folds 
sadner: folds 
adept-ser: folds 
Dorex2007: raises $0.04 to $0.06
Tommy8500: folds 
hamchik_md: folds 
Uncalled bet ($0.04) returned to Dorex2007
Dorex2007 collected $0.05 from pot
Dorex2007: doesn't show hand 
*** SUMMARY ***
Total pot $0.05 | Rake $0 
Seat 1: alex_mas2 folded before Flop (didn't bet)
Seat 2: boarddiver folded before Flop (didn't bet)
Seat 3: Matrice_2645 folded before Flop (didn't bet)
Seat 4: sadner folded before Flop (didn't bet)
Seat 5: adept-ser folded before Flop (didn't bet)
Seat 6: Dorex2007 (button) collected ($0.05)
Seat 7: Tommy8500 (small blind) folded before Flop
Seat 8: hamchik_md (big blind) folded before Flop
Seat 9: RaphaRaff folded before Flop (didn't bet)



PokerStars Hand #225149461433:  Hold'em No Limit ($0.01/$0.02 USD) - 2021/03/24 14:28:38 PT [2021/03/24 17:28:38 ET]
Table 'Roberbauxa V' 9-max Seat #7 is the button
Seat 1: alex_mas2 ($3.04 in chips) 
Seat 2: boarddiver ($1.63 in chips) 
Seat 3: Matrice_2645 ($1.98 in chips) 
Seat 4: sadner ($2.71 in chips) 
Seat 5: adept-ser ($0.99 in chips) 
Seat 6: Dorex2007 ($2.45 in chips) 
Seat 7: Tommy8500 ($1.74 in chips) 
Seat 8: hamchik_md ($2 in chips) 
Seat 9: RaphaRaff ($1.68 in chips) 
hamchik_md: posts small blind $0.01
RaphaRaff: posts big blind $0.02
*** HOLE CARDS ***
Dealt to Dorex2007 [9d Tc]
alex_mas2: folds 
boarddiver: calls $0.02
Matrice_2645: calls $0.02
sadner: folds 
adept-ser: calls $0.02
Dorex2007: folds 
Tommy8500: folds 
hamchik_md: calls $0.01
RaphaRaff: checks 
*** FLOP *** [Td Jd 6s]
hamchik_md: checks 
RaphaRaff: checks 
boarddiver: bets $0.05
Matrice_2645: calls $0.05
adept-ser: folds 
hamchik_md: folds 
RaphaRaff: folds 
*** TURN *** [Td Jd 6s] [4d]
boarddiver: checks 
Matrice_2645: checks 
*** RIVER *** [Td Jd 6s 4d] [8d]
boarddiver: checks 
Matrice_2645: bets $0.19
boarddiver: folds 
Uncalled bet ($0.19) returned to Matrice_2645
Matrice_2645 collected $0.19 from pot
Matrice_2645: doesn't show hand 
*** SUMMARY ***
Total pot $0.20 | Rake $0.01 
Board [Td Jd 6s 4d 8d]
Seat 1: alex_mas2 folded before Flop (didn't bet)
Seat 2: boarddiver folded on the River
Seat 3: Matrice_2645 collected ($0.19)
Seat 4: sadner folded before Flop (didn't bet)
Seat 5: adept-ser folded on the Flop
Seat 6: Dorex2007 folded before Flop (didn't bet)
Seat 7: Tommy8500 (button) folded before Flop (didn't bet)
Seat 8: hamchik_md (small blind) folded on the Flop
Seat 9: RaphaRaff (big blind) folded on the Flop



PokerStars Hand #225149505586:  Hold'em No Limit ($0.01/$0.02 USD) - 2021/03/24 14:29:50 PT [2021/03/24 17:29:50 ET]
Table 'Roberbauxa V' 9-max Seat #8 is the button
Seat 1: alex_mas2 ($3.04 in chips) 
Seat 2: boarddiver ($1.56 in chips) 
Seat 3: Matrice_2645 ($2.10 in chips) 
Seat 4: sadner ($2.71 in chips) 
Seat 5: adept-ser ($0.97 in chips) 
Seat 6: Dorex2007 ($2.45 in chips) 
Seat 7: Tommy8500 ($1.74 in chips) 
Seat 8: hamchik_md ($2 in chips) 
Seat 9: RaphaRaff ($1.66 in chips) 
RaphaRaff: posts small blind $0.01
alex_mas2: posts big blind $0.02
*** HOLE CARDS ***
Dealt to Dorex2007 [9s Ah]
boarddiver: folds 
Matrice_2645: folds 
sadner: folds 
adept-ser: folds 
Dorex2007: folds 
Tommy8500: folds 
hamchik_md: folds 
RaphaRaff: folds 
Uncalled bet ($0.01) returned to alex_mas2
alex_mas2 collected $0.02 from pot
alex_mas2: doesn't show hand 
*** SUMMARY ***
Total pot $0.02 | Rake $0 
Seat 1: alex_mas2 (big blind) collected ($0.02)
Seat 2: boarddiver folded before Flop (didn't bet)
Seat 3: Matrice_2645 folded before Flop (didn't bet)
Seat 4: sadner folded before Flop (didn't bet)
Seat 5: adept-ser folded before Flop (didn't bet)
Seat 6: Dorex2007 folded before Flop (didn't bet)
Seat 7: Tommy8500 folded before Flop (didn't bet)
Seat 8: hamchik_md (button) folded before Flop (didn't bet)
Seat 9: RaphaRaff (small blind) folded before Flop



PokerStars Hand #225149512672:  Hold'em No Limit ($0.01/$0.02 USD) - 2021/03/24 14:30:02 PT [2021/03/24 17:30:02 ET]
Table 'Roberbauxa V' 9-max Seat #9 is the button
Seat 1: alex_mas2 ($3.05 in chips) 
Seat 2: boarddiver ($1.56 in chips) 
Seat 3: Matrice_2645 ($2.10 in chips) 
Seat 4: sadner ($2.71 in chips) 
Seat 5: adept-ser ($0.97 in chips) 
Seat 6: Dorex2007 ($2.45 in chips) 
Seat 7: Tommy8500 ($1.74 in chips) 
Seat 8: hamchik_md ($2 in chips) 
Seat 9: RaphaRaff ($1.65 in chips) 
alex_mas2: posts small blind $0.01
boarddiver: posts big blind $0.02
*** HOLE CARDS ***
Dealt to Dorex2007 [Tc Td]
Matrice_2645: folds 
sadner: folds 
adept-ser: raises $0.04 to $0.06
Dorex2007: calls $0.06
Tommy8500: folds 
hamchik_md: folds 
RaphaRaff: folds 
alex_mas2: calls $0.05
boarddiver: calls $0.04
*** FLOP *** [4d 7c 8c]
alex_mas2: bets $0.11
boarddiver: calls $0.11
adept-ser: calls $0.11
Dorex2007: folds 
*** TURN *** [4d 7c 8c] [6c]
alex_mas2: bets $0.27
boarddiver: calls $0.27
adept-ser: folds 
*** RIVER *** [4d 7c 8c 6c] [Ts]
alex_mas2: checks 
boarddiver: bets $0.54
alex_mas2: calls $0.54
*** SHOW DOWN ***
boarddiver: shows [As 9c] (a straight, Six to Ten)
alex_mas2: mucks hand 
boarddiver collected $2.11 from pot
*** SUMMARY ***
Total pot $2.19 | Rake $0.08 
Board [4d 7c 8c 6c Ts]
Seat 1: alex_mas2 (small blind) mucked [7h 6h]
Seat 2: boarddiver (big blind) showed [As 9c] and won ($2.11) with a straight, Six to Ten
Seat 3: Matrice_2645 folded before Flop (didn't bet)
Seat 4: sadner folded before Flop (didn't bet)
Seat 5: adept-ser folded on the Turn
Seat 6: Dorex2007 folded on the Flop
Seat 7: Tommy8500 folded before Flop (didn't bet)
Seat 8: hamchik_md folded before Flop (didn't bet)
Seat 9: RaphaRaff (button) folded before Flop (didn't bet)



PokerStars Hand #225149556921:  Hold'em No Limit ($0.01/$0.02 USD) - 2021/03/24 14:31:15 PT [2021/03/24 17:31:15 ET]
Table 'Roberbauxa V' 9-max Seat #1 is the button
Seat 1: alex_mas2 ($2.07 in chips) 
Seat 2: boarddiver ($2.69 in chips) 
Seat 3: Matrice_2645 ($2.10 in chips) 
Seat 4: sadner ($2.71 in chips) 
Seat 5: adept-ser ($0.80 in chips) 
Seat 6: Dorex2007 ($2.39 in chips) 
Seat 7: Tommy8500 ($1.74 in chips) 
Seat 8: hamchik_md ($2 in chips) 
Seat 9: RaphaRaff ($1.65 in chips) 
boarddiver: posts small blind $0.01
Matrice_2645: posts big blind $0.02
*** HOLE CARDS ***
Dealt to Dorex2007 [8h 3d]
sadner: folds 
adept-ser: calls $0.02
Dorex2007: folds 
Tommy8500: folds 
hamchik_md: folds 
RaphaRaff: folds 
alex_mas2: raises $0.04 to $0.06
boarddiver: folds 
Matrice_2645: calls $0.04
adept-ser: calls $0.04
*** FLOP *** [6h Td Js]
Matrice_2645: checks 
adept-ser: checks 
alex_mas2: bets $0.09
Matrice_2645: calls $0.09
adept-ser: folds 
*** TURN *** [6h Td Js] [6c]
Matrice_2645: checks 
alex_mas2: checks 
*** RIVER *** [6h Td Js 6c] [3s]
Matrice_2645: bets $0.06
alex_mas2: calls $0.06
*** SHOW DOWN ***
Matrice_2645: shows [Kd Tc] (two pair, Tens and Sixes)
alex_mas2: mucks hand 
Matrice_2645 collected $0.47 from pot
*** SUMMARY ***
Total pot $0.49 | Rake $0.02 
Board [6h Td Js 6c 3s]
Seat 1: alex_mas2 (button) mucked [Qs Th]
Seat 2: boarddiver (small blind) folded before Flop
Seat 3: Matrice_2645 (big blind) showed [Kd Tc] and won ($0.47) with two pair, Tens and Sixes
Seat 4: sadner folded before Flop (didn't bet)
Seat 5: adept-ser folded on the Flop
Seat 6: Dorex2007 folded before Flop (didn't bet)
Seat 7: Tommy8500 folded before Flop (didn't bet)
Seat 8: hamchik_md folded before Flop (didn't bet)
Seat 9: RaphaRaff folded before Flop (didn't bet)



PokerStars Hand #225149583565:  Hold'em No Limit ($0.01/$0.02 USD) - 2021/03/24 14:31:59 PT [2021/03/24 17:31:59 ET]
Table 'Roberbauxa V' 9-max Seat #2 is the button
Seat 1: alex_mas2 ($1.86 in chips) 
Seat 2: boarddiver ($2.68 in chips) 
Seat 3: Matrice_2645 ($2.36 in chips) 
Seat 4: sadner ($2.71 in chips) 
Seat 5: adept-ser ($0.74 in chips) 
Seat 6: Dorex2007 ($2.39 in chips) 
Seat 7: Tommy8500 ($1.74 in chips) 
Seat 8: hamchik_md ($2 in chips) 
Seat 9: RaphaRaff ($1.65 in chips) 
Matrice_2645: posts small blind $0.01
sadner: posts big blind $0.02
*** HOLE CARDS ***
Dealt to Dorex2007 [2h Js]
adept-ser: folds 
Dorex2007: folds 
Tommy8500: raises $0.04 to $0.06
hamchik_md: folds 
RaphaRaff: calls $0.06
alex_mas2: folds 
boarddiver: calls $0.06
Matrice_2645: folds 
sadner: folds 
*** FLOP *** [8c Ah 7h]
Tommy8500: bets $0.06
RaphaRaff: folds 
boarddiver: calls $0.06
*** TURN *** [8c Ah 7h] [Qs]
Tommy8500: bets $0.16
boarddiver: calls $0.16
*** RIVER *** [8c Ah 7h Qs] [2d]
Tommy8500: bets $0.23
boarddiver: folds 
Uncalled bet ($0.23) returned to Tommy8500
Tommy8500 collected $0.63 from pot
Tommy8500: doesn't show hand 
*** SUMMARY ***
Total pot $0.65 | Rake $0.02 
Board [8c Ah 7h Qs 2d]
Seat 1: alex_mas2 folded before Flop (didn't bet)
Seat 2: boarddiver (button) folded on the River
Seat 3: Matrice_2645 (small blind) folded before Flop
Seat 4: sadner (big blind) folded before Flop
Seat 5: adept-ser folded before Flop (didn't bet)
Seat 6: Dorex2007 folded before Flop (didn't bet)
Seat 7: Tommy8500 collected ($0.63)
Seat 8: hamchik_md folded before Flop (didn't bet)
Seat 9: RaphaRaff folded on the Flop



