PokerStars Hand #224159004530:  Hold'em No Limit ($0.01/$0.02 USD) - 2021/02/23 19:27:03 PT [2021/02/23 22:27:03 ET]
Table 'Amphitrite VII' 9-max Seat #5 is the button
Seat 2: maxkxi ($1.24 in chips) 
Seat 3: 73d91 ($1.12 in chips) 
Seat 4: Mr.Turulo ($2.03 in chips) 
Seat 5: coolDadJimbo ($6.84 in chips) 
Seat 6: roma19765 ($1.78 in chips) 
Seat 7: Dorex2007 ($1.50 in chips) 
Seat 9: Naniik ($1.05 in chips) 
roma19765: posts small blind $0.01
Dorex2007: posts big blind $0.02
*** HOLE CARDS ***
Dealt to Dorex2007 [2h Js]
Naniik: raises $0.05 to $0.07
maxkxi: folds 
73d91: folds 
ferskywalker joins the table at seat #8 
Mr.Turulo: folds 
coolDadJimbo: folds 
roma19765: folds 
Dorex2007: folds 
Uncalled bet ($0.05) returned to Naniik
Naniik collected $0.05 from pot
Naniik: doesn't show hand 
*** SUMMARY ***
Total pot $0.05 | Rake $0 
Seat 2: maxkxi folded before Flop (didn't bet)
Seat 3: 73d91 folded before Flop (didn't bet)
Seat 4: Mr.Turulo folded before Flop (didn't bet)
Seat 5: coolDadJimbo (button) folded before Flop (didn't bet)
Seat 6: roma19765 (small blind) folded before Flop
Seat 7: Dorex2007 (big blind) folded before Flop
Seat 9: Naniik collected ($0.05)



PokerStars Hand #224159011887:  Hold'em No Limit ($0.01/$0.02 USD) - 2021/02/23 19:27:31 PT [2021/02/23 22:27:31 ET]
Table 'Amphitrite VII' 9-max Seat #6 is the button
Seat 2: maxkxi ($1.24 in chips) 
Seat 3: 73d91 ($1.12 in chips) 
Seat 4: Mr.Turulo ($2.03 in chips) 
Seat 5: coolDadJimbo ($6.84 in chips) 
Seat 6: roma19765 ($1.77 in chips) 
Seat 7: Dorex2007 ($1.48 in chips) 
Seat 8: ferskywalker ($1.20 in chips) 
Seat 9: Naniik ($1.08 in chips) 
Dorex2007: posts small blind $0.01
ferskywalker: posts big blind $0.02
Twisted369: sits out 
*** HOLE CARDS ***
Dealt to Dorex2007 [3c 8d]
Twisted369 leaves the table
Naniik: folds 
maxkxi: calls $0.02
73d91: calls $0.02
Mr.Turulo: folds 
coolDadJimbo has timed out
coolDadJimbo: folds 
roma19765: folds 
Dorex2007: folds 
ferskywalker: checks 
*** FLOP *** [Ks 5d 3d]
ferskywalker: checks 
maxkxi: checks 
73d91: bets $0.02
ferskywalker: folds 
maxkxi: folds 
Uncalled bet ($0.02) returned to 73d91
73d91 collected $0.07 from pot
*** SUMMARY ***
Total pot $0.07 | Rake $0 
Board [Ks 5d 3d]
Seat 2: maxkxi folded on the Flop
Seat 3: 73d91 collected ($0.07)
Seat 4: Mr.Turulo folded before Flop (didn't bet)
Seat 5: coolDadJimbo folded before Flop (didn't bet)
Seat 6: roma19765 (button) folded before Flop (didn't bet)
Seat 7: Dorex2007 (small blind) folded before Flop
Seat 8: ferskywalker (big blind) folded on the Flop
Seat 9: Naniik folded before Flop (didn't bet)



PokerStars Hand #224159026448:  Hold'em No Limit ($0.01/$0.02 USD) - 2021/02/23 19:28:20 PT [2021/02/23 22:28:20 ET]
Table 'Amphitrite VII' 9-max Seat #7 is the button
Seat 2: maxkxi ($1.22 in chips) 
Seat 3: 73d91 ($1.17 in chips) 
Seat 4: Mr.Turulo ($2.03 in chips) 
Seat 5: coolDadJimbo ($6.84 in chips) 
Seat 6: roma19765 ($1.77 in chips) 
Seat 7: Dorex2007 ($1.47 in chips) 
Seat 8: ferskywalker ($1.18 in chips) 
Seat 9: Naniik ($1.08 in chips) 
ferskywalker: posts small blind $0.01
Naniik: posts big blind $0.02
*** HOLE CARDS ***
Dealt to Dorex2007 [Ks Ac]
maxkxi: folds 
73d91: folds 
Mr.Turulo: folds 
coolDadJimbo: folds 
roma19765: raises $0.04 to $0.06
Dorex2007: calls $0.06
seahare13 joins the table at seat #1 
ferskywalker: calls $0.05
Naniik: calls $0.04
*** FLOP *** [3c 7s Qs]
ferskywalker: checks 
Naniik: checks 
roma19765: bets $0.12
Dorex2007: calls $0.12
ferskywalker: folds 
Naniik: folds 
*** TURN *** [3c 7s Qs] [5h]
roma19765: bets $0.23
Dorex2007: folds 
Uncalled bet ($0.23) returned to roma19765
roma19765 collected $0.46 from pot
roma19765: doesn't show hand 
*** SUMMARY ***
Total pot $0.48 | Rake $0.02 
Board [3c 7s Qs 5h]
Seat 2: maxkxi folded before Flop (didn't bet)
Seat 3: 73d91 folded before Flop (didn't bet)
Seat 4: Mr.Turulo folded before Flop (didn't bet)
Seat 5: coolDadJimbo folded before Flop (didn't bet)
Seat 6: roma19765 collected ($0.46)
Seat 7: Dorex2007 (button) folded on the Turn
Seat 8: ferskywalker (small blind) folded on the Flop
Seat 9: Naniik (big blind) folded on the Flop



PokerStars Hand #224159043371:  Hold'em No Limit ($0.01/$0.02 USD) - 2021/02/23 19:29:25 PT [2021/02/23 22:29:25 ET]
Table 'Amphitrite VII' 9-max Seat #8 is the button
Seat 1: seahare13 ($2 in chips) 
Seat 2: maxkxi ($1.22 in chips) 
Seat 3: 73d91 ($1.17 in chips) 
Seat 4: Mr.Turulo ($2.03 in chips) 
Seat 5: coolDadJimbo ($6.84 in chips) 
Seat 6: roma19765 ($2.05 in chips) 
Seat 7: Dorex2007 ($1.29 in chips) 
Seat 8: ferskywalker ($1.12 in chips) 
Seat 9: Naniik ($1.02 in chips) 
Naniik: posts small blind $0.01
seahare13: posts big blind $0.02
*** HOLE CARDS ***
Dealt to Dorex2007 [7c 6s]
maxkxi: folds 
73d91: folds 
Mr.Turulo: folds 
coolDadJimbo: folds 
roma19765: folds 
Dorex2007: folds 
ferskywalker: raises $0.02 to $0.04
Naniik: calls $0.03
seahare13: folds 
*** FLOP *** [6d 3c 9s]
Naniik: checks 
ferskywalker: bets $0.06
Naniik: calls $0.06
*** TURN *** [6d 3c 9s] [Jh]
Naniik: checks 
ferskywalker: bets $0.08
Naniik: calls $0.08
*** RIVER *** [6d 3c 9s Jh] [9c]
Naniik: checks 
ferskywalker: bets $0.10
Naniik: calls $0.10
*** SHOW DOWN ***
ferskywalker: shows [Kc Ah] (a pair of Nines)
Naniik: shows [Js 7h] (two pair, Jacks and Nines)
Naniik collected $0.56 from pot
*** SUMMARY ***
Total pot $0.58 | Rake $0.02 
Board [6d 3c 9s Jh 9c]
Seat 1: seahare13 (big blind) folded before Flop
Seat 2: maxkxi folded before Flop (didn't bet)
Seat 3: 73d91 folded before Flop (didn't bet)
Seat 4: Mr.Turulo folded before Flop (didn't bet)
Seat 5: coolDadJimbo folded before Flop (didn't bet)
Seat 6: roma19765 folded before Flop (didn't bet)
Seat 7: Dorex2007 folded before Flop (didn't bet)
Seat 8: ferskywalker (button) showed [Kc Ah] and lost with a pair of Nines
Seat 9: Naniik (small blind) showed [Js 7h] and won ($0.56) with two pair, Jacks and Nines



PokerStars Hand #224159060734:  Hold'em No Limit ($0.01/$0.02 USD) - 2021/02/23 19:30:19 PT [2021/02/23 22:30:19 ET]
Table 'Amphitrite VII' 9-max Seat #9 is the button
Seat 1: seahare13 ($1.98 in chips) 
Seat 2: maxkxi ($1.22 in chips) 
Seat 3: 73d91 ($1.17 in chips) 
Seat 4: Mr.Turulo ($2.03 in chips) 
Seat 5: coolDadJimbo ($6.84 in chips) 
Seat 6: roma19765 ($2.05 in chips) 
Seat 7: Dorex2007 ($1.29 in chips) 
Seat 8: ferskywalker ($0.84 in chips) 
Seat 9: Naniik ($1.30 in chips) 
seahare13: posts small blind $0.01
maxkxi: posts big blind $0.02
*** HOLE CARDS ***
Dealt to Dorex2007 [5d 3c]
73d91: folds 
Mr.Turulo: folds 
coolDadJimbo: folds 
roma19765: folds 
Dorex2007: folds 
ferskywalker: calls $0.02
Naniik: calls $0.02
seahare13: calls $0.01
maxkxi: checks 
*** FLOP *** [6h Js 8c]
seahare13: checks 
maxkxi: checks 
ferskywalker: checks 
Naniik: bets $0.08
seahare13: folds 
maxkxi: folds 
ferskywalker: calls $0.08
*** TURN *** [6h Js 8c] [2h]
ferskywalker: checks 
Naniik: checks 
*** RIVER *** [6h Js 8c 2h] [4c]
ferskywalker: bets $0.10
Naniik: raises $0.43 to $0.53
ferskywalker: folds 
Uncalled bet ($0.43) returned to Naniik
Naniik collected $0.42 from pot
Naniik: doesn't show hand 
*** SUMMARY ***
Total pot $0.44 | Rake $0.02 
Board [6h Js 8c 2h 4c]
Seat 1: seahare13 (small blind) folded on the Flop
Seat 2: maxkxi (big blind) folded on the Flop
Seat 3: 73d91 folded before Flop (didn't bet)
Seat 4: Mr.Turulo folded before Flop (didn't bet)
Seat 5: coolDadJimbo folded before Flop (didn't bet)
Seat 6: roma19765 folded before Flop (didn't bet)
Seat 7: Dorex2007 folded before Flop (didn't bet)
Seat 8: ferskywalker folded on the River
Seat 9: Naniik (button) collected ($0.42)



PokerStars Hand #224159086503:  Hold'em No Limit ($0.01/$0.02 USD) - 2021/02/23 19:31:48 PT [2021/02/23 22:31:48 ET]
Table 'Amphitrite VII' 9-max Seat #1 is the button
Seat 1: seahare13 ($1.96 in chips) 
Seat 2: maxkxi ($1.20 in chips) 
Seat 3: 73d91 ($1.17 in chips) 
Seat 4: Mr.Turulo ($2.03 in chips) 
Seat 5: coolDadJimbo ($6.84 in chips) 
Seat 6: roma19765 ($2.05 in chips) 
Seat 7: Dorex2007 ($1.29 in chips) 
Seat 8: ferskywalker ($0.64 in chips) 
Seat 9: Naniik ($1.52 in chips) 
maxkxi: posts small blind $0.01
73d91: posts big blind $0.02
*** HOLE CARDS ***
Dealt to Dorex2007 [Qh 3c]
Mr.Turulo: folds 
coolDadJimbo: folds 
roma19765: folds 
Dorex2007: folds 
ferskywalker: raises $0.62 to $0.64 and is all-in
Naniik: folds 
seahare13: folds 
maxkxi: folds 
73d91: folds 
Uncalled bet ($0.62) returned to ferskywalker
ferskywalker collected $0.05 from pot
ferskywalker: doesn't show hand 
*** SUMMARY ***
Total pot $0.05 | Rake $0 
Seat 1: seahare13 (button) folded before Flop (didn't bet)
Seat 2: maxkxi (small blind) folded before Flop
Seat 3: 73d91 (big blind) folded before Flop
Seat 4: Mr.Turulo folded before Flop (didn't bet)
Seat 5: coolDadJimbo folded before Flop (didn't bet)
Seat 6: roma19765 folded before Flop (didn't bet)
Seat 7: Dorex2007 folded before Flop (didn't bet)
Seat 8: ferskywalker collected ($0.05)
Seat 9: Naniik folded before Flop (didn't bet)



PokerStars Hand #224159092467:  Hold'em No Limit ($0.01/$0.02 USD) - 2021/02/23 19:32:10 PT [2021/02/23 22:32:10 ET]
Table 'Amphitrite VII' 9-max Seat #2 is the button
Seat 1: seahare13 ($1.96 in chips) 
Seat 2: maxkxi ($1.19 in chips) 
Seat 3: 73d91 ($1.15 in chips) 
Seat 4: Mr.Turulo ($2.03 in chips) 
Seat 5: coolDadJimbo ($6.84 in chips) 
Seat 6: roma19765 ($2.05 in chips) 
Seat 7: Dorex2007 ($1.29 in chips) 
Seat 8: ferskywalker ($0.67 in chips) 
Seat 9: Naniik ($1.52 in chips) 
73d91: posts small blind $0.01
Mr.Turulo: posts big blind $0.02
*** HOLE CARDS ***
Dealt to Dorex2007 [6s Kd]
coolDadJimbo: raises $0.05 to $0.07
roma19765: folds 
Dorex2007: folds 
ferskywalker: calls $0.07
Naniik: calls $0.07
seahare13: folds 
maxkxi: calls $0.07
73d91: folds 
Mr.Turulo: folds 
*** FLOP *** [Ac Ah Ts]
coolDadJimbo: checks 
ferskywalker: checks 
Naniik: checks 
maxkxi: checks 
*** TURN *** [Ac Ah Ts] [8c]
coolDadJimbo: bets $0.23
ferskywalker: folds 
Naniik: folds 
maxkxi: folds 
Uncalled bet ($0.23) returned to coolDadJimbo
ferskywalker leaves the table
coolDadJimbo collected $0.30 from pot
*** SUMMARY ***
Total pot $0.31 | Rake $0.01 
Board [Ac Ah Ts 8c]
Seat 1: seahare13 folded before Flop (didn't bet)
Seat 2: maxkxi (button) folded on the Turn
Seat 3: 73d91 (small blind) folded before Flop
Seat 4: Mr.Turulo (big blind) folded before Flop
Seat 5: coolDadJimbo collected ($0.30)
Seat 6: roma19765 folded before Flop (didn't bet)
Seat 7: Dorex2007 folded before Flop (didn't bet)
Seat 8: ferskywalker folded on the Turn
Seat 9: Naniik folded on the Turn



PokerStars Hand #224159113450:  Hold'em No Limit ($0.01/$0.02 USD) - 2021/02/23 19:33:29 PT [2021/02/23 22:33:29 ET]
Table 'Amphitrite VII' 9-max Seat #3 is the button
Seat 1: seahare13 ($1.96 in chips) 
Seat 2: maxkxi ($1.12 in chips) 
Seat 3: 73d91 ($1.14 in chips) 
Seat 4: Mr.Turulo ($2.01 in chips) 
Seat 6: roma19765 ($2.05 in chips) 
Seat 7: Dorex2007 ($1.29 in chips) 
Seat 9: Naniik ($1.45 in chips) 
Mr.Turulo: posts small blind $0.01
roma19765: posts big blind $0.02
*** HOLE CARDS ***
Dealt to Dorex2007 [6d 5h]
Dorex2007: folds 
Naniik: raises $0.02 to $0.04
seahare13: folds 
maxkxi: raises $0.04 to $0.08
73d91: folds 
Mr.Turulo: folds 
roma19765: folds 
Naniik: calls $0.04
*** FLOP *** [5d Jh 9d]
Naniik: checks 
maxkxi: bets $0.18
Naniik: calls $0.18
*** TURN *** [5d Jh 9d] [Td]
Naniik: checks 
maxkxi: checks 
*** RIVER *** [5d Jh 9d Td] [9s]
GED1889 joins the table at seat #8 
Naniik: bets $0.53
maxkxi: folds 
Uncalled bet ($0.53) returned to Naniik
Naniik collected $0.53 from pot
Naniik: doesn't show hand 
*** SUMMARY ***
Total pot $0.55 | Rake $0.02 
Board [5d Jh 9d Td 9s]
Seat 1: seahare13 folded before Flop (didn't bet)
Seat 2: maxkxi folded on the River
Seat 3: 73d91 (button) folded before Flop (didn't bet)
Seat 4: Mr.Turulo (small blind) folded before Flop
Seat 6: roma19765 (big blind) folded before Flop
Seat 7: Dorex2007 folded before Flop (didn't bet)
Seat 9: Naniik collected ($0.53)



PokerStars Hand #224159136455:  Hold'em No Limit ($0.01/$0.02 USD) - 2021/02/23 19:34:25 PT [2021/02/23 22:34:25 ET]
Table 'Amphitrite VII' 9-max Seat #4 is the button
Seat 1: seahare13 ($1.96 in chips) 
Seat 2: maxkxi ($0.86 in chips) 
Seat 3: 73d91 ($1.14 in chips) 
Seat 4: Mr.Turulo ($2 in chips) 
Seat 6: roma19765 ($2.03 in chips) 
Seat 7: Dorex2007 ($1.29 in chips) 
Seat 9: Naniik ($1.72 in chips) 
roma19765: posts small blind $0.01
Dorex2007: posts big blind $0.02
GED1889: sits out 
*** HOLE CARDS ***
Dealt to Dorex2007 [Jd Kh]
Naniik: raises $0.05 to $0.07
seahare13: folds 
maxkxi: folds 
73d91: folds 
Mr.Turulo: folds 
roma19765: folds 
Dorex2007: calls $0.05
*** FLOP *** [5s Kc 2d]
Dorex2007: checks 
Naniik: bets $0.14
Dorex2007: raises $0.14 to $0.28
Naniik: calls $0.14
*** TURN *** [5s Kc 2d] [Js]
Dorex2007: bets $0.69
Naniik: calls $0.69
*** RIVER *** [5s Kc 2d Js] [4d]
Dorex2007: bets $0.25 and is all-in
Naniik: calls $0.25
*** SHOW DOWN ***
Dorex2007: shows [Jd Kh] (two pair, Kings and Jacks)
Naniik: shows [Ah As] (a pair of Aces)
Dorex2007 collected $2.50 from pot
*** SUMMARY ***
Total pot $2.59 | Rake $0.09 
Board [5s Kc 2d Js 4d]
Seat 1: seahare13 folded before Flop (didn't bet)
Seat 2: maxkxi folded before Flop (didn't bet)
Seat 3: 73d91 folded before Flop (didn't bet)
Seat 4: Mr.Turulo (button) folded before Flop (didn't bet)
Seat 6: roma19765 (small blind) folded before Flop
Seat 7: Dorex2007 (big blind) showed [Jd Kh] and won ($2.50) with two pair, Kings and Jacks
Seat 9: Naniik showed [Ah As] and lost with a pair of Aces



PokerStars Hand #224159151444:  Hold'em No Limit ($0.01/$0.02 USD) - 2021/02/23 19:35:22 PT [2021/02/23 22:35:22 ET]
Table 'Amphitrite VII' 9-max Seat #6 is the button
Seat 1: seahare13 ($1.96 in chips) 
Seat 2: maxkxi ($0.86 in chips) 
Seat 3: 73d91 ($1.14 in chips) 
Seat 4: Mr.Turulo ($2 in chips) 
Seat 6: roma19765 ($2.02 in chips) 
Seat 7: Dorex2007 ($2.50 in chips) 
Seat 8: GED1889 ($0.90 in chips) 
Seat 9: Naniik ($0.43 in chips) 
Dorex2007: posts small blind $0.01
GED1889: posts big blind $0.02
*** HOLE CARDS ***
Dealt to Dorex2007 [6h 2s]
Naniik: calls $0.02
seahare13: folds 
maxkxi: calls $0.02
73d91: calls $0.02
Naniik said, "of course"
Mr.Turulo: calls $0.02
roma19765: folds 
Dorex2007 said, "I know the feeling"
Dorex2007: folds 
GED1889: checks 
*** FLOP *** [3c 2c Qh]
GED1889: checks 
Naniik: checks 
maxkxi: checks 
73d91: bets $0.05
Mr.Turulo: folds 
GED1889: folds 
Naniik: folds 
maxkxi: calls $0.05
*** TURN *** [3c 2c Qh] [5s]
maxkxi: checks 
73d91: bets $0.10
maxkxi: calls $0.10
*** RIVER *** [3c 2c Qh 5s] [4d]
maxkxi: bets $0.69 and is all-in
73d91: folds 
Uncalled bet ($0.69) returned to maxkxi
maxkxi collected $0.40 from pot
*** SUMMARY ***
Total pot $0.41 | Rake $0.01 
Board [3c 2c Qh 5s 4d]
Seat 1: seahare13 folded before Flop (didn't bet)
Seat 2: maxkxi collected ($0.40)
Seat 3: 73d91 folded on the River
Seat 4: Mr.Turulo folded on the Flop
Seat 6: roma19765 (button) folded before Flop (didn't bet)
Seat 7: Dorex2007 (small blind) folded before Flop
Seat 8: GED1889 (big blind) folded on the Flop
Seat 9: Naniik folded on the Flop



PokerStars Hand #224159186291:  Hold'em No Limit ($0.01/$0.02 USD) - 2021/02/23 19:37:00 PT [2021/02/23 22:37:00 ET]
Table 'Amphitrite VII' 9-max Seat #7 is the button
Seat 1: seahare13 ($1.96 in chips) 
Seat 2: maxkxi ($1.09 in chips) 
Seat 3: 73d91 ($0.97 in chips) 
Seat 4: Mr.Turulo ($1.98 in chips) 
Seat 6: roma19765 ($2.02 in chips) 
Seat 7: Dorex2007 ($2.49 in chips) 
Seat 8: GED1889 ($0.88 in chips) 
Seat 9: Naniik ($0.41 in chips) 
GED1889: posts small blind $0.01
Naniik: posts big blind $0.02
*** HOLE CARDS ***
Dealt to Dorex2007 [Qd 5d]
seahare13: folds 
maxkxi: calls $0.02
73d91: folds 
Mr.Turulo: folds 
Naniik said, "all in kq"
roma19765: folds 
Dorex2007: folds 
GED1889: raises $0.04 to $0.06
Naniik: raises $0.35 to $0.41 and is all-in
maxkxi: folds 
GED1889: calls $0.35
*** FLOP *** [6h 2s Ac]
*** TURN *** [6h 2s Ac] [3c]
*** RIVER *** [6h 2s Ac 3c] [Jh]
*** SHOW DOWN ***
GED1889: shows [Kc Kd] (a pair of Kings)
Naniik: shows [Ks Qh] (high card Ace)
GED1889 collected $0.81 from pot
*** SUMMARY ***
Total pot $0.84 | Rake $0.03 
Board [6h 2s Ac 3c Jh]
Seat 1: seahare13 folded before Flop (didn't bet)
Seat 2: maxkxi folded before Flop
Seat 3: 73d91 folded before Flop (didn't bet)
Seat 4: Mr.Turulo folded before Flop (didn't bet)
Seat 6: roma19765 folded before Flop (didn't bet)
Seat 7: Dorex2007 (button) folded before Flop (didn't bet)
Seat 8: GED1889 (small blind) showed [Kc Kd] and won ($0.81) with a pair of Kings
Seat 9: Naniik (big blind) showed [Ks Qh] and lost with high card Ace



PokerStars Hand #224159199377:  Hold'em No Limit ($0.01/$0.02 USD) - 2021/02/23 19:37:51 PT [2021/02/23 22:37:51 ET]
Table 'Amphitrite VII' 9-max Seat #8 is the button
Seat 1: seahare13 ($1.96 in chips) 
Seat 2: maxkxi ($1.07 in chips) 
Seat 3: 73d91 ($0.97 in chips) 
Seat 4: Mr.Turulo ($1.98 in chips) 
Seat 6: roma19765 ($2.02 in chips) 
Seat 7: Dorex2007 ($2.49 in chips) 
Seat 8: GED1889 ($1.28 in chips) 
seahare13: posts small blind $0.01
maxkxi: posts big blind $0.02
*** HOLE CARDS ***
Dealt to Dorex2007 [2c Ad]
DJ.Flench joins the table at seat #9 
73d91: calls $0.02
Mr.Turulo: folds 
roma19765: folds 
Dorex2007: folds 
GED1889: folds 
seahare13: calls $0.01
maxkxi: checks 
*** FLOP *** [Ah 9d 6s]
seahare13: checks 
maxkxi: checks 
73d91: checks 
*** TURN *** [Ah 9d 6s] [As]
seahare13: checks 
maxkxi: checks 
73d91: checks 
*** RIVER *** [Ah 9d 6s As] [2s]
seahare13: checks 
maxkxi: checks 
73d91: checks 
*** SHOW DOWN ***
seahare13: shows [7s Qc] (a pair of Aces)
maxkxi: mucks hand 
73d91: shows [Jh Qs] (a pair of Aces - Queen+Jack kicker)
73d91 collected $0.06 from pot
*** SUMMARY ***
Total pot $0.06 | Rake $0 
Board [Ah 9d 6s As 2s]
Seat 1: seahare13 (small blind) showed [7s Qc] and lost with a pair of Aces
Seat 2: maxkxi (big blind) mucked [5c Th]
Seat 3: 73d91 showed [Jh Qs] and won ($0.06) with a pair of Aces
Seat 4: Mr.Turulo folded before Flop (didn't bet)
Seat 6: roma19765 folded before Flop (didn't bet)
Seat 7: Dorex2007 folded before Flop (didn't bet)
Seat 8: GED1889 (button) folded before Flop (didn't bet)



PokerStars Hand #224159218306:  Hold'em No Limit ($0.01/$0.02 USD) - 2021/02/23 19:39:06 PT [2021/02/23 22:39:06 ET]
Table 'Amphitrite VII' 9-max Seat #1 is the button
Seat 1: seahare13 ($1.94 in chips) 
Seat 2: maxkxi ($1.05 in chips) 
Seat 3: 73d91 ($1.01 in chips) 
Seat 4: Mr.Turulo ($1.98 in chips) 
Seat 6: roma19765 ($2.02 in chips) 
Seat 7: Dorex2007 ($2.49 in chips) 
Seat 8: GED1889 ($1.28 in chips) 
maxkxi: posts small blind $0.01
73d91: posts big blind $0.02
DJ.Flench: sits out 
*** HOLE CARDS ***
Dealt to Dorex2007 [Ah Kh]
Mr.Turulo: folds 
roma19765: folds 
Dorex2007: raises $0.04 to $0.06
GED1889: folds 
seahare13: calls $0.06
maxkxi: folds 
73d91: folds 
*** FLOP *** [Ac 5s 8c]
Dorex2007: bets $0.14
seahare13: folds 
Uncalled bet ($0.14) returned to Dorex2007
Dorex2007 collected $0.14 from pot
Dorex2007: doesn't show hand 
*** SUMMARY ***
Total pot $0.15 | Rake $0.01 
Board [Ac 5s 8c]
Seat 1: seahare13 (button) folded on the Flop
Seat 2: maxkxi (small blind) folded before Flop
Seat 3: 73d91 (big blind) folded before Flop
Seat 4: Mr.Turulo folded before Flop (didn't bet)
Seat 6: roma19765 folded before Flop (didn't bet)
Seat 7: Dorex2007 collected ($0.14)
Seat 8: GED1889 folded before Flop (didn't bet)



PokerStars Hand #224159226283:  Hold'em No Limit ($0.01/$0.02 USD) - 2021/02/23 19:39:37 PT [2021/02/23 22:39:37 ET]
Table 'Amphitrite VII' 9-max Seat #2 is the button
Seat 1: seahare13 ($1.88 in chips) 
Seat 2: maxkxi ($1.04 in chips) 
Seat 3: 73d91 ($0.99 in chips) 
Seat 4: Mr.Turulo ($1.98 in chips) 
Seat 6: roma19765 ($2.02 in chips) 
Seat 7: Dorex2007 ($2.57 in chips) 
Seat 8: GED1889 ($1.28 in chips) 
73d91: posts small blind $0.01
Mr.Turulo: posts big blind $0.02
DJ.Flench: sits out 
*** HOLE CARDS ***
Dealt to Dorex2007 [Ad 9s]
roma19765: folds 
Dorex2007: folds 
GED1889: calls $0.02
seahare13: folds 
maxkxi: calls $0.02
73d91: calls $0.01
Mr.Turulo: checks 
*** FLOP *** [2d 2c Ts]
73d91: checks 
Mr.Turulo: checks 
GED1889: bets $0.06
maxkxi: folds 
73d91: folds 
Mr.Turulo: folds 
Uncalled bet ($0.06) returned to GED1889
GED1889 collected $0.08 from pot
GED1889: doesn't show hand 
*** SUMMARY ***
Total pot $0.08 | Rake $0 
Board [2d 2c Ts]
Seat 1: seahare13 folded before Flop (didn't bet)
Seat 2: maxkxi (button) folded on the Flop
Seat 3: 73d91 (small blind) folded on the Flop
Seat 4: Mr.Turulo (big blind) folded on the Flop
Seat 6: roma19765 folded before Flop (didn't bet)
Seat 7: Dorex2007 folded before Flop (didn't bet)
Seat 8: GED1889 collected ($0.08)



PokerStars Hand #224159240001:  Hold'em No Limit ($0.01/$0.02 USD) - 2021/02/23 19:40:31 PT [2021/02/23 22:40:31 ET]
Table 'Amphitrite VII' 9-max Seat #3 is the button
Seat 1: seahare13 ($1.88 in chips) 
Seat 2: maxkxi ($1.02 in chips) 
Seat 3: 73d91 ($0.97 in chips) 
Seat 4: Mr.Turulo ($1.96 in chips) 
Seat 5: coolDadJimbo ($7.07 in chips) 
Seat 6: roma19765 ($2.02 in chips) 
Seat 7: Dorex2007 ($2.57 in chips) 
Seat 8: GED1889 ($1.34 in chips) 
Mr.Turulo: posts small blind $0.01
coolDadJimbo: posts big blind $0.02
DJ.Flench: sits out 
*** HOLE CARDS ***
Dealt to Dorex2007 [3s 6c]
roma19765: raises $0.04 to $0.06
Dorex2007: folds 
GED1889: folds 
seahare13: folds 
maxkxi: folds 
73d91: folds 
Mr.Turulo: folds 
coolDadJimbo: folds 
Uncalled bet ($0.04) returned to roma19765
roma19765 collected $0.05 from pot
roma19765: doesn't show hand 
*** SUMMARY ***
Total pot $0.05 | Rake $0 
Seat 1: seahare13 folded before Flop (didn't bet)
Seat 2: maxkxi folded before Flop (didn't bet)
Seat 3: 73d91 (button) folded before Flop (didn't bet)
Seat 4: Mr.Turulo (small blind) folded before Flop
Seat 5: coolDadJimbo (big blind) folded before Flop
Seat 6: roma19765 collected ($0.05)
Seat 7: Dorex2007 folded before Flop (didn't bet)
Seat 8: GED1889 folded before Flop (didn't bet)



PokerStars Hand #224159247982:  Hold'em No Limit ($0.01/$0.02 USD) - 2021/02/23 19:41:03 PT [2021/02/23 22:41:03 ET]
Table 'Amphitrite VII' 9-max Seat #4 is the button
Seat 1: seahare13 ($1.88 in chips) 
Seat 2: maxkxi ($1.02 in chips) 
Seat 3: 73d91 ($0.97 in chips) 
Seat 4: Mr.Turulo ($1.95 in chips) 
Seat 5: coolDadJimbo ($7.05 in chips) 
Seat 6: roma19765 ($2.05 in chips) 
Seat 7: Dorex2007 ($2.57 in chips) 
Seat 8: GED1889 ($1.34 in chips) 
coolDadJimbo: posts small blind $0.01
roma19765: posts big blind $0.02
DJ.Flench: sits out 
*** HOLE CARDS ***
Dealt to Dorex2007 [4d 9s]
Dorex2007: folds 
GED1889 has timed out
GED1889: folds 
seahare13: folds 
maxkxi: raises $0.02 to $0.04
73d91: folds 
Mr.Turulo: folds 
coolDadJimbo: raises $0.09 to $0.13
roma19765: folds 
maxkxi: calls $0.09
*** FLOP *** [Jh Kh 7s]
coolDadJimbo: bets $0.21
maxkxi: folds 
Uncalled bet ($0.21) returned to coolDadJimbo
coolDadJimbo collected $0.27 from pot
*** SUMMARY ***
Total pot $0.28 | Rake $0.01 
Board [Jh Kh 7s]
Seat 1: seahare13 folded before Flop (didn't bet)
Seat 2: maxkxi folded on the Flop
Seat 3: 73d91 folded before Flop (didn't bet)
Seat 4: Mr.Turulo (button) folded before Flop (didn't bet)
Seat 5: coolDadJimbo (small blind) collected ($0.27)
Seat 6: roma19765 (big blind) folded before Flop
Seat 7: Dorex2007 folded before Flop (didn't bet)
Seat 8: GED1889 folded before Flop (didn't bet)



PokerStars Hand #224159263217:  Hold'em No Limit ($0.01/$0.02 USD) - 2021/02/23 19:42:03 PT [2021/02/23 22:42:03 ET]
Table 'Amphitrite VII' 9-max Seat #5 is the button
Seat 1: seahare13 ($1.88 in chips) 
Seat 2: maxkxi ($0.89 in chips) 
Seat 3: 73d91 ($0.97 in chips) 
Seat 4: Mr.Turulo ($1.95 in chips) 
Seat 5: coolDadJimbo ($7.19 in chips) 
Seat 6: roma19765 ($2.03 in chips) 
Seat 7: Dorex2007 ($2.57 in chips) 
roma19765: posts small blind $0.01
Dorex2007: posts big blind $0.02
DJ.Flench: sits out 
*** HOLE CARDS ***
Dealt to Dorex2007 [5c Qh]
seahare13: folds 
maxkxi: raises $0.02 to $0.04
73d91: folds 
Mr.Turulo: folds 
coolDadJimbo: folds 
roma19765: folds 
Dorex2007: folds 
Uncalled bet ($0.02) returned to maxkxi
maxkxi collected $0.05 from pot
*** SUMMARY ***
Total pot $0.05 | Rake $0 
Seat 1: seahare13 folded before Flop (didn't bet)
Seat 2: maxkxi collected ($0.05)
Seat 3: 73d91 folded before Flop (didn't bet)
Seat 4: Mr.Turulo folded before Flop (didn't bet)
Seat 5: coolDadJimbo (button) folded before Flop (didn't bet)
Seat 6: roma19765 (small blind) folded before Flop
Seat 7: Dorex2007 (big blind) folded before Flop



PokerStars Hand #224159267442:  Hold'em No Limit ($0.01/$0.02 USD) - 2021/02/23 19:42:19 PT [2021/02/23 22:42:19 ET]
Table 'Amphitrite VII' 9-max Seat #6 is the button
Seat 1: seahare13 ($1.88 in chips) 
Seat 2: maxkxi ($0.92 in chips) 
Seat 3: 73d91 ($0.97 in chips) 
Seat 4: Mr.Turulo ($1.95 in chips) 
Seat 5: coolDadJimbo ($7.19 in chips) 
Seat 6: roma19765 ($2.02 in chips) 
Seat 7: Dorex2007 ($2.55 in chips) 
Seat 8: GED1889 ($1.34 in chips) 
Dorex2007: posts small blind $0.01
GED1889: posts big blind $0.02
DJ.Flench: sits out 
*** HOLE CARDS ***
Dealt to Dorex2007 [2d 3d]
seahare13: calls $0.02
maxkxi: folds 
73d91: folds 
Mr.Turulo: folds 
coolDadJimbo: folds 
roma19765: folds 
Dorex2007: calls $0.01
GED1889: checks 
*** FLOP *** [4h Qs 9s]
Dorex2007: checks 
GED1889: checks 
seahare13: checks 
*** TURN *** [4h Qs 9s] [7h]
Dorex2007: checks 
GED1889: checks 
seahare13: checks 
*** RIVER *** [4h Qs 9s 7h] [8d]
Dorex2007: checks 
GED1889: checks 
seahare13: checks 
*** SHOW DOWN ***
Dorex2007: shows [2d 3d] (high card Queen)
GED1889: shows [2h 5s] (high card Queen - Nine+Eight+Seven+Five kicker)
seahare13: shows [Ks Th] (high card King)
seahare13 collected $0.06 from pot
*** SUMMARY ***
Total pot $0.06 | Rake $0 
Board [4h Qs 9s 7h 8d]
Seat 1: seahare13 showed [Ks Th] and won ($0.06) with high card King
Seat 2: maxkxi folded before Flop (didn't bet)
Seat 3: 73d91 folded before Flop (didn't bet)
Seat 4: Mr.Turulo folded before Flop (didn't bet)
Seat 5: coolDadJimbo folded before Flop (didn't bet)
Seat 6: roma19765 (button) folded before Flop (didn't bet)
Seat 7: Dorex2007 (small blind) showed [2d 3d] and lost with high card Queen
Seat 8: GED1889 (big blind) showed [2h 5s] and lost with high card Queen



PokerStars Hand #224159284663:  Hold'em No Limit ($0.01/$0.02 USD) - 2021/02/23 19:43:28 PT [2021/02/23 22:43:28 ET]
Table 'Amphitrite VII' 9-max Seat #7 is the button
Seat 1: seahare13 ($1.92 in chips) 
Seat 2: maxkxi ($0.92 in chips) 
Seat 3: 73d91 ($0.97 in chips) 
Seat 4: Mr.Turulo ($1.95 in chips) 
Seat 5: coolDadJimbo ($7.19 in chips) 
Seat 6: roma19765 ($2.02 in chips) 
Seat 7: Dorex2007 ($2.53 in chips) 
Seat 8: GED1889 ($1.32 in chips) 
Seat 9: DJ.Flench ($2 in chips) 
GED1889: posts small blind $0.01
DJ.Flench: posts big blind $0.02
*** HOLE CARDS ***
Dealt to Dorex2007 [4h 2h]
seahare13: folds 
maxkxi: folds 
73d91: calls $0.02
Mr.Turulo: folds 
coolDadJimbo: folds 
roma19765: folds 
Dorex2007: folds 
GED1889: calls $0.01
DJ.Flench: checks 
*** FLOP *** [3s 9d 5s]
GED1889: checks 
DJ.Flench: bets $0.03
73d91: calls $0.03
GED1889: folds 
*** TURN *** [3s 9d 5s] [7s]
DJ.Flench: checks 
73d91: bets $0.06
DJ.Flench: calls $0.06
*** RIVER *** [3s 9d 5s 7s] [9s]
DJ.Flench: checks 
73d91: checks 
*** SHOW DOWN ***
DJ.Flench: shows [5d As] (a flush, Ace high)
73d91: mucks hand 
DJ.Flench collected $0.23 from pot
*** SUMMARY ***
Total pot $0.24 | Rake $0.01 
Board [3s 9d 5s 7s 9s]
Seat 1: seahare13 folded before Flop (didn't bet)
Seat 2: maxkxi folded before Flop (didn't bet)
Seat 3: 73d91 mucked [Jh 9h]
Seat 4: Mr.Turulo folded before Flop (didn't bet)
Seat 5: coolDadJimbo folded before Flop (didn't bet)
Seat 6: roma19765 folded before Flop (didn't bet)
Seat 7: Dorex2007 (button) folded before Flop (didn't bet)
Seat 8: GED1889 (small blind) folded on the Flop
Seat 9: DJ.Flench (big blind) showed [5d As] and won ($0.23) with a flush, Ace high



PokerStars Hand #224159307802:  Hold'em No Limit ($0.01/$0.02 USD) - 2021/02/23 19:45:00 PT [2021/02/23 22:45:00 ET]
Table 'Amphitrite VII' 9-max Seat #8 is the button
Seat 1: seahare13 ($1.92 in chips) 
Seat 2: maxkxi ($0.92 in chips) 
Seat 3: 73d91 ($0.86 in chips) 
Seat 4: Mr.Turulo ($1.95 in chips) 
Seat 5: coolDadJimbo ($7.19 in chips) 
Seat 6: roma19765 ($2.02 in chips) 
Seat 7: Dorex2007 ($2.53 in chips) 
Seat 8: GED1889 ($1.30 in chips) 
Seat 9: DJ.Flench ($2.12 in chips) 
DJ.Flench: posts small blind $0.01
seahare13: posts big blind $0.02
*** HOLE CARDS ***
Dealt to Dorex2007 [As Qs]
maxkxi: folds 
73d91: calls $0.02
Mr.Turulo: folds 
coolDadJimbo: folds 
roma19765: folds 
Dorex2007: raises $0.04 to $0.06
GED1889: folds 
DJ.Flench: folds 
seahare13: calls $0.04
73d91: calls $0.04
*** FLOP *** [2d Ac Tc]
seahare13: checks 
73d91: bets $0.09
Dorex2007: calls $0.09
seahare13: folds 
*** TURN *** [2d Ac Tc] [3s]
73d91: checks 
Dorex2007: bets $0.18
73d91: calls $0.18
*** RIVER *** [2d Ac Tc 3s] [9c]
73d91: checks 
Dorex2007: checks 
*** SHOW DOWN ***
73d91: shows [Ad Ts] (two pair, Aces and Tens)
Dorex2007: mucks hand 
73d91 collected $0.70 from pot
*** SUMMARY ***
Total pot $0.73 | Rake $0.03 
Board [2d Ac Tc 3s 9c]
Seat 1: seahare13 (big blind) folded on the Flop
Seat 2: maxkxi folded before Flop (didn't bet)
Seat 3: 73d91 showed [Ad Ts] and won ($0.70) with two pair, Aces and Tens
Seat 4: Mr.Turulo folded before Flop (didn't bet)
Seat 5: coolDadJimbo folded before Flop (didn't bet)
Seat 6: roma19765 folded before Flop (didn't bet)
Seat 7: Dorex2007 mucked [As Qs]
Seat 8: GED1889 (button) folded before Flop (didn't bet)
Seat 9: DJ.Flench (small blind) folded before Flop



PokerStars Hand #224159322885:  Hold'em No Limit ($0.01/$0.02 USD) - 2021/02/23 19:45:59 PT [2021/02/23 22:45:59 ET]
Table 'Amphitrite VII' 9-max Seat #9 is the button
Seat 1: seahare13 ($1.86 in chips) 
Seat 2: maxkxi ($0.92 in chips) 
Seat 3: 73d91 ($1.23 in chips) 
Seat 4: Mr.Turulo ($1.95 in chips) 
Seat 5: coolDadJimbo ($7.19 in chips) 
Seat 6: roma19765 ($2.02 in chips) 
Seat 7: Dorex2007 ($2.20 in chips) 
Seat 8: GED1889 ($1.30 in chips) 
Seat 9: DJ.Flench ($2.11 in chips) 
seahare13: posts small blind $0.01
maxkxi: posts big blind $0.02
*** HOLE CARDS ***
Dealt to Dorex2007 [6h Qs]
73d91: folds 
Mr.Turulo has timed out
Mr.Turulo: folds 
coolDadJimbo: folds 
roma19765: raises $0.04 to $0.06
Dorex2007: folds 
GED1889: folds 
DJ.Flench: folds 
seahare13: folds 
maxkxi: folds 
Uncalled bet ($0.04) returned to roma19765
roma19765 collected $0.05 from pot
roma19765: doesn't show hand 
*** SUMMARY ***
Total pot $0.05 | Rake $0 
Seat 1: seahare13 (small blind) folded before Flop
Seat 2: maxkxi (big blind) folded before Flop
Seat 3: 73d91 folded before Flop (didn't bet)
Seat 4: Mr.Turulo folded before Flop (didn't bet)
Seat 5: coolDadJimbo folded before Flop (didn't bet)
Seat 6: roma19765 collected ($0.05)
Seat 7: Dorex2007 folded before Flop (didn't bet)
Seat 8: GED1889 folded before Flop (didn't bet)
Seat 9: DJ.Flench (button) folded before Flop (didn't bet)



PokerStars Hand #224159332097:  Hold'em No Limit ($0.01/$0.02 USD) - 2021/02/23 19:46:37 PT [2021/02/23 22:46:37 ET]
Table 'Amphitrite VII' 9-max Seat #1 is the button
Seat 1: seahare13 ($1.85 in chips) 
Seat 2: maxkxi ($0.90 in chips) 
Seat 3: 73d91 ($1.23 in chips) 
Seat 4: Mr.Turulo ($1.95 in chips) 
Seat 5: coolDadJimbo ($7.19 in chips) 
Seat 6: roma19765 ($2.05 in chips) 
Seat 7: Dorex2007 ($2.20 in chips) 
Seat 8: GED1889 ($1.30 in chips) 
Seat 9: DJ.Flench ($2.11 in chips) 
maxkxi: posts small blind $0.01
73d91: posts big blind $0.02
*** HOLE CARDS ***
Dealt to Dorex2007 [4h Jh]
Mr.Turulo: folds 
coolDadJimbo: folds 
roma19765: folds 
Dorex2007: folds 
GED1889: folds 
DJ.Flench: folds 
seahare13: folds 
maxkxi: calls $0.01
73d91: raises $0.03 to $0.05
maxkxi: calls $0.03
*** FLOP *** [3c Qs Kd]
maxkxi: checks 
73d91: bets $0.04
maxkxi: raises $0.08 to $0.12
73d91: folds 
Uncalled bet ($0.08) returned to maxkxi
maxkxi collected $0.17 from pot
*** SUMMARY ***
Total pot $0.18 | Rake $0.01 
Board [3c Qs Kd]
Seat 1: seahare13 (button) folded before Flop (didn't bet)
Seat 2: maxkxi (small blind) collected ($0.17)
Seat 3: 73d91 (big blind) folded on the Flop
Seat 4: Mr.Turulo folded before Flop (didn't bet)
Seat 5: coolDadJimbo folded before Flop (didn't bet)
Seat 6: roma19765 folded before Flop (didn't bet)
Seat 7: Dorex2007 folded before Flop (didn't bet)
Seat 8: GED1889 folded before Flop (didn't bet)
Seat 9: DJ.Flench folded before Flop (didn't bet)



PokerStars Hand #224159344205:  Hold'em No Limit ($0.01/$0.02 USD) - 2021/02/23 19:47:25 PT [2021/02/23 22:47:25 ET]
Table 'Amphitrite VII' 9-max Seat #2 is the button
Seat 1: seahare13 ($1.85 in chips) 
Seat 2: maxkxi ($0.98 in chips) 
Seat 3: 73d91 ($1.14 in chips) 
Seat 4: Mr.Turulo ($1.95 in chips) 
Seat 5: coolDadJimbo ($7.19 in chips) 
Seat 6: roma19765 ($2.05 in chips) 
Seat 7: Dorex2007 ($2.20 in chips) 
Seat 8: GED1889 ($1.30 in chips) 
Seat 9: DJ.Flench ($2.11 in chips) 
73d91: posts small blind $0.01
Mr.Turulo: posts big blind $0.02
*** HOLE CARDS ***
Dealt to Dorex2007 [3d Qc]
coolDadJimbo: folds 
roma19765: folds 
Dorex2007: folds 
GED1889: folds 
DJ.Flench: folds 
seahare13: folds 
maxkxi: raises $0.04 to $0.06
73d91: folds 
Mr.Turulo: folds 
Uncalled bet ($0.04) returned to maxkxi
maxkxi collected $0.05 from pot
*** SUMMARY ***
Total pot $0.05 | Rake $0 
Seat 1: seahare13 folded before Flop (didn't bet)
Seat 2: maxkxi (button) collected ($0.05)
Seat 3: 73d91 (small blind) folded before Flop
Seat 4: Mr.Turulo (big blind) folded before Flop
Seat 5: coolDadJimbo folded before Flop (didn't bet)
Seat 6: roma19765 folded before Flop (didn't bet)
Seat 7: Dorex2007 folded before Flop (didn't bet)
Seat 8: GED1889 folded before Flop (didn't bet)
Seat 9: DJ.Flench folded before Flop (didn't bet)



PokerStars Hand #224159353851:  Hold'em No Limit ($0.01/$0.02 USD) - 2021/02/23 19:48:00 PT [2021/02/23 22:48:00 ET]
Table 'Amphitrite VII' 9-max Seat #3 is the button
Seat 1: seahare13 ($1.85 in chips) 
Seat 2: maxkxi ($1.01 in chips) 
Seat 3: 73d91 ($1.13 in chips) 
Seat 4: Mr.Turulo ($1.93 in chips) 
Seat 5: coolDadJimbo ($7.19 in chips) 
Seat 6: roma19765 ($2.05 in chips) 
Seat 7: Dorex2007 ($2.20 in chips) 
Seat 8: GED1889 ($1.30 in chips) 
Seat 9: DJ.Flench ($2.11 in chips) 
Mr.Turulo: posts small blind $0.01
coolDadJimbo: posts big blind $0.02
*** HOLE CARDS ***
Dealt to Dorex2007 [7d 9d]
roma19765: folds 
Dorex2007: folds 
GED1889 has timed out
GED1889: folds 
DJ.Flench: raises $0.03 to $0.05
seahare13: folds 
maxkxi: folds 
73d91: folds 
Mr.Turulo: folds 
coolDadJimbo: calls $0.03
*** FLOP *** [7c As 6c]
coolDadJimbo: bets $0.09
DJ.Flench: calls $0.09
*** TURN *** [7c As 6c] [9h]
coolDadJimbo: bets $0.26
DJ.Flench: folds 
Uncalled bet ($0.26) returned to coolDadJimbo
coolDadJimbo collected $0.28 from pot
*** SUMMARY ***
Total pot $0.29 | Rake $0.01 
Board [7c As 6c 9h]
Seat 1: seahare13 folded before Flop (didn't bet)
Seat 2: maxkxi folded before Flop (didn't bet)
Seat 3: 73d91 (button) folded before Flop (didn't bet)
Seat 4: Mr.Turulo (small blind) folded before Flop
Seat 5: coolDadJimbo (big blind) collected ($0.28)
Seat 6: roma19765 folded before Flop (didn't bet)
Seat 7: Dorex2007 folded before Flop (didn't bet)
Seat 8: GED1889 folded before Flop (didn't bet)
Seat 9: DJ.Flench folded on the Turn



PokerStars Hand #224159370986:  Hold'em No Limit ($0.01/$0.02 USD) - 2021/02/23 19:49:09 PT [2021/02/23 22:49:09 ET]
Table 'Amphitrite VII' 9-max Seat #4 is the button
Seat 1: seahare13 ($1.85 in chips) 
Seat 2: maxkxi ($1.01 in chips) 
Seat 3: 73d91 ($1.13 in chips) 
Seat 4: Mr.Turulo ($1.92 in chips) 
Seat 5: coolDadJimbo ($7.33 in chips) 
Seat 6: roma19765 ($2.05 in chips) 
Seat 7: Dorex2007 ($2.20 in chips) 
Seat 8: GED1889 ($1.30 in chips) 
Seat 9: DJ.Flench ($2 in chips) 
coolDadJimbo: posts small blind $0.01
roma19765: posts big blind $0.02
*** HOLE CARDS ***
Dealt to Dorex2007 [9s 5c]
Dorex2007: folds 
GED1889: folds 
DJ.Flench: folds 
seahare13: calls $0.02
maxkxi: folds 
73d91: folds 
Mr.Turulo: folds 
coolDadJimbo: folds 
roma19765: checks 
*** FLOP *** [Ac Qc 6d]
roma19765: checks 
seahare13: bets $0.02
roma19765: folds 
Uncalled bet ($0.02) returned to seahare13
seahare13 collected $0.05 from pot
*** SUMMARY ***
Total pot $0.05 | Rake $0 
Board [Ac Qc 6d]
Seat 1: seahare13 collected ($0.05)
Seat 2: maxkxi folded before Flop (didn't bet)
Seat 3: 73d91 folded before Flop (didn't bet)
Seat 4: Mr.Turulo (button) folded before Flop (didn't bet)
Seat 5: coolDadJimbo (small blind) folded before Flop
Seat 6: roma19765 (big blind) folded on the Flop
Seat 7: Dorex2007 folded before Flop (didn't bet)
Seat 8: GED1889 folded before Flop (didn't bet)
Seat 9: DJ.Flench folded before Flop (didn't bet)



PokerStars Hand #224159383782:  Hold'em No Limit ($0.01/$0.02 USD) - 2021/02/23 19:49:41 PT [2021/02/23 22:49:41 ET]
Table 'Amphitrite VII' 9-max Seat #5 is the button
Seat 1: seahare13 ($1.88 in chips) 
Seat 2: maxkxi ($1.01 in chips) 
Seat 3: 73d91 ($1.13 in chips) 
Seat 4: Mr.Turulo ($1.92 in chips) 
Seat 5: coolDadJimbo ($7.32 in chips) 
Seat 6: roma19765 ($2.03 in chips) 
Seat 7: Dorex2007 ($2.20 in chips) 
Seat 8: GED1889 ($1.30 in chips) 
Seat 9: DJ.Flench ($2 in chips) 
roma19765: posts small blind $0.01
Dorex2007: posts big blind $0.02
*** HOLE CARDS ***
Dealt to Dorex2007 [5d 9h]
GED1889: folds 
DJ.Flench: folds 
seahare13: calls $0.02
maxkxi: folds 
73d91: folds 
Mr.Turulo: folds 
coolDadJimbo: raises $0.07 to $0.09
roma19765: folds 
Dorex2007: folds 
seahare13: folds 
Uncalled bet ($0.07) returned to coolDadJimbo
coolDadJimbo collected $0.07 from pot
*** SUMMARY ***
Total pot $0.07 | Rake $0 
Seat 1: seahare13 folded before Flop
Seat 2: maxkxi folded before Flop (didn't bet)
Seat 3: 73d91 folded before Flop (didn't bet)
Seat 4: Mr.Turulo folded before Flop (didn't bet)
Seat 5: coolDadJimbo (button) collected ($0.07)
Seat 6: roma19765 (small blind) folded before Flop
Seat 7: Dorex2007 (big blind) folded before Flop
Seat 8: GED1889 folded before Flop (didn't bet)
Seat 9: DJ.Flench folded before Flop (didn't bet)



PokerStars Hand #224159392645:  Hold'em No Limit ($0.01/$0.02 USD) - 2021/02/23 19:50:16 PT [2021/02/23 22:50:16 ET]
Table 'Amphitrite VII' 9-max Seat #6 is the button
Seat 1: seahare13 ($1.86 in chips) 
Seat 2: maxkxi ($1.01 in chips) 
Seat 3: 73d91 ($1.13 in chips) 
Seat 4: Mr.Turulo ($1.92 in chips) 
Seat 5: coolDadJimbo ($7.37 in chips) 
Seat 6: roma19765 ($2.02 in chips) 
Seat 7: Dorex2007 ($2.18 in chips) 
Seat 8: GED1889 ($1.30 in chips) 
Seat 9: DJ.Flench ($2 in chips) 
Dorex2007: posts small blind $0.01
GED1889: posts big blind $0.02
*** HOLE CARDS ***
Dealt to Dorex2007 [Jc 5s]
DJ.Flench: folds 
seahare13: folds 
maxkxi: folds 
73d91: folds 
Mr.Turulo: raises $0.03 to $0.05
coolDadJimbo: folds 
roma19765: calls $0.05
Dorex2007: folds 
GED1889: folds 
*** FLOP *** [8s Th 6h]
Mr.Turulo: checks 
roma19765: bets $0.07
Mr.Turulo: folds 
Uncalled bet ($0.07) returned to roma19765
roma19765 collected $0.13 from pot
roma19765: doesn't show hand 
*** SUMMARY ***
Total pot $0.13 | Rake $0 
Board [8s Th 6h]
Seat 1: seahare13 folded before Flop (didn't bet)
Seat 2: maxkxi folded before Flop (didn't bet)
Seat 3: 73d91 folded before Flop (didn't bet)
Seat 4: Mr.Turulo folded on the Flop
Seat 5: coolDadJimbo folded before Flop (didn't bet)
Seat 6: roma19765 (button) collected ($0.13)
Seat 7: Dorex2007 (small blind) folded before Flop
Seat 8: GED1889 (big blind) folded before Flop
Seat 9: DJ.Flench folded before Flop (didn't bet)



PokerStars Hand #224159403612:  Hold'em No Limit ($0.01/$0.02 USD) - 2021/02/23 19:51:01 PT [2021/02/23 22:51:01 ET]
Table 'Amphitrite VII' 9-max Seat #7 is the button
Seat 1: seahare13 ($1.86 in chips) 
Seat 2: maxkxi ($1.01 in chips) 
Seat 3: 73d91 ($1.13 in chips) 
Seat 4: Mr.Turulo ($1.87 in chips) 
Seat 5: coolDadJimbo ($7.37 in chips) 
Seat 6: roma19765 ($2.10 in chips) 
Seat 7: Dorex2007 ($2.17 in chips) 
Seat 8: GED1889 ($1.28 in chips) 
Seat 9: DJ.Flench ($2 in chips) 
GED1889: posts small blind $0.01
DJ.Flench: posts big blind $0.02
*** HOLE CARDS ***
Dealt to Dorex2007 [Ts 7s]
seahare13: folds 
maxkxi: folds 
73d91: folds 
Mr.Turulo: folds 
coolDadJimbo: folds 
roma19765: folds 
Dorex2007: raises $0.04 to $0.06
GED1889: folds 
DJ.Flench: folds 
Uncalled bet ($0.04) returned to Dorex2007
Dorex2007 collected $0.05 from pot
Dorex2007: doesn't show hand 
*** SUMMARY ***
Total pot $0.05 | Rake $0 
Seat 1: seahare13 folded before Flop (didn't bet)
Seat 2: maxkxi folded before Flop (didn't bet)
Seat 3: 73d91 folded before Flop (didn't bet)
Seat 4: Mr.Turulo folded before Flop (didn't bet)
Seat 5: coolDadJimbo folded before Flop (didn't bet)
Seat 6: roma19765 folded before Flop (didn't bet)
Seat 7: Dorex2007 (button) collected ($0.05)
Seat 8: GED1889 (small blind) folded before Flop
Seat 9: DJ.Flench (big blind) folded before Flop



PokerStars Hand #224159409637:  Hold'em No Limit ($0.01/$0.02 USD) - 2021/02/23 19:51:25 PT [2021/02/23 22:51:25 ET]
Table 'Amphitrite VII' 9-max Seat #8 is the button
Seat 1: seahare13 ($1.86 in chips) 
Seat 2: maxkxi ($1.01 in chips) 
Seat 3: 73d91 ($1.13 in chips) 
Seat 4: Mr.Turulo ($1.87 in chips) 
Seat 5: coolDadJimbo ($7.37 in chips) 
Seat 6: roma19765 ($2.10 in chips) 
Seat 7: Dorex2007 ($2.20 in chips) 
Seat 8: GED1889 ($1.27 in chips) 
Seat 9: DJ.Flench ($2 in chips) 
DJ.Flench: posts small blind $0.01
seahare13: posts big blind $0.02
*** HOLE CARDS ***
Dealt to Dorex2007 [5c Ah]
maxkxi: raises $0.04 to $0.06
73d91: folds 
Mr.Turulo: folds 
coolDadJimbo: folds 
roma19765: folds 
Dorex2007: folds 
GED1889: folds 
DJ.Flench: folds 
seahare13: folds 
Uncalled bet ($0.04) returned to maxkxi
maxkxi collected $0.05 from pot
*** SUMMARY ***
Total pot $0.05 | Rake $0 
Seat 1: seahare13 (big blind) folded before Flop
Seat 2: maxkxi collected ($0.05)
Seat 3: 73d91 folded before Flop (didn't bet)
Seat 4: Mr.Turulo folded before Flop (didn't bet)
Seat 5: coolDadJimbo folded before Flop (didn't bet)
Seat 6: roma19765 folded before Flop (didn't bet)
Seat 7: Dorex2007 folded before Flop (didn't bet)
Seat 8: GED1889 (button) folded before Flop (didn't bet)
Seat 9: DJ.Flench (small blind) folded before Flop



PokerStars Hand #224159417444:  Hold'em No Limit ($0.01/$0.02 USD) - 2021/02/23 19:51:57 PT [2021/02/23 22:51:57 ET]
Table 'Amphitrite VII' 9-max Seat #9 is the button
Seat 1: seahare13 ($1.84 in chips) 
Seat 2: maxkxi ($1.04 in chips) 
Seat 3: 73d91 ($1.13 in chips) 
Seat 4: Mr.Turulo ($1.87 in chips) 
Seat 5: coolDadJimbo ($7.37 in chips) 
Seat 6: roma19765 ($2.10 in chips) 
Seat 7: Dorex2007 ($2.20 in chips) 
Seat 8: GED1889 ($1.27 in chips) 
Seat 9: DJ.Flench ($2 in chips) 
seahare13: posts small blind $0.01
maxkxi: posts big blind $0.02
*** HOLE CARDS ***
Dealt to Dorex2007 [3h 4h]
73d91: folds 
Mr.Turulo: folds 
coolDadJimbo: folds 
roma19765: folds 
Dorex2007: folds 
GED1889: folds 
DJ.Flench: folds 
seahare13: calls $0.01
maxkxi: raises $0.08 to $0.10
seahare13: folds 
Uncalled bet ($0.08) returned to maxkxi
maxkxi collected $0.04 from pot
*** SUMMARY ***
Total pot $0.04 | Rake $0 
Seat 1: seahare13 (small blind) folded before Flop
Seat 2: maxkxi (big blind) collected ($0.04)
Seat 3: 73d91 folded before Flop (didn't bet)
Seat 4: Mr.Turulo folded before Flop (didn't bet)
Seat 5: coolDadJimbo folded before Flop (didn't bet)
Seat 6: roma19765 folded before Flop (didn't bet)
Seat 7: Dorex2007 folded before Flop (didn't bet)
Seat 8: GED1889 folded before Flop (didn't bet)
Seat 9: DJ.Flench (button) folded before Flop (didn't bet)



PokerStars Hand #224159424074:  Hold'em No Limit ($0.01/$0.02 USD) - 2021/02/23 19:52:25 PT [2021/02/23 22:52:25 ET]
Table 'Amphitrite VII' 9-max Seat #1 is the button
Seat 1: seahare13 ($1.82 in chips) 
Seat 2: maxkxi ($1.06 in chips) 
Seat 3: 73d91 ($1.13 in chips) 
Seat 4: Mr.Turulo ($1.87 in chips) 
Seat 5: coolDadJimbo ($7.37 in chips) 
Seat 6: roma19765 ($2.10 in chips) 
Seat 7: Dorex2007 ($2.20 in chips) 
Seat 8: GED1889 ($1.27 in chips) 
Seat 9: DJ.Flench ($2 in chips) 
maxkxi: posts small blind $0.01
73d91: posts big blind $0.02
*** HOLE CARDS ***
Dealt to Dorex2007 [9c 6d]
Mr.Turulo: folds 
coolDadJimbo: folds 
roma19765: raises $0.04 to $0.06
Dorex2007: folds 
GED1889: folds 
DJ.Flench: folds 
seahare13: folds 
maxkxi: calls $0.05
73d91: folds 
*** FLOP *** [As 5c 2h]
maxkxi: checks 
roma19765: checks 
*** TURN *** [As 5c 2h] [3d]
maxkxi: checks 
roma19765: checks 
*** RIVER *** [As 5c 2h 3d] [5s]
maxkxi: checks 
roma19765: checks 
*** SHOW DOWN ***
maxkxi: shows [Ah 9s] (two pair, Aces and Fives)
roma19765: mucks hand 
maxkxi collected $0.14 from pot
*** SUMMARY ***
Total pot $0.14 | Rake $0 
Board [As 5c 2h 3d 5s]
Seat 1: seahare13 (button) folded before Flop (didn't bet)
Seat 2: maxkxi (small blind) showed [Ah 9s] and won ($0.14) with two pair, Aces and Fives
Seat 3: 73d91 (big blind) folded before Flop
Seat 4: Mr.Turulo folded before Flop (didn't bet)
Seat 5: coolDadJimbo folded before Flop (didn't bet)
Seat 6: roma19765 mucked [9h Th]
Seat 7: Dorex2007 folded before Flop (didn't bet)
Seat 8: GED1889 folded before Flop (didn't bet)
Seat 9: DJ.Flench folded before Flop (didn't bet)



PokerStars Hand #224159432687:  Hold'em No Limit ($0.01/$0.02 USD) - 2021/02/23 19:52:59 PT [2021/02/23 22:52:59 ET]
Table 'Amphitrite VII' 9-max Seat #2 is the button
Seat 1: seahare13 ($1.82 in chips) 
Seat 2: maxkxi ($1.14 in chips) 
Seat 3: 73d91 ($1.11 in chips) 
Seat 4: Mr.Turulo ($1.87 in chips) 
Seat 5: coolDadJimbo ($7.37 in chips) 
Seat 6: roma19765 ($2.04 in chips) 
Seat 7: Dorex2007 ($2.20 in chips) 
Seat 8: GED1889 ($1.27 in chips) 
Seat 9: DJ.Flench ($2 in chips) 
73d91: posts small blind $0.01
Mr.Turulo: posts big blind $0.02
*** HOLE CARDS ***
Dealt to Dorex2007 [9d Js]
coolDadJimbo: folds 
roma19765: folds 
Dorex2007: folds 
GED1889: raises $0.04 to $0.06
DJ.Flench: folds 
seahare13: calls $0.06
maxkxi: folds 
73d91: folds 
Mr.Turulo: folds 
*** FLOP *** [Ac 2d Ah]
GED1889: bets $0.12
seahare13: folds 
Uncalled bet ($0.12) returned to GED1889
maxkxi leaves the table
GED1889 collected $0.14 from pot
GED1889: doesn't show hand 
*** SUMMARY ***
Total pot $0.15 | Rake $0.01 
Board [Ac 2d Ah]
Seat 1: seahare13 folded on the Flop
Seat 2: maxkxi (button) folded before Flop (didn't bet)
Seat 3: 73d91 (small blind) folded before Flop
Seat 4: Mr.Turulo (big blind) folded before Flop
Seat 5: coolDadJimbo folded before Flop (didn't bet)
Seat 6: roma19765 folded before Flop (didn't bet)
Seat 7: Dorex2007 folded before Flop (didn't bet)
Seat 8: GED1889 collected ($0.14)
Seat 9: DJ.Flench folded before Flop (didn't bet)



PokerStars Hand #224159440079:  Hold'em No Limit ($0.01/$0.02 USD) - 2021/02/23 19:53:30 PT [2021/02/23 22:53:30 ET]
Table 'Amphitrite VII' 9-max Seat #3 is the button
Seat 1: seahare13 ($1.76 in chips) 
Seat 3: 73d91 ($1.10 in chips) 
Seat 4: Mr.Turulo ($1.85 in chips) 
Seat 5: coolDadJimbo ($7.37 in chips) 
Seat 6: roma19765 ($2.04 in chips) 
Seat 7: Dorex2007 ($2.20 in chips) 
Seat 8: GED1889 ($1.35 in chips) 
Seat 9: DJ.Flench ($2 in chips) 
Mr.Turulo: posts small blind $0.01
coolDadJimbo: posts big blind $0.02
*** HOLE CARDS ***
Dealt to Dorex2007 [6s Kc]
roma19765: folds 
Dorex2007: folds 
GED1889: folds 
cc4k2010 joins the table at seat #2 
DJ.Flench: raises $0.03 to $0.05
seahare13: folds 
73d91: folds 
Mr.Turulo: folds 
coolDadJimbo: folds 
Uncalled bet ($0.03) returned to DJ.Flench
DJ.Flench collected $0.05 from pot
DJ.Flench: doesn't show hand 
*** SUMMARY ***
Total pot $0.05 | Rake $0 
Seat 1: seahare13 folded before Flop (didn't bet)
Seat 3: 73d91 (button) folded before Flop (didn't bet)
Seat 4: Mr.Turulo (small blind) folded before Flop
Seat 5: coolDadJimbo (big blind) folded before Flop
Seat 6: roma19765 folded before Flop (didn't bet)
Seat 7: Dorex2007 folded before Flop (didn't bet)
Seat 8: GED1889 folded before Flop (didn't bet)
Seat 9: DJ.Flench collected ($0.05)



PokerStars Hand #224159443990:  Hold'em No Limit ($0.01/$0.02 USD) - 2021/02/23 19:53:46 PT [2021/02/23 22:53:46 ET]
Table 'Amphitrite VII' 9-max Seat #4 is the button
Seat 1: seahare13 ($1.76 in chips) 
Seat 3: 73d91 ($1.10 in chips) 
Seat 4: Mr.Turulo ($1.84 in chips) 
Seat 5: coolDadJimbo ($7.35 in chips) 
Seat 6: roma19765 ($2.04 in chips) 
Seat 7: Dorex2007 ($2.20 in chips) 
Seat 8: GED1889 ($1.35 in chips) 
Seat 9: DJ.Flench ($2.03 in chips) 
coolDadJimbo: posts small blind $0.01
roma19765: posts big blind $0.02
cc4k2010: sits out 
*** HOLE CARDS ***
Dealt to Dorex2007 [4s 4c]
Dorex2007: calls $0.02
GED1889: calls $0.02
DJ.Flench: folds 
seahare13: calls $0.02
73d91: folds 
Mr.Turulo is disconnected 
Mr.Turulo has timed out while being disconnected
Mr.Turulo: folds 
coolDadJimbo: folds 
roma19765: checks 
*** FLOP *** [9c Jh 8d]
roma19765: checks 
Dorex2007: checks 
GED1889: bets $0.09
seahare13: folds 
roma19765: folds 
Dorex2007: folds 
Uncalled bet ($0.09) returned to GED1889
GED1889 collected $0.09 from pot
GED1889: doesn't show hand 
*** SUMMARY ***
Total pot $0.09 | Rake $0 
Board [9c Jh 8d]
Seat 1: seahare13 folded on the Flop
Seat 3: 73d91 folded before Flop (didn't bet)
Seat 4: Mr.Turulo (button) folded before Flop (didn't bet)
Seat 5: coolDadJimbo (small blind) folded before Flop
Seat 6: roma19765 (big blind) folded on the Flop
Seat 7: Dorex2007 folded on the Flop
Seat 8: GED1889 collected ($0.09)
Seat 9: DJ.Flench folded before Flop (didn't bet)



PokerStars Hand #224159458719:  Hold'em No Limit ($0.01/$0.02 USD) - 2021/02/23 19:54:46 PT [2021/02/23 22:54:46 ET]
Table 'Amphitrite VII' 9-max Seat #5 is the button
Seat 1: seahare13 ($1.74 in chips) 
Seat 2: cc4k2010 ($1.60 in chips) 
Seat 3: 73d91 ($1.10 in chips) 
Seat 5: coolDadJimbo ($7.34 in chips) 
Seat 6: roma19765 ($2.02 in chips) 
Seat 7: Dorex2007 ($2.18 in chips) 
Seat 8: GED1889 ($1.42 in chips) 
Seat 9: DJ.Flench ($2.03 in chips) 
roma19765: posts small blind $0.01
Dorex2007: posts big blind $0.02
cc4k2010: posts big blind $0.02
*** HOLE CARDS ***
Dealt to Dorex2007 [Ts Kh]
GED1889 has timed out
GED1889: folds 
DJ.Flench: folds 
seahare13: folds 
cc4k2010: checks 
73d91: folds 
coolDadJimbo: folds 
roma19765: calls $0.01
Mr.Turulo is disconnected 
Dorex2007: checks 
*** FLOP *** [8c 5c 9h]
roma19765: checks 
Dorex2007: checks 
cc4k2010: bets $0.02
roma19765: folds 
Dorex2007: calls $0.02
*** TURN *** [8c 5c 9h] [Ah]
Dorex2007: checks 
cc4k2010: bets $0.05
Dorex2007: calls $0.05
*** RIVER *** [8c 5c 9h Ah] [Ac]
Dorex2007: bets $0.10
cc4k2010: calls $0.10
*** SHOW DOWN ***
Dorex2007: shows [Ts Kh] (a pair of Aces)
cc4k2010: shows [5h 8h] (two pair, Aces and Eights)
cc4k2010 collected $0.39 from pot
*** SUMMARY ***
Total pot $0.40 | Rake $0.01 
Board [8c 5c 9h Ah Ac]
Seat 1: seahare13 folded before Flop (didn't bet)
Seat 2: cc4k2010 showed [5h 8h] and won ($0.39) with two pair, Aces and Eights
Seat 3: 73d91 folded before Flop (didn't bet)
Seat 5: coolDadJimbo (button) folded before Flop (didn't bet)
Seat 6: roma19765 (small blind) folded on the Flop
Seat 7: Dorex2007 (big blind) showed [Ts Kh] and lost with a pair of Aces
Seat 8: GED1889 folded before Flop (didn't bet)
Seat 9: DJ.Flench folded before Flop (didn't bet)



PokerStars Hand #224159471876:  Hold'em No Limit ($0.01/$0.02 USD) - 2021/02/23 19:55:49 PT [2021/02/23 22:55:49 ET]
Table 'Amphitrite VII' 9-max Seat #6 is the button
Seat 1: seahare13 ($1.74 in chips) 
Seat 2: cc4k2010 ($1.80 in chips) 
Seat 3: 73d91 ($1.10 in chips) 
Seat 5: coolDadJimbo ($7.34 in chips) 
Seat 6: roma19765 ($2 in chips) 
Seat 7: Dorex2007 ($1.99 in chips) 
Seat 8: GED1889 ($1.42 in chips) 
Seat 9: DJ.Flench ($2.03 in chips) 
Dorex2007: posts small blind $0.01
GED1889: posts big blind $0.02
*** HOLE CARDS ***
Dealt to Dorex2007 [3h 8h]
DJ.Flench: folds 
seahare13: folds 
cc4k2010: calls $0.02
73d91: folds 
coolDadJimbo: folds 
roma19765: raises $0.06 to $0.08
Dorex2007: folds 
GED1889: folds 
cc4k2010: calls $0.06
*** FLOP *** [8d Jd Tc]
cc4k2010: bets $0.09
roma19765: calls $0.09
*** TURN *** [8d Jd Tc] [Ad]
cc4k2010: checks 
roma19765: checks 
*** RIVER *** [8d Jd Tc Ad] [Qd]
cc4k2010: bets $0.18
roma19765: folds 
Uncalled bet ($0.18) returned to cc4k2010
cc4k2010 collected $0.36 from pot
cc4k2010: doesn't show hand 
*** SUMMARY ***
Total pot $0.37 | Rake $0.01 
Board [8d Jd Tc Ad Qd]
Seat 1: seahare13 folded before Flop (didn't bet)
Seat 2: cc4k2010 collected ($0.36)
Seat 3: 73d91 folded before Flop (didn't bet)
Seat 5: coolDadJimbo folded before Flop (didn't bet)
Seat 6: roma19765 (button) folded on the River
Seat 7: Dorex2007 (small blind) folded before Flop
Seat 8: GED1889 (big blind) folded before Flop
Seat 9: DJ.Flench folded before Flop (didn't bet)



PokerStars Hand #224159491515:  Hold'em No Limit ($0.01/$0.02 USD) - 2021/02/23 19:56:55 PT [2021/02/23 22:56:55 ET]
Table 'Amphitrite VII' 9-max Seat #7 is the button
Seat 1: seahare13 ($1.74 in chips) 
Seat 2: cc4k2010 ($1.99 in chips) 
Seat 3: 73d91 ($1.10 in chips) 
Seat 4: Mr.Turulo ($1.84 in chips) 
Seat 5: coolDadJimbo ($7.34 in chips) 
Seat 6: roma19765 ($1.83 in chips) 
Seat 7: Dorex2007 ($1.98 in chips) 
Seat 8: GED1889 ($1.40 in chips) 
Seat 9: DJ.Flench ($2.03 in chips) 
GED1889: posts small blind $0.01
DJ.Flench: posts big blind $0.02
*** HOLE CARDS ***
Dealt to Dorex2007 [9s Qs]
seahare13: folds 
cc4k2010: calls $0.02
73d91: folds 
Mr.Turulo: folds 
coolDadJimbo: folds 
roma19765: folds 
Dorex2007: calls $0.02
GED1889: folds 
DJ.Flench: checks 
*** FLOP *** [Tc 6c 4h]
DJ.Flench: checks 
cc4k2010: checks 
Dorex2007: checks 
*** TURN *** [Tc 6c 4h] [3s]
DJ.Flench: checks 
cc4k2010: checks 
Dorex2007: checks 
*** RIVER *** [Tc 6c 4h 3s] [5d]
DJ.Flench: bets $0.07
cc4k2010: folds 
Dorex2007: folds 
Uncalled bet ($0.07) returned to DJ.Flench
DJ.Flench collected $0.07 from pot
DJ.Flench: doesn't show hand 
*** SUMMARY ***
Total pot $0.07 | Rake $0 
Board [Tc 6c 4h 3s 5d]
Seat 1: seahare13 folded before Flop (didn't bet)
Seat 2: cc4k2010 folded on the River
Seat 3: 73d91 folded before Flop (didn't bet)
Seat 4: Mr.Turulo folded before Flop (didn't bet)
Seat 5: coolDadJimbo folded before Flop (didn't bet)
Seat 6: roma19765 folded before Flop (didn't bet)
Seat 7: Dorex2007 (button) folded on the River
Seat 8: GED1889 (small blind) folded before Flop
Seat 9: DJ.Flench (big blind) collected ($0.07)



PokerStars Hand #224159506481:  Hold'em No Limit ($0.01/$0.02 USD) - 2021/02/23 19:58:12 PT [2021/02/23 22:58:12 ET]
Table 'Amphitrite VII' 9-max Seat #8 is the button
Seat 1: seahare13 ($1.74 in chips) 
Seat 2: cc4k2010 ($1.97 in chips) 
Seat 3: 73d91 ($1.10 in chips) 
Seat 4: Mr.Turulo ($1.84 in chips) 
Seat 5: coolDadJimbo ($7.34 in chips) 
Seat 6: roma19765 ($1.83 in chips) 
Seat 7: Dorex2007 ($1.96 in chips) 
Seat 8: GED1889 ($1.39 in chips) 
Seat 9: DJ.Flench ($2.08 in chips) 
DJ.Flench: posts small blind $0.01
seahare13: posts big blind $0.02
*** HOLE CARDS ***
Dealt to Dorex2007 [9c Ah]
cc4k2010: calls $0.02
73d91: folds 
Mr.Turulo: raises $0.03 to $0.05
coolDadJimbo: raises $0.11 to $0.16
roma19765: folds 
Dorex2007: folds 
GED1889: folds 
DJ.Flench: folds 
seahare13: folds 
cc4k2010: folds 
Mr.Turulo: calls $0.11
*** FLOP *** [3d 2s Tc]
Mr.Turulo: checks 
coolDadJimbo: bets $0.27
Mr.Turulo: folds 
Uncalled bet ($0.27) returned to coolDadJimbo
coolDadJimbo collected $0.36 from pot
*** SUMMARY ***
Total pot $0.37 | Rake $0.01 
Board [3d 2s Tc]
Seat 1: seahare13 (big blind) folded before Flop
Seat 2: cc4k2010 folded before Flop
Seat 3: 73d91 folded before Flop (didn't bet)
Seat 4: Mr.Turulo folded on the Flop
Seat 5: coolDadJimbo collected ($0.36)
Seat 6: roma19765 folded before Flop (didn't bet)
Seat 7: Dorex2007 folded before Flop (didn't bet)
Seat 8: GED1889 (button) folded before Flop (didn't bet)
Seat 9: DJ.Flench (small blind) folded before Flop



PokerStars Hand #224159528211:  Hold'em No Limit ($0.01/$0.02 USD) - 2021/02/23 19:59:34 PT [2021/02/23 22:59:34 ET]
Table 'Amphitrite VII' 9-max Seat #9 is the button
Seat 1: seahare13 ($1.72 in chips) 
Seat 2: cc4k2010 ($1.95 in chips) 
Seat 3: 73d91 ($1.10 in chips) 
Seat 4: Mr.Turulo ($1.68 in chips) 
Seat 5: coolDadJimbo ($7.54 in chips) 
Seat 6: roma19765 ($1.83 in chips) 
Seat 7: Dorex2007 ($1.96 in chips) 
Seat 8: GED1889 ($1.39 in chips) 
Seat 9: DJ.Flench ($2.07 in chips) 
seahare13: posts small blind $0.01
cc4k2010: posts big blind $0.02
*** HOLE CARDS ***
Dealt to Dorex2007 [2d 7s]
73d91: folds 
Mr.Turulo: folds 
coolDadJimbo: folds 
roma19765: folds 
Dorex2007: folds 
GED1889: folds 
DJ.Flench: raises $0.03 to $0.05
seahare13: folds 
cc4k2010: calls $0.03
*** FLOP *** [2c Td 7h]
cc4k2010: checks 
DJ.Flench: bets $0.08
cc4k2010: folds 
Uncalled bet ($0.08) returned to DJ.Flench
DJ.Flench collected $0.11 from pot
DJ.Flench: doesn't show hand 
*** SUMMARY ***
Total pot $0.11 | Rake $0 
Board [2c Td 7h]
Seat 1: seahare13 (small blind) folded before Flop
Seat 2: cc4k2010 (big blind) folded on the Flop
Seat 3: 73d91 folded before Flop (didn't bet)
Seat 4: Mr.Turulo folded before Flop (didn't bet)
Seat 5: coolDadJimbo folded before Flop (didn't bet)
Seat 6: roma19765 folded before Flop (didn't bet)
Seat 7: Dorex2007 folded before Flop (didn't bet)
Seat 8: GED1889 folded before Flop (didn't bet)
Seat 9: DJ.Flench (button) collected ($0.11)



PokerStars Hand #224159538129:  Hold'em No Limit ($0.01/$0.02 USD) - 2021/02/23 20:00:24 PT [2021/02/23 23:00:24 ET]
Table 'Amphitrite VII' 9-max Seat #1 is the button
Seat 1: seahare13 ($1.71 in chips) 
Seat 2: cc4k2010 ($1.90 in chips) 
Seat 3: 73d91 ($1.10 in chips) 
Seat 4: Mr.Turulo ($1.68 in chips) 
Seat 5: coolDadJimbo ($7.54 in chips) 
Seat 6: roma19765 ($1.83 in chips) 
Seat 7: Dorex2007 ($1.96 in chips) 
Seat 8: GED1889 ($1.39 in chips) 
Seat 9: DJ.Flench ($2.13 in chips) 
cc4k2010: posts small blind $0.01
73d91: posts big blind $0.02
*** HOLE CARDS ***
Dealt to Dorex2007 [5c 8c]
Mr.Turulo: folds 
coolDadJimbo: folds 
roma19765: folds 
Dorex2007: folds 
GED1889: folds 
DJ.Flench: folds 
seahare13: folds 
cc4k2010: calls $0.01
73d91: raises $0.02 to $0.04
cc4k2010: folds 
Uncalled bet ($0.02) returned to 73d91
73d91 collected $0.04 from pot
*** SUMMARY ***
Total pot $0.04 | Rake $0 
Seat 1: seahare13 (button) folded before Flop (didn't bet)
Seat 2: cc4k2010 (small blind) folded before Flop
Seat 3: 73d91 (big blind) collected ($0.04)
Seat 4: Mr.Turulo folded before Flop (didn't bet)
Seat 5: coolDadJimbo folded before Flop (didn't bet)
Seat 6: roma19765 folded before Flop (didn't bet)
Seat 7: Dorex2007 folded before Flop (didn't bet)
Seat 8: GED1889 folded before Flop (didn't bet)
Seat 9: DJ.Flench folded before Flop (didn't bet)



PokerStars Hand #224159543384:  Hold'em No Limit ($0.01/$0.02 USD) - 2021/02/23 20:00:48 PT [2021/02/23 23:00:48 ET]
Table 'Amphitrite VII' 9-max Seat #2 is the button
Seat 1: seahare13 ($1.71 in chips) 
Seat 2: cc4k2010 ($1.88 in chips) 
Seat 3: 73d91 ($1.12 in chips) 
Seat 4: Mr.Turulo ($1.68 in chips) 
Seat 5: coolDadJimbo ($7.54 in chips) 
Seat 6: roma19765 ($1.83 in chips) 
Seat 7: Dorex2007 ($1.96 in chips) 
Seat 8: GED1889 ($1.39 in chips) 
Seat 9: DJ.Flench ($2.13 in chips) 
73d91: posts small blind $0.01
Mr.Turulo: posts big blind $0.02
*** HOLE CARDS ***
Dealt to Dorex2007 [3s Th]
coolDadJimbo: raises $0.05 to $0.07
roma19765: folds 
Dorex2007: folds 
GED1889: folds 
DJ.Flench: folds 
seahare13: folds 
cc4k2010: calls $0.07
73d91: folds 
Mr.Turulo: folds 
*** FLOP *** [Jd 7s 7h]
coolDadJimbo: bets $0.07
cc4k2010: calls $0.07
*** TURN *** [Jd 7s 7h] [Qs]
coolDadJimbo: bets $0.17
cc4k2010: folds 
Uncalled bet ($0.17) returned to coolDadJimbo
coolDadJimbo collected $0.30 from pot
*** SUMMARY ***
Total pot $0.31 | Rake $0.01 
Board [Jd 7s 7h Qs]
Seat 1: seahare13 folded before Flop (didn't bet)
Seat 2: cc4k2010 (button) folded on the Turn
Seat 3: 73d91 (small blind) folded before Flop
Seat 4: Mr.Turulo (big blind) folded before Flop
Seat 5: coolDadJimbo collected ($0.30)
Seat 6: roma19765 folded before Flop (didn't bet)
Seat 7: Dorex2007 folded before Flop (didn't bet)
Seat 8: GED1889 folded before Flop (didn't bet)
Seat 9: DJ.Flench folded before Flop (didn't bet)



PokerStars Hand #224159557125:  Hold'em No Limit ($0.01/$0.02 USD) - 2021/02/23 20:01:46 PT [2021/02/23 23:01:46 ET]
Table 'Amphitrite VII' 9-max Seat #3 is the button
Seat 1: seahare13 ($1.71 in chips) 
Seat 2: cc4k2010 ($1.74 in chips) 
Seat 3: 73d91 ($1.11 in chips) 
Seat 4: Mr.Turulo ($1.66 in chips) 
Seat 5: coolDadJimbo ($7.70 in chips) 
Seat 6: roma19765 ($1.83 in chips) 
Seat 7: Dorex2007 ($1.96 in chips) 
Seat 8: GED1889 ($1.39 in chips) 
Seat 9: DJ.Flench ($2.13 in chips) 
Mr.Turulo: posts small blind $0.01
coolDadJimbo: posts big blind $0.02
*** HOLE CARDS ***
Dealt to Dorex2007 [5d Qs]
roma19765: folds 
Dorex2007: folds 
GED1889: folds 
DJ.Flench: folds 
seahare13: folds 
cc4k2010: calls $0.02
73d91: calls $0.02
Mr.Turulo: raises $0.08 to $0.10
coolDadJimbo: folds 
cc4k2010: folds 
73d91: calls $0.08
*** FLOP *** [Ts Ad Kh]
Mr.Turulo: bets $0.07
73d91: raises $0.07 to $0.14
Mr.Turulo: calls $0.07
*** TURN *** [Ts Ad Kh] [7c]
Mr.Turulo: checks 
73d91: bets $0.10
Mr.Turulo: calls $0.10
*** RIVER *** [Ts Ad Kh 7c] [6c]
Mr.Turulo: checks 
73d91: checks 
*** SHOW DOWN ***
Mr.Turulo: shows [Qc Ah] (a pair of Aces)
73d91: mucks hand 
Mr.Turulo collected $0.69 from pot
*** SUMMARY ***
Total pot $0.72 | Rake $0.03 
Board [Ts Ad Kh 7c 6c]
Seat 1: seahare13 folded before Flop (didn't bet)
Seat 2: cc4k2010 folded before Flop
Seat 3: 73d91 (button) mucked [9s As]
Seat 4: Mr.Turulo (small blind) showed [Qc Ah] and won ($0.69) with a pair of Aces
Seat 5: coolDadJimbo (big blind) folded before Flop
Seat 6: roma19765 folded before Flop (didn't bet)
Seat 7: Dorex2007 folded before Flop (didn't bet)
Seat 8: GED1889 folded before Flop (didn't bet)
Seat 9: DJ.Flench folded before Flop (didn't bet)



PokerStars Hand #224159581311:  Hold'em No Limit ($0.01/$0.02 USD) - 2021/02/23 20:03:30 PT [2021/02/23 23:03:30 ET]
Table 'Amphitrite VII' 9-max Seat #4 is the button
Seat 1: seahare13 ($1.71 in chips) 
Seat 2: cc4k2010 ($1.72 in chips) 
Seat 3: 73d91 ($0.77 in chips) 
Seat 4: Mr.Turulo ($2.01 in chips) 
Seat 5: coolDadJimbo ($7.68 in chips) 
Seat 6: roma19765 ($1.83 in chips) 
Seat 7: Dorex2007 ($1.96 in chips) 
Seat 8: GED1889 ($1.39 in chips) 
Seat 9: DJ.Flench ($2.13 in chips) 
coolDadJimbo: posts small blind $0.01
roma19765: posts big blind $0.02
*** HOLE CARDS ***
Dealt to Dorex2007 [9c 7h]
Dorex2007: folds 
GED1889: folds 
DJ.Flench: folds 
seahare13: calls $0.02
cc4k2010: calls $0.02
73d91: calls $0.02
Mr.Turulo: folds 
coolDadJimbo: folds 
roma19765: checks 
*** FLOP *** [5h Td 3h]
roma19765: checks 
seahare13: bets $0.02
cc4k2010: calls $0.02
73d91: calls $0.02
roma19765: folds 
*** TURN *** [5h Td 3h] [3s]
seahare13: bets $0.06
cc4k2010: folds 
73d91: folds 
Uncalled bet ($0.06) returned to seahare13
seahare13 collected $0.14 from pot
*** SUMMARY ***
Total pot $0.15 | Rake $0.01 
Board [5h Td 3h 3s]
Seat 1: seahare13 collected ($0.14)
Seat 2: cc4k2010 folded on the Turn
Seat 3: 73d91 folded on the Turn
Seat 4: Mr.Turulo (button) folded before Flop (didn't bet)
Seat 5: coolDadJimbo (small blind) folded before Flop
Seat 6: roma19765 (big blind) folded on the Flop
Seat 7: Dorex2007 folded before Flop (didn't bet)
Seat 8: GED1889 folded before Flop (didn't bet)
Seat 9: DJ.Flench folded before Flop (didn't bet)



PokerStars Hand #224159592921:  Hold'em No Limit ($0.01/$0.02 USD) - 2021/02/23 20:04:20 PT [2021/02/23 23:04:20 ET]
Table 'Amphitrite VII' 9-max Seat #5 is the button
Seat 1: seahare13 ($1.81 in chips) 
Seat 2: cc4k2010 ($1.68 in chips) 
Seat 3: 73d91 ($0.73 in chips) 
Seat 4: Mr.Turulo ($2.01 in chips) 
Seat 5: coolDadJimbo ($7.67 in chips) 
Seat 6: roma19765 ($1.81 in chips) 
Seat 7: Dorex2007 ($1.96 in chips) 
Seat 8: GED1889 ($1.39 in chips) 
Seat 9: DJ.Flench ($2.13 in chips) 
roma19765: posts small blind $0.01
Dorex2007: posts big blind $0.02
*** HOLE CARDS ***
Dealt to Dorex2007 [Th 4d]
GED1889: folds 
DJ.Flench: folds 
seahare13: folds 
cc4k2010: calls $0.02
73d91: calls $0.02
Mr.Turulo: folds 
coolDadJimbo: raises $0.09 to $0.11
roma19765: calls $0.10
Dorex2007: folds 
cc4k2010: folds 
73d91: calls $0.09
*** FLOP *** [9h 7d 3c]
roma19765: checks 
73d91: checks 
coolDadJimbo: bets $0.27
roma19765: folds 
73d91: folds 
Uncalled bet ($0.27) returned to coolDadJimbo
coolDadJimbo collected $0.36 from pot
*** SUMMARY ***
Total pot $0.37 | Rake $0.01 
Board [9h 7d 3c]
Seat 1: seahare13 folded before Flop (didn't bet)
Seat 2: cc4k2010 folded before Flop
Seat 3: 73d91 folded on the Flop
Seat 4: Mr.Turulo folded before Flop (didn't bet)
Seat 5: coolDadJimbo (button) collected ($0.36)
Seat 6: roma19765 (small blind) folded on the Flop
Seat 7: Dorex2007 (big blind) folded before Flop
Seat 8: GED1889 folded before Flop (didn't bet)
Seat 9: DJ.Flench folded before Flop (didn't bet)



PokerStars Hand #224159610818:  Hold'em No Limit ($0.01/$0.02 USD) - 2021/02/23 20:05:23 PT [2021/02/23 23:05:23 ET]
Table 'Amphitrite VII' 9-max Seat #6 is the button
Seat 1: seahare13 ($1.81 in chips) 
Seat 2: cc4k2010 ($1.66 in chips) 
Seat 3: 73d91 ($0.62 in chips) 
Seat 4: Mr.Turulo ($2.01 in chips) 
Seat 5: coolDadJimbo ($7.92 in chips) 
Seat 6: roma19765 ($1.70 in chips) 
Seat 7: Dorex2007 ($1.94 in chips) 
Seat 8: GED1889 ($1.39 in chips) 
Seat 9: DJ.Flench ($2.13 in chips) 
Dorex2007: posts small blind $0.01
GED1889: posts big blind $0.02
*** HOLE CARDS ***
Dealt to Dorex2007 [Qd Qc]
DJ.Flench: folds 
seahare13: folds 
cc4k2010: calls $0.02
73d91: calls $0.02
Mr.Turulo: folds 
coolDadJimbo: folds 
roma19765 has timed out
roma19765: folds 
Dorex2007: raises $0.08 to $0.10
GED1889: calls $0.08
cc4k2010: calls $0.08
73d91: calls $0.08
*** FLOP *** [3h 7s 5c]
Dorex2007: bets $0.39
GED1889: folds 
cc4k2010: folds 
73d91: calls $0.39
*** TURN *** [3h 7s 5c] [3d]
DJ.Flench leaves the table
Dorex2007: bets $1.45 and is all-in
73d91: calls $0.13 and is all-in
Uncalled bet ($1.32) returned to Dorex2007
*** RIVER *** [3h 7s 5c 3d] [Jh]
*** SHOW DOWN ***
Dorex2007: shows [Qd Qc] (two pair, Queens and Threes)
73d91: shows [7d 7c] (a full house, Sevens full of Threes)
73d91 collected $1.39 from pot
*** SUMMARY ***
Total pot $1.44 | Rake $0.05 
Board [3h 7s 5c 3d Jh]
Seat 1: seahare13 folded before Flop (didn't bet)
Seat 2: cc4k2010 folded on the Flop
Seat 3: 73d91 showed [7d 7c] and won ($1.39) with a full house, Sevens full of Threes
Seat 4: Mr.Turulo folded before Flop (didn't bet)
Seat 5: coolDadJimbo folded before Flop (didn't bet)
Seat 6: roma19765 (button) folded before Flop (didn't bet)
Seat 7: Dorex2007 (small blind) showed [Qd Qc] and lost with two pair, Queens and Threes
Seat 8: GED1889 (big blind) folded on the Flop
Seat 9: DJ.Flench folded before Flop (didn't bet)



PokerStars Hand #224159627468:  Hold'em No Limit ($0.01/$0.02 USD) - 2021/02/23 20:06:36 PT [2021/02/23 23:06:36 ET]
Table 'Amphitrite VII' 9-max Seat #7 is the button
Seat 1: seahare13 ($1.81 in chips) 
Seat 2: cc4k2010 ($1.56 in chips) 
Seat 3: 73d91 ($1.39 in chips) 
Seat 4: Mr.Turulo ($2.01 in chips) 
Seat 5: coolDadJimbo ($7.92 in chips) 
Seat 6: roma19765 ($1.70 in chips) 
Seat 7: Dorex2007 ($1.32 in chips) 
Seat 8: GED1889 ($1.29 in chips) 
GED1889: posts small blind $0.01
seahare13: posts big blind $0.02
*** HOLE CARDS ***
Dealt to Dorex2007 [4h Qc]
jerome james 1 joins the table at seat #9 
cc4k2010: calls $0.02
73d91: calls $0.02
Mr.Turulo: folds 
coolDadJimbo: raises $0.09 to $0.11
roma19765: folds 
Dorex2007: folds 
GED1889: folds 
seahare13: folds 
cc4k2010: calls $0.09
73d91: folds 
*** FLOP *** [Jd 7c 9c]
cc4k2010: bets $0.06
coolDadJimbo: calls $0.06
*** TURN *** [Jd 7c 9c] [Kc]
cc4k2010: bets $0.08
coolDadJimbo: raises $0.15 to $0.23
cc4k2010: calls $0.15
*** RIVER *** [Jd 7c 9c Kc] [3d]
cc4k2010: bets $0.41
coolDadJimbo: raises $0.82 to $1.23
cc4k2010: folds 
Uncalled bet ($0.82) returned to coolDadJimbo
coolDadJimbo collected $1.61 from pot
*** SUMMARY ***
Total pot $1.67 | Rake $0.06 
Board [Jd 7c 9c Kc 3d]
Seat 1: seahare13 (big blind) folded before Flop
Seat 2: cc4k2010 folded on the River
Seat 3: 73d91 folded before Flop
Seat 4: Mr.Turulo folded before Flop (didn't bet)
Seat 5: coolDadJimbo collected ($1.61)
Seat 6: roma19765 folded before Flop (didn't bet)
Seat 7: Dorex2007 (button) folded before Flop (didn't bet)
Seat 8: GED1889 (small blind) folded before Flop



PokerStars Hand #224159648177:  Hold'em No Limit ($0.01/$0.02 USD) - 2021/02/23 20:08:07 PT [2021/02/23 23:08:07 ET]
Table 'Amphitrite VII' 9-max Seat #8 is the button
Seat 1: seahare13 ($1.79 in chips) 
Seat 2: cc4k2010 ($0.75 in chips) 
Seat 3: 73d91 ($1.37 in chips) 
Seat 4: Mr.Turulo ($2.01 in chips) 
Seat 5: coolDadJimbo ($8.72 in chips) 
Seat 6: roma19765 ($1.70 in chips) 
Seat 7: Dorex2007 ($1.32 in chips) 
Seat 8: GED1889 ($1.28 in chips) 
seahare13: posts small blind $0.01
cc4k2010: posts big blind $0.02
*** HOLE CARDS ***
Dealt to Dorex2007 [9d 3h]
73d91: folds 
Mr.Turulo: folds 
coolDadJimbo: folds 
roma19765: folds 
Dorex2007: folds 
GED1889: folds 
seahare13: calls $0.01
73d91 leaves the table
cc4k2010: raises $0.02 to $0.04
seahare13: raises $0.02 to $0.06
cc4k2010: calls $0.02
*** FLOP *** [Td 7d 2s]
seahare13: bets $0.06
cc4k2010: calls $0.06
*** TURN *** [Td 7d 2s] [6s]
MrsJ0909 joins the table at seat #3 
seahare13: bets $0.06
cc4k2010: folds 
Uncalled bet ($0.06) returned to seahare13
seahare13 collected $0.23 from pot
*** SUMMARY ***
Total pot $0.24 | Rake $0.01 
Board [Td 7d 2s 6s]
Seat 1: seahare13 (small blind) collected ($0.23)
Seat 2: cc4k2010 (big blind) folded on the Turn
Seat 3: 73d91 folded before Flop (didn't bet)
Seat 4: Mr.Turulo folded before Flop (didn't bet)
Seat 5: coolDadJimbo folded before Flop (didn't bet)
Seat 6: roma19765 folded before Flop (didn't bet)
Seat 7: Dorex2007 folded before Flop (didn't bet)
Seat 8: GED1889 (button) folded before Flop (didn't bet)



PokerStars Hand #224159656645:  Hold'em No Limit ($0.01/$0.02 USD) - 2021/02/23 20:08:44 PT [2021/02/23 23:08:44 ET]
Table 'Amphitrite VII' 9-max Seat #1 is the button
Seat 1: seahare13 ($1.90 in chips) 
Seat 2: cc4k2010 ($0.63 in chips) 
Seat 3: MrsJ0909 ($1.65 in chips) 
Seat 4: Mr.Turulo ($2.01 in chips) 
Seat 5: coolDadJimbo ($8.72 in chips) 
Seat 6: roma19765 ($1.70 in chips) 
Seat 7: Dorex2007 ($1.32 in chips) 
Seat 8: GED1889 ($1.28 in chips) 
Seat 9: jerome james 1 ($1.60 in chips) 
cc4k2010: posts small blind $0.01
MrsJ0909: posts big blind $0.02
jerome james 1: posts big blind $0.02
*** HOLE CARDS ***
Dealt to Dorex2007 [Qd 5d]
Mr.Turulo: calls $0.02
coolDadJimbo: raises $0.09 to $0.11
roma19765: folds 
Dorex2007: folds 
GED1889: folds 
jerome james 1: folds 
seahare13: folds 
cc4k2010: folds 
MrsJ0909: folds 
Mr.Turulo: folds 
Uncalled bet ($0.09) returned to coolDadJimbo
coolDadJimbo collected $0.09 from pot
*** SUMMARY ***
Total pot $0.09 | Rake $0 
Seat 1: seahare13 (button) folded before Flop (didn't bet)
Seat 2: cc4k2010 (small blind) folded before Flop
Seat 3: MrsJ0909 (big blind) folded before Flop
Seat 4: Mr.Turulo folded before Flop
Seat 5: coolDadJimbo collected ($0.09)
Seat 6: roma19765 folded before Flop (didn't bet)
Seat 7: Dorex2007 folded before Flop (didn't bet)
Seat 8: GED1889 folded before Flop (didn't bet)
Seat 9: jerome james 1 folded before Flop (didn't bet)



PokerStars Hand #224159668502:  Hold'em No Limit ($0.01/$0.02 USD) - 2021/02/23 20:09:36 PT [2021/02/23 23:09:36 ET]
Table 'Amphitrite VII' 9-max Seat #2 is the button
Seat 1: seahare13 ($1.90 in chips) 
Seat 2: cc4k2010 ($0.62 in chips) 
Seat 3: MrsJ0909 ($1.63 in chips) 
Seat 4: Mr.Turulo ($1.99 in chips) 
Seat 5: coolDadJimbo ($8.79 in chips) 
Seat 6: roma19765 ($1.70 in chips) 
Seat 7: Dorex2007 ($1.32 in chips) 
Seat 8: GED1889 ($1.28 in chips) 
Seat 9: jerome james 1 ($1.58 in chips) 
MrsJ0909: posts small blind $0.01
Mr.Turulo: posts big blind $0.02
*** HOLE CARDS ***
Dealt to Dorex2007 [8s 3h]
coolDadJimbo: folds 
roma19765: folds 
Dorex2007: folds 
GED1889: folds 
jerome james 1: calls $0.02
seahare13: folds 
cc4k2010: calls $0.02
MrsJ0909: calls $0.01
Mr.Turulo: checks 
*** FLOP *** [Kc 8h 5h]
MrsJ0909: checks 
Mr.Turulo: checks 
jerome james 1: checks 
cc4k2010: checks 
*** TURN *** [Kc 8h 5h] [9d]
MrsJ0909: bets $0.02
Mr.Turulo: folds 
jerome james 1: calls $0.02
cc4k2010: calls $0.02
*** RIVER *** [Kc 8h 5h 9d] [Qd]
MrsJ0909: bets $0.04
jerome james 1: calls $0.04
cc4k2010: calls $0.04
*** SHOW DOWN ***
MrsJ0909: shows [Qs Ac] (a pair of Queens)
jerome james 1: mucks hand 
cc4k2010: mucks hand 
MrsJ0909 collected $0.25 from pot
*** SUMMARY ***
Total pot $0.26 | Rake $0.01 
Board [Kc 8h 5h 9d Qd]
Seat 1: seahare13 folded before Flop (didn't bet)
Seat 2: cc4k2010 (button) mucked [2s 2c]
Seat 3: MrsJ0909 (small blind) showed [Qs Ac] and won ($0.25) with a pair of Queens
Seat 4: Mr.Turulo (big blind) folded on the Turn
Seat 5: coolDadJimbo folded before Flop (didn't bet)
Seat 6: roma19765 folded before Flop (didn't bet)
Seat 7: Dorex2007 folded before Flop (didn't bet)
Seat 8: GED1889 folded before Flop (didn't bet)
Seat 9: jerome james 1 mucked [4c 4s]



PokerStars Hand #224159691301:  Hold'em No Limit ($0.01/$0.02 USD) - 2021/02/23 20:10:49 PT [2021/02/23 23:10:49 ET]
Table 'Amphitrite VII' 9-max Seat #3 is the button
Seat 1: seahare13 ($1.90 in chips) 
Seat 2: cc4k2010 ($0.54 in chips) 
Seat 3: MrsJ0909 ($1.80 in chips) 
Seat 4: Mr.Turulo ($1.97 in chips) 
Seat 5: coolDadJimbo ($8.79 in chips) 
Seat 6: roma19765 ($1.70 in chips) 
Seat 7: Dorex2007 ($1.32 in chips) 
Seat 8: GED1889 ($1.28 in chips) 
Seat 9: jerome james 1 ($1.50 in chips) 
Mr.Turulo: posts small blind $0.01
coolDadJimbo: posts big blind $0.02
*** HOLE CARDS ***
Dealt to Dorex2007 [3c Jc]
roma19765: folds 
Dorex2007: folds 
GED1889: folds 
jerome james 1: calls $0.02
seahare13: calls $0.02
cc4k2010: calls $0.02
MrsJ0909: calls $0.02
Mr.Turulo: raises $0.12 to $0.14
coolDadJimbo: raises $0.19 to $0.33
jerome james 1: folds 
seahare13: folds 
cc4k2010: folds 
MrsJ0909: folds 
Mr.Turulo: raises $1.64 to $1.97 and is all-in
coolDadJimbo: calls $1.64
*** FLOP *** [4d 9d 8s]
*** TURN *** [4d 9d 8s] [2c]
*** RIVER *** [4d 9d 8s 2c] [7c]
*** SHOW DOWN ***
Mr.Turulo: shows [Kh Ac] (high card Ace)
coolDadJimbo: shows [Ad Ah] (a pair of Aces)
coolDadJimbo collected $3.88 from pot
*** SUMMARY ***
Total pot $4.02 | Rake $0.14 
Board [4d 9d 8s 2c 7c]
Seat 1: seahare13 folded before Flop
Seat 2: cc4k2010 folded before Flop
Seat 3: MrsJ0909 (button) folded before Flop
Seat 4: Mr.Turulo (small blind) showed [Kh Ac] and lost with high card Ace
Seat 5: coolDadJimbo (big blind) showed [Ad Ah] and won ($3.88) with a pair of Aces
Seat 6: roma19765 folded before Flop (didn't bet)
Seat 7: Dorex2007 folded before Flop (didn't bet)
Seat 8: GED1889 folded before Flop (didn't bet)
Seat 9: jerome james 1 folded before Flop



PokerStars Hand #224159704923:  Hold'em No Limit ($0.01/$0.02 USD) - 2021/02/23 20:11:50 PT [2021/02/23 23:11:50 ET]
Table 'Amphitrite VII' 9-max Seat #5 is the button
Seat 1: seahare13 ($1.88 in chips) 
Seat 2: cc4k2010 ($0.52 in chips) 
Seat 3: MrsJ0909 ($1.78 in chips) 
Seat 5: coolDadJimbo ($10.70 in chips) 
Seat 6: roma19765 ($1.70 in chips) 
Seat 7: Dorex2007 ($1.32 in chips) 
Seat 8: GED1889 ($1.28 in chips) 
Seat 9: jerome james 1 ($1.48 in chips) 
roma19765: posts small blind $0.01
Dorex2007: posts big blind $0.02
*** HOLE CARDS ***
Dealt to Dorex2007 [3d 9h]
GED1889: folds 
jerome james 1: calls $0.02
seahare13: folds 
cc4k2010: calls $0.02
MrsJ0909: folds 
coolDadJimbo: folds 
roma19765: raises $0.08 to $0.10
Dorex2007: folds 
jerome james 1: calls $0.08
cc4k2010: calls $0.08
*** FLOP *** [Jh 7h 2d]
roma19765: checks 
jerome james 1: checks 
cc4k2010: bets $0.15
roma19765: folds 
jerome james 1: calls $0.15
*** TURN *** [Jh 7h 2d] [Qs]
jerome james 1: checks 
cc4k2010: checks 
*** RIVER *** [Jh 7h 2d Qs] [9c]
jerome james 1: checks 
cc4k2010: bets $0.10
jerome james 1: calls $0.10
*** SHOW DOWN ***
cc4k2010: shows [9d Jd] (two pair, Jacks and Nines)
jerome james 1: mucks hand 
cc4k2010 collected $0.79 from pot
*** SUMMARY ***
Total pot $0.82 | Rake $0.03 
Board [Jh 7h 2d Qs 9c]
Seat 1: seahare13 folded before Flop (didn't bet)
Seat 2: cc4k2010 showed [9d Jd] and won ($0.79) with two pair, Jacks and Nines
Seat 3: MrsJ0909 folded before Flop (didn't bet)
Seat 5: coolDadJimbo (button) folded before Flop (didn't bet)
Seat 6: roma19765 (small blind) folded on the Flop
Seat 7: Dorex2007 (big blind) folded before Flop
Seat 8: GED1889 folded before Flop (didn't bet)
Seat 9: jerome james 1 mucked [Ah 4h]



PokerStars Hand #224159722704:  Hold'em No Limit ($0.01/$0.02 USD) - 2021/02/23 20:13:08 PT [2021/02/23 23:13:08 ET]
Table 'Amphitrite VII' 9-max Seat #6 is the button
Seat 1: seahare13 ($1.88 in chips) 
Seat 2: cc4k2010 ($0.96 in chips) 
Seat 3: MrsJ0909 ($1.78 in chips) 
Seat 4: Mr.Turulo ($2 in chips) 
Seat 5: coolDadJimbo ($10.70 in chips) 
Seat 6: roma19765 ($1.60 in chips) 
Seat 7: Dorex2007 ($1.30 in chips) 
Seat 8: GED1889 ($1.28 in chips) 
Seat 9: jerome james 1 ($1.13 in chips) 
Dorex2007: posts small blind $0.01
GED1889: posts big blind $0.02
*** HOLE CARDS ***
Dealt to Dorex2007 [Qd As]
jerome james 1: calls $0.02
seahare13: folds 
cc4k2010: calls $0.02
MrsJ0909: calls $0.02
Mr.Turulo: folds 
coolDadJimbo: folds 
roma19765: folds 
Dorex2007: raises $0.04 to $0.06
GED1889: folds 
jerome james 1: calls $0.04
cc4k2010: calls $0.04
MrsJ0909: calls $0.04
*** FLOP *** [Qs Kd Ad]
Dorex2007: bets $0.13
jerome james 1: calls $0.13
cc4k2010: folds 
MrsJ0909: raises $0.13 to $0.26
Dorex2007: calls $0.13
jerome james 1: calls $0.13
*** TURN *** [Qs Kd Ad] [3d]
Dorex2007: checks 
jerome james 1: checks 
MrsJ0909: bets $0.26
Dorex2007: calls $0.26
jerome james 1: calls $0.26
*** RIVER *** [Qs Kd Ad 3d] [8h]
Dorex2007: checks 
jerome james 1: checks 
MrsJ0909: bets $1.20 and is all-in
Dorex2007: calls $0.72 and is all-in
jerome james 1: folds 
Uncalled bet ($0.48) returned to MrsJ0909
*** SHOW DOWN ***
MrsJ0909: shows [Ks Ac] (two pair, Aces and Kings)
Dorex2007: shows [Qd As] (two pair, Aces and Queens)
MrsJ0909 collected $3.15 from pot
*** SUMMARY ***
Total pot $3.26 | Rake $0.11 
Board [Qs Kd Ad 3d 8h]
Seat 1: seahare13 folded before Flop (didn't bet)
Seat 2: cc4k2010 folded on the Flop
Seat 3: MrsJ0909 showed [Ks Ac] and won ($3.15) with two pair, Aces and Kings
Seat 4: Mr.Turulo folded before Flop (didn't bet)
Seat 5: coolDadJimbo folded before Flop (didn't bet)
Seat 6: roma19765 (button) folded before Flop (didn't bet)
Seat 7: Dorex2007 (small blind) showed [Qd As] and lost with two pair, Aces and Queens
Seat 8: GED1889 (big blind) folded before Flop
Seat 9: jerome james 1 folded on the River



