PokerStars Hand #231387401556:  Hold'em No Limit ($0.01/$0.02 USD) - 2021/11/13 19:36:02 PT [2021/11/13 22:36:02 ET]
Table 'Hedwig III' 9-max Seat #1 is the button
Seat 1: RAPAZESPOKER ($1.59 in chips) 
Seat 2: rjeg333 ($3.51 in chips) 
Seat 3: Woodie YUL ($2 in chips) 
Seat 5: Tony Mont450 ($1.69 in chips) 
Seat 8: Dorex2007 ($2 in chips) 
Seat 9: teddymid08 ($3.67 in chips) 
rjeg333: posts small blind $0.01
Woodie YUL: posts big blind $0.02
4lan75: sits out 
WWEW232: sits out 
shurik-ass: sits out 
Dorex2007: posts big blind $0.02
*** HOLE CARDS ***
Dealt to Dorex2007 [Qh 9c]
Tony Mont450: raises $0.10 to $0.12
Dorex2007: folds 
teddymid08: folds 
RAPAZESPOKER: folds 
rjeg333: folds 
Woodie YUL: folds 
Uncalled bet ($0.10) returned to Tony Mont450
Tony Mont450 collected $0.07 from pot
Tony Mont450: doesn't show hand 
*** SUMMARY ***
Total pot $0.07 | Rake $0 
Seat 1: RAPAZESPOKER (button) folded before Flop (didn't bet)
Seat 2: rjeg333 (small blind) folded before Flop
Seat 3: Woodie YUL (big blind) folded before Flop
Seat 5: Tony Mont450 collected ($0.07)
Seat 8: Dorex2007 folded before Flop (didn't bet)
Seat 9: teddymid08 folded before Flop (didn't bet)



PokerStars Hand #231387405009:  Hold'em No Limit ($0.01/$0.02 USD) - 2021/11/13 19:36:19 PT [2021/11/13 22:36:19 ET]
Table 'Hedwig III' 9-max Seat #2 is the button
Seat 1: RAPAZESPOKER ($1.59 in chips) 
Seat 2: rjeg333 ($3.50 in chips) 
Seat 3: Woodie YUL ($2 in chips) 
Seat 4: 4lan75 ($1.60 in chips) 
Seat 5: Tony Mont450 ($1.74 in chips) 
Seat 6: WWEW232 ($2 in chips) 
Seat 8: Dorex2007 ($2 in chips) 
Seat 9: teddymid08 ($3.67 in chips) 
Woodie YUL: posts small blind $0.01
4lan75: posts big blind $0.02
WWEW232: posts big blind $0.02
shurik-ass: sits out 
*** HOLE CARDS ***
Dealt to Dorex2007 [7d Js]
Tony Mont450: folds 
WWEW232: checks 
Dorex2007: folds 
teddymid08: folds 
RAPAZESPOKER: raises $0.04 to $0.06
rjeg333 is disconnected 
rjeg333 has timed out while disconnected
rjeg333: folds 
Woodie YUL: folds 
4lan75: calls $0.04
WWEW232: calls $0.04
*** FLOP *** [Jc 2s As]
4lan75: checks 
WWEW232: bets $0.02
RAPAZESPOKER: raises $0.06 to $0.08
4lan75: calls $0.08
WWEW232: calls $0.06
*** TURN *** [Jc 2s As] [Qc]
4lan75: checks 
WWEW232: checks 
RAPAZESPOKER: bets $0.24
4lan75: folds 
WWEW232: calls $0.24
*** RIVER *** [Jc 2s As Qc] [4c]
WWEW232: checks 
RAPAZESPOKER: bets $0.28
WWEW232: calls $0.28
*** SHOW DOWN ***
RAPAZESPOKER: shows [Qd Jd] (two pair, Queens and Jacks)
WWEW232: mucks hand 
RAPAZESPOKER collected $1.42 from pot
*** SUMMARY ***
Total pot $1.47 | Rake $0.05 
Board [Jc 2s As Qc 4c]
Seat 1: RAPAZESPOKER showed [Qd Jd] and won ($1.42) with two pair, Queens and Jacks
Seat 2: rjeg333 (button) folded before Flop (didn't bet)
Seat 3: Woodie YUL (small blind) folded before Flop
Seat 4: 4lan75 (big blind) folded on the Turn
Seat 5: Tony Mont450 folded before Flop (didn't bet)
Seat 6: WWEW232 mucked [Ac 8s]
Seat 8: Dorex2007 folded before Flop (didn't bet)
Seat 9: teddymid08 folded before Flop (didn't bet)



PokerStars Hand #231387427600:  Hold'em No Limit ($0.01/$0.02 USD) - 2021/11/13 19:38:10 PT [2021/11/13 22:38:10 ET]
Table 'Hedwig III' 9-max Seat #3 is the button
Seat 1: RAPAZESPOKER ($2.35 in chips) 
Seat 3: Woodie YUL ($2 in chips) 
Seat 4: 4lan75 ($1.46 in chips) 
Seat 5: Tony Mont450 ($1.74 in chips) 
Seat 6: WWEW232 ($1.34 in chips) 
Seat 8: Dorex2007 ($2 in chips) 
Seat 9: teddymid08 ($3.67 in chips) 
4lan75: posts small blind $0.01
Tony Mont450: posts big blind $0.02
shurik-ass: sits out 
*** HOLE CARDS ***
Dealt to Dorex2007 [Kc 5d]
WWEW232: calls $0.02
Dorex2007: folds 
teddymid08: calls $0.02
RAPAZESPOKER: raises $0.10 to $0.12
Woodie YUL: folds 
4lan75: folds 
Tony Mont450: calls $0.10
WWEW232: calls $0.10
teddymid08: calls $0.10
*** FLOP *** [4s 7d Th]
Tony Mont450: checks 
WWEW232: checks 
teddymid08: checks 
RAPAZESPOKER: bets $0.24
Tony Mont450: calls $0.24
WWEW232: folds 
teddymid08: folds 
*** TURN *** [4s 7d Th] [Js]
Tony Mont450: checks 
RAPAZESPOKER: bets $0.20
Tony Mont450: calls $0.20
*** RIVER *** [4s 7d Th Js] [2d]
Tony Mont450: checks 
RAPAZESPOKER: bets $0.52
Tony Mont450: folds 
Uncalled bet ($0.52) returned to RAPAZESPOKER
RAPAZESPOKER collected $1.32 from pot
RAPAZESPOKER: doesn't show hand 
*** SUMMARY ***
Total pot $1.37 | Rake $0.05 
Board [4s 7d Th Js 2d]
Seat 1: RAPAZESPOKER collected ($1.32)
Seat 3: Woodie YUL (button) folded before Flop (didn't bet)
Seat 4: 4lan75 (small blind) folded before Flop
Seat 5: Tony Mont450 (big blind) folded on the River
Seat 6: WWEW232 folded on the Flop
Seat 8: Dorex2007 folded before Flop (didn't bet)
Seat 9: teddymid08 folded on the Flop



PokerStars Hand #231387455837:  Hold'em No Limit ($0.01/$0.02 USD) - 2021/11/13 19:39:43 PT [2021/11/13 22:39:43 ET]
Table 'Hedwig III' 9-max Seat #4 is the button
Seat 1: RAPAZESPOKER ($3.11 in chips) 
Seat 3: Woodie YUL ($2 in chips) 
Seat 4: 4lan75 ($1.45 in chips) 
Seat 5: Tony Mont450 ($1.18 in chips) 
Seat 6: WWEW232 ($1.22 in chips) 
Seat 8: Dorex2007 ($2 in chips) 
Seat 9: teddymid08 ($3.55 in chips) 
Tony Mont450: posts small blind $0.01
WWEW232: posts big blind $0.02
shurik-ass: sits out 
*** HOLE CARDS ***
Dealt to Dorex2007 [8h Kh]
Dorex2007: folds 
teddymid08: raises $0.04 to $0.06
RAPAZESPOKER: folds 
Woodie YUL: folds 
4lan75: calls $0.06
Tony Mont450: folds 
WWEW232: calls $0.04
*** FLOP *** [6d 5d 7h]
WWEW232: checks 
RAPAZESPOKER leaves the table
teddymid08: bets $0.07
Krokus2864 joins the table at seat #1 
4lan75: folds 
WWEW232: calls $0.07
*** TURN *** [6d 5d 7h] [Ts]
WWEW232: bets $0.32
teddymid08: calls $0.32
*** RIVER *** [6d 5d 7h Ts] [7c]
WWEW232: bets $0.04
teddymid08: raises $0.31 to $0.35
WWEW232: calls $0.31
*** SHOW DOWN ***
teddymid08: shows [Qs Jc] (a pair of Sevens)
WWEW232: shows [Th Ah] (two pair, Tens and Sevens)
WWEW232 collected $1.59 from pot
*** SUMMARY ***
Total pot $1.67 | Rake $0.08 
Board [6d 5d 7h Ts 7c]
Seat 1: RAPAZESPOKER folded before Flop (didn't bet)
Seat 3: Woodie YUL folded before Flop (didn't bet)
Seat 4: 4lan75 (button) folded on the Flop
Seat 5: Tony Mont450 (small blind) folded before Flop
Seat 6: WWEW232 (big blind) showed [Th Ah] and won ($1.59) with two pair, Tens and Sevens
Seat 8: Dorex2007 folded before Flop (didn't bet)
Seat 9: teddymid08 showed [Qs Jc] and lost with a pair of Sevens



PokerStars Hand #231387468462:  Hold'em No Limit ($0.01/$0.02 USD) - 2021/11/13 19:40:45 PT [2021/11/13 22:40:45 ET]
Table 'Hedwig III' 9-max Seat #5 is the button
Seat 3: Woodie YUL ($2 in chips) 
Seat 4: 4lan75 ($1.39 in chips) 
Seat 5: Tony Mont450 ($1.17 in chips) 
Seat 6: WWEW232 ($2.01 in chips) 
Seat 7: shurik-ass ($2 in chips) 
Seat 8: Dorex2007 ($2 in chips) 
Seat 9: teddymid08 ($2.75 in chips) 
WWEW232: posts small blind $0.01
shurik-ass: posts big blind $0.02
Krokus2864: sits out 
*** HOLE CARDS ***
Dealt to Dorex2007 [5h Qh]
Dorex2007: folds 
teddymid08: folds 
Woodie YUL: folds 
4lan75: folds 
Tony Mont450: calls $0.02
WWEW232: calls $0.01
shurik-ass: checks 
*** FLOP *** [4s 6d 7h]
WWEW232: checks 
4lan75 said, "A pair of 7's."
shurik-ass: checks 
Tony Mont450: bets $0.10
WWEW232: folds 
shurik-ass: folds 
Uncalled bet ($0.10) returned to Tony Mont450
Tony Mont450 collected $0.06 from pot
Tony Mont450: doesn't show hand 
*** SUMMARY ***
Total pot $0.06 | Rake $0 
Board [4s 6d 7h]
Seat 3: Woodie YUL folded before Flop (didn't bet)
Seat 4: 4lan75 folded before Flop (didn't bet)
Seat 5: Tony Mont450 (button) collected ($0.06)
Seat 6: WWEW232 (small blind) folded on the Flop
Seat 7: shurik-ass (big blind) folded on the Flop
Seat 8: Dorex2007 folded before Flop (didn't bet)
Seat 9: teddymid08 folded before Flop (didn't bet)



PokerStars Hand #231387476653:  Hold'em No Limit ($0.01/$0.02 USD) - 2021/11/13 19:41:25 PT [2021/11/13 22:41:25 ET]
Table 'Hedwig III' 9-max Seat #6 is the button
Seat 3: Woodie YUL ($2 in chips) 
Seat 4: 4lan75 ($1.39 in chips) 
Seat 5: Tony Mont450 ($1.21 in chips) 
Seat 6: WWEW232 ($1.99 in chips) 
Seat 7: shurik-ass ($2 in chips) 
Seat 8: Dorex2007 ($2 in chips) 
Seat 9: teddymid08 ($2.75 in chips) 
shurik-ass: posts small blind $0.01
Dorex2007: posts big blind $0.02
Krokus2864: sits out 
*** HOLE CARDS ***
Dealt to Dorex2007 [Ks Kc]
teddymid08: raises $0.02 to $0.04
Woodie YUL: folds 
4lan75: raises $0.02 to $0.06
Tony Mont450: calls $0.06
WWEW232: folds 
shurik-ass: folds 
Dorex2007: raises $0.23 to $0.29
teddymid08: folds 
4lan75: calls $0.23
Tony Mont450: folds 
*** FLOP *** [6c Ad 4s]
Dorex2007: checks 
4lan75: bets $0.34
Dorex2007: folds 
Uncalled bet ($0.34) returned to 4lan75
4lan75 collected $0.67 from pot
4lan75: shows [6d 6s] (three of a kind, Sixes)
*** SUMMARY ***
Total pot $0.69 | Rake $0.02 
Board [6c Ad 4s]
Seat 3: Woodie YUL folded before Flop (didn't bet)
Seat 4: 4lan75 collected ($0.67)
Seat 5: Tony Mont450 folded before Flop
Seat 6: WWEW232 (button) folded before Flop (didn't bet)
Seat 7: shurik-ass (small blind) folded before Flop
Seat 8: Dorex2007 (big blind) folded on the Flop
Seat 9: teddymid08 folded before Flop



PokerStars Hand #231387485243:  Hold'em No Limit ($0.01/$0.02 USD) - 2021/11/13 19:42:07 PT [2021/11/13 22:42:07 ET]
Table 'Hedwig III' 9-max Seat #7 is the button
Seat 3: Woodie YUL ($2 in chips) 
Seat 4: 4lan75 ($1.77 in chips) 
Seat 5: Tony Mont450 ($1.15 in chips) 
Seat 6: WWEW232 ($1.99 in chips) 
Seat 7: shurik-ass ($2 in chips) 
Seat 8: Dorex2007 ($2 in chips) 
Seat 9: teddymid08 ($2.71 in chips) 
Dorex2007: posts small blind $0.01
teddymid08: posts big blind $0.02
Krokus2864: sits out 
*** HOLE CARDS ***
Dealt to Dorex2007 [Ts 6h]
Woodie YUL: folds 
4lan75: calls $0.02
Tony Mont450: folds 
WWEW232: folds 
shurik-ass: raises $0.08 to $0.10
4lan75 said, "muppet"
Dorex2007: folds 
teddymid08: calls $0.08
4lan75: raises $0.08 to $0.18
shurik-ass: calls $0.08
teddymid08: calls $0.08
*** FLOP *** [Qc 6c Qd]
teddymid08: checks 
4lan75: bets $0.53
Dorex2007 said, "poor baby"
shurik-ass: folds 
teddymid08: folds 
Uncalled bet ($0.53) returned to 4lan75
4lan75 collected $0.53 from pot
4lan75: shows [8c Kc] (a pair of Queens)
*** SUMMARY ***
Total pot $0.55 | Rake $0.02 
Board [Qc 6c Qd]
Seat 3: Woodie YUL folded before Flop (didn't bet)
Seat 4: 4lan75 collected ($0.53)
Seat 5: Tony Mont450 folded before Flop (didn't bet)
Seat 6: WWEW232 folded before Flop (didn't bet)
Seat 7: shurik-ass (button) folded on the Flop
Seat 8: Dorex2007 (small blind) folded before Flop
Seat 9: teddymid08 (big blind) folded on the Flop



PokerStars Hand #231387493049:  Hold'em No Limit ($0.01/$0.02 USD) - 2021/11/13 19:42:47 PT [2021/11/13 22:42:47 ET]
Table 'Hedwig III' 9-max Seat #8 is the button
Seat 1: Krokus2864 ($2 in chips) 
Seat 3: Woodie YUL ($2 in chips) 
Seat 4: 4lan75 ($2.12 in chips) 
Seat 5: Tony Mont450 ($1.15 in chips) 
Seat 6: WWEW232 ($1.99 in chips) 
Seat 7: shurik-ass ($2 in chips) 
Seat 8: Dorex2007 ($2 in chips) 
Seat 9: teddymid08 ($2.53 in chips) 
teddymid08: posts small blind $0.01
Krokus2864: posts big blind $0.02
*** HOLE CARDS ***
Dealt to Dorex2007 [9h 5c]
Woodie YUL: folds 
4lan75: calls $0.02
Tony Mont450: folds 
WWEW232: folds 
shurik-ass: folds 
Dorex2007: folds 
teddymid08: calls $0.01
Krokus2864: checks 
*** FLOP *** [Td 9d Ks]
teddymid08: checks 
Krokus2864: checks 
4lan75: bets $0.02
teddymid08: calls $0.02
Krokus2864: folds 
*** TURN *** [Td 9d Ks] [Qh]
teddymid08: checks 
4lan75: bets $0.02
teddymid08: calls $0.02
*** RIVER *** [Td 9d Ks Qh] [6h]
teddymid08: checks 
4lan75: bets $0.07
teddymid08: calls $0.07
*** SHOW DOWN ***
4lan75: shows [4c Tc] (a pair of Tens)
teddymid08: shows [4d Ts] (a pair of Tens)
teddymid08 collected $0.14 from pot
4lan75 collected $0.13 from pot
*** SUMMARY ***
Total pot $0.28 | Rake $0.01 
Board [Td 9d Ks Qh 6h]
Seat 1: Krokus2864 (big blind) folded on the Flop
Seat 3: Woodie YUL folded before Flop (didn't bet)
Seat 4: 4lan75 showed [4c Tc] and won ($0.13) with a pair of Tens
Seat 5: Tony Mont450 folded before Flop (didn't bet)
Seat 6: WWEW232 folded before Flop (didn't bet)
Seat 7: shurik-ass folded before Flop (didn't bet)
Seat 8: Dorex2007 (button) folded before Flop (didn't bet)
Seat 9: teddymid08 (small blind) showed [4d Ts] and won ($0.14) with a pair of Tens



PokerStars Hand #231387506052:  Hold'em No Limit ($0.01/$0.02 USD) - 2021/11/13 19:43:51 PT [2021/11/13 22:43:51 ET]
Table 'Hedwig III' 9-max Seat #9 is the button
Seat 3: Woodie YUL ($2 in chips) 
Seat 4: 4lan75 ($2.12 in chips) 
Seat 5: Tony Mont450 ($1.15 in chips) 
Seat 6: WWEW232 ($1.99 in chips) 
Seat 7: shurik-ass ($2 in chips) 
Seat 8: Dorex2007 ($2 in chips) 
Seat 9: teddymid08 ($2.54 in chips) 
Woodie YUL: posts small blind $0.01
4lan75: posts big blind $0.02
*** HOLE CARDS ***
Dealt to Dorex2007 [6d Th]
Tony Mont450: folds 
WWEW232: raises $0.02 to $0.04
shurik-ass: folds 
Dorex2007: folds 
Tony Mont450 leaves the table
teddymid08: calls $0.04
Woodie YUL: folds 
4lan75: folds 
*** FLOP *** [Ts 3h 3d]
JungleManV joins the table at seat #5 
WWEW232: bets $0.04
teddymid08: calls $0.04
*** TURN *** [Ts 3h 3d] [8d]
WWEW232: bets $0.04
teddymid08: calls $0.04
*** RIVER *** [Ts 3h 3d 8d] [5d]
WWEW232: bets $0.04
teddymid08: calls $0.04
*** SHOW DOWN ***
WWEW232: shows [Kd Kc] (two pair, Kings and Threes)
teddymid08: mucks hand 
WWEW232 collected $0.34 from pot
*** SUMMARY ***
Total pot $0.35 | Rake $0.01 
Board [Ts 3h 3d 8d 5d]
Seat 3: Woodie YUL (small blind) folded before Flop
Seat 4: 4lan75 (big blind) folded before Flop
Seat 5: Tony Mont450 folded before Flop (didn't bet)
Seat 6: WWEW232 showed [Kd Kc] and won ($0.34) with two pair, Kings and Threes
Seat 7: shurik-ass folded before Flop (didn't bet)
Seat 8: Dorex2007 folded before Flop (didn't bet)
Seat 9: teddymid08 (button) mucked [9c Ad]



PokerStars Hand #231387516936:  Hold'em No Limit ($0.01/$0.02 USD) - 2021/11/13 19:44:45 PT [2021/11/13 22:44:45 ET]
Table 'Hedwig III' 9-max Seat #3 is the button
Seat 3: Woodie YUL ($2 in chips) 
Seat 4: 4lan75 ($2.10 in chips) 
Seat 5: JungleManV ($2 in chips) 
Seat 6: WWEW232 ($2.17 in chips) 
Seat 7: shurik-ass ($2 in chips) 
Seat 8: Dorex2007 ($2 in chips) 
Seat 9: teddymid08 ($2.38 in chips) 
4lan75: posts small blind $0.01
JungleManV: posts big blind $0.02
*** HOLE CARDS ***
Dealt to Dorex2007 [2s Ad]
WWEW232: folds 
shurik-ass: folds 
Dorex2007: folds 
teddymid08: folds 
Woodie YUL: folds 
4lan75: folds 
Uncalled bet ($0.01) returned to JungleManV
JungleManV collected $0.02 from pot
JungleManV: doesn't show hand 
*** SUMMARY ***
Total pot $0.02 | Rake $0 
Seat 3: Woodie YUL (button) folded before Flop (didn't bet)
Seat 4: 4lan75 (small blind) folded before Flop
Seat 5: JungleManV (big blind) collected ($0.02)
Seat 6: WWEW232 folded before Flop (didn't bet)
Seat 7: shurik-ass folded before Flop (didn't bet)
Seat 8: Dorex2007 folded before Flop (didn't bet)
Seat 9: teddymid08 folded before Flop (didn't bet)



PokerStars Hand #231387519645:  Hold'em No Limit ($0.01/$0.02 USD) - 2021/11/13 19:44:59 PT [2021/11/13 22:44:59 ET]
Table 'Hedwig III' 9-max Seat #4 is the button
Seat 3: Woodie YUL ($2 in chips) 
Seat 4: 4lan75 ($2.09 in chips) 
Seat 5: JungleManV ($2.01 in chips) 
Seat 6: WWEW232 ($2.17 in chips) 
Seat 7: shurik-ass ($2 in chips) 
Seat 8: Dorex2007 ($2 in chips) 
Seat 9: teddymid08 ($2.38 in chips) 
JungleManV: posts small blind $0.01
WWEW232: posts big blind $0.02
*** HOLE CARDS ***
Dealt to Dorex2007 [9s Ks]
shurik-ass: folds 
Dorex2007: folds 
teddymid08: raises $0.02 to $0.04
Woodie YUL: calls $0.04
4lan75: calls $0.04
JungleManV: folds 
WWEW232: folds 
*** FLOP *** [Js Qh Tc]
teddymid08: checks 
Woodie YUL: bets $0.11
4lan75: calls $0.11
teddymid08: calls $0.11
*** TURN *** [Js Qh Tc] [8s]
teddymid08: bets $0.23
Woodie YUL: calls $0.23
4lan75: calls $0.23
*** RIVER *** [Js Qh Tc 8s] [3s]
teddymid08: bets $0.56
Woodie YUL: calls $0.56
4lan75: folds 
*** SHOW DOWN ***
teddymid08: shows [9d Jh] (a straight, Eight to Queen)
Woodie YUL: mucks hand 
teddymid08 collected $2.21 from pot
*** SUMMARY ***
Total pot $2.29 | Rake $0.08 
Board [Js Qh Tc 8s 3s]
Seat 3: Woodie YUL mucked [Qc Th]
Seat 4: 4lan75 (button) folded on the River
Seat 5: JungleManV (small blind) folded before Flop
Seat 6: WWEW232 (big blind) folded before Flop
Seat 7: shurik-ass folded before Flop (didn't bet)
Seat 8: Dorex2007 folded before Flop (didn't bet)
Seat 9: teddymid08 showed [9d Jh] and won ($2.21) with a straight, Eight to Queen



PokerStars Hand #231387531187:  Hold'em No Limit ($0.01/$0.02 USD) - 2021/11/13 19:45:57 PT [2021/11/13 22:45:57 ET]
Table 'Hedwig III' 9-max Seat #5 is the button
Seat 3: Woodie YUL ($2 in chips) 
Seat 4: 4lan75 ($1.71 in chips) 
Seat 5: JungleManV ($2 in chips) 
Seat 6: WWEW232 ($2.15 in chips) 
Seat 7: shurik-ass ($2 in chips) 
Seat 8: Dorex2007 ($2 in chips) 
Seat 9: teddymid08 ($3.65 in chips) 
WWEW232: posts small blind $0.01
shurik-ass: posts big blind $0.02
*** HOLE CARDS ***
Dealt to Dorex2007 [5h 2d]
Dorex2007: folds 
teddymid08: raises $0.02 to $0.04
Woodie YUL: calls $0.04
4lan75: raises $0.02 to $0.06
JungleManV: folds 
WWEW232: folds 
shurik-ass: folds 
teddymid08: calls $0.02
Woodie YUL: calls $0.02
*** FLOP *** [6h Th Js]
teddymid08: checks 
Woodie YUL: bets $0.10
4lan75: raises $0.10 to $0.20
teddymid08: calls $0.20
Woodie YUL: calls $0.10
*** TURN *** [6h Th Js] [Td]
teddymid08: checks 
Woodie YUL: checks 
4lan75: bets $0.78
teddymid08: folds 
Woodie YUL: folds 
Uncalled bet ($0.78) returned to 4lan75
4lan75 collected $0.78 from pot
*** SUMMARY ***
Total pot $0.81 | Rake $0.03 
Board [6h Th Js Td]
Seat 3: Woodie YUL folded on the Turn
Seat 4: 4lan75 collected ($0.78)
Seat 5: JungleManV (button) folded before Flop (didn't bet)
Seat 6: WWEW232 (small blind) folded before Flop
Seat 7: shurik-ass (big blind) folded before Flop
Seat 8: Dorex2007 folded before Flop (didn't bet)
Seat 9: teddymid08 folded on the Turn



PokerStars Hand #231387542449:  Hold'em No Limit ($0.01/$0.02 USD) - 2021/11/13 19:46:53 PT [2021/11/13 22:46:53 ET]
Table 'Hedwig III' 9-max Seat #6 is the button
Seat 3: Woodie YUL ($2 in chips) 
Seat 4: 4lan75 ($2.23 in chips) 
Seat 5: JungleManV ($2 in chips) 
Seat 6: WWEW232 ($2.14 in chips) 
Seat 7: shurik-ass ($2 in chips) 
Seat 8: Dorex2007 ($2 in chips) 
Seat 9: teddymid08 ($3.39 in chips) 
shurik-ass: posts small blind $0.01
Dorex2007: posts big blind $0.02
Krokus2864: sits out 
*** HOLE CARDS ***
Dealt to Dorex2007 [9h 6h]
teddymid08: folds 
Woodie YUL: folds 
4lan75: calls $0.02
rjeg333 leaves the table
JungleManV: folds 
WWEW232: calls $0.02
shurik-ass: folds 
Dorex2007: checks 
*** FLOP *** [Jc 5s 7s]
Dorex2007: checks 
4lan75: checks 
WWEW232: checks 
*** TURN *** [Jc 5s 7s] [Tc]
Dorex2007: checks 
4lan75: checks 
WWEW232: bets $0.04
Dorex2007: folds 
4lan75: calls $0.04
*** RIVER *** [Jc 5s 7s Tc] [As]
4lan75: checks 
WWEW232: checks 
*** SHOW DOWN ***
4lan75: shows [7h 3h] (a pair of Sevens)
WWEW232: shows [Td Qc] (a pair of Tens)
WWEW232 collected $0.14 from pot
*** SUMMARY ***
Total pot $0.15 | Rake $0.01 
Board [Jc 5s 7s Tc As]
Seat 3: Woodie YUL folded before Flop (didn't bet)
Seat 4: 4lan75 showed [7h 3h] and lost with a pair of Sevens
Seat 5: JungleManV folded before Flop (didn't bet)
Seat 6: WWEW232 (button) showed [Td Qc] and won ($0.14) with a pair of Tens
Seat 7: shurik-ass (small blind) folded before Flop
Seat 8: Dorex2007 (big blind) folded on the Turn
Seat 9: teddymid08 folded before Flop (didn't bet)



PokerStars Hand #231387550913:  Hold'em No Limit ($0.01/$0.02 USD) - 2021/11/13 19:47:35 PT [2021/11/13 22:47:35 ET]
Table 'Hedwig III' 9-max Seat #7 is the button
Seat 3: Woodie YUL ($2 in chips) 
Seat 5: JungleManV ($2 in chips) 
Seat 6: WWEW232 ($2.22 in chips) 
Seat 7: shurik-ass ($2 in chips) 
Seat 8: Dorex2007 ($2 in chips) 
Seat 9: teddymid08 ($3.39 in chips) 
Dorex2007: posts small blind $0.01
teddymid08: posts big blind $0.02
Krokus2864: sits out 
*** HOLE CARDS ***
Dealt to Dorex2007 [Td 4c]
Woodie YUL: folds 
JungleManV: folds 
WWEW232: folds 
4lan75 leaves the table
shurik-ass: raises $0.04 to $0.06
Dorex2007: folds 
teddymid08: calls $0.04
*** FLOP *** [3s 7d Ah]
teddymid08: checks 
shurik-ass: checks 
*** TURN *** [3s 7d Ah] [Ks]
teddymid08: checks 
shurik-ass: checks 
*** RIVER *** [3s 7d Ah Ks] [3d]
teddymid08: checks 
shurik-ass: checks 
*** SHOW DOWN ***
teddymid08: shows [4h 6h] (a pair of Threes)
shurik-ass: shows [Kh 8h] (two pair, Kings and Threes)
shurik-ass collected $0.13 from pot
*** SUMMARY ***
Total pot $0.13 | Rake $0 
Board [3s 7d Ah Ks 3d]
Seat 3: Woodie YUL folded before Flop (didn't bet)
Seat 5: JungleManV folded before Flop (didn't bet)
Seat 6: WWEW232 folded before Flop (didn't bet)
Seat 7: shurik-ass (button) showed [Kh 8h] and won ($0.13) with two pair, Kings and Threes
Seat 8: Dorex2007 (small blind) folded before Flop
Seat 9: teddymid08 (big blind) showed [4h 6h] and lost with a pair of Threes



PokerStars Hand #231387559197:  Hold'em No Limit ($0.01/$0.02 USD) - 2021/11/13 19:48:16 PT [2021/11/13 22:48:16 ET]
Table 'Hedwig III' 9-max Seat #8 is the button
Seat 1: Krokus2864 ($2 in chips) 
Seat 3: Woodie YUL ($2 in chips) 
Seat 5: JungleManV ($2 in chips) 
Seat 6: WWEW232 ($2.22 in chips) 
Seat 7: shurik-ass ($2.07 in chips) 
Seat 8: Dorex2007 ($2 in chips) 
Seat 9: teddymid08 ($3.33 in chips) 
teddymid08: posts small blind $0.01
Krokus2864: posts big blind $0.02
*** HOLE CARDS ***
Dealt to Dorex2007 [Ks 5c]
Woodie YUL: raises $0.04 to $0.06
JungleManV: folds 
WWEW232: folds 
shurik-ass: folds 
Dorex2007: folds 
teddymid08: calls $0.05
Krokus2864: folds 
*** FLOP *** [Qc 8s Ts]
teddymid08: checks 
Woodie YUL: bets $0.11
teddymid08: calls $0.11
*** TURN *** [Qc 8s Ts] [2c]
teddymid08: checks 
Woodie YUL: bets $0.26
teddymid08: calls $0.26
*** RIVER *** [Qc 8s Ts 2c] [6d]
teddymid08: checks 
Woodie YUL: bets $0.85
teddymid08: calls $0.85
*** SHOW DOWN ***
Woodie YUL: shows [8d 8c] (three of a kind, Eights)
teddymid08: mucks hand 
Woodie YUL collected $2.49 from pot
*** SUMMARY ***
Total pot $2.58 | Rake $0.09 
Board [Qc 8s Ts 2c 6d]
Seat 1: Krokus2864 (big blind) folded before Flop
Seat 3: Woodie YUL showed [8d 8c] and won ($2.49) with three of a kind, Eights
Seat 5: JungleManV folded before Flop (didn't bet)
Seat 6: WWEW232 folded before Flop (didn't bet)
Seat 7: shurik-ass folded before Flop (didn't bet)
Seat 8: Dorex2007 (button) folded before Flop (didn't bet)
Seat 9: teddymid08 (small blind) mucked [7s Qs]



PokerStars Hand #231387570583:  Hold'em No Limit ($0.01/$0.02 USD) - 2021/11/13 19:49:13 PT [2021/11/13 22:49:13 ET]
Table 'Hedwig III' 9-max Seat #9 is the button
Seat 1: Krokus2864 ($2 in chips) 
Seat 3: Woodie YUL ($3.21 in chips) 
Seat 5: JungleManV ($2 in chips) 
Seat 6: WWEW232 ($2.22 in chips) 
Seat 7: shurik-ass ($2.07 in chips) 
Seat 8: Dorex2007 ($2 in chips) 
Seat 9: teddymid08 ($2.05 in chips) 
Krokus2864: posts small blind $0.01
Woodie YUL: posts big blind $0.02
*** HOLE CARDS ***
Dealt to Dorex2007 [7c 3d]
JungleManV: folds 
WWEW232: folds 
shurik-ass: raises $0.04 to $0.06
Dorex2007: folds 
teddymid08: folds 
Krokus2864: folds 
Woodie YUL: calls $0.04
*** FLOP *** [Kc 2c Td]
Woodie YUL: bets $0.04
shurik-ass: folds 
Uncalled bet ($0.04) returned to Woodie YUL
Woodie YUL collected $0.13 from pot
Woodie YUL: doesn't show hand 
*** SUMMARY ***
Total pot $0.13 | Rake $0 
Board [Kc 2c Td]
Seat 1: Krokus2864 (small blind) folded before Flop
Seat 3: Woodie YUL (big blind) collected ($0.13)
Seat 5: JungleManV folded before Flop (didn't bet)
Seat 6: WWEW232 folded before Flop (didn't bet)
Seat 7: shurik-ass folded on the Flop
Seat 8: Dorex2007 folded before Flop (didn't bet)
Seat 9: teddymid08 (button) folded before Flop (didn't bet)



PokerStars Hand #231387575801:  Hold'em No Limit ($0.01/$0.02 USD) - 2021/11/13 19:49:39 PT [2021/11/13 22:49:39 ET]
Table 'Hedwig III' 9-max Seat #1 is the button
Seat 1: Krokus2864 ($2 in chips) 
Seat 3: Woodie YUL ($3.28 in chips) 
Seat 5: JungleManV ($2 in chips) 
Seat 6: WWEW232 ($2.22 in chips) 
Seat 7: shurik-ass ($2.01 in chips) 
Seat 8: Dorex2007 ($2 in chips) 
Seat 9: teddymid08 ($2.05 in chips) 
Woodie YUL: posts small blind $0.01
JungleManV: posts big blind $0.02
*** HOLE CARDS ***
Dealt to Dorex2007 [9d 6d]
WWEW232: calls $0.02
shurik-ass: folds 
Dorex2007: folds 
teddymid08: calls $0.02
Krokus2864: folds 
Woodie YUL: folds 
JungleManV: checks 
*** FLOP *** [Qs Kd Th]
JungleManV: checks 
WWEW232: bets $0.06
teddymid08: calls $0.06
JungleManV: folds 
*** TURN *** [Qs Kd Th] [Td]
WWEW232: bets $0.02
kinkboo12 joins the table at seat #2 
teddymid08: calls $0.02
*** RIVER *** [Qs Kd Th Td] [5s]
WWEW232: bets $0.02
Tlymo joins the table at seat #4 
teddymid08: calls $0.02
*** SHOW DOWN ***
WWEW232: shows [7s 7d] (two pair, Tens and Sevens)
teddymid08: shows [9h Ks] (two pair, Kings and Tens)
teddymid08 collected $0.26 from pot
*** SUMMARY ***
Total pot $0.27 | Rake $0.01 
Board [Qs Kd Th Td 5s]
Seat 1: Krokus2864 (button) folded before Flop (didn't bet)
Seat 3: Woodie YUL (small blind) folded before Flop
Seat 5: JungleManV (big blind) folded on the Flop
Seat 6: WWEW232 showed [7s 7d] and lost with two pair, Tens and Sevens
Seat 7: shurik-ass folded before Flop (didn't bet)
Seat 8: Dorex2007 folded before Flop (didn't bet)
Seat 9: teddymid08 showed [9h Ks] and won ($0.26) with two pair, Kings and Tens



PokerStars Hand #231387585640:  Hold'em No Limit ($0.01/$0.02 USD) - 2021/11/13 19:50:29 PT [2021/11/13 22:50:29 ET]
Table 'Hedwig III' 9-max Seat #3 is the button
Seat 1: Krokus2864 ($2 in chips) 
Seat 2: kinkboo12 ($1.60 in chips) 
Seat 3: Woodie YUL ($3.27 in chips) 
Seat 5: JungleManV ($2 in chips) 
Seat 6: WWEW232 ($2.10 in chips) 
Seat 7: shurik-ass ($2.01 in chips) 
Seat 8: Dorex2007 ($2 in chips) 
Seat 9: teddymid08 ($2.19 in chips) 
JungleManV: posts small blind $0.01
WWEW232: posts big blind $0.02
kinkboo12: posts big blind $0.02
*** HOLE CARDS ***
Dealt to Dorex2007 [Ac 7c]
shurik-ass: folds 
Dorex2007: raises $0.04 to $0.06
teddymid08: folds 
Krokus2864: folds 
kinkboo12: folds 
Woodie YUL: folds 
JungleManV: folds 
WWEW232: folds 
Uncalled bet ($0.04) returned to Dorex2007
Dorex2007 collected $0.07 from pot
Dorex2007: doesn't show hand 
*** SUMMARY ***
Total pot $0.07 | Rake $0 
Seat 1: Krokus2864 folded before Flop (didn't bet)
Seat 2: kinkboo12 folded before Flop (didn't bet)
Seat 3: Woodie YUL (button) folded before Flop (didn't bet)
Seat 5: JungleManV (small blind) folded before Flop
Seat 6: WWEW232 (big blind) folded before Flop
Seat 7: shurik-ass folded before Flop (didn't bet)
Seat 8: Dorex2007 collected ($0.07)
Seat 9: teddymid08 folded before Flop (didn't bet)



PokerStars Hand #231387590289:  Hold'em No Limit ($0.01/$0.02 USD) - 2021/11/13 19:50:52 PT [2021/11/13 22:50:52 ET]
Table 'Hedwig III' 9-max Seat #5 is the button
Seat 1: Krokus2864 ($2 in chips) 
Seat 2: kinkboo12 ($1.58 in chips) 
Seat 3: Woodie YUL ($3.27 in chips) 
Seat 5: JungleManV ($2 in chips) 
Seat 6: WWEW232 ($2.08 in chips) 
Seat 7: shurik-ass ($2.01 in chips) 
Seat 8: Dorex2007 ($2.05 in chips) 
Seat 9: teddymid08 ($2.19 in chips) 
WWEW232: posts small blind $0.01
shurik-ass: posts big blind $0.02
Tlymo: sits out 
*** HOLE CARDS ***
Dealt to Dorex2007 [6s Qh]
Dorex2007: folds 
teddymid08: raises $0.04 to $0.06
Krokus2864: folds 
kinkboo12: folds 
Woodie YUL: folds 
JungleManV: folds 
WWEW232: calls $0.05
shurik-ass: folds 
*** FLOP *** [Ah As 7c]
WWEW232: checks 
teddymid08: bets $0.05
WWEW232: folds 
Uncalled bet ($0.05) returned to teddymid08
teddymid08 collected $0.14 from pot
teddymid08: doesn't show hand 
*** SUMMARY ***
Total pot $0.14 | Rake $0 
Board [Ah As 7c]
Seat 1: Krokus2864 folded before Flop (didn't bet)
Seat 2: kinkboo12 folded before Flop (didn't bet)
Seat 3: Woodie YUL folded before Flop (didn't bet)
Seat 5: JungleManV (button) folded before Flop (didn't bet)
Seat 6: WWEW232 (small blind) folded on the Flop
Seat 7: shurik-ass (big blind) folded before Flop
Seat 8: Dorex2007 folded before Flop (didn't bet)
Seat 9: teddymid08 collected ($0.14)



PokerStars Hand #231387597353:  Hold'em No Limit ($0.01/$0.02 USD) - 2021/11/13 19:51:28 PT [2021/11/13 22:51:28 ET]
Table 'Hedwig III' 9-max Seat #6 is the button
Seat 1: Krokus2864 ($2 in chips) 
Seat 2: kinkboo12 ($1.58 in chips) 
Seat 3: Woodie YUL ($3.27 in chips) 
Seat 5: JungleManV ($2 in chips) 
Seat 6: WWEW232 ($2.02 in chips) 
Seat 7: shurik-ass ($2 in chips) 
Seat 8: Dorex2007 ($2.05 in chips) 
Seat 9: teddymid08 ($2.27 in chips) 
shurik-ass: posts small blind $0.01
Dorex2007: posts big blind $0.02
Tlymo: sits out 
*** HOLE CARDS ***
Dealt to Dorex2007 [3s 4s]
teddymid08: folds 
Krokus2864: folds 
kinkboo12: folds 
Woodie YUL: calls $0.02
JungleManV: folds 
WWEW232: calls $0.02
shurik-ass: calls $0.01
Dorex2007: checks 
*** FLOP *** [Ah 5d 5s]
shurik-ass: checks 
Dorex2007: checks 
kinkboo12 leaves the table
Woodie YUL: checks 
WWEW232: bets $0.08
shurik-ass: folds 
Dorex2007: folds 
Woodie YUL: folds 
Uncalled bet ($0.08) returned to WWEW232
WWEW232 collected $0.08 from pot
WWEW232: doesn't show hand 
*** SUMMARY ***
Total pot $0.08 | Rake $0 
Board [Ah 5d 5s]
Seat 1: Krokus2864 folded before Flop (didn't bet)
Seat 2: kinkboo12 folded before Flop (didn't bet)
Seat 3: Woodie YUL folded on the Flop
Seat 5: JungleManV folded before Flop (didn't bet)
Seat 6: WWEW232 (button) collected ($0.08)
Seat 7: shurik-ass (small blind) folded on the Flop
Seat 8: Dorex2007 (big blind) folded on the Flop
Seat 9: teddymid08 folded before Flop (didn't bet)



PokerStars Hand #231387614115:  Hold'em No Limit ($0.01/$0.02 USD) - 2021/11/13 19:52:19 PT [2021/11/13 22:52:19 ET]
Table 'Hedwig III' 9-max Seat #7 is the button
Seat 1: Krokus2864 ($2 in chips) 
Seat 3: Woodie YUL ($3.25 in chips) 
Seat 5: JungleManV ($2 in chips) 
Seat 6: WWEW232 ($2.08 in chips) 
Seat 7: shurik-ass ($2 in chips) 
Seat 8: Dorex2007 ($2.03 in chips) 
Seat 9: teddymid08 ($2.27 in chips) 
Dorex2007: posts small blind $0.01
teddymid08: posts big blind $0.02
Tlymo: sits out 
*** HOLE CARDS ***
Dealt to Dorex2007 [Kd 4s]
cornnuts4me joins the table at seat #2 
Krokus2864: folds 
Woodie YUL: folds 
JungleManV: folds 
WWEW232: calls $0.02
shurik-ass: folds 
Dorex2007: calls $0.01
teddymid08: checks 
*** FLOP *** [5h 9s 2h]
Dorex2007: checks 
teddymid08: checks 
WWEW232: checks 
*** TURN *** [5h 9s 2h] [Ac]
Dorex2007: checks 
teddymid08: checks 
WWEW232: bets $0.04
Dorex2007: folds 
teddymid08: folds 
Uncalled bet ($0.04) returned to WWEW232
WWEW232 collected $0.06 from pot
WWEW232: doesn't show hand 
*** SUMMARY ***
Total pot $0.06 | Rake $0 
Board [5h 9s 2h Ac]
Seat 1: Krokus2864 folded before Flop (didn't bet)
Seat 3: Woodie YUL folded before Flop (didn't bet)
Seat 5: JungleManV folded before Flop (didn't bet)
Seat 6: WWEW232 collected ($0.06)
Seat 7: shurik-ass (button) folded before Flop (didn't bet)
Seat 8: Dorex2007 (small blind) folded on the Turn
Seat 9: teddymid08 (big blind) folded on the Turn



PokerStars Hand #231387621611:  Hold'em No Limit ($0.01/$0.02 USD) - 2021/11/13 19:52:54 PT [2021/11/13 22:52:54 ET]
Table 'Hedwig III' 9-max Seat #8 is the button
Seat 1: Krokus2864 ($2 in chips) 
Seat 3: Woodie YUL ($3.25 in chips) 
Seat 5: JungleManV ($2 in chips) 
Seat 6: WWEW232 ($2.12 in chips) 
Seat 7: shurik-ass ($2 in chips) 
Seat 8: Dorex2007 ($2.01 in chips) 
Seat 9: teddymid08 ($2.25 in chips) 
teddymid08: posts small blind $0.01
Krokus2864: posts big blind $0.02
cornnuts4me: sits out 
Tlymo: sits out 
*** HOLE CARDS ***
Dealt to Dorex2007 [Qd 6c]
Woodie YUL: folds 
JungleManV: raises $0.03 to $0.05
WWEW232: folds 
shurik-ass: folds 
Dorex2007: folds 
teddymid08: calls $0.04
Krokus2864: folds 
*** FLOP *** [Qh Kd 2c]
teddymid08: checks 
JungleManV: bets $0.08
teddymid08: folds 
Uncalled bet ($0.08) returned to JungleManV
JungleManV collected $0.12 from pot
JungleManV: doesn't show hand 
*** SUMMARY ***
Total pot $0.12 | Rake $0 
Board [Qh Kd 2c]
Seat 1: Krokus2864 (big blind) folded before Flop
Seat 3: Woodie YUL folded before Flop (didn't bet)
Seat 5: JungleManV collected ($0.12)
Seat 6: WWEW232 folded before Flop (didn't bet)
Seat 7: shurik-ass folded before Flop (didn't bet)
Seat 8: Dorex2007 (button) folded before Flop (didn't bet)
Seat 9: teddymid08 (small blind) folded on the Flop



PokerStars Hand #231387629387:  Hold'em No Limit ($0.01/$0.02 USD) - 2021/11/13 19:53:33 PT [2021/11/13 22:53:33 ET]
Table 'Hedwig III' 9-max Seat #9 is the button
Seat 1: Krokus2864 ($2 in chips) 
Seat 2: cornnuts4me ($1.60 in chips) 
Seat 3: Woodie YUL ($3.25 in chips) 
Seat 5: JungleManV ($2.07 in chips) 
Seat 6: WWEW232 ($2.12 in chips) 
Seat 7: shurik-ass ($2 in chips) 
Seat 8: Dorex2007 ($2.01 in chips) 
Seat 9: teddymid08 ($2.20 in chips) 
Krokus2864: posts small blind $0.01
cornnuts4me: posts big blind $0.02
Tlymo: sits out 
*** HOLE CARDS ***
Dealt to Dorex2007 [Qs Kd]
Woodie YUL: folds 
JungleManV: folds 
WWEW232: folds 
shurik-ass: raises $0.04 to $0.06
Dorex2007: raises $0.12 to $0.18
teddymid08: folds 
Krokus2864: folds 
cornnuts4me: folds 
shurik-ass: folds 
Uncalled bet ($0.12) returned to Dorex2007
Dorex2007 collected $0.15 from pot
Dorex2007: doesn't show hand 
*** SUMMARY ***
Total pot $0.15 | Rake $0 
Seat 1: Krokus2864 (small blind) folded before Flop
Seat 2: cornnuts4me (big blind) folded before Flop
Seat 3: Woodie YUL folded before Flop (didn't bet)
Seat 5: JungleManV folded before Flop (didn't bet)
Seat 6: WWEW232 folded before Flop (didn't bet)
Seat 7: shurik-ass folded before Flop
Seat 8: Dorex2007 collected ($0.15)
Seat 9: teddymid08 (button) folded before Flop (didn't bet)



PokerStars Hand #231387635496:  Hold'em No Limit ($0.01/$0.02 USD) - 2021/11/13 19:54:05 PT [2021/11/13 22:54:05 ET]
Table 'Hedwig III' 9-max Seat #1 is the button
Seat 1: Krokus2864 ($2 in chips) 
Seat 2: cornnuts4me ($1.58 in chips) 
Seat 3: Woodie YUL ($3.25 in chips) 
Seat 5: JungleManV ($2.07 in chips) 
Seat 6: WWEW232 ($2.12 in chips) 
Seat 7: shurik-ass ($2 in chips) 
Seat 8: Dorex2007 ($2.10 in chips) 
Seat 9: teddymid08 ($2.20 in chips) 
cornnuts4me: posts small blind $0.01
Woodie YUL: posts big blind $0.02
Tlymo: sits out 
*** HOLE CARDS ***
Dealt to Dorex2007 [2c 6s]
JungleManV: folds 
WWEW232: raises $0.02 to $0.04
shurik-ass: folds 
Dorex2007: folds 
teddymid08: folds 
Krokus2864: folds 
cornnuts4me: folds 
Woodie YUL: calls $0.02
*** FLOP *** [Jh 6d 2d]
Woodie YUL: checks 
WWEW232: checks 
*** TURN *** [Jh 6d 2d] [4h]
Woodie YUL: checks 
WWEW232: checks 
*** RIVER *** [Jh 6d 2d 4h] [Ac]
Woodie YUL: checks 
WWEW232: bets $0.04
Woodie YUL: folds 
Uncalled bet ($0.04) returned to WWEW232
WWEW232 collected $0.09 from pot
WWEW232: doesn't show hand 
*** SUMMARY ***
Total pot $0.09 | Rake $0 
Board [Jh 6d 2d 4h Ac]
Seat 1: Krokus2864 (button) folded before Flop (didn't bet)
Seat 2: cornnuts4me (small blind) folded before Flop
Seat 3: Woodie YUL (big blind) folded on the River
Seat 5: JungleManV folded before Flop (didn't bet)
Seat 6: WWEW232 collected ($0.09)
Seat 7: shurik-ass folded before Flop (didn't bet)
Seat 8: Dorex2007 folded before Flop (didn't bet)
Seat 9: teddymid08 folded before Flop (didn't bet)



PokerStars Hand #231387644845:  Hold'em No Limit ($0.01/$0.02 USD) - 2021/11/13 19:54:53 PT [2021/11/13 22:54:53 ET]
Table 'Hedwig III' 9-max Seat #2 is the button
Seat 1: Krokus2864 ($2 in chips) 
Seat 2: cornnuts4me ($1.57 in chips) 
Seat 3: Woodie YUL ($3.21 in chips) 
Seat 4: Tlymo ($2 in chips) 
Seat 5: JungleManV ($2.07 in chips) 
Seat 6: WWEW232 ($2.17 in chips) 
Seat 7: shurik-ass ($2 in chips) 
Seat 8: Dorex2007 ($2.10 in chips) 
Seat 9: teddymid08 ($2.20 in chips) 
Woodie YUL: posts small blind $0.01
Tlymo: posts big blind $0.02
*** HOLE CARDS ***
Dealt to Dorex2007 [2d Qd]
JungleManV: folds 
WWEW232: raises $0.02 to $0.04
shurik-ass: folds 
Dorex2007: folds 
teddymid08: calls $0.04
Krokus2864: folds 
cornnuts4me: folds 
Woodie YUL: folds 
Tlymo: folds 
*** FLOP *** [Ac Jd 2s]
WWEW232: bets $0.06
teddymid08: calls $0.06
*** TURN *** [Ac Jd 2s] [Qh]
WWEW232: bets $0.04
teddymid08: raises $0.11 to $0.15
WWEW232: calls $0.11
*** RIVER *** [Ac Jd 2s Qh] [8s]
WWEW232: checks 
teddymid08: checks 
*** SHOW DOWN ***
WWEW232: shows [Ah Kc] (a pair of Aces)
teddymid08: mucks hand 
WWEW232 collected $0.51 from pot
*** SUMMARY ***
Total pot $0.53 | Rake $0.02 
Board [Ac Jd 2s Qh 8s]
Seat 1: Krokus2864 folded before Flop (didn't bet)
Seat 2: cornnuts4me (button) folded before Flop (didn't bet)
Seat 3: Woodie YUL (small blind) folded before Flop
Seat 4: Tlymo (big blind) folded before Flop
Seat 5: JungleManV folded before Flop (didn't bet)
Seat 6: WWEW232 showed [Ah Kc] and won ($0.51) with a pair of Aces
Seat 7: shurik-ass folded before Flop (didn't bet)
Seat 8: Dorex2007 folded before Flop (didn't bet)
Seat 9: teddymid08 mucked [Ad 5d]



PokerStars Hand #231387663602:  Hold'em No Limit ($0.01/$0.02 USD) - 2021/11/13 19:55:44 PT [2021/11/13 22:55:44 ET]
Table 'Hedwig III' 9-max Seat #3 is the button
Seat 1: Krokus2864 ($2 in chips) 
Seat 2: cornnuts4me ($1.57 in chips) 
Seat 3: Woodie YUL ($3.20 in chips) 
Seat 4: Tlymo ($2 in chips) 
Seat 5: JungleManV ($2.07 in chips) 
Seat 6: WWEW232 ($2.43 in chips) 
Seat 7: shurik-ass ($2 in chips) 
Seat 8: Dorex2007 ($2.10 in chips) 
Seat 9: teddymid08 ($1.95 in chips) 
Tlymo: posts small blind $0.01
JungleManV: posts big blind $0.02
*** HOLE CARDS ***
Dealt to Dorex2007 [Jc 6d]
WWEW232: folds 
shurik-ass: folds 
Dorex2007: folds 
teddymid08: raises $0.02 to $0.04
Krokus2864: folds 
cornnuts4me: calls $0.04
Woodie YUL: calls $0.04
Tlymo: folds 
JungleManV: calls $0.02
*** FLOP *** [Ks 2c 6h]
JungleManV: checks 
teddymid08: checks 
cornnuts4me: checks 
Woodie YUL: bets $0.07
JungleManV: folds 
teddymid08: folds 
cornnuts4me: folds 
Uncalled bet ($0.07) returned to Woodie YUL
Woodie YUL collected $0.16 from pot
Woodie YUL: doesn't show hand 
*** SUMMARY ***
Total pot $0.17 | Rake $0.01 
Board [Ks 2c 6h]
Seat 1: Krokus2864 folded before Flop (didn't bet)
Seat 2: cornnuts4me folded on the Flop
Seat 3: Woodie YUL (button) collected ($0.16)
Seat 4: Tlymo (small blind) folded before Flop
Seat 5: JungleManV (big blind) folded on the Flop
Seat 6: WWEW232 folded before Flop (didn't bet)
Seat 7: shurik-ass folded before Flop (didn't bet)
Seat 8: Dorex2007 folded before Flop (didn't bet)
Seat 9: teddymid08 folded on the Flop



PokerStars Hand #231387672758:  Hold'em No Limit ($0.01/$0.02 USD) - 2021/11/13 19:56:42 PT [2021/11/13 22:56:42 ET]
Table 'Hedwig III' 9-max Seat #4 is the button
Seat 1: Krokus2864 ($2 in chips) 
Seat 2: cornnuts4me ($1.53 in chips) 
Seat 3: Woodie YUL ($3.32 in chips) 
Seat 4: Tlymo ($2 in chips) 
Seat 5: JungleManV ($2.03 in chips) 
Seat 6: WWEW232 ($2.43 in chips) 
Seat 7: shurik-ass ($2 in chips) 
Seat 8: Dorex2007 ($2.10 in chips) 
Seat 9: teddymid08 ($1.91 in chips) 
JungleManV: posts small blind $0.01
WWEW232: posts big blind $0.02
*** HOLE CARDS ***
Dealt to Dorex2007 [2h 8d]
shurik-ass: folds 
Dorex2007: folds 
teddymid08: folds 
Krokus2864: folds 
cornnuts4me: folds 
Woodie YUL: folds 
Tlymo: raises $0.04 to $0.06
JungleManV: folds 
WWEW232: folds 
Uncalled bet ($0.04) returned to Tlymo
Tlymo collected $0.05 from pot
Tlymo: doesn't show hand 
*** SUMMARY ***
Total pot $0.05 | Rake $0 
Seat 1: Krokus2864 folded before Flop (didn't bet)
Seat 2: cornnuts4me folded before Flop (didn't bet)
Seat 3: Woodie YUL folded before Flop (didn't bet)
Seat 4: Tlymo (button) collected ($0.05)
Seat 5: JungleManV (small blind) folded before Flop
Seat 6: WWEW232 (big blind) folded before Flop
Seat 7: shurik-ass folded before Flop (didn't bet)
Seat 8: Dorex2007 folded before Flop (didn't bet)
Seat 9: teddymid08 folded before Flop (didn't bet)



PokerStars Hand #231387676774:  Hold'em No Limit ($0.01/$0.02 USD) - 2021/11/13 19:57:07 PT [2021/11/13 22:57:07 ET]
Table 'Hedwig III' 9-max Seat #5 is the button
Seat 1: Krokus2864 ($2 in chips) 
Seat 2: cornnuts4me ($1.53 in chips) 
Seat 3: Woodie YUL ($3.32 in chips) 
Seat 4: Tlymo ($2.03 in chips) 
Seat 5: JungleManV ($2.02 in chips) 
Seat 6: WWEW232 ($2.41 in chips) 
Seat 7: shurik-ass ($2 in chips) 
Seat 8: Dorex2007 ($2.10 in chips) 
Seat 9: teddymid08 ($1.91 in chips) 
WWEW232: posts small blind $0.01
shurik-ass: posts big blind $0.02
*** HOLE CARDS ***
Dealt to Dorex2007 [5s 5c]
Dorex2007: calls $0.02
teddymid08: raises $0.04 to $0.06
Krokus2864: folds 
cornnuts4me: calls $0.06
Woodie YUL: folds 
Tlymo: calls $0.06
JungleManV: folds 
WWEW232: folds 
shurik-ass: calls $0.04
Dorex2007: calls $0.04
*** FLOP *** [7c 6c 8d]
shurik-ass: checks 
Dorex2007: checks 
teddymid08: checks 
cornnuts4me: checks 
Tlymo: checks 
*** TURN *** [7c 6c 8d] [7d]
shurik-ass: checks 
Dorex2007: bets $0.15
teddymid08: folds 
cornnuts4me: folds 
Tlymo: folds 
shurik-ass: folds 
Uncalled bet ($0.15) returned to Dorex2007
Dorex2007 collected $0.30 from pot
Dorex2007: doesn't show hand 
*** SUMMARY ***
Total pot $0.31 | Rake $0.01 
Board [7c 6c 8d 7d]
Seat 1: Krokus2864 folded before Flop (didn't bet)
Seat 2: cornnuts4me folded on the Turn
Seat 3: Woodie YUL folded before Flop (didn't bet)
Seat 4: Tlymo folded on the Turn
Seat 5: JungleManV (button) folded before Flop (didn't bet)
Seat 6: WWEW232 (small blind) folded before Flop
Seat 7: shurik-ass (big blind) folded on the Turn
Seat 8: Dorex2007 collected ($0.30)
Seat 9: teddymid08 folded on the Turn



PokerStars Hand #231387686259:  Hold'em No Limit ($0.01/$0.02 USD) - 2021/11/13 19:58:06 PT [2021/11/13 22:58:06 ET]
Table 'Hedwig III' 9-max Seat #6 is the button
Seat 1: Krokus2864 ($2 in chips) 
Seat 2: cornnuts4me ($1.47 in chips) 
Seat 3: Woodie YUL ($3.32 in chips) 
Seat 4: Tlymo ($2 in chips) 
Seat 5: JungleManV ($2.02 in chips) 
Seat 6: WWEW232 ($2.40 in chips) 
Seat 7: shurik-ass ($2 in chips) 
Seat 8: Dorex2007 ($2.34 in chips) 
Seat 9: teddymid08 ($1.85 in chips) 
shurik-ass: posts small blind $0.01
Dorex2007: posts big blind $0.02
*** HOLE CARDS ***
Dealt to Dorex2007 [2s 9h]
teddymid08: folds 
Krokus2864: folds 
cornnuts4me: folds 
Woodie YUL: raises $0.04 to $0.06
Tlymo: folds 
JungleManV: folds 
WWEW232: folds 
shurik-ass: folds 
Dorex2007: folds 
Uncalled bet ($0.04) returned to Woodie YUL
Woodie YUL collected $0.05 from pot
Woodie YUL: doesn't show hand 
*** SUMMARY ***
Total pot $0.05 | Rake $0 
Seat 1: Krokus2864 folded before Flop (didn't bet)
Seat 2: cornnuts4me folded before Flop (didn't bet)
Seat 3: Woodie YUL collected ($0.05)
Seat 4: Tlymo folded before Flop (didn't bet)
Seat 5: JungleManV folded before Flop (didn't bet)
Seat 6: WWEW232 (button) folded before Flop (didn't bet)
Seat 7: shurik-ass (small blind) folded before Flop
Seat 8: Dorex2007 (big blind) folded before Flop
Seat 9: teddymid08 folded before Flop (didn't bet)



PokerStars Hand #231387690542:  Hold'em No Limit ($0.01/$0.02 USD) - 2021/11/13 19:58:32 PT [2021/11/13 22:58:32 ET]
Table 'Hedwig III' 9-max Seat #7 is the button
Seat 1: Krokus2864 ($2 in chips) 
Seat 2: cornnuts4me ($1.47 in chips) 
Seat 3: Woodie YUL ($3.35 in chips) 
Seat 4: Tlymo ($2 in chips) 
Seat 5: JungleManV ($2.02 in chips) 
Seat 6: WWEW232 ($2.40 in chips) 
Seat 7: shurik-ass ($2 in chips) 
Seat 8: Dorex2007 ($2.32 in chips) 
Seat 9: teddymid08 ($1.85 in chips) 
Dorex2007: posts small blind $0.01
teddymid08: posts big blind $0.02
*** HOLE CARDS ***
Dealt to Dorex2007 [Qd As]
Krokus2864: folds 
cornnuts4me: folds 
Woodie YUL: folds 
Tlymo: folds 
JungleManV: folds 
WWEW232: folds 
shurik-ass: raises $0.04 to $0.06
Dorex2007: calls $0.05
teddymid08: calls $0.04
*** FLOP *** [Ts Ah 5d]
Dorex2007: checks 
teddymid08: checks 
shurik-ass: bets $0.09
Dorex2007: raises $0.13 to $0.22
teddymid08: folds 
shurik-ass: folds 
Uncalled bet ($0.13) returned to Dorex2007
Dorex2007 collected $0.35 from pot
Dorex2007: doesn't show hand 
*** SUMMARY ***
Total pot $0.36 | Rake $0.01 
Board [Ts Ah 5d]
Seat 1: Krokus2864 folded before Flop (didn't bet)
Seat 2: cornnuts4me folded before Flop (didn't bet)
Seat 3: Woodie YUL folded before Flop (didn't bet)
Seat 4: Tlymo folded before Flop (didn't bet)
Seat 5: JungleManV folded before Flop (didn't bet)
Seat 6: WWEW232 folded before Flop (didn't bet)
Seat 7: shurik-ass (button) folded on the Flop
Seat 8: Dorex2007 (small blind) collected ($0.35)
Seat 9: teddymid08 (big blind) folded on the Flop



PokerStars Hand #231387700769:  Hold'em No Limit ($0.01/$0.02 USD) - 2021/11/13 19:59:35 PT [2021/11/13 22:59:35 ET]
Table 'Hedwig III' 9-max Seat #8 is the button
Seat 1: Krokus2864 ($2 in chips) 
Seat 2: cornnuts4me ($1.47 in chips) 
Seat 3: Woodie YUL ($3.35 in chips) 
Seat 4: Tlymo ($2 in chips) 
Seat 5: JungleManV ($2.02 in chips) 
Seat 6: WWEW232 ($2.40 in chips) 
Seat 7: shurik-ass ($2 in chips) 
Seat 8: Dorex2007 ($2.52 in chips) 
Seat 9: teddymid08 ($1.79 in chips) 
teddymid08: posts small blind $0.01
Krokus2864: posts big blind $0.02
*** HOLE CARDS ***
Dealt to Dorex2007 [9c 3d]
cornnuts4me: folds 
Woodie YUL: folds 
Tlymo: raises $0.04 to $0.06
JungleManV: folds 
WWEW232: folds 
shurik-ass: folds 
Dorex2007: folds 
teddymid08: folds 
Krokus2864: calls $0.04
*** FLOP *** [2s Tc 5c]
Krokus2864: checks 
Tlymo: bets $0.08
Krokus2864: folds 
Uncalled bet ($0.08) returned to Tlymo
Tlymo collected $0.13 from pot
Tlymo: doesn't show hand 
*** SUMMARY ***
Total pot $0.13 | Rake $0 
Board [2s Tc 5c]
Seat 1: Krokus2864 (big blind) folded on the Flop
Seat 2: cornnuts4me folded before Flop (didn't bet)
Seat 3: Woodie YUL folded before Flop (didn't bet)
Seat 4: Tlymo collected ($0.13)
Seat 5: JungleManV folded before Flop (didn't bet)
Seat 6: WWEW232 folded before Flop (didn't bet)
Seat 7: shurik-ass folded before Flop (didn't bet)
Seat 8: Dorex2007 (button) folded before Flop (didn't bet)
Seat 9: teddymid08 (small blind) folded before Flop



PokerStars Hand #231387705805:  Hold'em No Limit ($0.01/$0.02 USD) - 2021/11/13 20:00:06 PT [2021/11/13 23:00:06 ET]
Table 'Hedwig III' 9-max Seat #9 is the button
Seat 1: Krokus2864 ($2 in chips) 
Seat 2: cornnuts4me ($1.47 in chips) 
Seat 3: Woodie YUL ($3.35 in chips) 
Seat 4: Tlymo ($2.07 in chips) 
Seat 5: JungleManV ($2.02 in chips) 
Seat 6: WWEW232 ($2.40 in chips) 
Seat 7: shurik-ass ($2 in chips) 
Seat 8: Dorex2007 ($2.52 in chips) 
Seat 9: teddymid08 ($1.78 in chips) 
Krokus2864: posts small blind $0.01
cornnuts4me: posts big blind $0.02
*** HOLE CARDS ***
Dealt to Dorex2007 [Qd 8h]
Woodie YUL: folds 
Tlymo: folds 
JungleManV: folds 
WWEW232: folds 
shurik-ass: folds 
Dorex2007: folds 
teddymid08: raises $0.04 to $0.06
Krokus2864: folds 
cornnuts4me: folds 
Uncalled bet ($0.04) returned to teddymid08
teddymid08 collected $0.05 from pot
teddymid08: doesn't show hand 
*** SUMMARY ***
Total pot $0.05 | Rake $0 
Seat 1: Krokus2864 (small blind) folded before Flop
Seat 2: cornnuts4me (big blind) folded before Flop
Seat 3: Woodie YUL folded before Flop (didn't bet)
Seat 4: Tlymo folded before Flop (didn't bet)
Seat 5: JungleManV folded before Flop (didn't bet)
Seat 6: WWEW232 folded before Flop (didn't bet)
Seat 7: shurik-ass folded before Flop (didn't bet)
Seat 8: Dorex2007 folded before Flop (didn't bet)
Seat 9: teddymid08 (button) collected ($0.05)



PokerStars Hand #231387711047:  Hold'em No Limit ($0.01/$0.02 USD) - 2021/11/13 20:00:36 PT [2021/11/13 23:00:36 ET]
Table 'Hedwig III' 9-max Seat #1 is the button
Seat 1: Krokus2864 ($2 in chips) 
Seat 2: cornnuts4me ($1.45 in chips) 
Seat 3: Woodie YUL ($3.35 in chips) 
Seat 4: Tlymo ($2.07 in chips) 
Seat 5: JungleManV ($2.02 in chips) 
Seat 6: WWEW232 ($2.40 in chips) 
Seat 7: shurik-ass ($2 in chips) 
Seat 8: Dorex2007 ($2.52 in chips) 
Seat 9: teddymid08 ($1.81 in chips) 
cornnuts4me: posts small blind $0.01
Woodie YUL: posts big blind $0.02
*** HOLE CARDS ***
Dealt to Dorex2007 [7c 4c]
Tlymo: folds 
JungleManV: folds 
WWEW232: folds 
shurik-ass: folds 
Dorex2007: folds 
teddymid08: raises $0.02 to $0.04
Krokus2864: folds 
shurik-ass leaves the table
cornnuts4me: folds 
Woodie YUL: folds 
Uncalled bet ($0.02) returned to teddymid08
teddymid08 collected $0.05 from pot
teddymid08: doesn't show hand 
*** SUMMARY ***
Total pot $0.05 | Rake $0 
Seat 1: Krokus2864 (button) folded before Flop (didn't bet)
Seat 2: cornnuts4me (small blind) folded before Flop
Seat 3: Woodie YUL (big blind) folded before Flop
Seat 4: Tlymo folded before Flop (didn't bet)
Seat 5: JungleManV folded before Flop (didn't bet)
Seat 6: WWEW232 folded before Flop (didn't bet)
Seat 7: shurik-ass folded before Flop (didn't bet)
Seat 8: Dorex2007 folded before Flop (didn't bet)
Seat 9: teddymid08 collected ($0.05)



PokerStars Hand #231387715609:  Hold'em No Limit ($0.01/$0.02 USD) - 2021/11/13 20:01:02 PT [2021/11/13 23:01:02 ET]
Table 'Hedwig III' 9-max Seat #2 is the button
Seat 1: Krokus2864 ($2 in chips) 
Seat 2: cornnuts4me ($1.44 in chips) 
Seat 3: Woodie YUL ($3.33 in chips) 
Seat 4: Tlymo ($2.07 in chips) 
Seat 5: JungleManV ($2.02 in chips) 
Seat 6: WWEW232 ($2.40 in chips) 
Seat 8: Dorex2007 ($2.52 in chips) 
Seat 9: teddymid08 ($1.84 in chips) 
Woodie YUL: posts small blind $0.01
Tlymo: posts big blind $0.02
*** HOLE CARDS ***
Dealt to Dorex2007 [Ah Ks]
JungleManV: folds 
WWEW232: folds 
pIay2kiLL joins the table at seat #7 
Dorex2007: raises $0.04 to $0.06
teddymid08: folds 
Krokus2864: folds 
cornnuts4me: folds 
Woodie YUL: folds 
Tlymo: calls $0.04
*** FLOP *** [5h 2s 5d]
Tlymo: checks 
Dorex2007: bets $0.09
Tlymo: folds 
Uncalled bet ($0.09) returned to Dorex2007
Dorex2007 collected $0.13 from pot
Dorex2007: doesn't show hand 
*** SUMMARY ***
Total pot $0.13 | Rake $0 
Board [5h 2s 5d]
Seat 1: Krokus2864 folded before Flop (didn't bet)
Seat 2: cornnuts4me (button) folded before Flop (didn't bet)
Seat 3: Woodie YUL (small blind) folded before Flop
Seat 4: Tlymo (big blind) folded on the Flop
Seat 5: JungleManV folded before Flop (didn't bet)
Seat 6: WWEW232 folded before Flop (didn't bet)
Seat 8: Dorex2007 collected ($0.13)
Seat 9: teddymid08 folded before Flop (didn't bet)



PokerStars Hand #231387721802:  Hold'em No Limit ($0.01/$0.02 USD) - 2021/11/13 20:01:34 PT [2021/11/13 23:01:34 ET]
Table 'Hedwig III' 9-max Seat #3 is the button
Seat 1: Krokus2864 ($2 in chips) 
Seat 2: cornnuts4me ($1.44 in chips) 
Seat 3: Woodie YUL ($3.32 in chips) 
Seat 4: Tlymo ($2.01 in chips) 
Seat 5: JungleManV ($2.02 in chips) 
Seat 6: WWEW232 ($2.40 in chips) 
Seat 8: Dorex2007 ($2.59 in chips) 
Seat 9: teddymid08 ($1.84 in chips) 
Tlymo: posts small blind $0.01
JungleManV: posts big blind $0.02
pIay2kiLL: sits out 
*** HOLE CARDS ***
Dealt to Dorex2007 [Jd 5c]
WWEW232: calls $0.02
Dorex2007: folds 
teddymid08: calls $0.02
Krokus2864: calls $0.02
cornnuts4me: folds 
Woodie YUL: folds 
Tlymo: calls $0.01
JungleManV: checks 
*** FLOP *** [5d 3d 5h]
Tlymo: checks 
JungleManV: checks 
WWEW232: bets $0.04
teddymid08: calls $0.04
Krokus2864: raises $0.04 to $0.08
Tlymo: folds 
JungleManV: folds 
WWEW232: folds 
teddymid08: calls $0.04
*** TURN *** [5d 3d 5h] [2h]
teddymid08: checks 
Krokus2864: bets $1.90 and is all-in
teddymid08: folds 
Uncalled bet ($1.90) returned to Krokus2864
Krokus2864 collected $0.29 from pot
Krokus2864: doesn't show hand 
*** SUMMARY ***
Total pot $0.30 | Rake $0.01 
Board [5d 3d 5h 2h]
Seat 1: Krokus2864 collected ($0.29)
Seat 2: cornnuts4me folded before Flop (didn't bet)
Seat 3: Woodie YUL (button) folded before Flop (didn't bet)
Seat 4: Tlymo (small blind) folded on the Flop
Seat 5: JungleManV (big blind) folded on the Flop
Seat 6: WWEW232 folded on the Flop
Seat 8: Dorex2007 folded before Flop (didn't bet)
Seat 9: teddymid08 folded on the Turn



PokerStars Hand #231387739140:  Hold'em No Limit ($0.01/$0.02 USD) - 2021/11/13 20:03:07 PT [2021/11/13 23:03:07 ET]
Table 'Hedwig III' 9-max Seat #4 is the button
Seat 1: Krokus2864 ($2.19 in chips) 
Seat 2: cornnuts4me ($1.44 in chips) 
Seat 3: Woodie YUL ($3.32 in chips) 
Seat 4: Tlymo ($2 in chips) 
Seat 5: JungleManV ($2 in chips) 
Seat 6: WWEW232 ($2.34 in chips) 
Seat 8: Dorex2007 ($2.59 in chips) 
Seat 9: teddymid08 ($1.74 in chips) 
JungleManV: posts small blind $0.01
WWEW232: posts big blind $0.02
pIay2kiLL: sits out 
*** HOLE CARDS ***
Dealt to Dorex2007 [6c Js]
Dorex2007: folds 
teddymid08: folds 
Krokus2864: folds 
cornnuts4me: calls $0.02
Woodie YUL: folds 
Tlymo: raises $0.06 to $0.08
JungleManV: folds 
WWEW232: folds 
cornnuts4me: calls $0.06
*** FLOP *** [7s 5c Ah]
cornnuts4me: checks 
Tlymo: bets $0.10
cornnuts4me: folds 
Uncalled bet ($0.10) returned to Tlymo
Tlymo collected $0.18 from pot
Tlymo: doesn't show hand 
*** SUMMARY ***
Total pot $0.19 | Rake $0.01 
Board [7s 5c Ah]
Seat 1: Krokus2864 folded before Flop (didn't bet)
Seat 2: cornnuts4me folded on the Flop
Seat 3: Woodie YUL folded before Flop (didn't bet)
Seat 4: Tlymo (button) collected ($0.18)
Seat 5: JungleManV (small blind) folded before Flop
Seat 6: WWEW232 (big blind) folded before Flop
Seat 8: Dorex2007 folded before Flop (didn't bet)
Seat 9: teddymid08 folded before Flop (didn't bet)



PokerStars Hand #231387749226:  Hold'em No Limit ($0.01/$0.02 USD) - 2021/11/13 20:04:00 PT [2021/11/13 23:04:00 ET]
Table 'Hedwig III' 9-max Seat #5 is the button
Seat 1: Krokus2864 ($2.19 in chips) 
Seat 2: cornnuts4me ($1.36 in chips) 
Seat 3: Woodie YUL ($3.32 in chips) 
Seat 4: Tlymo ($2.10 in chips) 
Seat 5: JungleManV ($2 in chips) 
Seat 6: WWEW232 ($2.32 in chips) 
Seat 7: pIay2kiLL ($2 in chips) 
Seat 8: Dorex2007 ($2.59 in chips) 
Seat 9: teddymid08 ($1.74 in chips) 
WWEW232: posts small blind $0.01
pIay2kiLL: posts big blind $0.02
*** HOLE CARDS ***
Dealt to Dorex2007 [5c 3d]
Dorex2007: folds 
teddymid08: folds 
Krokus2864: folds 
cornnuts4me: raises $0.02 to $0.04
Woodie YUL: calls $0.04
Tlymo: folds 
JungleManV: folds 
WWEW232: folds 
pIay2kiLL: folds 
*** FLOP *** [Kh Js Ad]
cornnuts4me: checks 
Woodie YUL: checks 
*** TURN *** [Kh Js Ad] [Ts]
cornnuts4me: checks 
Woodie YUL: checks 
*** RIVER *** [Kh Js Ad Ts] [8s]
cornnuts4me: checks 
Woodie YUL: bets $0.04
cornnuts4me: folds 
Uncalled bet ($0.04) returned to Woodie YUL
Woodie YUL collected $0.11 from pot
Woodie YUL: doesn't show hand 
*** SUMMARY ***
Total pot $0.11 | Rake $0 
Board [Kh Js Ad Ts 8s]
Seat 1: Krokus2864 folded before Flop (didn't bet)
Seat 2: cornnuts4me folded on the River
Seat 3: Woodie YUL collected ($0.11)
Seat 4: Tlymo folded before Flop (didn't bet)
Seat 5: JungleManV (button) folded before Flop (didn't bet)
Seat 6: WWEW232 (small blind) folded before Flop
Seat 7: pIay2kiLL (big blind) folded before Flop
Seat 8: Dorex2007 folded before Flop (didn't bet)
Seat 9: teddymid08 folded before Flop (didn't bet)



PokerStars Hand #231387758876:  Hold'em No Limit ($0.01/$0.02 USD) - 2021/11/13 20:04:50 PT [2021/11/13 23:04:50 ET]
Table 'Hedwig III' 9-max Seat #6 is the button
Seat 1: Krokus2864 ($2.19 in chips) 
Seat 2: cornnuts4me ($1.32 in chips) 
Seat 3: Woodie YUL ($3.39 in chips) 
Seat 4: Tlymo ($2.10 in chips) 
Seat 5: JungleManV ($2 in chips) 
Seat 6: WWEW232 ($2.31 in chips) 
Seat 7: pIay2kiLL ($2 in chips) 
Seat 8: Dorex2007 ($2.59 in chips) 
Seat 9: teddymid08 ($1.74 in chips) 
pIay2kiLL: posts small blind $0.01
Dorex2007: posts big blind $0.02
*** HOLE CARDS ***
Dealt to Dorex2007 [Jh Ac]
teddymid08: folds 
Krokus2864: folds 
cornnuts4me: raises $0.04 to $0.06
Woodie YUL: calls $0.06
Tlymo: folds 
JungleManV: folds 
WWEW232: folds 
pIay2kiLL: folds 
Dorex2007: calls $0.04
*** FLOP *** [3d 7d 9c]
Dorex2007: checks 
cornnuts4me: bets $0.09
Woodie YUL: calls $0.09
Dorex2007: folds 
*** TURN *** [3d 7d 9c] [Tc]
cornnuts4me: bets $0.18
Woodie YUL: folds 
Uncalled bet ($0.18) returned to cornnuts4me
cornnuts4me collected $0.36 from pot
*** SUMMARY ***
Total pot $0.37 | Rake $0.01 
Board [3d 7d 9c Tc]
Seat 1: Krokus2864 folded before Flop (didn't bet)
Seat 2: cornnuts4me collected ($0.36)
Seat 3: Woodie YUL folded on the Turn
Seat 4: Tlymo folded before Flop (didn't bet)
Seat 5: JungleManV folded before Flop (didn't bet)
Seat 6: WWEW232 (button) folded before Flop (didn't bet)
Seat 7: pIay2kiLL (small blind) folded before Flop
Seat 8: Dorex2007 (big blind) folded on the Flop
Seat 9: teddymid08 folded before Flop (didn't bet)



PokerStars Hand #231387768306:  Hold'em No Limit ($0.01/$0.02 USD) - 2021/11/13 20:05:39 PT [2021/11/13 23:05:39 ET]
Table 'Hedwig III' 9-max Seat #7 is the button
Seat 1: Krokus2864 ($2.19 in chips) 
Seat 2: cornnuts4me ($1.53 in chips) 
Seat 3: Woodie YUL ($3.24 in chips) 
Seat 4: Tlymo ($2.10 in chips) 
Seat 5: JungleManV ($2 in chips) 
Seat 6: WWEW232 ($2.31 in chips) 
Seat 7: pIay2kiLL ($2 in chips) 
Seat 8: Dorex2007 ($2.53 in chips) 
Seat 9: teddymid08 ($1.74 in chips) 
Dorex2007: posts small blind $0.01
teddymid08: posts big blind $0.02
*** HOLE CARDS ***
Dealt to Dorex2007 [5s Qd]
Krokus2864: folds 
cornnuts4me: folds 
Woodie YUL: folds 
Tlymo: folds 
JungleManV: folds 
WWEW232: folds 
pIay2kiLL: raises $0.03 to $0.05
Dorex2007: folds 
teddymid08: calls $0.03
*** FLOP *** [7s 6s 7h]
teddymid08: checks 
pIay2kiLL: bets $0.05
teddymid08: calls $0.05
*** TURN *** [7s 6s 7h] [3h]
teddymid08: checks 
pIay2kiLL: bets $0.13
teddymid08: calls $0.13
*** RIVER *** [7s 6s 7h 3h] [Ah]
teddymid08: checks 
pIay2kiLL: checks 
*** SHOW DOWN ***
teddymid08: shows [9c Td] (a pair of Sevens)
pIay2kiLL: shows [8s 8h] (two pair, Eights and Sevens)
pIay2kiLL collected $0.45 from pot
*** SUMMARY ***
Total pot $0.47 | Rake $0.02 
Board [7s 6s 7h 3h Ah]
Seat 1: Krokus2864 folded before Flop (didn't bet)
Seat 2: cornnuts4me folded before Flop (didn't bet)
Seat 3: Woodie YUL folded before Flop (didn't bet)
Seat 4: Tlymo folded before Flop (didn't bet)
Seat 5: JungleManV folded before Flop (didn't bet)
Seat 6: WWEW232 folded before Flop (didn't bet)
Seat 7: pIay2kiLL (button) showed [8s 8h] and won ($0.45) with two pair, Eights and Sevens
Seat 8: Dorex2007 (small blind) folded before Flop
Seat 9: teddymid08 (big blind) showed [9c Td] and lost with a pair of Sevens



PokerStars Hand #231387779717:  Hold'em No Limit ($0.01/$0.02 USD) - 2021/11/13 20:06:40 PT [2021/11/13 23:06:40 ET]
Table 'Hedwig III' 9-max Seat #8 is the button
Seat 1: Krokus2864 ($2.19 in chips) 
Seat 2: cornnuts4me ($1.53 in chips) 
Seat 3: Woodie YUL ($3.24 in chips) 
Seat 4: Tlymo ($2.10 in chips) 
Seat 5: JungleManV ($2 in chips) 
Seat 6: WWEW232 ($2.31 in chips) 
Seat 7: pIay2kiLL ($2.22 in chips) 
Seat 8: Dorex2007 ($2.52 in chips) 
Seat 9: teddymid08 ($1.51 in chips) 
teddymid08: posts small blind $0.01
Krokus2864: posts big blind $0.02
*** HOLE CARDS ***
Dealt to Dorex2007 [9s Qs]
cornnuts4me: folds 
Woodie YUL: folds 
Tlymo: folds 
JungleManV: folds 
WWEW232: folds 
pIay2kiLL: folds 
Dorex2007: raises $0.02 to $0.04
teddymid08: folds 
Krokus2864: calls $0.02
*** FLOP *** [Qc 7d Kd]
Krokus2864: checks 
Dorex2007: bets $0.06
Krokus2864: calls $0.06
*** TURN *** [Qc 7d Kd] [Jd]
Krokus2864: checks 
Dorex2007: checks 
*** RIVER *** [Qc 7d Kd Jd] [4h]
Krokus2864: bets $0.13
Dorex2007: folds 
Uncalled bet ($0.13) returned to Krokus2864
Krokus2864 collected $0.20 from pot
Krokus2864: doesn't show hand 
*** SUMMARY ***
Total pot $0.21 | Rake $0.01 
Board [Qc 7d Kd Jd 4h]
Seat 1: Krokus2864 (big blind) collected ($0.20)
Seat 2: cornnuts4me folded before Flop (didn't bet)
Seat 3: Woodie YUL folded before Flop (didn't bet)
Seat 4: Tlymo folded before Flop (didn't bet)
Seat 5: JungleManV folded before Flop (didn't bet)
Seat 6: WWEW232 folded before Flop (didn't bet)
Seat 7: pIay2kiLL folded before Flop (didn't bet)
Seat 8: Dorex2007 (button) folded on the River
Seat 9: teddymid08 (small blind) folded before Flop



PokerStars Hand #231387785328:  Hold'em No Limit ($0.01/$0.02 USD) - 2021/11/13 20:07:10 PT [2021/11/13 23:07:10 ET]
Table 'Hedwig III' 9-max Seat #9 is the button
Seat 1: Krokus2864 ($2.29 in chips) 
Seat 2: cornnuts4me ($1.53 in chips) 
Seat 3: Woodie YUL ($3.24 in chips) 
Seat 4: Tlymo ($2.10 in chips) 
Seat 5: JungleManV ($2 in chips) 
Seat 6: WWEW232 ($2.31 in chips) 
Seat 7: pIay2kiLL ($2.22 in chips) 
Seat 8: Dorex2007 ($2.42 in chips) 
Seat 9: teddymid08 ($1.50 in chips) 
Krokus2864: posts small blind $0.01
cornnuts4me: posts big blind $0.02
*** HOLE CARDS ***
Dealt to Dorex2007 [2h Ah]
Woodie YUL: folds 
Tlymo: folds 
JungleManV: folds 
WWEW232: calls $0.02
pIay2kiLL: folds 
Dorex2007: folds 
teddymid08: calls $0.02
Krokus2864: folds 
cornnuts4me: checks 
*** FLOP *** [Qc Ks 8s]
cornnuts4me: checks 
WWEW232: bets $0.04
teddymid08: folds 
cornnuts4me: calls $0.04
*** TURN *** [Qc Ks 8s] [6h]
cornnuts4me: checks 
WWEW232: bets $0.04
cornnuts4me: calls $0.04
*** RIVER *** [Qc Ks 8s 6h] [9d]
cornnuts4me: bets $0.22
WWEW232: folds 
Uncalled bet ($0.22) returned to cornnuts4me
cornnuts4me collected $0.22 from pot
*** SUMMARY ***
Total pot $0.23 | Rake $0.01 
Board [Qc Ks 8s 6h 9d]
Seat 1: Krokus2864 (small blind) folded before Flop
Seat 2: cornnuts4me (big blind) collected ($0.22)
Seat 3: Woodie YUL folded before Flop (didn't bet)
Seat 4: Tlymo folded before Flop (didn't bet)
Seat 5: JungleManV folded before Flop (didn't bet)
Seat 6: WWEW232 folded on the River
Seat 7: pIay2kiLL folded before Flop (didn't bet)
Seat 8: Dorex2007 folded before Flop (didn't bet)
Seat 9: teddymid08 (button) folded on the Flop



PokerStars Hand #231387798416:  Hold'em No Limit ($0.01/$0.02 USD) - 2021/11/13 20:08:20 PT [2021/11/13 23:08:20 ET]
Table 'Hedwig III' 9-max Seat #1 is the button
Seat 1: Krokus2864 ($2.28 in chips) 
Seat 2: cornnuts4me ($1.65 in chips) 
Seat 3: Woodie YUL ($3.24 in chips) 
Seat 4: Tlymo ($2.10 in chips) 
Seat 5: JungleManV ($2 in chips) 
Seat 6: WWEW232 ($2.21 in chips) 
Seat 7: pIay2kiLL ($2.22 in chips) 
Seat 8: Dorex2007 ($2.42 in chips) 
Seat 9: teddymid08 ($1.48 in chips) 
cornnuts4me: posts small blind $0.01
Woodie YUL: posts big blind $0.02
*** HOLE CARDS ***
Dealt to Dorex2007 [5s 6c]
Tlymo: folds 
JungleManV: folds 
WWEW232: calls $0.02
pIay2kiLL: folds 
Dorex2007: folds 
teddymid08: calls $0.02
Krokus2864: folds 
cornnuts4me: calls $0.01
Woodie YUL: checks 
*** FLOP *** [5h 6s Qs]
cornnuts4me: checks 
Woodie YUL: checks 
WWEW232: checks 
teddymid08: checks 
*** TURN *** [5h 6s Qs] [3h]
cornnuts4me: bets $0.08
Woodie YUL: folds 
WWEW232: folds 
teddymid08: calls $0.08
*** RIVER *** [5h 6s Qs 3h] [2s]
cornnuts4me: checks 
teddymid08: bets $0.09
cornnuts4me: calls $0.09
*** SHOW DOWN ***
teddymid08: shows [4s 8s] (a flush, Queen high)
cornnuts4me: mucks hand 
teddymid08 collected $0.41 from pot
*** SUMMARY ***
Total pot $0.42 | Rake $0.01 
Board [5h 6s Qs 3h 2s]
Seat 1: Krokus2864 (button) folded before Flop (didn't bet)
Seat 2: cornnuts4me (small blind) mucked [3c 5c]
Seat 3: Woodie YUL (big blind) folded on the Turn
Seat 4: Tlymo folded before Flop (didn't bet)
Seat 5: JungleManV folded before Flop (didn't bet)
Seat 6: WWEW232 folded on the Turn
Seat 7: pIay2kiLL folded before Flop (didn't bet)
Seat 8: Dorex2007 folded before Flop (didn't bet)
Seat 9: teddymid08 showed [4s 8s] and won ($0.41) with a flush, Queen high



PokerStars Hand #231387815047:  Hold'em No Limit ($0.01/$0.02 USD) - 2021/11/13 20:09:32 PT [2021/11/13 23:09:32 ET]
Table 'Hedwig III' 9-max Seat #2 is the button
Seat 1: Krokus2864 ($2.28 in chips) 
Seat 2: cornnuts4me ($1.46 in chips) 
Seat 3: Woodie YUL ($3.22 in chips) 
Seat 4: Tlymo ($2.10 in chips) 
Seat 5: JungleManV ($2 in chips) 
Seat 6: WWEW232 ($2.19 in chips) 
Seat 7: pIay2kiLL ($2.22 in chips) 
Seat 8: Dorex2007 ($2.42 in chips) 
Seat 9: teddymid08 ($1.70 in chips) 
Woodie YUL: posts small blind $0.01
Tlymo: posts big blind $0.02
*** HOLE CARDS ***
Dealt to Dorex2007 [4h 7s]
JungleManV: raises $0.03 to $0.05
WWEW232: folds 
pIay2kiLL: folds 
Dorex2007: folds 
teddymid08: calls $0.05
Krokus2864: folds 
cornnuts4me: folds 
Woodie YUL: folds 
Tlymo: folds 
*** FLOP *** [2d 7c 2h]
JungleManV: bets $0.08
teddymid08: raises $0.08 to $0.16
JungleManV: folds 
Uncalled bet ($0.08) returned to teddymid08
teddymid08 collected $0.28 from pot
teddymid08: doesn't show hand 
*** SUMMARY ***
Total pot $0.29 | Rake $0.01 
Board [2d 7c 2h]
Seat 1: Krokus2864 folded before Flop (didn't bet)
Seat 2: cornnuts4me (button) folded before Flop (didn't bet)
Seat 3: Woodie YUL (small blind) folded before Flop
Seat 4: Tlymo (big blind) folded before Flop
Seat 5: JungleManV folded on the Flop
Seat 6: WWEW232 folded before Flop (didn't bet)
Seat 7: pIay2kiLL folded before Flop (didn't bet)
Seat 8: Dorex2007 folded before Flop (didn't bet)
Seat 9: teddymid08 collected ($0.28)



PokerStars Hand #231387824433:  Hold'em No Limit ($0.01/$0.02 USD) - 2021/11/13 20:10:23 PT [2021/11/13 23:10:23 ET]
Table 'Hedwig III' 9-max Seat #3 is the button
Seat 1: Krokus2864 ($2.28 in chips) 
Seat 2: cornnuts4me ($1.46 in chips) 
Seat 3: Woodie YUL ($3.21 in chips) 
Seat 4: Tlymo ($2.08 in chips) 
Seat 5: JungleManV ($2 in chips) 
Seat 6: WWEW232 ($2.19 in chips) 
Seat 7: pIay2kiLL ($2.22 in chips) 
Seat 8: Dorex2007 ($2.42 in chips) 
Seat 9: teddymid08 ($1.85 in chips) 
Tlymo: posts small blind $0.01
JungleManV: posts big blind $0.02
*** HOLE CARDS ***
Dealt to Dorex2007 [Kh 9h]
WWEW232: folds 
pIay2kiLL: folds 
Dorex2007: raises $0.04 to $0.06
teddymid08: calls $0.06
Krokus2864: folds 
cornnuts4me: folds 
Woodie YUL: folds 
Tlymo: folds 
JungleManV: calls $0.04
*** FLOP *** [6c 5c 4d]
JungleManV: checks 
Dorex2007: checks 
teddymid08: checks 
*** TURN *** [6c 5c 4d] [Kd]
JungleManV: checks 
Dorex2007: bets $0.12
teddymid08: folds 
JungleManV: folds 
Uncalled bet ($0.12) returned to Dorex2007
Dorex2007 collected $0.18 from pot
Dorex2007: doesn't show hand 
*** SUMMARY ***
Total pot $0.19 | Rake $0.01 
Board [6c 5c 4d Kd]
Seat 1: Krokus2864 folded before Flop (didn't bet)
Seat 2: cornnuts4me folded before Flop (didn't bet)
Seat 3: Woodie YUL (button) folded before Flop (didn't bet)
Seat 4: Tlymo (small blind) folded before Flop
Seat 5: JungleManV (big blind) folded on the Turn
Seat 6: WWEW232 folded before Flop (didn't bet)
Seat 7: pIay2kiLL folded before Flop (didn't bet)
Seat 8: Dorex2007 collected ($0.18)
Seat 9: teddymid08 folded on the Turn



PokerStars Hand #231387841490:  Hold'em No Limit ($0.01/$0.02 USD) - 2021/11/13 20:11:33 PT [2021/11/13 23:11:33 ET]
Table 'Hedwig III' 9-max Seat #4 is the button
Seat 1: Krokus2864 ($2.28 in chips) 
Seat 2: cornnuts4me ($1.46 in chips) 
Seat 3: Woodie YUL ($3.21 in chips) 
Seat 4: Tlymo ($2.07 in chips) 
Seat 5: JungleManV ($2 in chips) 
Seat 6: WWEW232 ($2.19 in chips) 
Seat 7: pIay2kiLL ($2.22 in chips) 
Seat 8: Dorex2007 ($2.54 in chips) 
Seat 9: teddymid08 ($1.79 in chips) 
JungleManV: posts small blind $0.01
WWEW232: posts big blind $0.02
*** HOLE CARDS ***
Dealt to Dorex2007 [8c 7s]
pIay2kiLL: raises $0.04 to $0.06
Dorex2007: folds 
teddymid08: calls $0.06
Krokus2864: folds 
cornnuts4me: folds 
Woodie YUL: raises $0.21 to $0.27
Tlymo: folds 
JungleManV: folds 
WWEW232: folds 
pIay2kiLL has timed out
pIay2kiLL: folds 
teddymid08: folds 
Uncalled bet ($0.21) returned to Woodie YUL
Woodie YUL collected $0.21 from pot
Woodie YUL: doesn't show hand 
*** SUMMARY ***
Total pot $0.21 | Rake $0 
Seat 1: Krokus2864 folded before Flop (didn't bet)
Seat 2: cornnuts4me folded before Flop (didn't bet)
Seat 3: Woodie YUL collected ($0.21)
Seat 4: Tlymo (button) folded before Flop (didn't bet)
Seat 5: JungleManV (small blind) folded before Flop
Seat 6: WWEW232 (big blind) folded before Flop
Seat 7: pIay2kiLL folded before Flop
Seat 8: Dorex2007 folded before Flop (didn't bet)
Seat 9: teddymid08 folded before Flop



PokerStars Hand #231387854250:  Hold'em No Limit ($0.01/$0.02 USD) - 2021/11/13 20:12:43 PT [2021/11/13 23:12:43 ET]
Table 'Hedwig III' 9-max Seat #5 is the button
Seat 1: Krokus2864 ($2.28 in chips) 
Seat 2: cornnuts4me ($1.46 in chips) 
Seat 3: Woodie YUL ($3.36 in chips) 
Seat 4: Tlymo ($2.07 in chips) 
Seat 5: JungleManV ($2 in chips) 
Seat 6: WWEW232 ($2.17 in chips) 
Seat 7: pIay2kiLL ($2.16 in chips) 
Seat 8: Dorex2007 ($2.54 in chips) 
Seat 9: teddymid08 ($1.73 in chips) 
WWEW232: posts small blind $0.01
pIay2kiLL: posts big blind $0.02
*** HOLE CARDS ***
Dealt to Dorex2007 [7s 3c]
Dorex2007: folds 
teddymid08: folds 
Krokus2864: folds 
cornnuts4me: folds 
Woodie YUL: folds 
Tlymo: folds 
JungleManV: folds 
WWEW232: calls $0.01
pIay2kiLL: raises $0.05 to $0.07
WWEW232: calls $0.05
*** FLOP *** [8c 7d 7h]
WWEW232: checks 
pIay2kiLL: checks 
*** TURN *** [8c 7d 7h] [8d]
WWEW232: checks 
pIay2kiLL: bets $0.04
WWEW232: calls $0.04
*** RIVER *** [8c 7d 7h 8d] [9s]
WWEW232: checks 
pIay2kiLL: checks 
*** SHOW DOWN ***
WWEW232: shows [Kd 3s] (two pair, Eights and Sevens)
pIay2kiLL: shows [Qc Ks] (two pair, Eights and Sevens)
WWEW232 collected $0.11 from pot
pIay2kiLL collected $0.10 from pot
*** SUMMARY ***
Total pot $0.22 | Rake $0.01 
Board [8c 7d 7h 8d 9s]
Seat 1: Krokus2864 folded before Flop (didn't bet)
Seat 2: cornnuts4me folded before Flop (didn't bet)
Seat 3: Woodie YUL folded before Flop (didn't bet)
Seat 4: Tlymo folded before Flop (didn't bet)
Seat 5: JungleManV (button) folded before Flop (didn't bet)
Seat 6: WWEW232 (small blind) showed [Kd 3s] and won ($0.11) with two pair, Eights and Sevens
Seat 7: pIay2kiLL (big blind) showed [Qc Ks] and won ($0.10) with two pair, Eights and Sevens
Seat 8: Dorex2007 folded before Flop (didn't bet)
Seat 9: teddymid08 folded before Flop (didn't bet)



PokerStars Hand #231387864042:  Hold'em No Limit ($0.01/$0.02 USD) - 2021/11/13 20:13:38 PT [2021/11/13 23:13:38 ET]
Table 'Hedwig III' 9-max Seat #6 is the button
Seat 1: Krokus2864 ($2.28 in chips) 
Seat 2: cornnuts4me ($1.46 in chips) 
Seat 3: Woodie YUL ($3.36 in chips) 
Seat 4: Tlymo ($2.07 in chips) 
Seat 5: JungleManV ($2 in chips) 
Seat 6: WWEW232 ($2.17 in chips) 
Seat 7: pIay2kiLL ($2.15 in chips) 
Seat 8: Dorex2007 ($2.54 in chips) 
Seat 9: teddymid08 ($1.73 in chips) 
pIay2kiLL: posts small blind $0.01
Dorex2007: posts big blind $0.02
*** HOLE CARDS ***
Dealt to Dorex2007 [Th Js]
teddymid08: raises $0.04 to $0.06
Krokus2864: folds 
cornnuts4me: calls $0.06
Woodie YUL: folds 
Tlymo: calls $0.06
JungleManV: folds 
WWEW232: folds 
pIay2kiLL: folds 
Dorex2007: calls $0.04
*** FLOP *** [7c 6h Ac]
Dorex2007: checks 
teddymid08: checks 
cornnuts4me: checks 
Tlymo: checks 
*** TURN *** [7c 6h Ac] [Qs]
Dorex2007: checks 
teddymid08: bets $0.10
cornnuts4me: calls $0.10
Tlymo: folds 
Dorex2007: folds 
*** RIVER *** [7c 6h Ac Qs] [Qc]
teddymid08: checks 
cornnuts4me: checks 
*** SHOW DOWN ***
teddymid08: shows [Ks Qd] (three of a kind, Queens)
cornnuts4me: mucks hand 
teddymid08 collected $0.43 from pot
*** SUMMARY ***
Total pot $0.45 | Rake $0.02 
Board [7c 6h Ac Qs Qc]
Seat 1: Krokus2864 folded before Flop (didn't bet)
Seat 2: cornnuts4me mucked [Ad 8d]
Seat 3: Woodie YUL folded before Flop (didn't bet)
Seat 4: Tlymo folded on the Turn
Seat 5: JungleManV folded before Flop (didn't bet)
Seat 6: WWEW232 (button) folded before Flop (didn't bet)
Seat 7: pIay2kiLL (small blind) folded before Flop
Seat 8: Dorex2007 (big blind) folded on the Turn
Seat 9: teddymid08 showed [Ks Qd] and won ($0.43) with three of a kind, Queens



PokerStars Hand #231387876960:  Hold'em No Limit ($0.01/$0.02 USD) - 2021/11/13 20:14:49 PT [2021/11/13 23:14:49 ET]
Table 'Hedwig III' 9-max Seat #7 is the button
Seat 1: Krokus2864 ($2.28 in chips) 
Seat 2: cornnuts4me ($1.30 in chips) 
Seat 3: Woodie YUL ($3.36 in chips) 
Seat 4: Tlymo ($2.01 in chips) 
Seat 5: JungleManV ($2 in chips) 
Seat 6: WWEW232 ($2.17 in chips) 
Seat 7: pIay2kiLL ($2.14 in chips) 
Seat 8: Dorex2007 ($2.48 in chips) 
Seat 9: teddymid08 ($2 in chips) 
Dorex2007: posts small blind $0.01
teddymid08: posts big blind $0.02
*** HOLE CARDS ***
Dealt to Dorex2007 [Jh 4c]
Krokus2864: folds 
cornnuts4me: calls $0.02
Woodie YUL: folds 
Tlymo: folds 
JungleManV: folds 
WWEW232: calls $0.02
pIay2kiLL: folds 
Dorex2007: folds 
teddymid08: checks 
*** FLOP *** [4d Ks 9s]
teddymid08: checks 
cornnuts4me: bets $0.05
WWEW232: calls $0.05
teddymid08: calls $0.05
*** TURN *** [4d Ks 9s] [Kd]
teddymid08: checks 
cornnuts4me: checks 
WWEW232: bets $0.06
teddymid08: calls $0.06
cornnuts4me: calls $0.06
*** RIVER *** [4d Ks 9s Kd] [Ah]
teddymid08: checks 
cornnuts4me: bets $0.21
WWEW232: folds 
teddymid08: folds 
Uncalled bet ($0.21) returned to cornnuts4me
cornnuts4me collected $0.39 from pot
*** SUMMARY ***
Total pot $0.40 | Rake $0.01 
Board [4d Ks 9s Kd Ah]
Seat 1: Krokus2864 folded before Flop (didn't bet)
Seat 2: cornnuts4me collected ($0.39)
Seat 3: Woodie YUL folded before Flop (didn't bet)
Seat 4: Tlymo folded before Flop (didn't bet)
Seat 5: JungleManV folded before Flop (didn't bet)
Seat 6: WWEW232 folded on the River
Seat 7: pIay2kiLL (button) folded before Flop (didn't bet)
Seat 8: Dorex2007 (small blind) folded before Flop
Seat 9: teddymid08 (big blind) folded on the River



PokerStars Hand #231387889626:  Hold'em No Limit ($0.01/$0.02 USD) - 2021/11/13 20:15:58 PT [2021/11/13 23:15:58 ET]
Table 'Hedwig III' 9-max Seat #8 is the button
Seat 1: Krokus2864 ($2.28 in chips) 
Seat 2: cornnuts4me ($1.56 in chips) 
Seat 3: Woodie YUL ($3.36 in chips) 
Seat 4: Tlymo ($2.01 in chips) 
Seat 5: JungleManV ($2 in chips) 
Seat 6: WWEW232 ($2.04 in chips) 
Seat 7: pIay2kiLL ($2.14 in chips) 
Seat 8: Dorex2007 ($2.47 in chips) 
Seat 9: teddymid08 ($1.87 in chips) 
teddymid08: posts small blind $0.01
Krokus2864: posts big blind $0.02
*** HOLE CARDS ***
Dealt to Dorex2007 [Ac 4s]
cornnuts4me: folds 
Woodie YUL: calls $0.02
Tlymo: folds 
JungleManV: folds 
WWEW232: calls $0.02
pIay2kiLL: folds 
Dorex2007: folds 
teddymid08: calls $0.01
Krokus2864: checks 
*** FLOP *** [6d Jd 8h]
teddymid08: checks 
Krokus2864: checks 
Woodie YUL: bets $0.06
WWEW232: folds 
teddymid08: calls $0.06
Krokus2864: folds 
*** TURN *** [6d Jd 8h] [Qc]
teddymid08: checks 
Woodie YUL: bets $0.14
teddymid08: folds 
Uncalled bet ($0.14) returned to Woodie YUL
Woodie YUL collected $0.19 from pot
Woodie YUL: doesn't show hand 
*** SUMMARY ***
Total pot $0.20 | Rake $0.01 
Board [6d Jd 8h Qc]
Seat 1: Krokus2864 (big blind) folded on the Flop
Seat 2: cornnuts4me folded before Flop (didn't bet)
Seat 3: Woodie YUL collected ($0.19)
Seat 4: Tlymo folded before Flop (didn't bet)
Seat 5: JungleManV folded before Flop (didn't bet)
Seat 6: WWEW232 folded on the Flop
Seat 7: pIay2kiLL folded before Flop (didn't bet)
Seat 8: Dorex2007 (button) folded before Flop (didn't bet)
Seat 9: teddymid08 (small blind) folded on the Turn



PokerStars Hand #231387899878:  Hold'em No Limit ($0.01/$0.02 USD) - 2021/11/13 20:16:55 PT [2021/11/13 23:16:55 ET]
Table 'Hedwig III' 9-max Seat #9 is the button
Seat 1: Krokus2864 ($2.26 in chips) 
Seat 2: cornnuts4me ($1.56 in chips) 
Seat 3: Woodie YUL ($3.47 in chips) 
Seat 4: Tlymo ($2.01 in chips) 
Seat 5: JungleManV ($2 in chips) 
Seat 6: WWEW232 ($2.02 in chips) 
Seat 7: pIay2kiLL ($2.14 in chips) 
Seat 8: Dorex2007 ($2.47 in chips) 
Seat 9: teddymid08 ($1.79 in chips) 
Krokus2864: posts small blind $0.01
cornnuts4me: posts big blind $0.02
*** HOLE CARDS ***
Dealt to Dorex2007 [2s 9h]
Woodie YUL: folds 
Tlymo: folds 
JungleManV: folds 
WWEW232: folds 
pIay2kiLL: folds 
Dorex2007: folds 
teddymid08: folds 
Krokus2864: folds 
Uncalled bet ($0.01) returned to cornnuts4me
cornnuts4me collected $0.02 from pot
*** SUMMARY ***
Total pot $0.02 | Rake $0 
Seat 1: Krokus2864 (small blind) folded before Flop
Seat 2: cornnuts4me (big blind) collected ($0.02)
Seat 3: Woodie YUL folded before Flop (didn't bet)
Seat 4: Tlymo folded before Flop (didn't bet)
Seat 5: JungleManV folded before Flop (didn't bet)
Seat 6: WWEW232 folded before Flop (didn't bet)
Seat 7: pIay2kiLL folded before Flop (didn't bet)
Seat 8: Dorex2007 folded before Flop (didn't bet)
Seat 9: teddymid08 (button) folded before Flop (didn't bet)



PokerStars Hand #231387904428:  Hold'em No Limit ($0.01/$0.02 USD) - 2021/11/13 20:17:19 PT [2021/11/13 23:17:19 ET]
Table 'Hedwig III' 9-max Seat #1 is the button
Seat 1: Krokus2864 ($2.25 in chips) 
Seat 2: cornnuts4me ($1.57 in chips) 
Seat 3: Woodie YUL ($3.47 in chips) 
Seat 4: Tlymo ($2.01 in chips) 
Seat 5: JungleManV ($2 in chips) 
Seat 6: WWEW232 ($2.02 in chips) 
Seat 7: pIay2kiLL ($2.14 in chips) 
Seat 8: Dorex2007 ($2.47 in chips) 
Seat 9: teddymid08 ($1.79 in chips) 
cornnuts4me: posts small blind $0.01
Woodie YUL: posts big blind $0.02
*** HOLE CARDS ***
Dealt to Dorex2007 [3c 7d]
Tlymo: folds 
JungleManV: folds 
WWEW232: folds 
pIay2kiLL: raises $0.03 to $0.05
Dorex2007: folds 
teddymid08: calls $0.05
Krokus2864: folds 
cornnuts4me: folds 
Woodie YUL: folds 
*** FLOP *** [Jh Jd Qh]
pIay2kiLL: bets $0.05
teddymid08: calls $0.05
*** TURN *** [Jh Jd Qh] [Td]
pIay2kiLL: bets $0.07
teddymid08: calls $0.07
*** RIVER *** [Jh Jd Qh Td] [3h]
pIay2kiLL: bets $0.29
teddymid08: raises $0.47 to $0.76
pIay2kiLL: calls $0.47
*** SHOW DOWN ***
teddymid08: shows [3s Js] (a full house, Jacks full of Threes)
pIay2kiLL: mucks hand 
teddymid08 collected $1.82 from pot
*** SUMMARY ***
Total pot $1.89 | Rake $0.07 
Board [Jh Jd Qh Td 3h]
Seat 1: Krokus2864 (button) folded before Flop (didn't bet)
Seat 2: cornnuts4me (small blind) folded before Flop
Seat 3: Woodie YUL (big blind) folded before Flop
Seat 4: Tlymo folded before Flop (didn't bet)
Seat 5: JungleManV folded before Flop (didn't bet)
Seat 6: WWEW232 folded before Flop (didn't bet)
Seat 7: pIay2kiLL mucked [6h Ah]
Seat 8: Dorex2007 folded before Flop (didn't bet)
Seat 9: teddymid08 showed [3s Js] and won ($1.82) with a full house, Jacks full of Threes



PokerStars Hand #231387916790:  Hold'em No Limit ($0.01/$0.02 USD) - 2021/11/13 20:18:27 PT [2021/11/13 23:18:27 ET]
Table 'Hedwig III' 9-max Seat #2 is the button
Seat 1: Krokus2864 ($2.25 in chips) 
Seat 2: cornnuts4me ($1.56 in chips) 
Seat 3: Woodie YUL ($3.45 in chips) 
Seat 4: Tlymo ($2.01 in chips) 
Seat 5: JungleManV ($2 in chips) 
Seat 6: WWEW232 ($2.02 in chips) 
Seat 7: pIay2kiLL ($2 in chips) 
Seat 8: Dorex2007 ($2.47 in chips) 
Seat 9: teddymid08 ($2.68 in chips) 
Woodie YUL: posts small blind $0.01
Tlymo: posts big blind $0.02
*** HOLE CARDS ***
Dealt to Dorex2007 [Jd 8s]
JungleManV: folds 
WWEW232: folds 
pIay2kiLL: folds 
Dorex2007: folds 
teddymid08: raises $0.02 to $0.04
Krokus2864: folds 
cornnuts4me: folds 
Woodie YUL: calls $0.03
Tlymo: calls $0.02
*** FLOP *** [As 4h Jh]
Woodie YUL: bets $0.04
Tlymo: folds 
teddymid08: calls $0.04
*** TURN *** [As 4h Jh] [Th]
Woodie YUL: bets $0.10
teddymid08: folds 
Uncalled bet ($0.10) returned to Woodie YUL
Woodie YUL collected $0.19 from pot
Woodie YUL: doesn't show hand 
*** SUMMARY ***
Total pot $0.20 | Rake $0.01 
Board [As 4h Jh Th]
Seat 1: Krokus2864 folded before Flop (didn't bet)
Seat 2: cornnuts4me (button) folded before Flop (didn't bet)
Seat 3: Woodie YUL (small blind) collected ($0.19)
Seat 4: Tlymo (big blind) folded on the Flop
Seat 5: JungleManV folded before Flop (didn't bet)
Seat 6: WWEW232 folded before Flop (didn't bet)
Seat 7: pIay2kiLL folded before Flop (didn't bet)
Seat 8: Dorex2007 folded before Flop (didn't bet)
Seat 9: teddymid08 folded on the Turn



PokerStars Hand #231387928284:  Hold'em No Limit ($0.01/$0.02 USD) - 2021/11/13 20:19:29 PT [2021/11/13 23:19:29 ET]
Table 'Hedwig III' 9-max Seat #3 is the button
Seat 2: cornnuts4me ($1.56 in chips) 
Seat 3: Woodie YUL ($3.56 in chips) 
Seat 4: Tlymo ($2 in chips) 
Seat 5: JungleManV ($2 in chips) 
Seat 6: WWEW232 ($2.02 in chips) 
Seat 7: pIay2kiLL ($2 in chips) 
Seat 8: Dorex2007 ($2.47 in chips) 
Seat 9: teddymid08 ($2.60 in chips) 
Tlymo: posts small blind $0.01
JungleManV: posts big blind $0.02
*** HOLE CARDS ***
Dealt to Dorex2007 [Js Jd]
WWEW232: folds 
pIay2kiLL: folds 
Dorex2007: calls $0.02
teddymid08: calls $0.02
cornnuts4me: folds 
Woodie YUL: calls $0.02
Tlymo: raises $0.06 to $0.08
JungleManV: folds 
Dorex2007: raises $2.39 to $2.47 and is all-in
teddymid08: folds 
Woodie YUL: folds 
Tlymo: folds 
Uncalled bet ($2.39) returned to Dorex2007
Dorex2007 collected $0.22 from pot
Dorex2007: doesn't show hand 
*** SUMMARY ***
Total pot $0.22 | Rake $0 
Seat 2: cornnuts4me folded before Flop (didn't bet)
Seat 3: Woodie YUL (button) folded before Flop
Seat 4: Tlymo (small blind) folded before Flop
Seat 5: JungleManV (big blind) folded before Flop
Seat 6: WWEW232 folded before Flop (didn't bet)
Seat 7: pIay2kiLL folded before Flop (didn't bet)
Seat 8: Dorex2007 collected ($0.22)
Seat 9: teddymid08 folded before Flop



PokerStars Hand #231387938442:  Hold'em No Limit ($0.01/$0.02 USD) - 2021/11/13 20:20:25 PT [2021/11/13 23:20:25 ET]
Table 'Hedwig III' 9-max Seat #4 is the button
Seat 2: cornnuts4me ($1.56 in chips) 
Seat 3: Woodie YUL ($3.54 in chips) 
Seat 4: Tlymo ($2 in chips) 
Seat 5: JungleManV ($2 in chips) 
Seat 6: WWEW232 ($2.02 in chips) 
Seat 7: pIay2kiLL ($2 in chips) 
Seat 8: Dorex2007 ($2.61 in chips) 
Seat 9: teddymid08 ($2.58 in chips) 
JungleManV: posts small blind $0.01
WWEW232: posts big blind $0.02
*** HOLE CARDS ***
Dealt to Dorex2007 [3d 7c]
pIay2kiLL: folds 
Dorex2007: folds 
teddymid08: folds 
cornnuts4me: folds 
Woodie YUL: folds 
Tlymo: folds 
JungleManV: raises $0.03 to $0.05
WWEW232: calls $0.03
*** FLOP *** [Ah 2c 3h]
JungleManV: bets $0.06
WWEW232: folds 
Uncalled bet ($0.06) returned to JungleManV
JungleManV collected $0.10 from pot
JungleManV: doesn't show hand 
*** SUMMARY ***
Total pot $0.10 | Rake $0 
Board [Ah 2c 3h]
Seat 2: cornnuts4me folded before Flop (didn't bet)
Seat 3: Woodie YUL folded before Flop (didn't bet)
Seat 4: Tlymo (button) folded before Flop (didn't bet)
Seat 5: JungleManV (small blind) collected ($0.10)
Seat 6: WWEW232 (big blind) folded on the Flop
Seat 7: pIay2kiLL folded before Flop (didn't bet)
Seat 8: Dorex2007 folded before Flop (didn't bet)
Seat 9: teddymid08 folded before Flop (didn't bet)



PokerStars Hand #231387953148:  Hold'em No Limit ($0.01/$0.02 USD) - 2021/11/13 20:21:02 PT [2021/11/13 23:21:02 ET]
Table 'Hedwig III' 9-max Seat #5 is the button
Seat 2: cornnuts4me ($1.56 in chips) 
Seat 3: Woodie YUL ($3.54 in chips) 
Seat 4: Tlymo ($2 in chips) 
Seat 5: JungleManV ($2.05 in chips) 
Seat 6: WWEW232 ($1.97 in chips) 
Seat 7: pIay2kiLL ($2 in chips) 
Seat 8: Dorex2007 ($2.61 in chips) 
Seat 9: teddymid08 ($2.58 in chips) 
WWEW232: posts small blind $0.01
pIay2kiLL: posts big blind $0.02
*** HOLE CARDS ***
Dealt to Dorex2007 [Td 4h]
Dorex2007: folds 
teddymid08: raises $0.04 to $0.06
cornnuts4me: folds 
Woodie YUL: folds 
Tlymo: folds 
JungleManV: folds 
WWEW232: calls $0.05
pIay2kiLL: raises $0.22 to $0.28
teddymid08: calls $0.22
WWEW232: folds 
*** FLOP *** [Jc 9h Ad]
pIay2kiLL: bets $0.30
teddymid08: calls $0.30
*** TURN *** [Jc 9h Ad] [Kc]
pIay2kiLL: bets $0.59
teddymid08: calls $0.59
*** RIVER *** [Jc 9h Ad Kc] [4c]
pIay2kiLL: bets $0.83 and is all-in
teddymid08: calls $0.83
*** SHOW DOWN ***
pIay2kiLL: shows [Ah Qs] (a pair of Aces)
teddymid08: shows [As Qd] (a pair of Aces)
pIay2kiLL collected $1.96 from pot
teddymid08 collected $1.96 from pot
*** SUMMARY ***
Total pot $4.06 | Rake $0.14 
Board [Jc 9h Ad Kc 4c]
Seat 2: cornnuts4me folded before Flop (didn't bet)
Seat 3: Woodie YUL folded before Flop (didn't bet)
Seat 4: Tlymo folded before Flop (didn't bet)
Seat 5: JungleManV (button) folded before Flop (didn't bet)
Seat 6: WWEW232 (small blind) folded before Flop
Seat 7: pIay2kiLL (big blind) showed [Ah Qs] and won ($1.96) with a pair of Aces
Seat 8: Dorex2007 folded before Flop (didn't bet)
Seat 9: teddymid08 showed [As Qd] and won ($1.96) with a pair of Aces



PokerStars Hand #231387973944:  Hold'em No Limit ($0.01/$0.02 USD) - 2021/11/13 20:22:13 PT [2021/11/13 23:22:13 ET]
Table 'Hedwig III' 9-max Seat #6 is the button
Seat 2: cornnuts4me ($1.56 in chips) 
Seat 3: Woodie YUL ($3.54 in chips) 
Seat 4: Tlymo ($2 in chips) 
Seat 5: JungleManV ($2.05 in chips) 
Seat 6: WWEW232 ($1.91 in chips) 
Seat 7: pIay2kiLL ($2 in chips) 
Seat 8: Dorex2007 ($2.61 in chips) 
Seat 9: teddymid08 ($2.54 in chips) 
pIay2kiLL: posts small blind $0.01
Dorex2007: posts big blind $0.02
*** HOLE CARDS ***
Dealt to Dorex2007 [4c 3s]
teddymid08: raises $0.04 to $0.06
cornnuts4me: folds 
Woodie YUL: folds 
Tlymo: folds 
JungleManV: folds 
WWEW232: calls $0.06
pIay2kiLL: folds 
Dorex2007: folds 
*** FLOP *** [2c 5c 2d]
teddymid08: bets $0.07
WWEW232: calls $0.07
*** TURN *** [2c 5c 2d] [Ac]
teddymid08: checks 
WWEW232: bets $0.14
teddymid08: calls $0.14
*** RIVER *** [2c 5c 2d Ac] [Ks]
teddymid08: checks 
WWEW232: bets $0.55
teddymid08: folds 
Uncalled bet ($0.55) returned to WWEW232
WWEW232 collected $0.55 from pot
WWEW232: doesn't show hand 
*** SUMMARY ***
Total pot $0.57 | Rake $0.02 
Board [2c 5c 2d Ac Ks]
Seat 2: cornnuts4me folded before Flop (didn't bet)
Seat 3: Woodie YUL folded before Flop (didn't bet)
Seat 4: Tlymo folded before Flop (didn't bet)
Seat 5: JungleManV folded before Flop (didn't bet)
Seat 6: WWEW232 (button) collected ($0.55)
Seat 7: pIay2kiLL (small blind) folded before Flop
Seat 8: Dorex2007 (big blind) folded before Flop
Seat 9: teddymid08 folded on the River



PokerStars Hand #231387984946:  Hold'em No Limit ($0.01/$0.02 USD) - 2021/11/13 20:23:14 PT [2021/11/13 23:23:14 ET]
Table 'Hedwig III' 9-max Seat #7 is the button
Seat 1: Krokus2864 ($2.25 in chips) 
Seat 2: cornnuts4me ($1.56 in chips) 
Seat 3: Woodie YUL ($3.54 in chips) 
Seat 4: Tlymo ($2 in chips) 
Seat 5: JungleManV ($2.05 in chips) 
Seat 6: WWEW232 ($2.19 in chips) 
Seat 7: pIay2kiLL ($2 in chips) 
Seat 8: Dorex2007 ($2.59 in chips) 
Seat 9: teddymid08 ($2.27 in chips) 
Dorex2007: posts small blind $0.01
teddymid08: posts big blind $0.02
*** HOLE CARDS ***
Dealt to Dorex2007 [6c Jh]
Krokus2864: folds 
cornnuts4me: folds 
Woodie YUL: folds 
Tlymo: raises $0.04 to $0.06
JungleManV: folds 
WWEW232: folds 
pIay2kiLL: raises $0.12 to $0.18
Dorex2007: folds 
teddymid08: calls $0.16
Tlymo: calls $0.12
*** FLOP *** [7h 3c 4h]
teddymid08: checks 
Tlymo: checks 
pIay2kiLL: checks 
*** TURN *** [7h 3c 4h] [9h]
teddymid08: checks 
Tlymo: bets $0.28
pIay2kiLL: folds 
teddymid08: folds 
Uncalled bet ($0.28) returned to Tlymo
Tlymo collected $0.53 from pot
Tlymo: doesn't show hand 
*** SUMMARY ***
Total pot $0.55 | Rake $0.02 
Board [7h 3c 4h 9h]
Seat 1: Krokus2864 folded before Flop (didn't bet)
Seat 2: cornnuts4me folded before Flop (didn't bet)
Seat 3: Woodie YUL folded before Flop (didn't bet)
Seat 4: Tlymo collected ($0.53)
Seat 5: JungleManV folded before Flop (didn't bet)
Seat 6: WWEW232 folded before Flop (didn't bet)
Seat 7: pIay2kiLL (button) folded on the Turn
Seat 8: Dorex2007 (small blind) folded before Flop
Seat 9: teddymid08 (big blind) folded on the Turn



PokerStars Hand #231387997080:  Hold'em No Limit ($0.01/$0.02 USD) - 2021/11/13 20:24:22 PT [2021/11/13 23:24:22 ET]
Table 'Hedwig III' 9-max Seat #8 is the button
Seat 1: Krokus2864 ($2.25 in chips) 
Seat 2: cornnuts4me ($1.56 in chips) 
Seat 3: Woodie YUL ($3.54 in chips) 
Seat 4: Tlymo ($2.35 in chips) 
Seat 5: JungleManV ($2.05 in chips) 
Seat 6: WWEW232 ($2.19 in chips) 
Seat 7: pIay2kiLL ($2 in chips) 
Seat 8: Dorex2007 ($2.58 in chips) 
Seat 9: teddymid08 ($2.09 in chips) 
teddymid08: posts small blind $0.01
Krokus2864: posts big blind $0.02
*** HOLE CARDS ***
Dealt to Dorex2007 [Kh 6d]
cornnuts4me: folds 
Woodie YUL: folds 
Tlymo: raises $0.04 to $0.06
JungleManV: folds 
WWEW232: folds 
pIay2kiLL: folds 
Dorex2007: folds 
teddymid08: folds 
Krokus2864: folds 
Uncalled bet ($0.04) returned to Tlymo
Tlymo collected $0.05 from pot
Tlymo: doesn't show hand 
*** SUMMARY ***
Total pot $0.05 | Rake $0 
Seat 1: Krokus2864 (big blind) folded before Flop
Seat 2: cornnuts4me folded before Flop (didn't bet)
Seat 3: Woodie YUL folded before Flop (didn't bet)
Seat 4: Tlymo collected ($0.05)
Seat 5: JungleManV folded before Flop (didn't bet)
Seat 6: WWEW232 folded before Flop (didn't bet)
Seat 7: pIay2kiLL folded before Flop (didn't bet)
Seat 8: Dorex2007 (button) folded before Flop (didn't bet)
Seat 9: teddymid08 (small blind) folded before Flop



PokerStars Hand #231388001298:  Hold'em No Limit ($0.01/$0.02 USD) - 2021/11/13 20:24:46 PT [2021/11/13 23:24:46 ET]
Table 'Hedwig III' 9-max Seat #9 is the button
Seat 1: Krokus2864 ($2.23 in chips) 
Seat 2: cornnuts4me ($1.56 in chips) 
Seat 3: Woodie YUL ($3.54 in chips) 
Seat 4: Tlymo ($2.38 in chips) 
Seat 5: JungleManV ($2.05 in chips) 
Seat 6: WWEW232 ($2.19 in chips) 
Seat 7: pIay2kiLL ($2 in chips) 
Seat 8: Dorex2007 ($2.58 in chips) 
Seat 9: teddymid08 ($2.08 in chips) 
Krokus2864: posts small blind $0.01
cornnuts4me: posts big blind $0.02
*** HOLE CARDS ***
Dealt to Dorex2007 [5h 2c]
Woodie YUL: raises $0.04 to $0.06
Tlymo: folds 
JungleManV: folds 
WWEW232: calls $0.06
pIay2kiLL: folds 
Dorex2007: folds 
teddymid08: calls $0.06
Krokus2864: folds 
cornnuts4me: folds 
*** FLOP *** [6s 9h 8s]
Woodie YUL: bets $0.15
WWEW232: calls $0.15
teddymid08: folds 
*** TURN *** [6s 9h 8s] [7d]
Woodie YUL: checks 
WWEW232: bets $0.22
Woodie YUL: calls $0.22
*** RIVER *** [6s 9h 8s 7d] [2h]
Woodie YUL: checks 
WWEW232: bets $0.12
Woodie YUL: calls $0.12
*** SHOW DOWN ***
WWEW232: shows [Kc Kd] (a pair of Kings)
Woodie YUL: shows [Kh Ks] (a pair of Kings)
Woodie YUL collected $0.58 from pot
WWEW232 collected $0.57 from pot
*** SUMMARY ***
Total pot $1.19 | Rake $0.04 
Board [6s 9h 8s 7d 2h]
Seat 1: Krokus2864 (small blind) folded before Flop
Seat 2: cornnuts4me (big blind) folded before Flop
Seat 3: Woodie YUL showed [Kh Ks] and won ($0.58) with a pair of Kings
Seat 4: Tlymo folded before Flop (didn't bet)
Seat 5: JungleManV folded before Flop (didn't bet)
Seat 6: WWEW232 showed [Kc Kd] and won ($0.57) with a pair of Kings
Seat 7: pIay2kiLL folded before Flop (didn't bet)
Seat 8: Dorex2007 folded before Flop (didn't bet)
Seat 9: teddymid08 (button) folded on the Flop



PokerStars Hand #231388014035:  Hold'em No Limit ($0.01/$0.02 USD) - 2021/11/13 20:25:57 PT [2021/11/13 23:25:57 ET]
Table 'Hedwig III' 9-max Seat #1 is the button
Seat 1: Krokus2864 ($2.22 in chips) 
Seat 2: cornnuts4me ($1.54 in chips) 
Seat 3: Woodie YUL ($3.57 in chips) 
Seat 4: Tlymo ($2.38 in chips) 
Seat 5: JungleManV ($2.05 in chips) 
Seat 6: WWEW232 ($2.21 in chips) 
Seat 7: pIay2kiLL ($2 in chips) 
Seat 8: Dorex2007 ($2.58 in chips) 
Seat 9: teddymid08 ($2.02 in chips) 
cornnuts4me: posts small blind $0.01
Woodie YUL: posts big blind $0.02
*** HOLE CARDS ***
Dealt to Dorex2007 [6s 6c]
Tlymo: raises $0.04 to $0.06
JungleManV: folds 
WWEW232: folds 
pIay2kiLL: folds 
Dorex2007: folds 
teddymid08: calls $0.06
Krokus2864: folds 
cornnuts4me: folds 
Woodie YUL: calls $0.04
*** FLOP *** [5d 2d 6d]
Woodie YUL: checks 
Tlymo: checks 
teddymid08: checks 
*** TURN *** [5d 2d 6d] [8c]
Woodie YUL: bets $0.09
Tlymo: folds 
teddymid08: calls $0.09
*** RIVER *** [5d 2d 6d 8c] [Ah]
Woodie YUL: bets $0.08
teddymid08: raises $0.08 to $0.16
Woodie YUL: calls $0.08
*** SHOW DOWN ***
teddymid08: shows [As Jh] (a pair of Aces)
Woodie YUL: shows [2s 2c] (three of a kind, Deuces)
Woodie YUL collected $0.67 from pot
*** SUMMARY ***
Total pot $0.69 | Rake $0.02 
Board [5d 2d 6d 8c Ah]
Seat 1: Krokus2864 (button) folded before Flop (didn't bet)
Seat 2: cornnuts4me (small blind) folded before Flop
Seat 3: Woodie YUL (big blind) showed [2s 2c] and won ($0.67) with three of a kind, Deuces
Seat 4: Tlymo folded on the Turn
Seat 5: JungleManV folded before Flop (didn't bet)
Seat 6: WWEW232 folded before Flop (didn't bet)
Seat 7: pIay2kiLL folded before Flop (didn't bet)
Seat 8: Dorex2007 folded before Flop (didn't bet)
Seat 9: teddymid08 showed [As Jh] and lost with a pair of Aces



PokerStars Hand #231388025283:  Hold'em No Limit ($0.01/$0.02 USD) - 2021/11/13 20:26:59 PT [2021/11/13 23:26:59 ET]
Table 'Hedwig III' 9-max Seat #2 is the button
Seat 1: Krokus2864 ($2.22 in chips) 
Seat 2: cornnuts4me ($1.53 in chips) 
Seat 3: Woodie YUL ($3.93 in chips) 
Seat 4: Tlymo ($2.32 in chips) 
Seat 5: JungleManV ($2.05 in chips) 
Seat 6: WWEW232 ($2.21 in chips) 
Seat 7: pIay2kiLL ($2 in chips) 
Seat 8: Dorex2007 ($2.58 in chips) 
Seat 9: teddymid08 ($1.71 in chips) 
Woodie YUL: posts small blind $0.01
Tlymo: posts big blind $0.02
*** HOLE CARDS ***
Dealt to Dorex2007 [Ac 7d]
JungleManV: raises $0.03 to $0.05
WWEW232 has timed out
WWEW232: folds 
pIay2kiLL: folds 
Dorex2007: folds 
teddymid08: raises $0.13 to $0.18
Krokus2864: folds 
cornnuts4me: folds 
Woodie YUL: folds 
Tlymo: folds 
JungleManV: folds 
Uncalled bet ($0.13) returned to teddymid08
teddymid08 collected $0.13 from pot
teddymid08: doesn't show hand 
*** SUMMARY ***
Total pot $0.13 | Rake $0 
Seat 1: Krokus2864 folded before Flop (didn't bet)
Seat 2: cornnuts4me (button) folded before Flop (didn't bet)
Seat 3: Woodie YUL (small blind) folded before Flop
Seat 4: Tlymo (big blind) folded before Flop
Seat 5: JungleManV folded before Flop
Seat 6: WWEW232 folded before Flop (didn't bet)
Seat 7: pIay2kiLL folded before Flop (didn't bet)
Seat 8: Dorex2007 folded before Flop (didn't bet)
Seat 9: teddymid08 collected ($0.13)



PokerStars Hand #231388035233:  Hold'em No Limit ($0.01/$0.02 USD) - 2021/11/13 20:27:54 PT [2021/11/13 23:27:54 ET]
Table 'Hedwig III' 9-max Seat #3 is the button
Seat 1: Krokus2864 ($2.22 in chips) 
Seat 2: cornnuts4me ($1.53 in chips) 
Seat 3: Woodie YUL ($3.92 in chips) 
Seat 4: Tlymo ($2.30 in chips) 
Seat 5: JungleManV ($2 in chips) 
Seat 6: WWEW232 ($2.21 in chips) 
Seat 7: pIay2kiLL ($2 in chips) 
Seat 8: Dorex2007 ($2.58 in chips) 
Seat 9: teddymid08 ($1.79 in chips) 
Tlymo: posts small blind $0.01
JungleManV: posts big blind $0.02
*** HOLE CARDS ***
Dealt to Dorex2007 [2h Tc]
WWEW232: folds 
pIay2kiLL: folds 
Dorex2007: folds 
teddymid08: raises $0.04 to $0.06
Krokus2864: folds 
cornnuts4me: folds 
Woodie YUL: folds 
Tlymo: folds 
JungleManV: folds 
Uncalled bet ($0.04) returned to teddymid08
teddymid08 collected $0.05 from pot
teddymid08: doesn't show hand 
*** SUMMARY ***
Total pot $0.05 | Rake $0 
Seat 1: Krokus2864 folded before Flop (didn't bet)
Seat 2: cornnuts4me folded before Flop (didn't bet)
Seat 3: Woodie YUL (button) folded before Flop (didn't bet)
Seat 4: Tlymo (small blind) folded before Flop
Seat 5: JungleManV (big blind) folded before Flop
Seat 6: WWEW232 folded before Flop (didn't bet)
Seat 7: pIay2kiLL folded before Flop (didn't bet)
Seat 8: Dorex2007 folded before Flop (didn't bet)
Seat 9: teddymid08 collected ($0.05)



PokerStars Hand #231388038546:  Hold'em No Limit ($0.01/$0.02 USD) - 2021/11/13 20:28:12 PT [2021/11/13 23:28:12 ET]
Table 'Hedwig III' 9-max Seat #4 is the button
Seat 1: Krokus2864 ($2.22 in chips) 
Seat 2: cornnuts4me ($1.53 in chips) 
Seat 3: Woodie YUL ($3.92 in chips) 
Seat 4: Tlymo ($2.29 in chips) 
Seat 5: JungleManV ($2 in chips) 
Seat 6: WWEW232 ($2.21 in chips) 
Seat 7: pIay2kiLL ($2 in chips) 
Seat 8: Dorex2007 ($2.58 in chips) 
Seat 9: teddymid08 ($1.82 in chips) 
JungleManV: posts small blind $0.01
WWEW232: posts big blind $0.02
*** HOLE CARDS ***
Dealt to Dorex2007 [9h Ks]
pIay2kiLL: folds 
Dorex2007: folds 
teddymid08: folds 
Krokus2864: folds 
cornnuts4me: raises $0.04 to $0.06
Woodie YUL: folds 
Tlymo: folds 
JungleManV: folds 
WWEW232: folds 
Uncalled bet ($0.04) returned to cornnuts4me
cornnuts4me collected $0.05 from pot
*** SUMMARY ***
Total pot $0.05 | Rake $0 
Seat 1: Krokus2864 folded before Flop (didn't bet)
Seat 2: cornnuts4me collected ($0.05)
Seat 3: Woodie YUL folded before Flop (didn't bet)
Seat 4: Tlymo (button) folded before Flop (didn't bet)
Seat 5: JungleManV (small blind) folded before Flop
Seat 6: WWEW232 (big blind) folded before Flop
Seat 7: pIay2kiLL folded before Flop (didn't bet)
Seat 8: Dorex2007 folded before Flop (didn't bet)
Seat 9: teddymid08 folded before Flop (didn't bet)



PokerStars Hand #231388042227:  Hold'em No Limit ($0.01/$0.02 USD) - 2021/11/13 20:28:32 PT [2021/11/13 23:28:32 ET]
Table 'Hedwig III' 9-max Seat #5 is the button
Seat 1: Krokus2864 ($2.22 in chips) 
Seat 2: cornnuts4me ($1.56 in chips) 
Seat 3: Woodie YUL ($3.92 in chips) 
Seat 4: Tlymo ($2.29 in chips) 
Seat 5: JungleManV ($2 in chips) 
Seat 6: WWEW232 ($2.19 in chips) 
Seat 7: pIay2kiLL ($2 in chips) 
Seat 8: Dorex2007 ($2.58 in chips) 
Seat 9: teddymid08 ($1.82 in chips) 
WWEW232: posts small blind $0.01
pIay2kiLL: posts big blind $0.02
*** HOLE CARDS ***
Dealt to Dorex2007 [5s Kh]
Dorex2007: folds 
teddymid08: folds 
Krokus2864: folds 
cornnuts4me: folds 
Woodie YUL: folds 
Tlymo: folds 
JungleManV: folds 
WWEW232: calls $0.01
pIay2kiLL: checks 
*** FLOP *** [3d Jc 6d]
WWEW232: checks 
pIay2kiLL: checks 
*** TURN *** [3d Jc 6d] [7s]
WWEW232: checks 
pIay2kiLL: checks 
*** RIVER *** [3d Jc 6d 7s] [7d]
WWEW232: checks 
pIay2kiLL: checks 
*** SHOW DOWN ***
WWEW232: shows [5h Th] (a pair of Sevens)
pIay2kiLL: shows [Ad 2s] (a pair of Sevens - Ace kicker)
pIay2kiLL collected $0.04 from pot
*** SUMMARY ***
Total pot $0.04 | Rake $0 
Board [3d Jc 6d 7s 7d]
Seat 1: Krokus2864 folded before Flop (didn't bet)
Seat 2: cornnuts4me folded before Flop (didn't bet)
Seat 3: Woodie YUL folded before Flop (didn't bet)
Seat 4: Tlymo folded before Flop (didn't bet)
Seat 5: JungleManV (button) folded before Flop (didn't bet)
Seat 6: WWEW232 (small blind) showed [5h Th] and lost with a pair of Sevens
Seat 7: pIay2kiLL (big blind) showed [Ad 2s] and won ($0.04) with a pair of Sevens
Seat 8: Dorex2007 folded before Flop (didn't bet)
Seat 9: teddymid08 folded before Flop (didn't bet)



PokerStars Hand #231388052935:  Hold'em No Limit ($0.01/$0.02 USD) - 2021/11/13 20:29:32 PT [2021/11/13 23:29:32 ET]
Table 'Hedwig III' 9-max Seat #6 is the button
Seat 1: Krokus2864 ($2.22 in chips) 
Seat 2: cornnuts4me ($1.56 in chips) 
Seat 3: Woodie YUL ($3.92 in chips) 
Seat 4: Tlymo ($2.29 in chips) 
Seat 5: JungleManV ($2 in chips) 
Seat 6: WWEW232 ($2.17 in chips) 
Seat 7: pIay2kiLL ($2.02 in chips) 
Seat 8: Dorex2007 ($2.58 in chips) 
Seat 9: teddymid08 ($1.82 in chips) 
pIay2kiLL: posts small blind $0.01
Dorex2007: posts big blind $0.02
*** HOLE CARDS ***
Dealt to Dorex2007 [Jd 7d]
teddymid08: raises $0.04 to $0.06
Krokus2864: folds 
cornnuts4me: calls $0.06
Woodie YUL: folds 
Tlymo: calls $0.06
JungleManV: folds 
WWEW232: folds 
pIay2kiLL: folds 
Dorex2007: folds 
*** FLOP *** [8h Qd 9d]
teddymid08: bets $0.10
cornnuts4me: calls $0.10
Tlymo: calls $0.10
*** TURN *** [8h Qd 9d] [Kh]
teddymid08: bets $0.20
cornnuts4me: calls $0.20
Tlymo: folds 
*** RIVER *** [8h Qd 9d Kh] [6c]
teddymid08: bets $0.44
cornnuts4me: calls $0.44
*** SHOW DOWN ***
teddymid08: shows [9s 8s] (two pair, Nines and Eights)
cornnuts4me: shows [Qs Ks] (two pair, Kings and Queens)
cornnuts4me collected $1.73 from pot
*** SUMMARY ***
Total pot $1.79 | Rake $0.06 
Board [8h Qd 9d Kh 6c]
Seat 1: Krokus2864 folded before Flop (didn't bet)
Seat 2: cornnuts4me showed [Qs Ks] and won ($1.73) with two pair, Kings and Queens
Seat 3: Woodie YUL folded before Flop (didn't bet)
Seat 4: Tlymo folded on the Turn
Seat 5: JungleManV folded before Flop (didn't bet)
Seat 6: WWEW232 (button) folded before Flop (didn't bet)
Seat 7: pIay2kiLL (small blind) folded before Flop
Seat 8: Dorex2007 (big blind) folded before Flop
Seat 9: teddymid08 showed [9s 8s] and lost with two pair, Nines and Eights



PokerStars Hand #231388067802:  Hold'em No Limit ($0.01/$0.02 USD) - 2021/11/13 20:30:55 PT [2021/11/13 23:30:55 ET]
Table 'Hedwig III' 9-max Seat #7 is the button
Seat 1: Krokus2864 ($2.22 in chips) 
Seat 2: cornnuts4me ($2.49 in chips) 
Seat 3: Woodie YUL ($3.92 in chips) 
Seat 4: Tlymo ($2.13 in chips) 
Seat 5: JungleManV ($2 in chips) 
Seat 6: WWEW232 ($2.17 in chips) 
Seat 7: pIay2kiLL ($2.01 in chips) 
Seat 8: Dorex2007 ($2.56 in chips) 
Seat 9: teddymid08 ($1.02 in chips) 
Dorex2007: posts small blind $0.01
teddymid08: posts big blind $0.02
*** HOLE CARDS ***
Dealt to Dorex2007 [9c Jd]
Krokus2864: folds 
cornnuts4me: folds 
Woodie YUL: folds 
Tlymo: raises $0.04 to $0.06
JungleManV: folds 
WWEW232: calls $0.06
pIay2kiLL: folds 
Dorex2007: folds 
teddymid08: calls $0.04
*** FLOP *** [6s 7h Kd]
teddymid08: checks 
Tlymo: checks 
WWEW232: bets $0.04
teddymid08: calls $0.04
Tlymo: calls $0.04
*** TURN *** [6s 7h Kd] [9d]
teddymid08: checks 
Tlymo: checks 
WWEW232: bets $0.06
teddymid08: calls $0.06
Tlymo: calls $0.06
*** RIVER *** [6s 7h Kd 9d] [8d]
teddymid08: checks 
Tlymo: checks 
WWEW232: checks 
*** SHOW DOWN ***
teddymid08: shows [3s 8s] (a pair of Eights)
Tlymo: shows [Kh Ts] (a straight, Six to Ten)
WWEW232: mucks hand 
Tlymo collected $0.47 from pot
*** SUMMARY ***
Total pot $0.49 | Rake $0.02 
Board [6s 7h Kd 9d 8d]
Seat 1: Krokus2864 folded before Flop (didn't bet)
Seat 2: cornnuts4me folded before Flop (didn't bet)
Seat 3: Woodie YUL folded before Flop (didn't bet)
Seat 4: Tlymo showed [Kh Ts] and won ($0.47) with a straight, Six to Ten
Seat 5: JungleManV folded before Flop (didn't bet)
Seat 6: WWEW232 mucked [As 3d]
Seat 7: pIay2kiLL (button) folded before Flop (didn't bet)
Seat 8: Dorex2007 (small blind) folded before Flop
Seat 9: teddymid08 (big blind) showed [3s 8s] and lost with a pair of Eights



PokerStars Hand #231388080579:  Hold'em No Limit ($0.01/$0.02 USD) - 2021/11/13 20:32:06 PT [2021/11/13 23:32:06 ET]
Table 'Hedwig III' 9-max Seat #8 is the button
Seat 1: Krokus2864 ($2.22 in chips) 
Seat 2: cornnuts4me ($2.49 in chips) 
Seat 3: Woodie YUL ($3.92 in chips) 
Seat 4: Tlymo ($2.44 in chips) 
Seat 5: JungleManV ($2 in chips) 
Seat 6: WWEW232 ($2.01 in chips) 
Seat 7: pIay2kiLL ($2.01 in chips) 
Seat 8: Dorex2007 ($2.55 in chips) 
Seat 9: teddymid08 ($0.86 in chips) 
teddymid08: posts small blind $0.01
Krokus2864: posts big blind $0.02
*** HOLE CARDS ***
Dealt to Dorex2007 [2c Ac]
cornnuts4me: folds 
Woodie YUL: folds 
Tlymo: raises $0.04 to $0.06
JungleManV: folds 
WWEW232: folds 
pIay2kiLL: folds 
Dorex2007: folds 
teddymid08: raises $0.12 to $0.18
Krokus2864: folds 
Tlymo: folds 
Uncalled bet ($0.12) returned to teddymid08
teddymid08 collected $0.14 from pot
teddymid08: doesn't show hand 
*** SUMMARY ***
Total pot $0.14 | Rake $0 
Seat 1: Krokus2864 (big blind) folded before Flop
Seat 2: cornnuts4me folded before Flop (didn't bet)
Seat 3: Woodie YUL folded before Flop (didn't bet)
Seat 4: Tlymo folded before Flop
Seat 5: JungleManV folded before Flop (didn't bet)
Seat 6: WWEW232 folded before Flop (didn't bet)
Seat 7: pIay2kiLL folded before Flop (didn't bet)
Seat 8: Dorex2007 (button) folded before Flop (didn't bet)
Seat 9: teddymid08 (small blind) collected ($0.14)



PokerStars Hand #231388086693:  Hold'em No Limit ($0.01/$0.02 USD) - 2021/11/13 20:32:41 PT [2021/11/13 23:32:41 ET]
Table 'Hedwig III' 9-max Seat #9 is the button
Seat 1: Krokus2864 ($2.20 in chips) 
Seat 2: cornnuts4me ($2.49 in chips) 
Seat 3: Woodie YUL ($3.92 in chips) 
Seat 4: Tlymo ($2.38 in chips) 
Seat 5: JungleManV ($2 in chips) 
Seat 6: WWEW232 ($2.01 in chips) 
Seat 7: pIay2kiLL ($2.01 in chips) 
Seat 8: Dorex2007 ($2.55 in chips) 
Seat 9: teddymid08 ($0.94 in chips) 
Krokus2864: posts small blind $0.01
cornnuts4me: posts big blind $0.02
*** HOLE CARDS ***
Dealt to Dorex2007 [8s 8c]
Woodie YUL: folds 
Tlymo: folds 
JungleManV: folds 
WWEW232: folds 
pIay2kiLL: raises $0.04 to $0.06
Dorex2007: calls $0.06
teddymid08: folds 
Krokus2864: folds 
cornnuts4me: folds 
*** FLOP *** [9c 3d 6c]
pIay2kiLL: bets $0.10
Dorex2007: raises $0.14 to $0.24
pIay2kiLL: raises $1.71 to $1.95 and is all-in
Dorex2007: calls $1.71
*** TURN *** [9c 3d 6c] [9h]
*** RIVER *** [9c 3d 6c 9h] [3h]
*** SHOW DOWN ***
pIay2kiLL: shows [Tc Td] (two pair, Tens and Nines)
Dorex2007: shows [8s 8c] (two pair, Nines and Eights)
pIay2kiLL cashed out the hand for $3.48 | Cash Out Fee $0.04
*** SUMMARY ***
Total pot $4.05 | Rake $0.14 
Board [9c 3d 6c 9h 3h]
Seat 1: Krokus2864 (small blind) folded before Flop
Seat 2: cornnuts4me (big blind) folded before Flop
Seat 3: Woodie YUL folded before Flop (didn't bet)
Seat 4: Tlymo folded before Flop (didn't bet)
Seat 5: JungleManV folded before Flop (didn't bet)
Seat 6: WWEW232 folded before Flop (didn't bet)
Seat 7: pIay2kiLL showed [Tc Td] and won ($3.91) with two pair, Tens and Nines (pot not awarded as player cashed out)
Seat 8: Dorex2007 showed [8s 8c] and lost with two pair, Nines and Eights
Seat 9: teddymid08 (button) folded before Flop (didn't bet)



PokerStars Hand #231388103469:  Hold'em No Limit ($0.01/$0.02 USD) - 2021/11/13 20:34:15 PT [2021/11/13 23:34:15 ET]
Table 'Hedwig III' 9-max Seat #1 is the button
Seat 1: Krokus2864 ($2.19 in chips) 
Seat 2: cornnuts4me ($2.47 in chips) 
Seat 3: Woodie YUL ($3.92 in chips) 
Seat 4: Tlymo ($2.38 in chips) 
Seat 5: JungleManV ($2 in chips) 
Seat 6: WWEW232 ($2.01 in chips) 
Seat 7: pIay2kiLL ($3.48 in chips) 
Seat 8: Dorex2007 ($2 in chips) 
Seat 9: teddymid08 ($0.94 in chips) 
cornnuts4me: posts small blind $0.01
Woodie YUL: posts big blind $0.02
*** HOLE CARDS ***
Dealt to Dorex2007 [Tc 5c]
Tlymo: folds 
JungleManV: folds 
WWEW232: folds 
pIay2kiLL: folds 
Dorex2007: folds 
teddymid08: raises $0.02 to $0.04
Krokus2864: calls $0.04
cornnuts4me: calls $0.03
Woodie YUL: folds 
*** FLOP *** [4s 9c 3h]
cornnuts4me: checks 
teddymid08: checks 
Krokus2864: checks 
*** TURN *** [4s 9c 3h] [6d]
cornnuts4me: checks 
teddymid08: bets $0.07
Krokus2864: calls $0.07
cornnuts4me: folds 
*** RIVER *** [4s 9c 3h 6d] [5s]
teddymid08: bets $0.13
Krokus2864: calls $0.13
*** SHOW DOWN ***
teddymid08: shows [3s 2d] (a straight, Deuce to Six)
Krokus2864: mucks hand 
teddymid08 collected $0.52 from pot
*** SUMMARY ***
Total pot $0.54 | Rake $0.02 
Board [4s 9c 3h 6d 5s]
Seat 1: Krokus2864 (button) mucked [8h 8d]
Seat 2: cornnuts4me (small blind) folded on the Turn
Seat 3: Woodie YUL (big blind) folded before Flop
Seat 4: Tlymo folded before Flop (didn't bet)
Seat 5: JungleManV folded before Flop (didn't bet)
Seat 6: WWEW232 folded before Flop (didn't bet)
Seat 7: pIay2kiLL folded before Flop (didn't bet)
Seat 8: Dorex2007 folded before Flop (didn't bet)
Seat 9: teddymid08 showed [3s 2d] and won ($0.52) with a straight, Deuce to Six



PokerStars Hand #231388114068:  Hold'em No Limit ($0.01/$0.02 USD) - 2021/11/13 20:35:15 PT [2021/11/13 23:35:15 ET]
Table 'Hedwig III' 9-max Seat #2 is the button
Seat 1: Krokus2864 ($2 in chips) 
Seat 2: cornnuts4me ($2.43 in chips) 
Seat 3: Woodie YUL ($3.90 in chips) 
Seat 4: Tlymo ($2.38 in chips) 
Seat 5: JungleManV ($2 in chips) 
Seat 6: WWEW232 ($2.01 in chips) 
Seat 7: pIay2kiLL ($3.48 in chips) 
Seat 8: Dorex2007 ($2 in chips) 
Seat 9: teddymid08 ($1.22 in chips) 
Woodie YUL: posts small blind $0.01
Tlymo: posts big blind $0.02
*** HOLE CARDS ***
Dealt to Dorex2007 [Ts Jh]
JungleManV: folds 
WWEW232: calls $0.02
pIay2kiLL: raises $0.06 to $0.08
Dorex2007: folds 
teddymid08: folds 
Krokus2864: folds 
cornnuts4me: folds 
Woodie YUL: calls $0.07
Tlymo: folds 
WWEW232: calls $0.06
*** FLOP *** [7h 7d 6c]
Woodie YUL: checks 
WWEW232: checks 
pIay2kiLL: checks 
*** TURN *** [7h 7d 6c] [3s]
Woodie YUL: bets $0.19
WWEW232: folds 
pIay2kiLL: folds 
Uncalled bet ($0.19) returned to Woodie YUL
Woodie YUL collected $0.25 from pot
Woodie YUL: doesn't show hand 
*** SUMMARY ***
Total pot $0.26 | Rake $0.01 
Board [7h 7d 6c 3s]
Seat 1: Krokus2864 folded before Flop (didn't bet)
Seat 2: cornnuts4me (button) folded before Flop (didn't bet)
Seat 3: Woodie YUL (small blind) collected ($0.25)
Seat 4: Tlymo (big blind) folded before Flop
Seat 5: JungleManV folded before Flop (didn't bet)
Seat 6: WWEW232 folded on the Turn
Seat 7: pIay2kiLL folded on the Turn
Seat 8: Dorex2007 folded before Flop (didn't bet)
Seat 9: teddymid08 folded before Flop (didn't bet)



PokerStars Hand #231388125215:  Hold'em No Limit ($0.01/$0.02 USD) - 2021/11/13 20:36:18 PT [2021/11/13 23:36:18 ET]
Table 'Hedwig III' 9-max Seat #3 is the button
Seat 1: Krokus2864 ($2 in chips) 
Seat 2: cornnuts4me ($2.43 in chips) 
Seat 3: Woodie YUL ($4.07 in chips) 
Seat 4: Tlymo ($2.36 in chips) 
Seat 5: JungleManV ($2 in chips) 
Seat 6: WWEW232 ($1.93 in chips) 
Seat 7: pIay2kiLL ($3.40 in chips) 
Seat 8: Dorex2007 ($2 in chips) 
Seat 9: teddymid08 ($1.22 in chips) 
Tlymo: posts small blind $0.01
JungleManV: posts big blind $0.02
*** HOLE CARDS ***
Dealt to Dorex2007 [6h Ah]
WWEW232: folds 
pIay2kiLL: folds 
Dorex2007: calls $0.02
teddymid08: calls $0.02
WWEW232 leaves the table
Krokus2864: folds 
cornnuts4me: calls $0.02
Woodie YUL: calls $0.02
Tlymo: folds 
Lagloire joins the table at seat #6 
JungleManV: checks 
*** FLOP *** [2h Qd 7d]
JungleManV: checks 
Dorex2007: checks 
teddymid08: checks 
cornnuts4me: checks 
Woodie YUL: checks 
*** TURN *** [2h Qd 7d] [5d]
JungleManV: bets $0.07
Dorex2007: folds 
teddymid08: calls $0.07
cornnuts4me: folds 
Woodie YUL: calls $0.07
*** RIVER *** [2h Qd 7d 5d] [Qs]
JungleManV: checks 
teddymid08: bets $0.15
Woodie YUL: folds 
JungleManV: folds 
Uncalled bet ($0.15) returned to teddymid08
teddymid08 collected $0.31 from pot
teddymid08: doesn't show hand 
*** SUMMARY ***
Total pot $0.32 | Rake $0.01 
Board [2h Qd 7d 5d Qs]
Seat 1: Krokus2864 folded before Flop (didn't bet)
Seat 2: cornnuts4me folded on the Turn
Seat 3: Woodie YUL (button) folded on the River
Seat 4: Tlymo (small blind) folded before Flop
Seat 5: JungleManV (big blind) folded on the River
Seat 6: WWEW232 folded before Flop (didn't bet)
Seat 7: pIay2kiLL folded before Flop (didn't bet)
Seat 8: Dorex2007 folded on the Turn
Seat 9: teddymid08 collected ($0.31)



PokerStars Hand #231388137915:  Hold'em No Limit ($0.01/$0.02 USD) - 2021/11/13 20:37:30 PT [2021/11/13 23:37:30 ET]
Table 'Hedwig III' 9-max Seat #4 is the button
Seat 1: Krokus2864 ($2 in chips) 
Seat 2: cornnuts4me ($2.41 in chips) 
Seat 3: Woodie YUL ($3.98 in chips) 
Seat 4: Tlymo ($2.35 in chips) 
Seat 5: JungleManV ($2 in chips) 
Seat 6: Lagloire ($1.60 in chips) 
Seat 7: pIay2kiLL ($3.40 in chips) 
Seat 8: Dorex2007 ($2 in chips) 
Seat 9: teddymid08 ($1.44 in chips) 
JungleManV: posts small blind $0.01
Lagloire: posts big blind $0.02
*** HOLE CARDS ***
Dealt to Dorex2007 [2d Qs]
pIay2kiLL: folds 
Dorex2007: folds 
teddymid08: folds 
Krokus2864: folds 
cornnuts4me: folds 
Woodie YUL: raises $0.04 to $0.06
Tlymo: folds 
JungleManV: folds 
Lagloire: folds 
Uncalled bet ($0.04) returned to Woodie YUL
Woodie YUL collected $0.05 from pot
Woodie YUL: doesn't show hand 
*** SUMMARY ***
Total pot $0.05 | Rake $0 
Seat 1: Krokus2864 folded before Flop (didn't bet)
Seat 2: cornnuts4me folded before Flop (didn't bet)
Seat 3: Woodie YUL collected ($0.05)
Seat 4: Tlymo (button) folded before Flop (didn't bet)
Seat 5: JungleManV (small blind) folded before Flop
Seat 6: Lagloire (big blind) folded before Flop
Seat 7: pIay2kiLL folded before Flop (didn't bet)
Seat 8: Dorex2007 folded before Flop (didn't bet)
Seat 9: teddymid08 folded before Flop (didn't bet)



PokerStars Hand #231388140861:  Hold'em No Limit ($0.01/$0.02 USD) - 2021/11/13 20:37:47 PT [2021/11/13 23:37:47 ET]
Table 'Hedwig III' 9-max Seat #5 is the button
Seat 1: Krokus2864 ($2 in chips) 
Seat 2: cornnuts4me ($2.41 in chips) 
Seat 3: Woodie YUL ($4.01 in chips) 
Seat 4: Tlymo ($2.35 in chips) 
Seat 5: JungleManV ($2 in chips) 
Seat 6: Lagloire ($1.58 in chips) 
Seat 7: pIay2kiLL ($3.40 in chips) 
Seat 8: Dorex2007 ($2 in chips) 
Seat 9: teddymid08 ($1.44 in chips) 
Lagloire: posts small blind $0.01
pIay2kiLL: posts big blind $0.02
*** HOLE CARDS ***
Dealt to Dorex2007 [6s Jc]
Dorex2007: folds 
teddymid08: folds 
Krokus2864: folds 
cornnuts4me: calls $0.02
Woodie YUL: raises $0.06 to $0.08
Tlymo: folds 
JungleManV: folds 
Lagloire: folds 
pIay2kiLL: folds 
cornnuts4me: calls $0.06
*** FLOP *** [4c 8c Ts]
cornnuts4me: checks 
Woodie YUL: bets $0.14
cornnuts4me: calls $0.14
*** TURN *** [4c 8c Ts] [8s]
cornnuts4me: checks 
Woodie YUL: checks 
*** RIVER *** [4c 8c Ts 8s] [3h]
cornnuts4me: bets $0.22
Woodie YUL: calls $0.22
*** SHOW DOWN ***
cornnuts4me: shows [8d 7d] (three of a kind, Eights)
Woodie YUL: mucks hand 
cornnuts4me collected $0.88 from pot
*** SUMMARY ***
Total pot $0.91 | Rake $0.03 
Board [4c 8c Ts 8s 3h]
Seat 1: Krokus2864 folded before Flop (didn't bet)
Seat 2: cornnuts4me showed [8d 7d] and won ($0.88) with three of a kind, Eights
Seat 3: Woodie YUL mucked [5s 5d]
Seat 4: Tlymo folded before Flop (didn't bet)
Seat 5: JungleManV (button) folded before Flop (didn't bet)
Seat 6: Lagloire (small blind) folded before Flop
Seat 7: pIay2kiLL (big blind) folded before Flop
Seat 8: Dorex2007 folded before Flop (didn't bet)
Seat 9: teddymid08 folded before Flop (didn't bet)



PokerStars Hand #231388151793:  Hold'em No Limit ($0.01/$0.02 USD) - 2021/11/13 20:38:50 PT [2021/11/13 23:38:50 ET]
Table 'Hedwig III' 9-max Seat #6 is the button
Seat 1: Krokus2864 ($2 in chips) 
Seat 2: cornnuts4me ($2.85 in chips) 
Seat 3: Woodie YUL ($3.57 in chips) 
Seat 4: Tlymo ($2.35 in chips) 
Seat 5: JungleManV ($2 in chips) 
Seat 6: Lagloire ($1.57 in chips) 
Seat 7: pIay2kiLL ($3.38 in chips) 
Seat 8: Dorex2007 ($2 in chips) 
Seat 9: teddymid08 ($1.44 in chips) 
pIay2kiLL: posts small blind $0.01
Dorex2007: posts big blind $0.02
*** HOLE CARDS ***
Dealt to Dorex2007 [4h 7h]
teddymid08: raises $0.04 to $0.06
Krokus2864: folds 
cornnuts4me: calls $0.06
Woodie YUL: folds 
Tlymo: folds 
JungleManV: folds 
Lagloire: folds 
pIay2kiLL: folds 
Dorex2007: folds 
*** FLOP *** [9h 7d Jc]
teddymid08: bets $0.07
cornnuts4me: calls $0.07
*** TURN *** [9h 7d Jc] [Qc]
teddymid08: bets $0.12
cornnuts4me: calls $0.12
*** RIVER *** [9h 7d Jc Qc] [Tc]
teddymid08: checks 
cornnuts4me: bets $0.25
teddymid08: calls $0.25
*** SHOW DOWN ***
cornnuts4me: shows [Td Ts] (three of a kind, Tens)
teddymid08: shows [Js 8s] (a straight, Eight to Queen)
teddymid08 collected $0.99 from pot
*** SUMMARY ***
Total pot $1.03 | Rake $0.04 
Board [9h 7d Jc Qc Tc]
Seat 1: Krokus2864 folded before Flop (didn't bet)
Seat 2: cornnuts4me showed [Td Ts] and lost with three of a kind, Tens
Seat 3: Woodie YUL folded before Flop (didn't bet)
Seat 4: Tlymo folded before Flop (didn't bet)
Seat 5: JungleManV folded before Flop (didn't bet)
Seat 6: Lagloire (button) folded before Flop (didn't bet)
Seat 7: pIay2kiLL (small blind) folded before Flop
Seat 8: Dorex2007 (big blind) folded before Flop
Seat 9: teddymid08 showed [Js 8s] and won ($0.99) with a straight, Eight to Queen



PokerStars Hand #231388161408:  Hold'em No Limit ($0.01/$0.02 USD) - 2021/11/13 20:39:46 PT [2021/11/13 23:39:46 ET]
Table 'Hedwig III' 9-max Seat #7 is the button
Seat 1: Krokus2864 ($2 in chips) 
Seat 2: cornnuts4me ($2.35 in chips) 
Seat 3: Woodie YUL ($3.57 in chips) 
Seat 4: Tlymo ($2.35 in chips) 
Seat 5: JungleManV ($2 in chips) 
Seat 6: Lagloire ($1.57 in chips) 
Seat 7: pIay2kiLL ($3.37 in chips) 
Seat 8: Dorex2007 ($2 in chips) 
Seat 9: teddymid08 ($1.93 in chips) 
Dorex2007: posts small blind $0.01
teddymid08: posts big blind $0.02
*** HOLE CARDS ***
Dealt to Dorex2007 [4h As]
Krokus2864: folds 
cornnuts4me: folds 
Woodie YUL: calls $0.02
Tlymo: raises $0.04 to $0.06
JungleManV: folds 
Lagloire: folds 
pIay2kiLL: folds 
Dorex2007: folds 
teddymid08: folds 
Woodie YUL: calls $0.04
*** FLOP *** [3h 7d Qc]
Woodie YUL: checks 
Tlymo: bets $0.07
Woodie YUL: calls $0.07
*** TURN *** [3h 7d Qc] [5s]
Woodie YUL: checks 
Tlymo: checks 
*** RIVER *** [3h 7d Qc 5s] [Ah]
Woodie YUL: checks 
Tlymo: checks 
*** SHOW DOWN ***
Woodie YUL: shows [Qh Th] (a pair of Queens)
Tlymo: mucks hand 
Woodie YUL collected $0.28 from pot
*** SUMMARY ***
Total pot $0.29 | Rake $0.01 
Board [3h 7d Qc 5s Ah]
Seat 1: Krokus2864 folded before Flop (didn't bet)
Seat 2: cornnuts4me folded before Flop (didn't bet)
Seat 3: Woodie YUL showed [Qh Th] and won ($0.28) with a pair of Queens
Seat 4: Tlymo mucked [Kd Ts]
Seat 5: JungleManV folded before Flop (didn't bet)
Seat 6: Lagloire folded before Flop (didn't bet)
Seat 7: pIay2kiLL (button) folded before Flop (didn't bet)
Seat 8: Dorex2007 (small blind) folded before Flop
Seat 9: teddymid08 (big blind) folded before Flop



PokerStars Hand #231388168971:  Hold'em No Limit ($0.01/$0.02 USD) - 2021/11/13 20:40:29 PT [2021/11/13 23:40:29 ET]
Table 'Hedwig III' 9-max Seat #8 is the button
Seat 1: Krokus2864 ($2 in chips) 
Seat 2: cornnuts4me ($2.35 in chips) 
Seat 3: Woodie YUL ($3.72 in chips) 
Seat 4: Tlymo ($2.22 in chips) 
Seat 5: JungleManV ($2 in chips) 
Seat 6: Lagloire ($1.57 in chips) 
Seat 7: pIay2kiLL ($3.37 in chips) 
Seat 8: Dorex2007 ($2 in chips) 
Seat 9: teddymid08 ($1.91 in chips) 
teddymid08: posts small blind $0.01
Krokus2864: posts big blind $0.02
*** HOLE CARDS ***
Dealt to Dorex2007 [8c 2s]
cornnuts4me: calls $0.02
Woodie YUL: folds 
Tlymo: folds 
JungleManV: folds 
Lagloire: folds 
pIay2kiLL: raises $0.05 to $0.07
Dorex2007: folds 
teddymid08: calls $0.06
Krokus2864: calls $0.05
cornnuts4me: calls $0.05
*** FLOP *** [6c 4h 5c]
teddymid08: checks 
Krokus2864: checks 
cornnuts4me: checks 
pIay2kiLL: bets $0.14
teddymid08: folds 
Krokus2864: raises $1.79 to $1.93 and is all-in
cornnuts4me: folds 
pIay2kiLL: folds 
Uncalled bet ($1.79) returned to Krokus2864
Krokus2864 collected $0.54 from pot
Krokus2864: doesn't show hand 
*** SUMMARY ***
Total pot $0.56 | Rake $0.02 
Board [6c 4h 5c]
Seat 1: Krokus2864 (big blind) collected ($0.54)
Seat 2: cornnuts4me folded on the Flop
Seat 3: Woodie YUL folded before Flop (didn't bet)
Seat 4: Tlymo folded before Flop (didn't bet)
Seat 5: JungleManV folded before Flop (didn't bet)
Seat 6: Lagloire folded before Flop (didn't bet)
Seat 7: pIay2kiLL folded on the Flop
Seat 8: Dorex2007 (button) folded before Flop (didn't bet)
Seat 9: teddymid08 (small blind) folded on the Flop



PokerStars Hand #231388182393:  Hold'em No Limit ($0.01/$0.02 USD) - 2021/11/13 20:41:47 PT [2021/11/13 23:41:47 ET]
Table 'Hedwig III' 9-max Seat #9 is the button
Seat 1: Krokus2864 ($2.33 in chips) 
Seat 2: cornnuts4me ($2.28 in chips) 
Seat 3: Woodie YUL ($3.72 in chips) 
Seat 4: Tlymo ($2.22 in chips) 
Seat 5: JungleManV ($2 in chips) 
Seat 6: Lagloire ($1.57 in chips) 
Seat 7: pIay2kiLL ($3.16 in chips) 
Seat 8: Dorex2007 ($2 in chips) 
Seat 9: teddymid08 ($1.84 in chips) 
Krokus2864: posts small blind $0.01
cornnuts4me: posts big blind $0.02
*** HOLE CARDS ***
Dealt to Dorex2007 [Ad 2s]
Woodie YUL: calls $0.02
Tlymo: folds 
JungleManV: folds 
Lagloire: folds 
pIay2kiLL: folds 
Dorex2007: folds 
teddymid08: calls $0.02
Krokus2864: folds 
cornnuts4me: checks 
*** FLOP *** [Jh 8d 7c]
cornnuts4me: checks 
Woodie YUL: checks 
teddymid08: checks 
*** TURN *** [Jh 8d 7c] [4d]
cornnuts4me: bets $0.07
Krokus2864 leaves the table
Woodie YUL: calls $0.07
teddymid08: calls $0.07
*** RIVER *** [Jh 8d 7c 4d] [Qc]
cornnuts4me: checks 
Woodie YUL: checks 
Hboy13 joins the table at seat #1 
teddymid08: checks 
*** SHOW DOWN ***
cornnuts4me: shows [9c Jc] (a pair of Jacks)
Woodie YUL: mucks hand 
teddymid08: mucks hand 
cornnuts4me collected $0.27 from pot
*** SUMMARY ***
Total pot $0.28 | Rake $0.01 
Board [Jh 8d 7c 4d Qc]
Seat 1: Krokus2864 (small blind) folded before Flop
Seat 2: cornnuts4me (big blind) showed [9c Jc] and won ($0.27) with a pair of Jacks
Seat 3: Woodie YUL mucked [Ah 8h]
Seat 4: Tlymo folded before Flop (didn't bet)
Seat 5: JungleManV folded before Flop (didn't bet)
Seat 6: Lagloire folded before Flop (didn't bet)
Seat 7: pIay2kiLL folded before Flop (didn't bet)
Seat 8: Dorex2007 folded before Flop (didn't bet)
Seat 9: teddymid08 (button) mucked [7d 2d]



PokerStars Hand #231388193644:  Hold'em No Limit ($0.01/$0.02 USD) - 2021/11/13 20:42:52 PT [2021/11/13 23:42:52 ET]
Table 'Hedwig III' 9-max Seat #2 is the button
Seat 2: cornnuts4me ($2.46 in chips) 
Seat 3: Woodie YUL ($3.63 in chips) 
Seat 4: Tlymo ($2.22 in chips) 
Seat 5: JungleManV ($2 in chips) 
Seat 6: Lagloire ($1.57 in chips) 
Seat 7: pIay2kiLL ($3.16 in chips) 
Seat 8: Dorex2007 ($2 in chips) 
Seat 9: teddymid08 ($1.75 in chips) 
Woodie YUL: posts small blind $0.01
Tlymo: posts big blind $0.02
Hboy13: sits out 
*** HOLE CARDS ***
Dealt to Dorex2007 [Qc 9s]
JungleManV: folds 
Lagloire: folds 
pIay2kiLL: folds 
Dorex2007: folds 
teddymid08: raises $0.04 to $0.06
cornnuts4me: folds 
Woodie YUL: folds 
Tlymo: folds 
Uncalled bet ($0.04) returned to teddymid08
teddymid08 collected $0.05 from pot
teddymid08: doesn't show hand 
*** SUMMARY ***
Total pot $0.05 | Rake $0 
Seat 2: cornnuts4me (button) folded before Flop (didn't bet)
Seat 3: Woodie YUL (small blind) folded before Flop
Seat 4: Tlymo (big blind) folded before Flop
Seat 5: JungleManV folded before Flop (didn't bet)
Seat 6: Lagloire folded before Flop (didn't bet)
Seat 7: pIay2kiLL folded before Flop (didn't bet)
Seat 8: Dorex2007 folded before Flop (didn't bet)
Seat 9: teddymid08 collected ($0.05)



PokerStars Hand #231388197435:  Hold'em No Limit ($0.01/$0.02 USD) - 2021/11/13 20:43:14 PT [2021/11/13 23:43:14 ET]
Table 'Hedwig III' 9-max Seat #3 is the button
Seat 2: cornnuts4me ($2.46 in chips) 
Seat 3: Woodie YUL ($3.62 in chips) 
Seat 4: Tlymo ($2.20 in chips) 
Seat 5: JungleManV ($2 in chips) 
Seat 6: Lagloire ($1.57 in chips) 
Seat 7: pIay2kiLL ($3.16 in chips) 
Seat 8: Dorex2007 ($2 in chips) 
Seat 9: teddymid08 ($1.78 in chips) 
Tlymo: posts small blind $0.01
JungleManV: posts big blind $0.02
Hboy13: sits out 
*** HOLE CARDS ***
Dealt to Dorex2007 [8d Jc]
Lagloire: calls $0.02
pIay2kiLL: folds 
Dorex2007: folds 
teddymid08: folds 
cornnuts4me: raises $0.04 to $0.06
Woodie YUL: calls $0.06
Tlymo: folds 
JungleManV: folds 
Lagloire: calls $0.04
*** FLOP *** [2h 5d Jd]
Lagloire: checks 
cornnuts4me: checks 
Woodie YUL: bets $0.10
Lagloire: folds 
cornnuts4me: folds 
Uncalled bet ($0.10) returned to Woodie YUL
Woodie YUL collected $0.20 from pot
Woodie YUL: doesn't show hand 
*** SUMMARY ***
Total pot $0.21 | Rake $0.01 
Board [2h 5d Jd]
Seat 2: cornnuts4me folded on the Flop
Seat 3: Woodie YUL (button) collected ($0.20)
Seat 4: Tlymo (small blind) folded before Flop
Seat 5: JungleManV (big blind) folded before Flop
Seat 6: Lagloire folded on the Flop
Seat 7: pIay2kiLL folded before Flop (didn't bet)
Seat 8: Dorex2007 folded before Flop (didn't bet)
Seat 9: teddymid08 folded before Flop (didn't bet)



PokerStars Hand #231388211114:  Hold'em No Limit ($0.01/$0.02 USD) - 2021/11/13 20:43:57 PT [2021/11/13 23:43:57 ET]
Table 'Hedwig III' 9-max Seat #4 is the button
Seat 2: cornnuts4me ($2.40 in chips) 
Seat 3: Woodie YUL ($3.76 in chips) 
Seat 4: Tlymo ($2.19 in chips) 
Seat 5: JungleManV ($2 in chips) 
Seat 6: Lagloire ($1.51 in chips) 
Seat 7: pIay2kiLL ($3.16 in chips) 
Seat 8: Dorex2007 ($2 in chips) 
Seat 9: teddymid08 ($1.78 in chips) 
JungleManV: posts small blind $0.01
Lagloire: posts big blind $0.02
Hboy13: sits out 
*** HOLE CARDS ***
Dealt to Dorex2007 [4h Js]
pIay2kiLL: folds 
Dorex2007: folds 
teddymid08: raises $0.04 to $0.06
cornnuts4me: folds 
Woodie YUL: calls $0.06
Tlymo: folds 
JungleManV: folds 
Lagloire: folds 
*** FLOP *** [2d Ts 3s]
teddymid08: checks 
Woodie YUL: checks 
*** TURN *** [2d Ts 3s] [Th]
teddymid08: checks 
Woodie YUL: checks 
*** RIVER *** [2d Ts 3s Th] [Tc]
teddymid08: checks 
Woodie YUL: bets $0.05
teddymid08: folds 
Uncalled bet ($0.05) returned to Woodie YUL
Woodie YUL collected $0.14 from pot
Woodie YUL: doesn't show hand 
*** SUMMARY ***
Total pot $0.15 | Rake $0.01 
Board [2d Ts 3s Th Tc]
Seat 2: cornnuts4me folded before Flop (didn't bet)
Seat 3: Woodie YUL collected ($0.14)
Seat 4: Tlymo (button) folded before Flop (didn't bet)
Seat 5: JungleManV (small blind) folded before Flop
Seat 6: Lagloire (big blind) folded before Flop
Seat 7: pIay2kiLL folded before Flop (didn't bet)
Seat 8: Dorex2007 folded before Flop (didn't bet)
Seat 9: teddymid08 folded on the River



PokerStars Hand #231388220168:  Hold'em No Limit ($0.01/$0.02 USD) - 2021/11/13 20:44:49 PT [2021/11/13 23:44:49 ET]
Table 'Hedwig III' 9-max Seat #5 is the button
Seat 2: cornnuts4me ($2.40 in chips) 
Seat 3: Woodie YUL ($3.84 in chips) 
Seat 4: Tlymo ($2.19 in chips) 
Seat 5: JungleManV ($2 in chips) 
Seat 6: Lagloire ($1.49 in chips) 
Seat 7: pIay2kiLL ($3.16 in chips) 
Seat 8: Dorex2007 ($2 in chips) 
Seat 9: teddymid08 ($1.72 in chips) 
Lagloire: posts small blind $0.01
pIay2kiLL: posts big blind $0.02
Hboy13: sits out 
*** HOLE CARDS ***
Dealt to Dorex2007 [5d Qd]
Dorex2007: folds 
teddymid08: folds 
cornnuts4me: raises $0.04 to $0.06
Woodie YUL: folds 
Tlymo: folds 
JungleManV: calls $0.06
Lagloire: folds 
pIay2kiLL: folds 
*** FLOP *** [7d 4c Ts]
cornnuts4me: checks 
JungleManV: bets $0.08
cornnuts4me: calls $0.08
*** TURN *** [7d 4c Ts] [8d]
cornnuts4me: checks 
JungleManV: bets $0.20
cornnuts4me: raises $0.20 to $0.40
JungleManV: folds 
Uncalled bet ($0.20) returned to cornnuts4me
cornnuts4me collected $0.69 from pot
*** SUMMARY ***
Total pot $0.71 | Rake $0.02 
Board [7d 4c Ts 8d]
Seat 2: cornnuts4me collected ($0.69)
Seat 3: Woodie YUL folded before Flop (didn't bet)
Seat 4: Tlymo folded before Flop (didn't bet)
Seat 5: JungleManV (button) folded on the Turn
Seat 6: Lagloire (small blind) folded before Flop
Seat 7: pIay2kiLL (big blind) folded before Flop
Seat 8: Dorex2007 folded before Flop (didn't bet)
Seat 9: teddymid08 folded before Flop (didn't bet)



PokerStars Hand #231388231903:  Hold'em No Limit ($0.01/$0.02 USD) - 2021/11/13 20:45:57 PT [2021/11/13 23:45:57 ET]
Table 'Hedwig III' 9-max Seat #6 is the button
Seat 2: cornnuts4me ($2.75 in chips) 
Seat 3: Woodie YUL ($3.84 in chips) 
Seat 4: Tlymo ($2.19 in chips) 
Seat 5: JungleManV ($2 in chips) 
Seat 6: Lagloire ($1.48 in chips) 
Seat 7: pIay2kiLL ($3.14 in chips) 
Seat 8: Dorex2007 ($2 in chips) 
Seat 9: teddymid08 ($1.72 in chips) 
pIay2kiLL: posts small blind $0.01
Dorex2007: posts big blind $0.02
Hboy13: sits out 
*** HOLE CARDS ***
Dealt to Dorex2007 [8c Kc]
teddymid08: raises $0.04 to $0.06
cornnuts4me: folds 
Woodie YUL: folds 
Tlymo: calls $0.06
JungleManV: folds 
Lagloire: folds 
pIay2kiLL: folds 
Dorex2007: folds 
*** FLOP *** [9h Qc 3s]
teddymid08: checks 
Tlymo: checks 
*** TURN *** [9h Qc 3s] [Qs]
teddymid08: checks 
Tlymo: checks 
*** RIVER *** [9h Qc 3s Qs] [5d]
teddymid08: checks 
Tlymo: checks 
*** SHOW DOWN ***
teddymid08: shows [Kh Jc] (a pair of Queens)
Tlymo: mucks hand 
teddymid08 collected $0.14 from pot
*** SUMMARY ***
Total pot $0.15 | Rake $0.01 
Board [9h Qc 3s Qs 5d]
Seat 2: cornnuts4me folded before Flop (didn't bet)
Seat 3: Woodie YUL folded before Flop (didn't bet)
Seat 4: Tlymo mucked [Ts 7s]
Seat 5: JungleManV folded before Flop (didn't bet)
Seat 6: Lagloire (button) folded before Flop (didn't bet)
Seat 7: pIay2kiLL (small blind) folded before Flop
Seat 8: Dorex2007 (big blind) folded before Flop
Seat 9: teddymid08 showed [Kh Jc] and won ($0.14) with a pair of Queens



PokerStars Hand #231388240547:  Hold'em No Limit ($0.01/$0.02 USD) - 2021/11/13 20:46:47 PT [2021/11/13 23:46:47 ET]
Table 'Hedwig III' 9-max Seat #7 is the button
Seat 2: cornnuts4me ($2.75 in chips) 
Seat 3: Woodie YUL ($3.84 in chips) 
Seat 4: Tlymo ($2.13 in chips) 
Seat 5: JungleManV ($2 in chips) 
Seat 6: Lagloire ($1.48 in chips) 
Seat 7: pIay2kiLL ($3.13 in chips) 
Seat 8: Dorex2007 ($2 in chips) 
Seat 9: teddymid08 ($1.80 in chips) 
Dorex2007: posts small blind $0.01
teddymid08: posts big blind $0.02
Hboy13: sits out 
*** HOLE CARDS ***
Dealt to Dorex2007 [As 5c]
cornnuts4me: folds 
Woodie YUL: folds 
Tlymo: folds 
JungleManV: raises $0.03 to $0.05
Lagloire: folds 
pIay2kiLL: folds 
Dorex2007: folds 
teddymid08: calls $0.03
*** FLOP *** [2d 8d Ks]
teddymid08: checks 
JungleManV: bets $0.07
teddymid08: calls $0.07
*** TURN *** [2d 8d Ks] [Kc]
teddymid08: checks 
JungleManV: bets $0.16
teddymid08: folds 
Uncalled bet ($0.16) returned to JungleManV
JungleManV collected $0.24 from pot
JungleManV: doesn't show hand 
*** SUMMARY ***
Total pot $0.25 | Rake $0.01 
Board [2d 8d Ks Kc]
Seat 2: cornnuts4me folded before Flop (didn't bet)
Seat 3: Woodie YUL folded before Flop (didn't bet)
Seat 4: Tlymo folded before Flop (didn't bet)
Seat 5: JungleManV collected ($0.24)
Seat 6: Lagloire folded before Flop (didn't bet)
Seat 7: pIay2kiLL (button) folded before Flop (didn't bet)
Seat 8: Dorex2007 (small blind) folded before Flop
Seat 9: teddymid08 (big blind) folded on the Turn



PokerStars Hand #231388248453:  Hold'em No Limit ($0.01/$0.02 USD) - 2021/11/13 20:47:35 PT [2021/11/13 23:47:35 ET]
Table 'Hedwig III' 9-max Seat #8 is the button
Seat 1: Hboy13 ($2 in chips) 
Seat 2: cornnuts4me ($2.75 in chips) 
Seat 3: Woodie YUL ($3.84 in chips) 
Seat 4: Tlymo ($2.13 in chips) 
Seat 5: JungleManV ($2.12 in chips) 
Seat 6: Lagloire ($1.48 in chips) 
Seat 7: pIay2kiLL ($3.13 in chips) 
Seat 8: Dorex2007 ($2 in chips) 
Seat 9: teddymid08 ($1.68 in chips) 
teddymid08: posts small blind $0.01
Hboy13: posts big blind $0.02
*** HOLE CARDS ***
Dealt to Dorex2007 [Qc 9c]
cornnuts4me: folds 
Woodie YUL: folds 
Tlymo: folds 
JungleManV: folds 
Lagloire: folds 
pIay2kiLL: folds 
Dorex2007: folds 
teddymid08: raises $0.02 to $0.04
Hboy13: calls $0.02
*** FLOP *** [Qd 9s 5h]
teddymid08: checks 
Hboy13: bets $0.04
teddymid08: calls $0.04
*** TURN *** [Qd 9s 5h] [Td]
teddymid08: checks 
Hboy13: bets $0.08
teddymid08: calls $0.08
*** RIVER *** [Qd 9s 5h Td] [7c]
teddymid08: checks 
Hboy13: checks 
*** SHOW DOWN ***
teddymid08: shows [2h Jh] (high card Queen)
Hboy13: shows [Th Kd] (a pair of Tens)
Hboy13 collected $0.31 from pot
*** SUMMARY ***
Total pot $0.32 | Rake $0.01 
Board [Qd 9s 5h Td 7c]
Seat 1: Hboy13 (big blind) showed [Th Kd] and won ($0.31) with a pair of Tens
Seat 2: cornnuts4me folded before Flop (didn't bet)
Seat 3: Woodie YUL folded before Flop (didn't bet)
Seat 4: Tlymo folded before Flop (didn't bet)
Seat 5: JungleManV folded before Flop (didn't bet)
Seat 6: Lagloire folded before Flop (didn't bet)
Seat 7: pIay2kiLL folded before Flop (didn't bet)
Seat 8: Dorex2007 (button) folded before Flop (didn't bet)
Seat 9: teddymid08 (small blind) showed [2h Jh] and lost with high card Queen



PokerStars Hand #231388256061:  Hold'em No Limit ($0.01/$0.02 USD) - 2021/11/13 20:48:20 PT [2021/11/13 23:48:20 ET]
Table 'Hedwig III' 9-max Seat #9 is the button
Seat 1: Hboy13 ($2.15 in chips) 
Seat 2: cornnuts4me ($2.75 in chips) 
Seat 3: Woodie YUL ($3.84 in chips) 
Seat 4: Tlymo ($2.13 in chips) 
Seat 5: JungleManV ($2.12 in chips) 
Seat 6: Lagloire ($1.48 in chips) 
Seat 7: pIay2kiLL ($3.13 in chips) 
Seat 8: Dorex2007 ($2 in chips) 
Seat 9: teddymid08 ($1.52 in chips) 
Hboy13: posts small blind $0.01
cornnuts4me: posts big blind $0.02
*** HOLE CARDS ***
Dealt to Dorex2007 [9s 7d]
Woodie YUL: folds 
Tlymo: raises $0.04 to $0.06
JungleManV: folds 
Lagloire: folds 
pIay2kiLL: folds 
Dorex2007: folds 
teddymid08: calls $0.06
Hboy13: folds 
cornnuts4me: folds 
*** FLOP *** [Tc Ac 3h]
Tlymo: bets $0.07
teddymid08: calls $0.07
*** TURN *** [Tc Ac 3h] [7c]
Tlymo: checks 
teddymid08: checks 
*** RIVER *** [Tc Ac 3h 7c] [8s]
Tlymo: checks 
teddymid08: checks 
*** SHOW DOWN ***
Tlymo: shows [Qd Kd] (high card Ace)
teddymid08: shows [Ad 9h] (a pair of Aces)
teddymid08 collected $0.28 from pot
*** SUMMARY ***
Total pot $0.29 | Rake $0.01 
Board [Tc Ac 3h 7c 8s]
Seat 1: Hboy13 (small blind) folded before Flop
Seat 2: cornnuts4me (big blind) folded before Flop
Seat 3: Woodie YUL folded before Flop (didn't bet)
Seat 4: Tlymo showed [Qd Kd] and lost with high card Ace
Seat 5: JungleManV folded before Flop (didn't bet)
Seat 6: Lagloire folded before Flop (didn't bet)
Seat 7: pIay2kiLL folded before Flop (didn't bet)
Seat 8: Dorex2007 folded before Flop (didn't bet)
Seat 9: teddymid08 (button) showed [Ad 9h] and won ($0.28) with a pair of Aces



PokerStars Hand #231388271903:  Hold'em No Limit ($0.01/$0.02 USD) - 2021/11/13 20:49:16 PT [2021/11/13 23:49:16 ET]
Table 'Hedwig III' 9-max Seat #1 is the button
Seat 1: Hboy13 ($2.14 in chips) 
Seat 2: cornnuts4me ($2.73 in chips) 
Seat 3: Woodie YUL ($3.84 in chips) 
Seat 4: Tlymo ($2 in chips) 
Seat 5: JungleManV ($2.12 in chips) 
Seat 6: Lagloire ($1.48 in chips) 
Seat 7: pIay2kiLL ($3.13 in chips) 
Seat 8: Dorex2007 ($2 in chips) 
Seat 9: teddymid08 ($1.67 in chips) 
cornnuts4me: posts small blind $0.01
Woodie YUL: posts big blind $0.02
*** HOLE CARDS ***
Dealt to Dorex2007 [4d 6h]
Tlymo: folds 
JungleManV: folds 
Lagloire: folds 
pIay2kiLL: folds 
Dorex2007: folds 
teddymid08: raises $0.02 to $0.04
Hboy13: calls $0.04
cornnuts4me: folds 
Woodie YUL: calls $0.02
*** FLOP *** [5s 9h 2c]
Woodie YUL: checks 
teddymid08: bets $0.04
Hboy13: folds 
Woodie YUL: calls $0.04
*** TURN *** [5s 9h 2c] [Kh]
Woodie YUL: checks 
teddymid08: bets $0.08
Woodie YUL: folds 
Uncalled bet ($0.08) returned to teddymid08
teddymid08 collected $0.20 from pot
teddymid08: doesn't show hand 
*** SUMMARY ***
Total pot $0.21 | Rake $0.01 
Board [5s 9h 2c Kh]
Seat 1: Hboy13 (button) folded on the Flop
Seat 2: cornnuts4me (small blind) folded before Flop
Seat 3: Woodie YUL (big blind) folded on the Turn
Seat 4: Tlymo folded before Flop (didn't bet)
Seat 5: JungleManV folded before Flop (didn't bet)
Seat 6: Lagloire folded before Flop (didn't bet)
Seat 7: pIay2kiLL folded before Flop (didn't bet)
Seat 8: Dorex2007 folded before Flop (didn't bet)
Seat 9: teddymid08 collected ($0.20)



PokerStars Hand #231388283864:  Hold'em No Limit ($0.01/$0.02 USD) - 2021/11/13 20:50:28 PT [2021/11/13 23:50:28 ET]
Table 'Hedwig III' 9-max Seat #2 is the button
Seat 1: Hboy13 ($2.10 in chips) 
Seat 2: cornnuts4me ($2.72 in chips) 
Seat 3: Woodie YUL ($3.76 in chips) 
Seat 4: Tlymo ($2 in chips) 
Seat 5: JungleManV ($2.12 in chips) 
Seat 6: Lagloire ($1.48 in chips) 
Seat 7: pIay2kiLL ($3.13 in chips) 
Seat 8: Dorex2007 ($2 in chips) 
Seat 9: teddymid08 ($1.79 in chips) 
Woodie YUL: posts small blind $0.01
Tlymo: posts big blind $0.02
*** HOLE CARDS ***
Dealt to Dorex2007 [5d Td]
JungleManV: folds 
Lagloire: folds 
pIay2kiLL: folds 
Dorex2007: folds 
teddymid08: raises $0.04 to $0.06
Hboy13: folds 
cornnuts4me: folds 
Woodie YUL: folds 
Tlymo: calls $0.04
*** FLOP *** [4h Jc 2c]
Tlymo: checks 
teddymid08: bets $0.06
Tlymo: calls $0.06
*** TURN *** [4h Jc 2c] [9d]
Tlymo: checks 
teddymid08: checks 
*** RIVER *** [4h Jc 2c 9d] [2h]
Tlymo: checks 
teddymid08: bets $0.08
Tlymo: folds 
Uncalled bet ($0.08) returned to teddymid08
teddymid08 collected $0.24 from pot
teddymid08: doesn't show hand 
*** SUMMARY ***
Total pot $0.25 | Rake $0.01 
Board [4h Jc 2c 9d 2h]
Seat 1: Hboy13 folded before Flop (didn't bet)
Seat 2: cornnuts4me (button) folded before Flop (didn't bet)
Seat 3: Woodie YUL (small blind) folded before Flop
Seat 4: Tlymo (big blind) folded on the River
Seat 5: JungleManV folded before Flop (didn't bet)
Seat 6: Lagloire folded before Flop (didn't bet)
Seat 7: pIay2kiLL folded before Flop (didn't bet)
Seat 8: Dorex2007 folded before Flop (didn't bet)
Seat 9: teddymid08 collected ($0.24)



PokerStars Hand #231388291672:  Hold'em No Limit ($0.01/$0.02 USD) - 2021/11/13 20:51:15 PT [2021/11/13 23:51:15 ET]
Table 'Hedwig III' 9-max Seat #3 is the button
Seat 1: Hboy13 ($2.10 in chips) 
Seat 2: cornnuts4me ($2.72 in chips) 
Seat 3: Woodie YUL ($3.75 in chips) 
Seat 4: Tlymo ($2 in chips) 
Seat 5: JungleManV ($2.12 in chips) 
Seat 6: Lagloire ($1.48 in chips) 
Seat 7: pIay2kiLL ($3.13 in chips) 
Seat 8: Dorex2007 ($2 in chips) 
Seat 9: teddymid08 ($1.91 in chips) 
Tlymo: posts small blind $0.01
JungleManV: posts big blind $0.02
*** HOLE CARDS ***
Dealt to Dorex2007 [5s Kh]
Lagloire: folds 
pIay2kiLL: folds 
Dorex2007: folds 
teddymid08: folds 
Hboy13: folds 
cornnuts4me: folds 
Woodie YUL: folds 
Tlymo: folds 
Uncalled bet ($0.01) returned to JungleManV
JungleManV collected $0.02 from pot
JungleManV: doesn't show hand 
*** SUMMARY ***
Total pot $0.02 | Rake $0 
Seat 1: Hboy13 folded before Flop (didn't bet)
Seat 2: cornnuts4me folded before Flop (didn't bet)
Seat 3: Woodie YUL (button) folded before Flop (didn't bet)
Seat 4: Tlymo (small blind) folded before Flop
Seat 5: JungleManV (big blind) collected ($0.02)
Seat 6: Lagloire folded before Flop (didn't bet)
Seat 7: pIay2kiLL folded before Flop (didn't bet)
Seat 8: Dorex2007 folded before Flop (didn't bet)
Seat 9: teddymid08 folded before Flop (didn't bet)



PokerStars Hand #231388293772:  Hold'em No Limit ($0.01/$0.02 USD) - 2021/11/13 20:51:27 PT [2021/11/13 23:51:27 ET]
Table 'Hedwig III' 9-max Seat #4 is the button
Seat 1: Hboy13 ($2.10 in chips) 
Seat 2: cornnuts4me ($2.72 in chips) 
Seat 3: Woodie YUL ($3.75 in chips) 
Seat 4: Tlymo ($2 in chips) 
Seat 5: JungleManV ($2.13 in chips) 
Seat 6: Lagloire ($1.48 in chips) 
Seat 7: pIay2kiLL ($3.13 in chips) 
Seat 8: Dorex2007 ($2 in chips) 
Seat 9: teddymid08 ($1.91 in chips) 
JungleManV: posts small blind $0.01
Lagloire: posts big blind $0.02
*** HOLE CARDS ***
Dealt to Dorex2007 [9h Js]
pIay2kiLL: folds 
Dorex2007: folds 
teddymid08: raises $0.04 to $0.06
Hboy13: folds 
cornnuts4me: folds 
Woodie YUL: folds 
Tlymo: folds 
JungleManV: folds 
Lagloire: calls $0.04
*** FLOP *** [7c Th 9d]
Lagloire: checks 
teddymid08: bets $0.06
Lagloire: folds 
Uncalled bet ($0.06) returned to teddymid08
teddymid08 collected $0.13 from pot
teddymid08: doesn't show hand 
*** SUMMARY ***
Total pot $0.13 | Rake $0 
Board [7c Th 9d]
Seat 1: Hboy13 folded before Flop (didn't bet)
Seat 2: cornnuts4me folded before Flop (didn't bet)
Seat 3: Woodie YUL folded before Flop (didn't bet)
Seat 4: Tlymo (button) folded before Flop (didn't bet)
Seat 5: JungleManV (small blind) folded before Flop
Seat 6: Lagloire (big blind) folded on the Flop
Seat 7: pIay2kiLL folded before Flop (didn't bet)
Seat 8: Dorex2007 folded before Flop (didn't bet)
Seat 9: teddymid08 collected ($0.13)



PokerStars Hand #231388300993:  Hold'em No Limit ($0.01/$0.02 USD) - 2021/11/13 20:52:11 PT [2021/11/13 23:52:11 ET]
Table 'Hedwig III' 9-max Seat #5 is the button
Seat 1: Hboy13 ($2.10 in chips) 
Seat 2: cornnuts4me ($2.72 in chips) 
Seat 3: Woodie YUL ($3.75 in chips) 
Seat 4: Tlymo ($2 in chips) 
Seat 5: JungleManV ($2.12 in chips) 
Seat 6: Lagloire ($1.42 in chips) 
Seat 8: Dorex2007 ($2 in chips) 
Seat 9: teddymid08 ($1.98 in chips) 
Lagloire: posts small blind $0.01
pIay2kiLL: is sitting out 
Dorex2007: posts big blind $0.02
*** HOLE CARDS ***
Dealt to Dorex2007 [4h 2s]
teddymid08: raises $0.04 to $0.06
Hboy13: folds 
cornnuts4me: folds 
Woodie YUL: folds 
Tlymo: folds 
JungleManV: folds 
Lagloire: folds 
Dorex2007: folds 
Uncalled bet ($0.04) returned to teddymid08
teddymid08 collected $0.05 from pot
teddymid08: doesn't show hand 
*** SUMMARY ***
Total pot $0.05 | Rake $0 
Seat 1: Hboy13 folded before Flop (didn't bet)
Seat 2: cornnuts4me folded before Flop (didn't bet)
Seat 3: Woodie YUL folded before Flop (didn't bet)
Seat 4: Tlymo folded before Flop (didn't bet)
Seat 5: JungleManV (button) folded before Flop (didn't bet)
Seat 6: Lagloire (small blind) folded before Flop
Seat 8: Dorex2007 (big blind) folded before Flop
Seat 9: teddymid08 collected ($0.05)



PokerStars Hand #231388303476:  Hold'em No Limit ($0.01/$0.02 USD) - 2021/11/13 20:52:26 PT [2021/11/13 23:52:26 ET]
Table 'Hedwig III' 9-max Seat #6 is the button
Seat 1: Hboy13 ($2.10 in chips) 
Seat 2: cornnuts4me ($2.72 in chips) 
Seat 3: Woodie YUL ($3.75 in chips) 
Seat 4: Tlymo ($2 in chips) 
Seat 5: JungleManV ($2.12 in chips) 
Seat 6: Lagloire ($1.41 in chips) 
Seat 8: Dorex2007 ($2 in chips) 
Seat 9: teddymid08 ($2.01 in chips) 
Dorex2007: posts small blind $0.01
teddymid08: posts big blind $0.02
*** HOLE CARDS ***
Dealt to Dorex2007 [4s 9d]
Hboy13: folds 
cornnuts4me: folds 
Woodie YUL: folds 
Tlymo: folds 
JungleManV: folds 
Lagloire: folds 
Dorex2007: folds 
Uncalled bet ($0.01) returned to teddymid08
teddymid08 collected $0.02 from pot
teddymid08: doesn't show hand 
*** SUMMARY ***
Total pot $0.02 | Rake $0 
Seat 1: Hboy13 folded before Flop (didn't bet)
Seat 2: cornnuts4me folded before Flop (didn't bet)
Seat 3: Woodie YUL folded before Flop (didn't bet)
Seat 4: Tlymo folded before Flop (didn't bet)
Seat 5: JungleManV folded before Flop (didn't bet)
Seat 6: Lagloire (button) folded before Flop (didn't bet)
Seat 8: Dorex2007 (small blind) folded before Flop
Seat 9: teddymid08 (big blind) collected ($0.02)



PokerStars Hand #231388306638:  Hold'em No Limit ($0.01/$0.02 USD) - 2021/11/13 20:52:45 PT [2021/11/13 23:52:45 ET]
Table 'Hedwig III' 9-max Seat #8 is the button
Seat 1: Hboy13 ($2.10 in chips) 
Seat 2: cornnuts4me ($2.72 in chips) 
Seat 3: Woodie YUL ($3.75 in chips) 
Seat 4: Tlymo ($2 in chips) 
Seat 5: JungleManV ($2.12 in chips) 
Seat 6: Lagloire ($1.41 in chips) 
Seat 8: Dorex2007 ($2 in chips) 
Seat 9: teddymid08 ($2.02 in chips) 
teddymid08: posts small blind $0.01
Hboy13: posts big blind $0.02
*** HOLE CARDS ***
Dealt to Dorex2007 [Qd Jd]
cornnuts4me: folds 
Woodie YUL: folds 
Tlymo: raises $0.04 to $0.06
JungleManV: folds 
Lagloire: folds 
Dorex2007: calls $0.06
teddymid08: folds 
Hboy13: folds 
*** FLOP *** [8h Kh Jc]
Tlymo: bets $0.07
Dorex2007: calls $0.07
*** TURN *** [8h Kh Jc] [6h]
Tlymo: checks 
Dorex2007: bets $0.28
Tlymo: calls $0.28
*** RIVER *** [8h Kh Jc 6h] [Tc]
Tlymo: checks 
Dorex2007: bets $0.41
Tlymo: calls $0.41
*** SHOW DOWN ***
Dorex2007: shows [Qd Jd] (a pair of Jacks)
Tlymo: shows [Kd Jh] (two pair, Kings and Jacks)
Tlymo collected $1.61 from pot
*** SUMMARY ***
Total pot $1.67 | Rake $0.06 
Board [8h Kh Jc 6h Tc]
Seat 1: Hboy13 (big blind) folded before Flop
Seat 2: cornnuts4me folded before Flop (didn't bet)
Seat 3: Woodie YUL folded before Flop (didn't bet)
Seat 4: Tlymo showed [Kd Jh] and won ($1.61) with two pair, Kings and Jacks
Seat 5: JungleManV folded before Flop (didn't bet)
Seat 6: Lagloire folded before Flop (didn't bet)
Seat 8: Dorex2007 (button) showed [Qd Jd] and lost with a pair of Jacks
Seat 9: teddymid08 (small blind) folded before Flop



PokerStars Hand #231388313613:  Hold'em No Limit ($0.01/$0.02 USD) - 2021/11/13 20:53:28 PT [2021/11/13 23:53:28 ET]
Table 'Hedwig III' 9-max Seat #9 is the button
Seat 1: Hboy13 ($2.08 in chips) 
Seat 2: cornnuts4me ($2.72 in chips) 
Seat 3: Woodie YUL ($3.75 in chips) 
Seat 4: Tlymo ($2.79 in chips) 
Seat 5: JungleManV ($2.12 in chips) 
Seat 6: Lagloire ($1.41 in chips) 
Seat 8: Dorex2007 ($2 in chips) 
Seat 9: teddymid08 ($2.01 in chips) 
Hboy13: posts small blind $0.01
cornnuts4me: posts big blind $0.02
pIay2kiLL: sits out 
*** HOLE CARDS ***
Dealt to Dorex2007 [Qs Kd]
Woodie YUL: folds 
Tlymo: folds 
JungleManV: folds 
Lagloire: folds 
Dorex2007: raises $0.02 to $0.04
teddymid08: calls $0.04
Hboy13: folds 
cornnuts4me: folds 
*** FLOP *** [Ks Kh 8s]
Dorex2007: checks 
teddymid08: checks 
*** TURN *** [Ks Kh 8s] [6c]
Dorex2007: bets $0.11
teddymid08: folds 
Uncalled bet ($0.11) returned to Dorex2007
Dorex2007 collected $0.11 from pot
Dorex2007: doesn't show hand 
*** SUMMARY ***
Total pot $0.11 | Rake $0 
Board [Ks Kh 8s 6c]
Seat 1: Hboy13 (small blind) folded before Flop
Seat 2: cornnuts4me (big blind) folded before Flop
Seat 3: Woodie YUL folded before Flop (didn't bet)
Seat 4: Tlymo folded before Flop (didn't bet)
Seat 5: JungleManV folded before Flop (didn't bet)
Seat 6: Lagloire folded before Flop (didn't bet)
Seat 8: Dorex2007 collected ($0.11)
Seat 9: teddymid08 (button) folded on the Turn



PokerStars Hand #231388321044:  Hold'em No Limit ($0.01/$0.02 USD) - 2021/11/13 20:54:12 PT [2021/11/13 23:54:12 ET]
Table 'Hedwig III' 9-max Seat #1 is the button
Seat 1: Hboy13 ($2.07 in chips) 
Seat 2: cornnuts4me ($2.70 in chips) 
Seat 3: Woodie YUL ($3.75 in chips) 
Seat 4: Tlymo ($2.79 in chips) 
Seat 5: JungleManV ($2.12 in chips) 
Seat 6: Lagloire ($1.41 in chips) 
Seat 8: Dorex2007 ($2.07 in chips) 
Seat 9: teddymid08 ($1.97 in chips) 
cornnuts4me: posts small blind $0.01
Woodie YUL: posts big blind $0.02
pIay2kiLL: sits out 
*** HOLE CARDS ***
Dealt to Dorex2007 [5s 9h]
Tlymo: folds 
JungleManV: raises $0.03 to $0.05
Lagloire: folds 
Dorex2007: folds 
teddymid08: calls $0.05
Hboy13: folds 
cornnuts4me: folds 
Woodie YUL: folds 
*** FLOP *** [2s As 8h]
JungleManV: bets $0.09
teddymid08: calls $0.09
*** TURN *** [2s As 8h] [Jd]
JungleManV: bets $0.20
teddymid08: folds 
Uncalled bet ($0.20) returned to JungleManV
JungleManV collected $0.30 from pot
JungleManV: doesn't show hand 
*** SUMMARY ***
Total pot $0.31 | Rake $0.01 
Board [2s As 8h Jd]
Seat 1: Hboy13 (button) folded before Flop (didn't bet)
Seat 2: cornnuts4me (small blind) folded before Flop
Seat 3: Woodie YUL (big blind) folded before Flop
Seat 4: Tlymo folded before Flop (didn't bet)
Seat 5: JungleManV collected ($0.30)
Seat 6: Lagloire folded before Flop (didn't bet)
Seat 8: Dorex2007 folded before Flop (didn't bet)
Seat 9: teddymid08 folded on the Turn



PokerStars Hand #231388327460:  Hold'em No Limit ($0.01/$0.02 USD) - 2021/11/13 20:54:51 PT [2021/11/13 23:54:51 ET]
Table 'Hedwig III' 9-max Seat #2 is the button
Seat 1: Hboy13 ($2.07 in chips) 
Seat 2: cornnuts4me ($2.69 in chips) 
Seat 3: Woodie YUL ($3.73 in chips) 
Seat 4: Tlymo ($2.79 in chips) 
Seat 5: JungleManV ($2.28 in chips) 
Seat 6: Lagloire ($1.41 in chips) 
Seat 8: Dorex2007 ($2.07 in chips) 
Seat 9: teddymid08 ($1.83 in chips) 
Woodie YUL: posts small blind $0.01
Tlymo: posts big blind $0.02
pIay2kiLL: sits out 
*** HOLE CARDS ***
Dealt to Dorex2007 [Th 4d]
JungleManV: folds 
Lagloire: folds 
Dorex2007: folds 
teddymid08: raises $0.02 to $0.04
Hboy13: folds 
cornnuts4me: folds 
Woodie YUL: folds 
Tlymo: folds 
Uncalled bet ($0.02) returned to teddymid08
teddymid08 collected $0.05 from pot
teddymid08: doesn't show hand 
*** SUMMARY ***
Total pot $0.05 | Rake $0 
Seat 1: Hboy13 folded before Flop (didn't bet)
Seat 2: cornnuts4me (button) folded before Flop (didn't bet)
Seat 3: Woodie YUL (small blind) folded before Flop
Seat 4: Tlymo (big blind) folded before Flop
Seat 5: JungleManV folded before Flop (didn't bet)
Seat 6: Lagloire folded before Flop (didn't bet)
Seat 8: Dorex2007 folded before Flop (didn't bet)
Seat 9: teddymid08 collected ($0.05)



PokerStars Hand #231388331830:  Hold'em No Limit ($0.01/$0.02 USD) - 2021/11/13 20:55:19 PT [2021/11/13 23:55:19 ET]
Table 'Hedwig III' 9-max Seat #3 is the button
Seat 1: Hboy13 ($2.07 in chips) 
Seat 2: cornnuts4me ($2.69 in chips) 
Seat 3: Woodie YUL ($3.72 in chips) 
Seat 4: Tlymo ($2.77 in chips) 
Seat 5: JungleManV ($2.28 in chips) 
Seat 6: Lagloire ($1.41 in chips) 
Seat 8: Dorex2007 ($2.07 in chips) 
Seat 9: teddymid08 ($1.86 in chips) 
Tlymo: posts small blind $0.01
JungleManV: posts big blind $0.02
pIay2kiLL: sits out 
*** HOLE CARDS ***
Dealt to Dorex2007 [Qc 7s]
Lagloire: folds 
Dorex2007: folds 
teddymid08: raises $0.02 to $0.04
Hboy13: folds 
cornnuts4me: calls $0.04
Woodie YUL: folds 
Tlymo: folds 
JungleManV: folds 
*** FLOP *** [5s Tc Qs]
teddymid08: checks 
cornnuts4me: bets $0.05
teddymid08: calls $0.05
*** TURN *** [5s Tc Qs] [Jd]
teddymid08: checks 
cornnuts4me: bets $0.10
teddymid08: calls $0.10
*** RIVER *** [5s Tc Qs Jd] [3c]
teddymid08: checks 
cornnuts4me: checks 
*** SHOW DOWN ***
teddymid08: shows [7h Jc] (a pair of Jacks)
cornnuts4me: mucks hand 
teddymid08 collected $0.40 from pot
*** SUMMARY ***
Total pot $0.41 | Rake $0.01 
Board [5s Tc Qs Jd 3c]
Seat 1: Hboy13 folded before Flop (didn't bet)
Seat 2: cornnuts4me mucked [Th 9h]
Seat 3: Woodie YUL (button) folded before Flop (didn't bet)
Seat 4: Tlymo (small blind) folded before Flop
Seat 5: JungleManV (big blind) folded before Flop
Seat 6: Lagloire folded before Flop (didn't bet)
Seat 8: Dorex2007 folded before Flop (didn't bet)
Seat 9: teddymid08 showed [7h Jc] and won ($0.40) with a pair of Jacks



PokerStars Hand #231388337963:  Hold'em No Limit ($0.01/$0.02 USD) - 2021/11/13 20:56:04 PT [2021/11/13 23:56:04 ET]
Table 'Hedwig III' 9-max Seat #4 is the button
Seat 1: Hboy13 ($2.07 in chips) 
Seat 2: cornnuts4me ($2.50 in chips) 
Seat 3: Woodie YUL ($3.72 in chips) 
Seat 4: Tlymo ($2.76 in chips) 
Seat 5: JungleManV ($2.26 in chips) 
Seat 6: Lagloire ($1.41 in chips) 
Seat 8: Dorex2007 ($2.07 in chips) 
Seat 9: teddymid08 ($2.07 in chips) 
JungleManV: posts small blind $0.01
Lagloire: posts big blind $0.02
pIay2kiLL: sits out 
*** HOLE CARDS ***
Dealt to Dorex2007 [Qs 8c]
Dorex2007: folds 
teddymid08: folds 
Hboy13: folds 
cornnuts4me: folds 
Woodie YUL: folds 
Tlymo: raises $0.04 to $0.06
JungleManV: folds 
Lagloire: folds 
Uncalled bet ($0.04) returned to Tlymo
Tlymo collected $0.05 from pot
Tlymo: doesn't show hand 
*** SUMMARY ***
Total pot $0.05 | Rake $0 
Seat 1: Hboy13 folded before Flop (didn't bet)
Seat 2: cornnuts4me folded before Flop (didn't bet)
Seat 3: Woodie YUL folded before Flop (didn't bet)
Seat 4: Tlymo (button) collected ($0.05)
Seat 5: JungleManV (small blind) folded before Flop
Seat 6: Lagloire (big blind) folded before Flop
Seat 8: Dorex2007 folded before Flop (didn't bet)
Seat 9: teddymid08 folded before Flop (didn't bet)



PokerStars Hand #231388340116:  Hold'em No Limit ($0.01/$0.02 USD) - 2021/11/13 20:56:20 PT [2021/11/13 23:56:20 ET]
Table 'Hedwig III' 9-max Seat #5 is the button
Seat 1: Hboy13 ($2.07 in chips) 
Seat 2: cornnuts4me ($2.50 in chips) 
Seat 3: Woodie YUL ($3.72 in chips) 
Seat 4: Tlymo ($2.79 in chips) 
Seat 5: JungleManV ($2.25 in chips) 
Seat 6: Lagloire ($1.39 in chips) 
Seat 7: pIay2kiLL ($3.13 in chips) 
Seat 8: Dorex2007 ($2.07 in chips) 
Seat 9: teddymid08 ($2.07 in chips) 
Lagloire: posts small blind $0.01
pIay2kiLL: posts big blind $0.02
*** HOLE CARDS ***
Dealt to Dorex2007 [2h 7c]
Dorex2007: folds 
teddymid08: folds 
Hboy13: folds 
cornnuts4me: folds 
Woodie YUL: raises $0.04 to $0.06
Tlymo: calls $0.06
JungleManV: folds 
Lagloire: folds 
pIay2kiLL: folds 
*** FLOP *** [4c Js 5s]
Woodie YUL: bets $0.11
Tlymo: calls $0.11
*** TURN *** [4c Js 5s] [4d]
Woodie YUL: checks 
Tlymo: bets $0.24
Woodie YUL: folds 
Uncalled bet ($0.24) returned to Tlymo
Tlymo collected $0.36 from pot
Tlymo: doesn't show hand 
*** SUMMARY ***
Total pot $0.37 | Rake $0.01 
Board [4c Js 5s 4d]
Seat 1: Hboy13 folded before Flop (didn't bet)
Seat 2: cornnuts4me folded before Flop (didn't bet)
Seat 3: Woodie YUL folded on the Turn
Seat 4: Tlymo collected ($0.36)
Seat 5: JungleManV (button) folded before Flop (didn't bet)
Seat 6: Lagloire (small blind) folded before Flop
Seat 7: pIay2kiLL (big blind) folded before Flop
Seat 8: Dorex2007 folded before Flop (didn't bet)
Seat 9: teddymid08 folded before Flop (didn't bet)



PokerStars Hand #231388346639:  Hold'em No Limit ($0.01/$0.02 USD) - 2021/11/13 20:57:07 PT [2021/11/13 23:57:07 ET]
Table 'Hedwig III' 9-max Seat #6 is the button
Seat 1: Hboy13 ($2.07 in chips) 
Seat 2: cornnuts4me ($2.50 in chips) 
Seat 3: Woodie YUL ($3.55 in chips) 
Seat 4: Tlymo ($2.98 in chips) 
Seat 5: JungleManV ($2.25 in chips) 
Seat 6: Lagloire ($1.38 in chips) 
Seat 7: pIay2kiLL ($3.11 in chips) 
Seat 8: Dorex2007 ($2.07 in chips) 
Seat 9: teddymid08 ($2.07 in chips) 
pIay2kiLL: posts small blind $0.01
Dorex2007: posts big blind $0.02
*** HOLE CARDS ***
Dealt to Dorex2007 [5s Tc]
teddymid08: raises $0.04 to $0.06
Hboy13: folds 
cornnuts4me: folds 
Woodie YUL: folds 
Tlymo: folds 
JungleManV: folds 
Lagloire: folds 
pIay2kiLL: folds 
Dorex2007: folds 
Uncalled bet ($0.04) returned to teddymid08
teddymid08 collected $0.05 from pot
teddymid08: doesn't show hand 
*** SUMMARY ***
Total pot $0.05 | Rake $0 
Seat 1: Hboy13 folded before Flop (didn't bet)
Seat 2: cornnuts4me folded before Flop (didn't bet)
Seat 3: Woodie YUL folded before Flop (didn't bet)
Seat 4: Tlymo folded before Flop (didn't bet)
Seat 5: JungleManV folded before Flop (didn't bet)
Seat 6: Lagloire (button) folded before Flop (didn't bet)
Seat 7: pIay2kiLL (small blind) folded before Flop
Seat 8: Dorex2007 (big blind) folded before Flop
Seat 9: teddymid08 collected ($0.05)



PokerStars Hand #231388349862:  Hold'em No Limit ($0.01/$0.02 USD) - 2021/11/13 20:57:30 PT [2021/11/13 23:57:30 ET]
Table 'Hedwig III' 9-max Seat #7 is the button
Seat 1: Hboy13 ($2.07 in chips) 
Seat 2: cornnuts4me ($2.50 in chips) 
Seat 3: Woodie YUL ($3.55 in chips) 
Seat 4: Tlymo ($2.98 in chips) 
Seat 5: JungleManV ($2.25 in chips) 
Seat 6: Lagloire ($1.38 in chips) 
Seat 7: pIay2kiLL ($3.10 in chips) 
Seat 8: Dorex2007 ($2.05 in chips) 
Seat 9: teddymid08 ($2.10 in chips) 
Dorex2007: posts small blind $0.01
teddymid08: posts big blind $0.02
*** HOLE CARDS ***
Dealt to Dorex2007 [8d 6h]
Hboy13: folds 
cornnuts4me: folds 
Woodie YUL: folds 
Tlymo: raises $0.04 to $0.06
JungleManV: raises $0.12 to $0.18
Lagloire: folds 
pIay2kiLL: folds 
Dorex2007: folds 
teddymid08: folds 
Tlymo: folds 
Uncalled bet ($0.12) returned to JungleManV
JungleManV collected $0.15 from pot
JungleManV: doesn't show hand 
*** SUMMARY ***
Total pot $0.15 | Rake $0 
Seat 1: Hboy13 folded before Flop (didn't bet)
Seat 2: cornnuts4me folded before Flop (didn't bet)
Seat 3: Woodie YUL folded before Flop (didn't bet)
Seat 4: Tlymo folded before Flop
Seat 5: JungleManV collected ($0.15)
Seat 6: Lagloire folded before Flop (didn't bet)
Seat 7: pIay2kiLL (button) folded before Flop (didn't bet)
Seat 8: Dorex2007 (small blind) folded before Flop
Seat 9: teddymid08 (big blind) folded before Flop



PokerStars Hand #231388353029:  Hold'em No Limit ($0.01/$0.02 USD) - 2021/11/13 20:57:53 PT [2021/11/13 23:57:53 ET]
Table 'Hedwig III' 9-max Seat #8 is the button
Seat 1: Hboy13 ($2.07 in chips) 
Seat 2: cornnuts4me ($2.50 in chips) 
Seat 3: Woodie YUL ($3.55 in chips) 
Seat 4: Tlymo ($2.92 in chips) 
Seat 5: JungleManV ($2.34 in chips) 
Seat 6: Lagloire ($1.38 in chips) 
Seat 7: pIay2kiLL ($3.10 in chips) 
Seat 8: Dorex2007 ($2.04 in chips) 
Seat 9: teddymid08 ($2.08 in chips) 
teddymid08: posts small blind $0.01
Hboy13: posts big blind $0.02
*** HOLE CARDS ***
Dealt to Dorex2007 [9s 5d]
cornnuts4me: folds 
Woodie YUL: folds 
Tlymo: folds 
JungleManV: raises $0.04 to $0.06
Lagloire: folds 
pIay2kiLL: folds 
Dorex2007: folds 
teddymid08: calls $0.05
Hboy13: raises $0.18 to $0.24
JungleManV: folds 
teddymid08: calls $0.18
*** FLOP *** [9d Qd 7h]
teddymid08: checks 
Hboy13: bets $0.17
teddymid08: calls $0.17
*** TURN *** [9d Qd 7h] [Js]
teddymid08: checks 
Hboy13: bets $0.43
teddymid08: calls $0.43
*** RIVER *** [9d Qd 7h Js] [6d]
teddymid08: checks 
Hboy13: bets $1.23 and is all-in
teddymid08: calls $1.23
*** SHOW DOWN ***
Hboy13: shows [Qc Qh] (three of a kind, Queens)
teddymid08: shows [Ad 3d] (a flush, Ace high)
teddymid08 collected $4.05 from pot
*** SUMMARY ***
Total pot $4.20 | Rake $0.15 
Board [9d Qd 7h Js 6d]
Seat 1: Hboy13 (big blind) showed [Qc Qh] and lost with three of a kind, Queens
Seat 2: cornnuts4me folded before Flop (didn't bet)
Seat 3: Woodie YUL folded before Flop (didn't bet)
Seat 4: Tlymo folded before Flop (didn't bet)
Seat 5: JungleManV folded before Flop
Seat 6: Lagloire folded before Flop (didn't bet)
Seat 7: pIay2kiLL folded before Flop (didn't bet)
Seat 8: Dorex2007 (button) folded before Flop (didn't bet)
Seat 9: teddymid08 (small blind) showed [Ad 3d] and won ($4.05) with a flush, Ace high



PokerStars Hand #231388364738:  Hold'em No Limit ($0.01/$0.02 USD) - 2021/11/13 20:59:17 PT [2021/11/13 23:59:17 ET]
Table 'Hedwig III' 9-max Seat #9 is the button
Seat 1: Hboy13 ($2 in chips) 
Seat 2: cornnuts4me ($2.50 in chips) 
Seat 3: Woodie YUL ($3.55 in chips) 
Seat 4: Tlymo ($2.92 in chips) 
Seat 5: JungleManV ($2.28 in chips) 
Seat 6: Lagloire ($1.38 in chips) 
Seat 7: pIay2kiLL ($3.10 in chips) 
Seat 8: Dorex2007 ($2.04 in chips) 
Seat 9: teddymid08 ($4.06 in chips) 
Hboy13: posts small blind $0.01
cornnuts4me: posts big blind $0.02
*** HOLE CARDS ***
Dealt to Dorex2007 [9c Ks]
Woodie YUL: calls $0.02
Tlymo: folds 
JungleManV: folds 
Lagloire: folds 
pIay2kiLL: folds 
Dorex2007: folds 
teddymid08: calls $0.02
Hboy13: raises $0.08 to $0.10
cornnuts4me: folds 
Woodie YUL: calls $0.08
Lagloire leaves the table
teddymid08: calls $0.08
*** FLOP *** [6s 8c 8s]
Hboy13: bets $0.16
Woodie YUL: raises $0.32 to $0.48
teddymid08: folds 
Hboy13: folds 
Uncalled bet ($0.32) returned to Woodie YUL
Woodie YUL collected $0.62 from pot
Woodie YUL: doesn't show hand 
*** SUMMARY ***
Total pot $0.64 | Rake $0.02 
Board [6s 8c 8s]
Seat 1: Hboy13 (small blind) folded on the Flop
Seat 2: cornnuts4me (big blind) folded before Flop
Seat 3: Woodie YUL collected ($0.62)
Seat 4: Tlymo folded before Flop (didn't bet)
Seat 5: JungleManV folded before Flop (didn't bet)
Seat 6: Lagloire folded before Flop (didn't bet)
Seat 7: pIay2kiLL folded before Flop (didn't bet)
Seat 8: Dorex2007 folded before Flop (didn't bet)
Seat 9: teddymid08 (button) folded on the Flop



