PokerStars Hand #232679913255:  Hold'em No Limit ($0.01/$0.02 USD) - 2021/12/30 20:34:44 PT [2021/12/30 23:34:44 ET]
Table 'Europa II' 9-max Seat #8 is the button
Seat 1: Dorex2007 ($2 in chips) 
Seat 2: oh23133 ($2.73 in chips) 
Seat 4: Canguru19 ($1.28 in chips) 
Seat 5: joaopedrofar ($3.18 in chips) 
Seat 6: tomashovka55 ($4.57 in chips) 
Seat 7: krenz5 ($1.63 in chips) 
Seat 8: zejithegreat ($2.01 in chips) 
Seat 9: Sysrq03 ($3.35 in chips) 
Sysrq03: posts small blind $0.01
Dorex2007: posts big blind $0.02
Minakhat: sits out 
krenz5: posts small & big blinds $0.03
*** HOLE CARDS ***
Dealt to Dorex2007 [Ac Ks]
oh23133: folds 
Canguru19 has timed out
Canguru19: folds 
joaopedrofar: folds 
tomashovka55: raises $0.04 to $0.06
krenz5: calls $0.04
zejithegreat: calls $0.06
Sysrq03: folds 
Dorex2007: calls $0.04
*** FLOP *** [8c 2d 6c]
Dorex2007: checks 
tomashovka55: checks 
krenz5: checks 
zejithegreat: bets $0.10
Dorex2007: folds 
tomashovka55: folds 
krenz5: folds 
Uncalled bet ($0.10) returned to zejithegreat
zejithegreat collected $0.25 from pot
zejithegreat: doesn't show hand 
*** SUMMARY ***
Total pot $0.26 | Rake $0.01 
Board [8c 2d 6c]
Seat 1: Dorex2007 (big blind) folded on the Flop
Seat 2: oh23133 folded before Flop (didn't bet)
Seat 4: Canguru19 folded before Flop (didn't bet)
Seat 5: joaopedrofar folded before Flop (didn't bet)
Seat 6: tomashovka55 folded on the Flop
Seat 7: krenz5 folded on the Flop
Seat 8: zejithegreat (button) collected ($0.25)
Seat 9: Sysrq03 (small blind) folded before Flop



PokerStars Hand #232679933510:  Hold'em No Limit ($0.01/$0.02 USD) - 2021/12/30 20:36:25 PT [2021/12/30 23:36:25 ET]
Table 'Europa II' 9-max Seat #2 is the button
Seat 1: Dorex2007 ($2 in chips) 
Seat 2: oh23133 ($2.72 in chips) 
Seat 3: Minakhat ($0.80 in chips) 
Seat 4: Canguru19 ($1.28 in chips) 
Seat 5: joaopedrofar ($3.12 in chips) 
Seat 6: tomashovka55 ($4.51 in chips) 
Seat 7: krenz5 ($1.64 in chips) 
Seat 9: Sysrq03 ($3.34 in chips) 
Minakhat: posts small blind $0.01
Canguru19: posts big blind $0.02
Dorex2007: posts small blind $0.01
*** HOLE CARDS ***
Dealt to Dorex2007 [Kh 3h]
joaopedrofar: calls $0.02
chinomary joins the table at seat #8 
tomashovka55: folds 
krenz5: calls $0.02
Sysrq03: folds 
Dorex2007: folds 
oh23133: calls $0.02
Minakhat: calls $0.01
Canguru19: checks 
*** FLOP *** [Qh 5c 8d]
Minakhat: checks 
Canguru19: checks 
joaopedrofar: checks 
krenz5: checks 
oh23133: checks 
*** TURN *** [Qh 5c 8d] [Th]
Minakhat: checks 
Canguru19: checks 
joaopedrofar: bets $0.03
krenz5: calls $0.03
oh23133: calls $0.03
Minakhat: folds 
Canguru19: calls $0.03
*** RIVER *** [Qh 5c 8d Th] [9c]
Canguru19: bets $0.11
joaopedrofar: calls $0.11
krenz5: folds 
oh23133: folds 
*** SHOW DOWN ***
Canguru19: shows [Jd 4c] (a straight, Eight to Queen)
joaopedrofar: shows [Ts Js] (a straight, Eight to Queen)
Canguru19 collected $0.22 from pot
joaopedrofar collected $0.21 from pot
*** SUMMARY ***
Total pot $0.45 | Rake $0.02 
Board [Qh 5c 8d Th 9c]
Seat 1: Dorex2007 folded before Flop (didn't bet)
Seat 2: oh23133 (button) folded on the River
Seat 3: Minakhat (small blind) folded on the Turn
Seat 4: Canguru19 (big blind) showed [Jd 4c] and won ($0.22) with a straight, Eight to Queen
Seat 5: joaopedrofar showed [Ts Js] and won ($0.21) with a straight, Eight to Queen
Seat 6: tomashovka55 folded before Flop (didn't bet)
Seat 7: krenz5 folded on the River
Seat 9: Sysrq03 folded before Flop (didn't bet)



PokerStars Hand #232679956809:  Hold'em No Limit ($0.01/$0.02 USD) - 2021/12/30 20:37:53 PT [2021/12/30 23:37:53 ET]
Table 'Europa II' 9-max Seat #3 is the button
Seat 1: Dorex2007 ($2 in chips) 
Seat 2: oh23133 ($2.67 in chips) 
Seat 3: Minakhat ($0.80 in chips) 
Seat 4: Canguru19 ($1.34 in chips) 
Seat 5: joaopedrofar ($3.17 in chips) 
Seat 6: tomashovka55 ($4.51 in chips) 
Seat 7: krenz5 ($1.59 in chips) 
Seat 9: Sysrq03 ($3.34 in chips) 
Canguru19: posts small blind $0.01
joaopedrofar: posts big blind $0.02
chinomary: sits out 
*** HOLE CARDS ***
Dealt to Dorex2007 [Th 6s]
tomashovka55: folds 
krenz5: folds 
Sysrq03: folds 
Dorex2007: folds 
oh23133: folds 
Minakhat: folds 
Canguru19: folds 
Uncalled bet ($0.01) returned to joaopedrofar
joaopedrofar collected $0.02 from pot
joaopedrofar: doesn't show hand 
*** SUMMARY ***
Total pot $0.02 | Rake $0 
Seat 1: Dorex2007 folded before Flop (didn't bet)
Seat 2: oh23133 folded before Flop (didn't bet)
Seat 3: Minakhat (button) folded before Flop (didn't bet)
Seat 4: Canguru19 (small blind) folded before Flop
Seat 5: joaopedrofar (big blind) collected ($0.02)
Seat 6: tomashovka55 folded before Flop (didn't bet)
Seat 7: krenz5 folded before Flop (didn't bet)
Seat 9: Sysrq03 folded before Flop (didn't bet)



PokerStars Hand #232679959877:  Hold'em No Limit ($0.01/$0.02 USD) - 2021/12/30 20:38:08 PT [2021/12/30 23:38:08 ET]
Table 'Europa II' 9-max Seat #4 is the button
Seat 1: Dorex2007 ($2 in chips) 
Seat 2: oh23133 ($2.67 in chips) 
Seat 3: Minakhat ($0.80 in chips) 
Seat 4: Canguru19 ($1.33 in chips) 
Seat 5: joaopedrofar ($3.18 in chips) 
Seat 6: tomashovka55 ($4.51 in chips) 
Seat 7: krenz5 ($1.59 in chips) 
Seat 9: Sysrq03 ($3.34 in chips) 
joaopedrofar: posts small blind $0.01
tomashovka55: posts big blind $0.02
chinomary: sits out 
*** HOLE CARDS ***
Dealt to Dorex2007 [Kd 3s]
krenz5: folds 
Sysrq03: folds 
Dorex2007: folds 
oh23133: folds 
Minakhat: folds 
Canguru19: calls $0.02
joaopedrofar: folds 
tomashovka55: checks 
*** FLOP *** [As Th Qh]
tomashovka55: bets $0.08
Canguru19: folds 
Uncalled bet ($0.08) returned to tomashovka55
tomashovka55 collected $0.05 from pot
tomashovka55: doesn't show hand 
*** SUMMARY ***
Total pot $0.05 | Rake $0 
Board [As Th Qh]
Seat 1: Dorex2007 folded before Flop (didn't bet)
Seat 2: oh23133 folded before Flop (didn't bet)
Seat 3: Minakhat folded before Flop (didn't bet)
Seat 4: Canguru19 (button) folded on the Flop
Seat 5: joaopedrofar (small blind) folded before Flop
Seat 6: tomashovka55 (big blind) collected ($0.05)
Seat 7: krenz5 folded before Flop (didn't bet)
Seat 9: Sysrq03 folded before Flop (didn't bet)



PokerStars Hand #232679966411:  Hold'em No Limit ($0.01/$0.02 USD) - 2021/12/30 20:38:41 PT [2021/12/30 23:38:41 ET]
Table 'Europa II' 9-max Seat #5 is the button
Seat 1: Dorex2007 ($2 in chips) 
Seat 2: oh23133 ($2.67 in chips) 
Seat 3: Minakhat ($0.80 in chips) 
Seat 4: Canguru19 ($1.31 in chips) 
Seat 5: joaopedrofar ($3.17 in chips) 
Seat 6: tomashovka55 ($4.54 in chips) 
Seat 7: krenz5 ($1.59 in chips) 
Seat 9: Sysrq03 ($3.34 in chips) 
tomashovka55: posts small blind $0.01
krenz5: posts big blind $0.02
chinomary: sits out 
*** HOLE CARDS ***
Dealt to Dorex2007 [Kh Kd]
Sysrq03: folds 
Dorex2007: raises $0.02 to $0.04
oh23133: calls $0.04
Minakhat: folds 
Canguru19: folds 
joaopedrofar: calls $0.04
tomashovka55: folds 
krenz5: calls $0.02
*** FLOP *** [Jh Ks Tc]
krenz5: checks 
Dorex2007: bets $0.08
oh23133: raises $0.22 to $0.30
joaopedrofar: folds 
krenz5: folds 
Dorex2007: calls $0.22
*** TURN *** [Jh Ks Tc] [6h]
Dorex2007: bets $0.14
oh23133: raises $0.16 to $0.30
Dorex2007: calls $0.16
*** RIVER *** [Jh Ks Tc 6h] [3c]
Dorex2007: bets $0.16
oh23133: raises $1 to $1.16
Dorex2007: calls $1
*** SHOW DOWN ***
oh23133: shows [Qs 9d] (a straight, Nine to King)
Dorex2007: mucks hand 
oh23133 collected $3.56 from pot
*** SUMMARY ***
Total pot $3.69 | Rake $0.13 
Board [Jh Ks Tc 6h 3c]
Seat 1: Dorex2007 mucked [Kh Kd]
Seat 2: oh23133 showed [Qs 9d] and won ($3.56) with a straight, Nine to King
Seat 3: Minakhat folded before Flop (didn't bet)
Seat 4: Canguru19 folded before Flop (didn't bet)
Seat 5: joaopedrofar (button) folded on the Flop
Seat 6: tomashovka55 (small blind) folded before Flop
Seat 7: krenz5 (big blind) folded on the Flop
Seat 9: Sysrq03 folded before Flop (didn't bet)



PokerStars Hand #232679988304:  Hold'em No Limit ($0.01/$0.02 USD) - 2021/12/30 20:40:20 PT [2021/12/30 23:40:20 ET]
Table 'Europa II' 9-max Seat #6 is the button
Seat 1: Dorex2007 ($2 in chips) 
Seat 2: oh23133 ($4.43 in chips) 
Seat 3: Minakhat ($0.80 in chips) 
Seat 4: Canguru19 ($1.31 in chips) 
Seat 5: joaopedrofar ($3.13 in chips) 
Seat 6: tomashovka55 ($4.53 in chips) 
Seat 7: krenz5 ($1.55 in chips) 
Seat 8: chinomary ($0.80 in chips) 
Seat 9: Sysrq03 ($3.34 in chips) 
krenz5: posts small blind $0.01
chinomary: posts big blind $0.02
*** HOLE CARDS ***
Dealt to Dorex2007 [4d 3d]
Sysrq03: folds 
Dorex2007: folds 
oh23133: calls $0.02
Minakhat: calls $0.02
Canguru19: folds 
joaopedrofar: folds 
tomashovka55: folds 
krenz5: calls $0.01
chinomary: checks 
*** FLOP *** [6s 6d Qc]
krenz5: checks 
chinomary has timed out
chinomary: checks 
oh23133: checks 
Minakhat: checks 
*** TURN *** [6s 6d Qc] [Qs]
krenz5: checks 
chinomary: checks 
oh23133: checks 
Minakhat: checks 
*** RIVER *** [6s 6d Qc Qs] [2c]
krenz5: checks 
chinomary: checks 
oh23133: checks 
Minakhat: checks 
*** SHOW DOWN ***
krenz5: shows [8d 5h] (two pair, Queens and Sixes)
chinomary: shows [8c 9d] (two pair, Queens and Sixes - Nine kicker)
oh23133: shows [2d Kd] (two pair, Queens and Sixes - King kicker)
Minakhat: shows [9c Ac] (two pair, Queens and Sixes - Ace kicker)
Minakhat collected $0.08 from pot
*** SUMMARY ***
Total pot $0.08 | Rake $0 
Board [6s 6d Qc Qs 2c]
Seat 1: Dorex2007 folded before Flop (didn't bet)
Seat 2: oh23133 showed [2d Kd] and lost with two pair, Queens and Sixes
Seat 3: Minakhat showed [9c Ac] and won ($0.08) with two pair, Queens and Sixes
Seat 4: Canguru19 folded before Flop (didn't bet)
Seat 5: joaopedrofar folded before Flop (didn't bet)
Seat 6: tomashovka55 (button) folded before Flop (didn't bet)
Seat 7: krenz5 (small blind) showed [8d 5h] and lost with two pair, Queens and Sixes
Seat 8: chinomary (big blind) showed [8c 9d] and lost with two pair, Queens and Sixes
Seat 9: Sysrq03 folded before Flop (didn't bet)



PokerStars Hand #232680008486:  Hold'em No Limit ($0.01/$0.02 USD) - 2021/12/30 20:42:03 PT [2021/12/30 23:42:03 ET]
Table 'Europa II' 9-max Seat #7 is the button
Seat 1: Dorex2007 ($2 in chips) 
Seat 2: oh23133 ($4.41 in chips) 
Seat 3: Minakhat ($0.86 in chips) 
Seat 4: Canguru19 ($1.31 in chips) 
Seat 5: joaopedrofar ($3.13 in chips) 
Seat 6: tomashovka55 ($4.53 in chips) 
Seat 7: krenz5 ($1.53 in chips) 
Seat 8: chinomary ($0.78 in chips) 
Seat 9: Sysrq03 ($3.34 in chips) 
chinomary: posts small blind $0.01
Sysrq03: posts big blind $0.02
*** HOLE CARDS ***
Dealt to Dorex2007 [7h 3c]
Dorex2007: folds 
oh23133: calls $0.02
Minakhat: calls $0.02
Canguru19: calls $0.02
joaopedrofar: folds 
tomashovka55: calls $0.02
krenz5: calls $0.02
chinomary: calls $0.01
Sysrq03: checks 
*** FLOP *** [3d 6h 5c]
chinomary: checks 
Sysrq03: bets $0.06
oh23133: calls $0.06
Minakhat: raises $0.78 to $0.84 and is all-in
Canguru19: folds 
tomashovka55: folds 
krenz5: calls $0.84
chinomary: folds 
Sysrq03: folds 
oh23133: folds 
*** TURN *** [3d 6h 5c] [Qc]
*** RIVER *** [3d 6h 5c Qc] [9c]
*** SHOW DOWN ***
Minakhat: shows [Th Td] (a pair of Tens)
krenz5: shows [7s 8h] (a straight, Five to Nine)
krenz5 collected $1.87 from pot
*** SUMMARY ***
Total pot $1.94 | Rake $0.07 
Board [3d 6h 5c Qc 9c]
Seat 1: Dorex2007 folded before Flop (didn't bet)
Seat 2: oh23133 folded on the Flop
Seat 3: Minakhat showed [Th Td] and lost with a pair of Tens
Seat 4: Canguru19 folded on the Flop
Seat 5: joaopedrofar folded before Flop (didn't bet)
Seat 6: tomashovka55 folded on the Flop
Seat 7: krenz5 (button) showed [7s 8h] and won ($1.87) with a straight, Five to Nine
Seat 8: chinomary (small blind) folded on the Flop
Seat 9: Sysrq03 (big blind) folded on the Flop



PokerStars Hand #232680025385:  Hold'em No Limit ($0.01/$0.02 USD) - 2021/12/30 20:43:31 PT [2021/12/30 23:43:31 ET]
Table 'Europa II' 9-max Seat #8 is the button
Seat 1: Dorex2007 ($2 in chips) 
Seat 2: oh23133 ($4.33 in chips) 
Seat 3: Minakhat ($0.80 in chips) 
Seat 4: Canguru19 ($1.29 in chips) 
Seat 5: joaopedrofar ($3.13 in chips) 
Seat 6: tomashovka55 ($4.51 in chips) 
Seat 7: krenz5 ($2.54 in chips) 
Seat 8: chinomary ($0.76 in chips) 
Seat 9: Sysrq03 ($3.26 in chips) 
Sysrq03: posts small blind $0.01
Dorex2007: posts big blind $0.02
*** HOLE CARDS ***
Dealt to Dorex2007 [8d Th]
oh23133: folds 
Minakhat: folds 
Canguru19: folds 
joaopedrofar: raises $0.02 to $0.04
tomashovka55: folds 
krenz5: calls $0.04
chinomary: folds 
Sysrq03: folds 
Dorex2007: folds 
*** FLOP *** [As Jc Qc]
joaopedrofar: bets $0.05
krenz5: calls $0.05
*** TURN *** [As Jc Qc] [7c]
joaopedrofar: bets $0.17
krenz5: calls $0.17
*** RIVER *** [As Jc Qc 7c] [Ah]
joaopedrofar: bets $0.35
krenz5: calls $0.35
*** SHOW DOWN ***
joaopedrofar: shows [3h Kh] (a pair of Aces)
krenz5: shows [9d Ac] (three of a kind, Aces)
krenz5 collected $1.21 from pot
*** SUMMARY ***
Total pot $1.25 | Rake $0.04 
Board [As Jc Qc 7c Ah]
Seat 1: Dorex2007 (big blind) folded before Flop
Seat 2: oh23133 folded before Flop (didn't bet)
Seat 3: Minakhat folded before Flop (didn't bet)
Seat 4: Canguru19 folded before Flop (didn't bet)
Seat 5: joaopedrofar showed [3h Kh] and lost with a pair of Aces
Seat 6: tomashovka55 folded before Flop (didn't bet)
Seat 7: krenz5 showed [9d Ac] and won ($1.21) with three of a kind, Aces
Seat 8: chinomary (button) folded before Flop (didn't bet)
Seat 9: Sysrq03 (small blind) folded before Flop



PokerStars Hand #232680038190:  Hold'em No Limit ($0.01/$0.02 USD) - 2021/12/30 20:44:37 PT [2021/12/30 23:44:37 ET]
Table 'Europa II' 9-max Seat #9 is the button
Seat 1: Dorex2007 ($2 in chips) 
Seat 2: oh23133 ($4.33 in chips) 
Seat 3: Minakhat ($0.80 in chips) 
Seat 4: Canguru19 ($1.29 in chips) 
Seat 5: joaopedrofar ($2.52 in chips) 
Seat 6: tomashovka55 ($4.51 in chips) 
Seat 7: krenz5 ($3.14 in chips) 
Seat 8: chinomary ($0.76 in chips) 
Seat 9: Sysrq03 ($3.25 in chips) 
Dorex2007: posts small blind $0.01
oh23133: posts big blind $0.02
*** HOLE CARDS ***
Dealt to Dorex2007 [2s 5s]
Minakhat: folds 
Canguru19: calls $0.02
joaopedrofar: folds 
tomashovka55: folds 
krenz5 has timed out
krenz5: folds 
chinomary: folds 
Sysrq03: folds 
Dorex2007: folds 
oh23133: checks 
*** FLOP *** [Ad Ah 8d]
oh23133: bets $0.06
Canguru19: calls $0.06
*** TURN *** [Ad Ah 8d] [Th]
oh23133: checks 
Canguru19: bets $0.16
oh23133: folds 
Uncalled bet ($0.16) returned to Canguru19
Canguru19 collected $0.16 from pot
*** SUMMARY ***
Total pot $0.17 | Rake $0.01 
Board [Ad Ah 8d Th]
Seat 1: Dorex2007 (small blind) folded before Flop
Seat 2: oh23133 (big blind) folded on the Turn
Seat 3: Minakhat folded before Flop (didn't bet)
Seat 4: Canguru19 collected ($0.16)
Seat 5: joaopedrofar folded before Flop (didn't bet)
Seat 6: tomashovka55 folded before Flop (didn't bet)
Seat 7: krenz5 folded before Flop (didn't bet)
Seat 8: chinomary folded before Flop (didn't bet)
Seat 9: Sysrq03 (button) folded before Flop (didn't bet)



PokerStars Hand #232680060294:  Hold'em No Limit ($0.01/$0.02 USD) - 2021/12/30 20:45:25 PT [2021/12/30 23:45:25 ET]
Table 'Europa II' 9-max Seat #1 is the button
Seat 1: Dorex2007 ($2 in chips) 
Seat 2: oh23133 ($4.25 in chips) 
Seat 3: Minakhat ($0.80 in chips) 
Seat 4: Canguru19 ($1.37 in chips) 
Seat 5: joaopedrofar ($2.52 in chips) 
Seat 6: tomashovka55 ($4.51 in chips) 
Seat 7: krenz5 ($3.14 in chips) 
Seat 8: chinomary ($0.76 in chips) 
Seat 9: Sysrq03 ($3.25 in chips) 
oh23133: posts small blind $0.01
Minakhat: posts big blind $0.02
*** HOLE CARDS ***
Dealt to Dorex2007 [5s Kh]
Canguru19: folds 
joaopedrofar: raises $0.02 to $0.04
tomashovka55: calls $0.04
krenz5 has timed out
krenz5: folds 
chinomary has timed out
chinomary: folds 
Sysrq03: folds 
Dorex2007: folds 
oh23133: calls $0.03
Minakhat: folds 
*** FLOP *** [3s Jd As]
oh23133: checks 
joaopedrofar: bets $0.06
tomashovka55: calls $0.06
oh23133: calls $0.06
*** TURN *** [3s Jd As] [Ks]
oh23133: checks 
joaopedrofar: bets $0.09
tomashovka55: calls $0.09
oh23133: raises $0.59 to $0.68
joaopedrofar: folds 
tomashovka55: folds [Tc Qc]
Uncalled bet ($0.59) returned to oh23133
oh23133 collected $0.57 from pot
*** SUMMARY ***
Total pot $0.59 | Rake $0.02 
Board [3s Jd As Ks]
Seat 1: Dorex2007 (button) folded before Flop (didn't bet)
Seat 2: oh23133 (small blind) collected ($0.57)
Seat 3: Minakhat (big blind) folded before Flop
Seat 4: Canguru19 folded before Flop (didn't bet)
Seat 5: joaopedrofar folded on the Turn
Seat 6: tomashovka55 folded on the Turn
Seat 7: krenz5 folded before Flop (didn't bet)
Seat 8: chinomary folded before Flop (didn't bet)
Seat 9: Sysrq03 folded before Flop (didn't bet)



PokerStars Hand #232680079849:  Hold'em No Limit ($0.01/$0.02 USD) - 2021/12/30 20:47:05 PT [2021/12/30 23:47:05 ET]
Table 'Europa II' 9-max Seat #2 is the button
Seat 1: Dorex2007 ($2 in chips) 
Seat 2: oh23133 ($4.63 in chips) 
Seat 3: Minakhat ($0.80 in chips) 
Seat 4: Canguru19 ($1.37 in chips) 
Seat 5: joaopedrofar ($2.33 in chips) 
Seat 7: krenz5 ($3.14 in chips) 
Seat 8: chinomary ($0.76 in chips) 
Seat 9: Sysrq03 ($3.25 in chips) 
Minakhat: posts small blind $0.01
Canguru19: posts big blind $0.02
*** HOLE CARDS ***
Dealt to Dorex2007 [8d Kc]
joaopedrofar: calls $0.02
krenz5 has timed out
krenz5: folds 
chinomary: calls $0.02
Sysrq03: folds 
Dorex2007: folds 
oh23133: calls $0.02
Minakhat: folds 
Canguru19: checks 
*** FLOP *** [9c 4c Qs]
Canguru19: checks 
joaopedrofar: bets $0.05
chinomary: folds 
oh23133: folds 
Canguru19: folds 
Uncalled bet ($0.05) returned to joaopedrofar
joaopedrofar collected $0.09 from pot
joaopedrofar: doesn't show hand 
*** SUMMARY ***
Total pot $0.09 | Rake $0 
Board [9c 4c Qs]
Seat 1: Dorex2007 folded before Flop (didn't bet)
Seat 2: oh23133 (button) folded on the Flop
Seat 3: Minakhat (small blind) folded before Flop
Seat 4: Canguru19 (big blind) folded on the Flop
Seat 5: joaopedrofar collected ($0.09)
Seat 7: krenz5 folded before Flop (didn't bet)
Seat 8: chinomary folded on the Flop
Seat 9: Sysrq03 folded before Flop (didn't bet)



PokerStars Hand #232680089188:  Hold'em No Limit ($0.01/$0.02 USD) - 2021/12/30 20:47:53 PT [2021/12/30 23:47:53 ET]
Table 'Europa II' 9-max Seat #3 is the button
Seat 1: Dorex2007 ($2 in chips) 
Seat 2: oh23133 ($4.61 in chips) 
Seat 3: Minakhat ($0.80 in chips) 
Seat 4: Canguru19 ($1.35 in chips) 
Seat 5: joaopedrofar ($2.40 in chips) 
Seat 7: krenz5 ($3.14 in chips) 
Seat 8: chinomary ($0.74 in chips) 
Seat 9: Sysrq03 ($3.25 in chips) 
Canguru19: posts small blind $0.01
joaopedrofar: posts big blind $0.02
*** HOLE CARDS ***
Dealt to Dorex2007 [Kc 7h]
krenz5 has timed out
krenz5: folds 
chinomary: folds 
Sysrq03: folds 
Dorex2007: calls $0.02
oh23133: folds 
Minakhat: folds 
Canguru19: calls $0.01
joaopedrofar: checks 
*** FLOP *** [8c 9h 4c]
Canguru19: checks 
joaopedrofar: checks 
Dorex2007: checks 
*** TURN *** [8c 9h 4c] [7s]
Canguru19: checks 
joaopedrofar: checks 
Dorex2007: bets $0.04
Canguru19: folds 
joaopedrofar: folds 
Uncalled bet ($0.04) returned to Dorex2007
Dorex2007 collected $0.06 from pot
Dorex2007: doesn't show hand 
*** SUMMARY ***
Total pot $0.06 | Rake $0 
Board [8c 9h 4c 7s]
Seat 1: Dorex2007 collected ($0.06)
Seat 2: oh23133 folded before Flop (didn't bet)
Seat 3: Minakhat (button) folded before Flop (didn't bet)
Seat 4: Canguru19 (small blind) folded on the Turn
Seat 5: joaopedrofar (big blind) folded on the Turn
Seat 7: krenz5 folded before Flop (didn't bet)
Seat 8: chinomary folded before Flop (didn't bet)
Seat 9: Sysrq03 folded before Flop (didn't bet)



PokerStars Hand #232680100296:  Hold'em No Limit ($0.01/$0.02 USD) - 2021/12/30 20:48:50 PT [2021/12/30 23:48:50 ET]
Table 'Europa II' 9-max Seat #4 is the button
Seat 1: Dorex2007 ($2.04 in chips) 
Seat 2: oh23133 ($4.61 in chips) 
Seat 3: Minakhat ($0.80 in chips) 
Seat 4: Canguru19 ($1.33 in chips) 
Seat 5: joaopedrofar ($2.38 in chips) 
Seat 8: chinomary ($0.74 in chips) 
Seat 9: Sysrq03 ($3.25 in chips) 
joaopedrofar: posts small blind $0.01
chinomary: posts big blind $0.02
*** HOLE CARDS ***
Dealt to Dorex2007 [2h Td]
Sysrq03: folds 
Dorex2007: folds 
oh23133: calls $0.02
Minakhat: folds 
Canguru19: folds 
joaopedrofar: raises $0.02 to $0.04
chinomary: calls $0.02
oh23133: calls $0.02
*** FLOP *** [Jc 2s Ac]
joaopedrofar: checks 
chinomary: checks 
oh23133: checks 
*** TURN *** [Jc 2s Ac] [8d]
joaopedrofar: bets $0.05
chinomary: calls $0.05
oh23133: folds 
*** RIVER *** [Jc 2s Ac 8d] [2c]
joaopedrofar: bets $0.07
chinomary: folds 
Uncalled bet ($0.07) returned to joaopedrofar
joaopedrofar collected $0.21 from pot
joaopedrofar: doesn't show hand 
*** SUMMARY ***
Total pot $0.22 | Rake $0.01 
Board [Jc 2s Ac 8d 2c]
Seat 1: Dorex2007 folded before Flop (didn't bet)
Seat 2: oh23133 folded on the Turn
Seat 3: Minakhat folded before Flop (didn't bet)
Seat 4: Canguru19 (button) folded before Flop (didn't bet)
Seat 5: joaopedrofar (small blind) collected ($0.21)
Seat 8: chinomary (big blind) folded on the River
Seat 9: Sysrq03 folded before Flop (didn't bet)



PokerStars Hand #232680109885:  Hold'em No Limit ($0.01/$0.02 USD) - 2021/12/30 20:49:40 PT [2021/12/30 23:49:40 ET]
Table 'Europa II' 9-max Seat #5 is the button
Seat 1: Dorex2007 ($2.04 in chips) 
Seat 2: oh23133 ($4.57 in chips) 
Seat 3: Minakhat ($0.80 in chips) 
Seat 4: Canguru19 ($1.33 in chips) 
Seat 5: joaopedrofar ($2.50 in chips) 
Seat 8: chinomary ($0.65 in chips) 
Seat 9: Sysrq03 ($3.25 in chips) 
chinomary: posts small blind $0.01
Sysrq03: posts big blind $0.02
*** HOLE CARDS ***
Dealt to Dorex2007 [4d 5s]
Dorex2007: folds 
oh23133: calls $0.02
Minakhat: calls $0.02
Canguru19: folds 
joaopedrofar: folds 
chinomary: calls $0.01
Sysrq03: checks 
*** FLOP *** [9d Kc Jc]
chinomary: bets $0.02
Sysrq03: folds 
oh23133: calls $0.02
Minakhat: folds 
*** TURN *** [9d Kc Jc] [As]
chinomary: bets $0.02
oh23133: calls $0.02
*** RIVER *** [9d Kc Jc As] [Qs]
chinomary: bets $0.02
oh23133: calls $0.02
*** SHOW DOWN ***
chinomary: shows [2h Kd] (a pair of Kings)
oh23133: mucks hand 
chinomary collected $0.19 from pot
*** SUMMARY ***
Total pot $0.20 | Rake $0.01 
Board [9d Kc Jc As Qs]
Seat 1: Dorex2007 folded before Flop (didn't bet)
Seat 2: oh23133 mucked [Qh 6h]
Seat 3: Minakhat folded on the Flop
Seat 4: Canguru19 folded before Flop (didn't bet)
Seat 5: joaopedrofar (button) folded before Flop (didn't bet)
Seat 8: chinomary (small blind) showed [2h Kd] and won ($0.19) with a pair of Kings
Seat 9: Sysrq03 (big blind) folded on the Flop



PokerStars Hand #232680121909:  Hold'em No Limit ($0.01/$0.02 USD) - 2021/12/30 20:50:25 PT [2021/12/30 23:50:25 ET]
Table 'Europa II' 9-max Seat #8 is the button
Seat 1: Dorex2007 ($2.04 in chips) 
Seat 2: oh23133 ($4.49 in chips) 
Seat 3: Minakhat ($0.80 in chips) 
Seat 4: Canguru19 ($1.33 in chips) 
Seat 5: joaopedrofar ($2.50 in chips) 
Seat 7: krenz5 ($3.14 in chips) 
Seat 8: chinomary ($0.76 in chips) 
Seat 9: Sysrq03 ($3.23 in chips) 
Sysrq03: posts small blind $0.01
Dorex2007: posts big blind $0.02
krenz5: posts small & big blinds $0.03
*** HOLE CARDS ***
Dealt to Dorex2007 [9s Ad]
oh23133: raises $0.06 to $0.08
Minakhat: folds 
Canguru19: calls $0.08
joaopedrofar: folds 
krenz5 has timed out
krenz5: folds 
chinomary: calls $0.08
Sysrq03: folds 
Dorex2007: folds 
*** FLOP *** [6c 2d 4h]
oh23133: bets $0.15
Canguru19: raises $0.15 to $0.30
chinomary: calls $0.30
oh23133: calls $0.15
*** TURN *** [6c 2d 4h] [8h]
oh23133: checks 
Canguru19: bets $0.95 and is all-in
chinomary: calls $0.38 and is all-in
oh23133: folds 
Uncalled bet ($0.57) returned to Canguru19
*** RIVER *** [6c 2d 4h 8h] [3s]
*** SHOW DOWN ***
Canguru19: shows [Qc Qd] (a pair of Queens)
chinomary: shows [7h 6h] (a pair of Sixes)
Canguru19 collected $1.89 from pot
chinomary cashed out the hand for $0.72 | Cash Out Fee $0.01
*** SUMMARY ***
Total pot $1.96 | Rake $0.07 
Board [6c 2d 4h 8h 3s]
Seat 1: Dorex2007 (big blind) folded before Flop
Seat 2: oh23133 folded on the Turn
Seat 3: Minakhat folded before Flop (didn't bet)
Seat 4: Canguru19 showed [Qc Qd] and won ($1.89) with a pair of Queens
Seat 5: joaopedrofar folded before Flop (didn't bet)
Seat 7: krenz5 folded before Flop (didn't bet)
Seat 8: chinomary (button) showed [7h 6h] and lost with a pair of Sixes (cashed out).
Seat 9: Sysrq03 (small blind) folded before Flop



PokerStars Hand #232680138681:  Hold'em No Limit ($0.01/$0.02 USD) - 2021/12/30 20:51:52 PT [2021/12/30 23:51:52 ET]
Table 'Europa II' 9-max Seat #9 is the button
Seat 1: Dorex2007 ($2.02 in chips) 
Seat 2: oh23133 ($4.11 in chips) 
Seat 3: Minakhat ($0.80 in chips) 
Seat 4: Canguru19 ($2.46 in chips) 
Seat 5: joaopedrofar ($2.50 in chips) 
Seat 7: krenz5 ($3.11 in chips) 
Seat 8: chinomary ($0.72 in chips) 
Seat 9: Sysrq03 ($3.22 in chips) 
Dorex2007: posts small blind $0.01
oh23133: posts big blind $0.02
*** HOLE CARDS ***
Dealt to Dorex2007 [4s Jh]
Minakhat: folds 
Canguru19: folds 
joaopedrofar: calls $0.02
krenz5: calls $0.02
chinomary: raises $0.70 to $0.72 and is all-in
Sysrq03: folds 
Dorex2007: folds 
oh23133: folds 
joaopedrofar: folds 
krenz5: folds 
Uncalled bet ($0.70) returned to chinomary
chinomary collected $0.09 from pot
chinomary: doesn't show hand 
*** SUMMARY ***
Total pot $0.09 | Rake $0 
Seat 1: Dorex2007 (small blind) folded before Flop
Seat 2: oh23133 (big blind) folded before Flop
Seat 3: Minakhat folded before Flop (didn't bet)
Seat 4: Canguru19 folded before Flop (didn't bet)
Seat 5: joaopedrofar folded before Flop
Seat 7: krenz5 folded before Flop
Seat 8: chinomary collected ($0.09)
Seat 9: Sysrq03 (button) folded before Flop (didn't bet)



PokerStars Hand #232680146596:  Hold'em No Limit ($0.01/$0.02 USD) - 2021/12/30 20:52:33 PT [2021/12/30 23:52:33 ET]
Table 'Europa II' 9-max Seat #1 is the button
Seat 1: Dorex2007 ($2.01 in chips) 
Seat 2: oh23133 ($4.09 in chips) 
Seat 3: Minakhat ($0.80 in chips) 
Seat 4: Canguru19 ($2.46 in chips) 
Seat 5: joaopedrofar ($2.48 in chips) 
Seat 7: krenz5 ($3.09 in chips) 
Seat 8: chinomary ($0.79 in chips) 
Seat 9: Sysrq03 ($3.22 in chips) 
oh23133: posts small blind $0.01
Minakhat: posts big blind $0.02
tomashovka55: sits out 
*** HOLE CARDS ***
Dealt to Dorex2007 [3d Ah]
Canguru19: folds 
joaopedrofar: folds 
krenz5: calls $0.02
chinomary: folds 
Sysrq03: folds 
Dorex2007: folds 
oh23133: folds 
Minakhat: checks 
*** FLOP *** [7s 2c Kc]
Minakhat: checks 
krenz5: checks 
*** TURN *** [7s 2c Kc] [3s]
Minakhat: checks 
krenz5: checks 
*** RIVER *** [7s 2c Kc 3s] [Jd]
Minakhat: checks 
krenz5 has timed out
krenz5: checks 
*** SHOW DOWN ***
Minakhat: shows [8c 4h] (high card King)
krenz5: shows [Td 6d] (high card King - Jack+Ten kicker)
krenz5 collected $0.05 from pot
*** SUMMARY ***
Total pot $0.05 | Rake $0 
Board [7s 2c Kc 3s Jd]
Seat 1: Dorex2007 (button) folded before Flop (didn't bet)
Seat 2: oh23133 (small blind) folded before Flop
Seat 3: Minakhat (big blind) showed [8c 4h] and lost with high card King
Seat 4: Canguru19 folded before Flop (didn't bet)
Seat 5: joaopedrofar folded before Flop (didn't bet)
Seat 7: krenz5 showed [Td 6d] and won ($0.05) with high card King
Seat 8: chinomary folded before Flop (didn't bet)
Seat 9: Sysrq03 folded before Flop (didn't bet)



PokerStars Hand #232680161647:  Hold'em No Limit ($0.01/$0.02 USD) - 2021/12/30 20:53:52 PT [2021/12/30 23:53:52 ET]
Table 'Europa II' 9-max Seat #2 is the button
Seat 1: Dorex2007 ($2.01 in chips) 
Seat 2: oh23133 ($4.08 in chips) 
Seat 3: Minakhat ($0.80 in chips) 
Seat 4: Canguru19 ($2.46 in chips) 
Seat 5: joaopedrofar ($2.48 in chips) 
Seat 7: krenz5 ($3.12 in chips) 
Seat 8: chinomary ($0.79 in chips) 
Seat 9: Sysrq03 ($3.22 in chips) 
Minakhat: posts small blind $0.01
Canguru19: posts big blind $0.02
tomashovka55: sits out 
*** HOLE CARDS ***
Dealt to Dorex2007 [Tc 8c]
joaopedrofar: folds 
krenz5 has timed out
krenz5: folds 
chinomary: calls $0.02
Sysrq03: folds 
Dorex2007: folds 
oh23133: calls $0.02
Minakhat: calls $0.01
Canguru19: checks 
*** FLOP *** [4s Jd Ts]
Minakhat: checks 
Canguru19: checks 
chinomary: checks 
oh23133: checks 
*** TURN *** [4s Jd Ts] [Ac]
Minakhat: checks 
Canguru19: checks 
chinomary: checks 
oh23133: checks 
*** RIVER *** [4s Jd Ts Ac] [9s]
Minakhat: checks 
Canguru19: checks 
chinomary: checks 
oh23133: checks 
*** SHOW DOWN ***
Minakhat: shows [7d 4d] (a pair of Fours)
Canguru19: mucks hand 
chinomary: shows [Th 5h] (a pair of Tens)
oh23133: mucks hand 
chinomary collected $0.08 from pot
*** SUMMARY ***
Total pot $0.08 | Rake $0 
Board [4s Jd Ts Ac 9s]
Seat 1: Dorex2007 folded before Flop (didn't bet)
Seat 2: oh23133 (button) mucked [6d 4h]
Seat 3: Minakhat (small blind) showed [7d 4d] and lost with a pair of Fours
Seat 4: Canguru19 (big blind) mucked [8s 6h]
Seat 5: joaopedrofar folded before Flop (didn't bet)
Seat 7: krenz5 folded before Flop (didn't bet)
Seat 8: chinomary showed [Th 5h] and won ($0.08) with a pair of Tens
Seat 9: Sysrq03 folded before Flop (didn't bet)



PokerStars Hand #232680174070:  Hold'em No Limit ($0.01/$0.02 USD) - 2021/12/30 20:54:59 PT [2021/12/30 23:54:59 ET]
Table 'Europa II' 9-max Seat #3 is the button
Seat 1: Dorex2007 ($2.01 in chips) 
Seat 2: oh23133 ($4.06 in chips) 
Seat 3: Minakhat ($0.80 in chips) 
Seat 4: Canguru19 ($2.44 in chips) 
Seat 5: joaopedrofar ($2.48 in chips) 
Seat 7: krenz5 ($3.12 in chips) 
Seat 8: chinomary ($0.85 in chips) 
Seat 9: Sysrq03 ($3.22 in chips) 
Canguru19: posts small blind $0.01
joaopedrofar: posts big blind $0.02
tomashovka55: sits out 
*** HOLE CARDS ***
Dealt to Dorex2007 [7c Jh]
krenz5: calls $0.02
chinomary: calls $0.02
Sysrq03: folds 
Dorex2007: folds 
oh23133: calls $0.02
Minakhat: calls $0.02
Canguru19: calls $0.01
joaopedrofar: raises $0.02 to $0.04
krenz5: calls $0.02
chinomary: calls $0.02
oh23133: calls $0.02
Minakhat: calls $0.02
Canguru19: calls $0.02
*** FLOP *** [Ad Kd 6d]
Canguru19: checks 
joaopedrofar: bets $0.04
krenz5: folds 
chinomary: calls $0.04
oh23133: folds 
Minakhat: folds 
Canguru19: folds 
*** TURN *** [Ad Kd 6d] [8h]
joaopedrofar: bets $0.10
chinomary: calls $0.10
*** RIVER *** [Ad Kd 6d 8h] [7d]
joaopedrofar: bets $0.10
chinomary: folds 
Uncalled bet ($0.10) returned to joaopedrofar
joaopedrofar collected $0.50 from pot
joaopedrofar: doesn't show hand 
*** SUMMARY ***
Total pot $0.52 | Rake $0.02 
Board [Ad Kd 6d 8h 7d]
Seat 1: Dorex2007 folded before Flop (didn't bet)
Seat 2: oh23133 folded on the Flop
Seat 3: Minakhat (button) folded on the Flop
Seat 4: Canguru19 (small blind) folded on the Flop
Seat 5: joaopedrofar (big blind) collected ($0.50)
Seat 7: krenz5 folded on the Flop
Seat 8: chinomary folded on the River
Seat 9: Sysrq03 folded before Flop (didn't bet)



PokerStars Hand #232680190748:  Hold'em No Limit ($0.01/$0.02 USD) - 2021/12/30 20:56:46 PT [2021/12/30 23:56:46 ET]
Table 'Europa II' 9-max Seat #4 is the button
Seat 1: Dorex2007 ($2.01 in chips) 
Seat 2: oh23133 ($4.02 in chips) 
Seat 3: Minakhat ($0.80 in chips) 
Seat 4: Canguru19 ($2.40 in chips) 
Seat 5: joaopedrofar ($2.80 in chips) 
Seat 6: tomashovka55 ($4.32 in chips) 
Seat 7: krenz5 ($3.08 in chips) 
Seat 8: chinomary ($0.67 in chips) 
Seat 9: Sysrq03 ($3.22 in chips) 
joaopedrofar: posts small blind $0.01
tomashovka55: posts big blind $0.02
*** HOLE CARDS ***
Dealt to Dorex2007 [Tc Td]
krenz5: folds 
chinomary: calls $0.02
Sysrq03: folds 
Dorex2007: raises $0.02 to $0.04
oh23133: calls $0.04
Minakhat: calls $0.04
Canguru19: folds 
joaopedrofar: calls $0.03
tomashovka55: folds 
chinomary: calls $0.02
*** FLOP *** [Qc 9s Js]
joaopedrofar: checks 
chinomary: checks 
Dorex2007: bets $0.11
oh23133: folds 
Minakhat: folds 
joaopedrofar: folds 
chinomary: folds 
Uncalled bet ($0.11) returned to Dorex2007
Dorex2007 collected $0.21 from pot
Dorex2007: doesn't show hand 
*** SUMMARY ***
Total pot $0.22 | Rake $0.01 
Board [Qc 9s Js]
Seat 1: Dorex2007 collected ($0.21)
Seat 2: oh23133 folded on the Flop
Seat 3: Minakhat folded on the Flop
Seat 4: Canguru19 (button) folded before Flop (didn't bet)
Seat 5: joaopedrofar (small blind) folded on the Flop
Seat 6: tomashovka55 (big blind) folded before Flop
Seat 7: krenz5 folded before Flop (didn't bet)
Seat 8: chinomary folded on the Flop
Seat 9: Sysrq03 folded before Flop (didn't bet)



PokerStars Hand #232680199561:  Hold'em No Limit ($0.01/$0.02 USD) - 2021/12/30 20:57:41 PT [2021/12/30 23:57:41 ET]
Table 'Europa II' 9-max Seat #5 is the button
Seat 1: Dorex2007 ($2.18 in chips) 
Seat 2: oh23133 ($3.98 in chips) 
Seat 3: Minakhat ($0.80 in chips) 
Seat 4: Canguru19 ($2.40 in chips) 
Seat 5: joaopedrofar ($2.76 in chips) 
Seat 6: tomashovka55 ($4.30 in chips) 
Seat 7: krenz5 ($3.08 in chips) 
Seat 8: chinomary ($0.63 in chips) 
Seat 9: Sysrq03 ($3.22 in chips) 
tomashovka55: posts small blind $0.01
krenz5: posts big blind $0.02
*** HOLE CARDS ***
Dealt to Dorex2007 [6s 4h]
chinomary has timed out
chinomary: folds 
Sysrq03: folds 
Dorex2007: folds 
oh23133: folds 
Minakhat: folds 
Canguru19: folds 
joaopedrofar: raises $0.04 to $0.06
tomashovka55: folds 
krenz5: calls $0.04
*** FLOP *** [Tc Ah Ks]
krenz5: checks 
joaopedrofar: bets $0.07
krenz5: calls $0.07
*** TURN *** [Tc Ah Ks] [Qs]
krenz5: bets $0.26
joaopedrofar: folds 
Uncalled bet ($0.26) returned to krenz5
krenz5 collected $0.26 from pot
krenz5: doesn't show hand 
*** SUMMARY ***
Total pot $0.27 | Rake $0.01 
Board [Tc Ah Ks Qs]
Seat 1: Dorex2007 folded before Flop (didn't bet)
Seat 2: oh23133 folded before Flop (didn't bet)
Seat 3: Minakhat folded before Flop (didn't bet)
Seat 4: Canguru19 folded before Flop (didn't bet)
Seat 5: joaopedrofar (button) folded on the Turn
Seat 6: tomashovka55 (small blind) folded before Flop
Seat 7: krenz5 (big blind) collected ($0.26)
Seat 8: chinomary folded before Flop (didn't bet)
Seat 9: Sysrq03 folded before Flop (didn't bet)



PokerStars Hand #232680212911:  Hold'em No Limit ($0.01/$0.02 USD) - 2021/12/30 20:58:35 PT [2021/12/30 23:58:35 ET]
Table 'Europa II' 9-max Seat #6 is the button
Seat 1: Dorex2007 ($2.18 in chips) 
Seat 2: oh23133 ($3.98 in chips) 
Seat 3: Minakhat ($0.80 in chips) 
Seat 4: Canguru19 ($2.40 in chips) 
Seat 5: joaopedrofar ($2.63 in chips) 
Seat 6: tomashovka55 ($4.29 in chips) 
Seat 7: krenz5 ($3.21 in chips) 
Seat 8: chinomary ($0.63 in chips) 
Seat 9: Sysrq03 ($3.22 in chips) 
krenz5: posts small blind $0.01
chinomary: posts big blind $0.02
*** HOLE CARDS ***
Dealt to Dorex2007 [Kc Jh]
Sysrq03: folds 
Dorex2007: folds 
oh23133: folds 
Minakhat: raises $0.03 to $0.05
Canguru19: folds 
joaopedrofar: folds 
tomashovka55: folds 
krenz5: calls $0.04
chinomary: raises $0.03 to $0.08
Minakhat: calls $0.03
krenz5: calls $0.03
*** FLOP *** [5h 9h Th]
krenz5: checks 
chinomary: bets $0.16
Minakhat: folds 
krenz5: folds 
Uncalled bet ($0.16) returned to chinomary
chinomary collected $0.23 from pot
chinomary: doesn't show hand 
*** SUMMARY ***
Total pot $0.24 | Rake $0.01 
Board [5h 9h Th]
Seat 1: Dorex2007 folded before Flop (didn't bet)
Seat 2: oh23133 folded before Flop (didn't bet)
Seat 3: Minakhat folded on the Flop
Seat 4: Canguru19 folded before Flop (didn't bet)
Seat 5: joaopedrofar folded before Flop (didn't bet)
Seat 6: tomashovka55 (button) folded before Flop (didn't bet)
Seat 7: krenz5 (small blind) folded on the Flop
Seat 8: chinomary (big blind) collected ($0.23)
Seat 9: Sysrq03 folded before Flop (didn't bet)



PokerStars Hand #232680224666:  Hold'em No Limit ($0.01/$0.02 USD) - 2021/12/30 20:59:50 PT [2021/12/30 23:59:50 ET]
Table 'Europa II' 9-max Seat #7 is the button
Seat 1: Dorex2007 ($2.18 in chips) 
Seat 2: oh23133 ($3.98 in chips) 
Seat 3: Minakhat ($0.80 in chips) 
Seat 4: Canguru19 ($2.40 in chips) 
Seat 5: joaopedrofar ($2.63 in chips) 
Seat 6: tomashovka55 ($4.29 in chips) 
Seat 7: krenz5 ($3.13 in chips) 
Seat 8: chinomary ($0.78 in chips) 
Seat 9: Sysrq03 ($3.22 in chips) 
chinomary: posts small blind $0.01
Sysrq03: posts big blind $0.02
*** HOLE CARDS ***
Dealt to Dorex2007 [7d 8s]
Dorex2007: folds 
oh23133: folds 
Minakhat: folds 
Canguru19: calls $0.02
joaopedrofar: raises $0.02 to $0.04
tomashovka55: folds 
krenz5: calls $0.04
chinomary: calls $0.03
Sysrq03: folds 
Canguru19: calls $0.02
*** FLOP *** [7h 2h 5c]
chinomary: bets $0.02
Canguru19: calls $0.02
joaopedrofar: raises $0.07 to $0.09
krenz5: calls $0.09
chinomary: calls $0.07
Canguru19: folds 
*** TURN *** [7h 2h 5c] [Ac]
chinomary: bets $0.02
joaopedrofar: raises $0.12 to $0.14
krenz5: raises $0.12 to $0.26
chinomary: calls $0.24
joaopedrofar: folds 
*** RIVER *** [7h 2h 5c Ac] [Js]
chinomary: checks 
krenz5: checks 
*** SHOW DOWN ***
chinomary: shows [8c 6d] (high card Ace)
krenz5: shows [Ks Ah] (a pair of Aces)
krenz5 collected $1.09 from pot
*** SUMMARY ***
Total pot $1.13 | Rake $0.04 
Board [7h 2h 5c Ac Js]
Seat 1: Dorex2007 folded before Flop (didn't bet)
Seat 2: oh23133 folded before Flop (didn't bet)
Seat 3: Minakhat folded before Flop (didn't bet)
Seat 4: Canguru19 folded on the Flop
Seat 5: joaopedrofar folded on the Turn
Seat 6: tomashovka55 folded before Flop (didn't bet)
Seat 7: krenz5 (button) showed [Ks Ah] and won ($1.09) with a pair of Aces
Seat 8: chinomary (small blind) showed [8c 6d] and lost with high card Ace
Seat 9: Sysrq03 (big blind) folded before Flop



