PokerStars Hand #224197950483:  Hold'em No Limit ($0.01/$0.02 USD) - 2021/02/25 5:44:51 PT [2021/02/25 8:44:51 ET]
Table 'Bouzareah' 9-max Seat #3 is the button
Seat 1: GloriousDark ($2.45 in chips) 
Seat 2: evle_1987_ ($0.76 in chips) 
Seat 3: coolDadJimbo ($7.24 in chips) 
Seat 4: Presly79 ($1.53 in chips) 
Seat 5: Dorex2007 ($1.50 in chips) 
Seat 6: TrzymamKolo ($2 in chips) 
Seat 7: 139qmb ($2.13 in chips) 
Seat 8: 2040800 ($1.71 in chips) 
Presly79: posts small blind $0.01
Dorex2007: posts big blind $0.02
*** HOLE CARDS ***
Dealt to Dorex2007 [7h 3s]
TrzymamKolo: folds 
139qmb: folds 
2040800: folds 
GloriousDark: folds 
evle_1987_: folds 
coolDadJimbo: folds 
Presly79: folds 
Uncalled bet ($0.01) returned to Dorex2007
Dorex2007 collected $0.02 from pot
Dorex2007: doesn't show hand 
*** SUMMARY ***
Total pot $0.02 | Rake $0 
Seat 1: GloriousDark folded before Flop (didn't bet)
Seat 2: evle_1987_ folded before Flop (didn't bet)
Seat 3: coolDadJimbo (button) folded before Flop (didn't bet)
Seat 4: Presly79 (small blind) folded before Flop
Seat 5: Dorex2007 (big blind) collected ($0.02)
Seat 6: TrzymamKolo folded before Flop (didn't bet)
Seat 7: 139qmb folded before Flop (didn't bet)
Seat 8: 2040800 folded before Flop (didn't bet)



PokerStars Hand #224197955620:  Hold'em No Limit ($0.01/$0.02 USD) - 2021/02/25 5:45:04 PT [2021/02/25 8:45:04 ET]
Table 'Bouzareah' 9-max Seat #4 is the button
Seat 1: GloriousDark ($2.45 in chips) 
Seat 2: evle_1987_ ($0.76 in chips) 
Seat 3: coolDadJimbo ($7.24 in chips) 
Seat 4: Presly79 ($1.52 in chips) 
Seat 5: Dorex2007 ($1.51 in chips) 
Seat 7: 139qmb ($2.13 in chips) 
Seat 8: 2040800 ($1.71 in chips) 
Dorex2007: posts small blind $0.01
TrzymamKolo: is sitting out 
TrzymamKolo leaves the table
139qmb: posts big blind $0.02
*** HOLE CARDS ***
Dealt to Dorex2007 [As 4c]
2040800: raises $0.04 to $0.06
rmann24 joins the table at seat #6 
GloriousDark: folds 
evle_1987_: folds 
coolDadJimbo: calls $0.06
Presly79: folds 
Dorex2007: folds 
139qmb: folds 
*** FLOP *** [Qs Qc Ad]
2040800: bets $0.07
coolDadJimbo: folds 
Uncalled bet ($0.07) returned to 2040800
2040800 collected $0.14 from pot
*** SUMMARY ***
Total pot $0.15 | Rake $0.01 
Board [Qs Qc Ad]
Seat 1: GloriousDark folded before Flop (didn't bet)
Seat 2: evle_1987_ folded before Flop (didn't bet)
Seat 3: coolDadJimbo folded on the Flop
Seat 4: Presly79 (button) folded before Flop (didn't bet)
Seat 5: Dorex2007 (small blind) folded before Flop
Seat 7: 139qmb (big blind) folded before Flop
Seat 8: 2040800 collected ($0.14)



PokerStars Hand #224197976280:  Hold'em No Limit ($0.01/$0.02 USD) - 2021/02/25 5:46:00 PT [2021/02/25 8:46:00 ET]
Table 'Bouzareah' 9-max Seat #5 is the button
Seat 1: GloriousDark ($2.45 in chips) 
Seat 2: evle_1987_ ($0.76 in chips) 
Seat 3: coolDadJimbo ($7.18 in chips) 
Seat 4: Presly79 ($1.52 in chips) 
Seat 5: Dorex2007 ($1.50 in chips) 
Seat 7: 139qmb ($2.11 in chips) 
Seat 8: 2040800 ($1.79 in chips) 
139qmb: posts small blind $0.01
2040800: posts big blind $0.02
*** HOLE CARDS ***
Dealt to Dorex2007 [9c Kh]
GloriousDark: folds 
evle_1987_: folds 
coolDadJimbo: folds 
Presly79: folds 
Dorex2007: raises $0.04 to $0.06
139qmb: folds 
2040800: calls $0.04
*** FLOP *** [Ks 5s Ah]
2040800: checks 
Dorex2007: bets $0.13
2040800: raises $0.20 to $0.33
Dorex2007: calls $0.20
*** TURN *** [Ks 5s Ah] [Th]
2040800: bets $0.20
Dorex2007: folds 
Uncalled bet ($0.20) returned to 2040800
2040800 collected $0.76 from pot
*** SUMMARY ***
Total pot $0.79 | Rake $0.03 
Board [Ks 5s Ah Th]
Seat 1: GloriousDark folded before Flop (didn't bet)
Seat 2: evle_1987_ folded before Flop (didn't bet)
Seat 3: coolDadJimbo folded before Flop (didn't bet)
Seat 4: Presly79 folded before Flop (didn't bet)
Seat 5: Dorex2007 (button) folded on the Turn
Seat 7: 139qmb (small blind) folded before Flop
Seat 8: 2040800 (big blind) collected ($0.76)



PokerStars Hand #224197998099:  Hold'em No Limit ($0.01/$0.02 USD) - 2021/02/25 5:47:00 PT [2021/02/25 8:47:00 ET]
Table 'Bouzareah' 9-max Seat #7 is the button
Seat 1: GloriousDark ($2.45 in chips) 
Seat 2: evle_1987_ ($0.76 in chips) 
Seat 3: coolDadJimbo ($7.18 in chips) 
Seat 4: Presly79 ($1.52 in chips) 
Seat 5: Dorex2007 ($1.11 in chips) 
Seat 6: rmann24 ($2 in chips) 
Seat 7: 139qmb ($2.10 in chips) 
Seat 8: 2040800 ($2.16 in chips) 
2040800: posts small blind $0.01
GloriousDark: posts big blind $0.02
rmann24: posts big blind $0.02
*** HOLE CARDS ***
Dealt to Dorex2007 [7s Qc]
evle_1987_ has timed out
evle_1987_: folds 
coolDadJimbo: folds 
Presly79: folds 
Dorex2007: folds 
rmann24: checks 
139qmb: folds 
2040800: folds 
GloriousDark: checks 
*** FLOP *** [2h 2c Ad]
GloriousDark: checks 
rmann24: checks 
*** TURN *** [2h 2c Ad] [Kh]
GloriousDark: checks 
rmann24: checks 
*** RIVER *** [2h 2c Ad Kh] [7d]
GloriousDark: checks 
rmann24: checks 
*** SHOW DOWN ***
GloriousDark: shows [4s Js] (a pair of Deuces)
rmann24: mucks hand 
GloriousDark collected $0.05 from pot
*** SUMMARY ***
Total pot $0.05 | Rake $0 
Board [2h 2c Ad Kh 7d]
Seat 1: GloriousDark (big blind) showed [4s Js] and won ($0.05) with a pair of Deuces
Seat 2: evle_1987_ folded before Flop (didn't bet)
Seat 3: coolDadJimbo folded before Flop (didn't bet)
Seat 4: Presly79 folded before Flop (didn't bet)
Seat 5: Dorex2007 folded before Flop (didn't bet)
Seat 6: rmann24 mucked [5d 9c]
Seat 7: 139qmb (button) folded before Flop (didn't bet)
Seat 8: 2040800 (small blind) folded before Flop



PokerStars Hand #224198013534:  Hold'em No Limit ($0.01/$0.02 USD) - 2021/02/25 5:47:42 PT [2021/02/25 8:47:42 ET]
Table 'Bouzareah' 9-max Seat #8 is the button
Seat 1: GloriousDark ($2.48 in chips) 
Seat 2: evle_1987_ ($0.76 in chips) 
Seat 3: coolDadJimbo ($7.18 in chips) 
Seat 4: Presly79 ($1.52 in chips) 
Seat 5: Dorex2007 ($1.50 in chips) 
Seat 6: rmann24 ($1.98 in chips) 
Seat 7: 139qmb ($2.10 in chips) 
Seat 8: 2040800 ($2.15 in chips) 
GloriousDark: posts small blind $0.01
evle_1987_: posts big blind $0.02
*** HOLE CARDS ***
Dealt to Dorex2007 [5d Ad]
coolDadJimbo: folds 
Presly79: folds 
Dorex2007: raises $0.02 to $0.04
rmann24: folds 
139qmb: folds 
2040800: folds 
GloriousDark: folds 
evle_1987_: calls $0.02
*** FLOP *** [8s 5h 2h]
evle_1987_: checks 
Dorex2007: checks 
*** TURN *** [8s 5h 2h] [3c]
evle_1987_: checks 
Dorex2007: checks 
*** RIVER *** [8s 5h 2h 3c] [2c]
evle_1987_: checks 
Dorex2007: checks 
*** SHOW DOWN ***
evle_1987_: shows [Qd Ks] (a pair of Deuces)
Dorex2007: shows [5d Ad] (two pair, Fives and Deuces)
Dorex2007 collected $0.09 from pot
*** SUMMARY ***
Total pot $0.09 | Rake $0 
Board [8s 5h 2h 3c 2c]
Seat 1: GloriousDark (small blind) folded before Flop
Seat 2: evle_1987_ (big blind) showed [Qd Ks] and lost with a pair of Deuces
Seat 3: coolDadJimbo folded before Flop (didn't bet)
Seat 4: Presly79 folded before Flop (didn't bet)
Seat 5: Dorex2007 showed [5d Ad] and won ($0.09) with two pair, Fives and Deuces
Seat 6: rmann24 folded before Flop (didn't bet)
Seat 7: 139qmb folded before Flop (didn't bet)
Seat 8: 2040800 (button) folded before Flop (didn't bet)



PokerStars Hand #224198027492:  Hold'em No Limit ($0.01/$0.02 USD) - 2021/02/25 5:48:20 PT [2021/02/25 8:48:20 ET]
Table 'Bouzareah' 9-max Seat #1 is the button
Seat 1: GloriousDark ($2.47 in chips) 
Seat 2: evle_1987_ ($0.72 in chips) 
Seat 3: coolDadJimbo ($7.18 in chips) 
Seat 4: Presly79 ($1.52 in chips) 
Seat 5: Dorex2007 ($1.55 in chips) 
Seat 6: rmann24 ($2 in chips) 
Seat 7: 139qmb ($2.10 in chips) 
Seat 8: 2040800 ($2.15 in chips) 
Seat 9: Potapkin23 ($5.07 in chips) 
evle_1987_: posts small blind $0.01
coolDadJimbo: posts big blind $0.02
Potapkin23: posts small & big blinds $0.03
*** HOLE CARDS ***
Dealt to Dorex2007 [4s 9c]
Presly79: folds 
Dorex2007: folds 
rmann24: raises $0.02 to $0.04
139qmb: folds 
2040800: calls $0.04
Potapkin23: folds 
GloriousDark: folds 
evle_1987_: folds 
coolDadJimbo: raises $0.13 to $0.17
rmann24: folds 
2040800: calls $0.13
*** FLOP *** [Kh 3d 6s]
coolDadJimbo: bets $0.32
2040800: folds 
Uncalled bet ($0.32) returned to coolDadJimbo
coolDadJimbo collected $0.41 from pot
coolDadJimbo: shows [Ah 8d] (high card Ace)
*** SUMMARY ***
Total pot $0.42 | Rake $0.01 
Board [Kh 3d 6s]
Seat 1: GloriousDark (button) folded before Flop (didn't bet)
Seat 2: evle_1987_ (small blind) folded before Flop
Seat 3: coolDadJimbo (big blind) collected ($0.41)
Seat 4: Presly79 folded before Flop (didn't bet)
Seat 5: Dorex2007 folded before Flop (didn't bet)
Seat 6: rmann24 folded before Flop
Seat 7: 139qmb folded before Flop (didn't bet)
Seat 8: 2040800 folded on the Flop
Seat 9: Potapkin23 folded before Flop (didn't bet)



PokerStars Hand #224198048403:  Hold'em No Limit ($0.01/$0.02 USD) - 2021/02/25 5:49:17 PT [2021/02/25 8:49:17 ET]
Table 'Bouzareah' 9-max Seat #2 is the button
Seat 1: GloriousDark ($2.47 in chips) 
Seat 2: evle_1987_ ($0.71 in chips) 
Seat 3: coolDadJimbo ($7.42 in chips) 
Seat 4: Presly79 ($1.52 in chips) 
Seat 5: Dorex2007 ($1.55 in chips) 
Seat 6: rmann24 ($1.96 in chips) 
Seat 7: 139qmb ($2.10 in chips) 
Seat 8: 2040800 ($1.98 in chips) 
Seat 9: Potapkin23 ($5.04 in chips) 
coolDadJimbo: posts small blind $0.01
Presly79: posts big blind $0.02
*** HOLE CARDS ***
Dealt to Dorex2007 [3s 4c]
Dorex2007: folds 
rmann24: folds 
139qmb: folds 
2040800: folds 
Potapkin23: folds 
GloriousDark: folds 
evle_1987_: raises $0.02 to $0.04
coolDadJimbo: calls $0.03
Presly79: folds 
*** FLOP *** [2c Js Ac]
coolDadJimbo: bets $0.05
evle_1987_: calls $0.05
*** TURN *** [2c Js Ac] [Ks]
coolDadJimbo: bets $0.10
evle_1987_: calls $0.10
*** RIVER *** [2c Js Ac Ks] [2s]
coolDadJimbo: checks 
evle_1987_: checks 
*** SHOW DOWN ***
coolDadJimbo: shows [Ad 8d] (two pair, Aces and Deuces)
evle_1987_: shows [Ah 8s] (two pair, Aces and Deuces)
coolDadJimbo collected $0.20 from pot
evle_1987_ collected $0.19 from pot
*** SUMMARY ***
Total pot $0.40 | Rake $0.01 
Board [2c Js Ac Ks 2s]
Seat 1: GloriousDark folded before Flop (didn't bet)
Seat 2: evle_1987_ (button) showed [Ah 8s] and won ($0.19) with two pair, Aces and Deuces
Seat 3: coolDadJimbo (small blind) showed [Ad 8d] and won ($0.20) with two pair, Aces and Deuces
Seat 4: Presly79 (big blind) folded before Flop
Seat 5: Dorex2007 folded before Flop (didn't bet)
Seat 6: rmann24 folded before Flop (didn't bet)
Seat 7: 139qmb folded before Flop (didn't bet)
Seat 8: 2040800 folded before Flop (didn't bet)
Seat 9: Potapkin23 folded before Flop (didn't bet)



PokerStars Hand #224198069096:  Hold'em No Limit ($0.01/$0.02 USD) - 2021/02/25 5:50:13 PT [2021/02/25 8:50:13 ET]
Table 'Bouzareah' 9-max Seat #3 is the button
Seat 1: GloriousDark ($2.47 in chips) 
Seat 2: evle_1987_ ($0.71 in chips) 
Seat 3: coolDadJimbo ($7.43 in chips) 
Seat 4: Presly79 ($1.50 in chips) 
Seat 5: Dorex2007 ($1.55 in chips) 
Seat 6: rmann24 ($2 in chips) 
Seat 7: 139qmb ($2.10 in chips) 
Seat 8: 2040800 ($1.98 in chips) 
Seat 9: Potapkin23 ($5.04 in chips) 
Presly79: posts small blind $0.01
Dorex2007: posts big blind $0.02
*** HOLE CARDS ***
Dealt to Dorex2007 [3h 2c]
rmann24: folds 
139qmb: folds 
2040800: folds 
Potapkin23: folds 
GloriousDark: folds 
evle_1987_: folds 
coolDadJimbo: folds 
Presly79: calls $0.01
Dorex2007: checks 
*** FLOP *** [Ad Ks 7s]
Presly79: checks 
Dorex2007: checks 
*** TURN *** [Ad Ks 7s] [7d]
Presly79: checks 
Dorex2007: checks 
*** RIVER *** [Ad Ks 7s 7d] [4s]
Presly79: checks 
Dorex2007: bets $0.04
Presly79: folds 
Uncalled bet ($0.04) returned to Dorex2007
Dorex2007 collected $0.04 from pot
Dorex2007: doesn't show hand 
*** SUMMARY ***
Total pot $0.04 | Rake $0 
Board [Ad Ks 7s 7d 4s]
Seat 1: GloriousDark folded before Flop (didn't bet)
Seat 2: evle_1987_ folded before Flop (didn't bet)
Seat 3: coolDadJimbo (button) folded before Flop (didn't bet)
Seat 4: Presly79 (small blind) folded on the River
Seat 5: Dorex2007 (big blind) collected ($0.04)
Seat 6: rmann24 folded before Flop (didn't bet)
Seat 7: 139qmb folded before Flop (didn't bet)
Seat 8: 2040800 folded before Flop (didn't bet)
Seat 9: Potapkin23 folded before Flop (didn't bet)



PokerStars Hand #224198084140:  Hold'em No Limit ($0.01/$0.02 USD) - 2021/02/25 5:50:53 PT [2021/02/25 8:50:53 ET]
Table 'Bouzareah' 9-max Seat #4 is the button
Seat 1: GloriousDark ($2.47 in chips) 
Seat 2: evle_1987_ ($0.71 in chips) 
Seat 3: coolDadJimbo ($7.43 in chips) 
Seat 4: Presly79 ($1.48 in chips) 
Seat 5: Dorex2007 ($1.57 in chips) 
Seat 6: rmann24 ($2 in chips) 
Seat 7: 139qmb ($2.10 in chips) 
Seat 8: 2040800 ($1.98 in chips) 
Seat 9: Potapkin23 ($5.04 in chips) 
Dorex2007: posts small blind $0.01
rmann24: posts big blind $0.02
*** HOLE CARDS ***
Dealt to Dorex2007 [6c 9h]
139qmb: raises $0.04 to $0.06
2040800: folds 
Potapkin23: folds 
GloriousDark: calls $0.06
evle_1987_: folds 
coolDadJimbo: folds 
Presly79: folds 
Dorex2007: folds 
rmann24: folds 
*** FLOP *** [Ts Jd 6d]
139qmb: checks 
GloriousDark: bets $0.06
139qmb: calls $0.06
*** TURN *** [Ts Jd 6d] [7h]
139qmb: checks 
GloriousDark: bets $0.13
139qmb: calls $0.13
*** RIVER *** [Ts Jd 6d 7h] [5h]
139qmb: bets $0.14
GloriousDark: calls $0.14
*** SHOW DOWN ***
139qmb: shows [Js Jh] (three of a kind, Jacks)
GloriousDark: mucks hand 
139qmb collected $0.78 from pot
*** SUMMARY ***
Total pot $0.81 | Rake $0.03 
Board [Ts Jd 6d 7h 5h]
Seat 1: GloriousDark mucked [Ac Jc]
Seat 2: evle_1987_ folded before Flop (didn't bet)
Seat 3: coolDadJimbo folded before Flop (didn't bet)
Seat 4: Presly79 (button) folded before Flop (didn't bet)
Seat 5: Dorex2007 (small blind) folded before Flop
Seat 6: rmann24 (big blind) folded before Flop
Seat 7: 139qmb showed [Js Jh] and won ($0.78) with three of a kind, Jacks
Seat 8: 2040800 folded before Flop (didn't bet)
Seat 9: Potapkin23 folded before Flop (didn't bet)



PokerStars Hand #224198100139:  Hold'em No Limit ($0.01/$0.02 USD) - 2021/02/25 5:51:36 PT [2021/02/25 8:51:36 ET]
Table 'Bouzareah' 9-max Seat #5 is the button
Seat 1: GloriousDark ($2.08 in chips) 
Seat 2: evle_1987_ ($0.71 in chips) 
Seat 3: coolDadJimbo ($7.43 in chips) 
Seat 4: Presly79 ($1.48 in chips) 
Seat 5: Dorex2007 ($1.56 in chips) 
Seat 6: rmann24 ($2 in chips) 
Seat 7: 139qmb ($2.49 in chips) 
Seat 8: 2040800 ($1.98 in chips) 
Seat 9: Potapkin23 ($5.04 in chips) 
rmann24: posts small blind $0.01
139qmb: posts big blind $0.02
*** HOLE CARDS ***
Dealt to Dorex2007 [8h 9h]
2040800: raises $0.02 to $0.04
Potapkin23: folds 
GloriousDark: folds 
evle_1987_: folds 
coolDadJimbo: calls $0.04
Presly79: folds 
Dorex2007: calls $0.04
rmann24: folds 
139qmb: folds 
*** FLOP *** [4d 4c 6d]
2040800: checks 
coolDadJimbo: checks 
Dorex2007: checks 
*** TURN *** [4d 4c 6d] [7s]
2040800: bets $0.07
coolDadJimbo: folds 
Dorex2007: calls $0.07
*** RIVER *** [4d 4c 6d 7s] [Js]
2040800: checks 
Dorex2007: bets $0.14
2040800: folds 
Uncalled bet ($0.14) returned to Dorex2007
Dorex2007 collected $0.28 from pot
Dorex2007: doesn't show hand 
*** SUMMARY ***
Total pot $0.29 | Rake $0.01 
Board [4d 4c 6d 7s Js]
Seat 1: GloriousDark folded before Flop (didn't bet)
Seat 2: evle_1987_ folded before Flop (didn't bet)
Seat 3: coolDadJimbo folded on the Turn
Seat 4: Presly79 folded before Flop (didn't bet)
Seat 5: Dorex2007 (button) collected ($0.28)
Seat 6: rmann24 (small blind) folded before Flop
Seat 7: 139qmb (big blind) folded before Flop
Seat 8: 2040800 folded on the River
Seat 9: Potapkin23 folded before Flop (didn't bet)



PokerStars Hand #224198117908:  Hold'em No Limit ($0.01/$0.02 USD) - 2021/02/25 5:52:23 PT [2021/02/25 8:52:23 ET]
Table 'Bouzareah' 9-max Seat #6 is the button
Seat 1: GloriousDark ($2.08 in chips) 
Seat 2: evle_1987_ ($0.71 in chips) 
Seat 3: coolDadJimbo ($7.39 in chips) 
Seat 4: Presly79 ($1.48 in chips) 
Seat 5: Dorex2007 ($1.73 in chips) 
Seat 6: rmann24 ($1.99 in chips) 
Seat 7: 139qmb ($2.47 in chips) 
Seat 8: 2040800 ($1.87 in chips) 
Seat 9: Potapkin23 ($5.04 in chips) 
139qmb: posts small blind $0.01
2040800: posts big blind $0.02
*** HOLE CARDS ***
Dealt to Dorex2007 [Ks 8d]
Potapkin23: folds 
GloriousDark: folds 
evle_1987_: folds 
coolDadJimbo: folds 
Presly79: folds 
Dorex2007: folds 
rmann24: folds 
139qmb: folds 
Uncalled bet ($0.01) returned to 2040800
2040800 collected $0.02 from pot
*** SUMMARY ***
Total pot $0.02 | Rake $0 
Seat 1: GloriousDark folded before Flop (didn't bet)
Seat 2: evle_1987_ folded before Flop (didn't bet)
Seat 3: coolDadJimbo folded before Flop (didn't bet)
Seat 4: Presly79 folded before Flop (didn't bet)
Seat 5: Dorex2007 folded before Flop (didn't bet)
Seat 6: rmann24 (button) folded before Flop (didn't bet)
Seat 7: 139qmb (small blind) folded before Flop
Seat 8: 2040800 (big blind) collected ($0.02)
Seat 9: Potapkin23 folded before Flop (didn't bet)



PokerStars Hand #224198128778:  Hold'em No Limit ($0.01/$0.02 USD) - 2021/02/25 5:52:53 PT [2021/02/25 8:52:53 ET]
Table 'Bouzareah' 9-max Seat #7 is the button
Seat 1: GloriousDark ($2.08 in chips) 
Seat 2: evle_1987_ ($0.71 in chips) 
Seat 3: coolDadJimbo ($7.39 in chips) 
Seat 4: Presly79 ($1.48 in chips) 
Seat 5: Dorex2007 ($1.73 in chips) 
Seat 6: rmann24 ($1.99 in chips) 
Seat 7: 139qmb ($2.46 in chips) 
Seat 8: 2040800 ($1.88 in chips) 
Seat 9: Potapkin23 ($5.04 in chips) 
2040800: posts small blind $0.01
Potapkin23: posts big blind $0.02
*** HOLE CARDS ***
Dealt to Dorex2007 [6s 9s]
GloriousDark: folds 
evle_1987_: folds 
coolDadJimbo: raises $0.04 to $0.06
Presly79: folds 
Dorex2007: folds 
rmann24: folds 
139qmb: folds 
2040800: folds 
Potapkin23: folds 
Uncalled bet ($0.04) returned to coolDadJimbo
coolDadJimbo collected $0.05 from pot
*** SUMMARY ***
Total pot $0.05 | Rake $0 
Seat 1: GloriousDark folded before Flop (didn't bet)
Seat 2: evle_1987_ folded before Flop (didn't bet)
Seat 3: coolDadJimbo collected ($0.05)
Seat 4: Presly79 folded before Flop (didn't bet)
Seat 5: Dorex2007 folded before Flop (didn't bet)
Seat 6: rmann24 folded before Flop (didn't bet)
Seat 7: 139qmb (button) folded before Flop (didn't bet)
Seat 8: 2040800 (small blind) folded before Flop
Seat 9: Potapkin23 (big blind) folded before Flop



PokerStars Hand #224198172725:  Hold'em No Limit ($0.01/$0.02 USD) - 2021/02/25 5:54:53 PT [2021/02/25 8:54:53 ET]
Table 'Bouzareah' 9-max Seat #6 is the button
Seat 1: GloriousDark ($2.03 in chips) 
Seat 2: evle_1987_ ($0.68 in chips) 
Seat 4: Presly79 ($1.45 in chips) 
Seat 5: Dorex2007 ($1.73 in chips) 
Seat 6: rmann24 ($2.07 in chips) 
Seat 7: 139qmb ($2.44 in chips) 
Seat 8: 2040800 ($1.90 in chips) 
Seat 9: Potapkin23 ($5.04 in chips) 
139qmb: posts small blind $0.01
2040800: posts big blind $0.02
Dorex2007: posts small & big blinds $0.03
*** HOLE CARDS ***
Dealt to Dorex2007 [Ad 4s]
Potapkin23: folds 
GloriousDark: folds 
evle_1987_ has timed out
evle_1987_: folds 
Presly79: folds 
Dorex2007: checks 
rmann24: folds 
139qmb: calls $0.01
2040800: checks 
*** FLOP *** [9c 3c Ts]
139qmb: checks 
2040800: checks 
Dorex2007: checks 
*** TURN *** [9c 3c Ts] [5c]
139qmb: checks 
2040800: bets $0.02
Dorex2007: folds 
139qmb: calls $0.02
*** RIVER *** [9c 3c Ts 5c] [6d]
139qmb: checks 
2040800: checks 
*** SHOW DOWN ***
139qmb: shows [Js 8c] (high card Jack)
2040800: shows [Ac 7d] (high card Ace)
2040800 collected $0.11 from pot
*** SUMMARY ***
Total pot $0.11 | Rake $0 
Board [9c 3c Ts 5c 6d]
Seat 1: GloriousDark folded before Flop (didn't bet)
Seat 2: evle_1987_ folded before Flop (didn't bet)
Seat 4: Presly79 folded before Flop (didn't bet)
Seat 5: Dorex2007 folded on the Turn (didn't bet)
Seat 6: rmann24 (button) folded before Flop (didn't bet)
Seat 7: 139qmb (small blind) showed [Js 8c] and lost with high card Jack
Seat 8: 2040800 (big blind) showed [Ac 7d] and won ($0.11) with high card Ace
Seat 9: Potapkin23 folded before Flop (didn't bet)



PokerStars Hand #224198196525:  Hold'em No Limit ($0.01/$0.02 USD) - 2021/02/25 5:56:09 PT [2021/02/25 8:56:09 ET]
Table 'Bouzareah' 9-max Seat #7 is the button
Seat 1: GloriousDark ($2.03 in chips) 
Seat 2: evle_1987_ ($0.68 in chips) 
Seat 4: Presly79 ($1.45 in chips) 
Seat 5: Dorex2007 ($1.70 in chips) 
Seat 6: rmann24 ($2.07 in chips) 
Seat 7: 139qmb ($2.40 in chips) 
Seat 8: 2040800 ($1.97 in chips) 
Seat 9: Potapkin23 ($5.04 in chips) 
2040800: posts small blind $0.01
Potapkin23: posts big blind $0.02
*** HOLE CARDS ***
Dealt to Dorex2007 [4h 5s]
GloriousDark: folds 
evle_1987_: folds 
Presly79: calls $0.02
Dorex2007: folds 
rmann24: folds 
139qmb: calls $0.02
2040800: calls $0.01
Potapkin23 has timed out
Potapkin23: checks 
*** FLOP *** [9s Qd Qs]
2040800: bets $0.02
Potapkin23: folds 
Presly79: raises $0.08 to $0.10
139qmb: folds 
2040800: folds 
Uncalled bet ($0.08) returned to Presly79
Presly79 collected $0.12 from pot
Presly79: doesn't show hand 
*** SUMMARY ***
Total pot $0.12 | Rake $0 
Board [9s Qd Qs]
Seat 1: GloriousDark folded before Flop (didn't bet)
Seat 2: evle_1987_ folded before Flop (didn't bet)
Seat 4: Presly79 collected ($0.12)
Seat 5: Dorex2007 folded before Flop (didn't bet)
Seat 6: rmann24 folded before Flop (didn't bet)
Seat 7: 139qmb (button) folded on the Flop
Seat 8: 2040800 (small blind) folded on the Flop
Seat 9: Potapkin23 (big blind) folded on the Flop



PokerStars Hand #224198217482:  Hold'em No Limit ($0.01/$0.02 USD) - 2021/02/25 5:57:17 PT [2021/02/25 8:57:17 ET]
Table 'Bouzareah' 9-max Seat #8 is the button
Seat 1: GloriousDark ($2.03 in chips) 
Seat 2: evle_1987_ ($0.68 in chips) 
Seat 4: Presly79 ($1.53 in chips) 
Seat 5: Dorex2007 ($1.70 in chips) 
Seat 6: rmann24 ($2.07 in chips) 
Seat 7: 139qmb ($2.38 in chips) 
Seat 8: 2040800 ($1.93 in chips) 
Seat 9: Potapkin23 ($5.02 in chips) 
Potapkin23: posts small blind $0.01
GloriousDark: posts big blind $0.02
*** HOLE CARDS ***
Dealt to Dorex2007 [Qh Qc]
evle_1987_ has timed out
evle_1987_: folds 
Presly79: folds 
Dorex2007: raises $0.04 to $0.06
rmann24: calls $0.06
139qmb: folds 
2040800: folds 
Potapkin23: raises $0.24 to $0.30
GloriousDark: folds 
Dorex2007: raises $1.40 to $1.70 and is all-in
rmann24: folds 
Potapkin23: folds 
Uncalled bet ($1.40) returned to Dorex2007
Dorex2007 collected $0.68 from pot
Dorex2007: doesn't show hand 
*** SUMMARY ***
Total pot $0.68 | Rake $0 
Seat 1: GloriousDark (big blind) folded before Flop
Seat 2: evle_1987_ folded before Flop (didn't bet)
Seat 4: Presly79 folded before Flop (didn't bet)
Seat 5: Dorex2007 collected ($0.68)
Seat 6: rmann24 folded before Flop
Seat 7: 139qmb folded before Flop (didn't bet)
Seat 8: 2040800 (button) folded before Flop (didn't bet)
Seat 9: Potapkin23 (small blind) folded before Flop



PokerStars Hand #224198231177:  Hold'em No Limit ($0.01/$0.02 USD) - 2021/02/25 5:58:01 PT [2021/02/25 8:58:01 ET]
Table 'Bouzareah' 9-max Seat #9 is the button
Seat 1: GloriousDark ($2.01 in chips) 
Seat 2: evle_1987_ ($0.68 in chips) 
Seat 4: Presly79 ($1.53 in chips) 
Seat 5: Dorex2007 ($2.08 in chips) 
Seat 6: rmann24 ($2.01 in chips) 
Seat 7: 139qmb ($2.38 in chips) 
Seat 8: 2040800 ($1.93 in chips) 
Seat 9: Potapkin23 ($4.72 in chips) 
GloriousDark: posts small blind $0.01
evle_1987_: posts big blind $0.02
*** HOLE CARDS ***
Dealt to Dorex2007 [9h 5c]
Presly79: folds 
Dorex2007: folds 
rmann24: folds 
139qmb: folds 
2040800: raises $0.04 to $0.06
Potapkin23: folds 
GloriousDark: folds 
evle_1987_: calls $0.04
*** FLOP *** [8d 4c Qc]
evle_1987_: checks 
2040800: checks 
*** TURN *** [8d 4c Qc] [Ts]
evle_1987_: checks 
2040800: checks 
*** RIVER *** [8d 4c Qc Ts] [7s]
evle_1987_: checks 
2040800: checks 
*** SHOW DOWN ***
evle_1987_: shows [Ac 9d] (high card Ace)
2040800: shows [Jh Ad] (high card Ace - Queen+Jack kicker)
2040800 collected $0.13 from pot
*** SUMMARY ***
Total pot $0.13 | Rake $0 
Board [8d 4c Qc Ts 7s]
Seat 1: GloriousDark (small blind) folded before Flop
Seat 2: evle_1987_ (big blind) showed [Ac 9d] and lost with high card Ace
Seat 4: Presly79 folded before Flop (didn't bet)
Seat 5: Dorex2007 folded before Flop (didn't bet)
Seat 6: rmann24 folded before Flop (didn't bet)
Seat 7: 139qmb folded before Flop (didn't bet)
Seat 8: 2040800 showed [Jh Ad] and won ($0.13) with high card Ace
Seat 9: Potapkin23 (button) folded before Flop (didn't bet)



PokerStars Hand #224198245935:  Hold'em No Limit ($0.01/$0.02 USD) - 2021/02/25 5:58:48 PT [2021/02/25 8:58:48 ET]
Table 'Bouzareah' 9-max Seat #1 is the button
Seat 1: GloriousDark ($2 in chips) 
Seat 2: evle_1987_ ($0.62 in chips) 
Seat 4: Presly79 ($1.53 in chips) 
Seat 5: Dorex2007 ($2.08 in chips) 
Seat 6: rmann24 ($2.01 in chips) 
Seat 7: 139qmb ($2.38 in chips) 
Seat 8: 2040800 ($2 in chips) 
Seat 9: Potapkin23 ($4.72 in chips) 
evle_1987_: posts small blind $0.01
Presly79: posts big blind $0.02
*** HOLE CARDS ***
Dealt to Dorex2007 [Ac 8d]
Dorex2007: folds 
rmann24: folds 
139qmb: folds 
2040800: folds 
Potapkin23: folds 
GloriousDark: folds 
evle_1987_: folds 
Uncalled bet ($0.01) returned to Presly79
Presly79 collected $0.02 from pot
Presly79: doesn't show hand 
*** SUMMARY ***
Total pot $0.02 | Rake $0 
Seat 1: GloriousDark (button) folded before Flop (didn't bet)
Seat 2: evle_1987_ (small blind) folded before Flop
Seat 4: Presly79 (big blind) collected ($0.02)
Seat 5: Dorex2007 folded before Flop (didn't bet)
Seat 6: rmann24 folded before Flop (didn't bet)
Seat 7: 139qmb folded before Flop (didn't bet)
Seat 8: 2040800 folded before Flop (didn't bet)
Seat 9: Potapkin23 folded before Flop (didn't bet)



PokerStars Hand #224198250810:  Hold'em No Limit ($0.01/$0.02 USD) - 2021/02/25 5:59:04 PT [2021/02/25 8:59:04 ET]
Table 'Bouzareah' 9-max Seat #2 is the button
Seat 1: GloriousDark ($2 in chips) 
Seat 2: evle_1987_ ($0.61 in chips) 
Seat 4: Presly79 ($1.54 in chips) 
Seat 5: Dorex2007 ($2.08 in chips) 
Seat 6: rmann24 ($2.01 in chips) 
Seat 7: 139qmb ($2.38 in chips) 
Seat 8: 2040800 ($2 in chips) 
Seat 9: Potapkin23 ($4.72 in chips) 
Presly79: posts small blind $0.01
Dorex2007: posts big blind $0.02
*** HOLE CARDS ***
Dealt to Dorex2007 [Qs 7h]
rmann24: folds 
139qmb has timed out
139qmb: folds 
2040800: raises $0.02 to $0.04
Potapkin23: folds 
GloriousDark: folds 
evle_1987_: folds 
Presly79: folds 
Dorex2007: calls $0.02
*** FLOP *** [Td Tc Ts]
Dorex2007: checks 
2040800: checks 
*** TURN *** [Td Tc Ts] [4h]
Dorex2007: checks 
2040800: checks 
*** RIVER *** [Td Tc Ts 4h] [7c]
Dorex2007: checks 
2040800: checks 
*** SHOW DOWN ***
Dorex2007: shows [Qs 7h] (a full house, Tens full of Sevens)
2040800: mucks hand 
Dorex2007 collected $0.09 from pot
*** SUMMARY ***
Total pot $0.09 | Rake $0 
Board [Td Tc Ts 4h 7c]
Seat 1: GloriousDark folded before Flop (didn't bet)
Seat 2: evle_1987_ (button) folded before Flop (didn't bet)
Seat 4: Presly79 (small blind) folded before Flop
Seat 5: Dorex2007 (big blind) showed [Qs 7h] and won ($0.09) with a full house, Tens full of Sevens
Seat 6: rmann24 folded before Flop (didn't bet)
Seat 7: 139qmb folded before Flop (didn't bet)
Seat 8: 2040800 mucked [2c Ac]
Seat 9: Potapkin23 folded before Flop (didn't bet)



PokerStars Hand #224198264362:  Hold'em No Limit ($0.01/$0.02 USD) - 2021/02/25 5:59:48 PT [2021/02/25 8:59:48 ET]
Table 'Bouzareah' 9-max Seat #4 is the button
Seat 1: GloriousDark ($2 in chips) 
Seat 2: evle_1987_ ($0.61 in chips) 
Seat 4: Presly79 ($1.53 in chips) 
Seat 5: Dorex2007 ($2.13 in chips) 
Seat 6: rmann24 ($2.01 in chips) 
Seat 7: 139qmb ($2.38 in chips) 
Seat 8: 2040800 ($1.96 in chips) 
Seat 9: Potapkin23 ($4.72 in chips) 
Dorex2007: posts small blind $0.01
rmann24: posts big blind $0.02
*** HOLE CARDS ***
Dealt to Dorex2007 [5s Ks]
139qmb: folds 
2040800: raises $0.04 to $0.06
Potapkin23: folds 
GloriousDark: folds 
evle_1987_: folds 
Presly79: folds 
Dorex2007: folds 
rmann24: folds 
Uncalled bet ($0.04) returned to 2040800
2040800 collected $0.05 from pot
*** SUMMARY ***
Total pot $0.05 | Rake $0 
Seat 1: GloriousDark folded before Flop (didn't bet)
Seat 2: evle_1987_ folded before Flop (didn't bet)
Seat 4: Presly79 (button) folded before Flop (didn't bet)
Seat 5: Dorex2007 (small blind) folded before Flop
Seat 6: rmann24 (big blind) folded before Flop
Seat 7: 139qmb folded before Flop (didn't bet)
Seat 8: 2040800 collected ($0.05)
Seat 9: Potapkin23 folded before Flop (didn't bet)



PokerStars Hand #224198276583:  Hold'em No Limit ($0.01/$0.02 USD) - 2021/02/25 6:00:26 PT [2021/02/25 9:00:26 ET]
Table 'Bouzareah' 9-max Seat #5 is the button
Seat 1: GloriousDark ($2 in chips) 
Seat 2: evle_1987_ ($0.61 in chips) 
Seat 4: Presly79 ($1.53 in chips) 
Seat 5: Dorex2007 ($2.12 in chips) 
Seat 6: rmann24 ($1.99 in chips) 
Seat 7: 139qmb ($2.38 in chips) 
Seat 8: 2040800 ($1.99 in chips) 
Seat 9: Potapkin23 ($4.72 in chips) 
rmann24: posts small blind $0.01
139qmb: posts big blind $0.02
*** HOLE CARDS ***
Dealt to Dorex2007 [Tc 8h]
2040800: folds 
Potapkin23: folds 
GloriousDark: folds 
evle_1987_: folds 
Presly79: folds 
Dorex2007: folds 
rmann24: raises $0.02 to $0.04
139qmb: calls $0.02
*** FLOP *** [2c Qs 7d]
rmann24: checks 
139qmb: bets $0.08
rmann24: calls $0.08
*** TURN *** [2c Qs 7d] [8c]
rmann24: checks 
139qmb: checks 
*** RIVER *** [2c Qs 7d 8c] [Th]
rmann24: checks 
139qmb: checks 
*** SHOW DOWN ***
rmann24: shows [Qd Jh] (a pair of Queens)
139qmb: mucks hand 
rmann24 collected $0.23 from pot
*** SUMMARY ***
Total pot $0.24 | Rake $0.01 
Board [2c Qs 7d 8c Th]
Seat 1: GloriousDark folded before Flop (didn't bet)
Seat 2: evle_1987_ folded before Flop (didn't bet)
Seat 4: Presly79 folded before Flop (didn't bet)
Seat 5: Dorex2007 (button) folded before Flop (didn't bet)
Seat 6: rmann24 (small blind) showed [Qd Jh] and won ($0.23) with a pair of Queens
Seat 7: 139qmb (big blind) mucked [9s Ac]
Seat 8: 2040800 folded before Flop (didn't bet)
Seat 9: Potapkin23 folded before Flop (didn't bet)



PokerStars Hand #224198291010:  Hold'em No Limit ($0.01/$0.02 USD) - 2021/02/25 6:01:09 PT [2021/02/25 9:01:09 ET]
Table 'Bouzareah' 9-max Seat #6 is the button
Seat 1: GloriousDark ($2 in chips) 
Seat 2: evle_1987_ ($0.61 in chips) 
Seat 4: Presly79 ($1.53 in chips) 
Seat 5: Dorex2007 ($2.12 in chips) 
Seat 6: rmann24 ($2.10 in chips) 
Seat 7: 139qmb ($2.26 in chips) 
Seat 8: 2040800 ($1.99 in chips) 
Seat 9: Potapkin23 ($4.72 in chips) 
139qmb: posts small blind $0.01
2040800: posts big blind $0.02
*** HOLE CARDS ***
Dealt to Dorex2007 [Ts Qd]
Potapkin23: folds 
GloriousDark: folds 
evle_1987_: raises $0.04 to $0.06
Presly79: folds 
Dorex2007: folds 
rmann24: folds 
139qmb: calls $0.05
2040800: folds 
*** FLOP *** [5h 9c Ad]
139qmb: checks 
evle_1987_: bets $0.05
139qmb: calls $0.05
*** TURN *** [5h 9c Ad] [4h]
139qmb: checks 
evle_1987_: bets $0.12
139qmb: raises $0.12 to $0.24
evle_1987_: calls $0.12
*** RIVER *** [5h 9c Ad 4h] [Th]
139qmb: bets $0.26
evle_1987_: calls $0.26 and is all-in
*** SHOW DOWN ***
139qmb: shows [5s 5d] (three of a kind, Fives)
evle_1987_: shows [Jc Ah] (a pair of Aces)
139qmb collected $1.20 from pot
*** SUMMARY ***
Total pot $1.24 | Rake $0.04 
Board [5h 9c Ad 4h Th]
Seat 1: GloriousDark folded before Flop (didn't bet)
Seat 2: evle_1987_ showed [Jc Ah] and lost with a pair of Aces
Seat 4: Presly79 folded before Flop (didn't bet)
Seat 5: Dorex2007 folded before Flop (didn't bet)
Seat 6: rmann24 (button) folded before Flop (didn't bet)
Seat 7: 139qmb (small blind) showed [5s 5d] and won ($1.20) with three of a kind, Fives
Seat 8: 2040800 (big blind) folded before Flop
Seat 9: Potapkin23 folded before Flop (didn't bet)



PokerStars Hand #224198320507:  Hold'em No Limit ($0.01/$0.02 USD) - 2021/02/25 6:02:28 PT [2021/02/25 9:02:28 ET]
Table 'Bouzareah' 9-max Seat #7 is the button
Seat 1: GloriousDark ($2 in chips) 
Seat 4: Presly79 ($1.53 in chips) 
Seat 5: Dorex2007 ($2.12 in chips) 
Seat 6: rmann24 ($2.10 in chips) 
Seat 7: 139qmb ($2.85 in chips) 
Seat 8: 2040800 ($1.97 in chips) 
Seat 9: Potapkin23 ($4.72 in chips) 
2040800: posts small blind $0.01
Potapkin23: posts big blind $0.02
*** HOLE CARDS ***
Dealt to Dorex2007 [9h 3c]
GloriousDark: folds 
Presly79: folds 
Dorex2007: folds 
rmann24: folds 
139qmb: raises $0.04 to $0.06
2040800: calls $0.05
Potapkin23: folds 
*** FLOP *** [Ts 2c Qc]
2040800: bets $0.07
139qmb: raises $0.07 to $0.14
2040800: calls $0.07
*** TURN *** [Ts 2c Qc] [8s]
2040800: bets $0.08
139qmb: calls $0.08
*** RIVER *** [Ts 2c Qc 8s] [Jd]
2040800: bets $0.08
139qmb: calls $0.08
*** SHOW DOWN ***
2040800: shows [Js Ad] (a pair of Jacks)
139qmb: shows [Qs Jc] (two pair, Queens and Jacks)
139qmb collected $0.71 from pot
*** SUMMARY ***
Total pot $0.74 | Rake $0.03 
Board [Ts 2c Qc 8s Jd]
Seat 1: GloriousDark folded before Flop (didn't bet)
Seat 4: Presly79 folded before Flop (didn't bet)
Seat 5: Dorex2007 folded before Flop (didn't bet)
Seat 6: rmann24 folded before Flop (didn't bet)
Seat 7: 139qmb (button) showed [Qs Jc] and won ($0.71) with two pair, Queens and Jacks
Seat 8: 2040800 (small blind) showed [Js Ad] and lost with a pair of Jacks
Seat 9: Potapkin23 (big blind) folded before Flop



PokerStars Hand #224198337336:  Hold'em No Limit ($0.01/$0.02 USD) - 2021/02/25 6:03:13 PT [2021/02/25 9:03:13 ET]
Table 'Bouzareah' 9-max Seat #8 is the button
Seat 1: GloriousDark ($2 in chips) 
Seat 2: evle_1987_ ($0.80 in chips) 
Seat 4: Presly79 ($1.53 in chips) 
Seat 5: Dorex2007 ($2.12 in chips) 
Seat 6: rmann24 ($2.10 in chips) 
Seat 7: 139qmb ($3.20 in chips) 
Seat 8: 2040800 ($1.61 in chips) 
Seat 9: Potapkin23 ($4.70 in chips) 
Potapkin23: posts small blind $0.01
GloriousDark: posts big blind $0.02
*** HOLE CARDS ***
Dealt to Dorex2007 [9s 5d]
evle_1987_: folds 
Presly79: folds 
Dorex2007: folds 
rmann24: folds 
139qmb: folds 
2040800: raises $0.04 to $0.06
Potapkin23: calls $0.05
GloriousDark: calls $0.04
*** FLOP *** [2s 8d 4h]
Potapkin23: checks 
GloriousDark: checks 
2040800: bets $0.06
Potapkin23: calls $0.06
GloriousDark: folds 
*** TURN *** [2s 8d 4h] [7s]
Potapkin23: checks 
2040800: bets $0.15
Potapkin23: calls $0.15
*** RIVER *** [2s 8d 4h 7s] [6s]
Potapkin23: bets $0.39
2040800: calls $0.39
*** SHOW DOWN ***
Potapkin23: shows [Qs Js] (a flush, Queen high)
2040800: mucks hand 
Potapkin23 collected $1.33 from pot
*** SUMMARY ***
Total pot $1.38 | Rake $0.05 
Board [2s 8d 4h 7s 6s]
Seat 1: GloriousDark (big blind) folded on the Flop
Seat 2: evle_1987_ folded before Flop (didn't bet)
Seat 4: Presly79 folded before Flop (didn't bet)
Seat 5: Dorex2007 folded before Flop (didn't bet)
Seat 6: rmann24 folded before Flop (didn't bet)
Seat 7: 139qmb folded before Flop (didn't bet)
Seat 8: 2040800 (button) mucked [7c 7h]
Seat 9: Potapkin23 (small blind) showed [Qs Js] and won ($1.33) with a flush, Queen high



PokerStars Hand #224198353453:  Hold'em No Limit ($0.01/$0.02 USD) - 2021/02/25 6:03:56 PT [2021/02/25 9:03:56 ET]
Table 'Bouzareah' 9-max Seat #9 is the button
Seat 1: GloriousDark ($1.94 in chips) 
Seat 2: evle_1987_ ($0.80 in chips) 
Seat 4: Presly79 ($1.53 in chips) 
Seat 5: Dorex2007 ($2.12 in chips) 
Seat 6: rmann24 ($2.10 in chips) 
Seat 7: 139qmb ($3.20 in chips) 
Seat 8: 2040800 ($0.95 in chips) 
Seat 9: Potapkin23 ($5.37 in chips) 
GloriousDark: posts small blind $0.01
evle_1987_: posts big blind $0.02
*** HOLE CARDS ***
Dealt to Dorex2007 [8h Qc]
Presly79: calls $0.02
Dorex2007: folds 
rmann24: folds 
139qmb: folds 
2040800: calls $0.02
Potapkin23: raises $0.06 to $0.08
GloriousDark: folds 
evle_1987_: folds 
Presly79: calls $0.06
2040800: calls $0.06
*** FLOP *** [9h 5c Jh]
Presly79: checks 
2040800: bets $0.04
Potapkin23: calls $0.04
Presly79: calls $0.04
*** TURN *** [9h 5c Jh] [Qd]
Presly79: bets $0.19
2040800: folds 
Potapkin23: calls $0.19
*** RIVER *** [9h 5c Jh Qd] [Ac]
Presly79: checks 
Potapkin23: checks 
*** SHOW DOWN ***
Presly79: shows [Qh Ks] (a pair of Queens)
Potapkin23: mucks hand 
Presly79 collected $0.74 from pot
*** SUMMARY ***
Total pot $0.77 | Rake $0.03 
Board [9h 5c Jh Qd Ac]
Seat 1: GloriousDark (small blind) folded before Flop
Seat 2: evle_1987_ (big blind) folded before Flop
Seat 4: Presly79 showed [Qh Ks] and won ($0.74) with a pair of Queens
Seat 5: Dorex2007 folded before Flop (didn't bet)
Seat 6: rmann24 folded before Flop (didn't bet)
Seat 7: 139qmb folded before Flop (didn't bet)
Seat 8: 2040800 folded on the Turn
Seat 9: Potapkin23 (button) mucked [Qs Ts]



PokerStars Hand #224198371580:  Hold'em No Limit ($0.01/$0.02 USD) - 2021/02/25 6:04:45 PT [2021/02/25 9:04:45 ET]
Table 'Bouzareah' 9-max Seat #1 is the button
Seat 1: GloriousDark ($1.93 in chips) 
Seat 2: evle_1987_ ($0.78 in chips) 
Seat 3: coolDadJimbo ($7.42 in chips) 
Seat 4: Presly79 ($1.96 in chips) 
Seat 5: Dorex2007 ($2.12 in chips) 
Seat 6: rmann24 ($2.10 in chips) 
Seat 7: 139qmb ($3.20 in chips) 
Seat 8: 2040800 ($0.83 in chips) 
Seat 9: Potapkin23 ($5.06 in chips) 
evle_1987_: posts small blind $0.01
coolDadJimbo: posts big blind $0.02
*** HOLE CARDS ***
Dealt to Dorex2007 [6h Kh]
Presly79: folds 
Dorex2007: folds 
rmann24: folds 
139qmb: folds 
2040800: folds 
Potapkin23: raises $0.04 to $0.06
GloriousDark: folds 
evle_1987_: raises $0.15 to $0.21
coolDadJimbo: folds 
Potapkin23: folds 
Uncalled bet ($0.15) returned to evle_1987_
evle_1987_ collected $0.14 from pot
*** SUMMARY ***
Total pot $0.14 | Rake $0 
Seat 1: GloriousDark (button) folded before Flop (didn't bet)
Seat 2: evle_1987_ (small blind) collected ($0.14)
Seat 3: coolDadJimbo (big blind) folded before Flop
Seat 4: Presly79 folded before Flop (didn't bet)
Seat 5: Dorex2007 folded before Flop (didn't bet)
Seat 6: rmann24 folded before Flop (didn't bet)
Seat 7: 139qmb folded before Flop (didn't bet)
Seat 8: 2040800 folded before Flop (didn't bet)
Seat 9: Potapkin23 folded before Flop



PokerStars Hand #224198394071:  Hold'em No Limit ($0.01/$0.02 USD) - 2021/02/25 6:05:45 PT [2021/02/25 9:05:45 ET]
Table 'Bouzareah' 9-max Seat #2 is the button
Seat 1: GloriousDark ($1.93 in chips) 
Seat 2: evle_1987_ ($0.86 in chips) 
Seat 3: coolDadJimbo ($7.40 in chips) 
Seat 4: Presly79 ($1.96 in chips) 
Seat 5: Dorex2007 ($2.12 in chips) 
Seat 6: rmann24 ($2.10 in chips) 
Seat 7: 139qmb ($3.20 in chips) 
Seat 8: 2040800 ($0.83 in chips) 
Seat 9: Potapkin23 ($5 in chips) 
coolDadJimbo: posts small blind $0.01
Presly79: posts big blind $0.02
*** HOLE CARDS ***
Dealt to Dorex2007 [3d 8d]
Dorex2007: folds 
rmann24: folds 
139qmb: folds 
2040800: calls $0.02
Potapkin23: raises $0.10 to $0.12
GloriousDark: folds 
evle_1987_: folds 
coolDadJimbo: calls $0.11
Presly79: folds 
2040800: folds 
*** FLOP *** [6d Ah Qh]
coolDadJimbo: checks 
Potapkin23: bets $0.08
coolDadJimbo: calls $0.08
*** TURN *** [6d Ah Qh] [2d]
coolDadJimbo: checks 
Potapkin23: bets $0.13
coolDadJimbo: calls $0.13
*** RIVER *** [6d Ah Qh 2d] [9c]
coolDadJimbo: checks 
Potapkin23: bets $0.20
coolDadJimbo: calls $0.20
*** SHOW DOWN ***
Potapkin23: shows [Ad Td] (a pair of Aces)
coolDadJimbo: mucks hand 
Potapkin23 collected $1.06 from pot
*** SUMMARY ***
Total pot $1.10 | Rake $0.04 
Board [6d Ah Qh 2d 9c]
Seat 1: GloriousDark folded before Flop (didn't bet)
Seat 2: evle_1987_ (button) folded before Flop (didn't bet)
Seat 3: coolDadJimbo (small blind) mucked [Kh Kd]
Seat 4: Presly79 (big blind) folded before Flop
Seat 5: Dorex2007 folded before Flop (didn't bet)
Seat 6: rmann24 folded before Flop (didn't bet)
Seat 7: 139qmb folded before Flop (didn't bet)
Seat 8: 2040800 folded before Flop
Seat 9: Potapkin23 showed [Ad Td] and won ($1.06) with a pair of Aces



PokerStars Hand #224198426616:  Hold'em No Limit ($0.01/$0.02 USD) - 2021/02/25 6:07:12 PT [2021/02/25 9:07:12 ET]
Table 'Bouzareah' 9-max Seat #3 is the button
Seat 1: GloriousDark ($1.93 in chips) 
Seat 2: evle_1987_ ($0.86 in chips) 
Seat 3: coolDadJimbo ($6.87 in chips) 
Seat 4: Presly79 ($1.94 in chips) 
Seat 5: Dorex2007 ($2.12 in chips) 
Seat 6: rmann24 ($2.10 in chips) 
Seat 7: 139qmb ($3.20 in chips) 
Seat 8: 2040800 ($0.81 in chips) 
Seat 9: Potapkin23 ($5.53 in chips) 
Presly79: posts small blind $0.01
Dorex2007: posts big blind $0.02
*** HOLE CARDS ***
Dealt to Dorex2007 [3s 3h]
rmann24: folds 
139qmb: raises $0.04 to $0.06
2040800: calls $0.06
Potapkin23: folds 
GloriousDark: folds 
evle_1987_: folds 
coolDadJimbo: folds 
Presly79: folds 
Dorex2007: calls $0.04
*** FLOP *** [2h Ac 7h]
Dorex2007: checks 
139qmb: checks 
2040800: checks 
*** TURN *** [2h Ac 7h] [Ah]
Dorex2007: checks 
139qmb: bets $0.08
2040800: calls $0.08
Dorex2007: folds 
*** RIVER *** [2h Ac 7h Ah] [4d]
139qmb: checks 
2040800: bets $0.12
139qmb: folds 
Uncalled bet ($0.12) returned to 2040800
2040800 collected $0.34 from pot
*** SUMMARY ***
Total pot $0.35 | Rake $0.01 
Board [2h Ac 7h Ah 4d]
Seat 1: GloriousDark folded before Flop (didn't bet)
Seat 2: evle_1987_ folded before Flop (didn't bet)
Seat 3: coolDadJimbo (button) folded before Flop (didn't bet)
Seat 4: Presly79 (small blind) folded before Flop
Seat 5: Dorex2007 (big blind) folded on the Turn
Seat 6: rmann24 folded before Flop (didn't bet)
Seat 7: 139qmb folded on the River
Seat 8: 2040800 collected ($0.34)
Seat 9: Potapkin23 folded before Flop (didn't bet)



PokerStars Hand #224198443707:  Hold'em No Limit ($0.01/$0.02 USD) - 2021/02/25 6:07:58 PT [2021/02/25 9:07:58 ET]
Table 'Bouzareah' 9-max Seat #4 is the button
Seat 1: GloriousDark ($1.93 in chips) 
Seat 2: evle_1987_ ($0.86 in chips) 
Seat 3: coolDadJimbo ($6.87 in chips) 
Seat 4: Presly79 ($1.93 in chips) 
Seat 5: Dorex2007 ($2.06 in chips) 
Seat 6: rmann24 ($2.10 in chips) 
Seat 7: 139qmb ($3.06 in chips) 
Seat 8: 2040800 ($1.01 in chips) 
Seat 9: Potapkin23 ($5.53 in chips) 
Dorex2007: posts small blind $0.01
rmann24: posts big blind $0.02
*** HOLE CARDS ***
Dealt to Dorex2007 [Js 6d]
139qmb: folds 
2040800: raises $0.02 to $0.04
Potapkin23: folds 
GloriousDark: folds 
evle_1987_: folds 
coolDadJimbo: raises $0.06 to $0.10
Presly79: calls $0.10
Dorex2007: folds 
rmann24: folds 
2040800: calls $0.06
*** FLOP *** [Qd 3s 5h]
2040800: bets $0.02
coolDadJimbo: raises $0.24 to $0.26
Presly79: calls $0.26
2040800: folds 
*** TURN *** [Qd 3s 5h] [Ks]
coolDadJimbo: bets $0.66
Presly79: calls $0.66
*** RIVER *** [Qd 3s 5h Ks] [6c]
coolDadJimbo: bets $1.06
Presly79: calls $0.91 and is all-in
Uncalled bet ($0.15) returned to coolDadJimbo
*** SHOW DOWN ***
coolDadJimbo: shows [Qc Kc] (two pair, Kings and Queens)
Presly79: shows [Qs Ts] (a pair of Queens)
coolDadJimbo collected $3.87 from pot
*** SUMMARY ***
Total pot $4.01 | Rake $0.14 
Board [Qd 3s 5h Ks 6c]
Seat 1: GloriousDark folded before Flop (didn't bet)
Seat 2: evle_1987_ folded before Flop (didn't bet)
Seat 3: coolDadJimbo showed [Qc Kc] and won ($3.87) with two pair, Kings and Queens
Seat 4: Presly79 (button) showed [Qs Ts] and lost with a pair of Queens
Seat 5: Dorex2007 (small blind) folded before Flop
Seat 6: rmann24 (big blind) folded before Flop
Seat 7: 139qmb folded before Flop (didn't bet)
Seat 8: 2040800 folded on the Flop
Seat 9: Potapkin23 folded before Flop (didn't bet)



PokerStars Hand #224198471126:  Hold'em No Limit ($0.01/$0.02 USD) - 2021/02/25 6:09:11 PT [2021/02/25 9:09:11 ET]
Table 'Bouzareah' 9-max Seat #5 is the button
Seat 1: GloriousDark ($1.93 in chips) 
Seat 2: evle_1987_ ($0.86 in chips) 
Seat 5: Dorex2007 ($2.05 in chips) 
Seat 6: rmann24 ($2.08 in chips) 
Seat 7: 139qmb ($3.06 in chips) 
Seat 8: 2040800 ($0.89 in chips) 
Seat 9: Potapkin23 ($5.53 in chips) 
rmann24: posts small blind $0.01
139qmb: posts big blind $0.02
*** HOLE CARDS ***
Dealt to Dorex2007 [8d 9s]
2040800: raises $0.04 to $0.06
Potapkin23: folds 
GloriousDark: folds 
evle_1987_: folds 
Dorex2007: folds 
rmann24: folds 
139qmb: folds 
Uncalled bet ($0.04) returned to 2040800
2040800 collected $0.05 from pot
*** SUMMARY ***
Total pot $0.05 | Rake $0 
Seat 1: GloriousDark folded before Flop (didn't bet)
Seat 2: evle_1987_ folded before Flop (didn't bet)
Seat 5: Dorex2007 (button) folded before Flop (didn't bet)
Seat 6: rmann24 (small blind) folded before Flop
Seat 7: 139qmb (big blind) folded before Flop
Seat 8: 2040800 collected ($0.05)
Seat 9: Potapkin23 folded before Flop (didn't bet)



PokerStars Hand #224198476972:  Hold'em No Limit ($0.01/$0.02 USD) - 2021/02/25 6:09:27 PT [2021/02/25 9:09:27 ET]
Table 'Bouzareah' 9-max Seat #6 is the button
Seat 1: GloriousDark ($1.93 in chips) 
Seat 2: evle_1987_ ($0.86 in chips) 
Seat 4: Presly79 ($2 in chips) 
Seat 5: Dorex2007 ($2.05 in chips) 
Seat 6: rmann24 ($2.07 in chips) 
Seat 7: 139qmb ($3.04 in chips) 
Seat 8: 2040800 ($0.92 in chips) 
Seat 9: Potapkin23 ($5.53 in chips) 
139qmb: posts small blind $0.01
2040800: posts big blind $0.02
*** HOLE CARDS ***
Dealt to Dorex2007 [5d 2s]
Potapkin23: folds 
GloriousDark: raises $0.04 to $0.06
evle_1987_: raises $0.15 to $0.21
Presly79 is disconnected 
Presly79 is connected 
Presly79: folds 
Dorex2007: folds 
rmann24: folds 
139qmb: folds 
2040800: folds 
GloriousDark: raises $1.72 to $1.93 and is all-in
evle_1987_: calls $0.65 and is all-in
Uncalled bet ($1.07) returned to GloriousDark
*** FLOP *** [Qd 7d 3c]
*** TURN *** [Qd 7d 3c] [5c]
*** RIVER *** [Qd 7d 3c 5c] [6h]
*** SHOW DOWN ***
GloriousDark: shows [Jh Jd] (a pair of Jacks)
evle_1987_: shows [Ah Ac] (a pair of Aces)
evle_1987_ collected $1.69 from pot
*** SUMMARY ***
Total pot $1.75 | Rake $0.06 
Board [Qd 7d 3c 5c 6h]
Seat 1: GloriousDark showed [Jh Jd] and lost with a pair of Jacks
Seat 2: evle_1987_ showed [Ah Ac] and won ($1.69) with a pair of Aces
Seat 4: Presly79 folded before Flop (didn't bet)
Seat 5: Dorex2007 folded before Flop (didn't bet)
Seat 6: rmann24 (button) folded before Flop (didn't bet)
Seat 7: 139qmb (small blind) folded before Flop
Seat 8: 2040800 (big blind) folded before Flop
Seat 9: Potapkin23 folded before Flop (didn't bet)



PokerStars Hand #224198501301:  Hold'em No Limit ($0.01/$0.02 USD) - 2021/02/25 6:10:31 PT [2021/02/25 9:10:31 ET]
Table 'Bouzareah' 9-max Seat #7 is the button
Seat 1: GloriousDark ($1.07 in chips) 
Seat 2: evle_1987_ ($1.69 in chips) 
Seat 4: Presly79 ($2 in chips) 
Seat 5: Dorex2007 ($2.05 in chips) 
Seat 6: rmann24 ($2.07 in chips) 
Seat 7: 139qmb ($3.03 in chips) 
Seat 8: 2040800 ($0.90 in chips) 
Seat 9: Potapkin23 ($5.53 in chips) 
2040800: posts small blind $0.01
Potapkin23: posts big blind $0.02
*** HOLE CARDS ***
Dealt to Dorex2007 [Kc Tc]
GloriousDark: folds 
evle_1987_: folds 
Presly79: folds 
Dorex2007: raises $0.04 to $0.06
rmann24: folds 
139qmb: folds 
2040800: folds 
Potapkin23: calls $0.04
*** FLOP *** [8c 9s 4d]
Potapkin23: checks 
Dorex2007: checks 
*** TURN *** [8c 9s 4d] [9h]
Potapkin23: checks 
Dorex2007: checks 
*** RIVER *** [8c 9s 4d 9h] [7h]
Potapkin23: checks 
Dorex2007: checks 
*** SHOW DOWN ***
Potapkin23: shows [3h 3d] (two pair, Nines and Threes)
Dorex2007: mucks hand 
Potapkin23 collected $0.13 from pot
*** SUMMARY ***
Total pot $0.13 | Rake $0 
Board [8c 9s 4d 9h 7h]
Seat 1: GloriousDark folded before Flop (didn't bet)
Seat 2: evle_1987_ folded before Flop (didn't bet)
Seat 4: Presly79 folded before Flop (didn't bet)
Seat 5: Dorex2007 mucked [Kc Tc]
Seat 6: rmann24 folded before Flop (didn't bet)
Seat 7: 139qmb (button) folded before Flop (didn't bet)
Seat 8: 2040800 (small blind) folded before Flop
Seat 9: Potapkin23 (big blind) showed [3h 3d] and won ($0.13) with two pair, Nines and Threes



PokerStars Hand #224198515650:  Hold'em No Limit ($0.01/$0.02 USD) - 2021/02/25 6:11:10 PT [2021/02/25 9:11:10 ET]
Table 'Bouzareah' 9-max Seat #8 is the button
Seat 1: GloriousDark ($1.07 in chips) 
Seat 2: evle_1987_ ($1.69 in chips) 
Seat 4: Presly79 ($2 in chips) 
Seat 5: Dorex2007 ($1.99 in chips) 
Seat 7: 139qmb ($3.03 in chips) 
Seat 8: 2040800 ($0.89 in chips) 
Seat 9: Potapkin23 ($5.60 in chips) 
Potapkin23: posts small blind $0.01
GloriousDark: posts big blind $0.02
*** HOLE CARDS ***
Dealt to Dorex2007 [7s 4s]
rmann24 leaves the table
evle_1987_: folds 
Presly79: folds 
Dorex2007: folds 
Lagval joins the table at seat #6 
139qmb: raises $0.04 to $0.06
2040800: folds 
Potapkin23: folds 
GloriousDark: calls $0.04
*** FLOP *** [6d 2h 7h]
GloriousDark: checks 
139qmb: checks 
*** TURN *** [6d 2h 7h] [7c]
GloriousDark: checks 
139qmb: bets $0.08
GloriousDark: folds 
Uncalled bet ($0.08) returned to 139qmb
139qmb collected $0.13 from pot
139qmb: doesn't show hand 
*** SUMMARY ***
Total pot $0.13 | Rake $0 
Board [6d 2h 7h 7c]
Seat 1: GloriousDark (big blind) folded on the Turn
Seat 2: evle_1987_ folded before Flop (didn't bet)
Seat 4: Presly79 folded before Flop (didn't bet)
Seat 5: Dorex2007 folded before Flop (didn't bet)
Seat 7: 139qmb collected ($0.13)
Seat 8: 2040800 (button) folded before Flop (didn't bet)
Seat 9: Potapkin23 (small blind) folded before Flop



PokerStars Hand #224198529149:  Hold'em No Limit ($0.01/$0.02 USD) - 2021/02/25 6:11:45 PT [2021/02/25 9:11:45 ET]
Table 'Bouzareah' 9-max Seat #9 is the button
Seat 1: GloriousDark ($1.01 in chips) 
Seat 2: evle_1987_ ($1.69 in chips) 
Seat 4: Presly79 ($2 in chips) 
Seat 5: Dorex2007 ($1.99 in chips) 
Seat 7: 139qmb ($3.10 in chips) 
Seat 8: 2040800 ($0.89 in chips) 
Seat 9: Potapkin23 ($5.59 in chips) 
GloriousDark: posts small blind $0.01
evle_1987_: posts big blind $0.02
Lagval: sits out 
*** HOLE CARDS ***
Dealt to Dorex2007 [6d Ac]
Presly79: calls $0.02
Dorex2007: folds 
139qmb: folds 
2040800: calls $0.02
Potapkin23: folds 
GloriousDark: raises $0.04 to $0.06
evle_1987_: folds 
Presly79: calls $0.04
2040800: calls $0.04
*** FLOP *** [3h 3s 4s]
GloriousDark: checks 
Presly79: checks 
2040800: checks 
*** TURN *** [3h 3s 4s] [3c]
GloriousDark: checks 
Presly79: checks 
2040800: checks 
*** RIVER *** [3h 3s 4s 3c] [5s]
GloriousDark: bets $0.04
Presly79: folds 
2040800: folds 
Uncalled bet ($0.04) returned to GloriousDark
GloriousDark collected $0.19 from pot
GloriousDark: doesn't show hand 
*** SUMMARY ***
Total pot $0.20 | Rake $0.01 
Board [3h 3s 4s 3c 5s]
Seat 1: GloriousDark (small blind) collected ($0.19)
Seat 2: evle_1987_ (big blind) folded before Flop
Seat 4: Presly79 folded on the River
Seat 5: Dorex2007 folded before Flop (didn't bet)
Seat 7: 139qmb folded before Flop (didn't bet)
Seat 8: 2040800 folded on the River
Seat 9: Potapkin23 (button) folded before Flop (didn't bet)



PokerStars Hand #224198558454:  Hold'em No Limit ($0.01/$0.02 USD) - 2021/02/25 6:12:53 PT [2021/02/25 9:12:53 ET]
Table 'Bouzareah' 9-max Seat #1 is the button
Seat 1: GloriousDark ($1.14 in chips) 
Seat 2: evle_1987_ ($1.67 in chips) 
Seat 4: Presly79 ($1.94 in chips) 
Seat 5: Dorex2007 ($1.99 in chips) 
Seat 7: 139qmb ($3.10 in chips) 
Seat 8: 2040800 ($0.83 in chips) 
Seat 9: Potapkin23 ($5.59 in chips) 
evle_1987_: posts small blind $0.01
Presly79: posts big blind $0.02
Lagval: sits out 
*** HOLE CARDS ***
Dealt to Dorex2007 [Kc 3d]
Dorex2007: folds 
139qmb: folds 
2040800: folds 
Potapkin23: raises $0.04 to $0.06
GloriousDark: folds 
evle_1987_: folds 
Presly79: calls $0.04
*** FLOP *** [7d 8h 3c]
Presly79: checks 
Potapkin23: bets $0.07
Presly79: folds 
Uncalled bet ($0.07) returned to Potapkin23
Potapkin23 collected $0.13 from pot
Potapkin23: doesn't show hand 
*** SUMMARY ***
Total pot $0.13 | Rake $0 
Board [7d 8h 3c]
Seat 1: GloriousDark (button) folded before Flop (didn't bet)
Seat 2: evle_1987_ (small blind) folded before Flop
Seat 4: Presly79 (big blind) folded on the Flop
Seat 5: Dorex2007 folded before Flop (didn't bet)
Seat 7: 139qmb folded before Flop (didn't bet)
Seat 8: 2040800 folded before Flop (didn't bet)
Seat 9: Potapkin23 collected ($0.13)



PokerStars Hand #224198570869:  Hold'em No Limit ($0.01/$0.02 USD) - 2021/02/25 6:13:25 PT [2021/02/25 9:13:25 ET]
Table 'Bouzareah' 9-max Seat #2 is the button
Seat 1: GloriousDark ($1.14 in chips) 
Seat 2: evle_1987_ ($1.66 in chips) 
Seat 4: Presly79 ($1.88 in chips) 
Seat 5: Dorex2007 ($1.99 in chips) 
Seat 7: 139qmb ($3.10 in chips) 
Seat 8: 2040800 ($0.83 in chips) 
Seat 9: Potapkin23 ($5.66 in chips) 
Presly79: posts small blind $0.01
Dorex2007: posts big blind $0.02
Lagval: sits out 
*** HOLE CARDS ***
Dealt to Dorex2007 [Td Js]
139qmb: folds 
2040800: folds 
Potapkin23: folds 
GloriousDark: folds 
evle_1987_: raises $0.02 to $0.04
Presly79: folds 
Dorex2007: calls $0.02
*** FLOP *** [Qs Kh 3s]
Dorex2007: checks 
evle_1987_: bets $0.03
Dorex2007: calls $0.03
*** TURN *** [Qs Kh 3s] [5s]
Dorex2007: bets $0.14
evle_1987_: folds 
Uncalled bet ($0.14) returned to Dorex2007
Dorex2007 collected $0.14 from pot
Dorex2007: doesn't show hand 
*** SUMMARY ***
Total pot $0.15 | Rake $0.01 
Board [Qs Kh 3s 5s]
Seat 1: GloriousDark folded before Flop (didn't bet)
Seat 2: evle_1987_ (button) folded on the Turn
Seat 4: Presly79 (small blind) folded before Flop
Seat 5: Dorex2007 (big blind) collected ($0.14)
Seat 7: 139qmb folded before Flop (didn't bet)
Seat 8: 2040800 folded before Flop (didn't bet)
Seat 9: Potapkin23 folded before Flop (didn't bet)



PokerStars Hand #224198590211:  Hold'em No Limit ($0.01/$0.02 USD) - 2021/02/25 6:14:16 PT [2021/02/25 9:14:16 ET]
Table 'Bouzareah' 9-max Seat #4 is the button
Seat 1: GloriousDark ($1.14 in chips) 
Seat 2: evle_1987_ ($1.59 in chips) 
Seat 4: Presly79 ($1.87 in chips) 
Seat 5: Dorex2007 ($2.06 in chips) 
Seat 6: Lagval ($2 in chips) 
Seat 7: 139qmb ($3.10 in chips) 
Seat 8: 2040800 ($0.83 in chips) 
Seat 9: Potapkin23 ($5.66 in chips) 
Dorex2007: posts small blind $0.01
Lagval: posts big blind $0.02
*** HOLE CARDS ***
Dealt to Dorex2007 [Qs 2s]
139qmb: folds 
2040800: raises $0.04 to $0.06
Potapkin23: folds 
Potapkin23 leaves the table
GloriousDark: folds 
evle_1987_: folds 
Presly79: calls $0.06
Dorex2007: folds 
Lagval: folds 
*** FLOP *** [6d Th 2c]
2040800: bets $0.06
Presly79: calls $0.06
*** TURN *** [6d Th 2c] [4c]
2040800: checks 
Presly79: checks 
*** RIVER *** [6d Th 2c 4c] [9h]
2040800: checks 
Presly79: checks 
*** SHOW DOWN ***
2040800: shows [Kd As] (high card Ace)
Presly79: shows [Ad 9d] (a pair of Nines)
Presly79 collected $0.26 from pot
*** SUMMARY ***
Total pot $0.27 | Rake $0.01 
Board [6d Th 2c 4c 9h]
Seat 1: GloriousDark folded before Flop (didn't bet)
Seat 2: evle_1987_ folded before Flop (didn't bet)
Seat 4: Presly79 (button) showed [Ad 9d] and won ($0.26) with a pair of Nines
Seat 5: Dorex2007 (small blind) folded before Flop
Seat 6: Lagval (big blind) folded before Flop
Seat 7: 139qmb folded before Flop (didn't bet)
Seat 8: 2040800 showed [Kd As] and lost with high card Ace
Seat 9: Potapkin23 folded before Flop (didn't bet)



PokerStars Hand #224198604601:  Hold'em No Limit ($0.01/$0.02 USD) - 2021/02/25 6:14:53 PT [2021/02/25 9:14:53 ET]
Table 'Bouzareah' 9-max Seat #5 is the button
Seat 1: GloriousDark ($1.14 in chips) 
Seat 2: evle_1987_ ($1.59 in chips) 
Seat 4: Presly79 ($2.01 in chips) 
Seat 5: Dorex2007 ($2.05 in chips) 
Seat 6: Lagval ($1.98 in chips) 
Seat 7: 139qmb ($3.10 in chips) 
Seat 8: 2040800 ($0.71 in chips) 
Lagval: posts small blind $0.01
139qmb: posts big blind $0.02
*** HOLE CARDS ***
Dealt to Dorex2007 [2s 4c]
2040800: folds 
GloriousDark: folds 
Hiloww joins the table at seat #9 
evle_1987_: folds 
Presly79: calls $0.02
Dorex2007: folds 
Lagval: calls $0.01
139qmb: checks 
*** FLOP *** [4d 4h 6s]
Lagval: checks 
139qmb: checks 
Presly79: checks 
*** TURN *** [4d 4h 6s] [7s]
Lagval: checks 
139qmb: checks 
Presly79: checks 
*** RIVER *** [4d 4h 6s 7s] [7c]
Lagval: checks 
139qmb: checks 
Presly79: checks 
*** SHOW DOWN ***
Lagval: shows [3h Jd] (two pair, Sevens and Fours)
139qmb: shows [9s Ac] (two pair, Sevens and Fours - Ace kicker)
Presly79: shows [Ad 5h] (two pair, Sevens and Fours)
139qmb collected $0.03 from pot
Presly79 collected $0.03 from pot
*** SUMMARY ***
Total pot $0.06 | Rake $0 
Board [4d 4h 6s 7s 7c]
Seat 1: GloriousDark folded before Flop (didn't bet)
Seat 2: evle_1987_ folded before Flop (didn't bet)
Seat 4: Presly79 showed [Ad 5h] and won ($0.03) with two pair, Sevens and Fours
Seat 5: Dorex2007 (button) folded before Flop (didn't bet)
Seat 6: Lagval (small blind) showed [3h Jd] and lost with two pair, Sevens and Fours
Seat 7: 139qmb (big blind) showed [9s Ac] and won ($0.03) with two pair, Sevens and Fours
Seat 8: 2040800 folded before Flop (didn't bet)



PokerStars Hand #224198643103:  Hold'em No Limit ($0.01/$0.02 USD) - 2021/02/25 6:16:14 PT [2021/02/25 9:16:14 ET]
Table 'Bouzareah' 9-max Seat #6 is the button
Seat 1: GloriousDark ($1.14 in chips) 
Seat 2: evle_1987_ ($1.59 in chips) 
Seat 4: Presly79 ($2.02 in chips) 
Seat 5: Dorex2007 ($2.05 in chips) 
Seat 6: Lagval ($1.96 in chips) 
Seat 7: 139qmb ($3.11 in chips) 
Seat 8: 2040800 ($0.71 in chips) 
139qmb: posts small blind $0.01
2040800: posts big blind $0.02
Hiloww: sits out 
*** HOLE CARDS ***
Dealt to Dorex2007 [3h Qh]
GloriousDark: folds 
evle_1987_: folds 
Presly79: calls $0.02
Dorex2007: folds 
Lagval: folds 
139qmb: calls $0.01
2040800: raises $0.04 to $0.06
Presly79: calls $0.04
139qmb: folds 
*** FLOP *** [Kh Jh 6h]
2040800: checks 
Presly79: checks 
*** TURN *** [Kh Jh 6h] [4s]
2040800: bets $0.02
Presly79: folds 
Uncalled bet ($0.02) returned to 2040800
2040800 collected $0.14 from pot
*** SUMMARY ***
Total pot $0.14 | Rake $0 
Board [Kh Jh 6h 4s]
Seat 1: GloriousDark folded before Flop (didn't bet)
Seat 2: evle_1987_ folded before Flop (didn't bet)
Seat 4: Presly79 folded on the Turn
Seat 5: Dorex2007 folded before Flop (didn't bet)
Seat 6: Lagval (button) folded before Flop (didn't bet)
Seat 7: 139qmb (small blind) folded before Flop
Seat 8: 2040800 (big blind) collected ($0.14)



PokerStars Hand #224198658625:  Hold'em No Limit ($0.01/$0.02 USD) - 2021/02/25 6:16:54 PT [2021/02/25 9:16:54 ET]
Table 'Bouzareah' 9-max Seat #7 is the button
Seat 1: GloriousDark ($1.14 in chips) 
Seat 2: evle_1987_ ($1.59 in chips) 
Seat 4: Presly79 ($1.96 in chips) 
Seat 5: Dorex2007 ($2.05 in chips) 
Seat 6: Lagval ($1.96 in chips) 
Seat 7: 139qmb ($3.09 in chips) 
Seat 8: 2040800 ($0.79 in chips) 
Seat 9: Hiloww ($1.13 in chips) 
2040800: posts small blind $0.01
Hiloww: posts big blind $0.02
*** HOLE CARDS ***
Dealt to Dorex2007 [Ad 7s]
GloriousDark: folds 
evle_1987_: folds 
Presly79: calls $0.02
Dorex2007: folds 
Lagval: calls $0.02
139qmb: folds 
2040800: calls $0.01
Hiloww: checks 
*** FLOP *** [3d 9c 5c]
2040800: checks 
Hiloww: checks 
Presly79: checks 
Lagval: checks 
*** TURN *** [3d 9c 5c] [Jd]
2040800: checks 
Hiloww has timed out
Hiloww: checks 
Presly79: checks 
Lagval: checks 
*** RIVER *** [3d 9c 5c Jd] [Qh]
2040800: bets $0.12
Hiloww has timed out
Hiloww: folds 
Presly79 is disconnected 
Presly79 is connected 
Presly79: calls $0.12
Lagval: folds 
*** SHOW DOWN ***
2040800: shows [3c 3h] (three of a kind, Threes)
Presly79: mucks hand 
2040800 collected $0.31 from pot
*** SUMMARY ***
Total pot $0.32 | Rake $0.01 
Board [3d 9c 5c Jd Qh]
Seat 1: GloriousDark folded before Flop (didn't bet)
Seat 2: evle_1987_ folded before Flop (didn't bet)
Seat 4: Presly79 mucked [Tc Qd]
Seat 5: Dorex2007 folded before Flop (didn't bet)
Seat 6: Lagval folded on the River
Seat 7: 139qmb (button) folded before Flop (didn't bet)
Seat 8: 2040800 (small blind) showed [3c 3h] and won ($0.31) with three of a kind, Threes
Seat 9: Hiloww (big blind) folded on the River



PokerStars Hand #224198710698:  Hold'em No Limit ($0.01/$0.02 USD) - 2021/02/25 6:19:11 PT [2021/02/25 9:19:11 ET]
Table 'Bouzareah' 9-max Seat #8 is the button
Seat 2: evle_1987_ ($1.59 in chips) 
Seat 4: Presly79 ($1.82 in chips) 
Seat 5: Dorex2007 ($2.05 in chips) 
Seat 6: Lagval ($1.94 in chips) 
Seat 7: 139qmb ($3.09 in chips) 
Seat 8: 2040800 ($0.96 in chips) 
Seat 9: Hiloww ($1.11 in chips) 
Hiloww: posts small blind $0.01
GloriousDark: is sitting out 
evle_1987_: posts big blind $0.02
*** HOLE CARDS ***
Dealt to Dorex2007 [3c 7s]
GloriousDark leaves the table
Presly79: folds 
Dorex2007: folds 
Lagval: folds 
139qmb: folds 
2040800: folds 
Hiloww: folds 
Uncalled bet ($0.01) returned to evle_1987_
evle_1987_ collected $0.02 from pot
mati230 joins the table at seat #1 
*** SUMMARY ***
Total pot $0.02 | Rake $0 
Seat 2: evle_1987_ (big blind) collected ($0.02)
Seat 4: Presly79 folded before Flop (didn't bet)
Seat 5: Dorex2007 folded before Flop (didn't bet)
Seat 6: Lagval folded before Flop (didn't bet)
Seat 7: 139qmb folded before Flop (didn't bet)
Seat 8: 2040800 (button) folded before Flop (didn't bet)
Seat 9: Hiloww (small blind) folded before Flop



PokerStars Hand #224198722819:  Hold'em No Limit ($0.01/$0.02 USD) - 2021/02/25 6:19:43 PT [2021/02/25 9:19:43 ET]
Table 'Bouzareah' 9-max Seat #9 is the button
Seat 2: evle_1987_ ($1.60 in chips) 
Seat 4: Presly79 ($1.82 in chips) 
Seat 5: Dorex2007 ($2.05 in chips) 
Seat 6: Lagval ($1.94 in chips) 
Seat 7: 139qmb ($3.09 in chips) 
Seat 8: 2040800 ($0.96 in chips) 
Seat 9: Hiloww ($1.10 in chips) 
evle_1987_: posts small blind $0.01
Presly79: posts big blind $0.02
*** HOLE CARDS ***
Dealt to Dorex2007 [4h 5s]
Dorex2007: folds 
Lagval: folds 
139qmb: folds 
2040800: folds 
Hiloww: folds 
evle_1987_: calls $0.01
Presly79: checks 
*** FLOP *** [Kd 2c 4s]
mati230 leaves the table
evle_1987_: checks 
Presly79: checks 
*** TURN *** [Kd 2c 4s] [3h]
Valcor2020 joins the table at seat #1 
evle_1987_: checks 
Valcor2020 leaves the table
Presly79: checks 
*** RIVER *** [Kd 2c 4s 3h] [Tc]
evle_1987_: checks 
Presly79: checks 
*** SHOW DOWN ***
evle_1987_: shows [8c Jh] (high card King)
Presly79: mucks hand 
evle_1987_ collected $0.04 from pot
*** SUMMARY ***
Total pot $0.04 | Rake $0 
Board [Kd 2c 4s 3h Tc]
Seat 2: evle_1987_ (small blind) showed [8c Jh] and won ($0.04) with high card King
Seat 4: Presly79 (big blind) mucked [9c 6h]
Seat 5: Dorex2007 folded before Flop (didn't bet)
Seat 6: Lagval folded before Flop (didn't bet)
Seat 7: 139qmb folded before Flop (didn't bet)
Seat 8: 2040800 folded before Flop (didn't bet)
Seat 9: Hiloww (button) folded before Flop (didn't bet)



PokerStars Hand #224198738635:  Hold'em No Limit ($0.01/$0.02 USD) - 2021/02/25 6:20:24 PT [2021/02/25 9:20:24 ET]
Table 'Bouzareah' 9-max Seat #2 is the button
Seat 2: evle_1987_ ($1.62 in chips) 
Seat 4: Presly79 ($1.80 in chips) 
Seat 5: Dorex2007 ($2.05 in chips) 
Seat 6: Lagval ($1.94 in chips) 
Seat 7: 139qmb ($3.09 in chips) 
Seat 8: 2040800 ($0.96 in chips) 
Seat 9: Hiloww ($1.10 in chips) 
Presly79: posts small blind $0.01
Dorex2007: posts big blind $0.02
*** HOLE CARDS ***
Dealt to Dorex2007 [7s 8d]
Lagval: folds 
139qmb: folds 
2040800: folds 
cornil17 joins the table at seat #1 
Hiloww has timed out
Hiloww: folds 
evle_1987_: folds 
Presly79: raises $0.04 to $0.06
Dorex2007: folds 
Uncalled bet ($0.04) returned to Presly79
Presly79 collected $0.04 from pot
Presly79: doesn't show hand 
*** SUMMARY ***
Total pot $0.04 | Rake $0 
Seat 2: evle_1987_ (button) folded before Flop (didn't bet)
Seat 4: Presly79 (small blind) collected ($0.04)
Seat 5: Dorex2007 (big blind) folded before Flop
Seat 6: Lagval folded before Flop (didn't bet)
Seat 7: 139qmb folded before Flop (didn't bet)
Seat 8: 2040800 folded before Flop (didn't bet)
Seat 9: Hiloww folded before Flop (didn't bet)



PokerStars Hand #224198748087:  Hold'em No Limit ($0.01/$0.02 USD) - 2021/02/25 6:20:49 PT [2021/02/25 9:20:49 ET]
Table 'Bouzareah' 9-max Seat #4 is the button
Seat 2: evle_1987_ ($1.62 in chips) 
Seat 4: Presly79 ($1.82 in chips) 
Seat 5: Dorex2007 ($2.03 in chips) 
Seat 6: Lagval ($1.94 in chips) 
Seat 7: 139qmb ($3.09 in chips) 
Seat 8: 2040800 ($0.96 in chips) 
Dorex2007: posts small blind $0.01
Lagval: posts big blind $0.02
cornil17: sits out 
*** HOLE CARDS ***
Dealt to Dorex2007 [7h 5h]
139qmb has timed out
139qmb: folds 
2040800: folds 
evle_1987_: folds 
Presly79: folds 
Dorex2007: calls $0.01
Lagval: checks 
*** FLOP *** [Qh Qd Jc]
Dorex2007: checks 
Lagval: checks 
*** TURN *** [Qh Qd Jc] [2c]
Dorex2007: checks 
Lagval: checks 
*** RIVER *** [Qh Qd Jc 2c] [5c]
Dorex2007: bets $0.04
Lagval: folds 
Uncalled bet ($0.04) returned to Dorex2007
Dorex2007 collected $0.04 from pot
Dorex2007: doesn't show hand 
*** SUMMARY ***
Total pot $0.04 | Rake $0 
Board [Qh Qd Jc 2c 5c]
Seat 2: evle_1987_ folded before Flop (didn't bet)
Seat 4: Presly79 (button) folded before Flop (didn't bet)
Seat 5: Dorex2007 (small blind) collected ($0.04)
Seat 6: Lagval (big blind) folded on the River
Seat 7: 139qmb folded before Flop (didn't bet)
Seat 8: 2040800 folded before Flop (didn't bet)



PokerStars Hand #224198763449:  Hold'em No Limit ($0.01/$0.02 USD) - 2021/02/25 6:21:29 PT [2021/02/25 9:21:29 ET]
Table 'Bouzareah' 9-max Seat #5 is the button
Seat 2: evle_1987_ ($1.62 in chips) 
Seat 4: Presly79 ($1.82 in chips) 
Seat 5: Dorex2007 ($2.05 in chips) 
Seat 6: Lagval ($1.92 in chips) 
Seat 7: 139qmb ($3.09 in chips) 
Seat 8: 2040800 ($0.96 in chips) 
Seat 9: Hiloww ($1.10 in chips) 
Lagval: posts small blind $0.01
139qmb: posts big blind $0.02
cornil17: sits out 
*** HOLE CARDS ***
Dealt to Dorex2007 [Jd 8h]
2040800: raises $0.04 to $0.06
Hiloww: folds 
evle_1987_: folds 
Presly79: calls $0.06
Dorex2007: folds 
Lagval: folds 
139qmb: folds 
*** FLOP *** [Kc Td 2c]
2040800: checks 
Presly79: checks 
*** TURN *** [Kc Td 2c] [4h]
2040800: checks 
Presly79: bets $0.14
2040800: raises $0.14 to $0.28
Presly79: calls $0.14
*** RIVER *** [Kc Td 2c 4h] [2d]
2040800: bets $0.35
Presly79: folds 
Uncalled bet ($0.35) returned to 2040800
2040800 collected $0.69 from pot
*** SUMMARY ***
Total pot $0.71 | Rake $0.02 
Board [Kc Td 2c 4h 2d]
Seat 2: evle_1987_ folded before Flop (didn't bet)
Seat 4: Presly79 folded on the River
Seat 5: Dorex2007 (button) folded before Flop (didn't bet)
Seat 6: Lagval (small blind) folded before Flop
Seat 7: 139qmb (big blind) folded before Flop
Seat 8: 2040800 collected ($0.69)
Seat 9: Hiloww folded before Flop (didn't bet)



PokerStars Hand #224198782022:  Hold'em No Limit ($0.01/$0.02 USD) - 2021/02/25 6:22:17 PT [2021/02/25 9:22:17 ET]
Table 'Bouzareah' 9-max Seat #6 is the button
Seat 2: evle_1987_ ($1.62 in chips) 
Seat 4: Presly79 ($1.48 in chips) 
Seat 5: Dorex2007 ($2.05 in chips) 
Seat 6: Lagval ($1.91 in chips) 
Seat 7: 139qmb ($3.07 in chips) 
Seat 8: 2040800 ($1.31 in chips) 
Seat 9: Hiloww ($1.10 in chips) 
139qmb: posts small blind $0.01
2040800: posts big blind $0.02
cornil17: sits out 
*** HOLE CARDS ***
Dealt to Dorex2007 [4h 5h]
Hiloww has timed out
Hiloww: folds 
evle_1987_: folds 
Presly79: calls $0.02
Dorex2007: folds 
Lagval: folds 
139qmb: calls $0.01
2040800: checks 
*** FLOP *** [8c 6s Ks]
139qmb: checks 
2040800: checks 
Presly79: bets $0.02
139qmb: folds 
2040800: folds 
Uncalled bet ($0.02) returned to Presly79
Presly79 collected $0.06 from pot
Presly79: doesn't show hand 
*** SUMMARY ***
Total pot $0.06 | Rake $0 
Board [8c 6s Ks]
Seat 2: evle_1987_ folded before Flop (didn't bet)
Seat 4: Presly79 collected ($0.06)
Seat 5: Dorex2007 folded before Flop (didn't bet)
Seat 6: Lagval (button) folded before Flop (didn't bet)
Seat 7: 139qmb (small blind) folded on the Flop
Seat 8: 2040800 (big blind) folded on the Flop
Seat 9: Hiloww folded before Flop (didn't bet)



PokerStars Hand #224198802821:  Hold'em No Limit ($0.01/$0.02 USD) - 2021/02/25 6:23:11 PT [2021/02/25 9:23:11 ET]
Table 'Bouzareah' 9-max Seat #7 is the button
Seat 2: evle_1987_ ($1.62 in chips) 
Seat 4: Presly79 ($1.52 in chips) 
Seat 5: Dorex2007 ($2.05 in chips) 
Seat 6: Lagval ($1.91 in chips) 
Seat 7: 139qmb ($3.05 in chips) 
Seat 8: 2040800 ($1.29 in chips) 
Seat 9: Hiloww ($1.10 in chips) 
2040800: posts small blind $0.01
Hiloww: posts big blind $0.02
cornil17: sits out 
*** HOLE CARDS ***
Dealt to Dorex2007 [7h 9s]
evle_1987_: folds 
Presly79: folds 
Dorex2007: folds 
Lagval: folds 
139qmb: folds 
2040800: calls $0.01
Hiloww: checks 
*** FLOP *** [3s 8c 5s]
2040800: checks 
Hiloww: checks 
*** TURN *** [3s 8c 5s] [Kd]
2040800: checks 
Hiloww: checks 
*** RIVER *** [3s 8c 5s Kd] [Kc]
2040800: bets $0.04
Hiloww: calls $0.04
*** SHOW DOWN ***
2040800: shows [Jh Qc] (a pair of Kings)
Hiloww: shows [5h Qh] (two pair, Kings and Fives)
Hiloww collected $0.12 from pot
*** SUMMARY ***
Total pot $0.12 | Rake $0 
Board [3s 8c 5s Kd Kc]
Seat 2: evle_1987_ folded before Flop (didn't bet)
Seat 4: Presly79 folded before Flop (didn't bet)
Seat 5: Dorex2007 folded before Flop (didn't bet)
Seat 6: Lagval folded before Flop (didn't bet)
Seat 7: 139qmb (button) folded before Flop (didn't bet)
Seat 8: 2040800 (small blind) showed [Jh Qc] and lost with a pair of Kings
Seat 9: Hiloww (big blind) showed [5h Qh] and won ($0.12) with two pair, Kings and Fives



PokerStars Hand #224198835644:  Hold'em No Limit ($0.01/$0.02 USD) - 2021/02/25 6:24:37 PT [2021/02/25 9:24:37 ET]
Table 'Bouzareah' 9-max Seat #8 is the button
Seat 1: cornil17 ($2 in chips) 
Seat 2: evle_1987_ ($1.62 in chips) 
Seat 4: Presly79 ($1.52 in chips) 
Seat 5: Dorex2007 ($2.05 in chips) 
Seat 6: Lagval ($1.91 in chips) 
Seat 7: 139qmb ($3.05 in chips) 
Seat 8: 2040800 ($1.23 in chips) 
Seat 9: Hiloww ($1.16 in chips) 
Hiloww: posts small blind $0.01
cornil17: posts big blind $0.02
*** HOLE CARDS ***
Dealt to Dorex2007 [9s Kc]
evle_1987_: folds 
Presly79: folds 
Dorex2007: folds 
Lagval: folds 
139qmb: folds 
2040800: raises $0.02 to $0.04
Hiloww: folds 
cornil17: raises $0.09 to $0.13
2040800: folds 
Uncalled bet ($0.09) returned to cornil17
cornil17 collected $0.09 from pot
cornil17: doesn't show hand 
*** SUMMARY ***
Total pot $0.09 | Rake $0 
Seat 1: cornil17 (big blind) collected ($0.09)
Seat 2: evle_1987_ folded before Flop (didn't bet)
Seat 4: Presly79 folded before Flop (didn't bet)
Seat 5: Dorex2007 folded before Flop (didn't bet)
Seat 6: Lagval folded before Flop (didn't bet)
Seat 7: 139qmb folded before Flop (didn't bet)
Seat 8: 2040800 (button) folded before Flop
Seat 9: Hiloww (small blind) folded before Flop



PokerStars Hand #224198845232:  Hold'em No Limit ($0.01/$0.02 USD) - 2021/02/25 6:25:02 PT [2021/02/25 9:25:02 ET]
Table 'Bouzareah' 9-max Seat #9 is the button
Seat 1: cornil17 ($2.05 in chips) 
Seat 2: evle_1987_ ($1.62 in chips) 
Seat 4: Presly79 ($1.52 in chips) 
Seat 5: Dorex2007 ($2.05 in chips) 
Seat 6: Lagval ($1.91 in chips) 
Seat 7: 139qmb ($3.05 in chips) 
Seat 8: 2040800 ($1.19 in chips) 
Seat 9: Hiloww ($1.15 in chips) 
cornil17: posts small blind $0.01
evle_1987_: posts big blind $0.02
*** HOLE CARDS ***
Dealt to Dorex2007 [4h 2s]
Presly79: calls $0.02
Dorex2007: folds 
Lagval: folds 
139qmb has timed out
139qmb: folds 
2040800: folds 
Hiloww: folds 
cornil17: calls $0.01
evle_1987_: checks 
*** FLOP *** [Th 6h Kd]
cornil17: checks 
evle_1987_: checks 
Presly79: checks 
*** TURN *** [Th 6h Kd] [9h]
cornil17: checks 
evle_1987_: checks 
Presly79: bets $0.06
cornil17: folds 
evle_1987_: folds 
Uncalled bet ($0.06) returned to Presly79
Presly79 collected $0.06 from pot
Presly79: doesn't show hand 
*** SUMMARY ***
Total pot $0.06 | Rake $0 
Board [Th 6h Kd 9h]
Seat 1: cornil17 (small blind) folded on the Turn
Seat 2: evle_1987_ (big blind) folded on the Turn
Seat 4: Presly79 collected ($0.06)
Seat 5: Dorex2007 folded before Flop (didn't bet)
Seat 6: Lagval folded before Flop (didn't bet)
Seat 7: 139qmb folded before Flop (didn't bet)
Seat 8: 2040800 folded before Flop (didn't bet)
Seat 9: Hiloww (button) folded before Flop (didn't bet)



PokerStars Hand #224198879006:  Hold'em No Limit ($0.01/$0.02 USD) - 2021/02/25 6:26:32 PT [2021/02/25 9:26:32 ET]
Table 'Bouzareah' 9-max Seat #1 is the button
Seat 1: cornil17 ($2.03 in chips) 
Seat 2: evle_1987_ ($1.60 in chips) 
Seat 4: Presly79 ($1.56 in chips) 
Seat 5: Dorex2007 ($2.05 in chips) 
Seat 6: Lagval ($1.91 in chips) 
Seat 7: 139qmb ($3.05 in chips) 
Seat 8: 2040800 ($1.19 in chips) 
Seat 9: Hiloww ($1.15 in chips) 
evle_1987_: posts small blind $0.01
Presly79: posts big blind $0.02
*** HOLE CARDS ***
Dealt to Dorex2007 [Ks Jc]
Dorex2007: folds 
Lagval: folds 
139qmb: folds 
2040800: folds 
Hiloww: folds 
cornil17: folds 
evle_1987_: calls $0.01
Presly79: checks 
*** FLOP *** [5h 8h Kc]
evle_1987_: checks 
Presly79: checks 
*** TURN *** [5h 8h Kc] [2s]
evle_1987_: checks 
Presly79: checks 
*** RIVER *** [5h 8h Kc 2s] [Jd]
evle_1987_: checks 
Presly79: checks 
*** SHOW DOWN ***
evle_1987_: shows [7c Th] (high card King)
Presly79: shows [2c 6d] (a pair of Deuces)
Presly79 collected $0.04 from pot
*** SUMMARY ***
Total pot $0.04 | Rake $0 
Board [5h 8h Kc 2s Jd]
Seat 1: cornil17 (button) folded before Flop (didn't bet)
Seat 2: evle_1987_ (small blind) showed [7c Th] and lost with high card King
Seat 4: Presly79 (big blind) showed [2c 6d] and won ($0.04) with a pair of Deuces
Seat 5: Dorex2007 folded before Flop (didn't bet)
Seat 6: Lagval folded before Flop (didn't bet)
Seat 7: 139qmb folded before Flop (didn't bet)
Seat 8: 2040800 folded before Flop (didn't bet)
Seat 9: Hiloww folded before Flop (didn't bet)



PokerStars Hand #224198897518:  Hold'em No Limit ($0.01/$0.02 USD) - 2021/02/25 6:27:20 PT [2021/02/25 9:27:20 ET]
Table 'Bouzareah' 9-max Seat #2 is the button
Seat 1: cornil17 ($2.03 in chips) 
Seat 2: evle_1987_ ($1.58 in chips) 
Seat 4: Presly79 ($1.58 in chips) 
Seat 5: Dorex2007 ($2.05 in chips) 
Seat 6: Lagval ($1.91 in chips) 
Seat 7: 139qmb ($3.05 in chips) 
Seat 8: 2040800 ($1.19 in chips) 
Seat 9: Hiloww ($1.15 in chips) 
Presly79: posts small blind $0.01
Dorex2007: posts big blind $0.02
*** HOLE CARDS ***
Dealt to Dorex2007 [7d 6h]
Lagval: folds 
139qmb: folds 
2040800: raises $0.02 to $0.04
Hiloww: folds 
cornil17: calls $0.04
evle_1987_: calls $0.04
Presly79: calls $0.03
Dorex2007: folds 
*** FLOP *** [Ad As Kh]
Presly79: checks 
2040800: bets $0.02
cornil17: calls $0.02
evle_1987_: calls $0.02
Presly79: calls $0.02
*** TURN *** [Ad As Kh] [9s]
Presly79: checks 
2040800: checks 
cornil17: checks 
evle_1987_: checks 
*** RIVER *** [Ad As Kh 9s] [4d]
Presly79: checks 
2040800: checks 
cornil17: bets $0.08
evle_1987_: calls $0.08
Presly79: folds 
2040800: folds 
*** SHOW DOWN ***
cornil17: shows [9c Ac] (a full house, Aces full of Nines)
evle_1987_: mucks hand 
cornil17 collected $0.41 from pot
*** SUMMARY ***
Total pot $0.42 | Rake $0.01 
Board [Ad As Kh 9s 4d]
Seat 1: cornil17 showed [9c Ac] and won ($0.41) with a full house, Aces full of Nines
Seat 2: evle_1987_ (button) mucked [Kc 6c]
Seat 4: Presly79 (small blind) folded on the River
Seat 5: Dorex2007 (big blind) folded before Flop
Seat 6: Lagval folded before Flop (didn't bet)
Seat 7: 139qmb folded before Flop (didn't bet)
Seat 8: 2040800 folded on the River
Seat 9: Hiloww folded before Flop (didn't bet)



PokerStars Hand #224198929093:  Hold'em No Limit ($0.01/$0.02 USD) - 2021/02/25 6:28:44 PT [2021/02/25 9:28:44 ET]
Table 'Bouzareah' 9-max Seat #4 is the button
Seat 1: cornil17 ($2.30 in chips) 
Seat 2: evle_1987_ ($1.44 in chips) 
Seat 4: Presly79 ($1.52 in chips) 
Seat 5: Dorex2007 ($2.03 in chips) 
Seat 6: Lagval ($1.91 in chips) 
Seat 7: 139qmb ($3.05 in chips) 
Seat 8: 2040800 ($1.13 in chips) 
Seat 9: Hiloww ($1.15 in chips) 
Dorex2007: posts small blind $0.01
Lagval: posts big blind $0.02
coolDadJimbo: sits out 
*** HOLE CARDS ***
Dealt to Dorex2007 [6h 4d]
139qmb: folds 
2040800: folds 
Hiloww: calls $0.02
cornil17: calls $0.02
evle_1987_: folds 
Presly79: calls $0.02
Dorex2007: folds 
Lagval: checks 
*** FLOP *** [7s 7d As]
Lagval: checks 
Hiloww: checks 
cornil17: checks 
Presly79: bets $0.09
Lagval: folds 
Hiloww: calls $0.09
cornil17: folds 
*** TURN *** [7s 7d As] [4c]
Hiloww: checks 
Presly79: checks 
*** RIVER *** [7s 7d As 4c] [3d]
Hiloww: bets $0.13
Presly79: folds 
Uncalled bet ($0.13) returned to Hiloww
Hiloww collected $0.26 from pot
Hiloww: doesn't show hand 
*** SUMMARY ***
Total pot $0.27 | Rake $0.01 
Board [7s 7d As 4c 3d]
Seat 1: cornil17 folded on the Flop
Seat 2: evle_1987_ folded before Flop (didn't bet)
Seat 4: Presly79 (button) folded on the River
Seat 5: Dorex2007 (small blind) folded before Flop
Seat 6: Lagval (big blind) folded on the Flop
Seat 7: 139qmb folded before Flop (didn't bet)
Seat 8: 2040800 folded before Flop (didn't bet)
Seat 9: Hiloww collected ($0.26)



PokerStars Hand #224198977737:  Hold'em No Limit ($0.01/$0.02 USD) - 2021/02/25 6:30:51 PT [2021/02/25 9:30:51 ET]
Table 'Bouzareah' 9-max Seat #7 is the button
Seat 1: cornil17 ($2.28 in chips) 
Seat 2: evle_1987_ ($1.44 in chips) 
Seat 4: Presly79 ($1.41 in chips) 
Seat 5: Dorex2007 ($2.02 in chips) 
Seat 6: Lagval ($1.87 in chips) 
Seat 7: 139qmb ($3.04 in chips) 
Seat 8: 2040800 ($1.11 in chips) 
Seat 9: Hiloww ($1.30 in chips) 
2040800: posts small blind $0.01
Hiloww: posts big blind $0.02
coolDadJimbo: sits out 
*** HOLE CARDS ***
Dealt to Dorex2007 [Js 5c]
cornil17: folds 
evle_1987_ has timed out
evle_1987_: folds 
Presly79: folds 
Presly79 leaves the table
Dorex2007: folds 
Lagval: calls $0.02
139qmb: calls $0.02
2040800: calls $0.01
Hiloww: checks 
*** FLOP *** [9d 6c 3d]
2040800: checks 
Hiloww: checks 
Lagval: checks 
139qmb: bets $0.06
2040800: folds 
Hiloww: calls $0.06
Lagval: folds 
*** TURN *** [9d 6c 3d] [Ac]
Hiloww: bets $0.15
139qmb: folds 
Uncalled bet ($0.15) returned to Hiloww
Hiloww collected $0.19 from pot
Hiloww: doesn't show hand 
*** SUMMARY ***
Total pot $0.20 | Rake $0.01 
Board [9d 6c 3d Ac]
Seat 1: cornil17 folded before Flop (didn't bet)
Seat 2: evle_1987_ folded before Flop (didn't bet)
Seat 4: Presly79 folded before Flop (didn't bet)
Seat 5: Dorex2007 folded before Flop (didn't bet)
Seat 6: Lagval folded on the Flop
Seat 7: 139qmb (button) folded on the Turn
Seat 8: 2040800 (small blind) folded on the Flop
Seat 9: Hiloww (big blind) collected ($0.19)



PokerStars Hand #224199003457:  Hold'em No Limit ($0.01/$0.02 USD) - 2021/02/25 6:31:58 PT [2021/02/25 9:31:58 ET]
Table 'Bouzareah' 9-max Seat #8 is the button
Seat 1: cornil17 ($2.28 in chips) 
Seat 2: evle_1987_ ($1.44 in chips) 
Seat 5: Dorex2007 ($2.02 in chips) 
Seat 6: Lagval ($1.85 in chips) 
Seat 7: 139qmb ($2.96 in chips) 
Seat 8: 2040800 ($1.09 in chips) 
Seat 9: Hiloww ($1.41 in chips) 
Hiloww: posts small blind $0.01
cornil17: posts big blind $0.02
coolDadJimbo: sits out 
*** HOLE CARDS ***
Dealt to Dorex2007 [Qs 7d]
evle_1987_: folds 
Dorex2007: folds 
Lagval: calls $0.02
Komrad1318 joins the table at seat #4 
139qmb: folds 
2040800: folds 
Hiloww: calls $0.01
cornil17: checks 
*** FLOP *** [5d 8d 6h]
Hiloww: checks 
cornil17: checks 
Lagval: checks 
*** TURN *** [5d 8d 6h] [6s]
Hiloww: checks 
cornil17: bets $0.04
Lagval: folds 
Hiloww: folds 
Uncalled bet ($0.04) returned to cornil17
cornil17 collected $0.06 from pot
cornil17: doesn't show hand 
*** SUMMARY ***
Total pot $0.06 | Rake $0 
Board [5d 8d 6h 6s]
Seat 1: cornil17 (big blind) collected ($0.06)
Seat 2: evle_1987_ folded before Flop (didn't bet)
Seat 5: Dorex2007 folded before Flop (didn't bet)
Seat 6: Lagval folded on the Turn
Seat 7: 139qmb folded before Flop (didn't bet)
Seat 8: 2040800 (button) folded before Flop (didn't bet)
Seat 9: Hiloww (small blind) folded on the Turn



PokerStars Hand #224199029880:  Hold'em No Limit ($0.01/$0.02 USD) - 2021/02/25 6:33:07 PT [2021/02/25 9:33:07 ET]
Table 'Bouzareah' 9-max Seat #9 is the button
Seat 1: cornil17 ($2.32 in chips) 
Seat 2: evle_1987_ ($1.44 in chips) 
Seat 5: Dorex2007 ($2.02 in chips) 
Seat 6: Lagval ($1.83 in chips) 
Seat 7: 139qmb ($2.96 in chips) 
Seat 8: 2040800 ($1.09 in chips) 
Seat 9: Hiloww ($1.39 in chips) 
cornil17: posts small blind $0.01
evle_1987_: posts big blind $0.02
coolDadJimbo: sits out 
Komrad1318: sits out 
*** HOLE CARDS ***
Dealt to Dorex2007 [Tc 4d]
Dorex2007: folds 
Lagval: folds 
139qmb: folds 
2040800: folds 
Hiloww: calls $0.02
cornil17: calls $0.01
evle_1987_: checks 
*** FLOP *** [8c 2c 5h]
cornil17: checks 
evle_1987_: checks 
Hiloww: bets $0.05
cornil17: folds 
evle_1987_: folds 
Uncalled bet ($0.05) returned to Hiloww
Hiloww collected $0.06 from pot
Hiloww: doesn't show hand 
*** SUMMARY ***
Total pot $0.06 | Rake $0 
Board [8c 2c 5h]
Seat 1: cornil17 (small blind) folded on the Flop
Seat 2: evle_1987_ (big blind) folded on the Flop
Seat 5: Dorex2007 folded before Flop (didn't bet)
Seat 6: Lagval folded before Flop (didn't bet)
Seat 7: 139qmb folded before Flop (didn't bet)
Seat 8: 2040800 folded before Flop (didn't bet)
Seat 9: Hiloww (button) collected ($0.06)



PokerStars Hand #224199047173:  Hold'em No Limit ($0.01/$0.02 USD) - 2021/02/25 6:33:51 PT [2021/02/25 9:33:51 ET]
Table 'Bouzareah' 9-max Seat #1 is the button
Seat 1: cornil17 ($2.30 in chips) 
Seat 2: evle_1987_ ($1.42 in chips) 
Seat 3: coolDadJimbo ($8.81 in chips) 
Seat 5: Dorex2007 ($2.02 in chips) 
Seat 6: Lagval ($1.83 in chips) 
Seat 7: 139qmb ($2.96 in chips) 
Seat 8: 2040800 ($1.09 in chips) 
Seat 9: Hiloww ($1.43 in chips) 
evle_1987_: posts small blind $0.01
coolDadJimbo: posts big blind $0.02
Komrad1318: sits out 
*** HOLE CARDS ***
Dealt to Dorex2007 [5d 6h]
Dorex2007: folds 
Lagval: folds 
139qmb: folds 
2040800: folds 
Hiloww has timed out
Hiloww: folds 
cornil17: folds 
evle_1987_: calls $0.01
coolDadJimbo: checks 
*** FLOP *** [5h 4d 4c]
evle_1987_: checks 
coolDadJimbo: checks 
*** TURN *** [5h 4d 4c] [8c]
evle_1987_: checks 
coolDadJimbo: checks 
*** RIVER *** [5h 4d 4c 8c] [Tc]
evle_1987_: checks 
coolDadJimbo: checks 
*** SHOW DOWN ***
evle_1987_: shows [Qd 7h] (a pair of Fours)
coolDadJimbo: mucks hand 
evle_1987_ collected $0.04 from pot
*** SUMMARY ***
Total pot $0.04 | Rake $0 
Board [5h 4d 4c 8c Tc]
Seat 1: cornil17 (button) folded before Flop (didn't bet)
Seat 2: evle_1987_ (small blind) showed [Qd 7h] and won ($0.04) with a pair of Fours
Seat 3: coolDadJimbo (big blind) mucked [9s Jh]
Seat 5: Dorex2007 folded before Flop (didn't bet)
Seat 6: Lagval folded before Flop (didn't bet)
Seat 7: 139qmb folded before Flop (didn't bet)
Seat 8: 2040800 folded before Flop (didn't bet)
Seat 9: Hiloww folded before Flop (didn't bet)



PokerStars Hand #224199066995:  Hold'em No Limit ($0.01/$0.02 USD) - 2021/02/25 6:34:42 PT [2021/02/25 9:34:42 ET]
Table 'Bouzareah' 9-max Seat #2 is the button
Seat 1: cornil17 ($2.30 in chips) 
Seat 2: evle_1987_ ($1.44 in chips) 
Seat 3: coolDadJimbo ($8.79 in chips) 
Seat 4: Komrad1318 ($1.60 in chips) 
Seat 5: Dorex2007 ($2.02 in chips) 
Seat 6: Lagval ($1.83 in chips) 
Seat 7: 139qmb ($2.96 in chips) 
Seat 8: 2040800 ($1.09 in chips) 
Seat 9: Hiloww ($1.43 in chips) 
coolDadJimbo: posts small blind $0.01
Komrad1318: posts big blind $0.02
*** HOLE CARDS ***
Dealt to Dorex2007 [4s 7s]
Dorex2007: folds 
Lagval: folds 
139qmb: folds 
2040800: folds 
Hiloww: folds 
cornil17: folds 
evle_1987_: raises $0.02 to $0.04
coolDadJimbo: folds 
Komrad1318: calls $0.02
*** FLOP *** [Ac Ks Js]
Komrad1318: checks 
evle_1987_: checks 
*** TURN *** [Ac Ks Js] [3d]
Komrad1318: bets $0.06
evle_1987_: folds 
Uncalled bet ($0.06) returned to Komrad1318
Komrad1318 collected $0.09 from pot
*** SUMMARY ***
Total pot $0.09 | Rake $0 
Board [Ac Ks Js 3d]
Seat 1: cornil17 folded before Flop (didn't bet)
Seat 2: evle_1987_ (button) folded on the Turn
Seat 3: coolDadJimbo (small blind) folded before Flop
Seat 4: Komrad1318 (big blind) collected ($0.09)
Seat 5: Dorex2007 folded before Flop (didn't bet)
Seat 6: Lagval folded before Flop (didn't bet)
Seat 7: 139qmb folded before Flop (didn't bet)
Seat 8: 2040800 folded before Flop (didn't bet)
Seat 9: Hiloww folded before Flop (didn't bet)



PokerStars Hand #224199085422:  Hold'em No Limit ($0.01/$0.02 USD) - 2021/02/25 6:35:29 PT [2021/02/25 9:35:29 ET]
Table 'Bouzareah' 9-max Seat #3 is the button
Seat 1: cornil17 ($2.30 in chips) 
Seat 2: evle_1987_ ($1.40 in chips) 
Seat 3: coolDadJimbo ($8.78 in chips) 
Seat 4: Komrad1318 ($1.65 in chips) 
Seat 5: Dorex2007 ($2.02 in chips) 
Seat 6: Lagval ($1.83 in chips) 
Seat 7: 139qmb ($2.96 in chips) 
Seat 8: 2040800 ($1.09 in chips) 
Seat 9: Hiloww ($1.43 in chips) 
Komrad1318: posts small blind $0.01
Dorex2007: posts big blind $0.02
*** HOLE CARDS ***
Dealt to Dorex2007 [4c Qd]
Lagval: folds 
139qmb: folds 
2040800: folds 
Hiloww: folds 
cornil17: folds 
evle_1987_: folds 
coolDadJimbo: raises $0.05 to $0.07
Komrad1318: folds 
Dorex2007: folds 
Uncalled bet ($0.05) returned to coolDadJimbo
coolDadJimbo collected $0.05 from pot
*** SUMMARY ***
Total pot $0.05 | Rake $0 
Seat 1: cornil17 folded before Flop (didn't bet)
Seat 2: evle_1987_ folded before Flop (didn't bet)
Seat 3: coolDadJimbo (button) collected ($0.05)
Seat 4: Komrad1318 (small blind) folded before Flop
Seat 5: Dorex2007 (big blind) folded before Flop
Seat 6: Lagval folded before Flop (didn't bet)
Seat 7: 139qmb folded before Flop (didn't bet)
Seat 8: 2040800 folded before Flop (didn't bet)
Seat 9: Hiloww folded before Flop (didn't bet)



PokerStars Hand #224199098992:  Hold'em No Limit ($0.01/$0.02 USD) - 2021/02/25 6:35:59 PT [2021/02/25 9:35:59 ET]
Table 'Bouzareah' 9-max Seat #4 is the button
Seat 1: cornil17 ($2.30 in chips) 
Seat 2: evle_1987_ ($1.40 in chips) 
Seat 3: coolDadJimbo ($8.81 in chips) 
Seat 4: Komrad1318 ($1.64 in chips) 
Seat 5: Dorex2007 ($2 in chips) 
Seat 6: Lagval ($1.83 in chips) 
Seat 7: 139qmb ($2.96 in chips) 
Seat 8: 2040800 ($1.09 in chips) 
Seat 9: Hiloww ($1.43 in chips) 
Dorex2007: posts small blind $0.01
Lagval: posts big blind $0.02
*** HOLE CARDS ***
Dealt to Dorex2007 [Ts 9h]
139qmb: raises $0.04 to $0.06
2040800: folds 
Hiloww: folds 
cornil17: folds 
evle_1987_: folds 
coolDadJimbo: calls $0.06
Komrad1318: folds 
Dorex2007: folds 
Lagval: folds 
*** FLOP *** [Jh Kh 4s]
139qmb: bets $0.10
coolDadJimbo: folds 
Uncalled bet ($0.10) returned to 139qmb
139qmb collected $0.14 from pot
139qmb: doesn't show hand 
*** SUMMARY ***
Total pot $0.15 | Rake $0.01 
Board [Jh Kh 4s]
Seat 1: cornil17 folded before Flop (didn't bet)
Seat 2: evle_1987_ folded before Flop (didn't bet)
Seat 3: coolDadJimbo folded on the Flop
Seat 4: Komrad1318 (button) folded before Flop (didn't bet)
Seat 5: Dorex2007 (small blind) folded before Flop
Seat 6: Lagval (big blind) folded before Flop
Seat 7: 139qmb collected ($0.14)
Seat 8: 2040800 folded before Flop (didn't bet)
Seat 9: Hiloww folded before Flop (didn't bet)



PokerStars Hand #224199109962:  Hold'em No Limit ($0.01/$0.02 USD) - 2021/02/25 6:36:28 PT [2021/02/25 9:36:28 ET]
Table 'Bouzareah' 9-max Seat #5 is the button
Seat 1: cornil17 ($2.30 in chips) 
Seat 2: evle_1987_ ($1.40 in chips) 
Seat 3: coolDadJimbo ($8.75 in chips) 
Seat 4: Komrad1318 ($1.64 in chips) 
Seat 5: Dorex2007 ($1.99 in chips) 
Seat 6: Lagval ($1.81 in chips) 
Seat 7: 139qmb ($3.04 in chips) 
Seat 8: 2040800 ($1.09 in chips) 
Seat 9: Hiloww ($1.43 in chips) 
Lagval: posts small blind $0.01
139qmb: posts big blind $0.02
*** HOLE CARDS ***
Dealt to Dorex2007 [4h Jd]
2040800: folds 
Hiloww: folds 
cornil17: folds 
evle_1987_: raises $0.04 to $0.06
coolDadJimbo: raises $0.10 to $0.16
Komrad1318: folds 
Dorex2007: folds 
Lagval: folds 
139qmb: folds 
evle_1987_: calls $0.10
*** FLOP *** [2c 6s Ah]
evle_1987_: checks 
coolDadJimbo: bets $0.17
evle_1987_: calls $0.17
*** TURN *** [2c 6s Ah] [3h]
evle_1987_: checks 
coolDadJimbo: bets $0.52
2040800 leaves the table
Kramwiz joins the table at seat #8 
evle_1987_: calls $0.52
*** RIVER *** [2c 6s Ah 3h] [4s]
evle_1987_: checks 
coolDadJimbo: checks 
*** SHOW DOWN ***
evle_1987_: shows [As Qh] (a pair of Aces)
coolDadJimbo: shows [Kh Ac] (a pair of Aces - King kicker)
coolDadJimbo collected $1.67 from pot
*** SUMMARY ***
Total pot $1.73 | Rake $0.06 
Board [2c 6s Ah 3h 4s]
Seat 1: cornil17 folded before Flop (didn't bet)
Seat 2: evle_1987_ showed [As Qh] and lost with a pair of Aces
Seat 3: coolDadJimbo showed [Kh Ac] and won ($1.67) with a pair of Aces
Seat 4: Komrad1318 folded before Flop (didn't bet)
Seat 5: Dorex2007 (button) folded before Flop (didn't bet)
Seat 6: Lagval (small blind) folded before Flop
Seat 7: 139qmb (big blind) folded before Flop
Seat 8: 2040800 folded before Flop (didn't bet)
Seat 9: Hiloww folded before Flop (didn't bet)



PokerStars Hand #224199156224:  Hold'em No Limit ($0.01/$0.02 USD) - 2021/02/25 6:38:29 PT [2021/02/25 9:38:29 ET]
Table 'Bouzareah' 9-max Seat #6 is the button
Seat 1: cornil17 ($2.30 in chips) 
Seat 2: evle_1987_ ($0.55 in chips) 
Seat 3: coolDadJimbo ($9.57 in chips) 
Seat 4: Komrad1318 ($1.64 in chips) 
Seat 5: Dorex2007 ($1.99 in chips) 
Seat 6: Lagval ($1.80 in chips) 
Seat 7: 139qmb ($3.02 in chips) 
Seat 8: Kramwiz ($2 in chips) 
Seat 9: Hiloww ($1.43 in chips) 
139qmb: posts small blind $0.01
Kramwiz: posts big blind $0.02
*** HOLE CARDS ***
Dealt to Dorex2007 [8c 7h]
Hiloww: folds 
cornil17: folds 
evle_1987_: folds 
coolDadJimbo: folds 
Komrad1318: raises $0.03 to $0.05
Dorex2007: folds 
Lagval: folds 
139qmb: folds 
Kramwiz: raises $0.05 to $0.10
Komrad1318: calls $0.05
*** FLOP *** [3h 9h 5c]
Kramwiz: bets $0.20
Komrad1318: calls $0.20
*** TURN *** [3h 9h 5c] [3c]
Kramwiz: bets $0.30
Komrad1318: folds 
Uncalled bet ($0.30) returned to Kramwiz
Kramwiz collected $0.59 from pot
Kramwiz: doesn't show hand 
*** SUMMARY ***
Total pot $0.61 | Rake $0.02 
Board [3h 9h 5c 3c]
Seat 1: cornil17 folded before Flop (didn't bet)
Seat 2: evle_1987_ folded before Flop (didn't bet)
Seat 3: coolDadJimbo folded before Flop (didn't bet)
Seat 4: Komrad1318 folded on the Turn
Seat 5: Dorex2007 folded before Flop (didn't bet)
Seat 6: Lagval (button) folded before Flop (didn't bet)
Seat 7: 139qmb (small blind) folded before Flop
Seat 8: Kramwiz (big blind) collected ($0.59)
Seat 9: Hiloww folded before Flop (didn't bet)



PokerStars Hand #224199181193:  Hold'em No Limit ($0.01/$0.02 USD) - 2021/02/25 6:39:34 PT [2021/02/25 9:39:34 ET]
Table 'Bouzareah' 9-max Seat #7 is the button
Seat 1: cornil17 ($2.30 in chips) 
Seat 2: evle_1987_ ($0.55 in chips) 
Seat 3: coolDadJimbo ($9.57 in chips) 
Seat 4: Komrad1318 ($1.34 in chips) 
Seat 5: Dorex2007 ($1.99 in chips) 
Seat 6: Lagval ($1.80 in chips) 
Seat 7: 139qmb ($3.01 in chips) 
Seat 8: Kramwiz ($2.29 in chips) 
Seat 9: Hiloww ($1.43 in chips) 
Kramwiz: posts small blind $0.01
Hiloww: posts big blind $0.02
*** HOLE CARDS ***
Dealt to Dorex2007 [Kc 3d]
cornil17: folds 
evle_1987_: folds 
coolDadJimbo: folds 
Komrad1318: folds 
Dorex2007: folds 
Lagval: calls $0.02
139qmb: calls $0.02
Kramwiz: calls $0.01
Hiloww: checks 
*** FLOP *** [Qh 6c 6s]
Kramwiz: checks 
Hiloww: checks 
Lagval: checks 
139qmb: checks 
*** TURN *** [Qh 6c 6s] [3h]
Kramwiz: bets $0.08
Hiloww: folds 
Lagval: folds 
139qmb: calls $0.08
*** RIVER *** [Qh 6c 6s 3h] [Kh]
Kramwiz: checks 
139qmb: bets $0.12
Kramwiz: folds 
Uncalled bet ($0.12) returned to 139qmb
139qmb collected $0.23 from pot
139qmb: doesn't show hand 
*** SUMMARY ***
Total pot $0.24 | Rake $0.01 
Board [Qh 6c 6s 3h Kh]
Seat 1: cornil17 folded before Flop (didn't bet)
Seat 2: evle_1987_ folded before Flop (didn't bet)
Seat 3: coolDadJimbo folded before Flop (didn't bet)
Seat 4: Komrad1318 folded before Flop (didn't bet)
Seat 5: Dorex2007 folded before Flop (didn't bet)
Seat 6: Lagval folded on the Turn
Seat 7: 139qmb (button) collected ($0.23)
Seat 8: Kramwiz (small blind) folded on the River
Seat 9: Hiloww (big blind) folded on the Turn



PokerStars Hand #224199222289:  Hold'em No Limit ($0.01/$0.02 USD) - 2021/02/25 6:41:19 PT [2021/02/25 9:41:19 ET]
Table 'Bouzareah' 9-max Seat #8 is the button
Seat 1: cornil17 ($2.30 in chips) 
Seat 2: evle_1987_ ($0.55 in chips) 
Seat 3: coolDadJimbo ($9.57 in chips) 
Seat 4: Komrad1318 ($1.34 in chips) 
Seat 5: Dorex2007 ($1.99 in chips) 
Seat 6: Lagval ($1.78 in chips) 
Seat 7: 139qmb ($3.14 in chips) 
Seat 8: Kramwiz ($2.19 in chips) 
Seat 9: Hiloww ($1.41 in chips) 
Hiloww: posts small blind $0.01
cornil17: posts big blind $0.02
*** HOLE CARDS ***
Dealt to Dorex2007 [Tc Ad]
evle_1987_: folds 
coolDadJimbo: raises $0.05 to $0.07
Komrad1318: calls $0.07
Dorex2007: folds 
Lagval: folds 
139qmb: folds 
Kramwiz: folds 
Hiloww: calls $0.06
cornil17: calls $0.05
*** FLOP *** [8c 9d 4s]
Hiloww: checks 
cornil17: checks 
coolDadJimbo: checks 
Komrad1318: checks 
*** TURN *** [8c 9d 4s] [4h]
Hiloww: bets $0.02
cornil17: raises $0.04 to $0.06
coolDadJimbo: folds 
Komrad1318: folds 
Komrad1318 leaves the table
Hiloww: raises $0.06 to $0.12
cornil17: calls $0.06
*** RIVER *** [8c 9d 4s 4h] [5s]
Hiloww: bets $0.25
cornil17: folds 
Uncalled bet ($0.25) returned to Hiloww
Hiloww collected $0.50 from pot
Hiloww: doesn't show hand 
*** SUMMARY ***
Total pot $0.52 | Rake $0.02 
Board [8c 9d 4s 4h 5s]
Seat 1: cornil17 (big blind) folded on the River
Seat 2: evle_1987_ folded before Flop (didn't bet)
Seat 3: coolDadJimbo folded on the Turn
Seat 4: Komrad1318 folded on the Turn
Seat 5: Dorex2007 folded before Flop (didn't bet)
Seat 6: Lagval folded before Flop (didn't bet)
Seat 7: 139qmb folded before Flop (didn't bet)
Seat 8: Kramwiz (button) folded before Flop (didn't bet)
Seat 9: Hiloww (small blind) collected ($0.50)



PokerStars Hand #224199248618:  Hold'em No Limit ($0.01/$0.02 USD) - 2021/02/25 6:42:27 PT [2021/02/25 9:42:27 ET]
Table 'Bouzareah' 9-max Seat #9 is the button
Seat 1: cornil17 ($2.11 in chips) 
Seat 2: evle_1987_ ($0.55 in chips) 
Seat 3: coolDadJimbo ($9.50 in chips) 
Seat 5: Dorex2007 ($1.99 in chips) 
Seat 6: Lagval ($1.78 in chips) 
Seat 7: 139qmb ($3.14 in chips) 
Seat 8: Kramwiz ($2.19 in chips) 
Seat 9: Hiloww ($1.72 in chips) 
cornil17: posts small blind $0.01
evle_1987_: posts big blind $0.02
*** HOLE CARDS ***
Dealt to Dorex2007 [3c Js]
coolDadJimbo: folds 
Dorex2007: folds 
Lagval: folds 
139qmb: folds 
Kramwiz: folds 
Hiloww: raises $0.04 to $0.06
cornil17: folds 
evle_1987_: raises $0.49 to $0.55 and is all-in
Hiloww: calls $0.49
*** FLOP *** [4s Jh 8c]
*** TURN *** [4s Jh 8c] [2h]
*** RIVER *** [4s Jh 8c 2h] [Qh]
*** SHOW DOWN ***
evle_1987_: shows [Kd Ah] (high card Ace)
Hiloww: shows [5h 6h] (a flush, Queen high)
Hiloww collected $1.07 from pot
*** SUMMARY ***
Total pot $1.11 | Rake $0.04 
Board [4s Jh 8c 2h Qh]
Seat 1: cornil17 (small blind) folded before Flop
Seat 2: evle_1987_ (big blind) showed [Kd Ah] and lost with high card Ace
Seat 3: coolDadJimbo folded before Flop (didn't bet)
Seat 5: Dorex2007 folded before Flop (didn't bet)
Seat 6: Lagval folded before Flop (didn't bet)
Seat 7: 139qmb folded before Flop (didn't bet)
Seat 8: Kramwiz folded before Flop (didn't bet)
Seat 9: Hiloww (button) showed [5h 6h] and won ($1.07) with a flush, Queen high



PokerStars Hand #224199263850:  Hold'em No Limit ($0.01/$0.02 USD) - 2021/02/25 6:43:06 PT [2021/02/25 9:43:06 ET]
Table 'Bouzareah' 9-max Seat #1 is the button
Seat 1: cornil17 ($2.10 in chips) 
Seat 3: coolDadJimbo ($9.50 in chips) 
Seat 5: Dorex2007 ($1.99 in chips) 
Seat 6: Lagval ($1.78 in chips) 
Seat 7: 139qmb ($3.14 in chips) 
Seat 8: Kramwiz ($2.19 in chips) 
Seat 9: Hiloww ($2.24 in chips) 
coolDadJimbo: posts small blind $0.01
Dorex2007: posts big blind $0.02
*** HOLE CARDS ***
Dealt to Dorex2007 [Ad Td]
Lagval: folds 
evle_1987_ leaves the table
139qmb: folds 
Lagval leaves the table
Kramwiz: calls $0.02
Hiloww: folds 
cornil17: calls $0.02
coolDadJimbo: folds 
Dorex2007: raises $0.04 to $0.06
Kramwiz: calls $0.04
cornil17: calls $0.04
*** FLOP *** [2c 3s 3h]
Dorex2007: bets $0.18
Kramwiz: calls $0.18
cornil17: folds 
*** TURN *** [2c 3s 3h] [Kh]
Dorex2007: bets $0.53
Kramwiz: folds 
Uncalled bet ($0.53) returned to Dorex2007
Dorex2007 collected $0.53 from pot
Dorex2007: doesn't show hand 
*** SUMMARY ***
Total pot $0.55 | Rake $0.02 
Board [2c 3s 3h Kh]
Seat 1: cornil17 (button) folded on the Flop
Seat 3: coolDadJimbo (small blind) folded before Flop
Seat 5: Dorex2007 (big blind) collected ($0.53)
Seat 6: Lagval folded before Flop (didn't bet)
Seat 7: 139qmb folded before Flop (didn't bet)
Seat 8: Kramwiz folded on the Turn
Seat 9: Hiloww folded before Flop (didn't bet)



PokerStars Hand #224199280339:  Hold'em No Limit ($0.01/$0.02 USD) - 2021/02/25 6:43:48 PT [2021/02/25 9:43:48 ET]
Table 'Bouzareah' 9-max Seat #3 is the button
Seat 1: cornil17 ($2.04 in chips) 
Seat 3: coolDadJimbo ($9.49 in chips) 
Seat 5: Dorex2007 ($2.28 in chips) 
Seat 7: 139qmb ($3.14 in chips) 
Seat 8: Kramwiz ($1.95 in chips) 
Seat 9: Hiloww ($2.24 in chips) 
Dorex2007: posts small blind $0.01
139qmb: posts big blind $0.02
*** HOLE CARDS ***
Dealt to Dorex2007 [Th 2h]
Kramwiz: folds 
Hiloww: folds 
cornil17: raises $0.04 to $0.06
coolDadJimbo: calls $0.06
Dorex2007: folds 
139qmb: raises $0.18 to $0.24
cornil17: folds 
coolDadJimbo: folds 
Uncalled bet ($0.18) returned to 139qmb
139qmb collected $0.19 from pot
139qmb: doesn't show hand 
*** SUMMARY ***
Total pot $0.19 | Rake $0 
Seat 1: cornil17 folded before Flop
Seat 3: coolDadJimbo (button) folded before Flop
Seat 5: Dorex2007 (small blind) folded before Flop
Seat 7: 139qmb (big blind) collected ($0.19)
Seat 8: Kramwiz folded before Flop (didn't bet)
Seat 9: Hiloww folded before Flop (didn't bet)



PokerStars Hand #224199289182:  Hold'em No Limit ($0.01/$0.02 USD) - 2021/02/25 6:44:11 PT [2021/02/25 9:44:11 ET]
Table 'Bouzareah' 9-max Seat #5 is the button
Seat 1: cornil17 ($1.98 in chips) 
Seat 3: coolDadJimbo ($9.43 in chips) 
Seat 5: Dorex2007 ($2.27 in chips) 
Seat 7: 139qmb ($3.27 in chips) 
Seat 8: Kramwiz ($1.95 in chips) 
Seat 9: Hiloww ($2.24 in chips) 
139qmb: posts small blind $0.01
Kramwiz: posts big blind $0.02
*** HOLE CARDS ***
Dealt to Dorex2007 [3h Js]
Hiloww: folds 
cornil17: folds 
coolDadJimbo: raises $0.05 to $0.07
Dorex2007: folds 
139qmb: folds 
Kramwiz: folds 
Uncalled bet ($0.05) returned to coolDadJimbo
coolDadJimbo collected $0.05 from pot
*** SUMMARY ***
Total pot $0.05 | Rake $0 
Seat 1: cornil17 folded before Flop (didn't bet)
Seat 3: coolDadJimbo collected ($0.05)
Seat 5: Dorex2007 (button) folded before Flop (didn't bet)
Seat 7: 139qmb (small blind) folded before Flop
Seat 8: Kramwiz (big blind) folded before Flop
Seat 9: Hiloww folded before Flop (didn't bet)



PokerStars Hand #224199295540:  Hold'em No Limit ($0.01/$0.02 USD) - 2021/02/25 6:44:27 PT [2021/02/25 9:44:27 ET]
Table 'Bouzareah' 9-max Seat #7 is the button
Seat 1: cornil17 ($1.98 in chips) 
Seat 3: coolDadJimbo ($9.46 in chips) 
Seat 5: Dorex2007 ($2.27 in chips) 
Seat 7: 139qmb ($3.26 in chips) 
Seat 8: Kramwiz ($1.93 in chips) 
Seat 9: Hiloww ($2.24 in chips) 
Kramwiz: posts small blind $0.01
Hiloww: posts big blind $0.02
*** HOLE CARDS ***
Dealt to Dorex2007 [Kh Th]
cornil17: folds 
coolDadJimbo: folds 
Dorex2007: raises $0.02 to $0.04
139qmb: folds 
cornil17 leaves the table
Kramwiz: calls $0.03
Hiloww: folds 
*** FLOP *** [8d Jc 3d]
Kramwiz: checks 
Dorex2007: checks 
*** TURN *** [8d Jc 3d] [9h]
Kramwiz: bets $0.10
Dorex2007: calls $0.10
*** RIVER *** [8d Jc 3d 9h] [7d]
Kramwiz: bets $0.29
Dorex2007: calls $0.29
*** SHOW DOWN ***
Kramwiz: shows [Td Jd] (a flush, Jack high)
Dorex2007: mucks hand 
Kramwiz collected $0.85 from pot
*** SUMMARY ***
Total pot $0.88 | Rake $0.03 
Board [8d Jc 3d 9h 7d]
Seat 1: cornil17 folded before Flop (didn't bet)
Seat 3: coolDadJimbo folded before Flop (didn't bet)
Seat 5: Dorex2007 mucked [Kh Th]
Seat 7: 139qmb (button) folded before Flop (didn't bet)
Seat 8: Kramwiz (small blind) showed [Td Jd] and won ($0.85) with a flush, Jack high
Seat 9: Hiloww (big blind) folded before Flop



PokerStars Hand #224199309651:  Hold'em No Limit ($0.01/$0.02 USD) - 2021/02/25 6:45:03 PT [2021/02/25 9:45:03 ET]
Table 'Bouzareah' 9-max Seat #8 is the button
Seat 3: coolDadJimbo ($9.46 in chips) 
Seat 5: Dorex2007 ($1.84 in chips) 
Seat 7: 139qmb ($3.26 in chips) 
Seat 8: Kramwiz ($2.35 in chips) 
Seat 9: Hiloww ($2.22 in chips) 
Hiloww: posts small blind $0.01
coolDadJimbo: posts big blind $0.02
*** HOLE CARDS ***
Dealt to Dorex2007 [Qs 8d]
Dorex2007: folds 
139qmb: folds 
139qmb leaves the table
Kramwiz: folds 
Hiloww: calls $0.01
coolDadJimbo: checks 
*** FLOP *** [Js 9d 4c]
Hiloww: checks 
coolDadJimbo: checks 
*** TURN *** [Js 9d 4c] [7s]
Hiloww: checks 
TATAPI1H joins the table at seat #4 
coolDadJimbo: checks 
*** RIVER *** [Js 9d 4c 7s] [4d]
Hiloww: bets $0.06
coolDadJimbo: folds 
Uncalled bet ($0.06) returned to Hiloww
Hiloww collected $0.04 from pot
Hiloww: doesn't show hand 
*** SUMMARY ***
Total pot $0.04 | Rake $0 
Board [Js 9d 4c 7s 4d]
Seat 3: coolDadJimbo (big blind) folded on the River
Seat 5: Dorex2007 folded before Flop (didn't bet)
Seat 7: 139qmb folded before Flop (didn't bet)
Seat 8: Kramwiz (button) folded before Flop (didn't bet)
Seat 9: Hiloww (small blind) collected ($0.04)



