PokerStars Hand #231519481483:  Hold'em No Limit ($0.01/$0.02 USD) - 2021/11/18 17:43:12 PT [2021/11/18 20:43:12 ET]
Table 'Hameenlinna III' 9-max Seat #6 is the button
Seat 1: Tenorio422 ($2.03 in chips) 
Seat 2: MayconG3 ($1.35 in chips) 
Seat 3: david84477 ($2.16 in chips) 
Seat 4: Dorex2007 ($2 in chips) 
Seat 5: Drisseto ($2.82 in chips) 
Seat 6: austinkrmn ($0.75 in chips) 
Seat 7: Pepono101 ($2.96 in chips) 
Seat 8: shawmoney ($1.60 in chips) 
Seat 9: Rex Dansy ($0.65 in chips) 
Pepono101: posts small blind $0.01
shawmoney: posts big blind $0.02
Dorex2007: posts big blind $0.02
*** HOLE CARDS ***
Dealt to Dorex2007 [7h Jh]
Rex Dansy: calls $0.02
Tenorio422: folds 
MayconG3 has timed out
MayconG3: folds 
david84477: calls $0.02
Dorex2007: checks 
Drisseto: folds 
austinkrmn: folds 
Pepono101: calls $0.01
shawmoney: checks 
*** FLOP *** [3s Ah 3h]
Pepono101: checks 
shawmoney: checks 
Rex Dansy: bets $0.04
david84477: folds 
Dorex2007: calls $0.04
Pepono101: folds 
shawmoney: folds 
*** TURN *** [3s Ah 3h] [6h]
Rex Dansy: checks 
Dorex2007: bets $0.11
Rex Dansy: folds 
Uncalled bet ($0.11) returned to Dorex2007
Dorex2007 collected $0.17 from pot
Dorex2007: doesn't show hand 
*** SUMMARY ***
Total pot $0.18 | Rake $0.01 
Board [3s Ah 3h 6h]
Seat 1: Tenorio422 folded before Flop (didn't bet)
Seat 2: MayconG3 folded before Flop (didn't bet)
Seat 3: david84477 folded on the Flop
Seat 4: Dorex2007 collected ($0.17)
Seat 5: Drisseto folded before Flop (didn't bet)
Seat 6: austinkrmn (button) folded before Flop (didn't bet)
Seat 7: Pepono101 (small blind) folded on the Flop
Seat 8: shawmoney (big blind) folded on the Flop
Seat 9: Rex Dansy folded on the Turn



PokerStars Hand #231519506019:  Hold'em No Limit ($0.01/$0.02 USD) - 2021/11/18 17:44:48 PT [2021/11/18 20:44:48 ET]
Table 'Hameenlinna III' 9-max Seat #7 is the button
Seat 1: Tenorio422 ($2.03 in chips) 
Seat 2: MayconG3 ($1.35 in chips) 
Seat 3: david84477 ($2.14 in chips) 
Seat 4: Dorex2007 ($2.11 in chips) 
Seat 5: Drisseto ($2.82 in chips) 
Seat 6: austinkrmn ($0.75 in chips) 
Seat 7: Pepono101 ($2.94 in chips) 
Seat 8: shawmoney ($1.58 in chips) 
shawmoney: posts small blind $0.01
Rex Dansy: is sitting out 
Tenorio422: posts big blind $0.02
*** HOLE CARDS ***
Dealt to Dorex2007 [6h 6s]
Rex Dansy leaves the table
MayconG3: raises $0.02 to $0.04
david84477: folds 
Dorex2007: calls $0.04
cete joins the table at seat #9 
Drisseto: folds 
austinkrmn: folds 
Pepono101: folds 
shawmoney: calls $0.03
Tenorio422: calls $0.02
*** FLOP *** [4c 2d Td]
shawmoney: checks 
Tenorio422: checks 
MayconG3: bets $0.12
Dorex2007: folds 
shawmoney: folds 
Tenorio422: folds 
Uncalled bet ($0.12) returned to MayconG3
MayconG3 collected $0.15 from pot
MayconG3: doesn't show hand 
*** SUMMARY ***
Total pot $0.16 | Rake $0.01 
Board [4c 2d Td]
Seat 1: Tenorio422 (big blind) folded on the Flop
Seat 2: MayconG3 collected ($0.15)
Seat 3: david84477 folded before Flop (didn't bet)
Seat 4: Dorex2007 folded on the Flop
Seat 5: Drisseto folded before Flop (didn't bet)
Seat 6: austinkrmn folded before Flop (didn't bet)
Seat 7: Pepono101 (button) folded before Flop (didn't bet)
Seat 8: shawmoney (small blind) folded on the Flop



PokerStars Hand #231519521783:  Hold'em No Limit ($0.01/$0.02 USD) - 2021/11/18 17:45:46 PT [2021/11/18 20:45:46 ET]
Table 'Hameenlinna III' 9-max Seat #8 is the button
Seat 1: Tenorio422 ($2 in chips) 
Seat 2: MayconG3 ($1.46 in chips) 
Seat 3: david84477 ($2.14 in chips) 
Seat 4: Dorex2007 ($2.07 in chips) 
Seat 5: Drisseto ($2.82 in chips) 
Seat 6: austinkrmn ($0.75 in chips) 
Seat 7: Pepono101 ($2.94 in chips) 
Seat 8: shawmoney ($1.54 in chips) 
Tenorio422: posts small blind $0.01
MayconG3: posts big blind $0.02
*** HOLE CARDS ***
Dealt to Dorex2007 [4h Ad]
david84477: folds 
Dorex2007: folds 
Drisseto: folds 
austinkrmn has timed out
austinkrmn: folds 
Pepono101: folds 
shawmoney: folds 
Tenorio422: folds 
Uncalled bet ($0.01) returned to MayconG3
MayconG3 collected $0.02 from pot
MayconG3: doesn't show hand 
*** SUMMARY ***
Total pot $0.02 | Rake $0 
Seat 1: Tenorio422 (small blind) folded before Flop
Seat 2: MayconG3 (big blind) collected ($0.02)
Seat 3: david84477 folded before Flop (didn't bet)
Seat 4: Dorex2007 folded before Flop (didn't bet)
Seat 5: Drisseto folded before Flop (didn't bet)
Seat 6: austinkrmn folded before Flop (didn't bet)
Seat 7: Pepono101 folded before Flop (didn't bet)
Seat 8: shawmoney (button) folded before Flop (didn't bet)



PokerStars Hand #231519529256:  Hold'em No Limit ($0.01/$0.02 USD) - 2021/11/18 17:46:15 PT [2021/11/18 20:46:15 ET]
Table 'Hameenlinna III' 9-max Seat #1 is the button
Seat 1: Tenorio422 ($2 in chips) 
Seat 2: MayconG3 ($1.47 in chips) 
Seat 3: david84477 ($2.14 in chips) 
Seat 4: Dorex2007 ($2.07 in chips) 
Seat 5: Drisseto ($2.82 in chips) 
Seat 6: austinkrmn ($0.75 in chips) 
Seat 7: Pepono101 ($2.94 in chips) 
Seat 8: shawmoney ($1.54 in chips) 
MayconG3: posts small blind $0.01
david84477: posts big blind $0.02
cete: sits out 
*** HOLE CARDS ***
Dealt to Dorex2007 [Kc Kd]
Dorex2007: raises $0.04 to $0.06
Drisseto: calls $0.06
austinkrmn: raises $0.69 to $0.75 and is all-in
Pepono101: folds 
shawmoney: folds 
Tenorio422: folds 
MayconG3: folds 
david84477: folds 
Dorex2007: calls $0.69
Drisseto: folds 
*** FLOP *** [Jd Ac 4h]
*** TURN *** [Jd Ac 4h] [4c]
*** RIVER *** [Jd Ac 4h 4c] [7h]
*** SHOW DOWN ***
Dorex2007: shows [Kc Kd] (two pair, Kings and Fours)
austinkrmn: shows [Ah Ks] (two pair, Aces and Fours)
austinkrmn collected $1.53 from pot
Dorex2007 cashed out the hand for $1.07 | Cash Out Fee $0.01
*** SUMMARY ***
Total pot $1.59 | Rake $0.06 
Board [Jd Ac 4h 4c 7h]
Seat 1: Tenorio422 (button) folded before Flop (didn't bet)
Seat 2: MayconG3 (small blind) folded before Flop
Seat 3: david84477 (big blind) folded before Flop
Seat 4: Dorex2007 showed [Kc Kd] and lost with two pair, Kings and Fours (cashed out).
Seat 5: Drisseto folded before Flop
Seat 6: austinkrmn showed [Ah Ks] and won ($1.53) with two pair, Aces and Fours
Seat 7: Pepono101 folded before Flop (didn't bet)
Seat 8: shawmoney folded before Flop (didn't bet)



PokerStars Hand #231519550136:  Hold'em No Limit ($0.01/$0.02 USD) - 2021/11/18 17:47:03 PT [2021/11/18 20:47:03 ET]
Table 'Hameenlinna III' 9-max Seat #2 is the button
Seat 1: Tenorio422 ($2 in chips) 
Seat 2: MayconG3 ($1.46 in chips) 
Seat 3: david84477 ($2.12 in chips) 
Seat 4: Dorex2007 ($2.39 in chips) 
Seat 5: Drisseto ($2.76 in chips) 
Seat 6: austinkrmn ($1.53 in chips) 
Seat 7: Pepono101 ($2.94 in chips) 
Seat 8: shawmoney ($1.54 in chips) 
david84477: posts small blind $0.01
Dorex2007: posts big blind $0.02
cete: sits out 
*** HOLE CARDS ***
Dealt to Dorex2007 [5h 7c]
Drisseto: folds 
austinkrmn: folds 
Pepono101: folds 
shawmoney: folds 
Tenorio422: raises $0.04 to $0.06
MayconG3: folds 
david84477: folds 
Dorex2007: folds 
Uncalled bet ($0.04) returned to Tenorio422
Tenorio422 collected $0.05 from pot
*** SUMMARY ***
Total pot $0.05 | Rake $0 
Seat 1: Tenorio422 collected ($0.05)
Seat 2: MayconG3 (button) folded before Flop (didn't bet)
Seat 3: david84477 (small blind) folded before Flop
Seat 4: Dorex2007 (big blind) folded before Flop
Seat 5: Drisseto folded before Flop (didn't bet)
Seat 6: austinkrmn folded before Flop (didn't bet)
Seat 7: Pepono101 folded before Flop (didn't bet)
Seat 8: shawmoney folded before Flop (didn't bet)



PokerStars Hand #231519556736:  Hold'em No Limit ($0.01/$0.02 USD) - 2021/11/18 17:47:29 PT [2021/11/18 20:47:29 ET]
Table 'Hameenlinna III' 9-max Seat #3 is the button
Seat 1: Tenorio422 ($2.03 in chips) 
Seat 2: MayconG3 ($1.46 in chips) 
Seat 3: david84477 ($2.11 in chips) 
Seat 4: Dorex2007 ($2.37 in chips) 
Seat 5: Drisseto ($2.76 in chips) 
Seat 6: austinkrmn ($1.53 in chips) 
Seat 7: Pepono101 ($2.94 in chips) 
Seat 8: shawmoney ($1.54 in chips) 
Dorex2007: posts small blind $0.01
Drisseto: posts big blind $0.02
cete: sits out 
*** HOLE CARDS ***
Dealt to Dorex2007 [9s 6s]
austinkrmn: folds 
Pepono101: folds 
shawmoney: folds 
Tenorio422: folds 
MayconG3: folds 
david84477: folds 
Dorex2007: folds 
Uncalled bet ($0.01) returned to Drisseto
Drisseto collected $0.02 from pot
Drisseto: doesn't show hand 
*** SUMMARY ***
Total pot $0.02 | Rake $0 
Seat 1: Tenorio422 folded before Flop (didn't bet)
Seat 2: MayconG3 folded before Flop (didn't bet)
Seat 3: david84477 (button) folded before Flop (didn't bet)
Seat 4: Dorex2007 (small blind) folded before Flop
Seat 5: Drisseto (big blind) collected ($0.02)
Seat 6: austinkrmn folded before Flop (didn't bet)
Seat 7: Pepono101 folded before Flop (didn't bet)
Seat 8: shawmoney folded before Flop (didn't bet)



PokerStars Hand #231519562257:  Hold'em No Limit ($0.01/$0.02 USD) - 2021/11/18 17:47:51 PT [2021/11/18 20:47:51 ET]
Table 'Hameenlinna III' 9-max Seat #4 is the button
Seat 1: Tenorio422 ($2.03 in chips) 
Seat 2: MayconG3 ($1.46 in chips) 
Seat 3: david84477 ($2.11 in chips) 
Seat 4: Dorex2007 ($2.36 in chips) 
Seat 5: Drisseto ($2.77 in chips) 
Seat 6: austinkrmn ($1.53 in chips) 
Seat 7: Pepono101 ($2.94 in chips) 
Seat 8: shawmoney ($1.54 in chips) 
Drisseto: posts small blind $0.01
austinkrmn: posts big blind $0.02
cete: sits out 
*** HOLE CARDS ***
Dealt to Dorex2007 [Kc 7s]
Pepono101: folds 
shawmoney: folds 
Tenorio422: folds 
MayconG3: folds 
david84477: folds 
Dorex2007: raises $0.02 to $0.04
Drisseto: calls $0.03
austinkrmn: folds 
*** FLOP *** [Td Jh Kd]
Drisseto: checks 
Dorex2007: bets $0.07
Drisseto: calls $0.07
*** TURN *** [Td Jh Kd] [7d]
Drisseto: checks 
Dorex2007: bets $0.12
Drisseto: folds 
Uncalled bet ($0.12) returned to Dorex2007
Dorex2007 collected $0.23 from pot
Dorex2007: doesn't show hand 
*** SUMMARY ***
Total pot $0.24 | Rake $0.01 
Board [Td Jh Kd 7d]
Seat 1: Tenorio422 folded before Flop (didn't bet)
Seat 2: MayconG3 folded before Flop (didn't bet)
Seat 3: david84477 folded before Flop (didn't bet)
Seat 4: Dorex2007 (button) collected ($0.23)
Seat 5: Drisseto (small blind) folded on the Turn
Seat 6: austinkrmn (big blind) folded before Flop
Seat 7: Pepono101 folded before Flop (didn't bet)
Seat 8: shawmoney folded before Flop (didn't bet)



PokerStars Hand #231519575966:  Hold'em No Limit ($0.01/$0.02 USD) - 2021/11/18 17:48:46 PT [2021/11/18 20:48:46 ET]
Table 'Hameenlinna III' 9-max Seat #5 is the button
Seat 1: Tenorio422 ($2.03 in chips) 
Seat 2: MayconG3 ($1.46 in chips) 
Seat 3: david84477 ($2.11 in chips) 
Seat 4: Dorex2007 ($2.48 in chips) 
Seat 5: Drisseto ($2.66 in chips) 
Seat 6: austinkrmn ($1.51 in chips) 
Seat 7: Pepono101 ($2.94 in chips) 
Seat 8: shawmoney ($1.54 in chips) 
austinkrmn: posts small blind $0.01
Pepono101: posts big blind $0.02
cete: sits out 
*** HOLE CARDS ***
Dealt to Dorex2007 [5h 7d]
shawmoney: folds 
Tenorio422: folds 
MayconG3: folds 
david84477: folds 
Dorex2007: folds 
Drisseto: folds 
austinkrmn: folds 
Uncalled bet ($0.01) returned to Pepono101
Pepono101 collected $0.02 from pot
Pepono101: doesn't show hand 
*** SUMMARY ***
Total pot $0.02 | Rake $0 
Seat 1: Tenorio422 folded before Flop (didn't bet)
Seat 2: MayconG3 folded before Flop (didn't bet)
Seat 3: david84477 folded before Flop (didn't bet)
Seat 4: Dorex2007 folded before Flop (didn't bet)
Seat 5: Drisseto (button) folded before Flop (didn't bet)
Seat 6: austinkrmn (small blind) folded before Flop
Seat 7: Pepono101 (big blind) collected ($0.02)
Seat 8: shawmoney folded before Flop (didn't bet)



PokerStars Hand #231519582127:  Hold'em No Limit ($0.01/$0.02 USD) - 2021/11/18 17:49:10 PT [2021/11/18 20:49:10 ET]
Table 'Hameenlinna III' 9-max Seat #6 is the button
Seat 1: Tenorio422 ($2.03 in chips) 
Seat 2: MayconG3 ($1.46 in chips) 
Seat 3: david84477 ($2.11 in chips) 
Seat 4: Dorex2007 ($2.48 in chips) 
Seat 5: Drisseto ($2.66 in chips) 
Seat 6: austinkrmn ($1.50 in chips) 
Seat 7: Pepono101 ($2.95 in chips) 
Seat 8: shawmoney ($1.54 in chips) 
Pepono101: posts small blind $0.01
shawmoney: posts big blind $0.02
cete: sits out 
*** HOLE CARDS ***
Dealt to Dorex2007 [Th Kc]
Tenorio422: folds 
MayconG3: folds 
david84477: calls $0.02
Dorex2007: folds 
Drisseto: folds 
austinkrmn: folds 
Pepono101: calls $0.01
shawmoney: raises $0.04 to $0.06
david84477: calls $0.04
Pepono101: calls $0.04
*** FLOP *** [8h Kh 4c]
Pepono101: checks 
shawmoney: bets $0.06
david84477: folds 
Pepono101: calls $0.06
*** TURN *** [8h Kh 4c] [6h]
Pepono101: checks 
shawmoney: checks 
*** RIVER *** [8h Kh 4c 6h] [3h]
Pepono101: bets $0.14
shawmoney: calls $0.14
*** SHOW DOWN ***
Pepono101: shows [7c 8c] (a pair of Eights)
shawmoney: shows [Jh Qd] (a flush, King high)
shawmoney collected $0.56 from pot
*** SUMMARY ***
Total pot $0.58 | Rake $0.02 
Board [8h Kh 4c 6h 3h]
Seat 1: Tenorio422 folded before Flop (didn't bet)
Seat 2: MayconG3 folded before Flop (didn't bet)
Seat 3: david84477 folded on the Flop
Seat 4: Dorex2007 folded before Flop (didn't bet)
Seat 5: Drisseto folded before Flop (didn't bet)
Seat 6: austinkrmn (button) folded before Flop (didn't bet)
Seat 7: Pepono101 (small blind) showed [7c 8c] and lost with a pair of Eights
Seat 8: shawmoney (big blind) showed [Jh Qd] and won ($0.56) with a flush, King high



PokerStars Hand #231519605607:  Hold'em No Limit ($0.01/$0.02 USD) - 2021/11/18 17:50:43 PT [2021/11/18 20:50:43 ET]
Table 'Hameenlinna III' 9-max Seat #7 is the button
Seat 1: Tenorio422 ($2.03 in chips) 
Seat 2: MayconG3 ($1.46 in chips) 
Seat 3: david84477 ($2.05 in chips) 
Seat 4: Dorex2007 ($2.48 in chips) 
Seat 5: Drisseto ($2.66 in chips) 
Seat 6: austinkrmn ($1.50 in chips) 
Seat 7: Pepono101 ($2.69 in chips) 
Seat 8: shawmoney ($1.84 in chips) 
Seat 9: cete ($2 in chips) 
shawmoney: posts small blind $0.01
cete: posts big blind $0.02
*** HOLE CARDS ***
Dealt to Dorex2007 [2h Qd]
Tenorio422: folds 
MayconG3: raises $0.04 to $0.06
david84477: calls $0.06
Dorex2007: folds 
Drisseto: folds 
austinkrmn: folds 
Pepono101: folds 
shawmoney: calls $0.05
cete: calls $0.04
*** FLOP *** [As Jd 4d]
shawmoney: checks 
cete: checks 
MayconG3: checks 
david84477: checks 
*** TURN *** [As Jd 4d] [5c]
shawmoney: bets $0.02
cete: folds 
MayconG3: raises $0.14 to $0.16
david84477: folds 
shawmoney: folds 
Uncalled bet ($0.14) returned to MayconG3
MayconG3 collected $0.27 from pot
MayconG3: doesn't show hand 
*** SUMMARY ***
Total pot $0.28 | Rake $0.01 
Board [As Jd 4d 5c]
Seat 1: Tenorio422 folded before Flop (didn't bet)
Seat 2: MayconG3 collected ($0.27)
Seat 3: david84477 folded on the Turn
Seat 4: Dorex2007 folded before Flop (didn't bet)
Seat 5: Drisseto folded before Flop (didn't bet)
Seat 6: austinkrmn folded before Flop (didn't bet)
Seat 7: Pepono101 (button) folded before Flop (didn't bet)
Seat 8: shawmoney (small blind) folded on the Turn
Seat 9: cete (big blind) folded on the Turn



PokerStars Hand #231519627504:  Hold'em No Limit ($0.01/$0.02 USD) - 2021/11/18 17:52:10 PT [2021/11/18 20:52:10 ET]
Table 'Hameenlinna III' 9-max Seat #8 is the button
Seat 1: Tenorio422 ($2.03 in chips) 
Seat 2: MayconG3 ($1.65 in chips) 
Seat 3: david84477 ($1.99 in chips) 
Seat 4: Dorex2007 ($2.48 in chips) 
Seat 5: Drisseto ($2.66 in chips) 
Seat 6: austinkrmn ($1.50 in chips) 
Seat 7: Pepono101 ($2.69 in chips) 
Seat 8: shawmoney ($1.76 in chips) 
Seat 9: cete ($1.94 in chips) 
cete: posts small blind $0.01
Tenorio422: posts big blind $0.02
*** HOLE CARDS ***
Dealt to Dorex2007 [5s Jh]
MayconG3: folds 
david84477: folds 
Dorex2007: folds 
Drisseto: raises $0.02 to $0.04
austinkrmn: folds 
Pepono101: folds 
shawmoney: folds 
cete: folds 
Tenorio422: folds 
Uncalled bet ($0.02) returned to Drisseto
Drisseto collected $0.05 from pot
Drisseto: doesn't show hand 
*** SUMMARY ***
Total pot $0.05 | Rake $0 
Seat 1: Tenorio422 (big blind) folded before Flop
Seat 2: MayconG3 folded before Flop (didn't bet)
Seat 3: david84477 folded before Flop (didn't bet)
Seat 4: Dorex2007 folded before Flop (didn't bet)
Seat 5: Drisseto collected ($0.05)
Seat 6: austinkrmn folded before Flop (didn't bet)
Seat 7: Pepono101 folded before Flop (didn't bet)
Seat 8: shawmoney (button) folded before Flop (didn't bet)
Seat 9: cete (small blind) folded before Flop



PokerStars Hand #231519635445:  Hold'em No Limit ($0.01/$0.02 USD) - 2021/11/18 17:52:42 PT [2021/11/18 20:52:42 ET]
Table 'Hameenlinna III' 9-max Seat #9 is the button
Seat 1: Tenorio422 ($2.01 in chips) 
Seat 2: MayconG3 ($1.65 in chips) 
Seat 3: david84477 ($1.99 in chips) 
Seat 4: Dorex2007 ($2.48 in chips) 
Seat 5: Drisseto ($2.69 in chips) 
Seat 6: austinkrmn ($1.50 in chips) 
Seat 7: Pepono101 ($2.69 in chips) 
Seat 8: shawmoney ($1.76 in chips) 
Seat 9: cete ($1.99 in chips) 
Tenorio422: posts small blind $0.01
MayconG3: posts big blind $0.02
*** HOLE CARDS ***
Dealt to Dorex2007 [Kh 3d]
david84477: calls $0.02
Dorex2007: folds 
Drisseto: folds 
austinkrmn: folds 
Pepono101: folds 
shawmoney: calls $0.02
cete: raises $0.05 to $0.07
Tenorio422: folds 
MayconG3: folds 
david84477: calls $0.05
shawmoney: folds 
*** FLOP *** [Tc Ts Qh]
david84477: checks 
cete: bets $0.08
david84477: calls $0.08
*** TURN *** [Tc Ts Qh] [8c]
david84477: bets $0.06
cete: folds 
Uncalled bet ($0.06) returned to david84477
david84477 collected $0.34 from pot
david84477: doesn't show hand 
*** SUMMARY ***
Total pot $0.35 | Rake $0.01 
Board [Tc Ts Qh 8c]
Seat 1: Tenorio422 (small blind) folded before Flop
Seat 2: MayconG3 (big blind) folded before Flop
Seat 3: david84477 collected ($0.34)
Seat 4: Dorex2007 folded before Flop (didn't bet)
Seat 5: Drisseto folded before Flop (didn't bet)
Seat 6: austinkrmn folded before Flop (didn't bet)
Seat 7: Pepono101 folded before Flop (didn't bet)
Seat 8: shawmoney folded before Flop
Seat 9: cete (button) folded on the Turn



PokerStars Hand #231519652077:  Hold'em No Limit ($0.01/$0.02 USD) - 2021/11/18 17:53:50 PT [2021/11/18 20:53:50 ET]
Table 'Hameenlinna III' 9-max Seat #1 is the button
Seat 1: Tenorio422 ($2 in chips) 
Seat 2: MayconG3 ($1.63 in chips) 
Seat 3: david84477 ($2.18 in chips) 
Seat 4: Dorex2007 ($2.48 in chips) 
Seat 5: Drisseto ($2.69 in chips) 
Seat 6: austinkrmn ($1.50 in chips) 
Seat 7: Pepono101 ($2.69 in chips) 
Seat 8: shawmoney ($1.74 in chips) 
Seat 9: cete ($1.84 in chips) 
MayconG3: posts small blind $0.01
david84477: posts big blind $0.02
*** HOLE CARDS ***
Dealt to Dorex2007 [Ks Ac]
Dorex2007: raises $0.04 to $0.06
Drisseto: folds 
austinkrmn: folds 
Pepono101: folds 
shawmoney: folds 
cete: calls $0.06
Tenorio422: folds 
MayconG3: folds 
david84477: calls $0.04
*** FLOP *** [Jc 8d 7h]
david84477: checks 
Dorex2007: checks 
cete: checks 
*** TURN *** [Jc 8d 7h] [Kh]
david84477: checks 
Dorex2007: bets $0.12
cete: folds 
david84477: folds 
Uncalled bet ($0.12) returned to Dorex2007
Dorex2007 collected $0.18 from pot
Dorex2007: doesn't show hand 
*** SUMMARY ***
Total pot $0.19 | Rake $0.01 
Board [Jc 8d 7h Kh]
Seat 1: Tenorio422 (button) folded before Flop (didn't bet)
Seat 2: MayconG3 (small blind) folded before Flop
Seat 3: david84477 (big blind) folded on the Turn
Seat 4: Dorex2007 collected ($0.18)
Seat 5: Drisseto folded before Flop (didn't bet)
Seat 6: austinkrmn folded before Flop (didn't bet)
Seat 7: Pepono101 folded before Flop (didn't bet)
Seat 8: shawmoney folded before Flop (didn't bet)
Seat 9: cete folded on the Turn



PokerStars Hand #231519668021:  Hold'em No Limit ($0.01/$0.02 USD) - 2021/11/18 17:54:55 PT [2021/11/18 20:54:55 ET]
Table 'Hameenlinna III' 9-max Seat #2 is the button
Seat 1: Tenorio422 ($2 in chips) 
Seat 2: MayconG3 ($1.62 in chips) 
Seat 3: david84477 ($2.12 in chips) 
Seat 4: Dorex2007 ($2.60 in chips) 
Seat 5: Drisseto ($2.69 in chips) 
Seat 6: austinkrmn ($1.50 in chips) 
Seat 7: Pepono101 ($2.69 in chips) 
Seat 8: shawmoney ($1.74 in chips) 
Seat 9: cete ($1.78 in chips) 
david84477: posts small blind $0.01
Dorex2007: posts big blind $0.02
*** HOLE CARDS ***
Dealt to Dorex2007 [4c 9d]
Drisseto: folds 
austinkrmn: folds 
Pepono101: calls $0.02
shawmoney: folds 
cete: calls $0.02
Tenorio422 is disconnected 
Tenorio422 has timed out while being disconnected
Tenorio422: folds 
MayconG3: calls $0.02
david84477: folds 
Dorex2007: checks 
*** FLOP *** [4s Ks 2s]
Dorex2007: checks 
Pepono101: checks 
cete: checks 
MayconG3: bets $0.05
Dorex2007: folds 
Pepono101: folds 
cete: calls $0.05
*** TURN *** [4s Ks 2s] [8d]
cete: checks 
MayconG3: bets $0.14
cete: folds 
Uncalled bet ($0.14) returned to MayconG3
MayconG3 collected $0.18 from pot
MayconG3: doesn't show hand 
*** SUMMARY ***
Total pot $0.19 | Rake $0.01 
Board [4s Ks 2s 8d]
Seat 1: Tenorio422 folded before Flop (didn't bet)
Seat 2: MayconG3 (button) collected ($0.18)
Seat 3: david84477 (small blind) folded before Flop
Seat 4: Dorex2007 (big blind) folded on the Flop
Seat 5: Drisseto folded before Flop (didn't bet)
Seat 6: austinkrmn folded before Flop (didn't bet)
Seat 7: Pepono101 folded on the Flop
Seat 8: shawmoney folded before Flop (didn't bet)
Seat 9: cete folded on the Turn



PokerStars Hand #231519684593:  Hold'em No Limit ($0.01/$0.02 USD) - 2021/11/18 17:56:15 PT [2021/11/18 20:56:15 ET]
Table 'Hameenlinna III' 9-max Seat #3 is the button
Seat 2: MayconG3 ($1.73 in chips) 
Seat 3: david84477 ($2.11 in chips) 
Seat 4: Dorex2007 ($2.58 in chips) 
Seat 5: Drisseto ($2.69 in chips) 
Seat 6: austinkrmn ($1.50 in chips) 
Seat 7: Pepono101 ($2.67 in chips) 
Seat 8: shawmoney ($1.74 in chips) 
Seat 9: cete ($1.71 in chips) 
Dorex2007: posts small blind $0.01
Drisseto: posts big blind $0.02
*** HOLE CARDS ***
Dealt to Dorex2007 [8h 3d]
austinkrmn: folds 
Pepono101: raises $0.02 to $0.04
shawmoney: folds 
cete: folds 
MayconG3: folds 
david84477: folds 
Dorex2007: folds 
Drisseto: calls $0.02
*** FLOP *** [9d 8c Js]
Drisseto: checks 
Pepono101: checks 
*** TURN *** [9d 8c Js] [5s]
Drisseto: checks 
Pepono101: checks 
*** RIVER *** [9d 8c Js 5s] [8d]
Drisseto: checks 
Pepono101: bets $0.09
Drisseto: folds 
Uncalled bet ($0.09) returned to Pepono101
Pepono101 collected $0.09 from pot
Pepono101: doesn't show hand 
*** SUMMARY ***
Total pot $0.09 | Rake $0 
Board [9d 8c Js 5s 8d]
Seat 2: MayconG3 folded before Flop (didn't bet)
Seat 3: david84477 (button) folded before Flop (didn't bet)
Seat 4: Dorex2007 (small blind) folded before Flop
Seat 5: Drisseto (big blind) folded on the River
Seat 6: austinkrmn folded before Flop (didn't bet)
Seat 7: Pepono101 collected ($0.09)
Seat 8: shawmoney folded before Flop (didn't bet)
Seat 9: cete folded before Flop (didn't bet)



PokerStars Hand #231519694453:  Hold'em No Limit ($0.01/$0.02 USD) - 2021/11/18 17:57:05 PT [2021/11/18 20:57:05 ET]
Table 'Hameenlinna III' 9-max Seat #4 is the button
Seat 2: MayconG3 ($1.73 in chips) 
Seat 3: david84477 ($2.11 in chips) 
Seat 4: Dorex2007 ($2.57 in chips) 
Seat 5: Drisseto ($2.65 in chips) 
Seat 6: austinkrmn ($1.50 in chips) 
Seat 7: Pepono101 ($2.72 in chips) 
Seat 8: shawmoney ($1.74 in chips) 
Seat 9: cete ($1.71 in chips) 
Drisseto: posts small blind $0.01
austinkrmn: posts big blind $0.02
*** HOLE CARDS ***
Dealt to Dorex2007 [Ah 2h]
Pepono101: folds 
shawmoney: folds 
cete: folds 
MayconG3: raises $0.02 to $0.04
david84477: folds 
Dorex2007: calls $0.04
Drisseto: calls $0.03
austinkrmn: folds 
*** FLOP *** [8c Ac Th]
Drisseto: checks 
MayconG3: bets $0.10
Dorex2007: folds 
Drisseto: calls $0.10
*** TURN *** [8c Ac Th] [7d]
Drisseto: checks 
MayconG3: bets $0.33
Drisseto: calls $0.33
*** RIVER *** [8c Ac Th 7d] [As]
Drisseto: bets $0.42
MayconG3: folds 
Uncalled bet ($0.42) returned to Drisseto
Drisseto collected $0.96 from pot
Drisseto: doesn't show hand 
*** SUMMARY ***
Total pot $1 | Rake $0.04 
Board [8c Ac Th 7d As]
Seat 2: MayconG3 folded on the River
Seat 3: david84477 folded before Flop (didn't bet)
Seat 4: Dorex2007 (button) folded on the Flop
Seat 5: Drisseto (small blind) collected ($0.96)
Seat 6: austinkrmn (big blind) folded before Flop
Seat 7: Pepono101 folded before Flop (didn't bet)
Seat 8: shawmoney folded before Flop (didn't bet)
Seat 9: cete folded before Flop (didn't bet)



PokerStars Hand #231519713607:  Hold'em No Limit ($0.01/$0.02 USD) - 2021/11/18 17:58:40 PT [2021/11/18 20:58:40 ET]
Table 'Hameenlinna III' 9-max Seat #6 is the button
Seat 2: MayconG3 ($1.26 in chips) 
Seat 3: david84477 ($2.11 in chips) 
Seat 4: Dorex2007 ($2.53 in chips) 
Seat 6: austinkrmn ($1.48 in chips) 
Seat 7: Pepono101 ($2.72 in chips) 
Seat 8: shawmoney ($1.74 in chips) 
Seat 9: cete ($2 in chips) 
Pepono101: posts small blind $0.01
shawmoney: posts big blind $0.02
*** HOLE CARDS ***
Dealt to Dorex2007 [Kh Kd]
Drisseto leaves the table
cete: folds 
MayconG3: folds 
david84477: calls $0.02
Dorex2007: raises $0.04 to $0.06
Aria Deotti joins the table at seat #5 
austinkrmn: folds 
Pepono101: folds 
shawmoney: folds 
david84477: calls $0.04
*** FLOP *** [5h Th 5c]
david84477: bets $0.02
Dorex2007: raises $0.12 to $0.14
david84477: folds 
Uncalled bet ($0.12) returned to Dorex2007
Dorex2007 collected $0.18 from pot
Dorex2007: doesn't show hand 
*** SUMMARY ***
Total pot $0.19 | Rake $0.01 
Board [5h Th 5c]
Seat 2: MayconG3 folded before Flop (didn't bet)
Seat 3: david84477 folded on the Flop
Seat 4: Dorex2007 collected ($0.18)
Seat 6: austinkrmn (button) folded before Flop (didn't bet)
Seat 7: Pepono101 (small blind) folded before Flop
Seat 8: shawmoney (big blind) folded before Flop
Seat 9: cete folded before Flop (didn't bet)



PokerStars Hand #231519725963:  Hold'em No Limit ($0.01/$0.02 USD) - 2021/11/18 17:59:42 PT [2021/11/18 20:59:42 ET]
Table 'Hameenlinna III' 9-max Seat #7 is the button
Seat 1: Tenorio422 ($2 in chips) 
Seat 2: MayconG3 ($1.26 in chips) 
Seat 3: david84477 ($2.03 in chips) 
Seat 4: Dorex2007 ($2.63 in chips) 
Seat 5: Aria Deotti ($0.80 in chips) 
Seat 6: austinkrmn ($1.48 in chips) 
Seat 7: Pepono101 ($2.71 in chips) 
Seat 8: shawmoney ($1.72 in chips) 
Seat 9: cete ($2 in chips) 
shawmoney: posts small blind $0.01
cete: posts big blind $0.02
Aria Deotti: posts big blind $0.02
*** HOLE CARDS ***
Dealt to Dorex2007 [2c 9c]
Tenorio422: raises $0.04 to $0.06
MayconG3: folds 
david84477: calls $0.06
Dorex2007: folds 
Aria Deotti: folds 
austinkrmn: folds 
Pepono101: calls $0.06
shawmoney: folds 
cete: calls $0.04
*** FLOP *** [Qh 8h 4s]
cete: checks 
Tenorio422: bets $0.18
david84477: folds 
Pepono101: folds 
cete: folds 
Uncalled bet ($0.18) returned to Tenorio422
Tenorio422 collected $0.26 from pot
*** SUMMARY ***
Total pot $0.27 | Rake $0.01 
Board [Qh 8h 4s]
Seat 1: Tenorio422 collected ($0.26)
Seat 2: MayconG3 folded before Flop (didn't bet)
Seat 3: david84477 folded on the Flop
Seat 4: Dorex2007 folded before Flop (didn't bet)
Seat 5: Aria Deotti folded before Flop (didn't bet)
Seat 6: austinkrmn folded before Flop (didn't bet)
Seat 7: Pepono101 (button) folded on the Flop
Seat 8: shawmoney (small blind) folded before Flop
Seat 9: cete (big blind) folded on the Flop



PokerStars Hand #231519738057:  Hold'em No Limit ($0.01/$0.02 USD) - 2021/11/18 18:00:39 PT [2021/11/18 21:00:39 ET]
Table 'Hameenlinna III' 9-max Seat #8 is the button
Seat 1: Tenorio422 ($2.20 in chips) 
Seat 2: MayconG3 ($1.26 in chips) 
Seat 3: david84477 ($1.97 in chips) 
Seat 4: Dorex2007 ($2.63 in chips) 
Seat 5: Aria Deotti ($0.78 in chips) 
Seat 6: austinkrmn ($1.48 in chips) 
Seat 7: Pepono101 ($2.65 in chips) 
Seat 8: shawmoney ($1.71 in chips) 
Seat 9: cete ($1.94 in chips) 
cete: posts small blind $0.01
Tenorio422: posts big blind $0.02
*** HOLE CARDS ***
Dealt to Dorex2007 [7d 6c]
MayconG3: folds 
david84477: calls $0.02
Dorex2007: folds 
Aria Deotti: folds 
austinkrmn: folds 
Pepono101: raises $0.07 to $0.09
shawmoney: folds 
cete: folds 
Tenorio422: folds 
david84477: calls $0.07
*** FLOP *** [8s 3s 5c]
david84477: bets $0.04
Pepono101: calls $0.04
*** TURN *** [8s 3s 5c] [3c]
david84477: bets $0.04
Pepono101: calls $0.04
*** RIVER *** [8s 3s 5c 3c] [Qs]
david84477: bets $0.36
Pepono101: folds 
Uncalled bet ($0.36) returned to david84477
david84477 collected $0.36 from pot
david84477: doesn't show hand 
*** SUMMARY ***
Total pot $0.37 | Rake $0.01 
Board [8s 3s 5c 3c Qs]
Seat 1: Tenorio422 (big blind) folded before Flop
Seat 2: MayconG3 folded before Flop (didn't bet)
Seat 3: david84477 collected ($0.36)
Seat 4: Dorex2007 folded before Flop (didn't bet)
Seat 5: Aria Deotti folded before Flop (didn't bet)
Seat 6: austinkrmn folded before Flop (didn't bet)
Seat 7: Pepono101 folded on the River
Seat 8: shawmoney (button) folded before Flop (didn't bet)
Seat 9: cete (small blind) folded before Flop



PokerStars Hand #231519753613:  Hold'em No Limit ($0.01/$0.02 USD) - 2021/11/18 18:01:45 PT [2021/11/18 21:01:45 ET]
Table 'Hameenlinna III' 9-max Seat #9 is the button
Seat 1: Tenorio422 ($2.18 in chips) 
Seat 2: MayconG3 ($1.26 in chips) 
Seat 3: david84477 ($2.16 in chips) 
Seat 4: Dorex2007 ($2.63 in chips) 
Seat 5: Aria Deotti ($0.78 in chips) 
Seat 6: austinkrmn ($1.48 in chips) 
Seat 7: Pepono101 ($2.48 in chips) 
Seat 8: shawmoney ($1.71 in chips) 
Seat 9: cete ($1.93 in chips) 
Tenorio422: posts small blind $0.01
MayconG3: posts big blind $0.02
*** HOLE CARDS ***
Dealt to Dorex2007 [9d 5c]
david84477: folds 
Dorex2007: folds 
Aria Deotti: calls $0.02
austinkrmn: folds 
Pepono101: folds 
shawmoney: folds 
cete: raises $0.04 to $0.06
Tenorio422: calls $0.05
MayconG3: calls $0.04
Aria Deotti: calls $0.04
*** FLOP *** [As Ts Kh]
Tenorio422: checks 
MayconG3: checks 
Aria Deotti: bets $0.06
cete: calls $0.06
Tenorio422: folds 
MayconG3: calls $0.06
*** TURN *** [As Ts Kh] [3h]
MayconG3: checks 
Aria Deotti: bets $0.06
cete: raises $0.27 to $0.33
MayconG3: folds 
Aria Deotti: folds 
Uncalled bet ($0.27) returned to cete
cete collected $0.52 from pot
cete: doesn't show hand 
*** SUMMARY ***
Total pot $0.54 | Rake $0.02 
Board [As Ts Kh 3h]
Seat 1: Tenorio422 (small blind) folded on the Flop
Seat 2: MayconG3 (big blind) folded on the Turn
Seat 3: david84477 folded before Flop (didn't bet)
Seat 4: Dorex2007 folded before Flop (didn't bet)
Seat 5: Aria Deotti folded on the Turn
Seat 6: austinkrmn folded before Flop (didn't bet)
Seat 7: Pepono101 folded before Flop (didn't bet)
Seat 8: shawmoney folded before Flop (didn't bet)
Seat 9: cete (button) collected ($0.52)



PokerStars Hand #231519780545:  Hold'em No Limit ($0.01/$0.02 USD) - 2021/11/18 18:02:53 PT [2021/11/18 21:02:53 ET]
Table 'Hameenlinna III' 9-max Seat #1 is the button
Seat 1: Tenorio422 ($2.12 in chips) 
Seat 2: MayconG3 ($1.14 in chips) 
Seat 3: david84477 ($2.16 in chips) 
Seat 4: Dorex2007 ($2.63 in chips) 
Seat 5: Aria Deotti ($0.60 in chips) 
Seat 6: austinkrmn ($1.48 in chips) 
Seat 7: Pepono101 ($2.48 in chips) 
Seat 8: shawmoney ($1.71 in chips) 
Seat 9: cete ($2.27 in chips) 
MayconG3: posts small blind $0.01
david84477: posts big blind $0.02
*** HOLE CARDS ***
Dealt to Dorex2007 [5s 7d]
Dorex2007: folds 
Aria Deotti: calls $0.02
austinkrmn: folds 
Pepono101: folds 
shawmoney: folds 
cete: raises $0.04 to $0.06
Tenorio422: folds 
MayconG3: raises $0.16 to $0.22
david84477: folds 
Aria Deotti: folds 
cete: calls $0.16
*** FLOP *** [Qs 5d 7c]
MayconG3: bets $0.92 and is all-in
cete: calls $0.92
*** TURN *** [Qs 5d 7c] [Kc]
*** RIVER *** [Qs 5d 7c Kc] [3h]
*** SHOW DOWN ***
MayconG3: shows [Td Th] (a pair of Tens)
cete: shows [7h 9c] (a pair of Sevens)
MayconG3 collected $2.24 from pot
*** SUMMARY ***
Total pot $2.32 | Rake $0.08 
Board [Qs 5d 7c Kc 3h]
Seat 1: Tenorio422 (button) folded before Flop (didn't bet)
Seat 2: MayconG3 (small blind) showed [Td Th] and won ($2.24) with a pair of Tens
Seat 3: david84477 (big blind) folded before Flop
Seat 4: Dorex2007 folded before Flop (didn't bet)
Seat 5: Aria Deotti folded before Flop
Seat 6: austinkrmn folded before Flop (didn't bet)
Seat 7: Pepono101 folded before Flop (didn't bet)
Seat 8: shawmoney folded before Flop (didn't bet)
Seat 9: cete showed [7h 9c] and lost with a pair of Sevens



PokerStars Hand #231519794924:  Hold'em No Limit ($0.01/$0.02 USD) - 2021/11/18 18:03:52 PT [2021/11/18 21:03:52 ET]
Table 'Hameenlinna III' 9-max Seat #2 is the button
Seat 1: Tenorio422 ($2.12 in chips) 
Seat 2: MayconG3 ($2.24 in chips) 
Seat 3: david84477 ($2.14 in chips) 
Seat 4: Dorex2007 ($2.63 in chips) 
Seat 5: Aria Deotti ($0.58 in chips) 
Seat 6: austinkrmn ($1.48 in chips) 
Seat 7: Pepono101 ($2.48 in chips) 
Seat 8: shawmoney ($1.71 in chips) 
Seat 9: cete ($1.13 in chips) 
david84477: posts small blind $0.01
Dorex2007: posts big blind $0.02
*** HOLE CARDS ***
Dealt to Dorex2007 [3c 7c]
Aria Deotti: calls $0.02
austinkrmn: raises $0.02 to $0.04
Pepono101: folds 
shawmoney: folds 
cete: folds 
cete leaves the table
Tenorio422: folds 
luciano7266 joins the table at seat #9 
MayconG3 has timed out
MayconG3: folds 
david84477: calls $0.03
Dorex2007: folds 
Aria Deotti: raises $0.02 to $0.06
austinkrmn: calls $0.02
david84477: calls $0.02
*** FLOP *** [Js Jc Ks]
david84477: checks 
Aria Deotti: bets $0.04
austinkrmn: folds 
david84477: folds 
Uncalled bet ($0.04) returned to Aria Deotti
Aria Deotti collected $0.19 from pot
*** SUMMARY ***
Total pot $0.20 | Rake $0.01 
Board [Js Jc Ks]
Seat 1: Tenorio422 folded before Flop (didn't bet)
Seat 2: MayconG3 (button) folded before Flop (didn't bet)
Seat 3: david84477 (small blind) folded on the Flop
Seat 4: Dorex2007 (big blind) folded before Flop
Seat 5: Aria Deotti collected ($0.19)
Seat 6: austinkrmn folded on the Flop
Seat 7: Pepono101 folded before Flop (didn't bet)
Seat 8: shawmoney folded before Flop (didn't bet)
Seat 9: cete folded before Flop (didn't bet)



PokerStars Hand #231519814349:  Hold'em No Limit ($0.01/$0.02 USD) - 2021/11/18 18:05:11 PT [2021/11/18 21:05:11 ET]
Table 'Hameenlinna III' 9-max Seat #3 is the button
Seat 1: Tenorio422 ($2.12 in chips) 
Seat 2: MayconG3 ($2.24 in chips) 
Seat 3: david84477 ($2.08 in chips) 
Seat 4: Dorex2007 ($2.61 in chips) 
Seat 5: Aria Deotti ($0.71 in chips) 
Seat 6: austinkrmn ($1.42 in chips) 
Seat 7: Pepono101 ($2.48 in chips) 
Seat 8: shawmoney ($1.71 in chips) 
Dorex2007: posts small blind $0.01
Aria Deotti: posts big blind $0.02
luciano7266: sits out 
*** HOLE CARDS ***
Dealt to Dorex2007 [4d Kh]
austinkrmn has timed out
austinkrmn: folds 
Pepono101: folds 
shawmoney: folds 
Tenorio422: folds 
MayconG3: raises $0.02 to $0.04
david84477: calls $0.04
Dorex2007: folds 
Aria Deotti: folds 
*** FLOP *** [9d 8c 6h]
MayconG3: checks 
david84477: bets $0.02
MayconG3: calls $0.02
*** TURN *** [9d 8c 6h] [2s]
MayconG3: checks 
david84477: bets $0.02
MayconG3: calls $0.02
*** RIVER *** [9d 8c 6h 2s] [Qs]
MayconG3: checks 
david84477: checks 
*** SHOW DOWN ***
MayconG3: shows [Ts Ad] (high card Ace)
david84477: mucks hand 
MayconG3 collected $0.18 from pot
*** SUMMARY ***
Total pot $0.19 | Rake $0.01 
Board [9d 8c 6h 2s Qs]
Seat 1: Tenorio422 folded before Flop (didn't bet)
Seat 2: MayconG3 showed [Ts Ad] and won ($0.18) with high card Ace
Seat 3: david84477 (button) mucked [7c Ac]
Seat 4: Dorex2007 (small blind) folded before Flop
Seat 5: Aria Deotti (big blind) folded before Flop
Seat 6: austinkrmn folded before Flop (didn't bet)
Seat 7: Pepono101 folded before Flop (didn't bet)
Seat 8: shawmoney folded before Flop (didn't bet)



PokerStars Hand #231519827026:  Hold'em No Limit ($0.01/$0.02 USD) - 2021/11/18 18:06:03 PT [2021/11/18 21:06:03 ET]
Table 'Hameenlinna III' 9-max Seat #4 is the button
Seat 1: Tenorio422 ($2.12 in chips) 
Seat 2: MayconG3 ($2.34 in chips) 
Seat 3: david84477 ($2 in chips) 
Seat 4: Dorex2007 ($2.60 in chips) 
Seat 5: Aria Deotti ($0.69 in chips) 
Seat 6: austinkrmn ($1.42 in chips) 
Seat 7: Pepono101 ($2.48 in chips) 
Seat 8: shawmoney ($1.71 in chips) 
Aria Deotti: posts small blind $0.01
austinkrmn: posts big blind $0.02
luciano7266: sits out 
*** HOLE CARDS ***
Dealt to Dorex2007 [Js 6c]
Pepono101: calls $0.02
shawmoney: calls $0.02
Tenorio422: folds 
MayconG3 has timed out
MayconG3: folds 
david84477: folds 
Dorex2007: folds 
Aria Deotti: calls $0.01
austinkrmn: checks 
*** FLOP *** [Td Tc 4h]
Aria Deotti: checks 
austinkrmn: checks 
Pepono101: checks 
shawmoney: bets $0.04
Aria Deotti: folds 
austinkrmn: folds 
Pepono101: folds 
Uncalled bet ($0.04) returned to shawmoney
shawmoney collected $0.08 from pot
shawmoney: doesn't show hand 
*** SUMMARY ***
Total pot $0.08 | Rake $0 
Board [Td Tc 4h]
Seat 1: Tenorio422 folded before Flop (didn't bet)
Seat 2: MayconG3 folded before Flop (didn't bet)
Seat 3: david84477 folded before Flop (didn't bet)
Seat 4: Dorex2007 (button) folded before Flop (didn't bet)
Seat 5: Aria Deotti (small blind) folded on the Flop
Seat 6: austinkrmn (big blind) folded on the Flop
Seat 7: Pepono101 folded on the Flop
Seat 8: shawmoney collected ($0.08)



PokerStars Hand #231519848750:  Hold'em No Limit ($0.01/$0.02 USD) - 2021/11/18 18:07:00 PT [2021/11/18 21:07:00 ET]
Table 'Hameenlinna III' 9-max Seat #5 is the button
Seat 1: Tenorio422 ($2.12 in chips) 
Seat 3: david84477 ($2 in chips) 
Seat 4: Dorex2007 ($2.60 in chips) 
Seat 5: Aria Deotti ($0.67 in chips) 
Seat 6: austinkrmn ($1.40 in chips) 
Seat 7: Pepono101 ($2.46 in chips) 
Seat 8: shawmoney ($1.77 in chips) 
austinkrmn: posts small blind $0.01
Pepono101: posts big blind $0.02
luciano7266: sits out 
*** HOLE CARDS ***
Dealt to Dorex2007 [6d Td]
shawmoney: folds 
Tenorio422: folds 
david84477: folds 
Dorex2007: folds 
Aria Deotti: calls $0.02
austinkrmn: folds 
Pepono101: checks 
*** FLOP *** [3d 3h Ah]
Pepono101: bets $0.05
Aria Deotti: folds 
Uncalled bet ($0.05) returned to Pepono101
Pepono101 collected $0.05 from pot
Pepono101: doesn't show hand 
*** SUMMARY ***
Total pot $0.05 | Rake $0 
Board [3d 3h Ah]
Seat 1: Tenorio422 folded before Flop (didn't bet)
Seat 3: david84477 folded before Flop (didn't bet)
Seat 4: Dorex2007 folded before Flop (didn't bet)
Seat 5: Aria Deotti (button) folded on the Flop
Seat 6: austinkrmn (small blind) folded before Flop
Seat 7: Pepono101 (big blind) collected ($0.05)
Seat 8: shawmoney folded before Flop (didn't bet)



PokerStars Hand #231519856672:  Hold'em No Limit ($0.01/$0.02 USD) - 2021/11/18 18:07:33 PT [2021/11/18 21:07:33 ET]
Table 'Hameenlinna III' 9-max Seat #6 is the button
Seat 1: Tenorio422 ($2.12 in chips) 
Seat 2: MayconG3 ($2.34 in chips) 
Seat 3: david84477 ($2 in chips) 
Seat 4: Dorex2007 ($2.60 in chips) 
Seat 5: Aria Deotti ($0.65 in chips) 
Seat 6: austinkrmn ($1.39 in chips) 
Seat 7: Pepono101 ($2.49 in chips) 
Seat 8: shawmoney ($1.77 in chips) 
Pepono101: posts small blind $0.01
shawmoney: posts big blind $0.02
luciano7266: sits out 
*** HOLE CARDS ***
Dealt to Dorex2007 [2d Ah]
Tenorio422: folds 
MayconG3 has timed out
MayconG3: folds 
david84477: folds 
Dorex2007: folds 
Aria Deotti: calls $0.02
austinkrmn: folds 
Pepono101: calls $0.01
shawmoney: checks 
*** FLOP *** [8s 8h As]
Pepono101: checks 
shawmoney: bets $0.02
Aria Deotti: folds 
Pepono101: folds 
Uncalled bet ($0.02) returned to shawmoney
shawmoney collected $0.06 from pot
shawmoney: doesn't show hand 
*** SUMMARY ***
Total pot $0.06 | Rake $0 
Board [8s 8h As]
Seat 1: Tenorio422 folded before Flop (didn't bet)
Seat 2: MayconG3 folded before Flop (didn't bet)
Seat 3: david84477 folded before Flop (didn't bet)
Seat 4: Dorex2007 folded before Flop (didn't bet)
Seat 5: Aria Deotti folded on the Flop
Seat 6: austinkrmn (button) folded before Flop (didn't bet)
Seat 7: Pepono101 (small blind) folded on the Flop
Seat 8: shawmoney (big blind) collected ($0.06)



PokerStars Hand #231519866614:  Hold'em No Limit ($0.01/$0.02 USD) - 2021/11/18 18:08:14 PT [2021/11/18 21:08:14 ET]
Table 'Hameenlinna III' 9-max Seat #7 is the button
Seat 1: Tenorio422 ($2.12 in chips) 
Seat 2: MayconG3 ($2.34 in chips) 
Seat 3: david84477 ($2 in chips) 
Seat 4: Dorex2007 ($2.60 in chips) 
Seat 5: Aria Deotti ($0.63 in chips) 
Seat 6: austinkrmn ($1.39 in chips) 
Seat 7: Pepono101 ($2.47 in chips) 
Seat 8: shawmoney ($1.81 in chips) 
Seat 9: luciano7266 ($1.48 in chips) 
shawmoney: posts small blind $0.01
luciano7266: posts big blind $0.02
*** HOLE CARDS ***
Dealt to Dorex2007 [2s 9s]
Tenorio422: folds 
MayconG3: folds 
david84477: calls $0.02
Dorex2007: folds 
Aria Deotti: calls $0.02
austinkrmn: folds 
Pepono101: calls $0.02
shawmoney: calls $0.01
luciano7266: checks 
*** FLOP *** [4c Kc 9d]
shawmoney: checks 
luciano7266: checks 
david84477: bets $0.08
Aria Deotti: folds 
Pepono101: folds 
shawmoney: folds 
luciano7266: folds 
Uncalled bet ($0.08) returned to david84477
david84477 collected $0.10 from pot
david84477: doesn't show hand 
*** SUMMARY ***
Total pot $0.10 | Rake $0 
Board [4c Kc 9d]
Seat 1: Tenorio422 folded before Flop (didn't bet)
Seat 2: MayconG3 folded before Flop (didn't bet)
Seat 3: david84477 collected ($0.10)
Seat 4: Dorex2007 folded before Flop (didn't bet)
Seat 5: Aria Deotti folded on the Flop
Seat 6: austinkrmn folded before Flop (didn't bet)
Seat 7: Pepono101 (button) folded on the Flop
Seat 8: shawmoney (small blind) folded on the Flop
Seat 9: luciano7266 (big blind) folded on the Flop



PokerStars Hand #231519885897:  Hold'em No Limit ($0.01/$0.02 USD) - 2021/11/18 18:09:33 PT [2021/11/18 21:09:33 ET]
Table 'Hameenlinna III' 9-max Seat #8 is the button
Seat 1: Tenorio422 ($2.12 in chips) 
Seat 2: MayconG3 ($2.34 in chips) 
Seat 3: david84477 ($2.08 in chips) 
Seat 4: Dorex2007 ($2.60 in chips) 
Seat 5: Aria Deotti ($0.61 in chips) 
Seat 6: austinkrmn ($1.39 in chips) 
Seat 7: Pepono101 ($2.45 in chips) 
Seat 8: shawmoney ($1.79 in chips) 
Seat 9: luciano7266 ($1.46 in chips) 
luciano7266: posts small blind $0.01
Tenorio422: posts big blind $0.02
*** HOLE CARDS ***
Dealt to Dorex2007 [9d 3c]
MayconG3: folds 
david84477: calls $0.02
Dorex2007: folds 
Aria Deotti: calls $0.02
austinkrmn: folds 
Pepono101: folds 
shawmoney: folds 
luciano7266: calls $0.01
Tenorio422: checks 
*** FLOP *** [8c Jh Qs]
luciano7266: checks 
Tenorio422: checks 
david84477: bets $0.04
Aria Deotti: folds 
luciano7266: calls $0.04
Tenorio422: folds 
*** TURN *** [8c Jh Qs] [Ad]
luciano7266: checks 
david84477: bets $0.04
luciano7266: raises $0.14 to $0.18
david84477: raises $0.14 to $0.32
luciano7266: calls $0.14
*** RIVER *** [8c Jh Qs Ad] [4d]
luciano7266: bets $0.39
david84477: raises $0.39 to $0.78
luciano7266: calls $0.39
*** SHOW DOWN ***
david84477: shows [Ks Ts] (a straight, Ten to Ace)
luciano7266: mucks hand 
david84477 collected $2.28 from pot
*** SUMMARY ***
Total pot $2.36 | Rake $0.08 
Board [8c Jh Qs Ad 4d]
Seat 1: Tenorio422 (big blind) folded on the Flop
Seat 2: MayconG3 folded before Flop (didn't bet)
Seat 3: david84477 showed [Ks Ts] and won ($2.28) with a straight, Ten to Ace
Seat 4: Dorex2007 folded before Flop (didn't bet)
Seat 5: Aria Deotti folded on the Flop
Seat 6: austinkrmn folded before Flop (didn't bet)
Seat 7: Pepono101 folded before Flop (didn't bet)
Seat 8: shawmoney (button) folded before Flop (didn't bet)
Seat 9: luciano7266 (small blind) mucked [Td 9c]



PokerStars Hand #231519924502:  Hold'em No Limit ($0.01/$0.02 USD) - 2021/11/18 18:11:42 PT [2021/11/18 21:11:42 ET]
Table 'Hameenlinna III' 9-max Seat #9 is the button
Seat 1: Tenorio422 ($2.10 in chips) 
Seat 2: MayconG3 ($2.34 in chips) 
Seat 3: david84477 ($3.20 in chips) 
Seat 4: Dorex2007 ($2.60 in chips) 
Seat 5: Aria Deotti ($0.59 in chips) 
Seat 6: austinkrmn ($1.39 in chips) 
Seat 7: Pepono101 ($2.45 in chips) 
Seat 8: shawmoney ($1.79 in chips) 
Seat 9: luciano7266 ($0.30 in chips) 
Tenorio422: posts small blind $0.01
MayconG3: posts big blind $0.02
*** HOLE CARDS ***
Dealt to Dorex2007 [Jh Kc]
david84477: folds 
Dorex2007: folds 
Aria Deotti: calls $0.02
austinkrmn: raises $0.07 to $0.09
Pepono101: folds 
shawmoney: folds 
luciano7266: folds 
Tenorio422: calls $0.08
MayconG3: folds 
Aria Deotti: folds 
*** FLOP *** [3h 2h Ad]
Tenorio422: checks 
austinkrmn: bets $0.10
Tenorio422: calls $0.10
*** TURN *** [3h 2h Ad] [7c]
Tenorio422: checks 
austinkrmn: checks 
*** RIVER *** [3h 2h Ad 7c] [Kh]
Tenorio422: checks 
austinkrmn: checks 
*** SHOW DOWN ***
Tenorio422: shows [6s 4s] (high card Ace)
austinkrmn: shows [Th Tc] (a pair of Tens)
austinkrmn collected $0.41 from pot
*** SUMMARY ***
Total pot $0.42 | Rake $0.01 
Board [3h 2h Ad 7c Kh]
Seat 1: Tenorio422 (small blind) showed [6s 4s] and lost with high card Ace
Seat 2: MayconG3 (big blind) folded before Flop
Seat 3: david84477 folded before Flop (didn't bet)
Seat 4: Dorex2007 folded before Flop (didn't bet)
Seat 5: Aria Deotti folded before Flop
Seat 6: austinkrmn showed [Th Tc] and won ($0.41) with a pair of Tens
Seat 7: Pepono101 folded before Flop (didn't bet)
Seat 8: shawmoney folded before Flop (didn't bet)
Seat 9: luciano7266 (button) folded before Flop (didn't bet)



PokerStars Hand #231519942425:  Hold'em No Limit ($0.01/$0.02 USD) - 2021/11/18 18:12:56 PT [2021/11/18 21:12:56 ET]
Table 'Hameenlinna III' 9-max Seat #1 is the button
Seat 1: Tenorio422 ($2 in chips) 
Seat 2: MayconG3 ($2.32 in chips) 
Seat 4: Dorex2007 ($2.60 in chips) 
Seat 5: Aria Deotti ($0.57 in chips) 
Seat 6: austinkrmn ($1.61 in chips) 
Seat 7: Pepono101 ($2.45 in chips) 
Seat 8: shawmoney ($1.79 in chips) 
Seat 9: luciano7266 ($0.30 in chips) 
MayconG3: posts small blind $0.01
Dorex2007: posts big blind $0.02
*** HOLE CARDS ***
Dealt to Dorex2007 [Ac 8d]
Aria Deotti has timed out
Aria Deotti: folds 
austinkrmn: folds 
Pepono101: folds 
shawmoney: folds 
luciano7266: raises $0.02 to $0.04
Tenorio422: raises $0.14 to $0.18
MayconG3: folds 
Dorex2007: folds 
luciano7266: folds 
Uncalled bet ($0.14) returned to Tenorio422
Tenorio422 collected $0.11 from pot
*** SUMMARY ***
Total pot $0.11 | Rake $0 
Seat 1: Tenorio422 (button) collected ($0.11)
Seat 2: MayconG3 (small blind) folded before Flop
Seat 4: Dorex2007 (big blind) folded before Flop
Seat 5: Aria Deotti folded before Flop (didn't bet)
Seat 6: austinkrmn folded before Flop (didn't bet)
Seat 7: Pepono101 folded before Flop (didn't bet)
Seat 8: shawmoney folded before Flop (didn't bet)
Seat 9: luciano7266 folded before Flop



PokerStars Hand #231519954203:  Hold'em No Limit ($0.01/$0.02 USD) - 2021/11/18 18:13:45 PT [2021/11/18 21:13:45 ET]
Table 'Hameenlinna III' 9-max Seat #2 is the button
Seat 1: Tenorio422 ($2.07 in chips) 
Seat 2: MayconG3 ($2.31 in chips) 
Seat 4: Dorex2007 ($2.58 in chips) 
Seat 5: Aria Deotti ($0.57 in chips) 
Seat 6: austinkrmn ($1.61 in chips) 
Seat 7: Pepono101 ($2.45 in chips) 
Seat 8: shawmoney ($1.79 in chips) 
Seat 9: luciano7266 ($0.26 in chips) 
Dorex2007: posts small blind $0.01
Aria Deotti: posts big blind $0.02
*** HOLE CARDS ***
Dealt to Dorex2007 [Qc 8d]
austinkrmn: folds 
Pepono101: folds 
shawmoney: folds 
david84477 leaves the table
luciano7266: folds 
Tenorio422: folds 
MayconG3: folds 
Dorex2007: raises $0.02 to $0.04
Aria Deotti: raises $0.02 to $0.06
Dorex2007: calls $0.02
*** FLOP *** [4c 2h 5c]
Dorex2007: checks 
Aria Deotti: bets $0.06
Dorex2007: folds 
Uncalled bet ($0.06) returned to Aria Deotti
Aria Deotti collected $0.12 from pot
*** SUMMARY ***
Total pot $0.12 | Rake $0 
Board [4c 2h 5c]
Seat 1: Tenorio422 folded before Flop (didn't bet)
Seat 2: MayconG3 (button) folded before Flop (didn't bet)
Seat 4: Dorex2007 (small blind) folded on the Flop
Seat 5: Aria Deotti (big blind) collected ($0.12)
Seat 6: austinkrmn folded before Flop (didn't bet)
Seat 7: Pepono101 folded before Flop (didn't bet)
Seat 8: shawmoney folded before Flop (didn't bet)
Seat 9: luciano7266 folded before Flop (didn't bet)



PokerStars Hand #231519965186:  Hold'em No Limit ($0.01/$0.02 USD) - 2021/11/18 18:14:31 PT [2021/11/18 21:14:31 ET]
Table 'Hameenlinna III' 9-max Seat #4 is the button
Seat 1: Tenorio422 ($2.07 in chips) 
Seat 2: MayconG3 ($2.31 in chips) 
Seat 4: Dorex2007 ($2.52 in chips) 
Seat 5: Aria Deotti ($0.63 in chips) 
Seat 6: austinkrmn ($1.61 in chips) 
Seat 7: Pepono101 ($2.45 in chips) 
Seat 8: shawmoney ($1.79 in chips) 
Seat 9: luciano7266 ($0.26 in chips) 
Aria Deotti: posts small blind $0.01
austinkrmn: posts big blind $0.02
*** HOLE CARDS ***
Dealt to Dorex2007 [9h 5s]
Pepono101: folds 
shawmoney: folds 
luciano7266: raises $0.02 to $0.04
Tenorio422: folds 
MayconG3: raises $0.04 to $0.08
Dorex2007: folds 
Aria Deotti: folds 
austinkrmn: folds 
luciano7266: calls $0.04
*** FLOP *** [7d Ts 2c]
luciano7266: checks 
marcelo bento12 joins the table at seat #3 
MayconG3: bets $0.10
luciano7266: folds 
Uncalled bet ($0.10) returned to MayconG3
MayconG3 collected $0.18 from pot
MayconG3: doesn't show hand 
*** SUMMARY ***
Total pot $0.19 | Rake $0.01 
Board [7d Ts 2c]
Seat 1: Tenorio422 folded before Flop (didn't bet)
Seat 2: MayconG3 collected ($0.18)
Seat 4: Dorex2007 (button) folded before Flop (didn't bet)
Seat 5: Aria Deotti (small blind) folded before Flop
Seat 6: austinkrmn (big blind) folded before Flop
Seat 7: Pepono101 folded before Flop (didn't bet)
Seat 8: shawmoney folded before Flop (didn't bet)
Seat 9: luciano7266 folded on the Flop



PokerStars Hand #231519978796:  Hold'em No Limit ($0.01/$0.02 USD) - 2021/11/18 18:15:28 PT [2021/11/18 21:15:28 ET]
Table 'Hameenlinna III' 9-max Seat #5 is the button
Seat 1: Tenorio422 ($2.07 in chips) 
Seat 2: MayconG3 ($2.41 in chips) 
Seat 3: marcelo bento12 ($1 in chips) 
Seat 4: Dorex2007 ($2.52 in chips) 
Seat 5: Aria Deotti ($0.62 in chips) 
Seat 6: austinkrmn ($1.59 in chips) 
Seat 7: Pepono101 ($2.45 in chips) 
Seat 8: shawmoney ($1.79 in chips) 
Seat 9: luciano7266 ($0.18 in chips) 
austinkrmn: posts small blind $0.01
Pepono101: posts big blind $0.02
marcelo bento12: posts big blind $0.02
*** HOLE CARDS ***
Dealt to Dorex2007 [Ad 7h]
shawmoney: folds 
luciano7266: raises $0.16 to $0.18 and is all-in
Tenorio422: folds 
MayconG3: folds 
marcelo bento12: calls $0.16
Dorex2007: folds 
Aria Deotti: folds 
austinkrmn: folds 
Pepono101: folds 
*** FLOP *** [5c Js 4s]
*** TURN *** [5c Js 4s] [8h]
*** RIVER *** [5c Js 4s 8h] [Th]
*** SHOW DOWN ***
luciano7266: shows [Jh As] (a pair of Jacks)
marcelo bento12: shows [Jc Ks] (a pair of Jacks - lower kicker)
luciano7266 collected $0.38 from pot
*** SUMMARY ***
Total pot $0.39 | Rake $0.01 
Board [5c Js 4s 8h Th]
Seat 1: Tenorio422 folded before Flop (didn't bet)
Seat 2: MayconG3 folded before Flop (didn't bet)
Seat 3: marcelo bento12 showed [Jc Ks] and lost with a pair of Jacks
Seat 4: Dorex2007 folded before Flop (didn't bet)
Seat 5: Aria Deotti (button) folded before Flop (didn't bet)
Seat 6: austinkrmn (small blind) folded before Flop
Seat 7: Pepono101 (big blind) folded before Flop
Seat 8: shawmoney folded before Flop (didn't bet)
Seat 9: luciano7266 showed [Jh As] and won ($0.38) with a pair of Jacks



PokerStars Hand #231519988197:  Hold'em No Limit ($0.01/$0.02 USD) - 2021/11/18 18:16:08 PT [2021/11/18 21:16:08 ET]
Table 'Hameenlinna III' 9-max Seat #6 is the button
Seat 1: Tenorio422 ($2.07 in chips) 
Seat 2: MayconG3 ($2.41 in chips) 
Seat 3: marcelo bento12 ($0.82 in chips) 
Seat 4: Dorex2007 ($2.52 in chips) 
Seat 5: Aria Deotti ($0.62 in chips) 
Seat 6: austinkrmn ($1.58 in chips) 
Seat 7: Pepono101 ($2.43 in chips) 
Seat 8: shawmoney ($1.79 in chips) 
Seat 9: luciano7266 ($0.38 in chips) 
Pepono101: posts small blind $0.01
shawmoney: posts big blind $0.02
*** HOLE CARDS ***
Dealt to Dorex2007 [Qc Kd]
luciano7266: folds 
Tenorio422: folds 
MayconG3: folds 
marcelo bento12: calls $0.02
Dorex2007: raises $0.04 to $0.06
Aria Deotti: calls $0.06
austinkrmn: folds 
Pepono101: calls $0.05
shawmoney: folds 
marcelo bento12: calls $0.04
*** FLOP *** [7d Td Ah]
Pepono101: bets $0.12
marcelo bento12: folds 
Dorex2007: folds 
Aria Deotti: folds 
Uncalled bet ($0.12) returned to Pepono101
Pepono101 collected $0.25 from pot
Pepono101: doesn't show hand 
*** SUMMARY ***
Total pot $0.26 | Rake $0.01 
Board [7d Td Ah]
Seat 1: Tenorio422 folded before Flop (didn't bet)
Seat 2: MayconG3 folded before Flop (didn't bet)
Seat 3: marcelo bento12 folded on the Flop
Seat 4: Dorex2007 folded on the Flop
Seat 5: Aria Deotti folded on the Flop
Seat 6: austinkrmn (button) folded before Flop (didn't bet)
Seat 7: Pepono101 (small blind) collected ($0.25)
Seat 8: shawmoney (big blind) folded before Flop
Seat 9: luciano7266 folded before Flop (didn't bet)



PokerStars Hand #231520000692:  Hold'em No Limit ($0.01/$0.02 USD) - 2021/11/18 18:17:01 PT [2021/11/18 21:17:01 ET]
Table 'Hameenlinna III' 9-max Seat #7 is the button
Seat 1: Tenorio422 ($2.07 in chips) 
Seat 2: MayconG3 ($2.41 in chips) 
Seat 3: marcelo bento12 ($0.76 in chips) 
Seat 4: Dorex2007 ($2.46 in chips) 
Seat 5: Aria Deotti ($0.56 in chips) 
Seat 6: austinkrmn ($1.58 in chips) 
Seat 7: Pepono101 ($2.62 in chips) 
Seat 8: shawmoney ($1.77 in chips) 
Seat 9: luciano7266 ($0.38 in chips) 
shawmoney: posts small blind $0.01
luciano7266: posts big blind $0.02
*** HOLE CARDS ***
Dealt to Dorex2007 [6c Ks]
Tenorio422: folds 
MayconG3: folds 
marcelo bento12: calls $0.02
Dorex2007: folds 
Aria Deotti: calls $0.02
austinkrmn: folds 
Pepono101: folds 
shawmoney: folds 
luciano7266: checks 
*** FLOP *** [3d 7d 5h]
luciano7266: checks 
marcelo bento12: bets $0.02
Aria Deotti: calls $0.02
luciano7266: calls $0.02
*** TURN *** [3d 7d 5h] [Ts]
luciano7266: checks 
marcelo bento12: bets $0.02
Aria Deotti: calls $0.02
luciano7266: calls $0.02
*** RIVER *** [3d 7d 5h Ts] [9h]
luciano7266: checks 
marcelo bento12: checks 
Aria Deotti: bets $0.04
luciano7266: folds 
marcelo bento12: folds 
Uncalled bet ($0.04) returned to Aria Deotti
Aria Deotti collected $0.18 from pot
Aria Deotti: doesn't show hand 
*** SUMMARY ***
Total pot $0.19 | Rake $0.01 
Board [3d 7d 5h Ts 9h]
Seat 1: Tenorio422 folded before Flop (didn't bet)
Seat 2: MayconG3 folded before Flop (didn't bet)
Seat 3: marcelo bento12 folded on the River
Seat 4: Dorex2007 folded before Flop (didn't bet)
Seat 5: Aria Deotti collected ($0.18)
Seat 6: austinkrmn folded before Flop (didn't bet)
Seat 7: Pepono101 (button) folded before Flop (didn't bet)
Seat 8: shawmoney (small blind) folded before Flop
Seat 9: luciano7266 (big blind) folded on the River



PokerStars Hand #231520020754:  Hold'em No Limit ($0.01/$0.02 USD) - 2021/11/18 18:18:24 PT [2021/11/18 21:18:24 ET]
Table 'Hameenlinna III' 9-max Seat #8 is the button
Seat 1: Tenorio422 ($2.07 in chips) 
Seat 2: MayconG3 ($2.41 in chips) 
Seat 3: marcelo bento12 ($0.70 in chips) 
Seat 4: Dorex2007 ($2.46 in chips) 
Seat 5: Aria Deotti ($0.68 in chips) 
Seat 6: austinkrmn ($1.58 in chips) 
Seat 7: Pepono101 ($2.62 in chips) 
Seat 8: shawmoney ($1.76 in chips) 
Seat 9: luciano7266 ($0.32 in chips) 
luciano7266: posts small blind $0.01
Tenorio422: posts big blind $0.02
*** HOLE CARDS ***
Dealt to Dorex2007 [Js 2d]
MayconG3: raises $0.04 to $0.06
marcelo bento12: calls $0.06
Dorex2007: folds 
Aria Deotti: folds 
austinkrmn: folds 
Pepono101: folds 
shawmoney has timed out
shawmoney: folds 
luciano7266: folds 
Tenorio422: folds 
*** FLOP *** [8d 6c Qd]
MayconG3: bets $0.07
marcelo bento12: folds 
Uncalled bet ($0.07) returned to MayconG3
MayconG3 collected $0.14 from pot
MayconG3: doesn't show hand 
*** SUMMARY ***
Total pot $0.15 | Rake $0.01 
Board [8d 6c Qd]
Seat 1: Tenorio422 (big blind) folded before Flop
Seat 2: MayconG3 collected ($0.14)
Seat 3: marcelo bento12 folded on the Flop
Seat 4: Dorex2007 folded before Flop (didn't bet)
Seat 5: Aria Deotti folded before Flop (didn't bet)
Seat 6: austinkrmn folded before Flop (didn't bet)
Seat 7: Pepono101 folded before Flop (didn't bet)
Seat 8: shawmoney (button) folded before Flop (didn't bet)
Seat 9: luciano7266 (small blind) folded before Flop



PokerStars Hand #231520035260:  Hold'em No Limit ($0.01/$0.02 USD) - 2021/11/18 18:19:25 PT [2021/11/18 21:19:25 ET]
Table 'Hameenlinna III' 9-max Seat #9 is the button
Seat 1: Tenorio422 ($2.05 in chips) 
Seat 2: MayconG3 ($2.49 in chips) 
Seat 3: marcelo bento12 ($0.64 in chips) 
Seat 4: Dorex2007 ($2.46 in chips) 
Seat 5: Aria Deotti ($0.68 in chips) 
Seat 6: austinkrmn ($1.58 in chips) 
Seat 7: Pepono101 ($2.62 in chips) 
Seat 8: shawmoney ($1.76 in chips) 
Seat 9: luciano7266 ($0.31 in chips) 
Tenorio422: posts small blind $0.01
MayconG3: posts big blind $0.02
*** HOLE CARDS ***
Dealt to Dorex2007 [Kc As]
marcelo bento12: folds 
Dorex2007: raises $0.04 to $0.06
Aria Deotti: folds 
austinkrmn: folds 
Pepono101: calls $0.06
shawmoney has timed out
shawmoney: folds 
luciano7266: folds 
Tenorio422: folds 
MayconG3: folds 
*** FLOP *** [4h 7h Jc]
Dorex2007: checks 
Pepono101: bets $0.14
Dorex2007: folds 
Uncalled bet ($0.14) returned to Pepono101
Pepono101 collected $0.14 from pot
Pepono101: doesn't show hand 
*** SUMMARY ***
Total pot $0.15 | Rake $0.01 
Board [4h 7h Jc]
Seat 1: Tenorio422 (small blind) folded before Flop
Seat 2: MayconG3 (big blind) folded before Flop
Seat 3: marcelo bento12 folded before Flop (didn't bet)
Seat 4: Dorex2007 folded on the Flop
Seat 5: Aria Deotti folded before Flop (didn't bet)
Seat 6: austinkrmn folded before Flop (didn't bet)
Seat 7: Pepono101 collected ($0.14)
Seat 8: shawmoney folded before Flop (didn't bet)
Seat 9: luciano7266 (button) folded before Flop (didn't bet)



PokerStars Hand #231520047969:  Hold'em No Limit ($0.01/$0.02 USD) - 2021/11/18 18:20:18 PT [2021/11/18 21:20:18 ET]
Table 'Hameenlinna III' 9-max Seat #1 is the button
Seat 1: Tenorio422 ($2.04 in chips) 
Seat 2: MayconG3 ($2.47 in chips) 
Seat 3: marcelo bento12 ($0.64 in chips) 
Seat 4: Dorex2007 ($2.40 in chips) 
Seat 5: Aria Deotti ($0.68 in chips) 
Seat 6: austinkrmn ($1.58 in chips) 
Seat 7: Pepono101 ($2.70 in chips) 
Seat 9: luciano7266 ($0.31 in chips) 
MayconG3: posts small blind $0.01
marcelo bento12: posts big blind $0.02
*** HOLE CARDS ***
Dealt to Dorex2007 [7d 8d]
Dorex2007: folds 
Aria Deotti: calls $0.02
austinkrmn: folds 
Pepono101: calls $0.02
luciano7266: folds 
Tenorio422: folds 
MayconG3: folds 
marcelo bento12: checks 
*** FLOP *** [Qh Jc 4h]
marcelo bento12: checks 
Aria Deotti: bets $0.02
Pepono101: calls $0.02
marcelo bento12: calls $0.02
*** TURN *** [Qh Jc 4h] [9h]
marcelo bento12: checks 
Aria Deotti: bets $0.04
Pepono101: raises $0.21 to $0.25
marcelo bento12: folds 
Aria Deotti: folds 
Uncalled bet ($0.21) returned to Pepono101
Pepono101 collected $0.20 from pot
Pepono101: doesn't show hand 
*** SUMMARY ***
Total pot $0.21 | Rake $0.01 
Board [Qh Jc 4h 9h]
Seat 1: Tenorio422 (button) folded before Flop (didn't bet)
Seat 2: MayconG3 (small blind) folded before Flop
Seat 3: marcelo bento12 (big blind) folded on the Turn
Seat 4: Dorex2007 folded before Flop (didn't bet)
Seat 5: Aria Deotti folded on the Turn
Seat 6: austinkrmn folded before Flop (didn't bet)
Seat 7: Pepono101 collected ($0.20)
Seat 9: luciano7266 folded before Flop (didn't bet)



PokerStars Hand #231520063707:  Hold'em No Limit ($0.01/$0.02 USD) - 2021/11/18 18:21:25 PT [2021/11/18 21:21:25 ET]
Table 'Hameenlinna III' 9-max Seat #2 is the button
Seat 1: Tenorio422 ($2.04 in chips) 
Seat 2: MayconG3 ($2.46 in chips) 
Seat 3: marcelo bento12 ($0.60 in chips) 
Seat 4: Dorex2007 ($2.40 in chips) 
Seat 5: Aria Deotti ($0.60 in chips) 
Seat 6: austinkrmn ($1.58 in chips) 
Seat 7: Pepono101 ($2.82 in chips) 
Seat 9: luciano7266 ($0.31 in chips) 
marcelo bento12: posts small blind $0.01
Dorex2007: posts big blind $0.02
*** HOLE CARDS ***
Dealt to Dorex2007 [9h 2h]
Aria Deotti: folds 
austinkrmn: folds 
shawmoney is disconnected 
Pepono101: raises $0.02 to $0.04
luciano7266: folds 
Tenorio422: calls $0.04
MayconG3: folds 
marcelo bento12: calls $0.03
Dorex2007: folds 
*** FLOP *** [5d Kd Js]
marcelo bento12: checks 
Pepono101: checks 
Tenorio422: checks 
*** TURN *** [5d Kd Js] [4h]
marcelo bento12: checks 
Pepono101: bets $0.14
Tenorio422: folds 
marcelo bento12: folds 
Uncalled bet ($0.14) returned to Pepono101
Pepono101 collected $0.14 from pot
Pepono101: doesn't show hand 
*** SUMMARY ***
Total pot $0.14 | Rake $0 
Board [5d Kd Js 4h]
Seat 1: Tenorio422 folded on the Turn
Seat 2: MayconG3 (button) folded before Flop (didn't bet)
Seat 3: marcelo bento12 (small blind) folded on the Turn
Seat 4: Dorex2007 (big blind) folded before Flop
Seat 5: Aria Deotti folded before Flop (didn't bet)
Seat 6: austinkrmn folded before Flop (didn't bet)
Seat 7: Pepono101 collected ($0.14)
Seat 9: luciano7266 folded before Flop (didn't bet)



PokerStars Hand #231520077583:  Hold'em No Limit ($0.01/$0.02 USD) - 2021/11/18 18:22:24 PT [2021/11/18 21:22:24 ET]
Table 'Hameenlinna III' 9-max Seat #3 is the button
Seat 1: Tenorio422 ($2 in chips) 
Seat 2: MayconG3 ($2.46 in chips) 
Seat 3: marcelo bento12 ($0.56 in chips) 
Seat 4: Dorex2007 ($2.38 in chips) 
Seat 5: Aria Deotti ($0.60 in chips) 
Seat 6: austinkrmn ($1.58 in chips) 
Seat 7: Pepono101 ($2.92 in chips) 
Seat 9: luciano7266 ($0.31 in chips) 
Dorex2007: posts small blind $0.01
Aria Deotti: posts big blind $0.02
*** HOLE CARDS ***
Dealt to Dorex2007 [5c 9c]
austinkrmn: folds 
Pepono101: folds 
luciano7266: folds 
Tenorio422: folds 
MayconG3: raises $0.02 to $0.04
marcelo bento12: folds 
Dorex2007: folds 
Aria Deotti: calls $0.02
*** FLOP *** [6s Js 9h]
Aria Deotti: bets $0.02
MayconG3: folds 
Uncalled bet ($0.02) returned to Aria Deotti
Aria Deotti collected $0.09 from pot
*** SUMMARY ***
Total pot $0.09 | Rake $0 
Board [6s Js 9h]
Seat 1: Tenorio422 folded before Flop (didn't bet)
Seat 2: MayconG3 folded on the Flop
Seat 3: marcelo bento12 (button) folded before Flop (didn't bet)
Seat 4: Dorex2007 (small blind) folded before Flop
Seat 5: Aria Deotti (big blind) collected ($0.09)
Seat 6: austinkrmn folded before Flop (didn't bet)
Seat 7: Pepono101 folded before Flop (didn't bet)
Seat 9: luciano7266 folded before Flop (didn't bet)



PokerStars Hand #231520096213:  Hold'em No Limit ($0.01/$0.02 USD) - 2021/11/18 18:23:19 PT [2021/11/18 21:23:19 ET]
Table 'Hameenlinna III' 9-max Seat #4 is the button
Seat 1: Tenorio422 ($2 in chips) 
Seat 2: MayconG3 ($2.42 in chips) 
Seat 3: marcelo bento12 ($0.56 in chips) 
Seat 4: Dorex2007 ($2.37 in chips) 
Seat 5: Aria Deotti ($0.65 in chips) 
Seat 6: austinkrmn ($1.58 in chips) 
Seat 7: Pepono101 ($2.92 in chips) 
Seat 9: luciano7266 ($0.31 in chips) 
Aria Deotti: posts small blind $0.01
austinkrmn: posts big blind $0.02
*** HOLE CARDS ***
Dealt to Dorex2007 [As 9s]
Pepono101: calls $0.02
luciano7266: folds 
Tenorio422: folds 
MayconG3: raises $0.02 to $0.04
marcelo bento12: folds 
Dorex2007: calls $0.04
Aria Deotti: raises $0.06 to $0.10
austinkrmn: folds 
Pepono101: folds 
MayconG3: calls $0.06
Dorex2007: calls $0.06
*** FLOP *** [Ts 5c Kh]
Aria Deotti: bets $0.08
MayconG3: folds 
Dorex2007: folds 
Uncalled bet ($0.08) returned to Aria Deotti
Aria Deotti collected $0.33 from pot
*** SUMMARY ***
Total pot $0.34 | Rake $0.01 
Board [Ts 5c Kh]
Seat 1: Tenorio422 folded before Flop (didn't bet)
Seat 2: MayconG3 folded on the Flop
Seat 3: marcelo bento12 folded before Flop (didn't bet)
Seat 4: Dorex2007 (button) folded on the Flop
Seat 5: Aria Deotti (small blind) collected ($0.33)
Seat 6: austinkrmn (big blind) folded before Flop
Seat 7: Pepono101 folded before Flop
Seat 9: luciano7266 folded before Flop (didn't bet)



PokerStars Hand #231520110811:  Hold'em No Limit ($0.01/$0.02 USD) - 2021/11/18 18:24:21 PT [2021/11/18 21:24:21 ET]
Table 'Hameenlinna III' 9-max Seat #5 is the button
Seat 1: Tenorio422 ($2 in chips) 
Seat 2: MayconG3 ($2.32 in chips) 
Seat 3: marcelo bento12 ($0.56 in chips) 
Seat 4: Dorex2007 ($2.27 in chips) 
Seat 5: Aria Deotti ($0.88 in chips) 
Seat 6: austinkrmn ($1.56 in chips) 
Seat 7: Pepono101 ($2.90 in chips) 
Seat 9: luciano7266 ($0.31 in chips) 
austinkrmn: posts small blind $0.01
Pepono101: posts big blind $0.02
*** HOLE CARDS ***
Dealt to Dorex2007 [2h Qd]
luciano7266: folds 
Tenorio422: folds 
MayconG3: folds 
marcelo bento12: calls $0.02
Dorex2007: folds 
Aria Deotti: calls $0.02
austinkrmn: folds 
Pepono101: checks 
*** FLOP *** [Tc 8c Ts]
Pepono101: checks 
marcelo bento12: bets $0.04
Aria Deotti: calls $0.04
Pepono101: folds 
*** TURN *** [Tc 8c Ts] [6h]
marcelo bento12: bets $0.14
Aria Deotti: folds 
Uncalled bet ($0.14) returned to marcelo bento12
marcelo bento12 collected $0.14 from pot
*** SUMMARY ***
Total pot $0.15 | Rake $0.01 
Board [Tc 8c Ts 6h]
Seat 1: Tenorio422 folded before Flop (didn't bet)
Seat 2: MayconG3 folded before Flop (didn't bet)
Seat 3: marcelo bento12 collected ($0.14)
Seat 4: Dorex2007 folded before Flop (didn't bet)
Seat 5: Aria Deotti (button) folded on the Turn
Seat 6: austinkrmn (small blind) folded before Flop
Seat 7: Pepono101 (big blind) folded on the Flop
Seat 9: luciano7266 folded before Flop (didn't bet)



PokerStars Hand #231520130483:  Hold'em No Limit ($0.01/$0.02 USD) - 2021/11/18 18:25:47 PT [2021/11/18 21:25:47 ET]
Table 'Hameenlinna III' 9-max Seat #6 is the button
Seat 1: Tenorio422 ($2 in chips) 
Seat 2: MayconG3 ($2.32 in chips) 
Seat 3: marcelo bento12 ($0.64 in chips) 
Seat 4: Dorex2007 ($2.27 in chips) 
Seat 5: Aria Deotti ($0.82 in chips) 
Seat 6: austinkrmn ($1.55 in chips) 
Seat 7: Pepono101 ($2.88 in chips) 
Seat 9: luciano7266 ($0.31 in chips) 
Pepono101: posts small blind $0.01
luciano7266: posts big blind $0.02
*** HOLE CARDS ***
Dealt to Dorex2007 [4s 9s]
Tenorio422: folds 
MayconG3: folds 
marcelo bento12: calls $0.02
Dorex2007: folds 
Aria Deotti: calls $0.02
austinkrmn: folds 
Pepono101: calls $0.01
luciano7266: raises $0.29 to $0.31 and is all-in
marcelo bento12: folds 
Aria Deotti: folds 
Pepono101: folds 
Uncalled bet ($0.29) returned to luciano7266
luciano7266 collected $0.08 from pot
luciano7266: doesn't show hand 
*** SUMMARY ***
Total pot $0.08 | Rake $0 
Seat 1: Tenorio422 folded before Flop (didn't bet)
Seat 2: MayconG3 folded before Flop (didn't bet)
Seat 3: marcelo bento12 folded before Flop
Seat 4: Dorex2007 folded before Flop (didn't bet)
Seat 5: Aria Deotti folded before Flop
Seat 6: austinkrmn (button) folded before Flop (didn't bet)
Seat 7: Pepono101 (small blind) folded before Flop
Seat 9: luciano7266 (big blind) collected ($0.08)



PokerStars Hand #231520139056:  Hold'em No Limit ($0.01/$0.02 USD) - 2021/11/18 18:26:24 PT [2021/11/18 21:26:24 ET]
Table 'Hameenlinna III' 9-max Seat #7 is the button
Seat 1: Tenorio422 ($2 in chips) 
Seat 2: MayconG3 ($2.32 in chips) 
Seat 3: marcelo bento12 ($0.62 in chips) 
Seat 4: Dorex2007 ($2.27 in chips) 
Seat 5: Aria Deotti ($0.80 in chips) 
Seat 6: austinkrmn ($1.55 in chips) 
Seat 7: Pepono101 ($2.86 in chips) 
Seat 9: luciano7266 ($0.37 in chips) 
luciano7266: posts small blind $0.01
Tenorio422: posts big blind $0.02
*** HOLE CARDS ***
Dealt to Dorex2007 [Td 3h]
MayconG3: folds 
marcelo bento12: raises $0.02 to $0.04
Dorex2007: folds 
Aria Deotti: folds 
austinkrmn: folds 
Pepono101: folds 
luciano7266: folds 
Tenorio422: calls $0.02
*** FLOP *** [Kc 4s 8c]
Tenorio422: checks 
marcelo bento12: checks 
*** TURN *** [Kc 4s 8c] [2d]
Tenorio422: bets $0.09
marcelo bento12: calls $0.09
*** RIVER *** [Kc 4s 8c 2d] [9h]
Tenorio422: checks 
marcelo bento12: checks 
*** SHOW DOWN ***
Tenorio422: shows [2c Qc] (a pair of Deuces)
marcelo bento12: shows [Jd Jc] (a pair of Jacks)
marcelo bento12 collected $0.26 from pot
*** SUMMARY ***
Total pot $0.27 | Rake $0.01 
Board [Kc 4s 8c 2d 9h]
Seat 1: Tenorio422 (big blind) showed [2c Qc] and lost with a pair of Deuces
Seat 2: MayconG3 folded before Flop (didn't bet)
Seat 3: marcelo bento12 showed [Jd Jc] and won ($0.26) with a pair of Jacks
Seat 4: Dorex2007 folded before Flop (didn't bet)
Seat 5: Aria Deotti folded before Flop (didn't bet)
Seat 6: austinkrmn folded before Flop (didn't bet)
Seat 7: Pepono101 (button) folded before Flop (didn't bet)
Seat 9: luciano7266 (small blind) folded before Flop



PokerStars Hand #231520152628:  Hold'em No Limit ($0.01/$0.02 USD) - 2021/11/18 18:27:22 PT [2021/11/18 21:27:22 ET]
Table 'Hameenlinna III' 9-max Seat #9 is the button
Seat 1: Tenorio422 ($2 in chips) 
Seat 2: MayconG3 ($2.32 in chips) 
Seat 3: marcelo bento12 ($0.75 in chips) 
Seat 4: Dorex2007 ($2.27 in chips) 
Seat 5: Aria Deotti ($0.80 in chips) 
Seat 6: austinkrmn ($1.55 in chips) 
Seat 7: Pepono101 ($2.86 in chips) 
Seat 9: luciano7266 ($0.36 in chips) 
Tenorio422: posts small blind $0.01
MayconG3: posts big blind $0.02
*** HOLE CARDS ***
Dealt to Dorex2007 [5d Ts]
marcelo bento12: calls $0.02
Dorex2007: folds 
Aria Deotti: calls $0.02
austinkrmn: folds 
Pepono101: folds 
luciano7266: calls $0.02
Tenorio422: raises $0.14 to $0.16
MayconG3: folds 
marcelo bento12: folds 
Aria Deotti: folds 
luciano7266: folds 
Uncalled bet ($0.14) returned to Tenorio422
Tenorio422 collected $0.10 from pot
*** SUMMARY ***
Total pot $0.10 | Rake $0 
Seat 1: Tenorio422 (small blind) collected ($0.10)
Seat 2: MayconG3 (big blind) folded before Flop
Seat 3: marcelo bento12 folded before Flop
Seat 4: Dorex2007 folded before Flop (didn't bet)
Seat 5: Aria Deotti folded before Flop
Seat 6: austinkrmn folded before Flop (didn't bet)
Seat 7: Pepono101 folded before Flop (didn't bet)
Seat 9: luciano7266 (button) folded before Flop



PokerStars Hand #231520167244:  Hold'em No Limit ($0.01/$0.02 USD) - 2021/11/18 18:28:26 PT [2021/11/18 21:28:26 ET]
Table 'Hameenlinna III' 9-max Seat #1 is the button
Seat 1: Tenorio422 ($2.08 in chips) 
Seat 2: MayconG3 ($2.30 in chips) 
Seat 3: marcelo bento12 ($0.73 in chips) 
Seat 4: Dorex2007 ($2.27 in chips) 
Seat 5: Aria Deotti ($0.78 in chips) 
Seat 6: austinkrmn ($1.55 in chips) 
Seat 7: Pepono101 ($2.86 in chips) 
Seat 9: luciano7266 ($0.34 in chips) 
MayconG3: posts small blind $0.01
marcelo bento12: posts big blind $0.02
*** HOLE CARDS ***
Dealt to Dorex2007 [Kh Ad]
Dorex2007: raises $0.04 to $0.06
Aria Deotti: folds 
austinkrmn: folds 
Pepono101: folds 
luciano7266: folds 
Tenorio422: folds 
MayconG3: raises $0.08 to $0.14
marcelo bento12: folds 
Dorex2007: calls $0.08
*** FLOP *** [4s 6s 9c]
MayconG3: checks 
Dorex2007: bets $0.15
MayconG3: calls $0.15
*** TURN *** [4s 6s 9c] [Td]
MayconG3: checks 
Dorex2007: checks 
*** RIVER *** [4s 6s 9c Td] [3s]
MayconG3: checks 
Dorex2007: bets $0.10
MayconG3: folds 
Uncalled bet ($0.10) returned to Dorex2007
Dorex2007 collected $0.58 from pot
Dorex2007: doesn't show hand 
*** SUMMARY ***
Total pot $0.60 | Rake $0.02 
Board [4s 6s 9c Td 3s]
Seat 1: Tenorio422 (button) folded before Flop (didn't bet)
Seat 2: MayconG3 (small blind) folded on the River
Seat 3: marcelo bento12 (big blind) folded before Flop
Seat 4: Dorex2007 collected ($0.58)
Seat 5: Aria Deotti folded before Flop (didn't bet)
Seat 6: austinkrmn folded before Flop (didn't bet)
Seat 7: Pepono101 folded before Flop (didn't bet)
Seat 9: luciano7266 folded before Flop (didn't bet)



PokerStars Hand #231520179690:  Hold'em No Limit ($0.01/$0.02 USD) - 2021/11/18 18:29:21 PT [2021/11/18 21:29:21 ET]
Table 'Hameenlinna III' 9-max Seat #2 is the button
Seat 1: Tenorio422 ($2.08 in chips) 
Seat 2: MayconG3 ($2.01 in chips) 
Seat 3: marcelo bento12 ($0.71 in chips) 
Seat 4: Dorex2007 ($2.56 in chips) 
Seat 5: Aria Deotti ($0.78 in chips) 
Seat 6: austinkrmn ($1.55 in chips) 
Seat 7: Pepono101 ($2.86 in chips) 
Seat 9: luciano7266 ($0.34 in chips) 
marcelo bento12: posts small blind $0.01
Dorex2007: posts big blind $0.02
*** HOLE CARDS ***
Dealt to Dorex2007 [Ac 3s]
Aria Deotti: folds 
austinkrmn: folds 
Pepono101: calls $0.02
luciano7266: folds 
Tenorio422: folds 
MayconG3: folds 
marcelo bento12: calls $0.01
Dorex2007: checks 
*** FLOP *** [Ks Qs 8s]
marcelo bento12: checks 
Dorex2007: checks 
Pepono101: checks 
*** TURN *** [Ks Qs 8s] [5s]
marcelo bento12: checks 
Dorex2007: bets $0.04
Pepono101: folds 
marcelo bento12: folds 
Uncalled bet ($0.04) returned to Dorex2007
Dorex2007 collected $0.06 from pot
Dorex2007: doesn't show hand 
*** SUMMARY ***
Total pot $0.06 | Rake $0 
Board [Ks Qs 8s 5s]
Seat 1: Tenorio422 folded before Flop (didn't bet)
Seat 2: MayconG3 (button) folded before Flop (didn't bet)
Seat 3: marcelo bento12 (small blind) folded on the Turn
Seat 4: Dorex2007 (big blind) collected ($0.06)
Seat 5: Aria Deotti folded before Flop (didn't bet)
Seat 6: austinkrmn folded before Flop (didn't bet)
Seat 7: Pepono101 folded on the Turn
Seat 9: luciano7266 folded before Flop (didn't bet)



PokerStars Hand #231520204854:  Hold'em No Limit ($0.01/$0.02 USD) - 2021/11/18 18:30:33 PT [2021/11/18 21:30:33 ET]
Table 'Hameenlinna III' 9-max Seat #3 is the button
Seat 1: Tenorio422 ($2.08 in chips) 
Seat 2: MayconG3 ($2.01 in chips) 
Seat 3: marcelo bento12 ($0.69 in chips) 
Seat 4: Dorex2007 ($2.60 in chips) 
Seat 5: Aria Deotti ($0.78 in chips) 
Seat 6: austinkrmn ($1.55 in chips) 
Seat 7: Pepono101 ($2.84 in chips) 
Seat 9: luciano7266 ($0.34 in chips) 
Dorex2007: posts small blind $0.01
Aria Deotti: posts big blind $0.02
shawmoney: sits out 
*** HOLE CARDS ***
Dealt to Dorex2007 [6h 6d]
austinkrmn: folds 
Pepono101: raises $0.05 to $0.07
luciano7266: folds 
Tenorio422: folds 
MayconG3: raises $0.09 to $0.16
marcelo bento12: calls $0.16
Dorex2007: folds 
Aria Deotti: folds 
Pepono101: calls $0.09
*** FLOP *** [4c 7c 6s]
Pepono101: checks 
MayconG3: bets $0.25
marcelo bento12: folds 
Pepono101: folds 
Uncalled bet ($0.25) returned to MayconG3
MayconG3 collected $0.49 from pot
MayconG3: doesn't show hand 
*** SUMMARY ***
Total pot $0.51 | Rake $0.02 
Board [4c 7c 6s]
Seat 1: Tenorio422 folded before Flop (didn't bet)
Seat 2: MayconG3 collected ($0.49)
Seat 3: marcelo bento12 (button) folded on the Flop
Seat 4: Dorex2007 (small blind) folded before Flop
Seat 5: Aria Deotti (big blind) folded before Flop
Seat 6: austinkrmn folded before Flop (didn't bet)
Seat 7: Pepono101 folded on the Flop
Seat 9: luciano7266 folded before Flop (didn't bet)



PokerStars Hand #231520216993:  Hold'em No Limit ($0.01/$0.02 USD) - 2021/11/18 18:31:27 PT [2021/11/18 21:31:27 ET]
Table 'Hameenlinna III' 9-max Seat #4 is the button
Seat 1: Tenorio422 ($2.08 in chips) 
Seat 2: MayconG3 ($2.34 in chips) 
Seat 3: marcelo bento12 ($0.53 in chips) 
Seat 4: Dorex2007 ($2.59 in chips) 
Seat 5: Aria Deotti ($0.76 in chips) 
Seat 6: austinkrmn ($1.55 in chips) 
Seat 7: Pepono101 ($2.68 in chips) 
Seat 9: luciano7266 ($0.34 in chips) 
Aria Deotti: posts small blind $0.01
austinkrmn: posts big blind $0.02
shawmoney: sits out 
*** HOLE CARDS ***
Dealt to Dorex2007 [6s Kd]
Pepono101: folds 
luciano7266: folds 
Tenorio422: folds 
MayconG3: folds 
marcelo bento12: folds 
Dorex2007: folds 
Aria Deotti: calls $0.01
austinkrmn: checks 
*** FLOP *** [Jd 6c 3c]
Aria Deotti: bets $0.02
austinkrmn: calls $0.02
*** TURN *** [Jd 6c 3c] [Th]
Aria Deotti: bets $0.02
austinkrmn: calls $0.02
*** RIVER *** [Jd 6c 3c Th] [7s]
Aria Deotti: bets $0.06
austinkrmn: folds 
Uncalled bet ($0.06) returned to Aria Deotti
Aria Deotti collected $0.12 from pot
*** SUMMARY ***
Total pot $0.12 | Rake $0 
Board [Jd 6c 3c Th 7s]
Seat 1: Tenorio422 folded before Flop (didn't bet)
Seat 2: MayconG3 folded before Flop (didn't bet)
Seat 3: marcelo bento12 folded before Flop (didn't bet)
Seat 4: Dorex2007 (button) folded before Flop (didn't bet)
Seat 5: Aria Deotti (small blind) collected ($0.12)
Seat 6: austinkrmn (big blind) folded on the River
Seat 7: Pepono101 folded before Flop (didn't bet)
Seat 9: luciano7266 folded before Flop (didn't bet)



PokerStars Hand #231520235775:  Hold'em No Limit ($0.01/$0.02 USD) - 2021/11/18 18:32:11 PT [2021/11/18 21:32:11 ET]
Table 'Hameenlinna III' 9-max Seat #5 is the button
Seat 1: Tenorio422 ($2.08 in chips) 
Seat 2: MayconG3 ($2.34 in chips) 
Seat 3: marcelo bento12 ($0.53 in chips) 
Seat 4: Dorex2007 ($2.59 in chips) 
Seat 5: Aria Deotti ($0.82 in chips) 
Seat 6: austinkrmn ($1.49 in chips) 
Seat 7: Pepono101 ($2.68 in chips) 
Seat 9: luciano7266 ($0.34 in chips) 
austinkrmn: posts small blind $0.01
Pepono101: posts big blind $0.02
shawmoney: sits out 
*** HOLE CARDS ***
Dealt to Dorex2007 [7s 3s]
luciano7266 has timed out
luciano7266: folds 
Tenorio422: folds 
MayconG3: folds 
marcelo bento12: calls $0.02
Dorex2007: folds 
Aria Deotti: folds 
austinkrmn: folds 
Pepono101: checks 
*** FLOP *** [6s 3h 8d]
Pepono101: checks 
marcelo bento12: bets $0.02
Pepono101: raises $0.04 to $0.06
marcelo bento12: raises $0.04 to $0.10
Pepono101: calls $0.04
*** TURN *** [6s 3h 8d] [9s]
Pepono101: checks 
marcelo bento12: checks 
*** RIVER *** [6s 3h 8d 9s] [Qs]
Pepono101: checks 
marcelo bento12: checks 
*** SHOW DOWN ***
Pepono101: shows [7c 9c] (a pair of Nines)
marcelo bento12: mucks hand 
Pepono101 collected $0.24 from pot
*** SUMMARY ***
Total pot $0.25 | Rake $0.01 
Board [6s 3h 8d 9s Qs]
Seat 1: Tenorio422 folded before Flop (didn't bet)
Seat 2: MayconG3 folded before Flop (didn't bet)
Seat 3: marcelo bento12 mucked [6c Ah]
Seat 4: Dorex2007 folded before Flop (didn't bet)
Seat 5: Aria Deotti (button) folded before Flop (didn't bet)
Seat 6: austinkrmn (small blind) folded before Flop
Seat 7: Pepono101 (big blind) showed [7c 9c] and won ($0.24) with a pair of Nines
Seat 9: luciano7266 folded before Flop (didn't bet)



PokerStars Hand #231520247723:  Hold'em No Limit ($0.01/$0.02 USD) - 2021/11/18 18:33:04 PT [2021/11/18 21:33:04 ET]
Table 'Hameenlinna III' 9-max Seat #6 is the button
Seat 1: Tenorio422 ($2.08 in chips) 
Seat 2: MayconG3 ($2.34 in chips) 
Seat 3: marcelo bento12 ($0.41 in chips) 
Seat 4: Dorex2007 ($2.59 in chips) 
Seat 5: Aria Deotti ($0.82 in chips) 
Seat 6: austinkrmn ($1.48 in chips) 
Seat 7: Pepono101 ($2.80 in chips) 
Seat 8: shawmoney ($1.76 in chips) 
Seat 9: luciano7266 ($0.34 in chips) 
Pepono101: posts small blind $0.01
shawmoney: posts big blind $0.02
*** HOLE CARDS ***
Dealt to Dorex2007 [7h Ts]
luciano7266: folds 
Tenorio422: folds 
MayconG3: folds 
marcelo bento12: folds 
Dorex2007: folds 
Aria Deotti: calls $0.02
austinkrmn: folds 
Pepono101: calls $0.01
shawmoney: checks 
*** FLOP *** [Qh Th 6d]
Pepono101: checks 
shawmoney: checks 
Aria Deotti: checks 
*** TURN *** [Qh Th 6d] [9d]
Pepono101: checks 
shawmoney: bets $0.03
Aria Deotti: folds 
Pepono101: folds 
Uncalled bet ($0.03) returned to shawmoney
shawmoney collected $0.06 from pot
shawmoney: doesn't show hand 
*** SUMMARY ***
Total pot $0.06 | Rake $0 
Board [Qh Th 6d 9d]
Seat 1: Tenorio422 folded before Flop (didn't bet)
Seat 2: MayconG3 folded before Flop (didn't bet)
Seat 3: marcelo bento12 folded before Flop (didn't bet)
Seat 4: Dorex2007 folded before Flop (didn't bet)
Seat 5: Aria Deotti folded on the Turn
Seat 6: austinkrmn (button) folded before Flop (didn't bet)
Seat 7: Pepono101 (small blind) folded on the Turn
Seat 8: shawmoney (big blind) collected ($0.06)
Seat 9: luciano7266 folded before Flop (didn't bet)



PokerStars Hand #231520261263:  Hold'em No Limit ($0.01/$0.02 USD) - 2021/11/18 18:34:03 PT [2021/11/18 21:34:03 ET]
Table 'Hameenlinna III' 9-max Seat #7 is the button
Seat 1: Tenorio422 ($2.08 in chips) 
Seat 2: MayconG3 ($2.34 in chips) 
Seat 3: marcelo bento12 ($0.41 in chips) 
Seat 4: Dorex2007 ($2.59 in chips) 
Seat 5: Aria Deotti ($0.80 in chips) 
Seat 6: austinkrmn ($1.48 in chips) 
Seat 7: Pepono101 ($2.78 in chips) 
Seat 8: shawmoney ($1.80 in chips) 
Seat 9: luciano7266 ($0.34 in chips) 
shawmoney: posts small blind $0.01
luciano7266: posts big blind $0.02
*** HOLE CARDS ***
Dealt to Dorex2007 [3s 2c]
Tenorio422: raises $0.04 to $0.06
MayconG3: calls $0.06
marcelo bento12: calls $0.06
Dorex2007: folds 
Aria Deotti: folds 
austinkrmn: folds 
Pepono101: folds 
shawmoney: folds 
luciano7266: folds 
*** FLOP *** [4c Kh 5h]
Tenorio422: bets $0.14
MayconG3: folds 
marcelo bento12: raises $0.21 to $0.35 and is all-in
Tenorio422: calls $0.21
*** TURN *** [4c Kh 5h] [6d]
*** RIVER *** [4c Kh 5h 6d] [2d]
*** SHOW DOWN ***
Tenorio422: shows [Ah 2h] (a pair of Deuces)
marcelo bento12: shows [Ks 8h] (a pair of Kings)
marcelo bento12 collected $0.88 from pot
*** SUMMARY ***
Total pot $0.91 | Rake $0.03 
Board [4c Kh 5h 6d 2d]
Seat 1: Tenorio422 showed [Ah 2h] and lost with a pair of Deuces
Seat 2: MayconG3 folded on the Flop
Seat 3: marcelo bento12 showed [Ks 8h] and won ($0.88) with a pair of Kings
Seat 4: Dorex2007 folded before Flop (didn't bet)
Seat 5: Aria Deotti folded before Flop (didn't bet)
Seat 6: austinkrmn folded before Flop (didn't bet)
Seat 7: Pepono101 (button) folded before Flop (didn't bet)
Seat 8: shawmoney (small blind) folded before Flop
Seat 9: luciano7266 (big blind) folded before Flop



PokerStars Hand #231520272681:  Hold'em No Limit ($0.01/$0.02 USD) - 2021/11/18 18:34:54 PT [2021/11/18 21:34:54 ET]
Table 'Hameenlinna III' 9-max Seat #8 is the button
Seat 1: Tenorio422 ($2 in chips) 
Seat 2: MayconG3 ($2.28 in chips) 
Seat 3: marcelo bento12 ($0.88 in chips) 
Seat 4: Dorex2007 ($2.59 in chips) 
Seat 5: Aria Deotti ($0.80 in chips) 
Seat 6: austinkrmn ($1.48 in chips) 
Seat 7: Pepono101 ($2.78 in chips) 
Seat 8: shawmoney ($1.79 in chips) 
Seat 9: luciano7266 ($0.32 in chips) 
luciano7266: posts small blind $0.01
Tenorio422: posts big blind $0.02
*** HOLE CARDS ***
Dealt to Dorex2007 [Js 3s]
MayconG3: raises $0.04 to $0.06
marcelo bento12: folds 
Dorex2007: folds 
Aria Deotti has timed out
Aria Deotti: folds 
austinkrmn: calls $0.06
Pepono101: folds 
shawmoney: folds 
luciano7266: folds 
Tenorio422: folds 
*** FLOP *** [Qd 7c 7h]
MayconG3: checks 
austinkrmn: checks 
*** TURN *** [Qd 7c 7h] [Ac]
MayconG3: bets $0.08
austinkrmn: calls $0.08
*** RIVER *** [Qd 7c 7h Ac] [9h]
MayconG3: bets $0.14
austinkrmn: calls $0.14
*** SHOW DOWN ***
MayconG3: shows [8s As] (two pair, Aces and Sevens)
austinkrmn: shows [Ah Kh] (two pair, Aces and Sevens - King kicker)
austinkrmn collected $0.57 from pot
*** SUMMARY ***
Total pot $0.59 | Rake $0.02 
Board [Qd 7c 7h Ac 9h]
Seat 1: Tenorio422 (big blind) folded before Flop
Seat 2: MayconG3 showed [8s As] and lost with two pair, Aces and Sevens
Seat 3: marcelo bento12 folded before Flop (didn't bet)
Seat 4: Dorex2007 folded before Flop (didn't bet)
Seat 5: Aria Deotti folded before Flop (didn't bet)
Seat 6: austinkrmn showed [Ah Kh] and won ($0.57) with two pair, Aces and Sevens
Seat 7: Pepono101 folded before Flop (didn't bet)
Seat 8: shawmoney (button) folded before Flop (didn't bet)
Seat 9: luciano7266 (small blind) folded before Flop



PokerStars Hand #231520297524:  Hold'em No Limit ($0.01/$0.02 USD) - 2021/11/18 18:36:12 PT [2021/11/18 21:36:12 ET]
Table 'Hameenlinna III' 9-max Seat #9 is the button
Seat 1: Tenorio422 ($2 in chips) 
Seat 2: MayconG3 ($2 in chips) 
Seat 3: marcelo bento12 ($0.88 in chips) 
Seat 4: Dorex2007 ($2.59 in chips) 
Seat 5: Aria Deotti ($0.80 in chips) 
Seat 6: austinkrmn ($1.77 in chips) 
Seat 7: Pepono101 ($2.78 in chips) 
Seat 8: shawmoney ($1.79 in chips) 
Seat 9: luciano7266 ($0.31 in chips) 
Tenorio422: posts small blind $0.01
MayconG3: posts big blind $0.02
*** HOLE CARDS ***
Dealt to Dorex2007 [5d 7s]
marcelo bento12: folds 
Dorex2007: folds 
Aria Deotti: calls $0.02
austinkrmn: folds 
Pepono101: folds 
shawmoney: raises $0.02 to $0.04
luciano7266: folds 
Tenorio422: folds 
MayconG3: folds 
Aria Deotti: calls $0.02
*** FLOP *** [7c Ts 8s]
Aria Deotti: bets $0.02
shawmoney: folds 
Uncalled bet ($0.02) returned to Aria Deotti
Aria Deotti collected $0.11 from pot
*** SUMMARY ***
Total pot $0.11 | Rake $0 
Board [7c Ts 8s]
Seat 1: Tenorio422 (small blind) folded before Flop
Seat 2: MayconG3 (big blind) folded before Flop
Seat 3: marcelo bento12 folded before Flop (didn't bet)
Seat 4: Dorex2007 folded before Flop (didn't bet)
Seat 5: Aria Deotti collected ($0.11)
Seat 6: austinkrmn folded before Flop (didn't bet)
Seat 7: Pepono101 folded before Flop (didn't bet)
Seat 8: shawmoney folded on the Flop
Seat 9: luciano7266 (button) folded before Flop (didn't bet)



PokerStars Hand #231520308745:  Hold'em No Limit ($0.01/$0.02 USD) - 2021/11/18 18:37:01 PT [2021/11/18 21:37:01 ET]
Table 'Hameenlinna III' 9-max Seat #1 is the button
Seat 1: Tenorio422 ($2 in chips) 
Seat 2: MayconG3 ($1.98 in chips) 
Seat 3: marcelo bento12 ($0.88 in chips) 
Seat 4: Dorex2007 ($2.59 in chips) 
Seat 5: Aria Deotti ($0.87 in chips) 
Seat 6: austinkrmn ($1.77 in chips) 
Seat 7: Pepono101 ($2.78 in chips) 
Seat 8: shawmoney ($1.75 in chips) 
Seat 9: luciano7266 ($0.31 in chips) 
MayconG3: posts small blind $0.01
marcelo bento12: posts big blind $0.02
*** HOLE CARDS ***
Dealt to Dorex2007 [Ah Jc]
Dorex2007: folds 
Aria Deotti: calls $0.02
austinkrmn: folds 
Pepono101 has timed out
Pepono101: folds 
shawmoney: folds 
luciano7266: folds 
Tenorio422: folds 
MayconG3: calls $0.01
marcelo bento12: raises $0.02 to $0.04
Aria Deotti: calls $0.02
MayconG3: calls $0.02
*** FLOP *** [6h 7c Qh]
MayconG3: checks 
marcelo bento12: checks 
Aria Deotti: bets $0.02
MayconG3: calls $0.02
marcelo bento12: raises $0.02 to $0.04
Aria Deotti: calls $0.02
MayconG3: calls $0.02
*** TURN *** [6h 7c Qh] [6d]
MayconG3: checks 
marcelo bento12: checks 
Aria Deotti: checks 
*** RIVER *** [6h 7c Qh 6d] [4d]
MayconG3: checks 
marcelo bento12: checks 
Aria Deotti: checks 
*** SHOW DOWN ***
MayconG3: shows [5c Kc] (a pair of Sixes)
marcelo bento12: mucks hand 
Aria Deotti: shows [Ad 8s] (a pair of Sixes - Ace kicker)
Aria Deotti collected $0.23 from pot
*** SUMMARY ***
Total pot $0.24 | Rake $0.01 
Board [6h 7c Qh 6d 4d]
Seat 1: Tenorio422 (button) folded before Flop (didn't bet)
Seat 2: MayconG3 (small blind) showed [5c Kc] and lost with a pair of Sixes
Seat 3: marcelo bento12 (big blind) mucked [Th Jh]
Seat 4: Dorex2007 folded before Flop (didn't bet)
Seat 5: Aria Deotti showed [Ad 8s] and won ($0.23) with a pair of Sixes
Seat 6: austinkrmn folded before Flop (didn't bet)
Seat 7: Pepono101 folded before Flop (didn't bet)
Seat 8: shawmoney folded before Flop (didn't bet)
Seat 9: luciano7266 folded before Flop (didn't bet)



PokerStars Hand #231520324916:  Hold'em No Limit ($0.01/$0.02 USD) - 2021/11/18 18:38:11 PT [2021/11/18 21:38:11 ET]
Table 'Hameenlinna III' 9-max Seat #2 is the button
Seat 1: Tenorio422 ($2 in chips) 
Seat 2: MayconG3 ($1.90 in chips) 
Seat 3: marcelo bento12 ($0.80 in chips) 
Seat 4: Dorex2007 ($2.59 in chips) 
Seat 5: Aria Deotti ($1.02 in chips) 
Seat 6: austinkrmn ($1.77 in chips) 
Seat 8: shawmoney ($1.75 in chips) 
Seat 9: luciano7266 ($0.31 in chips) 
marcelo bento12: posts small blind $0.01
Dorex2007: posts big blind $0.02
*** HOLE CARDS ***
Dealt to Dorex2007 [2h 8d]
Aria Deotti: folds 
austinkrmn: folds 
shawmoney: folds 
luciano7266: folds 
Tenorio422: raises $0.04 to $0.06
MayconG3: folds 
marcelo bento12: folds 
Dorex2007: folds 
Uncalled bet ($0.04) returned to Tenorio422
Tenorio422 collected $0.05 from pot
*** SUMMARY ***
Total pot $0.05 | Rake $0 
Seat 1: Tenorio422 collected ($0.05)
Seat 2: MayconG3 (button) folded before Flop (didn't bet)
Seat 3: marcelo bento12 (small blind) folded before Flop
Seat 4: Dorex2007 (big blind) folded before Flop
Seat 5: Aria Deotti folded before Flop (didn't bet)
Seat 6: austinkrmn folded before Flop (didn't bet)
Seat 8: shawmoney folded before Flop (didn't bet)
Seat 9: luciano7266 folded before Flop (didn't bet)



PokerStars Hand #231520330752:  Hold'em No Limit ($0.01/$0.02 USD) - 2021/11/18 18:38:36 PT [2021/11/18 21:38:36 ET]
Table 'Hameenlinna III' 9-max Seat #3 is the button
Seat 1: Tenorio422 ($2.03 in chips) 
Seat 2: MayconG3 ($1.90 in chips) 
Seat 3: marcelo bento12 ($0.79 in chips) 
Seat 4: Dorex2007 ($2.57 in chips) 
Seat 5: Aria Deotti ($1.02 in chips) 
Seat 6: austinkrmn ($1.77 in chips) 
Seat 8: shawmoney ($1.75 in chips) 
Seat 9: luciano7266 ($0.31 in chips) 
Dorex2007: posts small blind $0.01
Aria Deotti: posts big blind $0.02
*** HOLE CARDS ***
Dealt to Dorex2007 [8c 7d]
austinkrmn: folds 
shawmoney: folds 
luciano7266: folds 
Tenorio422: folds 
MayconG3: raises $0.04 to $0.06
marcelo bento12: raises $0.04 to $0.10
Dorex2007: folds 
Aria Deotti: raises $0.92 to $1.02 and is all-in
MayconG3: folds 
marcelo bento12: calls $0.69 and is all-in
Uncalled bet ($0.23) returned to Aria Deotti
*** FLOP *** [Kd 4h 5h]
*** TURN *** [Kd 4h 5h] [8d]
*** RIVER *** [Kd 4h 5h 8d] [6c]
*** SHOW DOWN ***
Aria Deotti: shows [Ts Tc] (a pair of Tens)
marcelo bento12: shows [Js Jh] (a pair of Jacks)
marcelo bento12 collected $1.59 from pot
*** SUMMARY ***
Total pot $1.65 | Rake $0.06 
Board [Kd 4h 5h 8d 6c]
Seat 1: Tenorio422 folded before Flop (didn't bet)
Seat 2: MayconG3 folded before Flop
Seat 3: marcelo bento12 (button) showed [Js Jh] and won ($1.59) with a pair of Jacks
Seat 4: Dorex2007 (small blind) folded before Flop
Seat 5: Aria Deotti (big blind) showed [Ts Tc] and lost with a pair of Tens
Seat 6: austinkrmn folded before Flop (didn't bet)
Seat 8: shawmoney folded before Flop (didn't bet)
Seat 9: luciano7266 folded before Flop (didn't bet)



PokerStars Hand #231520343336:  Hold'em No Limit ($0.01/$0.02 USD) - 2021/11/18 18:39:30 PT [2021/11/18 21:39:30 ET]
Table 'Hameenlinna III' 9-max Seat #4 is the button
Seat 1: Tenorio422 ($2.03 in chips) 
Seat 2: MayconG3 ($1.84 in chips) 
Seat 3: marcelo bento12 ($1.59 in chips) 
Seat 4: Dorex2007 ($2.56 in chips) 
Seat 5: Aria Deotti ($0.23 in chips) 
Seat 6: austinkrmn ($1.77 in chips) 
Seat 7: Pepono101 ($2.78 in chips) 
Seat 8: shawmoney ($1.75 in chips) 
Seat 9: luciano7266 ($0.31 in chips) 
Aria Deotti: posts small blind $0.01
austinkrmn: posts big blind $0.02
*** HOLE CARDS ***
Dealt to Dorex2007 [5h 2h]
Pepono101: folds 
shawmoney: calls $0.02
luciano7266: raises $0.02 to $0.04
Tenorio422: calls $0.04
MayconG3: folds 
marcelo bento12: raises $0.02 to $0.06
Dorex2007: folds 
Aria Deotti: calls $0.05
austinkrmn: folds 
shawmoney: folds 
luciano7266: calls $0.02
Tenorio422: calls $0.02
*** FLOP *** [6h 8h 8s]
Aria Deotti: checks 
luciano7266: checks 
Tenorio422: checks 
marcelo bento12: checks 
*** TURN *** [6h 8h 8s] [Qc]
Aria Deotti: checks 
luciano7266: checks 
Tenorio422: checks 
marcelo bento12: checks 
*** RIVER *** [6h 8h 8s Qc] [7h]
Aria Deotti: checks 
luciano7266: bets $0.06
Tenorio422: calls $0.06
marcelo bento12: folds 
Aria Deotti: folds 
*** SHOW DOWN ***
luciano7266: shows [Qd Ks] (two pair, Queens and Eights)
Tenorio422: shows [Qh Kd] (two pair, Queens and Eights)
luciano7266 collected $0.20 from pot
Tenorio422 collected $0.19 from pot
*** SUMMARY ***
Total pot $0.40 | Rake $0.01 
Board [6h 8h 8s Qc 7h]
Seat 1: Tenorio422 showed [Qh Kd] and won ($0.19) with two pair, Queens and Eights
Seat 2: MayconG3 folded before Flop (didn't bet)
Seat 3: marcelo bento12 folded on the River
Seat 4: Dorex2007 (button) folded before Flop (didn't bet)
Seat 5: Aria Deotti (small blind) folded on the River
Seat 6: austinkrmn (big blind) folded before Flop
Seat 7: Pepono101 folded before Flop (didn't bet)
Seat 8: shawmoney folded before Flop
Seat 9: luciano7266 showed [Qd Ks] and won ($0.20) with two pair, Queens and Eights



PokerStars Hand #231520364769:  Hold'em No Limit ($0.01/$0.02 USD) - 2021/11/18 18:41:02 PT [2021/11/18 21:41:02 ET]
Table 'Hameenlinna III' 9-max Seat #5 is the button
Seat 1: Tenorio422 ($2.10 in chips) 
Seat 2: MayconG3 ($1.84 in chips) 
Seat 3: marcelo bento12 ($1.53 in chips) 
Seat 4: Dorex2007 ($2.56 in chips) 
Seat 5: Aria Deotti ($0.17 in chips) 
Seat 6: austinkrmn ($1.75 in chips) 
Seat 7: Pepono101 ($2.78 in chips) 
Seat 8: shawmoney ($1.73 in chips) 
Seat 9: luciano7266 ($0.39 in chips) 
austinkrmn: posts small blind $0.01
Pepono101: posts big blind $0.02
*** HOLE CARDS ***
Dealt to Dorex2007 [6d 8c]
shawmoney: calls $0.02
luciano7266: raises $0.02 to $0.04
Tenorio422: folds 
MayconG3: folds 
marcelo bento12: raises $0.02 to $0.06
Dorex2007: folds 
Aria Deotti: calls $0.06
austinkrmn: folds 
Pepono101: folds 
shawmoney: calls $0.04
luciano7266: raises $0.33 to $0.39 and is all-in
marcelo bento12: calls $0.33
Aria Deotti: folds 
shawmoney: folds 
*** FLOP *** [6c Tc Js]
*** TURN *** [6c Tc Js] [Kh]
*** RIVER *** [6c Tc Js Kh] [5h]
*** SHOW DOWN ***
luciano7266: shows [9h Ah] (high card Ace)
marcelo bento12: shows [Th Jc] (two pair, Jacks and Tens)
marcelo bento12 collected $0.90 from pot
*** SUMMARY ***
Total pot $0.93 | Rake $0.03 
Board [6c Tc Js Kh 5h]
Seat 1: Tenorio422 folded before Flop (didn't bet)
Seat 2: MayconG3 folded before Flop (didn't bet)
Seat 3: marcelo bento12 showed [Th Jc] and won ($0.90) with two pair, Jacks and Tens
Seat 4: Dorex2007 folded before Flop (didn't bet)
Seat 5: Aria Deotti (button) folded before Flop
Seat 6: austinkrmn (small blind) folded before Flop
Seat 7: Pepono101 (big blind) folded before Flop
Seat 8: shawmoney folded before Flop
Seat 9: luciano7266 showed [9h Ah] and lost with high card Ace



PokerStars Hand #231520378317:  Hold'em No Limit ($0.01/$0.02 USD) - 2021/11/18 18:42:01 PT [2021/11/18 21:42:01 ET]
Table 'Hameenlinna III' 9-max Seat #6 is the button
Seat 1: Tenorio422 ($2.10 in chips) 
Seat 2: MayconG3 ($1.84 in chips) 
Seat 3: marcelo bento12 ($2.04 in chips) 
Seat 4: Dorex2007 ($2.56 in chips) 
Seat 5: Aria Deotti ($0.11 in chips) 
Seat 6: austinkrmn ($1.74 in chips) 
Seat 7: Pepono101 ($2.76 in chips) 
Seat 8: shawmoney ($1.67 in chips) 
Pepono101: posts small blind $0.01
shawmoney: posts big blind $0.02
*** HOLE CARDS ***
Dealt to Dorex2007 [6h Td]
Tenorio422: folds 
MayconG3: raises $0.02 to $0.04
marcelo bento12: folds 
Dorex2007: folds 
luciano7266 leaves the table
Aria Deotti: raises $0.07 to $0.11 and is all-in
austinkrmn: folds 
Pepono101: folds 
shawmoney: calls $0.09
MayconG3: calls $0.07
*** FLOP *** [5d Ts 7h]
marcelo bento12 leaves the table
shawmoney: bets $0.18
MayconG3: calls $0.18
*** TURN *** [5d Ts 7h] [8d]
shawmoney: bets $0.68
Coast_Raider joins the table at seat #3 
Badrangui0420 joins the table at seat #9 
MayconG3: folds 
Uncalled bet ($0.68) returned to shawmoney
*** RIVER *** [5d Ts 7h 8d] [2d]
*** SHOW DOWN ***
shawmoney: shows [9d 9c] (a pair of Nines)
shawmoney collected $0.35 from side pot
Aria Deotti: shows [Ad Kd] (a flush, Ace high)
Aria Deotti collected $0.33 from main pot
*** SUMMARY ***
Total pot $0.70 Main pot $0.33. Side pot $0.35. | Rake $0.02 
Board [5d Ts 7h 8d 2d]
Seat 1: Tenorio422 folded before Flop (didn't bet)
Seat 2: MayconG3 folded on the Turn
Seat 3: marcelo bento12 folded before Flop (didn't bet)
Seat 4: Dorex2007 folded before Flop (didn't bet)
Seat 5: Aria Deotti showed [Ad Kd] and won ($0.33) with a flush, Ace high
Seat 6: austinkrmn (button) folded before Flop (didn't bet)
Seat 7: Pepono101 (small blind) folded before Flop
Seat 8: shawmoney (big blind) showed [9d 9c] and won ($0.35) with a pair of Nines



PokerStars Hand #231520397272:  Hold'em No Limit ($0.01/$0.02 USD) - 2021/11/18 18:43:23 PT [2021/11/18 21:43:23 ET]
Table 'Hameenlinna III' 9-max Seat #7 is the button
Seat 1: Tenorio422 ($2.10 in chips) 
Seat 2: MayconG3 ($1.55 in chips) 
Seat 4: Dorex2007 ($2.56 in chips) 
Seat 5: Aria Deotti ($0.33 in chips) 
Seat 6: austinkrmn ($1.74 in chips) 
Seat 7: Pepono101 ($2.75 in chips) 
Seat 8: shawmoney ($1.73 in chips) 
Seat 9: Badrangui0420 ($0.99 in chips) 
shawmoney: posts small blind $0.01
Badrangui0420: posts big blind $0.02
Coast_Raider: sits out 
*** HOLE CARDS ***
Dealt to Dorex2007 [3s 2d]
Tenorio422: folds 
MayconG3: folds 
Dorex2007: folds 
Aria Deotti: calls $0.02
austinkrmn: folds 
Pepono101: raises $0.07 to $0.09
shawmoney: folds 
Badrangui0420: calls $0.07
Aria Deotti: folds 
*** FLOP *** [Jc Ks 6h]
shawmoney leaves the table
Badrangui0420: checks 
Pepono101: bets $0.10
Badrangui0420: calls $0.10
*** TURN *** [Jc Ks 6h] [8h]
Badrangui0420: checks 
Pepono101: bets $0.16
Badrangui0420: calls $0.16
*** RIVER *** [Jc Ks 6h 8h] [6s]
Badrangui0420: checks 
Pepono101: bets $0.20
Badrangui0420: folds 
Uncalled bet ($0.20) returned to Pepono101
Pepono101 collected $0.70 from pot
Pepono101: doesn't show hand 
*** SUMMARY ***
Total pot $0.73 | Rake $0.03 
Board [Jc Ks 6h 8h 6s]
Seat 1: Tenorio422 folded before Flop (didn't bet)
Seat 2: MayconG3 folded before Flop (didn't bet)
Seat 4: Dorex2007 folded before Flop (didn't bet)
Seat 5: Aria Deotti folded before Flop
Seat 6: austinkrmn folded before Flop (didn't bet)
Seat 7: Pepono101 (button) collected ($0.70)
Seat 8: shawmoney (small blind) folded before Flop
Seat 9: Badrangui0420 (big blind) folded on the River



PokerStars Hand #231520415853:  Hold'em No Limit ($0.01/$0.02 USD) - 2021/11/18 18:44:43 PT [2021/11/18 21:44:43 ET]
Table 'Hameenlinna III' 9-max Seat #9 is the button
Seat 1: Tenorio422 ($2.10 in chips) 
Seat 2: MayconG3 ($1.55 in chips) 
Seat 4: Dorex2007 ($2.56 in chips) 
Seat 5: Aria Deotti ($0.31 in chips) 
Seat 6: austinkrmn ($1.74 in chips) 
Seat 7: Pepono101 ($3.10 in chips) 
Seat 9: Badrangui0420 ($0.64 in chips) 
Tenorio422: posts small blind $0.01
MayconG3: posts big blind $0.02
Coast_Raider: sits out 
*** HOLE CARDS ***
Dealt to Dorex2007 [9s 4s]
Dorex2007: folds 
Aria Deotti: folds 
austinkrmn: folds 
Pepono101: folds 
Badrangui0420: calls $0.02
Tenorio422: raises $0.10 to $0.12
MayconG3: folds 
Badrangui0420: calls $0.10
*** FLOP *** [5c Qd Ks]
bob4tier joins the table at seat #8 
Tenorio422: bets $0.18
Badrangui0420: calls $0.18
*** TURN *** [5c Qd Ks] [Kc]
Tenorio422: checks 
Badrangui0420: checks 
*** RIVER *** [5c Qd Ks Kc] [6d]
Tenorio422: bets $0.60
Badrangui0420: folds 
Uncalled bet ($0.60) returned to Tenorio422
Tenorio422 collected $0.60 from pot
*** SUMMARY ***
Total pot $0.62 | Rake $0.02 
Board [5c Qd Ks Kc 6d]
Seat 1: Tenorio422 (small blind) collected ($0.60)
Seat 2: MayconG3 (big blind) folded before Flop
Seat 4: Dorex2007 folded before Flop (didn't bet)
Seat 5: Aria Deotti folded before Flop (didn't bet)
Seat 6: austinkrmn folded before Flop (didn't bet)
Seat 7: Pepono101 folded before Flop (didn't bet)
Seat 9: Badrangui0420 (button) folded on the River



PokerStars Hand #231520458421:  Hold'em No Limit ($0.01/$0.02 USD) - 2021/11/18 18:47:48 PT [2021/11/18 21:47:48 ET]
Table 'Hameenlinna III' 9-max Seat #5 is the button
Seat 1: Tenorio422 ($2.40 in chips) 
Seat 2: MayconG3 ($1.51 in chips) 
Seat 3: Coast_Raider ($2.08 in chips) 
Seat 4: Dorex2007 ($2.56 in chips) 
Seat 5: Aria Deotti ($0.33 in chips) 
Seat 6: austinkrmn ($1.72 in chips) 
Seat 7: yjqian23 ($2 in chips) 
Seat 8: bob4tier ($1.54 in chips) 
Seat 9: Badrangui0420 ($0.35 in chips) 
austinkrmn: posts small blind $0.01
yjqian23: posts big blind $0.02
Dorex2007: posts small & big blinds $0.03
*** HOLE CARDS ***
Dealt to Dorex2007 [Ac Jc]
bob4tier: folds 
Badrangui0420: calls $0.02
Tenorio422: folds 
MayconG3: folds 
Coast_Raider: calls $0.02
Dorex2007: checks 
Aria Deotti: calls $0.02
austinkrmn: folds 
yjqian23: checks 
*** FLOP *** [6h 5c 2h]
yjqian23: checks 
Badrangui0420: checks 
Coast_Raider: checks 
Dorex2007: checks 
Aria Deotti: bets $0.06
yjqian23: folds 
Badrangui0420: folds 
Coast_Raider: calls $0.06
Dorex2007: folds 
*** TURN *** [6h 5c 2h] [7h]
Coast_Raider: bets $0.06
Aria Deotti: calls $0.06
*** RIVER *** [6h 5c 2h 7h] [5h]
Coast_Raider: bets $0.06
Aria Deotti: folds 
Uncalled bet ($0.06) returned to Coast_Raider
Coast_Raider collected $0.35 from pot
Coast_Raider: doesn't show hand 
*** SUMMARY ***
Total pot $0.36 | Rake $0.01 
Board [6h 5c 2h 7h 5h]
Seat 1: Tenorio422 folded before Flop (didn't bet)
Seat 2: MayconG3 folded before Flop (didn't bet)
Seat 3: Coast_Raider collected ($0.35)
Seat 4: Dorex2007 folded on the Flop (didn't bet)
Seat 5: Aria Deotti (button) folded on the River
Seat 6: austinkrmn (small blind) folded before Flop
Seat 7: yjqian23 (big blind) folded on the Flop
Seat 8: bob4tier folded before Flop (didn't bet)
Seat 9: Badrangui0420 folded on the Flop



PokerStars Hand #231520478351:  Hold'em No Limit ($0.01/$0.02 USD) - 2021/11/18 18:49:15 PT [2021/11/18 21:49:15 ET]
Table 'Hameenlinna III' 9-max Seat #6 is the button
Seat 1: Tenorio422 ($2.40 in chips) 
Seat 2: MayconG3 ($1.51 in chips) 
Seat 3: Coast_Raider ($2.29 in chips) 
Seat 4: Dorex2007 ($2.53 in chips) 
Seat 5: Aria Deotti ($0.19 in chips) 
Seat 6: austinkrmn ($1.71 in chips) 
Seat 7: yjqian23 ($1.98 in chips) 
Seat 8: bob4tier ($1.54 in chips) 
Seat 9: Badrangui0420 ($0.33 in chips) 
yjqian23: posts small blind $0.01
bob4tier: posts big blind $0.02
*** HOLE CARDS ***
Dealt to Dorex2007 [Kd Td]
Badrangui0420: calls $0.02
Tenorio422: raises $0.08 to $0.10
MayconG3: folds 
Coast_Raider: calls $0.10
Dorex2007: folds 
Aria Deotti: raises $0.09 to $0.19 and is all-in
austinkrmn: folds 
yjqian23: folds 
bob4tier: folds 
Badrangui0420: raises $0.14 to $0.33 and is all-in
Tenorio422: calls $0.23
Coast_Raider: calls $0.23
*** FLOP *** [4c 8d Qd]
Tenorio422: checks 
Coast_Raider: bets $0.24
Tenorio422: calls $0.24
*** TURN *** [4c 8d Qd] [5s]
Tenorio422: checks 
Coast_Raider: bets $0.20
Tenorio422: folds 
Uncalled bet ($0.20) returned to Coast_Raider
*** RIVER *** [4c 8d Qd 5s] [Qc]
*** SHOW DOWN ***
Coast_Raider: shows [Ac 8c] (two pair, Queens and Eights)
Coast_Raider collected $0.46 from side pot-2 
Badrangui0420: shows [3d 3s] (two pair, Queens and Threes)
Coast_Raider collected $0.41 from side pot-1 
Aria Deotti: shows [Th Qh] (three of a kind, Queens)
Aria Deotti collected $0.76 from main pot
*** SUMMARY ***
Total pot $1.69 Main pot $0.76. Side pot-1 $0.41. Side pot-2 $0.46. | Rake $0.06 
Board [4c 8d Qd 5s Qc]
Seat 1: Tenorio422 folded on the Turn
Seat 2: MayconG3 folded before Flop (didn't bet)
Seat 3: Coast_Raider showed [Ac 8c] and won ($0.87) with two pair, Queens and Eights
Seat 4: Dorex2007 folded before Flop (didn't bet)
Seat 5: Aria Deotti showed [Th Qh] and won ($0.76) with three of a kind, Queens
Seat 6: austinkrmn (button) folded before Flop (didn't bet)
Seat 7: yjqian23 (small blind) folded before Flop
Seat 8: bob4tier (big blind) folded before Flop
Seat 9: Badrangui0420 showed [3d 3s] and lost with two pair, Queens and Threes



PokerStars Hand #231520498896:  Hold'em No Limit ($0.01/$0.02 USD) - 2021/11/18 18:50:40 PT [2021/11/18 21:50:40 ET]
Table 'Hameenlinna III' 9-max Seat #7 is the button
Seat 1: Tenorio422 ($2 in chips) 
Seat 2: MayconG3 ($1.51 in chips) 
Seat 3: Coast_Raider ($2.59 in chips) 
Seat 4: Dorex2007 ($2.53 in chips) 
Seat 5: Aria Deotti ($0.76 in chips) 
Seat 6: austinkrmn ($1.71 in chips) 
Seat 7: yjqian23 ($1.97 in chips) 
Seat 8: bob4tier ($1.52 in chips) 
bob4tier: posts small blind $0.01
Tenorio422: posts big blind $0.02
*** HOLE CARDS ***
Dealt to Dorex2007 [3c 9d]
MayconG3: folds 
Coast_Raider: folds 
Dorex2007: folds 
Badrangui0420 leaves the table
Aria Deotti: calls $0.02
austinkrmn: folds 
yjqian23: calls $0.02
bob4tier: folds 
Tenorio422: checks 
*** FLOP *** [Qd 2c Qs]
Tenorio422: checks 
Aria Deotti: checks 
yjqian23: checks 
*** TURN *** [Qd 2c Qs] [6d]
Tenorio422: checks 
Pokeristo861 joins the table at seat #9 
Aria Deotti: checks 
yjqian23: bets $0.02
Tenorio422: calls $0.02
Aria Deotti: folds 
*** RIVER *** [Qd 2c Qs 6d] [Jd]
Tenorio422: checks 
yjqian23: checks 
*** SHOW DOWN ***
Tenorio422: shows [Tc 6s] (two pair, Queens and Sixes)
yjqian23: shows [7d 6c] (two pair, Queens and Sixes)
Tenorio422 collected $0.06 from pot
yjqian23 collected $0.05 from pot
*** SUMMARY ***
Total pot $0.11 | Rake $0 
Board [Qd 2c Qs 6d Jd]
Seat 1: Tenorio422 (big blind) showed [Tc 6s] and won ($0.06) with two pair, Queens and Sixes
Seat 2: MayconG3 folded before Flop (didn't bet)
Seat 3: Coast_Raider folded before Flop (didn't bet)
Seat 4: Dorex2007 folded before Flop (didn't bet)
Seat 5: Aria Deotti folded on the Turn
Seat 6: austinkrmn folded before Flop (didn't bet)
Seat 7: yjqian23 (button) showed [7d 6c] and won ($0.05) with two pair, Queens and Sixes
Seat 8: bob4tier (small blind) folded before Flop



PokerStars Hand #231520512076:  Hold'em No Limit ($0.01/$0.02 USD) - 2021/11/18 18:51:31 PT [2021/11/18 21:51:31 ET]
Table 'Hameenlinna III' 9-max Seat #8 is the button
Seat 1: Tenorio422 ($2.02 in chips) 
Seat 2: MayconG3 ($1.51 in chips) 
Seat 3: Coast_Raider ($2.59 in chips) 
Seat 4: Dorex2007 ($2.53 in chips) 
Seat 5: Aria Deotti ($0.74 in chips) 
Seat 6: austinkrmn ($1.71 in chips) 
Seat 7: yjqian23 ($1.98 in chips) 
Seat 8: bob4tier ($1.51 in chips) 
Tenorio422: posts small blind $0.01
MayconG3: posts big blind $0.02
*** HOLE CARDS ***
Dealt to Dorex2007 [8s 5s]
Coast_Raider: folds 
Dorex2007: folds 
Aria Deotti: calls $0.02
austinkrmn: folds 
yjqian23: calls $0.02
bob4tier: folds 
Tenorio422: raises $0.10 to $0.12
MayconG3: folds 
Aria Deotti: folds 
yjqian23: calls $0.10
*** FLOP *** [7h Tc 7c]
Tenorio422: bets $0.18
yjqian23: calls $0.18
*** TURN *** [7h Tc 7c] [3h]
Tenorio422: checks 
yjqian23: bets $0.62
Tenorio422: folds 
Uncalled bet ($0.62) returned to yjqian23
yjqian23 collected $0.62 from pot
*** SUMMARY ***
Total pot $0.64 | Rake $0.02 
Board [7h Tc 7c 3h]
Seat 1: Tenorio422 (small blind) folded on the Turn
Seat 2: MayconG3 (big blind) folded before Flop
Seat 3: Coast_Raider folded before Flop (didn't bet)
Seat 4: Dorex2007 folded before Flop (didn't bet)
Seat 5: Aria Deotti folded before Flop
Seat 6: austinkrmn folded before Flop (didn't bet)
Seat 7: yjqian23 collected ($0.62)
Seat 8: bob4tier (button) folded before Flop (didn't bet)



PokerStars Hand #231520525417:  Hold'em No Limit ($0.01/$0.02 USD) - 2021/11/18 18:52:16 PT [2021/11/18 21:52:16 ET]
Table 'Hameenlinna III' 9-max Seat #1 is the button
Seat 1: Tenorio422 ($2 in chips) 
Seat 2: MayconG3 ($1.49 in chips) 
Seat 3: Coast_Raider ($2.59 in chips) 
Seat 4: Dorex2007 ($2.53 in chips) 
Seat 5: Aria Deotti ($0.72 in chips) 
Seat 6: austinkrmn ($1.71 in chips) 
Seat 7: yjqian23 ($2.30 in chips) 
Seat 8: bob4tier ($1.51 in chips) 
Seat 9: Pokeristo861 ($1.60 in chips) 
MayconG3: posts small blind $0.01
Coast_Raider: posts big blind $0.02
Pokeristo861: posts big blind $0.02
*** HOLE CARDS ***
Dealt to Dorex2007 [2s 2d]
Dorex2007: raises $0.02 to $0.04
Aria Deotti: calls $0.04
austinkrmn: raises $1.67 to $1.71 and is all-in
yjqian23: folds 
yjqian23 leaves the table
bob4tier: folds 
Pokeristo861: folds 
Tenorio422: folds 
MayconG3: folds 
1Asthma1 joins the table at seat #7 
Coast_Raider: folds 
Dorex2007: folds 
Aria Deotti: folds 
Uncalled bet ($1.67) returned to austinkrmn
austinkrmn collected $0.17 from pot
austinkrmn: doesn't show hand 
*** SUMMARY ***
Total pot $0.17 | Rake $0 
Seat 1: Tenorio422 (button) folded before Flop (didn't bet)
Seat 2: MayconG3 (small blind) folded before Flop
Seat 3: Coast_Raider (big blind) folded before Flop
Seat 4: Dorex2007 folded before Flop
Seat 5: Aria Deotti folded before Flop
Seat 6: austinkrmn collected ($0.17)
Seat 7: yjqian23 folded before Flop (didn't bet)
Seat 8: bob4tier folded before Flop (didn't bet)
Seat 9: Pokeristo861 folded before Flop (didn't bet)



PokerStars Hand #231520533785:  Hold'em No Limit ($0.01/$0.02 USD) - 2021/11/18 18:52:53 PT [2021/11/18 21:52:53 ET]
Table 'Hameenlinna III' 9-max Seat #2 is the button
Seat 1: Tenorio422 ($2 in chips) 
Seat 2: MayconG3 ($1.48 in chips) 
Seat 3: Coast_Raider ($2.57 in chips) 
Seat 4: Dorex2007 ($2.49 in chips) 
Seat 5: Aria Deotti ($0.68 in chips) 
Seat 6: austinkrmn ($1.84 in chips) 
Seat 7: 1Asthma1 ($2 in chips) 
Seat 8: bob4tier ($1.51 in chips) 
Seat 9: Pokeristo861 ($1.58 in chips) 
Coast_Raider: posts small blind $0.01
Dorex2007: posts big blind $0.02
1Asthma1: posts big blind $0.02
*** HOLE CARDS ***
Dealt to Dorex2007 [9h 7d]
Aria Deotti has timed out
Aria Deotti: folds 
austinkrmn: folds 
1Asthma1: checks 
bob4tier: calls $0.02
Pokeristo861: raises $0.09 to $0.11
Tenorio422: folds 
MayconG3: folds 
Coast_Raider: calls $0.10
Dorex2007: folds 
1Asthma1: folds 
bob4tier: folds 
*** FLOP *** [Jh 9d 2d]
Coast_Raider: checks 
Pokeristo861: bets $0.09
Coast_Raider: folds 
Uncalled bet ($0.09) returned to Pokeristo861
Pokeristo861 collected $0.27 from pot
*** SUMMARY ***
Total pot $0.28 | Rake $0.01 
Board [Jh 9d 2d]
Seat 1: Tenorio422 folded before Flop (didn't bet)
Seat 2: MayconG3 (button) folded before Flop (didn't bet)
Seat 3: Coast_Raider (small blind) folded on the Flop
Seat 4: Dorex2007 (big blind) folded before Flop
Seat 5: Aria Deotti folded before Flop (didn't bet)
Seat 6: austinkrmn folded before Flop (didn't bet)
Seat 7: 1Asthma1 folded before Flop (didn't bet)
Seat 8: bob4tier folded before Flop
Seat 9: Pokeristo861 collected ($0.27)



PokerStars Hand #231520545525:  Hold'em No Limit ($0.01/$0.02 USD) - 2021/11/18 18:53:45 PT [2021/11/18 21:53:45 ET]
Table 'Hameenlinna III' 9-max Seat #3 is the button
Seat 1: Tenorio422 ($2 in chips) 
Seat 2: MayconG3 ($1.48 in chips) 
Seat 3: Coast_Raider ($2.46 in chips) 
Seat 4: Dorex2007 ($2.47 in chips) 
Seat 5: Aria Deotti ($0.68 in chips) 
Seat 6: austinkrmn ($1.84 in chips) 
Seat 7: 1Asthma1 ($2 in chips) 
Seat 8: bob4tier ($1.49 in chips) 
Seat 9: Pokeristo861 ($1.74 in chips) 
Dorex2007: posts small blind $0.01
Aria Deotti: posts big blind $0.02
*** HOLE CARDS ***
Dealt to Dorex2007 [3h 7h]
austinkrmn: folds 
1Asthma1: folds 
bob4tier: folds 
Pokeristo861: folds 
Tenorio422: folds 
MayconG3: folds 
Coast_Raider: folds 
Dorex2007: folds 
Uncalled bet ($0.01) returned to Aria Deotti
Aria Deotti collected $0.02 from pot
*** SUMMARY ***
Total pot $0.02 | Rake $0 
Seat 1: Tenorio422 folded before Flop (didn't bet)
Seat 2: MayconG3 folded before Flop (didn't bet)
Seat 3: Coast_Raider (button) folded before Flop (didn't bet)
Seat 4: Dorex2007 (small blind) folded before Flop
Seat 5: Aria Deotti (big blind) collected ($0.02)
Seat 6: austinkrmn folded before Flop (didn't bet)
Seat 7: 1Asthma1 folded before Flop (didn't bet)
Seat 8: bob4tier folded before Flop (didn't bet)
Seat 9: Pokeristo861 folded before Flop (didn't bet)



PokerStars Hand #231520553694:  Hold'em No Limit ($0.01/$0.02 USD) - 2021/11/18 18:54:02 PT [2021/11/18 21:54:02 ET]
Table 'Hameenlinna III' 9-max Seat #4 is the button
Seat 1: Tenorio422 ($2 in chips) 
Seat 2: MayconG3 ($1.48 in chips) 
Seat 3: Coast_Raider ($2.46 in chips) 
Seat 4: Dorex2007 ($2.46 in chips) 
Seat 5: Aria Deotti ($0.69 in chips) 
Seat 6: austinkrmn ($1.84 in chips) 
Seat 7: 1Asthma1 ($2 in chips) 
Seat 8: bob4tier ($1.49 in chips) 
Seat 9: Pokeristo861 ($1.74 in chips) 
Aria Deotti: posts small blind $0.01
austinkrmn: posts big blind $0.02
*** HOLE CARDS ***
Dealt to Dorex2007 [4s Th]
1Asthma1: folds 
bob4tier: raises $0.06 to $0.08
Pokeristo861: folds 
Tenorio422: folds 
MayconG3: folds 
Coast_Raider: folds 
Dorex2007: folds 
Aria Deotti: calls $0.07
austinkrmn: folds 
*** FLOP *** [9c Td 3s]
Aria Deotti: bets $0.06
bob4tier: raises $0.29 to $0.35
Aria Deotti: folds 
Uncalled bet ($0.29) returned to bob4tier
bob4tier collected $0.29 from pot
bob4tier: doesn't show hand 
*** SUMMARY ***
Total pot $0.30 | Rake $0.01 
Board [9c Td 3s]
Seat 1: Tenorio422 folded before Flop (didn't bet)
Seat 2: MayconG3 folded before Flop (didn't bet)
Seat 3: Coast_Raider folded before Flop (didn't bet)
Seat 4: Dorex2007 (button) folded before Flop (didn't bet)
Seat 5: Aria Deotti (small blind) folded on the Flop
Seat 6: austinkrmn (big blind) folded before Flop
Seat 7: 1Asthma1 folded before Flop (didn't bet)
Seat 8: bob4tier collected ($0.29)
Seat 9: Pokeristo861 folded before Flop (didn't bet)



PokerStars Hand #231520562271:  Hold'em No Limit ($0.01/$0.02 USD) - 2021/11/18 18:54:41 PT [2021/11/18 21:54:41 ET]
Table 'Hameenlinna III' 9-max Seat #5 is the button
Seat 1: Tenorio422 ($2 in chips) 
Seat 2: MayconG3 ($1.48 in chips) 
Seat 3: Coast_Raider ($2.46 in chips) 
Seat 4: Dorex2007 ($2.46 in chips) 
Seat 5: Aria Deotti ($0.55 in chips) 
Seat 6: austinkrmn ($1.82 in chips) 
Seat 7: 1Asthma1 ($2 in chips) 
Seat 8: bob4tier ($1.64 in chips) 
Seat 9: Pokeristo861 ($1.74 in chips) 
austinkrmn: posts small blind $0.01
1Asthma1: posts big blind $0.02
*** HOLE CARDS ***
Dealt to Dorex2007 [5d As]
bob4tier: folds 
Pokeristo861: folds 
Tenorio422: folds 
MayconG3: raises $0.02 to $0.04
Coast_Raider: calls $0.04
Dorex2007: folds 
Aria Deotti: folds 
austinkrmn: folds 
1Asthma1: calls $0.02
*** FLOP *** [Qc Qh Td]
1Asthma1: checks 
MayconG3: checks 
Coast_Raider: bets $0.04
1Asthma1: calls $0.04
MayconG3: calls $0.04
*** TURN *** [Qc Qh Td] [9c]
1Asthma1: bets $0.16
MayconG3: calls $0.16
Coast_Raider: folds 
*** RIVER *** [Qc Qh Td 9c] [2s]
1Asthma1: bets $0.36
MayconG3: raises $0.64 to $1
1Asthma1: folds 
Uncalled bet ($0.64) returned to MayconG3
MayconG3 collected $1.24 from pot
MayconG3: doesn't show hand 
*** SUMMARY ***
Total pot $1.29 | Rake $0.05 
Board [Qc Qh Td 9c 2s]
Seat 1: Tenorio422 folded before Flop (didn't bet)
Seat 2: MayconG3 collected ($1.24)
Seat 3: Coast_Raider folded on the Turn
Seat 4: Dorex2007 folded before Flop (didn't bet)
Seat 5: Aria Deotti (button) folded before Flop (didn't bet)
Seat 6: austinkrmn (small blind) folded before Flop
Seat 7: 1Asthma1 (big blind) folded on the River
Seat 8: bob4tier folded before Flop (didn't bet)
Seat 9: Pokeristo861 folded before Flop (didn't bet)



PokerStars Hand #231520577618:  Hold'em No Limit ($0.01/$0.02 USD) - 2021/11/18 18:56:01 PT [2021/11/18 21:56:01 ET]
Table 'Hameenlinna III' 9-max Seat #6 is the button
Seat 1: Tenorio422 ($2 in chips) 
Seat 2: MayconG3 ($2.12 in chips) 
Seat 3: Coast_Raider ($2.38 in chips) 
Seat 4: Dorex2007 ($2.46 in chips) 
Seat 5: Aria Deotti ($0.55 in chips) 
Seat 6: austinkrmn ($1.81 in chips) 
Seat 7: 1Asthma1 ($2 in chips) 
Seat 8: bob4tier ($1.64 in chips) 
Seat 9: Pokeristo861 ($1.74 in chips) 
1Asthma1: posts small blind $0.01
bob4tier: posts big blind $0.02
*** HOLE CARDS ***
Dealt to Dorex2007 [9d Qs]
Pokeristo861: raises $0.04 to $0.06
Tenorio422: calls $0.06
MayconG3: folds 
Coast_Raider: folds 
Dorex2007: folds 
Aria Deotti: calls $0.06
austinkrmn: folds 
1Asthma1: folds 
bob4tier: folds 
*** FLOP *** [3d 9c 8d]
Pokeristo861: bets $0.07
Tenorio422: raises $0.19 to $0.26
Aria Deotti: raises $0.23 to $0.49 and is all-in
Pokeristo861: folds 
Tenorio422: calls $0.23
*** TURN *** [3d 9c 8d] [3s]
*** RIVER *** [3d 9c 8d 3s] [Ah]
*** SHOW DOWN ***
Tenorio422: shows [Jc Jd] (two pair, Jacks and Threes)
Aria Deotti: shows [9s Kc] (two pair, Nines and Threes)
Tenorio422 collected $1.22 from pot
Aria Deotti cashed out the hand for $0.22
*** SUMMARY ***
Total pot $1.26 | Rake $0.04 
Board [3d 9c 8d 3s Ah]
Seat 1: Tenorio422 showed [Jc Jd] and won ($1.22) with two pair, Jacks and Threes
Seat 2: MayconG3 folded before Flop (didn't bet)
Seat 3: Coast_Raider folded before Flop (didn't bet)
Seat 4: Dorex2007 folded before Flop (didn't bet)
Seat 5: Aria Deotti showed [9s Kc] and lost with two pair, Nines and Threes (cashed out).
Seat 6: austinkrmn (button) folded before Flop (didn't bet)
Seat 7: 1Asthma1 (small blind) folded before Flop
Seat 8: bob4tier (big blind) folded before Flop
Seat 9: Pokeristo861 folded on the Flop



PokerStars Hand #231520587687:  Hold'em No Limit ($0.01/$0.02 USD) - 2021/11/18 18:56:59 PT [2021/11/18 21:56:59 ET]
Table 'Hameenlinna III' 9-max Seat #7 is the button
Seat 1: Tenorio422 ($2.67 in chips) 
Seat 2: MayconG3 ($2.12 in chips) 
Seat 3: Coast_Raider ($2.38 in chips) 
Seat 4: Dorex2007 ($2.46 in chips) 
Seat 5: Aria Deotti ($0.22 in chips) 
Seat 6: austinkrmn ($1.81 in chips) 
Seat 7: 1Asthma1 ($2 in chips) 
Seat 8: bob4tier ($1.62 in chips) 
Seat 9: Pokeristo861 ($1.61 in chips) 
bob4tier: posts small blind $0.01
Pokeristo861: posts big blind $0.02
*** HOLE CARDS ***
Dealt to Dorex2007 [Ac 4s]
Tenorio422: folds 
MayconG3 has timed out
MayconG3: folds 
Coast_Raider: folds 
Dorex2007: folds 
Aria Deotti: calls $0.02
austinkrmn: folds 
1Asthma1: folds 
bob4tier: calls $0.01
Pokeristo861: checks 
*** FLOP *** [Jh Js 4d]
bob4tier: checks 
Pokeristo861: checks 
Aria Deotti: checks 
*** TURN *** [Jh Js 4d] [5s]
bob4tier: checks 
Pokeristo861: checks 
Aria Deotti: bets $0.02
bob4tier: folds 
Pokeristo861: folds 
Uncalled bet ($0.02) returned to Aria Deotti
Aria Deotti collected $0.06 from pot
Aria Deotti: doesn't show hand 
*** SUMMARY ***
Total pot $0.06 | Rake $0 
Board [Jh Js 4d 5s]
Seat 1: Tenorio422 folded before Flop (didn't bet)
Seat 2: MayconG3 folded before Flop (didn't bet)
Seat 3: Coast_Raider folded before Flop (didn't bet)
Seat 4: Dorex2007 folded before Flop (didn't bet)
Seat 5: Aria Deotti collected ($0.06)
Seat 6: austinkrmn folded before Flop (didn't bet)
Seat 7: 1Asthma1 (button) folded before Flop (didn't bet)
Seat 8: bob4tier (small blind) folded on the Turn
Seat 9: Pokeristo861 (big blind) folded on the Turn



PokerStars Hand #231520598173:  Hold'em No Limit ($0.01/$0.02 USD) - 2021/11/18 18:57:59 PT [2021/11/18 21:57:59 ET]
Table 'Hameenlinna III' 9-max Seat #8 is the button
Seat 1: Tenorio422 ($2.67 in chips) 
Seat 2: MayconG3 ($2.12 in chips) 
Seat 3: Coast_Raider ($2.38 in chips) 
Seat 4: Dorex2007 ($2.46 in chips) 
Seat 5: Aria Deotti ($0.26 in chips) 
Seat 6: austinkrmn ($1.81 in chips) 
Seat 7: 1Asthma1 ($2 in chips) 
Seat 8: bob4tier ($1.60 in chips) 
Seat 9: Pokeristo861 ($1.59 in chips) 
Pokeristo861: posts small blind $0.01
Tenorio422: posts big blind $0.02
*** HOLE CARDS ***
Dealt to Dorex2007 [2c 9d]
MayconG3: folds 
Coast_Raider: folds 
Dorex2007: folds 
Aria Deotti: folds 
austinkrmn: folds 
1Asthma1: raises $0.03 to $0.05
bob4tier: folds 
Pokeristo861: folds 
Tenorio422: folds 
Uncalled bet ($0.03) returned to 1Asthma1
1Asthma1 collected $0.05 from pot
1Asthma1: doesn't show hand 
*** SUMMARY ***
Total pot $0.05 | Rake $0 
Seat 1: Tenorio422 (big blind) folded before Flop
Seat 2: MayconG3 folded before Flop (didn't bet)
Seat 3: Coast_Raider folded before Flop (didn't bet)
Seat 4: Dorex2007 folded before Flop (didn't bet)
Seat 5: Aria Deotti folded before Flop (didn't bet)
Seat 6: austinkrmn folded before Flop (didn't bet)
Seat 7: 1Asthma1 collected ($0.05)
Seat 8: bob4tier (button) folded before Flop (didn't bet)
Seat 9: Pokeristo861 (small blind) folded before Flop



PokerStars Hand #231520602565:  Hold'em No Limit ($0.01/$0.02 USD) - 2021/11/18 18:58:24 PT [2021/11/18 21:58:24 ET]
Table 'Hameenlinna III' 9-max Seat #9 is the button
Seat 1: Tenorio422 ($2.65 in chips) 
Seat 2: MayconG3 ($2.12 in chips) 
Seat 3: Coast_Raider ($2.38 in chips) 
Seat 4: Dorex2007 ($2.46 in chips) 
Seat 5: Aria Deotti ($0.26 in chips) 
Seat 6: austinkrmn ($1.81 in chips) 
Seat 7: 1Asthma1 ($2.03 in chips) 
Seat 8: bob4tier ($1.60 in chips) 
Seat 9: Pokeristo861 ($1.58 in chips) 
Tenorio422: posts small blind $0.01
MayconG3: posts big blind $0.02
*** HOLE CARDS ***
Dealt to Dorex2007 [4d 2s]
Coast_Raider: calls $0.02
Dorex2007: folds 
Aria Deotti: calls $0.02
austinkrmn: folds 
1Asthma1: folds 
bob4tier: calls $0.02
Pokeristo861: folds 
Tenorio422: folds 
MayconG3: checks 
*** FLOP *** [7d 6d 3h]
MayconG3: checks 
Coast_Raider: checks 
Aria Deotti: checks 
bob4tier: checks 
*** TURN *** [7d 6d 3h] [5s]
MayconG3: checks 
Coast_Raider: checks 
Aria Deotti: bets $0.06
bob4tier: folds 
MayconG3: folds 
Coast_Raider: folds 
Uncalled bet ($0.06) returned to Aria Deotti
Aria Deotti collected $0.09 from pot
*** SUMMARY ***
Total pot $0.09 | Rake $0 
Board [7d 6d 3h 5s]
Seat 1: Tenorio422 (small blind) folded before Flop
Seat 2: MayconG3 (big blind) folded on the Turn
Seat 3: Coast_Raider folded on the Turn
Seat 4: Dorex2007 folded before Flop (didn't bet)
Seat 5: Aria Deotti collected ($0.09)
Seat 6: austinkrmn folded before Flop (didn't bet)
Seat 7: 1Asthma1 folded before Flop (didn't bet)
Seat 8: bob4tier folded on the Turn
Seat 9: Pokeristo861 (button) folded before Flop (didn't bet)



PokerStars Hand #231520612576:  Hold'em No Limit ($0.01/$0.02 USD) - 2021/11/18 18:59:21 PT [2021/11/18 21:59:21 ET]
Table 'Hameenlinna III' 9-max Seat #1 is the button
Seat 1: Tenorio422 ($2.64 in chips) 
Seat 2: MayconG3 ($2.10 in chips) 
Seat 3: Coast_Raider ($2.36 in chips) 
Seat 4: Dorex2007 ($2.46 in chips) 
Seat 5: Aria Deotti ($0.33 in chips) 
Seat 6: austinkrmn ($1.81 in chips) 
Seat 7: 1Asthma1 ($2.03 in chips) 
Seat 8: bob4tier ($1.58 in chips) 
Seat 9: Pokeristo861 ($1.58 in chips) 
MayconG3: posts small blind $0.01
Coast_Raider: posts big blind $0.02
*** HOLE CARDS ***
Dealt to Dorex2007 [3d 8c]
Dorex2007: folds 
Aria Deotti: calls $0.02
austinkrmn: folds 
1Asthma1: folds 
bob4tier: folds 
Pokeristo861: folds 
Tenorio422: raises $0.04 to $0.06
MayconG3: calls $0.05
Coast_Raider: calls $0.04
Aria Deotti: calls $0.04
*** FLOP *** [Js Jd 4s]
MayconG3: checks 
Coast_Raider: bets $0.06
Aria Deotti: folds 
Tenorio422: calls $0.06
MayconG3: folds 
*** TURN *** [Js Jd 4s] [7s]
Coast_Raider: bets $0.06
Tenorio422: calls $0.06
*** RIVER *** [Js Jd 4s 7s] [6h]
Coast_Raider: bets $0.06
Tenorio422: raises $0.29 to $0.35
Coast_Raider: calls $0.29
*** SHOW DOWN ***
Tenorio422: shows [6s 3s] (a flush, Jack high)
Coast_Raider: mucks hand 
Tenorio422 collected $1.14 from pot
*** SUMMARY ***
Total pot $1.18 | Rake $0.04 
Board [Js Jd 4s 7s 6h]
Seat 1: Tenorio422 (button) showed [6s 3s] and won ($1.14) with a flush, Jack high
Seat 2: MayconG3 (small blind) folded on the Flop
Seat 3: Coast_Raider (big blind) mucked [5d 5h]
Seat 4: Dorex2007 folded before Flop (didn't bet)
Seat 5: Aria Deotti folded on the Flop
Seat 6: austinkrmn folded before Flop (didn't bet)
Seat 7: 1Asthma1 folded before Flop (didn't bet)
Seat 8: bob4tier folded before Flop (didn't bet)
Seat 9: Pokeristo861 folded before Flop (didn't bet)



PokerStars Hand #231520627339:  Hold'em No Limit ($0.01/$0.02 USD) - 2021/11/18 19:00:42 PT [2021/11/18 22:00:42 ET]
Table 'Hameenlinna III' 9-max Seat #2 is the button
Seat 1: Tenorio422 ($3.25 in chips) 
Seat 2: MayconG3 ($2.04 in chips) 
Seat 3: Coast_Raider ($1.83 in chips) 
Seat 4: Dorex2007 ($2.46 in chips) 
Seat 5: Aria Deotti ($0.27 in chips) 
Seat 6: austinkrmn ($1.81 in chips) 
Seat 7: 1Asthma1 ($2.03 in chips) 
Seat 8: bob4tier ($1.58 in chips) 
Seat 9: Pokeristo861 ($1.58 in chips) 
Coast_Raider: posts small blind $0.01
Dorex2007: posts big blind $0.02
*** HOLE CARDS ***
Dealt to Dorex2007 [As Kd]
Aria Deotti: raises $0.02 to $0.04
austinkrmn: folds 
1Asthma1: folds 
bob4tier: folds 
Pokeristo861: folds 
Tenorio422: folds 
MayconG3: folds 
Coast_Raider: calls $0.03
Dorex2007: calls $0.02
*** FLOP *** [9d 4h 4s]
Tenorio422 leaves the table
Coast_Raider: checks 
Dorex2007: checks 
Aria Deotti: bets $0.02
Coast_Raider: calls $0.02
Dorex2007: calls $0.02
*** TURN *** [9d 4h 4s] [9s]
Locke72222 joins the table at seat #1 
Coast_Raider: checks 
Dorex2007: bets $0.11
Aria Deotti: folds 
Coast_Raider: folds 
Uncalled bet ($0.11) returned to Dorex2007
Dorex2007 collected $0.17 from pot
Dorex2007: doesn't show hand 
*** SUMMARY ***
Total pot $0.18 | Rake $0.01 
Board [9d 4h 4s 9s]
Seat 1: Tenorio422 folded before Flop (didn't bet)
Seat 2: MayconG3 (button) folded before Flop (didn't bet)
Seat 3: Coast_Raider (small blind) folded on the Turn
Seat 4: Dorex2007 (big blind) collected ($0.17)
Seat 5: Aria Deotti folded on the Turn
Seat 6: austinkrmn folded before Flop (didn't bet)
Seat 7: 1Asthma1 folded before Flop (didn't bet)
Seat 8: bob4tier folded before Flop (didn't bet)
Seat 9: Pokeristo861 folded before Flop (didn't bet)



PokerStars Hand #231520651561:  Hold'em No Limit ($0.01/$0.02 USD) - 2021/11/18 19:01:57 PT [2021/11/18 22:01:57 ET]
Table 'Hameenlinna III' 9-max Seat #3 is the button
Seat 1: Locke72222 ($1 in chips) 
Seat 2: MayconG3 ($2.04 in chips) 
Seat 3: Coast_Raider ($1.77 in chips) 
Seat 4: Dorex2007 ($2.57 in chips) 
Seat 5: Aria Deotti ($0.21 in chips) 
Seat 6: austinkrmn ($1.81 in chips) 
Seat 7: 1Asthma1 ($2.03 in chips) 
Seat 8: bob4tier ($1.58 in chips) 
Seat 9: Pokeristo861 ($1.58 in chips) 
Dorex2007: posts small blind $0.01
Aria Deotti: posts big blind $0.02
Locke72222: posts big blind $0.02
*** HOLE CARDS ***
Dealt to Dorex2007 [Kh 8c]
austinkrmn: folds 
1Asthma1: folds 
bob4tier: folds 
Pokeristo861: folds 
Locke72222: checks 
MayconG3: folds 
Coast_Raider: folds 
Dorex2007: calls $0.01
austinkrmn leaves the table
Aria Deotti: checks 
*** FLOP *** [Jd 4s Qh]
Dorex2007: checks 
Clansizzle joins the table at seat #6 
Aria Deotti: checks 
Locke72222: checks 
*** TURN *** [Jd 4s Qh] [6c]
Dorex2007: checks 
Aria Deotti: checks 
Locke72222: checks 
*** RIVER *** [Jd 4s Qh 6c] [Qs]
Dorex2007: bets $0.03
Aria Deotti: calls $0.03
Locke72222: folds 
*** SHOW DOWN ***
Dorex2007: shows [Kh 8c] (a pair of Queens)
Aria Deotti: shows [7d 4d] (two pair, Queens and Fours)
Aria Deotti collected $0.12 from pot
*** SUMMARY ***
Total pot $0.12 | Rake $0 
Board [Jd 4s Qh 6c Qs]
Seat 1: Locke72222 folded on the River (didn't bet)
Seat 2: MayconG3 folded before Flop (didn't bet)
Seat 3: Coast_Raider (button) folded before Flop (didn't bet)
Seat 4: Dorex2007 (small blind) showed [Kh 8c] and lost with a pair of Queens
Seat 5: Aria Deotti (big blind) showed [7d 4d] and won ($0.12) with two pair, Queens and Fours
Seat 6: austinkrmn folded before Flop (didn't bet)
Seat 7: 1Asthma1 folded before Flop (didn't bet)
Seat 8: bob4tier folded before Flop (didn't bet)
Seat 9: Pokeristo861 folded before Flop (didn't bet)



PokerStars Hand #231520662142:  Hold'em No Limit ($0.01/$0.02 USD) - 2021/11/18 19:02:44 PT [2021/11/18 22:02:44 ET]
Table 'Hameenlinna III' 9-max Seat #4 is the button
Seat 1: Locke72222 ($0.98 in chips) 
Seat 2: MayconG3 ($2.04 in chips) 
Seat 3: Coast_Raider ($1.77 in chips) 
Seat 4: Dorex2007 ($2.52 in chips) 
Seat 5: Aria Deotti ($0.28 in chips) 
Seat 6: Clansizzle ($2 in chips) 
Seat 7: 1Asthma1 ($2.03 in chips) 
Seat 8: bob4tier ($1.58 in chips) 
Seat 9: Pokeristo861 ($1.58 in chips) 
Aria Deotti: posts small blind $0.01
Clansizzle: posts big blind $0.02
*** HOLE CARDS ***
Dealt to Dorex2007 [As 7s]
1Asthma1: folds 
bob4tier: raises $0.02 to $0.04
Pokeristo861: folds 
Locke72222: folds 
MayconG3: folds 
Coast_Raider: folds 
Dorex2007: calls $0.04
Aria Deotti: calls $0.03
Clansizzle: calls $0.02
*** FLOP *** [9s 7d 3s]
Aria Deotti: checks 
Clansizzle: checks 
bob4tier: bets $0.15
Dorex2007: calls $0.15
Aria Deotti: folds 
Clansizzle: folds 
*** TURN *** [9s 7d 3s] [4c]
bob4tier: bets $0.22
Dorex2007: calls $0.22
*** RIVER *** [9s 7d 3s 4c] [7c]
bob4tier: bets $0.44
Dorex2007: raises $1.67 to $2.11 and is all-in
bob4tier: folds 
Uncalled bet ($1.67) returned to Dorex2007
Dorex2007 collected $1.72 from pot
Dorex2007: doesn't show hand 
*** SUMMARY ***
Total pot $1.78 | Rake $0.06 
Board [9s 7d 3s 4c 7c]
Seat 1: Locke72222 folded before Flop (didn't bet)
Seat 2: MayconG3 folded before Flop (didn't bet)
Seat 3: Coast_Raider folded before Flop (didn't bet)
Seat 4: Dorex2007 (button) collected ($1.72)
Seat 5: Aria Deotti (small blind) folded on the Flop
Seat 6: Clansizzle (big blind) folded on the Flop
Seat 7: 1Asthma1 folded before Flop (didn't bet)
Seat 8: bob4tier folded on the River
Seat 9: Pokeristo861 folded before Flop (didn't bet)



PokerStars Hand #231520684363:  Hold'em No Limit ($0.01/$0.02 USD) - 2021/11/18 19:04:12 PT [2021/11/18 22:04:12 ET]
Table 'Hameenlinna III' 9-max Seat #5 is the button
Seat 1: Locke72222 ($0.98 in chips) 
Seat 2: MayconG3 ($2.04 in chips) 
Seat 3: Coast_Raider ($1.77 in chips) 
Seat 4: Dorex2007 ($3.39 in chips) 
Seat 5: Aria Deotti ($0.24 in chips) 
Seat 6: Clansizzle ($1.96 in chips) 
Seat 7: 1Asthma1 ($2.03 in chips) 
Seat 8: bob4tier ($0.73 in chips) 
Seat 9: Pokeristo861 ($1.58 in chips) 
Clansizzle: posts small blind $0.01
1Asthma1: posts big blind $0.02
*** HOLE CARDS ***
Dealt to Dorex2007 [7h 9c]
bob4tier: folds 
Pokeristo861: folds 
Locke72222: folds 
MayconG3: raises $0.06 to $0.08
Coast_Raider: calls $0.08
Dorex2007: folds 
Aria Deotti: folds 
Clansizzle: folds 
1Asthma1: folds 
*** FLOP *** [6c 2c Qh]
MayconG3: bets $0.12
Coast_Raider: folds 
Uncalled bet ($0.12) returned to MayconG3
MayconG3 collected $0.18 from pot
MayconG3: doesn't show hand 
*** SUMMARY ***
Total pot $0.19 | Rake $0.01 
Board [6c 2c Qh]
Seat 1: Locke72222 folded before Flop (didn't bet)
Seat 2: MayconG3 collected ($0.18)
Seat 3: Coast_Raider folded on the Flop
Seat 4: Dorex2007 folded before Flop (didn't bet)
Seat 5: Aria Deotti (button) folded before Flop (didn't bet)
Seat 6: Clansizzle (small blind) folded before Flop
Seat 7: 1Asthma1 (big blind) folded before Flop
Seat 8: bob4tier folded before Flop (didn't bet)
Seat 9: Pokeristo861 folded before Flop (didn't bet)



PokerStars Hand #231520694201:  Hold'em No Limit ($0.01/$0.02 USD) - 2021/11/18 19:04:57 PT [2021/11/18 22:04:57 ET]
Table 'Hameenlinna III' 9-max Seat #6 is the button
Seat 1: Locke72222 ($0.98 in chips) 
Seat 2: MayconG3 ($2.14 in chips) 
Seat 3: Coast_Raider ($1.69 in chips) 
Seat 4: Dorex2007 ($3.39 in chips) 
Seat 5: Aria Deotti ($0.24 in chips) 
Seat 6: Clansizzle ($1.95 in chips) 
Seat 7: 1Asthma1 ($2.01 in chips) 
Seat 8: bob4tier ($0.73 in chips) 
Seat 9: Pokeristo861 ($1.58 in chips) 
1Asthma1: posts small blind $0.01
bob4tier: posts big blind $0.02
*** HOLE CARDS ***
Dealt to Dorex2007 [8s 7h]
Pokeristo861: folds 
Locke72222: calls $0.02
MayconG3: raises $0.07 to $0.09
Coast_Raider: folds 
Dorex2007: folds 
Aria Deotti: folds 
Clansizzle: calls $0.09
1Asthma1: folds 
bob4tier: folds 
Locke72222: calls $0.07
*** FLOP *** [7d 9c 8h]
Locke72222: checks 
Pokeristo861 leaves the table
MayconG3: bets $0.15
Clansizzle: calls $0.15
Locke72222: calls $0.15
*** TURN *** [7d 9c 8h] [9s]
Locke72222: bets $0.72
MayconG3: folds 
Clansizzle: folds 
Uncalled bet ($0.72) returned to Locke72222
Locke72222 collected $0.71 from pot
Locke72222: doesn't show hand 
*** SUMMARY ***
Total pot $0.75 | Rake $0.04 
Board [7d 9c 8h 9s]
Seat 1: Locke72222 collected ($0.71)
Seat 2: MayconG3 folded on the Turn
Seat 3: Coast_Raider folded before Flop (didn't bet)
Seat 4: Dorex2007 folded before Flop (didn't bet)
Seat 5: Aria Deotti folded before Flop (didn't bet)
Seat 6: Clansizzle (button) folded on the Turn
Seat 7: 1Asthma1 (small blind) folded before Flop
Seat 8: bob4tier (big blind) folded before Flop
Seat 9: Pokeristo861 folded before Flop (didn't bet)



PokerStars Hand #231520704452:  Hold'em No Limit ($0.01/$0.02 USD) - 2021/11/18 19:05:43 PT [2021/11/18 22:05:43 ET]
Table 'Hameenlinna III' 9-max Seat #7 is the button
Seat 1: Locke72222 ($1.45 in chips) 
Seat 2: MayconG3 ($1.90 in chips) 
Seat 3: Coast_Raider ($1.69 in chips) 
Seat 4: Dorex2007 ($3.39 in chips) 
Seat 5: Aria Deotti ($0.24 in chips) 
Seat 6: Clansizzle ($1.71 in chips) 
Seat 7: 1Asthma1 ($2 in chips) 
Seat 8: bob4tier ($0.71 in chips) 
bob4tier: posts small blind $0.01
Locke72222: posts big blind $0.02
*** HOLE CARDS ***
Dealt to Dorex2007 [5s 8c]
MayconG3: raises $0.02 to $0.04
Coast_Raider: folds 
Dorex2007: folds 
rrodriguuez183 joins the table at seat #9 
Aria Deotti: calls $0.04
Coast_Raider leaves the table
Clansizzle: calls $0.04
1Asthma1: folds 
bob4tier: folds 
Locke72222: calls $0.02
*** FLOP *** [4c 3c 5c]
Locke72222: checks 
MayconG3: bets $0.12
Aria Deotti: raises $0.08 to $0.20 and is all-in
Clansizzle: folds 
Locke72222: folds 
MayconG3: calls $0.08
*** TURN *** [4c 3c 5c] [Tc]
*** RIVER *** [4c 3c 5c Tc] [2s]
*** SHOW DOWN ***
MayconG3: shows [7s 6s] (a straight, Three to Seven)
Aria Deotti: shows [Ac 6d] (a flush, Ace high)
Aria Deotti collected $0.55 from pot
*** SUMMARY ***
Total pot $0.57 | Rake $0.02 
Board [4c 3c 5c Tc 2s]
Seat 1: Locke72222 (big blind) folded on the Flop
Seat 2: MayconG3 showed [7s 6s] and lost with a straight, Three to Seven
Seat 3: Coast_Raider folded before Flop (didn't bet)
Seat 4: Dorex2007 folded before Flop (didn't bet)
Seat 5: Aria Deotti showed [Ac 6d] and won ($0.55) with a flush, Ace high
Seat 6: Clansizzle folded on the Flop
Seat 7: 1Asthma1 (button) folded before Flop (didn't bet)
Seat 8: bob4tier (small blind) folded before Flop



PokerStars Hand #231520713902:  Hold'em No Limit ($0.01/$0.02 USD) - 2021/11/18 19:06:26 PT [2021/11/18 22:06:26 ET]
Table 'Hameenlinna III' 9-max Seat #8 is the button
Seat 1: Locke72222 ($1.41 in chips) 
Seat 2: MayconG3 ($1.66 in chips) 
Seat 4: Dorex2007 ($3.39 in chips) 
Seat 5: Aria Deotti ($0.55 in chips) 
Seat 6: Clansizzle ($1.67 in chips) 
Seat 7: 1Asthma1 ($2 in chips) 
Seat 8: bob4tier ($0.70 in chips) 
Locke72222: posts small blind $0.01
MayconG3: posts big blind $0.02
*** HOLE CARDS ***
Dealt to Dorex2007 [9c Jc]
Dorex2007: folds 
Aria Deotti: calls $0.02
Clansizzle: folds 
1Asthma1: folds 
bob4tier: folds 
Locke72222: calls $0.01
MayconG3: raises $0.06 to $0.08
Aria Deotti: folds 
Locke72222: raises $0.18 to $0.26
MayconG3: calls $0.18
*** FLOP *** [8c 3d Kd]
Locke72222: bets $0.52
MayconG3: calls $0.52
*** TURN *** [8c 3d Kd] [Ad]
Locke72222: bets $0.63 and is all-in
MayconG3: calls $0.63
*** RIVER *** [8c 3d Kd Ad] [Qd]
*** SHOW DOWN ***
Locke72222: shows [Th Qs] (a pair of Queens)
MayconG3: shows [4d 5d] (a flush, Ace high)
MayconG3 collected $2.74 from pot
*** SUMMARY ***
Total pot $2.84 | Rake $0.10 
Board [8c 3d Kd Ad Qd]
Seat 1: Locke72222 (small blind) showed [Th Qs] and lost with a pair of Queens
Seat 2: MayconG3 (big blind) showed [4d 5d] and won ($2.74) with a flush, Ace high
Seat 4: Dorex2007 folded before Flop (didn't bet)
Seat 5: Aria Deotti folded before Flop
Seat 6: Clansizzle folded before Flop (didn't bet)
Seat 7: 1Asthma1 folded before Flop (didn't bet)
Seat 8: bob4tier (button) folded before Flop (didn't bet)



PokerStars Hand #231520721803:  Hold'em No Limit ($0.01/$0.02 USD) - 2021/11/18 19:07:02 PT [2021/11/18 22:07:02 ET]
Table 'Hameenlinna III' 9-max Seat #2 is the button
Seat 2: MayconG3 ($2.99 in chips) 
Seat 4: Dorex2007 ($3.39 in chips) 
Seat 5: Aria Deotti ($0.53 in chips) 
Seat 6: Clansizzle ($1.67 in chips) 
Seat 7: 1Asthma1 ($2 in chips) 
Seat 8: bob4tier ($0.70 in chips) 
Seat 9: rrodriguuez183 ($0.80 in chips) 
Dorex2007: posts small blind $0.01
Aria Deotti: posts big blind $0.02
rrodriguuez183: posts big blind $0.02
*** HOLE CARDS ***
Dealt to Dorex2007 [Kc 7c]
Clansizzle: folds 
1Asthma1: folds 
Locke72222 leaves the table
bob4tier: raises $0.04 to $0.06
rrodriguuez183: raises $0.04 to $0.10
MayconG3: folds 
MayconG3 leaves the table
Dorex2007: folds 
Aria Deotti: folds 
bob4tier: calls $0.04
*** FLOP *** [4h 6h 8d]
bob4tier: checks 
rrodriguuez183: checks 
*** TURN *** [4h 6h 8d] [7h]
bob4tier: checks 
rrodriguuez183: checks 
*** RIVER *** [4h 6h 8d 7h] [Jh]
bob4tier: bets $0.11
rrodriguuez183: calls $0.11
*** SHOW DOWN ***
bob4tier: shows [Qd Ac] (high card Ace)
rrodriguuez183: shows [Ad 2h] (a flush, Jack high)
rrodriguuez183 collected $0.43 from pot
*** SUMMARY ***
Total pot $0.45 | Rake $0.02 
Board [4h 6h 8d 7h Jh]
Seat 2: MayconG3 (button) folded before Flop (didn't bet)
Seat 4: Dorex2007 (small blind) folded before Flop
Seat 5: Aria Deotti (big blind) folded before Flop
Seat 6: Clansizzle folded before Flop (didn't bet)
Seat 7: 1Asthma1 folded before Flop (didn't bet)
Seat 8: bob4tier showed [Qd Ac] and lost with high card Ace
Seat 9: rrodriguuez183 showed [Ad 2h] and won ($0.43) with a flush, Jack high



PokerStars Hand #231520732754:  Hold'em No Limit ($0.01/$0.02 USD) - 2021/11/18 19:07:52 PT [2021/11/18 22:07:52 ET]
Table 'Hameenlinna III' 9-max Seat #4 is the button
Seat 4: Dorex2007 ($3.38 in chips) 
Seat 5: Aria Deotti ($0.51 in chips) 
Seat 6: Clansizzle ($1.67 in chips) 
Seat 7: 1Asthma1 ($2 in chips) 
Seat 8: bob4tier ($0.49 in chips) 
Seat 9: rrodriguuez183 ($1.02 in chips) 
Aria Deotti: posts small blind $0.01
Clansizzle: posts big blind $0.02
*** HOLE CARDS ***
Dealt to Dorex2007 [5d 9h]
1Asthma1: folds 
bob4tier: folds 
rrodriguuez183: calls $0.02
Dorex2007: folds 
Aria Deotti: calls $0.01
Clansizzle: checks 
*** FLOP *** [6s Qd 4s]
Aria Deotti: bets $0.02
Clansizzle: calls $0.02
rrodriguuez183: folds 
*** TURN *** [6s Qd 4s] [Kh]
Aria Deotti: bets $0.02
Clansizzle: calls $0.02
*** RIVER *** [6s Qd 4s Kh] [4d]
Aria Deotti: bets $0.02
Clansizzle: calls $0.02
*** SHOW DOWN ***
Aria Deotti: shows [7d Qs] (two pair, Queens and Fours)
Clansizzle: mucks hand 
Aria Deotti collected $0.17 from pot
*** SUMMARY ***
Total pot $0.18 | Rake $0.01 
Board [6s Qd 4s Kh 4d]
Seat 4: Dorex2007 (button) folded before Flop (didn't bet)
Seat 5: Aria Deotti (small blind) showed [7d Qs] and won ($0.17) with two pair, Queens and Fours
Seat 6: Clansizzle (big blind) mucked [6c Tc]
Seat 7: 1Asthma1 folded before Flop (didn't bet)
Seat 8: bob4tier folded before Flop (didn't bet)
Seat 9: rrodriguuez183 folded on the Flop



PokerStars Hand #231520739593:  Hold'em No Limit ($0.01/$0.02 USD) - 2021/11/18 19:08:23 PT [2021/11/18 22:08:23 ET]
Table 'Hameenlinna III' 9-max Seat #5 is the button
Seat 4: Dorex2007 ($3.38 in chips) 
Seat 5: Aria Deotti ($0.60 in chips) 
Seat 6: Clansizzle ($1.59 in chips) 
Seat 7: 1Asthma1 ($2 in chips) 
Seat 8: bob4tier ($0.49 in chips) 
Seat 9: rrodriguuez183 ($1 in chips) 
Clansizzle: posts small blind $0.01
1Asthma1: posts big blind $0.02
*** HOLE CARDS ***
Dealt to Dorex2007 [Tc 4c]
bob4tier: folds 
rrodriguuez183: calls $0.02
Dorex2007: folds 
Aria Deotti: calls $0.02
Clansizzle: calls $0.01
1Asthma1: checks 
*** FLOP *** [2c 5c Qh]
Clansizzle: checks 
1Asthma1: checks 
rrodriguuez183: checks 
Aria Deotti: bets $0.02
Clansizzle: calls $0.02
1Asthma1: folds 
rrodriguuez183: folds 
*** TURN *** [2c 5c Qh] [Kc]
Clansizzle: checks 
Aria Deotti: bets $0.06
Clansizzle: calls $0.06
*** RIVER *** [2c 5c Qh Kc] [As]
Clansizzle: checks 
Aria Deotti: bets $0.04
Clansizzle: calls $0.04
*** SHOW DOWN ***
Aria Deotti: shows [Qc Ks] (two pair, Kings and Queens)
Clansizzle: mucks hand 
Aria Deotti collected $0.31 from pot
*** SUMMARY ***
Total pot $0.32 | Rake $0.01 
Board [2c 5c Qh Kc As]
Seat 4: Dorex2007 folded before Flop (didn't bet)
Seat 5: Aria Deotti (button) showed [Qc Ks] and won ($0.31) with two pair, Kings and Queens
Seat 6: Clansizzle (small blind) mucked [8c Qs]
Seat 7: 1Asthma1 (big blind) folded on the Flop
Seat 8: bob4tier folded before Flop (didn't bet)
Seat 9: rrodriguuez183 folded on the Flop



PokerStars Hand #231520750794:  Hold'em No Limit ($0.01/$0.02 USD) - 2021/11/18 19:09:14 PT [2021/11/18 22:09:14 ET]
Table 'Hameenlinna III' 9-max Seat #6 is the button
Seat 4: Dorex2007 ($3.38 in chips) 
Seat 5: Aria Deotti ($0.77 in chips) 
Seat 6: Clansizzle ($1.45 in chips) 
Seat 7: 1Asthma1 ($2 in chips) 
Seat 9: rrodriguuez183 ($0.98 in chips) 
1Asthma1: posts small blind $0.01
bob4tier: is sitting out 
rrodriguuez183: posts big blind $0.02
*** HOLE CARDS ***
Dealt to Dorex2007 [7c Ks]
Dorex2007: folds 
Aria Deotti: folds 
Clansizzle: folds 
Clansizzle said, "My"
1Asthma1: raises $0.04 to $0.06
rrodriguuez183: calls $0.04
*** FLOP *** [Jh 5h 5c]
Clansizzle said, "Nh"
1Asthma1: checks 
rrodriguuez183: bets $0.02
1Asthma1: calls $0.02
*** TURN *** [Jh 5h 5c] [7s]
1Asthma1: checks 
rrodriguuez183: bets $0.02
1Asthma1: calls $0.02
*** RIVER *** [Jh 5h 5c 7s] [9d]
1Asthma1: checks 
rrodriguuez183: bets $0.10
1Asthma1: folds 
Uncalled bet ($0.10) returned to rrodriguuez183
rrodriguuez183 collected $0.19 from pot
rrodriguuez183: doesn't show hand 
*** SUMMARY ***
Total pot $0.20 | Rake $0.01 
Board [Jh 5h 5c 7s 9d]
Seat 4: Dorex2007 folded before Flop (didn't bet)
Seat 5: Aria Deotti folded before Flop (didn't bet)
Seat 6: Clansizzle (button) folded before Flop (didn't bet)
Seat 7: 1Asthma1 (small blind) folded on the River
Seat 9: rrodriguuez183 (big blind) collected ($0.19)



