PokerStars Hand #232622005188:  Hold'em No Limit ($0.01/$0.02 USD) - 2021/12/28 21:00:08 PT [2021/12/29 0:00:08 ET]
Table 'Eunike III' 9-max Seat #6 is the button
Seat 1: Inc4ognito ($2.23 in chips) 
Seat 3: grgrgrgrgrgrgr ($6.32 in chips) 
Seat 4: Dorex2007 ($3.62 in chips) 
Seat 5: MyTHaeBoka ($4.54 in chips) 
Seat 6: smoking kings88 ($1.38 in chips) 
Seat 7: MuraBesPoker ($2.26 in chips) 
Seat 9: Stoudemir3 ($2.73 in chips) 
MuraBesPoker: posts small blind $0.01
Stoudemir3: posts big blind $0.02
*** HOLE CARDS ***
Dealt to Dorex2007 [8s 5s]
Inc4ognito: folds 
grgrgrgrgrgrgr: raises $0.02 to $0.04
Dorex2007: folds 
RoyalFlush1019 joins the table at seat #2 
MyTHaeBoka: calls $0.04
smoking kings88: calls $0.04
MuraBesPoker: folds 
Stoudemir3: folds 
*** FLOP *** [Kc Qc 3c]
grgrgrgrgrgrgr: checks 
MyTHaeBoka: checks 
smoking kings88: checks 
*** TURN *** [Kc Qc 3c] [9h]
grgrgrgrgrgrgr: bets $0.08
MyTHaeBoka: folds 
smoking kings88: calls $0.08
*** RIVER *** [Kc Qc 3c 9h] [7s]
grgrgrgrgrgrgr: checks 
smoking kings88: bets $0.02
grgrgrgrgrgrgr: calls $0.02
*** SHOW DOWN ***
smoking kings88: shows [Qh 7h] (two pair, Queens and Sevens)
grgrgrgrgrgrgr: mucks hand 
smoking kings88 collected $0.34 from pot
*** SUMMARY ***
Total pot $0.35 | Rake $0.01 
Board [Kc Qc 3c 9h 7s]
Seat 1: Inc4ognito folded before Flop (didn't bet)
Seat 3: grgrgrgrgrgrgr mucked [Jd Kh]
Seat 4: Dorex2007 folded before Flop (didn't bet)
Seat 5: MyTHaeBoka folded on the Turn
Seat 6: smoking kings88 (button) showed [Qh 7h] and won ($0.34) with two pair, Queens and Sevens
Seat 7: MuraBesPoker (small blind) folded before Flop
Seat 9: Stoudemir3 (big blind) folded before Flop



PokerStars Hand #232622013885:  Hold'em No Limit ($0.01/$0.02 USD) - 2021/12/28 21:01:05 PT [2021/12/29 0:01:05 ET]
Table 'Eunike III' 9-max Seat #7 is the button
Seat 1: Inc4ognito ($2.23 in chips) 
Seat 2: RoyalFlush1019 ($0.80 in chips) 
Seat 3: grgrgrgrgrgrgr ($6.18 in chips) 
Seat 4: Dorex2007 ($3.62 in chips) 
Seat 5: MyTHaeBoka ($4.50 in chips) 
Seat 6: smoking kings88 ($1.58 in chips) 
Seat 7: MuraBesPoker ($2.25 in chips) 
Seat 9: Stoudemir3 ($2.71 in chips) 
Stoudemir3: posts small blind $0.01
Inc4ognito: posts big blind $0.02
RoyalFlush1019: posts big blind $0.02
*** HOLE CARDS ***
Dealt to Dorex2007 [Ac 6s]
RoyalFlush1019: checks 
grgrgrgrgrgrgr: raises $0.05 to $0.07
Dorex2007: folds 
MyTHaeBoka: folds 
smoking kings88: folds 
MuraBesPoker: calls $0.07
Stoudemir3: folds 
Inc4ognito: folds 
RoyalFlush1019: calls $0.05
*** FLOP *** [Jc Kh 4d]
RoyalFlush1019: checks 
grgrgrgrgrgrgr: bets $0.08
MuraBesPoker: folds 
RoyalFlush1019: calls $0.08
*** TURN *** [Jc Kh 4d] [Js]
RoyalFlush1019: checks 
grgrgrgrgrgrgr: checks 
*** RIVER *** [Jc Kh 4d Js] [Ah]
RoyalFlush1019: bets $0.22
grgrgrgrgrgrgr: folds 
Uncalled bet ($0.22) returned to RoyalFlush1019
RoyalFlush1019 collected $0.39 from pot
RoyalFlush1019: doesn't show hand 
*** SUMMARY ***
Total pot $0.40 | Rake $0.01 
Board [Jc Kh 4d Js Ah]
Seat 1: Inc4ognito (big blind) folded before Flop
Seat 2: RoyalFlush1019 collected ($0.39)
Seat 3: grgrgrgrgrgrgr folded on the River
Seat 4: Dorex2007 folded before Flop (didn't bet)
Seat 5: MyTHaeBoka folded before Flop (didn't bet)
Seat 6: smoking kings88 folded before Flop (didn't bet)
Seat 7: MuraBesPoker (button) folded on the Flop
Seat 9: Stoudemir3 (small blind) folded before Flop



PokerStars Hand #232622022304:  Hold'em No Limit ($0.01/$0.02 USD) - 2021/12/28 21:01:57 PT [2021/12/29 0:01:57 ET]
Table 'Eunike III' 9-max Seat #9 is the button
Seat 1: Inc4ognito ($2.21 in chips) 
Seat 2: RoyalFlush1019 ($1.04 in chips) 
Seat 3: grgrgrgrgrgrgr ($6.03 in chips) 
Seat 4: Dorex2007 ($3.62 in chips) 
Seat 5: MyTHaeBoka ($4.50 in chips) 
Seat 6: smoking kings88 ($1.58 in chips) 
Seat 7: MuraBesPoker ($2.18 in chips) 
Seat 9: Stoudemir3 ($2.70 in chips) 
Inc4ognito: posts small blind $0.01
RoyalFlush1019: posts big blind $0.02
*** HOLE CARDS ***
Dealt to Dorex2007 [7d 2h]
grgrgrgrgrgrgr: raises $0.02 to $0.04
Dorex2007: folds 
MyTHaeBoka: folds 
smoking kings88: calls $0.04
MuraBesPoker: folds 
Stoudemir3: folds 
Inc4ognito: folds 
RoyalFlush1019: calls $0.02
*** FLOP *** [As Jc 3c]
RoyalFlush1019: checks 
grgrgrgrgrgrgr: bets $0.07
smoking kings88: calls $0.07
RoyalFlush1019: folds 
*** TURN *** [As Jc 3c] [Ad]
grgrgrgrgrgrgr: checks 
smoking kings88: checks 
*** RIVER *** [As Jc 3c Ad] [Jd]
grgrgrgrgrgrgr: bets $0.20
smoking kings88: calls $0.20
*** SHOW DOWN ***
grgrgrgrgrgrgr: shows [Td 6h] (two pair, Aces and Jacks)
smoking kings88: shows [Tc Kc] (two pair, Aces and Jacks - King kicker)
smoking kings88 collected $0.65 from pot
*** SUMMARY ***
Total pot $0.67 | Rake $0.02 
Board [As Jc 3c Ad Jd]
Seat 1: Inc4ognito (small blind) folded before Flop
Seat 2: RoyalFlush1019 (big blind) folded on the Flop
Seat 3: grgrgrgrgrgrgr showed [Td 6h] and lost with two pair, Aces and Jacks
Seat 4: Dorex2007 folded before Flop (didn't bet)
Seat 5: MyTHaeBoka folded before Flop (didn't bet)
Seat 6: smoking kings88 showed [Tc Kc] and won ($0.65) with two pair, Aces and Jacks
Seat 7: MuraBesPoker folded before Flop (didn't bet)
Seat 9: Stoudemir3 (button) folded before Flop (didn't bet)



PokerStars Hand #232622028060:  Hold'em No Limit ($0.01/$0.02 USD) - 2021/12/28 21:02:32 PT [2021/12/29 0:02:32 ET]
Table 'Eunike III' 9-max Seat #1 is the button
Seat 1: Inc4ognito ($2.20 in chips) 
Seat 2: RoyalFlush1019 ($1 in chips) 
Seat 3: grgrgrgrgrgrgr ($5.72 in chips) 
Seat 4: Dorex2007 ($3.62 in chips) 
Seat 5: MyTHaeBoka ($4.50 in chips) 
Seat 6: smoking kings88 ($1.92 in chips) 
Seat 7: MuraBesPoker ($2.18 in chips) 
Seat 9: Stoudemir3 ($2.70 in chips) 
RoyalFlush1019: posts small blind $0.01
grgrgrgrgrgrgr: posts big blind $0.02
*** HOLE CARDS ***
Dealt to Dorex2007 [9h 5s]
Dorex2007: folds 
MyTHaeBoka has timed out
MyTHaeBoka: folds 
smoking kings88: calls $0.02
MuraBesPoker: folds 
Stoudemir3: folds 
Inc4ognito: folds 
RoyalFlush1019: calls $0.01
grgrgrgrgrgrgr: checks 
*** FLOP *** [Jh 4d As]
RoyalFlush1019: checks 
grgrgrgrgrgrgr: checks 
smoking kings88: checks 
*** TURN *** [Jh 4d As] [4s]
RoyalFlush1019: bets $0.06
grgrgrgrgrgrgr: folds 
smoking kings88: calls $0.06
*** RIVER *** [Jh 4d As 4s] [Qs]
RoyalFlush1019: bets $0.20
smoking kings88: calls $0.20
*** SHOW DOWN ***
RoyalFlush1019: shows [4h 8h] (three of a kind, Fours)
smoking kings88: mucks hand 
RoyalFlush1019 collected $0.56 from pot
*** SUMMARY ***
Total pot $0.58 | Rake $0.02 
Board [Jh 4d As 4s Qs]
Seat 1: Inc4ognito (button) folded before Flop (didn't bet)
Seat 2: RoyalFlush1019 (small blind) showed [4h 8h] and won ($0.56) with three of a kind, Fours
Seat 3: grgrgrgrgrgrgr (big blind) folded on the Turn
Seat 4: Dorex2007 folded before Flop (didn't bet)
Seat 5: MyTHaeBoka folded before Flop (didn't bet)
Seat 6: smoking kings88 mucked [8d Jd]
Seat 7: MuraBesPoker folded before Flop (didn't bet)
Seat 9: Stoudemir3 folded before Flop (didn't bet)



PokerStars Hand #232622035835:  Hold'em No Limit ($0.01/$0.02 USD) - 2021/12/28 21:03:20 PT [2021/12/29 0:03:20 ET]
Table 'Eunike III' 9-max Seat #2 is the button
Seat 1: Inc4ognito ($2.20 in chips) 
Seat 2: RoyalFlush1019 ($1.28 in chips) 
Seat 3: grgrgrgrgrgrgr ($5.70 in chips) 
Seat 4: Dorex2007 ($3.62 in chips) 
Seat 6: smoking kings88 ($1.64 in chips) 
Seat 7: MuraBesPoker ($2.18 in chips) 
Seat 9: Stoudemir3 ($2.70 in chips) 
grgrgrgrgrgrgr: posts small blind $0.01
Dorex2007: posts big blind $0.02
*** HOLE CARDS ***
Dealt to Dorex2007 [Qc Th]
smoking kings88: calls $0.02
MuraBesPoker: folds 
Stoudemir3: folds 
Inc4ognito: folds 
RoyalFlush1019: calls $0.02
grgrgrgrgrgrgr: calls $0.01
Dorex2007: checks 
*** FLOP *** [Ac Qd 8s]
grgrgrgrgrgrgr: checks 
Dorex2007: checks 
smoking kings88: checks 
RoyalFlush1019: bets $0.04
grgrgrgrgrgrgr: calls $0.04
Dorex2007: folds 
smoking kings88: folds 
*** TURN *** [Ac Qd 8s] [9c]
grgrgrgrgrgrgr: checks 
RoyalFlush1019: bets $0.18
grgrgrgrgrgrgr: folds 
Uncalled bet ($0.18) returned to RoyalFlush1019
RoyalFlush1019 collected $0.15 from pot
RoyalFlush1019: doesn't show hand 
*** SUMMARY ***
Total pot $0.16 | Rake $0.01 
Board [Ac Qd 8s 9c]
Seat 1: Inc4ognito folded before Flop (didn't bet)
Seat 2: RoyalFlush1019 (button) collected ($0.15)
Seat 3: grgrgrgrgrgrgr (small blind) folded on the Turn
Seat 4: Dorex2007 (big blind) folded on the Flop
Seat 6: smoking kings88 folded on the Flop
Seat 7: MuraBesPoker folded before Flop (didn't bet)
Seat 9: Stoudemir3 folded before Flop (didn't bet)



PokerStars Hand #232622042139:  Hold'em No Limit ($0.01/$0.02 USD) - 2021/12/28 21:04:00 PT [2021/12/29 0:04:00 ET]
Table 'Eunike III' 9-max Seat #3 is the button
Seat 1: Inc4ognito ($2.20 in chips) 
Seat 2: RoyalFlush1019 ($1.37 in chips) 
Seat 3: grgrgrgrgrgrgr ($5.64 in chips) 
Seat 4: Dorex2007 ($3.60 in chips) 
Seat 6: smoking kings88 ($1.62 in chips) 
Seat 7: MuraBesPoker ($2.18 in chips) 
Seat 8: leo6767 ($0.31 in chips) 
Seat 9: Stoudemir3 ($2.70 in chips) 
Dorex2007: posts small blind $0.01
smoking kings88: posts big blind $0.02
leo6767: posts small & big blinds $0.03
*** HOLE CARDS ***
Dealt to Dorex2007 [8d Ks]
MuraBesPoker: folds 
leo6767: checks 
Stoudemir3 has timed out
Stoudemir3: folds 
Inc4ognito: folds 
RoyalFlush1019: calls $0.02
grgrgrgrgrgrgr: calls $0.02
Dorex2007: folds 
smoking kings88: checks 
*** FLOP *** [Jh 4h 7h]
smoking kings88: checks 
leo6767: checks 
RoyalFlush1019: checks 
grgrgrgrgrgrgr: bets $0.03
smoking kings88: calls $0.03
leo6767: calls $0.03
RoyalFlush1019: folds 
*** TURN *** [Jh 4h 7h] [Jc]
RoyalFlush1019 leaves the table
smoking kings88: bets $0.02
MC_Shamik joins the table at seat #2 
leo6767: calls $0.02
grgrgrgrgrgrgr: calls $0.02
*** RIVER *** [Jh 4h 7h Jc] [Ts]
smoking kings88: bets $0.02
leo6767: raises $0.12 to $0.14
grgrgrgrgrgrgr: folds 
smoking kings88: calls $0.12
*** SHOW DOWN ***
leo6767: shows [7s Jd] (a full house, Jacks full of Sevens)
smoking kings88: mucks hand 
leo6767 collected $0.51 from pot
*** SUMMARY ***
Total pot $0.53 | Rake $0.02 
Board [Jh 4h 7h Jc Ts]
Seat 1: Inc4ognito folded before Flop (didn't bet)
Seat 2: RoyalFlush1019 folded on the Flop
Seat 3: grgrgrgrgrgrgr (button) folded on the River
Seat 4: Dorex2007 (small blind) folded before Flop
Seat 6: smoking kings88 (big blind) mucked [3d 3c]
Seat 7: MuraBesPoker folded before Flop (didn't bet)
Seat 8: leo6767 showed [7s Jd] and won ($0.51) with a full house, Jacks full of Sevens
Seat 9: Stoudemir3 folded before Flop (didn't bet)



PokerStars Hand #232622053320:  Hold'em No Limit ($0.01/$0.02 USD) - 2021/12/28 21:05:09 PT [2021/12/29 0:05:09 ET]
Table 'Eunike III' 9-max Seat #4 is the button
Seat 1: Inc4ognito ($2.20 in chips) 
Seat 3: grgrgrgrgrgrgr ($5.57 in chips) 
Seat 4: Dorex2007 ($3.59 in chips) 
Seat 6: smoking kings88 ($1.41 in chips) 
Seat 7: MuraBesPoker ($2.18 in chips) 
Seat 8: leo6767 ($0.60 in chips) 
Seat 9: Stoudemir3 ($2.70 in chips) 
smoking kings88: posts small blind $0.01
MuraBesPoker: posts big blind $0.02
MC_Shamik: sits out 
*** HOLE CARDS ***
Dealt to Dorex2007 [9s 3c]
leo6767: calls $0.02
Stoudemir3: folds 
Inc4ognito: folds 
grgrgrgrgrgrgr: calls $0.02
Dorex2007: folds 
smoking kings88: calls $0.01
MuraBesPoker: checks 
*** FLOP *** [6h As 3d]
smoking kings88: checks 
MuraBesPoker: checks 
leo6767: checks 
grgrgrgrgrgrgr: bets $0.02
smoking kings88: folds 
MuraBesPoker: raises $0.06 to $0.08
leo6767: calls $0.08
grgrgrgrgrgrgr: folds 
*** TURN *** [6h As 3d] [Qh]
MuraBesPoker: bets $0.13
leo6767: folds 
Uncalled bet ($0.13) returned to MuraBesPoker
MuraBesPoker collected $0.25 from pot
*** SUMMARY ***
Total pot $0.26 | Rake $0.01 
Board [6h As 3d Qh]
Seat 1: Inc4ognito folded before Flop (didn't bet)
Seat 3: grgrgrgrgrgrgr folded on the Flop
Seat 4: Dorex2007 (button) folded before Flop (didn't bet)
Seat 6: smoking kings88 (small blind) folded on the Flop
Seat 7: MuraBesPoker (big blind) collected ($0.25)
Seat 8: leo6767 folded on the Turn
Seat 9: Stoudemir3 folded before Flop (didn't bet)



PokerStars Hand #232622061285:  Hold'em No Limit ($0.01/$0.02 USD) - 2021/12/28 21:05:58 PT [2021/12/29 0:05:58 ET]
Table 'Eunike III' 9-max Seat #6 is the button
Seat 1: Inc4ognito ($2.20 in chips) 
Seat 3: grgrgrgrgrgrgr ($5.53 in chips) 
Seat 4: Dorex2007 ($3.59 in chips) 
Seat 5: MyTHaeBoka ($4.50 in chips) 
Seat 6: smoking kings88 ($1.39 in chips) 
Seat 7: MuraBesPoker ($2.33 in chips) 
Seat 8: leo6767 ($0.50 in chips) 
Seat 9: Stoudemir3 ($2.70 in chips) 
MuraBesPoker: posts small blind $0.01
leo6767: posts big blind $0.02
MC_Shamik: sits out 
MyTHaeBoka: posts small & big blinds $0.03
*** HOLE CARDS ***
Dealt to Dorex2007 [Jh 9c]
Stoudemir3: folds 
Inc4ognito: folds 
grgrgrgrgrgrgr: raises $0.05 to $0.07
Dorex2007: folds 
MyTHaeBoka: folds 
smoking kings88: calls $0.07
MuraBesPoker: folds 
leo6767: calls $0.05
*** FLOP *** [8d Qc 7h]
leo6767: bets $0.06
grgrgrgrgrgrgr: calls $0.06
smoking kings88: folds 
*** TURN *** [8d Qc 7h] [6s]
leo6767: bets $0.12
grgrgrgrgrgrgr: folds 
Uncalled bet ($0.12) returned to leo6767
leo6767 collected $0.36 from pot
leo6767: doesn't show hand 
*** SUMMARY ***
Total pot $0.37 | Rake $0.01 
Board [8d Qc 7h 6s]
Seat 1: Inc4ognito folded before Flop (didn't bet)
Seat 3: grgrgrgrgrgrgr folded on the Turn
Seat 4: Dorex2007 folded before Flop (didn't bet)
Seat 5: MyTHaeBoka folded before Flop (didn't bet)
Seat 6: smoking kings88 (button) folded on the Flop
Seat 7: MuraBesPoker (small blind) folded before Flop
Seat 8: leo6767 (big blind) collected ($0.36)
Seat 9: Stoudemir3 folded before Flop (didn't bet)



PokerStars Hand #232622072910:  Hold'em No Limit ($0.01/$0.02 USD) - 2021/12/28 21:06:37 PT [2021/12/29 0:06:37 ET]
Table 'Eunike III' 9-max Seat #7 is the button
Seat 1: Inc4ognito ($2.20 in chips) 
Seat 3: grgrgrgrgrgrgr ($5.40 in chips) 
Seat 4: Dorex2007 ($3.59 in chips) 
Seat 5: MyTHaeBoka ($4.47 in chips) 
Seat 6: smoking kings88 ($1.32 in chips) 
Seat 7: MuraBesPoker ($2.32 in chips) 
Seat 8: leo6767 ($0.73 in chips) 
Seat 9: Stoudemir3 ($2.70 in chips) 
leo6767: posts small blind $0.01
Stoudemir3: posts big blind $0.02
MC_Shamik: sits out 
*** HOLE CARDS ***
Dealt to Dorex2007 [6d 5h]
Inc4ognito: folds 
grgrgrgrgrgrgr: raises $0.02 to $0.04
Inc4ognito leaves the table
Dorex2007: folds 
geniuss joins the table at seat #1 
MyTHaeBoka: calls $0.04
smoking kings88: calls $0.04
MuraBesPoker: folds 
leo6767: calls $0.03
Stoudemir3: folds 
*** FLOP *** [3d 4s Ah]
leo6767: bets $0.06
grgrgrgrgrgrgr: calls $0.06
MyTHaeBoka: folds 
smoking kings88: calls $0.06
*** TURN *** [3d 4s Ah] [4d]
leo6767: checks 
grgrgrgrgrgrgr: checks 
smoking kings88: checks 
*** RIVER *** [3d 4s Ah 4d] [3s]
leo6767: bets $0.06
grgrgrgrgrgrgr: folds 
smoking kings88: raises $0.06 to $0.12
leo6767: calls $0.06
*** SHOW DOWN ***
smoking kings88: shows [3h 8h] (a full house, Threes full of Fours)
leo6767: mucks hand 
smoking kings88 collected $0.58 from pot
*** SUMMARY ***
Total pot $0.60 | Rake $0.02 
Board [3d 4s Ah 4d 3s]
Seat 1: Inc4ognito folded before Flop (didn't bet)
Seat 3: grgrgrgrgrgrgr folded on the River
Seat 4: Dorex2007 folded before Flop (didn't bet)
Seat 5: MyTHaeBoka folded on the Flop
Seat 6: smoking kings88 showed [3h 8h] and won ($0.58) with a full house, Threes full of Fours
Seat 7: MuraBesPoker (button) folded before Flop (didn't bet)
Seat 8: leo6767 (small blind) mucked [8c Ad]
Seat 9: Stoudemir3 (big blind) folded before Flop



PokerStars Hand #232622081134:  Hold'em No Limit ($0.01/$0.02 USD) - 2021/12/28 21:07:29 PT [2021/12/29 0:07:29 ET]
Table 'Eunike III' 9-max Seat #8 is the button
Seat 1: geniuss ($2 in chips) 
Seat 3: grgrgrgrgrgrgr ($5.30 in chips) 
Seat 4: Dorex2007 ($3.59 in chips) 
Seat 5: MyTHaeBoka ($4.43 in chips) 
Seat 6: smoking kings88 ($1.68 in chips) 
Seat 7: MuraBesPoker ($2.32 in chips) 
Seat 8: leo6767 ($0.51 in chips) 
Seat 9: Stoudemir3 ($2.68 in chips) 
Stoudemir3: posts small blind $0.01
geniuss: posts big blind $0.02
MC_Shamik: sits out 
*** HOLE CARDS ***
Dealt to Dorex2007 [4s Kd]
grgrgrgrgrgrgr: raises $0.02 to $0.04
Dorex2007: folds 
MyTHaeBoka: folds 
smoking kings88: calls $0.04
MuraBesPoker: folds 
leo6767: calls $0.04
Stoudemir3: folds 
geniuss: calls $0.02
*** FLOP *** [2c 9d Jh]
geniuss: checks 
grgrgrgrgrgrgr: checks 
smoking kings88: checks 
leo6767: checks 
*** TURN *** [2c 9d Jh] [8c]
geniuss: checks 
grgrgrgrgrgrgr: checks 
smoking kings88: checks 
leo6767: checks 
*** RIVER *** [2c 9d Jh 8c] [Th]
geniuss: checks 
grgrgrgrgrgrgr: checks 
smoking kings88: checks 
leo6767: checks 
*** SHOW DOWN ***
geniuss: shows [7s 8s] (a straight, Seven to Jack)
grgrgrgrgrgrgr: shows [As 7c] (a straight, Seven to Jack)
smoking kings88: mucks hand 
leo6767: mucks hand 
geniuss collected $0.08 from pot
grgrgrgrgrgrgr collected $0.08 from pot
*** SUMMARY ***
Total pot $0.17 | Rake $0.01 
Board [2c 9d Jh 8c Th]
Seat 1: geniuss (big blind) showed [7s 8s] and won ($0.08) with a straight, Seven to Jack
Seat 3: grgrgrgrgrgrgr showed [As 7c] and won ($0.08) with a straight, Seven to Jack
Seat 4: Dorex2007 folded before Flop (didn't bet)
Seat 5: MyTHaeBoka folded before Flop (didn't bet)
Seat 6: smoking kings88 mucked [Kc 6h]
Seat 7: MuraBesPoker folded before Flop (didn't bet)
Seat 8: leo6767 (button) mucked [Kh 3c]
Seat 9: Stoudemir3 (small blind) folded before Flop



PokerStars Hand #232622088198:  Hold'em No Limit ($0.01/$0.02 USD) - 2021/12/28 21:08:14 PT [2021/12/29 0:08:14 ET]
Table 'Eunike III' 9-max Seat #9 is the button
Seat 1: geniuss ($2.04 in chips) 
Seat 2: MC_Shamik ($2 in chips) 
Seat 3: grgrgrgrgrgrgr ($5.34 in chips) 
Seat 4: Dorex2007 ($3.59 in chips) 
Seat 5: MyTHaeBoka ($4.43 in chips) 
Seat 6: smoking kings88 ($1.64 in chips) 
Seat 7: MuraBesPoker ($2.32 in chips) 
Seat 8: leo6767 ($0.47 in chips) 
Seat 9: Stoudemir3 ($2.67 in chips) 
geniuss: posts small blind $0.01
MC_Shamik: posts big blind $0.02
*** HOLE CARDS ***
Dealt to Dorex2007 [6c 3d]
grgrgrgrgrgrgr: raises $0.02 to $0.04
Dorex2007: folds 
MyTHaeBoka: folds 
smoking kings88: folds 
MuraBesPoker: calls $0.04
leo6767: calls $0.04
Stoudemir3: folds 
geniuss: folds 
MC_Shamik: calls $0.02
*** FLOP *** [6d 8c 8h]
MC_Shamik: checks 
grgrgrgrgrgrgr: bets $0.05
MuraBesPoker: folds 
leo6767: calls $0.05
MC_Shamik: folds 
*** TURN *** [6d 8c 8h] [2d]
grgrgrgrgrgrgr: checks 
leo6767: checks 
*** RIVER *** [6d 8c 8h 2d] [Qh]
grgrgrgrgrgrgr: checks 
leo6767: bets $0.08
grgrgrgrgrgrgr: folds 
Uncalled bet ($0.08) returned to leo6767
leo6767 collected $0.26 from pot
leo6767: doesn't show hand 
*** SUMMARY ***
Total pot $0.27 | Rake $0.01 
Board [6d 8c 8h 2d Qh]
Seat 1: geniuss (small blind) folded before Flop
Seat 2: MC_Shamik (big blind) folded on the Flop
Seat 3: grgrgrgrgrgrgr folded on the River
Seat 4: Dorex2007 folded before Flop (didn't bet)
Seat 5: MyTHaeBoka folded before Flop (didn't bet)
Seat 6: smoking kings88 folded before Flop (didn't bet)
Seat 7: MuraBesPoker folded on the Flop
Seat 8: leo6767 collected ($0.26)
Seat 9: Stoudemir3 (button) folded before Flop (didn't bet)



PokerStars Hand #232622096859:  Hold'em No Limit ($0.01/$0.02 USD) - 2021/12/28 21:09:09 PT [2021/12/29 0:09:09 ET]
Table 'Eunike III' 9-max Seat #1 is the button
Seat 1: geniuss ($2.03 in chips) 
Seat 2: MC_Shamik ($2 in chips) 
Seat 3: grgrgrgrgrgrgr ($5.25 in chips) 
Seat 4: Dorex2007 ($3.59 in chips) 
Seat 5: MyTHaeBoka ($4.43 in chips) 
Seat 6: smoking kings88 ($1.64 in chips) 
Seat 7: MuraBesPoker ($2.28 in chips) 
Seat 8: leo6767 ($0.64 in chips) 
Seat 9: Stoudemir3 ($2.67 in chips) 
MC_Shamik: posts small blind $0.01
grgrgrgrgrgrgr: posts big blind $0.02
*** HOLE CARDS ***
Dealt to Dorex2007 [Kh 8h]
Dorex2007: folds 
MyTHaeBoka: raises $0.02 to $0.04
smoking kings88: calls $0.04
MuraBesPoker: folds 
leo6767: calls $0.04
Stoudemir3: folds 
geniuss: folds 
MC_Shamik: calls $0.03
grgrgrgrgrgrgr: calls $0.02
*** FLOP *** [2s Tc Js]
MC_Shamik: checks 
grgrgrgrgrgrgr: checks 
MyTHaeBoka: checks 
smoking kings88: checks 
leo6767: bets $0.06
MC_Shamik: folds 
grgrgrgrgrgrgr: calls $0.06
MyTHaeBoka: folds 
smoking kings88: calls $0.06
*** TURN *** [2s Tc Js] [5d]
grgrgrgrgrgrgr: checks 
smoking kings88: checks 
leo6767: bets $0.08
grgrgrgrgrgrgr: calls $0.08
smoking kings88: calls $0.08
*** RIVER *** [2s Tc Js 5d] [2c]
grgrgrgrgrgrgr: checks 
smoking kings88: checks 
leo6767: bets $0.18
grgrgrgrgrgrgr: folds 
smoking kings88: folds 
Uncalled bet ($0.18) returned to leo6767
leo6767 collected $0.60 from pot
leo6767: doesn't show hand 
*** SUMMARY ***
Total pot $0.62 | Rake $0.02 
Board [2s Tc Js 5d 2c]
Seat 1: geniuss (button) folded before Flop (didn't bet)
Seat 2: MC_Shamik (small blind) folded on the Flop
Seat 3: grgrgrgrgrgrgr (big blind) folded on the River
Seat 4: Dorex2007 folded before Flop (didn't bet)
Seat 5: MyTHaeBoka folded on the Flop
Seat 6: smoking kings88 folded on the River
Seat 7: MuraBesPoker folded before Flop (didn't bet)
Seat 8: leo6767 collected ($0.60)
Seat 9: Stoudemir3 folded before Flop (didn't bet)



PokerStars Hand #232622108960:  Hold'em No Limit ($0.01/$0.02 USD) - 2021/12/28 21:10:23 PT [2021/12/29 0:10:23 ET]
Table 'Eunike III' 9-max Seat #2 is the button
Seat 1: geniuss ($2.03 in chips) 
Seat 2: MC_Shamik ($2 in chips) 
Seat 3: grgrgrgrgrgrgr ($5.07 in chips) 
Seat 4: Dorex2007 ($3.59 in chips) 
Seat 5: MyTHaeBoka ($4.39 in chips) 
Seat 6: smoking kings88 ($1.46 in chips) 
Seat 7: MuraBesPoker ($2.28 in chips) 
Seat 8: leo6767 ($1.06 in chips) 
Seat 9: Stoudemir3 ($2.67 in chips) 
grgrgrgrgrgrgr: posts small blind $0.01
Dorex2007: posts big blind $0.02
*** HOLE CARDS ***
Dealt to Dorex2007 [Jd 6d]
MyTHaeBoka: folds 
smoking kings88: calls $0.02
MuraBesPoker: folds 
leo6767: calls $0.02
Stoudemir3: folds 
geniuss: raises $0.08 to $0.10
MC_Shamik: folds 
grgrgrgrgrgrgr: folds 
Dorex2007: folds 
smoking kings88: calls $0.08
leo6767: calls $0.08
*** FLOP *** [Qd 8s Tc]
smoking kings88: checks 
leo6767: bets $0.06
geniuss: calls $0.06
smoking kings88: calls $0.06
*** TURN *** [Qd 8s Tc] [9s]
smoking kings88: checks 
leo6767: bets $0.10
geniuss: calls $0.10
smoking kings88: raises $0.10 to $0.20
leo6767: folds 
geniuss: calls $0.10
*** RIVER *** [Qd 8s Tc 9s] [8h]
smoking kings88: bets $0.97
geniuss: raises $0.70 to $1.67 and is all-in
smoking kings88: calls $0.13 and is all-in
Uncalled bet ($0.57) returned to geniuss
*** SHOW DOWN ***
geniuss: shows [Qc Qh] (a full house, Queens full of Eights)
smoking kings88: shows [2c Jc] (a straight, Eight to Queen)
geniuss collected $3.10 from pot
*** SUMMARY ***
Total pot $3.21 | Rake $0.11 
Board [Qd 8s Tc 9s 8h]
Seat 1: geniuss showed [Qc Qh] and won ($3.10) with a full house, Queens full of Eights
Seat 2: MC_Shamik (button) folded before Flop (didn't bet)
Seat 3: grgrgrgrgrgrgr (small blind) folded before Flop
Seat 4: Dorex2007 (big blind) folded before Flop
Seat 5: MyTHaeBoka folded before Flop (didn't bet)
Seat 6: smoking kings88 showed [2c Jc] and lost with a straight, Eight to Queen
Seat 7: MuraBesPoker folded before Flop (didn't bet)
Seat 8: leo6767 folded on the Turn
Seat 9: Stoudemir3 folded before Flop (didn't bet)



PokerStars Hand #232622122595:  Hold'em No Limit ($0.01/$0.02 USD) - 2021/12/28 21:11:49 PT [2021/12/29 0:11:49 ET]
Table 'Eunike III' 9-max Seat #3 is the button
Seat 1: geniuss ($3.67 in chips) 
Seat 2: MC_Shamik ($2 in chips) 
Seat 3: grgrgrgrgrgrgr ($5.06 in chips) 
Seat 4: Dorex2007 ($3.57 in chips) 
Seat 5: MyTHaeBoka ($4.39 in chips) 
Seat 7: MuraBesPoker ($2.28 in chips) 
Seat 8: leo6767 ($0.80 in chips) 
Seat 9: Stoudemir3 ($2.67 in chips) 
Dorex2007: posts small blind $0.01
MyTHaeBoka: posts big blind $0.02
*** HOLE CARDS ***
Dealt to Dorex2007 [Ks 7s]
MuraBesPoker: folds 
leo6767: raises $0.06 to $0.08
Stoudemir3: folds 
geniuss: folds 
MC_Shamik: folds 
grgrgrgrgrgrgr: folds 
Dorex2007: folds 
MyTHaeBoka: folds 
Uncalled bet ($0.06) returned to leo6767
leo6767 collected $0.05 from pot
leo6767: doesn't show hand 
*** SUMMARY ***
Total pot $0.05 | Rake $0 
Seat 1: geniuss folded before Flop (didn't bet)
Seat 2: MC_Shamik folded before Flop (didn't bet)
Seat 3: grgrgrgrgrgrgr (button) folded before Flop (didn't bet)
Seat 4: Dorex2007 (small blind) folded before Flop
Seat 5: MyTHaeBoka (big blind) folded before Flop
Seat 7: MuraBesPoker folded before Flop (didn't bet)
Seat 8: leo6767 collected ($0.05)
Seat 9: Stoudemir3 folded before Flop (didn't bet)



PokerStars Hand #232622125681:  Hold'em No Limit ($0.01/$0.02 USD) - 2021/12/28 21:12:08 PT [2021/12/29 0:12:08 ET]
Table 'Eunike III' 9-max Seat #4 is the button
Seat 1: geniuss ($3.67 in chips) 
Seat 2: MC_Shamik ($2 in chips) 
Seat 3: grgrgrgrgrgrgr ($5.06 in chips) 
Seat 4: Dorex2007 ($3.56 in chips) 
Seat 5: MyTHaeBoka ($4.37 in chips) 
Seat 6: smoking kings88 ($0.80 in chips) 
Seat 7: MuraBesPoker ($2.28 in chips) 
Seat 8: leo6767 ($0.83 in chips) 
Seat 9: Stoudemir3 ($2.67 in chips) 
MyTHaeBoka: posts small blind $0.01
smoking kings88: posts big blind $0.02
*** HOLE CARDS ***
Dealt to Dorex2007 [7s 2s]
MuraBesPoker: folds 
leo6767: calls $0.02
Stoudemir3 has timed out
Stoudemir3: folds 
geniuss: folds 
MC_Shamik: folds 
grgrgrgrgrgrgr: calls $0.02
Dorex2007: folds 
MyTHaeBoka: folds 
smoking kings88: checks 
*** FLOP *** [4s 4d Ks]
smoking kings88: checks 
leo6767: checks 
grgrgrgrgrgrgr: checks 
*** TURN *** [4s 4d Ks] [6c]
smoking kings88: bets $0.02
leo6767: calls $0.02
grgrgrgrgrgrgr: raises $0.05 to $0.07
smoking kings88: calls $0.05
leo6767: calls $0.05
*** RIVER *** [4s 4d Ks 6c] [8s]
smoking kings88: checks 
leo6767: checks 
grgrgrgrgrgrgr: bets $0.29
smoking kings88: calls $0.29
leo6767: folds 
*** SHOW DOWN ***
grgrgrgrgrgrgr: shows [Kc 4h] (a full house, Fours full of Kings)
smoking kings88: mucks hand 
grgrgrgrgrgrgr collected $0.82 from pot
*** SUMMARY ***
Total pot $0.86 | Rake $0.04 
Board [4s 4d Ks 6c 8s]
Seat 1: geniuss folded before Flop (didn't bet)
Seat 2: MC_Shamik folded before Flop (didn't bet)
Seat 3: grgrgrgrgrgrgr showed [Kc 4h] and won ($0.82) with a full house, Fours full of Kings
Seat 4: Dorex2007 (button) folded before Flop (didn't bet)
Seat 5: MyTHaeBoka (small blind) folded before Flop
Seat 6: smoking kings88 (big blind) mucked [6d Jd]
Seat 7: MuraBesPoker folded before Flop (didn't bet)
Seat 8: leo6767 folded on the River
Seat 9: Stoudemir3 folded before Flop (didn't bet)



PokerStars Hand #232622134640:  Hold'em No Limit ($0.01/$0.02 USD) - 2021/12/28 21:13:04 PT [2021/12/29 0:13:04 ET]
Table 'Eunike III' 9-max Seat #5 is the button
Seat 1: geniuss ($3.67 in chips) 
Seat 2: MC_Shamik ($2 in chips) 
Seat 3: grgrgrgrgrgrgr ($5.50 in chips) 
Seat 4: Dorex2007 ($3.56 in chips) 
Seat 5: MyTHaeBoka ($4.36 in chips) 
Seat 6: smoking kings88 ($0.42 in chips) 
Seat 7: MuraBesPoker ($2.28 in chips) 
Seat 8: leo6767 ($0.74 in chips) 
Seat 9: Stoudemir3 ($2.67 in chips) 
smoking kings88: posts small blind $0.01
MuraBesPoker: posts big blind $0.02
*** HOLE CARDS ***
Dealt to Dorex2007 [4h Jd]
leo6767: raises $0.06 to $0.08
Stoudemir3: folds 
Stoudemir3 leaves the table
geniuss: folds 
MC_Shamik: folds 
grgrgrgrgrgrgr: calls $0.08
Dorex2007: folds 
zhuk29 joins the table at seat #9 
MyTHaeBoka: folds 
smoking kings88: calls $0.07
MuraBesPoker: folds 
*** FLOP *** [Td Qs 9s]
smoking kings88: checks 
leo6767: bets $0.06
grgrgrgrgrgrgr: raises $0.28 to $0.34
smoking kings88: folds 
leo6767: calls $0.28
*** TURN *** [Td Qs 9s] [Ts]
leo6767: bets $0.08
grgrgrgrgrgrgr: calls $0.08
*** RIVER *** [Td Qs 9s Ts] [Tc]
leo6767: bets $0.24 and is all-in
grgrgrgrgrgrgr: calls $0.24
*** SHOW DOWN ***
leo6767: shows [Qh Qc] (a full house, Queens full of Tens)
grgrgrgrgrgrgr: shows [9d 9h] (a full house, Tens full of Nines)
leo6767 collected $1.52 from pot
*** SUMMARY ***
Total pot $1.58 | Rake $0.06 
Board [Td Qs 9s Ts Tc]
Seat 1: geniuss folded before Flop (didn't bet)
Seat 2: MC_Shamik folded before Flop (didn't bet)
Seat 3: grgrgrgrgrgrgr showed [9d 9h] and lost with a full house, Tens full of Nines
Seat 4: Dorex2007 folded before Flop (didn't bet)
Seat 5: MyTHaeBoka (button) folded before Flop (didn't bet)
Seat 6: smoking kings88 (small blind) folded on the Flop
Seat 7: MuraBesPoker (big blind) folded before Flop
Seat 8: leo6767 showed [Qh Qc] and won ($1.52) with a full house, Queens full of Tens
Seat 9: Stoudemir3 folded before Flop (didn't bet)



PokerStars Hand #232622147241:  Hold'em No Limit ($0.01/$0.02 USD) - 2021/12/28 21:14:25 PT [2021/12/29 0:14:25 ET]
Table 'Eunike III' 9-max Seat #6 is the button
Seat 1: geniuss ($3.67 in chips) 
Seat 2: MC_Shamik ($2 in chips) 
Seat 3: grgrgrgrgrgrgr ($4.76 in chips) 
Seat 4: Dorex2007 ($3.56 in chips) 
Seat 5: MyTHaeBoka ($4.36 in chips) 
Seat 6: smoking kings88 ($0.34 in chips) 
Seat 7: MuraBesPoker ($2.26 in chips) 
Seat 8: leo6767 ($1.52 in chips) 
Seat 9: zhuk29 ($1.60 in chips) 
MuraBesPoker: posts small blind $0.01
leo6767: posts big blind $0.02
zhuk29: posts big blind $0.02
*** HOLE CARDS ***
Dealt to Dorex2007 [Ad 9c]
zhuk29: raises $0.02 to $0.04
geniuss: folds 
MC_Shamik: folds 
grgrgrgrgrgrgr: calls $0.04
Dorex2007: folds 
MyTHaeBoka: folds 
smoking kings88: folds 
MuraBesPoker: calls $0.03
leo6767: calls $0.02
*** FLOP *** [Ah 5c 8c]
MuraBesPoker: checks 
leo6767: checks 
zhuk29: checks 
grgrgrgrgrgrgr: bets $0.08
MuraBesPoker: folds 
leo6767: folds 
zhuk29: calls $0.08
*** TURN *** [Ah 5c 8c] [8d]
zhuk29: checks 
grgrgrgrgrgrgr: bets $0.16
zhuk29: calls $0.16
*** RIVER *** [Ah 5c 8c 8d] [5s]
zhuk29: bets $0.32
grgrgrgrgrgrgr: folds 
Uncalled bet ($0.32) returned to zhuk29
zhuk29 collected $0.62 from pot
*** SUMMARY ***
Total pot $0.64 | Rake $0.02 
Board [Ah 5c 8c 8d 5s]
Seat 1: geniuss folded before Flop (didn't bet)
Seat 2: MC_Shamik folded before Flop (didn't bet)
Seat 3: grgrgrgrgrgrgr folded on the River
Seat 4: Dorex2007 folded before Flop (didn't bet)
Seat 5: MyTHaeBoka folded before Flop (didn't bet)
Seat 6: smoking kings88 (button) folded before Flop (didn't bet)
Seat 7: MuraBesPoker (small blind) folded on the Flop
Seat 8: leo6767 (big blind) folded on the Flop
Seat 9: zhuk29 collected ($0.62)



PokerStars Hand #232622157172:  Hold'em No Limit ($0.01/$0.02 USD) - 2021/12/28 21:15:28 PT [2021/12/29 0:15:28 ET]
Table 'Eunike III' 9-max Seat #7 is the button
Seat 1: geniuss ($3.67 in chips) 
Seat 2: MC_Shamik ($2 in chips) 
Seat 3: grgrgrgrgrgrgr ($4.48 in chips) 
Seat 4: Dorex2007 ($3.56 in chips) 
Seat 5: MyTHaeBoka ($4.36 in chips) 
Seat 6: smoking kings88 ($0.34 in chips) 
Seat 7: MuraBesPoker ($2.22 in chips) 
Seat 8: leo6767 ($1.48 in chips) 
leo6767: posts small blind $0.01
geniuss: posts big blind $0.02
*** HOLE CARDS ***
Dealt to Dorex2007 [Qc Th]
MC_Shamik: folds 
grgrgrgrgrgrgr: raises $0.02 to $0.04
Dorex2007: folds 
MyTHaeBoka: calls $0.04
smoking kings88: calls $0.04
MuraBesPoker: folds 
leo6767: calls $0.03
geniuss: calls $0.02
*** FLOP *** [4d 5h Ac]
leo6767: checks 
geniuss: checks 
grgrgrgrgrgrgr: checks 
MyTHaeBoka: checks 
smoking kings88: checks 
*** TURN *** [4d 5h Ac] [6s]
leo6767: checks 
geniuss: checks 
grgrgrgrgrgrgr: checks 
MyTHaeBoka: bets $0.06
smoking kings88: calls $0.06
leo6767: folds 
geniuss: folds 
grgrgrgrgrgrgr: folds 
*** RIVER *** [4d 5h Ac 6s] [9c]
MyTHaeBoka: checks 
smoking kings88: checks 
*** SHOW DOWN ***
MyTHaeBoka: shows [7d 7s] (a pair of Sevens)
smoking kings88: mucks hand 
MyTHaeBoka collected $0.31 from pot
*** SUMMARY ***
Total pot $0.32 | Rake $0.01 
Board [4d 5h Ac 6s 9c]
Seat 1: geniuss (big blind) folded on the Turn
Seat 2: MC_Shamik folded before Flop (didn't bet)
Seat 3: grgrgrgrgrgrgr folded on the Turn
Seat 4: Dorex2007 folded before Flop (didn't bet)
Seat 5: MyTHaeBoka showed [7d 7s] and won ($0.31) with a pair of Sevens
Seat 6: smoking kings88 mucked [6d Kh]
Seat 7: MuraBesPoker (button) folded before Flop (didn't bet)
Seat 8: leo6767 (small blind) folded on the Turn



PokerStars Hand #232622164129:  Hold'em No Limit ($0.01/$0.02 USD) - 2021/12/28 21:16:13 PT [2021/12/29 0:16:13 ET]
Table 'Eunike III' 9-max Seat #8 is the button
Seat 1: geniuss ($3.63 in chips) 
Seat 2: MC_Shamik ($2 in chips) 
Seat 3: grgrgrgrgrgrgr ($4.44 in chips) 
Seat 4: Dorex2007 ($3.56 in chips) 
Seat 5: MyTHaeBoka ($4.57 in chips) 
Seat 6: smoking kings88 ($0.24 in chips) 
Seat 7: MuraBesPoker ($2.22 in chips) 
Seat 8: leo6767 ($1.44 in chips) 
geniuss: posts small blind $0.01
MC_Shamik: posts big blind $0.02
*** HOLE CARDS ***
Dealt to Dorex2007 [9s 6h]
grgrgrgrgrgrgr: raises $0.02 to $0.04
Dorex2007: folds 
MyTHaeBoka: folds 
smoking kings88: calls $0.04
MuraBesPoker: folds 
leo6767: folds 
geniuss: folds 
MC_Shamik: calls $0.02
*** FLOP *** [3s 7c Ad]
MC_Shamik: checks 
grgrgrgrgrgrgr: bets $0.05
smoking kings88: raises $0.15 to $0.20 and is all-in
MC_Shamik: folds 
grgrgrgrgrgrgr: folds 
Uncalled bet ($0.15) returned to smoking kings88
smoking kings88 collected $0.22 from pot
smoking kings88: doesn't show hand 
*** SUMMARY ***
Total pot $0.23 | Rake $0.01 
Board [3s 7c Ad]
Seat 1: geniuss (small blind) folded before Flop
Seat 2: MC_Shamik (big blind) folded on the Flop
Seat 3: grgrgrgrgrgrgr folded on the Flop
Seat 4: Dorex2007 folded before Flop (didn't bet)
Seat 5: MyTHaeBoka folded before Flop (didn't bet)
Seat 6: smoking kings88 collected ($0.22)
Seat 7: MuraBesPoker folded before Flop (didn't bet)
Seat 8: leo6767 (button) folded before Flop (didn't bet)



PokerStars Hand #232622169772:  Hold'em No Limit ($0.01/$0.02 USD) - 2021/12/28 21:16:49 PT [2021/12/29 0:16:49 ET]
Table 'Eunike III' 9-max Seat #1 is the button
Seat 1: geniuss ($3.62 in chips) 
Seat 2: MC_Shamik ($2 in chips) 
Seat 3: grgrgrgrgrgrgr ($4.35 in chips) 
Seat 4: Dorex2007 ($3.56 in chips) 
Seat 5: MyTHaeBoka ($4.57 in chips) 
Seat 6: smoking kings88 ($0.37 in chips) 
Seat 7: MuraBesPoker ($2.22 in chips) 
Seat 8: leo6767 ($1.44 in chips) 
Seat 9: zhuk29 ($1.94 in chips) 
MC_Shamik: posts small blind $0.01
grgrgrgrgrgrgr: posts big blind $0.02
zhuk29: posts small & big blinds $0.03
*** HOLE CARDS ***
Dealt to Dorex2007 [9d 7c]
Dorex2007 has timed out
Dorex2007: folds 
MyTHaeBoka: raises $0.03 to $0.05
smoking kings88: calls $0.05
MuraBesPoker: folds 
leo6767: calls $0.05
zhuk29: folds 
geniuss: folds 
MC_Shamik: folds 
grgrgrgrgrgrgr: calls $0.03
*** FLOP *** [Qs As 6h]
zhuk29 leaves the table
grgrgrgrgrgrgr: checks 
MyTHaeBoka: checks 
smoking kings88: bets $0.32 and is all-in
KRAKEN720 joins the table at seat #9 
leo6767: folds 
grgrgrgrgrgrgr: folds 
MyTHaeBoka: folds 
Uncalled bet ($0.32) returned to smoking kings88
smoking kings88 collected $0.23 from pot
smoking kings88: doesn't show hand 
*** SUMMARY ***
Total pot $0.24 | Rake $0.01 
Board [Qs As 6h]
Seat 1: geniuss (button) folded before Flop (didn't bet)
Seat 2: MC_Shamik (small blind) folded before Flop
Seat 3: grgrgrgrgrgrgr (big blind) folded on the Flop
Seat 4: Dorex2007 folded before Flop (didn't bet)
Seat 5: MyTHaeBoka folded on the Flop
Seat 6: smoking kings88 collected ($0.23)
Seat 7: MuraBesPoker folded before Flop (didn't bet)
Seat 8: leo6767 folded on the Flop
Seat 9: zhuk29 folded before Flop (didn't bet)



PokerStars Hand #232622177274:  Hold'em No Limit ($0.01/$0.02 USD) - 2021/12/28 21:17:37 PT [2021/12/29 0:17:37 ET]
Table 'Eunike III' 9-max Seat #2 is the button
Seat 1: geniuss ($3.62 in chips) 
Seat 2: MC_Shamik ($2 in chips) 
Seat 3: grgrgrgrgrgrgr ($4.30 in chips) 
Seat 4: Dorex2007 ($3.56 in chips) 
Seat 5: MyTHaeBoka ($4.52 in chips) 
Seat 6: smoking kings88 ($0.55 in chips) 
Seat 7: MuraBesPoker ($2.22 in chips) 
Seat 8: leo6767 ($1.39 in chips) 
grgrgrgrgrgrgr: posts small blind $0.01
Dorex2007: posts big blind $0.02
KRAKEN720: sits out 
*** HOLE CARDS ***
Dealt to Dorex2007 [Ts 9h]
MyTHaeBoka: folds 
smoking kings88: folds 
MuraBesPoker: folds 
leo6767: folds 
geniuss: folds 
MC_Shamik: folds 
grgrgrgrgrgrgr: calls $0.01
Dorex2007: checks 
*** FLOP *** [7c Ks 2h]
grgrgrgrgrgrgr: checks 
Dorex2007: checks 
*** TURN *** [7c Ks 2h] [3h]
grgrgrgrgrgrgr: bets $0.02
Dorex2007: folds 
Uncalled bet ($0.02) returned to grgrgrgrgrgrgr
grgrgrgrgrgrgr collected $0.04 from pot
*** SUMMARY ***
Total pot $0.04 | Rake $0 
Board [7c Ks 2h 3h]
Seat 1: geniuss folded before Flop (didn't bet)
Seat 2: MC_Shamik (button) folded before Flop (didn't bet)
Seat 3: grgrgrgrgrgrgr (small blind) collected ($0.04)
Seat 4: Dorex2007 (big blind) folded on the Turn
Seat 5: MyTHaeBoka folded before Flop (didn't bet)
Seat 6: smoking kings88 folded before Flop (didn't bet)
Seat 7: MuraBesPoker folded before Flop (didn't bet)
Seat 8: leo6767 folded before Flop (didn't bet)



PokerStars Hand #232622182713:  Hold'em No Limit ($0.01/$0.02 USD) - 2021/12/28 21:18:12 PT [2021/12/29 0:18:12 ET]
Table 'Eunike III' 9-max Seat #3 is the button
Seat 1: geniuss ($3.62 in chips) 
Seat 2: MC_Shamik ($2 in chips) 
Seat 3: grgrgrgrgrgrgr ($4.32 in chips) 
Seat 4: Dorex2007 ($3.54 in chips) 
Seat 5: MyTHaeBoka ($4.52 in chips) 
Seat 6: smoking kings88 ($0.55 in chips) 
Seat 7: MuraBesPoker ($2.22 in chips) 
Seat 8: leo6767 ($1.39 in chips) 
Dorex2007: posts small blind $0.01
MyTHaeBoka: posts big blind $0.02
KRAKEN720: sits out 
*** HOLE CARDS ***
Dealt to Dorex2007 [Ad Kh]
smoking kings88: calls $0.02
MuraBesPoker: folds 
leo6767: folds 
geniuss: folds 
MC_Shamik: calls $0.02
grgrgrgrgrgrgr: calls $0.02
Dorex2007: calls $0.01
MyTHaeBoka: checks 
*** FLOP *** [5c 9d 4h]
Dorex2007: checks 
MyTHaeBoka: checks 
smoking kings88: checks 
MC_Shamik: checks 
grgrgrgrgrgrgr: bets $0.05
Dorex2007: folds 
MyTHaeBoka: folds 
smoking kings88: folds 
MC_Shamik: calls $0.05
*** TURN *** [5c 9d 4h] [3h]
MC_Shamik: bets $0.10
grgrgrgrgrgrgr: calls $0.10
*** RIVER *** [5c 9d 4h 3h] [7h]
MC_Shamik: checks 
grgrgrgrgrgrgr: checks 
*** SHOW DOWN ***
MC_Shamik: shows [3d 5h] (two pair, Fives and Threes)
grgrgrgrgrgrgr: mucks hand 
MC_Shamik collected $0.39 from pot
*** SUMMARY ***
Total pot $0.40 | Rake $0.01 
Board [5c 9d 4h 3h 7h]
Seat 1: geniuss folded before Flop (didn't bet)
Seat 2: MC_Shamik showed [3d 5h] and won ($0.39) with two pair, Fives and Threes
Seat 3: grgrgrgrgrgrgr (button) mucked [3c 4d]
Seat 4: Dorex2007 (small blind) folded on the Flop
Seat 5: MyTHaeBoka (big blind) folded on the Flop
Seat 6: smoking kings88 folded on the Flop
Seat 7: MuraBesPoker folded before Flop (didn't bet)
Seat 8: leo6767 folded before Flop (didn't bet)



PokerStars Hand #232622191783:  Hold'em No Limit ($0.01/$0.02 USD) - 2021/12/28 21:19:11 PT [2021/12/29 0:19:11 ET]
Table 'Eunike III' 9-max Seat #4 is the button
Seat 1: geniuss ($3.62 in chips) 
Seat 2: MC_Shamik ($2.22 in chips) 
Seat 3: grgrgrgrgrgrgr ($4.15 in chips) 
Seat 4: Dorex2007 ($3.52 in chips) 
Seat 5: MyTHaeBoka ($4.50 in chips) 
Seat 6: smoking kings88 ($0.53 in chips) 
Seat 7: MuraBesPoker ($2.22 in chips) 
Seat 8: leo6767 ($1.39 in chips) 
MyTHaeBoka: posts small blind $0.01
smoking kings88: posts big blind $0.02
KRAKEN720: sits out 
*** HOLE CARDS ***
Dealt to Dorex2007 [Td Qd]
MuraBesPoker: folds 
leo6767: calls $0.02
geniuss: folds 
MC_Shamik: folds 
grgrgrgrgrgrgr: raises $0.07 to $0.09
Dorex2007: folds 
MyTHaeBoka: folds 
smoking kings88: folds 
leo6767: calls $0.07
*** FLOP *** [Kd 5h 3c]
leo6767: checks 
grgrgrgrgrgrgr: bets $0.07
leo6767: raises $0.13 to $0.20
grgrgrgrgrgrgr: calls $0.13
*** TURN *** [Kd 5h 3c] [Th]
leo6767: bets $1.10 and is all-in
grgrgrgrgrgrgr: calls $1.10
*** RIVER *** [Kd 5h 3c Th] [3h]
*** SHOW DOWN ***
leo6767: shows [Ks 3d] (a full house, Threes full of Kings)
grgrgrgrgrgrgr: shows [As Kc] (two pair, Kings and Threes)
leo6767 collected $2.71 from pot
*** SUMMARY ***
Total pot $2.81 | Rake $0.10 
Board [Kd 5h 3c Th 3h]
Seat 1: geniuss folded before Flop (didn't bet)
Seat 2: MC_Shamik folded before Flop (didn't bet)
Seat 3: grgrgrgrgrgrgr showed [As Kc] and lost with two pair, Kings and Threes
Seat 4: Dorex2007 (button) folded before Flop (didn't bet)
Seat 5: MyTHaeBoka (small blind) folded before Flop
Seat 6: smoking kings88 (big blind) folded before Flop
Seat 7: MuraBesPoker folded before Flop (didn't bet)
Seat 8: leo6767 showed [Ks 3d] and won ($2.71) with a full house, Threes full of Kings



PokerStars Hand #232622200313:  Hold'em No Limit ($0.01/$0.02 USD) - 2021/12/28 21:20:06 PT [2021/12/29 0:20:06 ET]
Table 'Eunike III' 9-max Seat #5 is the button
Seat 1: geniuss ($3.62 in chips) 
Seat 2: MC_Shamik ($2.22 in chips) 
Seat 3: grgrgrgrgrgrgr ($2.76 in chips) 
Seat 4: Dorex2007 ($3.52 in chips) 
Seat 5: MyTHaeBoka ($4.49 in chips) 
Seat 6: smoking kings88 ($0.51 in chips) 
Seat 7: MuraBesPoker ($2.22 in chips) 
Seat 8: leo6767 ($2.71 in chips) 
smoking kings88: posts small blind $0.01
MuraBesPoker: posts big blind $0.02
KRAKEN720: sits out 
*** HOLE CARDS ***
Dealt to Dorex2007 [9c 8c]
leo6767: calls $0.02
geniuss: folds 
MC_Shamik: calls $0.02
grgrgrgrgrgrgr: calls $0.02
Dorex2007: folds 
MyTHaeBoka: folds 
smoking kings88: calls $0.01
MuraBesPoker: checks 
*** FLOP *** [9h 5s 6d]
smoking kings88: checks 
MuraBesPoker: checks 
leo6767: bets $0.06
MC_Shamik: folds 
grgrgrgrgrgrgr: folds 
grgrgrgrgrgrgr leaves the table
smoking kings88: raises $0.06 to $0.12
MuraBesPoker: folds 
leo6767: calls $0.06
*** TURN *** [9h 5s 6d] [4s]
smoking kings88: bets $0.37 and is all-in
leo6767: calls $0.37
*** RIVER *** [9h 5s 6d 4s] [Qd]
*** SHOW DOWN ***
smoking kings88: shows [5d 6h] (two pair, Sixes and Fives)
leo6767: shows [7h 8h] (a straight, Five to Nine)
leo6767 collected $1.04 from pot
*** SUMMARY ***
Total pot $1.08 | Rake $0.04 
Board [9h 5s 6d 4s Qd]
Seat 1: geniuss folded before Flop (didn't bet)
Seat 2: MC_Shamik folded on the Flop
Seat 3: grgrgrgrgrgrgr folded on the Flop
Seat 4: Dorex2007 folded before Flop (didn't bet)
Seat 5: MyTHaeBoka (button) folded before Flop (didn't bet)
Seat 6: smoking kings88 (small blind) showed [5d 6h] and lost with two pair, Sixes and Fives
Seat 7: MuraBesPoker (big blind) folded on the Flop
Seat 8: leo6767 showed [7h 8h] and won ($1.04) with a straight, Five to Nine



PokerStars Hand #232622220525:  Hold'em No Limit ($0.01/$0.02 USD) - 2021/12/28 21:21:05 PT [2021/12/29 0:21:05 ET]
Table 'Eunike III' 9-max Seat #7 is the button
Seat 1: geniuss ($3.62 in chips) 
Seat 2: MC_Shamik ($2.20 in chips) 
Seat 4: Dorex2007 ($3.52 in chips) 
Seat 5: MyTHaeBoka ($4.49 in chips) 
Seat 7: MuraBesPoker ($2.20 in chips) 
Seat 8: leo6767 ($3.24 in chips) 
Seat 9: KRAKEN720 ($2 in chips) 
leo6767: posts small blind $0.01
KRAKEN720: posts big blind $0.02
*** HOLE CARDS ***
Dealt to Dorex2007 [2c 8d]
geniuss: folds 
MC_Shamik: folds 
Dorex2007: folds 
smoking kings88 leaves the table
MyTHaeBoka: folds 
MuraBesPoker: raises $0.04 to $0.06
leo6767: calls $0.05
KRAKEN720: folds 
*** FLOP *** [3h 6h 5d]
leo6767: bets $0.06
MuraBesPoker: calls $0.06
*** TURN *** [3h 6h 5d] [3d]
leo6767: bets $0.08
MuraBesPoker: calls $0.08
*** RIVER *** [3h 6h 5d 3d] [Ah]
leo6767: checks 
MuraBesPoker: checks 
*** SHOW DOWN ***
leo6767: shows [Ts Th] (two pair, Tens and Threes)
MuraBesPoker: shows [Ad 2d] (two pair, Aces and Threes)
MuraBesPoker collected $0.41 from pot
*** SUMMARY ***
Total pot $0.42 | Rake $0.01 
Board [3h 6h 5d 3d Ah]
Seat 1: geniuss folded before Flop (didn't bet)
Seat 2: MC_Shamik folded before Flop (didn't bet)
Seat 4: Dorex2007 folded before Flop (didn't bet)
Seat 5: MyTHaeBoka folded before Flop (didn't bet)
Seat 7: MuraBesPoker (button) showed [Ad 2d] and won ($0.41) with two pair, Aces and Threes
Seat 8: leo6767 (small blind) showed [Ts Th] and lost with two pair, Tens and Threes
Seat 9: KRAKEN720 (big blind) folded before Flop



PokerStars Hand #232622227623:  Hold'em No Limit ($0.01/$0.02 USD) - 2021/12/28 21:21:51 PT [2021/12/29 0:21:51 ET]
Table 'Eunike III' 9-max Seat #8 is the button
Seat 1: geniuss ($3.62 in chips) 
Seat 2: MC_Shamik ($2.20 in chips) 
Seat 4: Dorex2007 ($3.52 in chips) 
Seat 5: MyTHaeBoka ($4.49 in chips) 
Seat 7: MuraBesPoker ($2.41 in chips) 
Seat 8: leo6767 ($3.04 in chips) 
Seat 9: KRAKEN720 ($1.98 in chips) 
KRAKEN720: posts small blind $0.01
geniuss: posts big blind $0.02
*** HOLE CARDS ***
Dealt to Dorex2007 [8c Jh]
MC_Shamik: raises $0.02 to $0.04
Dorex2007: folds 
MyTHaeBoka: folds 
MuraBesPoker: folds 
leo6767: calls $0.04
KRAKEN720: folds 
geniuss: folds 
*** FLOP *** [5h 3h Ah]
MC_Shamik: checks 
leo6767: bets $0.06
MC_Shamik: folds 
Uncalled bet ($0.06) returned to leo6767
leo6767 collected $0.11 from pot
leo6767: doesn't show hand 
*** SUMMARY ***
Total pot $0.11 | Rake $0 
Board [5h 3h Ah]
Seat 1: geniuss (big blind) folded before Flop
Seat 2: MC_Shamik folded on the Flop
Seat 4: Dorex2007 folded before Flop (didn't bet)
Seat 5: MyTHaeBoka folded before Flop (didn't bet)
Seat 7: MuraBesPoker folded before Flop (didn't bet)
Seat 8: leo6767 (button) collected ($0.11)
Seat 9: KRAKEN720 (small blind) folded before Flop



PokerStars Hand #232622232428:  Hold'em No Limit ($0.01/$0.02 USD) - 2021/12/28 21:22:21 PT [2021/12/29 0:22:21 ET]
Table 'Eunike III' 9-max Seat #9 is the button
Seat 1: geniuss ($3.60 in chips) 
Seat 2: MC_Shamik ($2.16 in chips) 
Seat 4: Dorex2007 ($3.52 in chips) 
Seat 5: MyTHaeBoka ($4.49 in chips) 
Seat 7: MuraBesPoker ($2.41 in chips) 
Seat 8: leo6767 ($3.11 in chips) 
Seat 9: KRAKEN720 ($1.97 in chips) 
geniuss: posts small blind $0.01
MC_Shamik: posts big blind $0.02
*** HOLE CARDS ***
Dealt to Dorex2007 [Kh 6s]
Dorex2007: folds 
MyTHaeBoka: folds 
MuraBesPoker: folds 
leo6767: folds 
KRAKEN720: folds 
geniuss: raises $0.03 to $0.05
MC_Shamik: folds 
Uncalled bet ($0.03) returned to geniuss
geniuss collected $0.04 from pot
*** SUMMARY ***
Total pot $0.04 | Rake $0 
Seat 1: geniuss (small blind) collected ($0.04)
Seat 2: MC_Shamik (big blind) folded before Flop
Seat 4: Dorex2007 folded before Flop (didn't bet)
Seat 5: MyTHaeBoka folded before Flop (didn't bet)
Seat 7: MuraBesPoker folded before Flop (didn't bet)
Seat 8: leo6767 folded before Flop (didn't bet)
Seat 9: KRAKEN720 (button) folded before Flop (didn't bet)



PokerStars Hand #232622236296:  Hold'em No Limit ($0.01/$0.02 USD) - 2021/12/28 21:22:46 PT [2021/12/29 0:22:46 ET]
Table 'Eunike III' 9-max Seat #1 is the button
Seat 1: geniuss ($3.62 in chips) 
Seat 2: MC_Shamik ($2.14 in chips) 
Seat 4: Dorex2007 ($3.52 in chips) 
Seat 5: MyTHaeBoka ($4.49 in chips) 
Seat 7: MuraBesPoker ($2.41 in chips) 
Seat 8: leo6767 ($3.11 in chips) 
Seat 9: KRAKEN720 ($1.97 in chips) 
MC_Shamik: posts small blind $0.01
Dorex2007: posts big blind $0.02
*** HOLE CARDS ***
Dealt to Dorex2007 [Th 7c]
MyTHaeBoka: folds 
MuraBesPoker: folds 
leo6767: calls $0.02
KRAKEN720: folds 
geniuss: calls $0.02
MC_Shamik: folds 
Dorex2007: checks 
*** FLOP *** [5h 2c 9h]
Dorex2007: checks 
leo6767: bets $0.06
geniuss: folds 
Dorex2007: folds 
Uncalled bet ($0.06) returned to leo6767
leo6767 collected $0.07 from pot
leo6767: doesn't show hand 
*** SUMMARY ***
Total pot $0.07 | Rake $0 
Board [5h 2c 9h]
Seat 1: geniuss (button) folded on the Flop
Seat 2: MC_Shamik (small blind) folded before Flop
Seat 4: Dorex2007 (big blind) folded on the Flop
Seat 5: MyTHaeBoka folded before Flop (didn't bet)
Seat 7: MuraBesPoker folded before Flop (didn't bet)
Seat 8: leo6767 collected ($0.07)
Seat 9: KRAKEN720 folded before Flop (didn't bet)



PokerStars Hand #232622240543:  Hold'em No Limit ($0.01/$0.02 USD) - 2021/12/28 21:23:14 PT [2021/12/29 0:23:14 ET]
Table 'Eunike III' 9-max Seat #2 is the button
Seat 1: geniuss ($3.60 in chips) 
Seat 2: MC_Shamik ($2.13 in chips) 
Seat 4: Dorex2007 ($3.50 in chips) 
Seat 5: MyTHaeBoka ($4.49 in chips) 
Seat 7: MuraBesPoker ($2.41 in chips) 
Seat 8: leo6767 ($3.16 in chips) 
Seat 9: KRAKEN720 ($1.97 in chips) 
Dorex2007: posts small blind $0.01
MyTHaeBoka: posts big blind $0.02
*** HOLE CARDS ***
Dealt to Dorex2007 [4h 7h]
MuraBesPoker: folds 
leo6767: calls $0.02
KRAKEN720: folds 
geniuss: folds 
MC_Shamik: folds 
Dorex2007: folds 
MyTHaeBoka: checks 
*** FLOP *** [Tc 6h 7c]
MyTHaeBoka: checks 
leo6767: checks 
*** TURN *** [Tc 6h 7c] [Ac]
MyTHaeBoka: checks 
leo6767: bets $0.04
MyTHaeBoka: folds 
Uncalled bet ($0.04) returned to leo6767
leo6767 collected $0.05 from pot
leo6767: doesn't show hand 
*** SUMMARY ***
Total pot $0.05 | Rake $0 
Board [Tc 6h 7c Ac]
Seat 1: geniuss folded before Flop (didn't bet)
Seat 2: MC_Shamik (button) folded before Flop (didn't bet)
Seat 4: Dorex2007 (small blind) folded before Flop
Seat 5: MyTHaeBoka (big blind) folded on the Turn
Seat 7: MuraBesPoker folded before Flop (didn't bet)
Seat 8: leo6767 collected ($0.05)
Seat 9: KRAKEN720 folded before Flop (didn't bet)



PokerStars Hand #232622244449:  Hold'em No Limit ($0.01/$0.02 USD) - 2021/12/28 21:23:39 PT [2021/12/29 0:23:39 ET]
Table 'Eunike III' 9-max Seat #4 is the button
Seat 1: geniuss ($3.60 in chips) 
Seat 2: MC_Shamik ($2.13 in chips) 
Seat 4: Dorex2007 ($3.49 in chips) 
Seat 5: MyTHaeBoka ($4.47 in chips) 
Seat 7: MuraBesPoker ($2.41 in chips) 
Seat 8: leo6767 ($3.19 in chips) 
Seat 9: KRAKEN720 ($1.97 in chips) 
MyTHaeBoka: posts small blind $0.01
MuraBesPoker: posts big blind $0.02
*** HOLE CARDS ***
Dealt to Dorex2007 [Qs 3c]
leo6767: calls $0.02
KRAKEN720: folds 
geniuss: folds 
MC_Shamik: folds 
Dorex2007: folds 
MyTHaeBoka: folds 
MuraBesPoker: checks 
*** FLOP *** [5d Th As]
MuraBesPoker: checks 
leo6767: bets $0.04
MuraBesPoker: folds 
Uncalled bet ($0.04) returned to leo6767
leo6767 collected $0.05 from pot
leo6767: doesn't show hand 
*** SUMMARY ***
Total pot $0.05 | Rake $0 
Board [5d Th As]
Seat 1: geniuss folded before Flop (didn't bet)
Seat 2: MC_Shamik folded before Flop (didn't bet)
Seat 4: Dorex2007 (button) folded before Flop (didn't bet)
Seat 5: MyTHaeBoka (small blind) folded before Flop
Seat 7: MuraBesPoker (big blind) folded on the Flop
Seat 8: leo6767 collected ($0.05)
Seat 9: KRAKEN720 folded before Flop (didn't bet)



PokerStars Hand #232622249663:  Hold'em No Limit ($0.01/$0.02 USD) - 2021/12/28 21:24:13 PT [2021/12/29 0:24:13 ET]
Table 'Eunike III' 9-max Seat #5 is the button
Seat 1: geniuss ($3.60 in chips) 
Seat 2: MC_Shamik ($2.13 in chips) 
Seat 4: Dorex2007 ($3.49 in chips) 
Seat 5: MyTHaeBoka ($4.46 in chips) 
Seat 7: MuraBesPoker ($2.39 in chips) 
Seat 8: leo6767 ($3.22 in chips) 
Seat 9: KRAKEN720 ($1.97 in chips) 
MuraBesPoker: posts small blind $0.01
leo6767: posts big blind $0.02
*** HOLE CARDS ***
Dealt to Dorex2007 [As 7s]
KRAKEN720: raises $0.04 to $0.06
geniuss: folds 
MC_Shamik: folds 
Dorex2007: folds 
MyTHaeBoka: folds 
MuraBesPoker: folds 
leo6767: calls $0.04
*** FLOP *** [9h Jc Jh]
leo6767: checks 
KRAKEN720: checks 
*** TURN *** [9h Jc Jh] [Kc]
leo6767: bets $0.04
KRAKEN720: calls $0.04
*** RIVER *** [9h Jc Jh Kc] [6s]
leo6767: bets $0.12
KRAKEN720: calls $0.12
*** SHOW DOWN ***
leo6767: shows [7d Qd] (a pair of Jacks)
KRAKEN720: shows [Kd Qc] (two pair, Kings and Jacks)
KRAKEN720 collected $0.43 from pot
*** SUMMARY ***
Total pot $0.45 | Rake $0.02 
Board [9h Jc Jh Kc 6s]
Seat 1: geniuss folded before Flop (didn't bet)
Seat 2: MC_Shamik folded before Flop (didn't bet)
Seat 4: Dorex2007 folded before Flop (didn't bet)
Seat 5: MyTHaeBoka (button) folded before Flop (didn't bet)
Seat 7: MuraBesPoker (small blind) folded before Flop
Seat 8: leo6767 (big blind) showed [7d Qd] and lost with a pair of Jacks
Seat 9: KRAKEN720 showed [Kd Qc] and won ($0.43) with two pair, Kings and Jacks



PokerStars Hand #232622258708:  Hold'em No Limit ($0.01/$0.02 USD) - 2021/12/28 21:25:12 PT [2021/12/29 0:25:12 ET]
Table 'Eunike III' 9-max Seat #7 is the button
Seat 1: geniuss ($3.60 in chips) 
Seat 2: MC_Shamik ($2.13 in chips) 
Seat 4: Dorex2007 ($3.49 in chips) 
Seat 5: MyTHaeBoka ($4.46 in chips) 
Seat 7: MuraBesPoker ($2.38 in chips) 
Seat 8: leo6767 ($3 in chips) 
Seat 9: KRAKEN720 ($2.18 in chips) 
leo6767: posts small blind $0.01
KRAKEN720: posts big blind $0.02
*** HOLE CARDS ***
Dealt to Dorex2007 [5c 3c]
geniuss: folds 
MC_Shamik: folds 
Dorex2007: folds 
MyTHaeBoka: folds 
MuraBesPoker: folds 
leo6767: calls $0.01
KRAKEN720: checks 
*** FLOP *** [7d 3h 9s]
leo6767: checks 
KRAKEN720: checks 
*** TURN *** [7d 3h 9s] [5d]
leo6767: checks 
KRAKEN720: checks 
*** RIVER *** [7d 3h 9s 5d] [8h]
leo6767: bets $0.04
KRAKEN720: folds 
Uncalled bet ($0.04) returned to leo6767
leo6767 collected $0.04 from pot
leo6767: doesn't show hand 
*** SUMMARY ***
Total pot $0.04 | Rake $0 
Board [7d 3h 9s 5d 8h]
Seat 1: geniuss folded before Flop (didn't bet)
Seat 2: MC_Shamik folded before Flop (didn't bet)
Seat 4: Dorex2007 folded before Flop (didn't bet)
Seat 5: MyTHaeBoka folded before Flop (didn't bet)
Seat 7: MuraBesPoker (button) folded before Flop (didn't bet)
Seat 8: leo6767 (small blind) collected ($0.04)
Seat 9: KRAKEN720 (big blind) folded on the River



PokerStars Hand #232622265222:  Hold'em No Limit ($0.01/$0.02 USD) - 2021/12/28 21:25:55 PT [2021/12/29 0:25:55 ET]
Table 'Eunike III' 9-max Seat #8 is the button
Seat 1: geniuss ($3.60 in chips) 
Seat 2: MC_Shamik ($2.13 in chips) 
Seat 4: Dorex2007 ($3.49 in chips) 
Seat 5: MyTHaeBoka ($4.46 in chips) 
Seat 7: MuraBesPoker ($2.38 in chips) 
Seat 8: leo6767 ($3.02 in chips) 
Seat 9: KRAKEN720 ($2.16 in chips) 
KRAKEN720: posts small blind $0.01
geniuss: posts big blind $0.02
*** HOLE CARDS ***
Dealt to Dorex2007 [As Ad]
MC_Shamik: folds 
Dorex2007: raises $0.02 to $0.04
MyTHaeBoka: folds 
MuraBesPoker: folds 
leo6767: calls $0.04
dboulay1979 joins the table at seat #6 
KRAKEN720: calls $0.03
geniuss: folds 
*** FLOP *** [Td 9h 7d]
KRAKEN720: checks 
Dorex2007: bets $0.07
leo6767: calls $0.07
JonnieTightLips joins the table at seat #3 
KRAKEN720: folds 
*** TURN *** [Td 9h 7d] [6d]
Dorex2007: bets $0.14
leo6767: folds 
Uncalled bet ($0.14) returned to Dorex2007
Dorex2007 collected $0.27 from pot
Dorex2007: doesn't show hand 
*** SUMMARY ***
Total pot $0.28 | Rake $0.01 
Board [Td 9h 7d 6d]
Seat 1: geniuss (big blind) folded before Flop
Seat 2: MC_Shamik folded before Flop (didn't bet)
Seat 4: Dorex2007 collected ($0.27)
Seat 5: MyTHaeBoka folded before Flop (didn't bet)
Seat 7: MuraBesPoker folded before Flop (didn't bet)
Seat 8: leo6767 (button) folded on the Turn
Seat 9: KRAKEN720 (small blind) folded on the Flop



PokerStars Hand #232622273630:  Hold'em No Limit ($0.01/$0.02 USD) - 2021/12/28 21:26:50 PT [2021/12/29 0:26:50 ET]
Table 'Eunike III' 9-max Seat #9 is the button
Seat 1: geniuss ($3.58 in chips) 
Seat 2: MC_Shamik ($2.13 in chips) 
Seat 3: JonnieTightLips ($0.80 in chips) 
Seat 4: Dorex2007 ($3.65 in chips) 
Seat 5: MyTHaeBoka ($4.46 in chips) 
Seat 7: MuraBesPoker ($2.38 in chips) 
Seat 8: leo6767 ($2.91 in chips) 
Seat 9: KRAKEN720 ($2.12 in chips) 
geniuss: posts small blind $0.01
MC_Shamik: posts big blind $0.02
JonnieTightLips: posts big blind $0.02
dboulay1979: sits out 
*** HOLE CARDS ***
Dealt to Dorex2007 [7h Ah]
JonnieTightLips: raises $0.04 to $0.06
Dorex2007: folds 
MyTHaeBoka: folds 
MuraBesPoker: folds 
leo6767: folds 
KRAKEN720: calls $0.06
geniuss: folds 
MC_Shamik: folds 
*** FLOP *** [8d 2h 6s]
JonnieTightLips: bets $0.14
KRAKEN720: folds 
Uncalled bet ($0.14) returned to JonnieTightLips
JonnieTightLips collected $0.14 from pot
*** SUMMARY ***
Total pot $0.15 | Rake $0.01 
Board [8d 2h 6s]
Seat 1: geniuss (small blind) folded before Flop
Seat 2: MC_Shamik (big blind) folded before Flop
Seat 3: JonnieTightLips collected ($0.14)
Seat 4: Dorex2007 folded before Flop (didn't bet)
Seat 5: MyTHaeBoka folded before Flop (didn't bet)
Seat 7: MuraBesPoker folded before Flop (didn't bet)
Seat 8: leo6767 folded before Flop (didn't bet)
Seat 9: KRAKEN720 (button) folded on the Flop



PokerStars Hand #232622278871:  Hold'em No Limit ($0.01/$0.02 USD) - 2021/12/28 21:27:25 PT [2021/12/29 0:27:25 ET]
Table 'Eunike III' 9-max Seat #1 is the button
Seat 1: geniuss ($3.57 in chips) 
Seat 2: MC_Shamik ($2.11 in chips) 
Seat 3: JonnieTightLips ($0.88 in chips) 
Seat 4: Dorex2007 ($3.65 in chips) 
Seat 5: MyTHaeBoka ($4.46 in chips) 
Seat 7: MuraBesPoker ($2.38 in chips) 
Seat 8: leo6767 ($2.91 in chips) 
Seat 9: KRAKEN720 ($2.06 in chips) 
MC_Shamik: posts small blind $0.01
JonnieTightLips: posts big blind $0.02
dboulay1979: sits out 
*** HOLE CARDS ***
Dealt to Dorex2007 [Jc 7s]
Dorex2007: folds 
MyTHaeBoka: folds 
MuraBesPoker: folds 
leo6767: calls $0.02
KRAKEN720: folds 
geniuss: folds 
MC_Shamik: folds 
JonnieTightLips: raises $0.04 to $0.06
leo6767: calls $0.04
*** FLOP *** [4c 8d 2s]
JonnieTightLips: checks 
leo6767: bets $0.06
JonnieTightLips: calls $0.06
*** TURN *** [4c 8d 2s] [Ks]
JonnieTightLips: bets $0.24
leo6767: calls $0.24
*** RIVER *** [4c 8d 2s Ks] [7h]
JonnieTightLips: checks 
leo6767: bets $0.08
JonnieTightLips: folds 
Uncalled bet ($0.08) returned to leo6767
leo6767 collected $0.70 from pot
leo6767: doesn't show hand 
*** SUMMARY ***
Total pot $0.73 | Rake $0.03 
Board [4c 8d 2s Ks 7h]
Seat 1: geniuss (button) folded before Flop (didn't bet)
Seat 2: MC_Shamik (small blind) folded before Flop
Seat 3: JonnieTightLips (big blind) folded on the River
Seat 4: Dorex2007 folded before Flop (didn't bet)
Seat 5: MyTHaeBoka folded before Flop (didn't bet)
Seat 7: MuraBesPoker folded before Flop (didn't bet)
Seat 8: leo6767 collected ($0.70)
Seat 9: KRAKEN720 folded before Flop (didn't bet)



PokerStars Hand #232622285080:  Hold'em No Limit ($0.01/$0.02 USD) - 2021/12/28 21:28:06 PT [2021/12/29 0:28:06 ET]
Table 'Eunike III' 9-max Seat #2 is the button
Seat 1: geniuss ($3.57 in chips) 
Seat 2: MC_Shamik ($2.10 in chips) 
Seat 3: JonnieTightLips ($0.52 in chips) 
Seat 4: Dorex2007 ($3.65 in chips) 
Seat 5: MyTHaeBoka ($4.46 in chips) 
Seat 7: MuraBesPoker ($2.38 in chips) 
Seat 8: leo6767 ($3.25 in chips) 
Seat 9: KRAKEN720 ($2.06 in chips) 
JonnieTightLips: posts small blind $0.01
Dorex2007: posts big blind $0.02
dboulay1979: sits out 
*** HOLE CARDS ***
Dealt to Dorex2007 [4s 8d]
MyTHaeBoka: folds 
MuraBesPoker: folds 
leo6767: calls $0.02
KRAKEN720: folds 
geniuss: folds 
MC_Shamik: calls $0.02
JonnieTightLips: raises $0.08 to $0.10
Dorex2007: folds 
leo6767: calls $0.08
MC_Shamik: calls $0.08
*** FLOP *** [7h Kc 2c]
JonnieTightLips: checks 
leo6767: checks 
MC_Shamik: checks 
*** TURN *** [7h Kc 2c] [6s]
JonnieTightLips: checks 
leo6767: checks 
MC_Shamik: checks 
*** RIVER *** [7h Kc 2c 6s] [Kh]
JonnieTightLips: checks 
leo6767: bets $0.04
MC_Shamik: calls $0.04
JonnieTightLips: calls $0.04
*** SHOW DOWN ***
leo6767: shows [Ad 3d] (a pair of Kings)
MC_Shamik: shows [8s 8c] (two pair, Kings and Eights)
JonnieTightLips: mucks hand 
MC_Shamik collected $0.42 from pot
*** SUMMARY ***
Total pot $0.44 | Rake $0.02 
Board [7h Kc 2c 6s Kh]
Seat 1: geniuss folded before Flop (didn't bet)
Seat 2: MC_Shamik (button) showed [8s 8c] and won ($0.42) with two pair, Kings and Eights
Seat 3: JonnieTightLips (small blind) mucked [Ts As]
Seat 4: Dorex2007 (big blind) folded before Flop
Seat 5: MyTHaeBoka folded before Flop (didn't bet)
Seat 7: MuraBesPoker folded before Flop (didn't bet)
Seat 8: leo6767 showed [Ad 3d] and lost with a pair of Kings
Seat 9: KRAKEN720 folded before Flop (didn't bet)



PokerStars Hand #232622292449:  Hold'em No Limit ($0.01/$0.02 USD) - 2021/12/28 21:28:55 PT [2021/12/29 0:28:55 ET]
Table 'Eunike III' 9-max Seat #3 is the button
Seat 1: geniuss ($3.57 in chips) 
Seat 2: MC_Shamik ($2.38 in chips) 
Seat 3: JonnieTightLips ($0.38 in chips) 
Seat 4: Dorex2007 ($3.63 in chips) 
Seat 5: MyTHaeBoka ($4.46 in chips) 
Seat 7: MuraBesPoker ($2.38 in chips) 
Seat 8: leo6767 ($3.11 in chips) 
Seat 9: KRAKEN720 ($2.06 in chips) 
Dorex2007: posts small blind $0.01
MyTHaeBoka: posts big blind $0.02
dboulay1979: sits out 
*** HOLE CARDS ***
Dealt to Dorex2007 [8s Td]
MuraBesPoker: folds 
leo6767: folds 
KRAKEN720: folds 
geniuss: folds 
MC_Shamik: folds 
JonnieTightLips: raises $0.04 to $0.06
Dorex2007: folds 
MyTHaeBoka: folds 
Uncalled bet ($0.04) returned to JonnieTightLips
JonnieTightLips collected $0.05 from pot
*** SUMMARY ***
Total pot $0.05 | Rake $0 
Seat 1: geniuss folded before Flop (didn't bet)
Seat 2: MC_Shamik folded before Flop (didn't bet)
Seat 3: JonnieTightLips (button) collected ($0.05)
Seat 4: Dorex2007 (small blind) folded before Flop
Seat 5: MyTHaeBoka (big blind) folded before Flop
Seat 7: MuraBesPoker folded before Flop (didn't bet)
Seat 8: leo6767 folded before Flop (didn't bet)
Seat 9: KRAKEN720 folded before Flop (didn't bet)



PokerStars Hand #232622301382:  Hold'em No Limit ($0.01/$0.02 USD) - 2021/12/28 21:29:16 PT [2021/12/29 0:29:16 ET]
Table 'Eunike III' 9-max Seat #4 is the button
Seat 1: geniuss ($3.57 in chips) 
Seat 2: MC_Shamik ($2.38 in chips) 
Seat 3: JonnieTightLips ($0.41 in chips) 
Seat 4: Dorex2007 ($3.62 in chips) 
Seat 5: MyTHaeBoka ($4.44 in chips) 
Seat 6: dboulay1979 ($2 in chips) 
Seat 7: MuraBesPoker ($2.38 in chips) 
Seat 8: leo6767 ($3.11 in chips) 
Seat 9: KRAKEN720 ($2.06 in chips) 
MyTHaeBoka: posts small blind $0.01
dboulay1979: posts big blind $0.02
*** HOLE CARDS ***
Dealt to Dorex2007 [6h Jh]
MuraBesPoker: folds 
leo6767: calls $0.02
KRAKEN720: folds 
geniuss: folds 
MC_Shamik: folds 
JonnieTightLips: calls $0.02
Dorex2007: folds 
MyTHaeBoka: folds 
dboulay1979: checks 
*** FLOP *** [Ad 8h Qc]
dboulay1979: checks 
leo6767: bets $0.04
JonnieTightLips: calls $0.04
dboulay1979: folds 
*** TURN *** [Ad 8h Qc] [3c]
leo6767: bets $0.08
JonnieTightLips: raises $0.27 to $0.35 and is all-in
leo6767: calls $0.27
*** RIVER *** [Ad 8h Qc 3c] [6s]
*** SHOW DOWN ***
leo6767: shows [3h As] (two pair, Aces and Threes)
JonnieTightLips: shows [2d Ah] (a pair of Aces)
leo6767 collected $0.82 from pot
*** SUMMARY ***
Total pot $0.85 | Rake $0.03 
Board [Ad 8h Qc 3c 6s]
Seat 1: geniuss folded before Flop (didn't bet)
Seat 2: MC_Shamik folded before Flop (didn't bet)
Seat 3: JonnieTightLips showed [2d Ah] and lost with a pair of Aces
Seat 4: Dorex2007 (button) folded before Flop (didn't bet)
Seat 5: MyTHaeBoka (small blind) folded before Flop
Seat 6: dboulay1979 (big blind) folded on the Flop
Seat 7: MuraBesPoker folded before Flop (didn't bet)
Seat 8: leo6767 showed [3h As] and won ($0.82) with two pair, Aces and Threes
Seat 9: KRAKEN720 folded before Flop (didn't bet)



PokerStars Hand #232622308882:  Hold'em No Limit ($0.01/$0.02 USD) - 2021/12/28 21:30:05 PT [2021/12/29 0:30:05 ET]
Table 'Eunike III' 9-max Seat #5 is the button
Seat 1: geniuss ($3.57 in chips) 
Seat 2: MC_Shamik ($2.38 in chips) 
Seat 4: Dorex2007 ($3.62 in chips) 
Seat 5: MyTHaeBoka ($4.43 in chips) 
Seat 6: dboulay1979 ($2 in chips) 
Seat 7: MuraBesPoker ($2.38 in chips) 
Seat 8: leo6767 ($3.52 in chips) 
Seat 9: KRAKEN720 ($2.06 in chips) 
dboulay1979: posts small blind $0.01
MuraBesPoker: posts big blind $0.02
*** HOLE CARDS ***
Dealt to Dorex2007 [Kd Kc]
leo6767: calls $0.02
JonnieTightLips leaves the table
KRAKEN720: folds 
geniuss: folds 
Arush8 joins the table at seat #3 
MC_Shamik: calls $0.02
Dorex2007: raises $0.08 to $0.10
MyTHaeBoka: folds 
dboulay1979: folds 
MuraBesPoker: folds 
leo6767: calls $0.08
MC_Shamik: folds 
*** FLOP *** [4s 5s 2d]
leo6767: checks 
Dorex2007: bets $0.24
leo6767: folds 
Uncalled bet ($0.24) returned to Dorex2007
Dorex2007 collected $0.24 from pot
Dorex2007: doesn't show hand 
*** SUMMARY ***
Total pot $0.25 | Rake $0.01 
Board [4s 5s 2d]
Seat 1: geniuss folded before Flop (didn't bet)
Seat 2: MC_Shamik folded before Flop
Seat 4: Dorex2007 collected ($0.24)
Seat 5: MyTHaeBoka (button) folded before Flop (didn't bet)
Seat 6: dboulay1979 (small blind) folded before Flop
Seat 7: MuraBesPoker (big blind) folded before Flop
Seat 8: leo6767 folded on the Flop
Seat 9: KRAKEN720 folded before Flop (didn't bet)



PokerStars Hand #232622316415:  Hold'em No Limit ($0.01/$0.02 USD) - 2021/12/28 21:30:55 PT [2021/12/29 0:30:55 ET]
Table 'Eunike III' 9-max Seat #6 is the button
Seat 1: geniuss ($3.57 in chips) 
Seat 2: MC_Shamik ($2.36 in chips) 
Seat 3: Arush8 ($2 in chips) 
Seat 4: Dorex2007 ($3.76 in chips) 
Seat 5: MyTHaeBoka ($4.43 in chips) 
Seat 6: dboulay1979 ($2 in chips) 
Seat 7: MuraBesPoker ($2.36 in chips) 
Seat 8: leo6767 ($3.42 in chips) 
Seat 9: KRAKEN720 ($2.06 in chips) 
MuraBesPoker: posts small blind $0.01
leo6767: posts big blind $0.02
Arush8: posts big blind $0.02
*** HOLE CARDS ***
Dealt to Dorex2007 [9d 7d]
KRAKEN720: folds 
geniuss: folds 
MC_Shamik: calls $0.02
Arush8: checks 
Dorex2007: folds 
MyTHaeBoka: folds 
dboulay1979: calls $0.02
MuraBesPoker: folds 
leo6767: checks 
*** FLOP *** [Jh Ts Kh]
leo6767: bets $0.04
MC_Shamik: calls $0.04
Arush8: calls $0.04
dboulay1979: folds 
*** TURN *** [Jh Ts Kh] [9c]
leo6767: bets $0.10
MC_Shamik: calls $0.10
Arush8: folds 
*** RIVER *** [Jh Ts Kh 9c] [Ad]
leo6767: bets $0.46
MC_Shamik: calls $0.46
*** SHOW DOWN ***
leo6767: shows [Qh 3d] (a straight, Ten to Ace)
MC_Shamik: shows [Ks Qd] (a straight, Ten to Ace)
leo6767 collected $0.64 from pot
MC_Shamik collected $0.64 from pot
*** SUMMARY ***
Total pot $1.33 | Rake $0.05 
Board [Jh Ts Kh 9c Ad]
Seat 1: geniuss folded before Flop (didn't bet)
Seat 2: MC_Shamik showed [Ks Qd] and won ($0.64) with a straight, Ten to Ace
Seat 3: Arush8 folded on the Turn
Seat 4: Dorex2007 folded before Flop (didn't bet)
Seat 5: MyTHaeBoka folded before Flop (didn't bet)
Seat 6: dboulay1979 (button) folded on the Flop
Seat 7: MuraBesPoker (small blind) folded before Flop
Seat 8: leo6767 (big blind) showed [Qh 3d] and won ($0.64) with a straight, Ten to Ace
Seat 9: KRAKEN720 folded before Flop (didn't bet)



PokerStars Hand #232622328548:  Hold'em No Limit ($0.01/$0.02 USD) - 2021/12/28 21:32:15 PT [2021/12/29 0:32:15 ET]
Table 'Eunike III' 9-max Seat #7 is the button
Seat 1: geniuss ($3.57 in chips) 
Seat 2: MC_Shamik ($2.38 in chips) 
Seat 3: Arush8 ($1.94 in chips) 
Seat 4: Dorex2007 ($3.76 in chips) 
Seat 5: MyTHaeBoka ($4.43 in chips) 
Seat 6: dboulay1979 ($2 in chips) 
Seat 7: MuraBesPoker ($2.35 in chips) 
Seat 8: leo6767 ($3.44 in chips) 
Seat 9: KRAKEN720 ($2.06 in chips) 
leo6767: posts small blind $0.01
KRAKEN720: posts big blind $0.02
*** HOLE CARDS ***
Dealt to Dorex2007 [4d 4c]
geniuss: folds 
MC_Shamik: folds 
Arush8: folds 
Dorex2007: calls $0.02
MyTHaeBoka: calls $0.02
dboulay1979: folds 
MuraBesPoker: calls $0.02
leo6767: calls $0.01
KRAKEN720: checks 
*** FLOP *** [Th 3d Ah]
leo6767: checks 
KRAKEN720: checks 
Dorex2007: checks 
MyTHaeBoka: bets $0.06
MuraBesPoker: folds 
leo6767: folds 
KRAKEN720: folds 
Dorex2007: folds 
Uncalled bet ($0.06) returned to MyTHaeBoka
MyTHaeBoka collected $0.10 from pot
MyTHaeBoka: doesn't show hand 
*** SUMMARY ***
Total pot $0.10 | Rake $0 
Board [Th 3d Ah]
Seat 1: geniuss folded before Flop (didn't bet)
Seat 2: MC_Shamik folded before Flop (didn't bet)
Seat 3: Arush8 folded before Flop (didn't bet)
Seat 4: Dorex2007 folded on the Flop
Seat 5: MyTHaeBoka collected ($0.10)
Seat 6: dboulay1979 folded before Flop (didn't bet)
Seat 7: MuraBesPoker (button) folded on the Flop
Seat 8: leo6767 (small blind) folded on the Flop
Seat 9: KRAKEN720 (big blind) folded on the Flop



PokerStars Hand #232622347254:  Hold'em No Limit ($0.01/$0.02 USD) - 2021/12/28 21:33:16 PT [2021/12/29 0:33:16 ET]
Table 'Eunike III' 9-max Seat #8 is the button
Seat 1: geniuss ($3.57 in chips) 
Seat 2: MC_Shamik ($2.38 in chips) 
Seat 3: Arush8 ($1.94 in chips) 
Seat 4: Dorex2007 ($3.74 in chips) 
Seat 5: MyTHaeBoka ($4.51 in chips) 
Seat 6: dboulay1979 ($2 in chips) 
Seat 7: MuraBesPoker ($2.33 in chips) 
Seat 8: leo6767 ($3.42 in chips) 
Seat 9: KRAKEN720 ($2.04 in chips) 
KRAKEN720: posts small blind $0.01
geniuss: posts big blind $0.02
*** HOLE CARDS ***
Dealt to Dorex2007 [9s Th]
MC_Shamik: folds 
Arush8: raises $0.02 to $0.04
Dorex2007: folds 
MyTHaeBoka: folds 
dboulay1979: calls $0.04
MuraBesPoker: folds 
leo6767: folds 
KRAKEN720: calls $0.03
geniuss: folds 
*** FLOP *** [5c Qc Ts]
KRAKEN720: checks 
Arush8: checks 
dboulay1979: checks 
*** TURN *** [5c Qc Ts] [8c]
KRAKEN720: checks 
Arush8: checks 
dboulay1979: checks 
*** RIVER *** [5c Qc Ts 8c] [6d]
KRAKEN720: checks 
Arush8: bets $0.07
dboulay1979: folds 
KRAKEN720: calls $0.07
*** SHOW DOWN ***
Arush8: shows [9d As] (high card Ace)
KRAKEN720: shows [9c 8d] (a pair of Eights)
KRAKEN720 collected $0.27 from pot
*** SUMMARY ***
Total pot $0.28 | Rake $0.01 
Board [5c Qc Ts 8c 6d]
Seat 1: geniuss (big blind) folded before Flop
Seat 2: MC_Shamik folded before Flop (didn't bet)
Seat 3: Arush8 showed [9d As] and lost with high card Ace
Seat 4: Dorex2007 folded before Flop (didn't bet)
Seat 5: MyTHaeBoka folded before Flop (didn't bet)
Seat 6: dboulay1979 folded on the River
Seat 7: MuraBesPoker folded before Flop (didn't bet)
Seat 8: leo6767 (button) folded before Flop (didn't bet)
Seat 9: KRAKEN720 (small blind) showed [9c 8d] and won ($0.27) with a pair of Eights



PokerStars Hand #232622356778:  Hold'em No Limit ($0.01/$0.02 USD) - 2021/12/28 21:34:20 PT [2021/12/29 0:34:20 ET]
Table 'Eunike III' 9-max Seat #9 is the button
Seat 1: geniuss ($3.55 in chips) 
Seat 2: MC_Shamik ($2.38 in chips) 
Seat 3: Arush8 ($1.89 in chips) 
Seat 4: Dorex2007 ($3.74 in chips) 
Seat 5: MyTHaeBoka ($4.51 in chips) 
Seat 6: dboulay1979 ($2 in chips) 
Seat 7: MuraBesPoker ($2.33 in chips) 
Seat 8: leo6767 ($3.42 in chips) 
Seat 9: KRAKEN720 ($2.20 in chips) 
geniuss: posts small blind $0.01
MC_Shamik: posts big blind $0.02
*** HOLE CARDS ***
Dealt to Dorex2007 [2s 6c]
Arush8: folds 
Dorex2007: folds 
MyTHaeBoka: folds 
dboulay1979: folds 
MuraBesPoker: folds 
leo6767: calls $0.02
KRAKEN720: folds 
geniuss: folds 
MC_Shamik: checks 
*** FLOP *** [3d Ac 4c]
MC_Shamik: checks 
leo6767: bets $0.08
MC_Shamik: folds 
Uncalled bet ($0.08) returned to leo6767
leo6767 collected $0.05 from pot
leo6767: doesn't show hand 
*** SUMMARY ***
Total pot $0.05 | Rake $0 
Board [3d Ac 4c]
Seat 1: geniuss (small blind) folded before Flop
Seat 2: MC_Shamik (big blind) folded on the Flop
Seat 3: Arush8 folded before Flop (didn't bet)
Seat 4: Dorex2007 folded before Flop (didn't bet)
Seat 5: MyTHaeBoka folded before Flop (didn't bet)
Seat 6: dboulay1979 folded before Flop (didn't bet)
Seat 7: MuraBesPoker folded before Flop (didn't bet)
Seat 8: leo6767 collected ($0.05)
Seat 9: KRAKEN720 (button) folded before Flop (didn't bet)



PokerStars Hand #232622362109:  Hold'em No Limit ($0.01/$0.02 USD) - 2021/12/28 21:34:55 PT [2021/12/29 0:34:55 ET]
Table 'Eunike III' 9-max Seat #1 is the button
Seat 1: geniuss ($3.54 in chips) 
Seat 2: MC_Shamik ($2.36 in chips) 
Seat 3: Arush8 ($2 in chips) 
Seat 4: Dorex2007 ($3.74 in chips) 
Seat 5: MyTHaeBoka ($4.51 in chips) 
Seat 6: dboulay1979 ($2 in chips) 
Seat 7: MuraBesPoker ($2.33 in chips) 
Seat 8: leo6767 ($3.45 in chips) 
Seat 9: KRAKEN720 ($2.20 in chips) 
MC_Shamik: posts small blind $0.01
Arush8: posts big blind $0.02
*** HOLE CARDS ***
Dealt to Dorex2007 [Ac 3d]
Dorex2007: folds 
MyTHaeBoka: folds 
dboulay1979: folds 
MuraBesPoker: raises $0.04 to $0.06
leo6767: folds 
KRAKEN720: folds 
geniuss: folds 
MC_Shamik: folds 
Arush8: folds 
Uncalled bet ($0.04) returned to MuraBesPoker
MuraBesPoker collected $0.05 from pot
*** SUMMARY ***
Total pot $0.05 | Rake $0 
Seat 1: geniuss (button) folded before Flop (didn't bet)
Seat 2: MC_Shamik (small blind) folded before Flop
Seat 3: Arush8 (big blind) folded before Flop
Seat 4: Dorex2007 folded before Flop (didn't bet)
Seat 5: MyTHaeBoka folded before Flop (didn't bet)
Seat 6: dboulay1979 folded before Flop (didn't bet)
Seat 7: MuraBesPoker collected ($0.05)
Seat 8: leo6767 folded before Flop (didn't bet)
Seat 9: KRAKEN720 folded before Flop (didn't bet)



PokerStars Hand #232622366285:  Hold'em No Limit ($0.01/$0.02 USD) - 2021/12/28 21:35:23 PT [2021/12/29 0:35:23 ET]
Table 'Eunike III' 9-max Seat #2 is the button
Seat 1: geniuss ($3.54 in chips) 
Seat 2: MC_Shamik ($2.35 in chips) 
Seat 3: Arush8 ($1.98 in chips) 
Seat 4: Dorex2007 ($3.74 in chips) 
Seat 5: MyTHaeBoka ($4.51 in chips) 
Seat 6: dboulay1979 ($2 in chips) 
Seat 7: MuraBesPoker ($2.36 in chips) 
Seat 8: leo6767 ($3.45 in chips) 
Seat 9: KRAKEN720 ($2.20 in chips) 
Arush8: posts small blind $0.01
Dorex2007: posts big blind $0.02
*** HOLE CARDS ***
Dealt to Dorex2007 [8h 4h]
MyTHaeBoka: raises $0.03 to $0.05
dboulay1979: folds 
MuraBesPoker: folds 
leo6767: calls $0.05
KRAKEN720: calls $0.05
geniuss: calls $0.05
MC_Shamik: folds 
Arush8: calls $0.04
Dorex2007: folds 
*** FLOP *** [2d Kc Ac]
Arush8: checks 
MyTHaeBoka: checks 
leo6767: checks 
KRAKEN720: checks 
geniuss: checks 
*** TURN *** [2d Kc Ac] [Ad]
Arush8: bets $0.14
MyTHaeBoka: calls $0.14
leo6767: folds 
KRAKEN720: folds 
geniuss: folds 
*** RIVER *** [2d Kc Ac Ad] [7s]
Arush8: checks 
MyTHaeBoka: bets $0.28
Arush8: calls $0.28
*** SHOW DOWN ***
MyTHaeBoka: shows [As Kd] (a full house, Aces full of Kings)
Arush8: mucks hand 
MyTHaeBoka collected $1.07 from pot
*** SUMMARY ***
Total pot $1.11 | Rake $0.04 
Board [2d Kc Ac Ad 7s]
Seat 1: geniuss folded on the Turn
Seat 2: MC_Shamik (button) folded before Flop (didn't bet)
Seat 3: Arush8 (small blind) mucked [9h Ah]
Seat 4: Dorex2007 (big blind) folded before Flop
Seat 5: MyTHaeBoka showed [As Kd] and won ($1.07) with a full house, Aces full of Kings
Seat 6: dboulay1979 folded before Flop (didn't bet)
Seat 7: MuraBesPoker folded before Flop (didn't bet)
Seat 8: leo6767 folded on the Turn
Seat 9: KRAKEN720 folded on the Turn



PokerStars Hand #232622378427:  Hold'em No Limit ($0.01/$0.02 USD) - 2021/12/28 21:36:44 PT [2021/12/29 0:36:44 ET]
Table 'Eunike III' 9-max Seat #3 is the button
Seat 1: geniuss ($3.49 in chips) 
Seat 2: MC_Shamik ($2.35 in chips) 
Seat 3: Arush8 ($1.51 in chips) 
Seat 4: Dorex2007 ($3.72 in chips) 
Seat 5: MyTHaeBoka ($5.11 in chips) 
Seat 6: dboulay1979 ($2 in chips) 
Seat 7: MuraBesPoker ($2.36 in chips) 
Seat 8: leo6767 ($3.40 in chips) 
Seat 9: KRAKEN720 ($2.15 in chips) 
Dorex2007: posts small blind $0.01
MyTHaeBoka: posts big blind $0.02
*** HOLE CARDS ***
Dealt to Dorex2007 [6h 4s]
dboulay1979: folds 
MuraBesPoker: folds 
leo6767: calls $0.02
KRAKEN720: folds 
geniuss: folds 
MC_Shamik: calls $0.02
Arush8: raises $0.06 to $0.08
Dorex2007: folds 
MyTHaeBoka: folds 
leo6767: calls $0.06
MC_Shamik: calls $0.06
*** FLOP *** [7h Kd 7c]
leo6767: checks 
MC_Shamik: checks 
Arush8: checks 
*** TURN *** [7h Kd 7c] [Ts]
leo6767: bets $0.04
MC_Shamik: folds 
Arush8: calls $0.04
*** RIVER *** [7h Kd 7c Ts] [Jc]
leo6767: bets $0.10
Arush8: raises $0.10 to $0.20
leo6767: folds 
Uncalled bet ($0.10) returned to Arush8
Arush8 collected $0.53 from pot
Arush8: doesn't show hand 
*** SUMMARY ***
Total pot $0.55 | Rake $0.02 
Board [7h Kd 7c Ts Jc]
Seat 1: geniuss folded before Flop (didn't bet)
Seat 2: MC_Shamik folded on the Turn
Seat 3: Arush8 (button) collected ($0.53)
Seat 4: Dorex2007 (small blind) folded before Flop
Seat 5: MyTHaeBoka (big blind) folded before Flop
Seat 6: dboulay1979 folded before Flop (didn't bet)
Seat 7: MuraBesPoker folded before Flop (didn't bet)
Seat 8: leo6767 folded on the River
Seat 9: KRAKEN720 folded before Flop (didn't bet)



PokerStars Hand #232622389021:  Hold'em No Limit ($0.01/$0.02 USD) - 2021/12/28 21:37:54 PT [2021/12/29 0:37:54 ET]
Table 'Eunike III' 9-max Seat #4 is the button
Seat 1: geniuss ($3.49 in chips) 
Seat 2: MC_Shamik ($2.27 in chips) 
Seat 3: Arush8 ($2 in chips) 
Seat 4: Dorex2007 ($3.71 in chips) 
Seat 5: MyTHaeBoka ($5.09 in chips) 
Seat 7: MuraBesPoker ($2.36 in chips) 
Seat 8: leo6767 ($3.18 in chips) 
Seat 9: KRAKEN720 ($2.15 in chips) 
MyTHaeBoka: posts small blind $0.01
MuraBesPoker: posts big blind $0.02
*** HOLE CARDS ***
Dealt to Dorex2007 [Td 8s]
leo6767: raises $0.02 to $0.04
KRAKEN720: folds 
geniuss: folds 
MC_Shamik: calls $0.04
Arush8: folds 
Dorex2007: folds 
MyTHaeBoka: folds 
MuraBesPoker: folds 
*** FLOP *** [8h Th 2h]
leo6767: checks 
MC_Shamik: bets $0.06
leo6767: folds 
Uncalled bet ($0.06) returned to MC_Shamik
MC_Shamik collected $0.11 from pot
MC_Shamik: doesn't show hand 
*** SUMMARY ***
Total pot $0.11 | Rake $0 
Board [8h Th 2h]
Seat 1: geniuss folded before Flop (didn't bet)
Seat 2: MC_Shamik collected ($0.11)
Seat 3: Arush8 folded before Flop (didn't bet)
Seat 4: Dorex2007 (button) folded before Flop (didn't bet)
Seat 5: MyTHaeBoka (small blind) folded before Flop
Seat 7: MuraBesPoker (big blind) folded before Flop
Seat 8: leo6767 folded on the Flop
Seat 9: KRAKEN720 folded before Flop (didn't bet)



PokerStars Hand #232622395257:  Hold'em No Limit ($0.01/$0.02 USD) - 2021/12/28 21:38:36 PT [2021/12/29 0:38:36 ET]
Table 'Eunike III' 9-max Seat #5 is the button
Seat 1: geniuss ($3.49 in chips) 
Seat 2: MC_Shamik ($2.34 in chips) 
Seat 3: Arush8 ($2 in chips) 
Seat 4: Dorex2007 ($3.71 in chips) 
Seat 5: MyTHaeBoka ($5.08 in chips) 
Seat 7: MuraBesPoker ($2.34 in chips) 
Seat 8: leo6767 ($3.14 in chips) 
Seat 9: KRAKEN720 ($2.15 in chips) 
MuraBesPoker: posts small blind $0.01
leo6767: posts big blind $0.02
*** HOLE CARDS ***
Dealt to Dorex2007 [Ac 4c]
KRAKEN720: raises $0.05 to $0.07
geniuss: folds 
MC_Shamik: folds 
MC_Shamik leaves the table
Arush8: folds 
Dorex2007: folds 
MyTHaeBoka: folds 
MuraBesPoker: folds 
leo6767: calls $0.05
*** FLOP *** [8d 7c 8c]
leo6767: checks 
KRAKEN720: bets $0.07
leo6767: calls $0.07
*** TURN *** [8d 7c 8c] [Js]
leo6767: bets $0.10
KRAKEN720: calls $0.10
*** RIVER *** [8d 7c 8c Js] [Td]
leo6767: bets $0.24
KRAKEN720: calls $0.24
*** SHOW DOWN ***
leo6767: shows [9d Tc] (a straight, Seven to Jack)
*VM*727 joins the table at seat #2 
KRAKEN720: mucks hand 
leo6767 collected $0.94 from pot
*** SUMMARY ***
Total pot $0.97 | Rake $0.03 
Board [8d 7c 8c Js Td]
Seat 1: geniuss folded before Flop (didn't bet)
Seat 2: MC_Shamik folded before Flop (didn't bet)
Seat 3: Arush8 folded before Flop (didn't bet)
Seat 4: Dorex2007 folded before Flop (didn't bet)
Seat 5: MyTHaeBoka (button) folded before Flop (didn't bet)
Seat 7: MuraBesPoker (small blind) folded before Flop
Seat 8: leo6767 (big blind) showed [9d Tc] and won ($0.94) with a straight, Seven to Jack
Seat 9: KRAKEN720 mucked [Qc Qs]



PokerStars Hand #232622407453:  Hold'em No Limit ($0.01/$0.02 USD) - 2021/12/28 21:39:56 PT [2021/12/29 0:39:56 ET]
Table 'Eunike III' 9-max Seat #7 is the button
Seat 1: geniuss ($3.49 in chips) 
Seat 3: Arush8 ($2 in chips) 
Seat 4: Dorex2007 ($3.71 in chips) 
Seat 5: MyTHaeBoka ($5.08 in chips) 
Seat 7: MuraBesPoker ($2.33 in chips) 
Seat 8: leo6767 ($3.60 in chips) 
Seat 9: KRAKEN720 ($1.67 in chips) 
leo6767: posts small blind $0.01
KRAKEN720: posts big blind $0.02
*VM*727: sits out 
*** HOLE CARDS ***
Dealt to Dorex2007 [7s Ac]
geniuss: folds 
Arush8: folds 
Dorex2007: folds 
MyTHaeBoka: folds 
MuraBesPoker: folds 
leo6767: calls $0.01
KRAKEN720: raises $0.06 to $0.08
leo6767: calls $0.06
*** FLOP *** [9d 7c Tc]
leo6767: checks 
KRAKEN720: bets $0.10
leo6767: folds 
Uncalled bet ($0.10) returned to KRAKEN720
KRAKEN720 collected $0.15 from pot
*** SUMMARY ***
Total pot $0.16 | Rake $0.01 
Board [9d 7c Tc]
Seat 1: geniuss folded before Flop (didn't bet)
Seat 3: Arush8 folded before Flop (didn't bet)
Seat 4: Dorex2007 folded before Flop (didn't bet)
Seat 5: MyTHaeBoka folded before Flop (didn't bet)
Seat 7: MuraBesPoker (button) folded before Flop (didn't bet)
Seat 8: leo6767 (small blind) folded on the Flop
Seat 9: KRAKEN720 (big blind) collected ($0.15)



PokerStars Hand #232622414491:  Hold'em No Limit ($0.01/$0.02 USD) - 2021/12/28 21:40:42 PT [2021/12/29 0:40:42 ET]
Table 'Eunike III' 9-max Seat #8 is the button
Seat 1: geniuss ($3.49 in chips) 
Seat 3: Arush8 ($2 in chips) 
Seat 4: Dorex2007 ($3.71 in chips) 
Seat 5: MyTHaeBoka ($5.08 in chips) 
Seat 7: MuraBesPoker ($2.33 in chips) 
Seat 8: leo6767 ($3.52 in chips) 
Seat 9: KRAKEN720 ($1.74 in chips) 
KRAKEN720: posts small blind $0.01
geniuss: posts big blind $0.02
*VM*727: sits out 
*** HOLE CARDS ***
Dealt to Dorex2007 [Kc As]
Arush8: folds 
Dorex2007: raises $0.02 to $0.04
MyTHaeBoka: folds 
MuraBesPoker: folds 
leo6767: calls $0.04
KRAKEN720: raises $0.16 to $0.20
geniuss: folds 
Dorex2007: calls $0.16
leo6767: calls $0.16
*** FLOP *** [9h 6c 5c]
KRAKEN720: bets $0.45
Dorex2007: folds 
leo6767: folds 
Uncalled bet ($0.45) returned to KRAKEN720
KRAKEN720 collected $0.60 from pot
*** SUMMARY ***
Total pot $0.62 | Rake $0.02 
Board [9h 6c 5c]
Seat 1: geniuss (big blind) folded before Flop
Seat 3: Arush8 folded before Flop (didn't bet)
Seat 4: Dorex2007 folded on the Flop
Seat 5: MyTHaeBoka folded before Flop (didn't bet)
Seat 7: MuraBesPoker folded before Flop (didn't bet)
Seat 8: leo6767 (button) folded on the Flop
Seat 9: KRAKEN720 (small blind) collected ($0.60)



PokerStars Hand #232622423152:  Hold'em No Limit ($0.01/$0.02 USD) - 2021/12/28 21:41:38 PT [2021/12/29 0:41:38 ET]
Table 'Eunike III' 9-max Seat #9 is the button
Seat 1: geniuss ($3.47 in chips) 
Seat 2: *VM*727 ($2 in chips) 
Seat 3: Arush8 ($2 in chips) 
Seat 4: Dorex2007 ($3.51 in chips) 
Seat 5: MyTHaeBoka ($5.08 in chips) 
Seat 7: MuraBesPoker ($2.33 in chips) 
Seat 8: leo6767 ($3.32 in chips) 
Seat 9: KRAKEN720 ($2.14 in chips) 
geniuss: posts small blind $0.01
*VM*727: posts big blind $0.02
*** HOLE CARDS ***
Dealt to Dorex2007 [Qc 8d]
Arush8: folds 
Dorex2007: folds 
MyTHaeBoka: folds 
MuraBesPoker: folds 
leo6767: calls $0.02
KRAKEN720: folds 
geniuss: folds 
*VM*727: checks 
*** FLOP *** [6s 5d Kc]
*VM*727: checks 
leo6767: bets $0.02
*VM*727: folds 
Uncalled bet ($0.02) returned to leo6767
leo6767 collected $0.05 from pot
leo6767: doesn't show hand 
*** SUMMARY ***
Total pot $0.05 | Rake $0 
Board [6s 5d Kc]
Seat 1: geniuss (small blind) folded before Flop
Seat 2: *VM*727 (big blind) folded on the Flop
Seat 3: Arush8 folded before Flop (didn't bet)
Seat 4: Dorex2007 folded before Flop (didn't bet)
Seat 5: MyTHaeBoka folded before Flop (didn't bet)
Seat 7: MuraBesPoker folded before Flop (didn't bet)
Seat 8: leo6767 collected ($0.05)
Seat 9: KRAKEN720 (button) folded before Flop (didn't bet)



PokerStars Hand #232622427219:  Hold'em No Limit ($0.01/$0.02 USD) - 2021/12/28 21:42:05 PT [2021/12/29 0:42:05 ET]
Table 'Eunike III' 9-max Seat #1 is the button
Seat 1: geniuss ($3.46 in chips) 
Seat 2: *VM*727 ($1.98 in chips) 
Seat 3: Arush8 ($2 in chips) 
Seat 4: Dorex2007 ($3.51 in chips) 
Seat 5: MyTHaeBoka ($5.08 in chips) 
Seat 7: MuraBesPoker ($2.33 in chips) 
Seat 8: leo6767 ($3.35 in chips) 
Seat 9: KRAKEN720 ($2.14 in chips) 
*VM*727: posts small blind $0.01
Arush8: posts big blind $0.02
*** HOLE CARDS ***
Dealt to Dorex2007 [8h Qs]
Dorex2007: folds 
MyTHaeBoka: folds 
MuraBesPoker: calls $0.02
leo6767: calls $0.02
KRAKEN720: calls $0.02
geniuss: calls $0.02
*VM*727: calls $0.01
Arush8: checks 
*** FLOP *** [Ah Jd Qh]
*VM*727: checks 
Arush8: checks 
MuraBesPoker: checks 
leo6767: bets $0.06
KRAKEN720: calls $0.06
geniuss: folds 
*VM*727: folds 
Arush8: folds 
MuraBesPoker: folds 
*** TURN *** [Ah Jd Qh] [9c]
leo6767: checks 
KRAKEN720: bets $0.15
leo6767: calls $0.15
*** RIVER *** [Ah Jd Qh 9c] [6d]
leo6767: checks 
KRAKEN720: checks 
*** SHOW DOWN ***
leo6767: shows [Jc 3c] (a pair of Jacks)
KRAKEN720: shows [Jh Ts] (a pair of Jacks - Ace+Queen+Ten kicker)
KRAKEN720 collected $0.52 from pot
*** SUMMARY ***
Total pot $0.54 | Rake $0.02 
Board [Ah Jd Qh 9c 6d]
Seat 1: geniuss (button) folded on the Flop
Seat 2: *VM*727 (small blind) folded on the Flop
Seat 3: Arush8 (big blind) folded on the Flop
Seat 4: Dorex2007 folded before Flop (didn't bet)
Seat 5: MyTHaeBoka folded before Flop (didn't bet)
Seat 7: MuraBesPoker folded on the Flop
Seat 8: leo6767 showed [Jc 3c] and lost with a pair of Jacks
Seat 9: KRAKEN720 showed [Jh Ts] and won ($0.52) with a pair of Jacks



PokerStars Hand #232622440788:  Hold'em No Limit ($0.01/$0.02 USD) - 2021/12/28 21:43:36 PT [2021/12/29 0:43:36 ET]
Table 'Eunike III' 9-max Seat #2 is the button
Seat 1: geniuss ($3.44 in chips) 
Seat 2: *VM*727 ($1.96 in chips) 
Seat 3: Arush8 ($1.98 in chips) 
Seat 4: Dorex2007 ($3.51 in chips) 
Seat 5: MyTHaeBoka ($5.08 in chips) 
Seat 7: MuraBesPoker ($2.31 in chips) 
Seat 8: leo6767 ($3.12 in chips) 
Seat 9: KRAKEN720 ($2.43 in chips) 
Arush8: posts small blind $0.01
Dorex2007: posts big blind $0.02
*** HOLE CARDS ***
Dealt to Dorex2007 [5d Kc]
MyTHaeBoka: folds 
MuraBesPoker: folds 
leo6767: calls $0.02
KRAKEN720: folds 
geniuss: folds 
*VM*727: folds 
Arush8: folds 
Dorex2007: checks 
*** FLOP *** [3s Kd 4c]
Dorex2007: checks 
leo6767: checks 
*** TURN *** [3s Kd 4c] [Qd]
Dorex2007: bets $0.05
leo6767: folds 
Uncalled bet ($0.05) returned to Dorex2007
Dorex2007 collected $0.05 from pot
Dorex2007: doesn't show hand 
*** SUMMARY ***
Total pot $0.05 | Rake $0 
Board [3s Kd 4c Qd]
Seat 1: geniuss folded before Flop (didn't bet)
Seat 2: *VM*727 (button) folded before Flop (didn't bet)
Seat 3: Arush8 (small blind) folded before Flop
Seat 4: Dorex2007 (big blind) collected ($0.05)
Seat 5: MyTHaeBoka folded before Flop (didn't bet)
Seat 7: MuraBesPoker folded before Flop (didn't bet)
Seat 8: leo6767 folded on the Turn
Seat 9: KRAKEN720 folded before Flop (didn't bet)



PokerStars Hand #232622445136:  Hold'em No Limit ($0.01/$0.02 USD) - 2021/12/28 21:44:04 PT [2021/12/29 0:44:04 ET]
Table 'Eunike III' 9-max Seat #3 is the button
Seat 1: geniuss ($3.44 in chips) 
Seat 2: *VM*727 ($1.96 in chips) 
Seat 3: Arush8 ($1.97 in chips) 
Seat 4: Dorex2007 ($3.54 in chips) 
Seat 5: MyTHaeBoka ($5.08 in chips) 
Seat 7: MuraBesPoker ($2.31 in chips) 
Seat 8: leo6767 ($3.10 in chips) 
Seat 9: KRAKEN720 ($2.43 in chips) 
Dorex2007: posts small blind $0.01
MyTHaeBoka: posts big blind $0.02
*** HOLE CARDS ***
Dealt to Dorex2007 [As Td]
MuraBesPoker: folds 
leo6767: calls $0.02
KRAKEN720: folds 
dboulay1979 leaves the table
geniuss: folds 
*VM*727: calls $0.02
Arush8: folds 
Dorex2007: calls $0.01
monstrrrik joins the table at seat #6 
MyTHaeBoka: checks 
*** FLOP *** [Ah 9c Js]
Dorex2007: bets $0.04
MyTHaeBoka: folds 
leo6767: calls $0.04
*VM*727: folds 
*** TURN *** [Ah 9c Js] [2c]
Dorex2007: bets $0.08
leo6767: folds 
Uncalled bet ($0.08) returned to Dorex2007
Dorex2007 collected $0.15 from pot
Dorex2007: doesn't show hand 
*** SUMMARY ***
Total pot $0.16 | Rake $0.01 
Board [Ah 9c Js 2c]
Seat 1: geniuss folded before Flop (didn't bet)
Seat 2: *VM*727 folded on the Flop
Seat 3: Arush8 (button) folded before Flop (didn't bet)
Seat 4: Dorex2007 (small blind) collected ($0.15)
Seat 5: MyTHaeBoka (big blind) folded on the Flop
Seat 7: MuraBesPoker folded before Flop (didn't bet)
Seat 8: leo6767 folded on the Turn
Seat 9: KRAKEN720 folded before Flop (didn't bet)



PokerStars Hand #232622451429:  Hold'em No Limit ($0.01/$0.02 USD) - 2021/12/28 21:44:46 PT [2021/12/29 0:44:46 ET]
Table 'Eunike III' 9-max Seat #4 is the button
Seat 1: geniuss ($3.44 in chips) 
Seat 2: *VM*727 ($1.94 in chips) 
Seat 3: Arush8 ($1.97 in chips) 
Seat 4: Dorex2007 ($3.63 in chips) 
Seat 5: MyTHaeBoka ($5.06 in chips) 
Seat 6: monstrrrik ($2 in chips) 
Seat 7: MuraBesPoker ($2.31 in chips) 
Seat 8: leo6767 ($3.04 in chips) 
Seat 9: KRAKEN720 ($2.43 in chips) 
MyTHaeBoka: posts small blind $0.01
monstrrrik: posts big blind $0.02
*** HOLE CARDS ***
Dealt to Dorex2007 [Jc 2h]
MuraBesPoker: folds 
leo6767: folds 
KRAKEN720: folds 
geniuss: folds 
*VM*727: folds 
Arush8: raises $0.04 to $0.06
Dorex2007: folds 
MyTHaeBoka: folds 
monstrrrik: folds 
Uncalled bet ($0.04) returned to Arush8
Arush8 collected $0.05 from pot
Arush8: doesn't show hand 
*** SUMMARY ***
Total pot $0.05 | Rake $0 
Seat 1: geniuss folded before Flop (didn't bet)
Seat 2: *VM*727 folded before Flop (didn't bet)
Seat 3: Arush8 collected ($0.05)
Seat 4: Dorex2007 (button) folded before Flop (didn't bet)
Seat 5: MyTHaeBoka (small blind) folded before Flop
Seat 6: monstrrrik (big blind) folded before Flop
Seat 7: MuraBesPoker folded before Flop (didn't bet)
Seat 8: leo6767 folded before Flop (didn't bet)
Seat 9: KRAKEN720 folded before Flop (didn't bet)



PokerStars Hand #232622455845:  Hold'em No Limit ($0.01/$0.02 USD) - 2021/12/28 21:45:15 PT [2021/12/29 0:45:15 ET]
Table 'Eunike III' 9-max Seat #5 is the button
Seat 1: geniuss ($3.44 in chips) 
Seat 2: *VM*727 ($1.94 in chips) 
Seat 3: Arush8 ($2 in chips) 
Seat 4: Dorex2007 ($3.63 in chips) 
Seat 5: MyTHaeBoka ($5.05 in chips) 
Seat 6: monstrrrik ($2 in chips) 
Seat 7: MuraBesPoker ($2.31 in chips) 
Seat 8: leo6767 ($3.04 in chips) 
Seat 9: KRAKEN720 ($2.43 in chips) 
monstrrrik: posts small blind $0.01
MuraBesPoker: posts big blind $0.02
*** HOLE CARDS ***
Dealt to Dorex2007 [2d Ad]
leo6767: calls $0.02
KRAKEN720: folds 
geniuss: folds 
*VM*727: calls $0.02
Arush8: folds 
Dorex2007: folds 
MyTHaeBoka: folds 
monstrrrik: raises $0.10 to $0.12
MuraBesPoker: folds 
leo6767: folds 
*VM*727: folds 
Uncalled bet ($0.10) returned to monstrrrik
monstrrrik collected $0.08 from pot
monstrrrik: doesn't show hand 
*** SUMMARY ***
Total pot $0.08 | Rake $0 
Seat 1: geniuss folded before Flop (didn't bet)
Seat 2: *VM*727 folded before Flop
Seat 3: Arush8 folded before Flop (didn't bet)
Seat 4: Dorex2007 folded before Flop (didn't bet)
Seat 5: MyTHaeBoka (button) folded before Flop (didn't bet)
Seat 6: monstrrrik (small blind) collected ($0.08)
Seat 7: MuraBesPoker (big blind) folded before Flop
Seat 8: leo6767 folded before Flop
Seat 9: KRAKEN720 folded before Flop (didn't bet)



PokerStars Hand #232622461422:  Hold'em No Limit ($0.01/$0.02 USD) - 2021/12/28 21:45:52 PT [2021/12/29 0:45:52 ET]
Table 'Eunike III' 9-max Seat #6 is the button
Seat 1: geniuss ($3.44 in chips) 
Seat 2: *VM*727 ($1.92 in chips) 
Seat 3: Arush8 ($2 in chips) 
Seat 4: Dorex2007 ($3.63 in chips) 
Seat 5: MyTHaeBoka ($5.05 in chips) 
Seat 6: monstrrrik ($2.06 in chips) 
Seat 7: MuraBesPoker ($2.29 in chips) 
Seat 8: leo6767 ($3.02 in chips) 
Seat 9: KRAKEN720 ($2.43 in chips) 
MuraBesPoker: posts small blind $0.01
leo6767: posts big blind $0.02
*** HOLE CARDS ***
Dealt to Dorex2007 [9s 8c]
KRAKEN720: folds 
KRAKEN720 leaves the table
geniuss: folds 
*VM*727: folds 
Arush8: folds 
Dorex2007: folds 
MyTHaeBoka: folds 
monstrrrik: folds 
DodgeGTS4 joins the table at seat #9 
MuraBesPoker: raises $0.04 to $0.06
leo6767: calls $0.04
*** FLOP *** [Qd 6s Ac]
MuraBesPoker: checks 
leo6767: bets $0.06
MuraBesPoker: calls $0.06
*** TURN *** [Qd 6s Ac] [Js]
MuraBesPoker: checks 
leo6767: bets $0.08
MuraBesPoker: raises $0.13 to $0.21
leo6767: calls $0.13
*** RIVER *** [Qd 6s Ac Js] [6d]
MuraBesPoker: checks 
leo6767: checks 
*** SHOW DOWN ***
MuraBesPoker: shows [Tc Ad] (two pair, Aces and Sixes)
leo6767: mucks hand 
MuraBesPoker collected $0.64 from pot
*** SUMMARY ***
Total pot $0.66 | Rake $0.02 
Board [Qd 6s Ac Js 6d]
Seat 1: geniuss folded before Flop (didn't bet)
Seat 2: *VM*727 folded before Flop (didn't bet)
Seat 3: Arush8 folded before Flop (didn't bet)
Seat 4: Dorex2007 folded before Flop (didn't bet)
Seat 5: MyTHaeBoka folded before Flop (didn't bet)
Seat 6: monstrrrik (button) folded before Flop (didn't bet)
Seat 7: MuraBesPoker (small blind) showed [Tc Ad] and won ($0.64) with two pair, Aces and Sixes
Seat 8: leo6767 (big blind) mucked [3h Kh]
Seat 9: KRAKEN720 folded before Flop (didn't bet)



PokerStars Hand #232622472789:  Hold'em No Limit ($0.01/$0.02 USD) - 2021/12/28 21:47:08 PT [2021/12/29 0:47:08 ET]
Table 'Eunike III' 9-max Seat #7 is the button
Seat 1: geniuss ($3.44 in chips) 
Seat 2: *VM*727 ($1.92 in chips) 
Seat 3: Arush8 ($2 in chips) 
Seat 4: Dorex2007 ($3.63 in chips) 
Seat 5: MyTHaeBoka ($5.05 in chips) 
Seat 6: monstrrrik ($2.06 in chips) 
Seat 7: MuraBesPoker ($2.60 in chips) 
Seat 8: leo6767 ($2.69 in chips) 
Seat 9: DodgeGTS4 ($0.80 in chips) 
leo6767: posts small blind $0.01
DodgeGTS4: posts big blind $0.02
*** HOLE CARDS ***
Dealt to Dorex2007 [Ad 2h]
geniuss: folds 
*VM*727: folds 
Arush8: folds 
Dorex2007: folds 
MyTHaeBoka: folds 
monstrrrik: folds 
MuraBesPoker: folds 
leo6767: calls $0.01
DodgeGTS4: checks 
*** FLOP *** [9d 9c Ah]
leo6767: checks 
DodgeGTS4: checks 
*** TURN *** [9d 9c Ah] [7c]
leo6767: checks 
DodgeGTS4: checks 
*** RIVER *** [9d 9c Ah 7c] [Ks]
leo6767: bets $0.04
DodgeGTS4: folds 
Uncalled bet ($0.04) returned to leo6767
leo6767 collected $0.04 from pot
leo6767: doesn't show hand 
*** SUMMARY ***
Total pot $0.04 | Rake $0 
Board [9d 9c Ah 7c Ks]
Seat 1: geniuss folded before Flop (didn't bet)
Seat 2: *VM*727 folded before Flop (didn't bet)
Seat 3: Arush8 folded before Flop (didn't bet)
Seat 4: Dorex2007 folded before Flop (didn't bet)
Seat 5: MyTHaeBoka folded before Flop (didn't bet)
Seat 6: monstrrrik folded before Flop (didn't bet)
Seat 7: MuraBesPoker (button) folded before Flop (didn't bet)
Seat 8: leo6767 (small blind) collected ($0.04)
Seat 9: DodgeGTS4 (big blind) folded on the River



PokerStars Hand #232622484704:  Hold'em No Limit ($0.01/$0.02 USD) - 2021/12/28 21:47:50 PT [2021/12/29 0:47:50 ET]
Table 'Eunike III' 9-max Seat #8 is the button
Seat 1: geniuss ($3.44 in chips) 
Seat 2: *VM*727 ($1.92 in chips) 
Seat 3: Arush8 ($2 in chips) 
Seat 4: Dorex2007 ($3.63 in chips) 
Seat 5: MyTHaeBoka ($5.05 in chips) 
Seat 6: monstrrrik ($2.06 in chips) 
Seat 7: MuraBesPoker ($2.60 in chips) 
Seat 8: leo6767 ($2.71 in chips) 
Seat 9: DodgeGTS4 ($0.78 in chips) 
DodgeGTS4: posts small blind $0.01
geniuss: posts big blind $0.02
*** HOLE CARDS ***
Dealt to Dorex2007 [6d Js]
*VM*727: calls $0.02
Arush8: folds 
Dorex2007: folds 
MyTHaeBoka: folds 
monstrrrik: folds 
MuraBesPoker: folds 
leo6767: calls $0.02
DodgeGTS4: folds 
geniuss: checks 
*** FLOP *** [Ts As 3d]
geniuss: checks 
*VM*727: bets $0.04
leo6767: folds 
geniuss: folds 
Uncalled bet ($0.04) returned to *VM*727
*VM*727 collected $0.07 from pot
*VM*727: doesn't show hand 
*** SUMMARY ***
Total pot $0.07 | Rake $0 
Board [Ts As 3d]
Seat 1: geniuss (big blind) folded on the Flop
Seat 2: *VM*727 collected ($0.07)
Seat 3: Arush8 folded before Flop (didn't bet)
Seat 4: Dorex2007 folded before Flop (didn't bet)
Seat 5: MyTHaeBoka folded before Flop (didn't bet)
Seat 6: monstrrrik folded before Flop (didn't bet)
Seat 7: MuraBesPoker folded before Flop (didn't bet)
Seat 8: leo6767 (button) folded on the Flop
Seat 9: DodgeGTS4 (small blind) folded before Flop



PokerStars Hand #232622492490:  Hold'em No Limit ($0.01/$0.02 USD) - 2021/12/28 21:48:42 PT [2021/12/29 0:48:42 ET]
Table 'Eunike III' 9-max Seat #9 is the button
Seat 1: geniuss ($3.42 in chips) 
Seat 2: *VM*727 ($1.97 in chips) 
Seat 3: Arush8 ($2 in chips) 
Seat 4: Dorex2007 ($3.63 in chips) 
Seat 5: MyTHaeBoka ($5.05 in chips) 
Seat 6: monstrrrik ($2.06 in chips) 
Seat 7: MuraBesPoker ($2.60 in chips) 
Seat 8: leo6767 ($2.69 in chips) 
Seat 9: DodgeGTS4 ($0.77 in chips) 
geniuss: posts small blind $0.01
*VM*727: posts big blind $0.02
*** HOLE CARDS ***
Dealt to Dorex2007 [8s Kh]
Arush8: folds 
Dorex2007: folds 
MyTHaeBoka: folds 
monstrrrik: folds 
MuraBesPoker: folds 
leo6767: calls $0.02
DodgeGTS4: folds 
geniuss: folds 
*VM*727: checks 
*** FLOP *** [Kd 4c 2s]
*VM*727: checks 
leo6767: bets $0.04
*VM*727: folds 
Uncalled bet ($0.04) returned to leo6767
leo6767 collected $0.05 from pot
leo6767: doesn't show hand 
*** SUMMARY ***
Total pot $0.05 | Rake $0 
Board [Kd 4c 2s]
Seat 1: geniuss (small blind) folded before Flop
Seat 2: *VM*727 (big blind) folded on the Flop
Seat 3: Arush8 folded before Flop (didn't bet)
Seat 4: Dorex2007 folded before Flop (didn't bet)
Seat 5: MyTHaeBoka folded before Flop (didn't bet)
Seat 6: monstrrrik folded before Flop (didn't bet)
Seat 7: MuraBesPoker folded before Flop (didn't bet)
Seat 8: leo6767 collected ($0.05)
Seat 9: DodgeGTS4 (button) folded before Flop (didn't bet)



PokerStars Hand #232622496949:  Hold'em No Limit ($0.01/$0.02 USD) - 2021/12/28 21:49:12 PT [2021/12/29 0:49:12 ET]
Table 'Eunike III' 9-max Seat #1 is the button
Seat 1: geniuss ($3.41 in chips) 
Seat 2: *VM*727 ($1.95 in chips) 
Seat 3: Arush8 ($2 in chips) 
Seat 4: Dorex2007 ($3.63 in chips) 
Seat 5: MyTHaeBoka ($5.05 in chips) 
Seat 6: monstrrrik ($2.06 in chips) 
Seat 7: MuraBesPoker ($2.60 in chips) 
Seat 8: leo6767 ($2.72 in chips) 
Seat 9: DodgeGTS4 ($0.77 in chips) 
*VM*727: posts small blind $0.01
Arush8: posts big blind $0.02
*** HOLE CARDS ***
Dealt to Dorex2007 [8h 4h]
Dorex2007: folds 
MyTHaeBoka: folds 
monstrrrik: folds 
MuraBesPoker: folds 
leo6767: calls $0.02
DodgeGTS4: calls $0.02
geniuss: calls $0.02
*VM*727: calls $0.01
Arush8: raises $0.06 to $0.08
leo6767: calls $0.06
DodgeGTS4: calls $0.06
geniuss: calls $0.06
*VM*727: folds 
*** FLOP *** [Th 8c 3d]
Arush8: bets $0.10
leo6767: folds 
DodgeGTS4: calls $0.10
geniuss: calls $0.10
*** TURN *** [Th 8c 3d] [9s]
Arush8: checks 
DodgeGTS4: checks 
geniuss: bets $0.40
Arush8: folds 
DodgeGTS4: folds 
Uncalled bet ($0.40) returned to geniuss
geniuss collected $0.62 from pot
*** SUMMARY ***
Total pot $0.64 | Rake $0.02 
Board [Th 8c 3d 9s]
Seat 1: geniuss (button) collected ($0.62)
Seat 2: *VM*727 (small blind) folded before Flop
Seat 3: Arush8 (big blind) folded on the Turn
Seat 4: Dorex2007 folded before Flop (didn't bet)
Seat 5: MyTHaeBoka folded before Flop (didn't bet)
Seat 6: monstrrrik folded before Flop (didn't bet)
Seat 7: MuraBesPoker folded before Flop (didn't bet)
Seat 8: leo6767 folded on the Flop
Seat 9: DodgeGTS4 folded on the Turn



PokerStars Hand #232622510589:  Hold'em No Limit ($0.01/$0.02 USD) - 2021/12/28 21:50:45 PT [2021/12/29 0:50:45 ET]
Table 'Eunike III' 9-max Seat #2 is the button
Seat 1: geniuss ($3.85 in chips) 
Seat 2: *VM*727 ($1.93 in chips) 
Seat 3: Arush8 ($2 in chips) 
Seat 4: Dorex2007 ($3.63 in chips) 
Seat 5: MyTHaeBoka ($5.05 in chips) 
Seat 6: monstrrrik ($2.06 in chips) 
Seat 7: MuraBesPoker ($2.60 in chips) 
Seat 8: leo6767 ($2.64 in chips) 
Seat 9: DodgeGTS4 ($0.59 in chips) 
Arush8: posts small blind $0.01
Dorex2007: posts big blind $0.02
*** HOLE CARDS ***
Dealt to Dorex2007 [5d Jd]
MyTHaeBoka: folds 
monstrrrik: folds 
MuraBesPoker: folds 
leo6767: calls $0.02
DodgeGTS4: raises $0.03 to $0.05
geniuss: folds 
*VM*727: folds 
Arush8: folds 
Dorex2007: folds 
leo6767: calls $0.03
*** FLOP *** [Ad Ac 5s]
leo6767: bets $0.04
DodgeGTS4: calls $0.04
*** TURN *** [Ad Ac 5s] [Qh]
leo6767: checks 
DodgeGTS4: bets $0.50 and is all-in
leo6767: folds 
Uncalled bet ($0.50) returned to DodgeGTS4
DodgeGTS4 collected $0.20 from pot
DodgeGTS4: doesn't show hand 
*** SUMMARY ***
Total pot $0.21 | Rake $0.01 
Board [Ad Ac 5s Qh]
Seat 1: geniuss folded before Flop (didn't bet)
Seat 2: *VM*727 (button) folded before Flop (didn't bet)
Seat 3: Arush8 (small blind) folded before Flop
Seat 4: Dorex2007 (big blind) folded before Flop
Seat 5: MyTHaeBoka folded before Flop (didn't bet)
Seat 6: monstrrrik folded before Flop (didn't bet)
Seat 7: MuraBesPoker folded before Flop (didn't bet)
Seat 8: leo6767 folded on the Turn
Seat 9: DodgeGTS4 collected ($0.20)



PokerStars Hand #232622514894:  Hold'em No Limit ($0.01/$0.02 USD) - 2021/12/28 21:51:14 PT [2021/12/29 0:51:14 ET]
Table 'Eunike III' 9-max Seat #3 is the button
Seat 1: geniuss ($3.85 in chips) 
Seat 2: *VM*727 ($1.93 in chips) 
Seat 3: Arush8 ($1.99 in chips) 
Seat 4: Dorex2007 ($3.61 in chips) 
Seat 5: MyTHaeBoka ($5.05 in chips) 
Seat 6: monstrrrik ($2.06 in chips) 
Seat 7: MuraBesPoker ($2.60 in chips) 
Seat 8: leo6767 ($2.55 in chips) 
Seat 9: DodgeGTS4 ($0.70 in chips) 
Dorex2007: posts small blind $0.01
MyTHaeBoka: posts big blind $0.02
*** HOLE CARDS ***
Dealt to Dorex2007 [5s Th]
monstrrrik: folds 
MuraBesPoker: folds 
leo6767: calls $0.02
DodgeGTS4: raises $0.07 to $0.09
geniuss: folds 
*VM*727: folds 
Arush8: folds 
Dorex2007: folds 
MyTHaeBoka: folds 
leo6767: calls $0.07
*** FLOP *** [8c Ad 6s]
leo6767: checks 
DodgeGTS4: bets $0.06
leo6767: folds 
Uncalled bet ($0.06) returned to DodgeGTS4
DodgeGTS4 collected $0.20 from pot
DodgeGTS4: doesn't show hand 
*** SUMMARY ***
Total pot $0.21 | Rake $0.01 
Board [8c Ad 6s]
Seat 1: geniuss folded before Flop (didn't bet)
Seat 2: *VM*727 folded before Flop (didn't bet)
Seat 3: Arush8 (button) folded before Flop (didn't bet)
Seat 4: Dorex2007 (small blind) folded before Flop
Seat 5: MyTHaeBoka (big blind) folded before Flop
Seat 6: monstrrrik folded before Flop (didn't bet)
Seat 7: MuraBesPoker folded before Flop (didn't bet)
Seat 8: leo6767 folded on the Flop
Seat 9: DodgeGTS4 collected ($0.20)



PokerStars Hand #232622530359:  Hold'em No Limit ($0.01/$0.02 USD) - 2021/12/28 21:51:58 PT [2021/12/29 0:51:58 ET]
Table 'Eunike III' 9-max Seat #4 is the button
Seat 1: geniuss ($3.85 in chips) 
Seat 2: *VM*727 ($1.93 in chips) 
Seat 3: Arush8 ($1.99 in chips) 
Seat 4: Dorex2007 ($3.60 in chips) 
Seat 5: MyTHaeBoka ($5.03 in chips) 
Seat 6: monstrrrik ($2.06 in chips) 
Seat 7: MuraBesPoker ($2.60 in chips) 
Seat 8: leo6767 ($2.46 in chips) 
Seat 9: DodgeGTS4 ($0.81 in chips) 
MyTHaeBoka: posts small blind $0.01
monstrrrik: posts big blind $0.02
*** HOLE CARDS ***
Dealt to Dorex2007 [6d Jh]
MuraBesPoker: folds 
leo6767: folds 
DodgeGTS4: folds 
geniuss: folds 
*VM*727: folds 
Arush8: raises $0.04 to $0.06
Dorex2007: folds 
MyTHaeBoka: folds 
monstrrrik: folds 
Uncalled bet ($0.04) returned to Arush8
Arush8 collected $0.05 from pot
Arush8: doesn't show hand 
*** SUMMARY ***
Total pot $0.05 | Rake $0 
Seat 1: geniuss folded before Flop (didn't bet)
Seat 2: *VM*727 folded before Flop (didn't bet)
Seat 3: Arush8 collected ($0.05)
Seat 4: Dorex2007 (button) folded before Flop (didn't bet)
Seat 5: MyTHaeBoka (small blind) folded before Flop
Seat 6: monstrrrik (big blind) folded before Flop
Seat 7: MuraBesPoker folded before Flop (didn't bet)
Seat 8: leo6767 folded before Flop (didn't bet)
Seat 9: DodgeGTS4 folded before Flop (didn't bet)



PokerStars Hand #232622534373:  Hold'em No Limit ($0.01/$0.02 USD) - 2021/12/28 21:52:26 PT [2021/12/29 0:52:26 ET]
Table 'Eunike III' 9-max Seat #5 is the button
Seat 1: geniuss ($3.85 in chips) 
Seat 2: *VM*727 ($1.93 in chips) 
Seat 3: Arush8 ($2.02 in chips) 
Seat 4: Dorex2007 ($3.60 in chips) 
Seat 5: MyTHaeBoka ($5.02 in chips) 
Seat 6: monstrrrik ($2.04 in chips) 
Seat 7: MuraBesPoker ($2.60 in chips) 
Seat 8: leo6767 ($2.46 in chips) 
Seat 9: DodgeGTS4 ($0.81 in chips) 
monstrrrik: posts small blind $0.01
MuraBesPoker: posts big blind $0.02
*** HOLE CARDS ***
Dealt to Dorex2007 [7s 2h]
leo6767: calls $0.02
DodgeGTS4: calls $0.02
geniuss: folds 
*VM*727: folds 
Arush8: raises $0.04 to $0.06
Dorex2007: folds 
MyTHaeBoka: folds 
monstrrrik: folds 
MuraBesPoker: folds 
leo6767: calls $0.04
DodgeGTS4: calls $0.04
*** FLOP *** [6c Qs Jd]
leo6767: checks 
DodgeGTS4: bets $0.10
Arush8: folds 
leo6767: folds 
Uncalled bet ($0.10) returned to DodgeGTS4
DodgeGTS4 collected $0.20 from pot
DodgeGTS4: doesn't show hand 
*** SUMMARY ***
Total pot $0.21 | Rake $0.01 
Board [6c Qs Jd]
Seat 1: geniuss folded before Flop (didn't bet)
Seat 2: *VM*727 folded before Flop (didn't bet)
Seat 3: Arush8 folded on the Flop
Seat 4: Dorex2007 folded before Flop (didn't bet)
Seat 5: MyTHaeBoka (button) folded before Flop (didn't bet)
Seat 6: monstrrrik (small blind) folded before Flop
Seat 7: MuraBesPoker (big blind) folded before Flop
Seat 8: leo6767 folded on the Flop
Seat 9: DodgeGTS4 collected ($0.20)



PokerStars Hand #232622541000:  Hold'em No Limit ($0.01/$0.02 USD) - 2021/12/28 21:53:11 PT [2021/12/29 0:53:11 ET]
Table 'Eunike III' 9-max Seat #6 is the button
Seat 1: geniuss ($3.85 in chips) 
Seat 2: *VM*727 ($1.93 in chips) 
Seat 3: Arush8 ($1.96 in chips) 
Seat 4: Dorex2007 ($3.60 in chips) 
Seat 5: MyTHaeBoka ($5.02 in chips) 
Seat 6: monstrrrik ($2.03 in chips) 
Seat 7: MuraBesPoker ($2.58 in chips) 
Seat 8: leo6767 ($2.40 in chips) 
Seat 9: DodgeGTS4 ($0.95 in chips) 
MuraBesPoker: posts small blind $0.01
leo6767: posts big blind $0.02
*** HOLE CARDS ***
Dealt to Dorex2007 [3h 2c]
DodgeGTS4: calls $0.02
geniuss: folds 
*VM*727: folds 
Arush8: raises $0.02 to $0.04
Dorex2007: folds 
MyTHaeBoka: calls $0.04
monstrrrik: folds 
MuraBesPoker: folds 
leo6767: calls $0.02
DodgeGTS4: raises $0.91 to $0.95 and is all-in
Arush8: folds 
MyTHaeBoka: folds 
leo6767: folds 
Uncalled bet ($0.91) returned to DodgeGTS4
DodgeGTS4 collected $0.17 from pot
DodgeGTS4: doesn't show hand 
*** SUMMARY ***
Total pot $0.17 | Rake $0 
Seat 1: geniuss folded before Flop (didn't bet)
Seat 2: *VM*727 folded before Flop (didn't bet)
Seat 3: Arush8 folded before Flop
Seat 4: Dorex2007 folded before Flop (didn't bet)
Seat 5: MyTHaeBoka folded before Flop
Seat 6: monstrrrik (button) folded before Flop (didn't bet)
Seat 7: MuraBesPoker (small blind) folded before Flop
Seat 8: leo6767 (big blind) folded before Flop
Seat 9: DodgeGTS4 collected ($0.17)



PokerStars Hand #232622547402:  Hold'em No Limit ($0.01/$0.02 USD) - 2021/12/28 21:53:55 PT [2021/12/29 0:53:55 ET]
Table 'Eunike III' 9-max Seat #7 is the button
Seat 1: geniuss ($3.85 in chips) 
Seat 2: *VM*727 ($1.93 in chips) 
Seat 3: Arush8 ($1.92 in chips) 
Seat 4: Dorex2007 ($3.60 in chips) 
Seat 5: MyTHaeBoka ($4.98 in chips) 
Seat 6: monstrrrik ($2.03 in chips) 
Seat 7: MuraBesPoker ($2.57 in chips) 
Seat 8: leo6767 ($2.36 in chips) 
Seat 9: DodgeGTS4 ($1.08 in chips) 
leo6767: posts small blind $0.01
DodgeGTS4: posts big blind $0.02
*** HOLE CARDS ***
Dealt to Dorex2007 [2d Jh]
geniuss: folds 
*VM*727: folds 
Arush8: raises $0.06 to $0.08
Dorex2007: folds 
MyTHaeBoka: folds 
MyTHaeBoka leaves the table
monstrrrik: folds 
MuraBesPoker: folds 
leo6767: calls $0.07
DodgeGTS4: folds 
*** FLOP *** [Qd 6c 3s]
leo6767: checks 
Arush8: bets $0.09
leo6767: folds 
Uncalled bet ($0.09) returned to Arush8
Arush8 collected $0.17 from pot
Arush8: doesn't show hand 
*** SUMMARY ***
Total pot $0.18 | Rake $0.01 
Board [Qd 6c 3s]
Seat 1: geniuss folded before Flop (didn't bet)
Seat 2: *VM*727 folded before Flop (didn't bet)
Seat 3: Arush8 collected ($0.17)
Seat 4: Dorex2007 folded before Flop (didn't bet)
Seat 5: MyTHaeBoka folded before Flop (didn't bet)
Seat 6: monstrrrik folded before Flop (didn't bet)
Seat 7: MuraBesPoker (button) folded before Flop (didn't bet)
Seat 8: leo6767 (small blind) folded on the Flop
Seat 9: DodgeGTS4 (big blind) folded before Flop



PokerStars Hand #232622554021:  Hold'em No Limit ($0.01/$0.02 USD) - 2021/12/28 21:54:40 PT [2021/12/29 0:54:40 ET]
Table 'Eunike III' 9-max Seat #8 is the button
Seat 1: geniuss ($3.85 in chips) 
Seat 2: *VM*727 ($1.93 in chips) 
Seat 3: Arush8 ($2.01 in chips) 
Seat 4: Dorex2007 ($3.60 in chips) 
Seat 6: monstrrrik ($2.03 in chips) 
Seat 7: MuraBesPoker ($2.57 in chips) 
Seat 8: leo6767 ($2.28 in chips) 
Seat 9: DodgeGTS4 ($1.06 in chips) 
DodgeGTS4: posts small blind $0.01
geniuss: posts big blind $0.02
*** HOLE CARDS ***
Dealt to Dorex2007 [2h Ks]
*VM*727: folds 
Arush8: raises $0.04 to $0.06
Dorex2007: folds 
monstrrrik: folds 
MuraBesPoker: folds 
leo6767: calls $0.06
DodgeGTS4: folds 
geniuss: folds 
*** FLOP *** [7h Jc Jh]
Arush8: checks 
leo6767: checks 
*** TURN *** [7h Jc Jh] [5h]
Arush8: bets $0.07
leo6767: calls $0.07
*** RIVER *** [7h Jc Jh 5h] [8s]
Arush8: bets $0.14
leo6767: calls $0.14
*** SHOW DOWN ***
Arush8: shows [Ts Th] (two pair, Jacks and Tens)
leo6767: mucks hand 
Arush8 collected $0.55 from pot
*** SUMMARY ***
Total pot $0.57 | Rake $0.02 
Board [7h Jc Jh 5h 8s]
Seat 1: geniuss (big blind) folded before Flop
Seat 2: *VM*727 folded before Flop (didn't bet)
Seat 3: Arush8 showed [Ts Th] and won ($0.55) with two pair, Jacks and Tens
Seat 4: Dorex2007 folded before Flop (didn't bet)
Seat 6: monstrrrik folded before Flop (didn't bet)
Seat 7: MuraBesPoker folded before Flop (didn't bet)
Seat 8: leo6767 (button) mucked [8d Kc]
Seat 9: DodgeGTS4 (small blind) folded before Flop



PokerStars Hand #232622559107:  Hold'em No Limit ($0.01/$0.02 USD) - 2021/12/28 21:55:15 PT [2021/12/29 0:55:15 ET]
Table 'Eunike III' 9-max Seat #9 is the button
Seat 1: geniuss ($3.83 in chips) 
Seat 2: *VM*727 ($1.93 in chips) 
Seat 3: Arush8 ($2.29 in chips) 
Seat 4: Dorex2007 ($3.60 in chips) 
Seat 6: monstrrrik ($2.03 in chips) 
Seat 7: MuraBesPoker ($2.57 in chips) 
Seat 8: leo6767 ($2.01 in chips) 
Seat 9: DodgeGTS4 ($1.05 in chips) 
geniuss: posts small blind $0.01
*VM*727: posts big blind $0.02
*** HOLE CARDS ***
Dealt to Dorex2007 [Kd 5c]
Arush8: folds 
Dorex2007: folds 
monstrrrik: folds 
MuraBesPoker: folds 
leo6767: folds 
DodgeGTS4: calls $0.02
geniuss: folds 
*VM*727: checks 
*** FLOP *** [8c 9s Td]
*VM*727: checks 
DodgeGTS4: checks 
*** TURN *** [8c 9s Td] [As]
*VM*727: bets $1.91 and is all-in
DodgeGTS4: folds 
Uncalled bet ($1.91) returned to *VM*727
*VM*727 collected $0.05 from pot
*VM*727: doesn't show hand 
*** SUMMARY ***
Total pot $0.05 | Rake $0 
Board [8c 9s Td As]
Seat 1: geniuss (small blind) folded before Flop
Seat 2: *VM*727 (big blind) collected ($0.05)
Seat 3: Arush8 folded before Flop (didn't bet)
Seat 4: Dorex2007 folded before Flop (didn't bet)
Seat 6: monstrrrik folded before Flop (didn't bet)
Seat 7: MuraBesPoker folded before Flop (didn't bet)
Seat 8: leo6767 folded before Flop (didn't bet)
Seat 9: DodgeGTS4 (button) folded on the Turn



PokerStars Hand #232622562927:  Hold'em No Limit ($0.01/$0.02 USD) - 2021/12/28 21:55:45 PT [2021/12/29 0:55:45 ET]
Table 'Eunike III' 9-max Seat #1 is the button
Seat 1: geniuss ($3.82 in chips) 
Seat 2: *VM*727 ($1.96 in chips) 
Seat 3: Arush8 ($2.29 in chips) 
Seat 4: Dorex2007 ($3.60 in chips) 
Seat 6: monstrrrik ($2.03 in chips) 
Seat 7: MuraBesPoker ($2.57 in chips) 
Seat 9: DodgeGTS4 ($1.03 in chips) 
*VM*727: posts small blind $0.01
Arush8: posts big blind $0.02
*** HOLE CARDS ***
Dealt to Dorex2007 [4c 9s]
Dorex2007: folds 
monstrrrik: folds 
MuraBesPoker: folds 
DodgeGTS4: calls $0.02
geniuss: calls $0.02
*VM*727: folds 
Arush8: raises $0.06 to $0.08
DodgeGTS4: calls $0.06
geniuss: calls $0.06
*** FLOP *** [6d 7c 7s]
Arush8: bets $0.12
DodgeGTS4: folds 
geniuss: folds 
Uncalled bet ($0.12) returned to Arush8
Arush8 collected $0.24 from pot
Arush8: doesn't show hand 
*** SUMMARY ***
Total pot $0.25 | Rake $0.01 
Board [6d 7c 7s]
Seat 1: geniuss (button) folded on the Flop
Seat 2: *VM*727 (small blind) folded before Flop
Seat 3: Arush8 (big blind) collected ($0.24)
Seat 4: Dorex2007 folded before Flop (didn't bet)
Seat 6: monstrrrik folded before Flop (didn't bet)
Seat 7: MuraBesPoker folded before Flop (didn't bet)
Seat 9: DodgeGTS4 folded on the Flop



PokerStars Hand #232622567676:  Hold'em No Limit ($0.01/$0.02 USD) - 2021/12/28 21:56:22 PT [2021/12/29 0:56:22 ET]
Table 'Eunike III' 9-max Seat #2 is the button
Seat 1: geniuss ($3.74 in chips) 
Seat 2: *VM*727 ($1.95 in chips) 
Seat 3: Arush8 ($2.45 in chips) 
Seat 4: Dorex2007 ($3.60 in chips) 
Seat 6: monstrrrik ($2.03 in chips) 
Seat 7: MuraBesPoker ($2.57 in chips) 
Seat 9: DodgeGTS4 ($0.95 in chips) 
Arush8: posts small blind $0.01
Dorex2007: posts big blind $0.02
*** HOLE CARDS ***
Dealt to Dorex2007 [5d 7c]
monstrrrik: raises $0.05 to $0.07
MuraBesPoker: folds 
DodgeGTS4: folds 
geniuss: folds 
*VM*727: folds 
Arush8: folds 
Dorex2007: folds 
Uncalled bet ($0.05) returned to monstrrrik
monstrrrik collected $0.05 from pot
monstrrrik: doesn't show hand 
*** SUMMARY ***
Total pot $0.05 | Rake $0 
Seat 1: geniuss folded before Flop (didn't bet)
Seat 2: *VM*727 (button) folded before Flop (didn't bet)
Seat 3: Arush8 (small blind) folded before Flop
Seat 4: Dorex2007 (big blind) folded before Flop
Seat 6: monstrrrik collected ($0.05)
Seat 7: MuraBesPoker folded before Flop (didn't bet)
Seat 9: DodgeGTS4 folded before Flop (didn't bet)



PokerStars Hand #232622568969:  Hold'em No Limit ($0.01/$0.02 USD) - 2021/12/28 21:56:32 PT [2021/12/29 0:56:32 ET]
Table 'Eunike III' 9-max Seat #3 is the button
Seat 1: geniuss ($3.74 in chips) 
Seat 2: *VM*727 ($1.95 in chips) 
Seat 3: Arush8 ($2.44 in chips) 
Seat 4: Dorex2007 ($3.58 in chips) 
Seat 6: monstrrrik ($2.06 in chips) 
Seat 7: MuraBesPoker ($2.57 in chips) 
Seat 9: DodgeGTS4 ($0.95 in chips) 
Dorex2007: posts small blind $0.01
monstrrrik: posts big blind $0.02
*** HOLE CARDS ***
Dealt to Dorex2007 [9c 8c]
MuraBesPoker: raises $0.04 to $0.06
DodgeGTS4: folds 
geniuss: folds 
*VM*727: folds 
Arush8: folds 
Dorex2007: folds 
monstrrrik: folds 
Uncalled bet ($0.04) returned to MuraBesPoker
MuraBesPoker collected $0.05 from pot
*** SUMMARY ***
Total pot $0.05 | Rake $0 
Seat 1: geniuss folded before Flop (didn't bet)
Seat 2: *VM*727 folded before Flop (didn't bet)
Seat 3: Arush8 (button) folded before Flop (didn't bet)
Seat 4: Dorex2007 (small blind) folded before Flop
Seat 6: monstrrrik (big blind) folded before Flop
Seat 7: MuraBesPoker collected ($0.05)
Seat 9: DodgeGTS4 folded before Flop (didn't bet)



PokerStars Hand #232622571594:  Hold'em No Limit ($0.01/$0.02 USD) - 2021/12/28 21:56:53 PT [2021/12/29 0:56:53 ET]
Table 'Eunike III' 9-max Seat #4 is the button
Seat 1: geniuss ($3.74 in chips) 
Seat 2: *VM*727 ($1.95 in chips) 
Seat 3: Arush8 ($2.44 in chips) 
Seat 4: Dorex2007 ($3.57 in chips) 
Seat 6: monstrrrik ($2.04 in chips) 
Seat 7: MuraBesPoker ($2.60 in chips) 
Seat 9: DodgeGTS4 ($0.95 in chips) 
monstrrrik: posts small blind $0.01
MuraBesPoker: posts big blind $0.02
*** HOLE CARDS ***
Dealt to Dorex2007 [3c 4d]
DodgeGTS4: folds 
geniuss: folds 
*VM*727: folds 
Arush8: folds 
Dorex2007: folds 
monstrrrik: raises $0.04 to $0.06
MuraBesPoker: folds 
Uncalled bet ($0.04) returned to monstrrrik
monstrrrik collected $0.04 from pot
monstrrrik: doesn't show hand 
*** SUMMARY ***
Total pot $0.04 | Rake $0 
Seat 1: geniuss folded before Flop (didn't bet)
Seat 2: *VM*727 folded before Flop (didn't bet)
Seat 3: Arush8 folded before Flop (didn't bet)
Seat 4: Dorex2007 (button) folded before Flop (didn't bet)
Seat 6: monstrrrik (small blind) collected ($0.04)
Seat 7: MuraBesPoker (big blind) folded before Flop
Seat 9: DodgeGTS4 folded before Flop (didn't bet)



PokerStars Hand #232622574311:  Hold'em No Limit ($0.01/$0.02 USD) - 2021/12/28 21:57:15 PT [2021/12/29 0:57:15 ET]
Table 'Eunike III' 9-max Seat #6 is the button
Seat 1: geniuss ($3.74 in chips) 
Seat 2: *VM*727 ($1.95 in chips) 
Seat 3: Arush8 ($2.44 in chips) 
Seat 4: Dorex2007 ($3.57 in chips) 
Seat 6: monstrrrik ($2.06 in chips) 
Seat 7: MuraBesPoker ($2.58 in chips) 
Seat 9: DodgeGTS4 ($0.95 in chips) 
MuraBesPoker: posts small blind $0.01
DodgeGTS4: posts big blind $0.02
*** HOLE CARDS ***
Dealt to Dorex2007 [9h 2s]
geniuss: folds 
*VM*727: calls $0.02
Arush8: folds 
Dorex2007: folds 
monstrrrik: raises $0.07 to $0.09
MuraBesPoker: folds 
DodgeGTS4: folds 
*VM*727: folds 
Uncalled bet ($0.07) returned to monstrrrik
monstrrrik collected $0.07 from pot
monstrrrik: doesn't show hand 
*** SUMMARY ***
Total pot $0.07 | Rake $0 
Seat 1: geniuss folded before Flop (didn't bet)
Seat 2: *VM*727 folded before Flop
Seat 3: Arush8 folded before Flop (didn't bet)
Seat 4: Dorex2007 folded before Flop (didn't bet)
Seat 6: monstrrrik (button) collected ($0.07)
Seat 7: MuraBesPoker (small blind) folded before Flop
Seat 9: DodgeGTS4 (big blind) folded before Flop



PokerStars Hand #232622577511:  Hold'em No Limit ($0.01/$0.02 USD) - 2021/12/28 21:57:40 PT [2021/12/29 0:57:40 ET]
Table 'Eunike III' 9-max Seat #7 is the button
Seat 1: geniuss ($3.74 in chips) 
Seat 2: *VM*727 ($1.93 in chips) 
Seat 3: Arush8 ($2.44 in chips) 
Seat 4: Dorex2007 ($3.57 in chips) 
Seat 6: monstrrrik ($2.11 in chips) 
Seat 7: MuraBesPoker ($2.57 in chips) 
Seat 9: DodgeGTS4 ($0.93 in chips) 
DodgeGTS4: posts small blind $0.01
geniuss: posts big blind $0.02
*** HOLE CARDS ***
Dealt to Dorex2007 [Ts 6c]
henriquednt joins the table at seat #5 
*VM*727: folds 
Arush8: folds 
Dorex2007: folds 
monstrrrik: folds 
MuraBesPoker: raises $0.04 to $0.06
DodgeGTS4: folds 
geniuss: raises $0.12 to $0.18
MuraBesPoker: folds 
Uncalled bet ($0.12) returned to geniuss
geniuss collected $0.13 from pot
*** SUMMARY ***
Total pot $0.13 | Rake $0 
Seat 1: geniuss (big blind) collected ($0.13)
Seat 2: *VM*727 folded before Flop (didn't bet)
Seat 3: Arush8 folded before Flop (didn't bet)
Seat 4: Dorex2007 folded before Flop (didn't bet)
Seat 6: monstrrrik folded before Flop (didn't bet)
Seat 7: MuraBesPoker (button) folded before Flop
Seat 9: DodgeGTS4 (small blind) folded before Flop



PokerStars Hand #232622581854:  Hold'em No Limit ($0.01/$0.02 USD) - 2021/12/28 21:58:14 PT [2021/12/29 0:58:14 ET]
Table 'Eunike III' 9-max Seat #9 is the button
Seat 1: geniuss ($3.81 in chips) 
Seat 2: *VM*727 ($1.93 in chips) 
Seat 3: Arush8 ($2.44 in chips) 
Seat 4: Dorex2007 ($3.57 in chips) 
Seat 6: monstrrrik ($2.11 in chips) 
Seat 7: MuraBesPoker ($2.51 in chips) 
Seat 9: DodgeGTS4 ($0.92 in chips) 
geniuss: posts small blind $0.01
*VM*727: posts big blind $0.02
henriquednt: sits out 
*** HOLE CARDS ***
Dealt to Dorex2007 [As 3d]
Arush8: calls $0.02
Dorex2007: folds 
monstrrrik: folds 
MuraBesPoker: raises $0.06 to $0.08
DodgeGTS4: folds 
geniuss: folds 
*VM*727: folds 
Arush8: calls $0.06
*** FLOP *** [Tc 5d 9c]
Arush8: bets $0.09
MuraBesPoker: calls $0.09
*** TURN *** [Tc 5d 9c] [Th]
Arush8: bets $0.18
MuraBesPoker: calls $0.18
*** RIVER *** [Tc 5d 9c Th] [7d]
Arush8: checks 
MuraBesPoker: checks 
*** SHOW DOWN ***
Arush8: shows [Js Qs] (a pair of Tens)
MuraBesPoker: shows [Qh Qd] (two pair, Queens and Tens)
MuraBesPoker collected $0.70 from pot
*** SUMMARY ***
Total pot $0.73 | Rake $0.03 
Board [Tc 5d 9c Th 7d]
Seat 1: geniuss (small blind) folded before Flop
Seat 2: *VM*727 (big blind) folded before Flop
Seat 3: Arush8 showed [Js Qs] and lost with a pair of Tens
Seat 4: Dorex2007 folded before Flop (didn't bet)
Seat 6: monstrrrik folded before Flop (didn't bet)
Seat 7: MuraBesPoker showed [Qh Qd] and won ($0.70) with two pair, Queens and Tens
Seat 9: DodgeGTS4 (button) folded before Flop (didn't bet)



PokerStars Hand #232622590295:  Hold'em No Limit ($0.01/$0.02 USD) - 2021/12/28 21:59:20 PT [2021/12/29 0:59:20 ET]
Table 'Eunike III' 9-max Seat #1 is the button
Seat 1: geniuss ($3.80 in chips) 
Seat 2: *VM*727 ($1.91 in chips) 
Seat 3: Arush8 ($2.09 in chips) 
Seat 4: Dorex2007 ($3.57 in chips) 
Seat 6: monstrrrik ($2.11 in chips) 
Seat 7: MuraBesPoker ($2.86 in chips) 
Seat 9: DodgeGTS4 ($0.92 in chips) 
*VM*727: posts small blind $0.01
Arush8: posts big blind $0.02
henriquednt: sits out 
*** HOLE CARDS ***
Dealt to Dorex2007 [6s 5h]
Dorex2007: folds 
monstrrrik: raises $0.05 to $0.07
MuraBesPoker: folds 
DodgeGTS4: folds 
geniuss: folds 
*VM*727: folds 
Arush8: folds 
Uncalled bet ($0.05) returned to monstrrrik
monstrrrik collected $0.05 from pot
monstrrrik: doesn't show hand 
*** SUMMARY ***
Total pot $0.05 | Rake $0 
Seat 1: geniuss (button) folded before Flop (didn't bet)
Seat 2: *VM*727 (small blind) folded before Flop
Seat 3: Arush8 (big blind) folded before Flop
Seat 4: Dorex2007 folded before Flop (didn't bet)
Seat 6: monstrrrik collected ($0.05)
Seat 7: MuraBesPoker folded before Flop (didn't bet)
Seat 9: DodgeGTS4 folded before Flop (didn't bet)



PokerStars Hand #232622593351:  Hold'em No Limit ($0.01/$0.02 USD) - 2021/12/28 21:59:44 PT [2021/12/29 0:59:44 ET]
Table 'Eunike III' 9-max Seat #2 is the button
Seat 1: geniuss ($3.80 in chips) 
Seat 2: *VM*727 ($1.90 in chips) 
Seat 3: Arush8 ($2.07 in chips) 
Seat 4: Dorex2007 ($3.57 in chips) 
Seat 6: monstrrrik ($2.14 in chips) 
Seat 7: MuraBesPoker ($2.86 in chips) 
Seat 9: DodgeGTS4 ($0.92 in chips) 
Arush8: posts small blind $0.01
Dorex2007: posts big blind $0.02
henriquednt: sits out 
*** HOLE CARDS ***
Dealt to Dorex2007 [Ac 8c]
monstrrrik: folds 
MuraBesPoker: folds 
DodgeGTS4: folds 
geniuss: folds 
*VM*727: folds 
Arush8: folds 
Uncalled bet ($0.01) returned to Dorex2007
Dorex2007 collected $0.02 from pot
Dorex2007: doesn't show hand 
*** SUMMARY ***
Total pot $0.02 | Rake $0 
Seat 1: geniuss folded before Flop (didn't bet)
Seat 2: *VM*727 (button) folded before Flop (didn't bet)
Seat 3: Arush8 (small blind) folded before Flop
Seat 4: Dorex2007 (big blind) collected ($0.02)
Seat 6: monstrrrik folded before Flop (didn't bet)
Seat 7: MuraBesPoker folded before Flop (didn't bet)
Seat 9: DodgeGTS4 folded before Flop (didn't bet)



PokerStars Hand #232622595147:  Hold'em No Limit ($0.01/$0.02 USD) - 2021/12/28 21:59:59 PT [2021/12/29 0:59:59 ET]
Table 'Eunike III' 9-max Seat #3 is the button
Seat 1: geniuss ($3.80 in chips) 
Seat 2: *VM*727 ($1.90 in chips) 
Seat 3: Arush8 ($2.06 in chips) 
Seat 4: Dorex2007 ($3.58 in chips) 
Seat 5: henriquednt ($0.80 in chips) 
Seat 6: monstrrrik ($2.14 in chips) 
Seat 7: MuraBesPoker ($2.86 in chips) 
Seat 9: DodgeGTS4 ($0.92 in chips) 
Dorex2007: posts small blind $0.01
henriquednt: posts big blind $0.02
*** HOLE CARDS ***
Dealt to Dorex2007 [Js 2c]
monstrrrik: folds 
MuraBesPoker: folds 
DodgeGTS4: calls $0.02
geniuss: calls $0.02
*VM*727: calls $0.02
Arush8: folds 
Dorex2007: calls $0.01
henriquednt: checks 
*** FLOP *** [7d 2d 6d]
Dorex2007: checks 
henriquednt: checks 
DodgeGTS4: checks 
geniuss: checks 
*VM*727: checks 
*** TURN *** [7d 2d 6d] [8c]
Dorex2007: checks 
henriquednt: checks 
DodgeGTS4: checks 
geniuss: checks 
*VM*727: checks 
*** RIVER *** [7d 2d 6d 8c] [8s]
Dorex2007: bets $0.05
henriquednt: folds 
DodgeGTS4: folds 
geniuss: folds 
*VM*727: folds 
Uncalled bet ($0.05) returned to Dorex2007
Dorex2007 collected $0.10 from pot
Dorex2007: doesn't show hand 
*** SUMMARY ***
Total pot $0.10 | Rake $0 
Board [7d 2d 6d 8c 8s]
Seat 1: geniuss folded on the River
Seat 2: *VM*727 folded on the River
Seat 3: Arush8 (button) folded before Flop (didn't bet)
Seat 4: Dorex2007 (small blind) collected ($0.10)
Seat 5: henriquednt (big blind) folded on the River
Seat 6: monstrrrik folded before Flop (didn't bet)
Seat 7: MuraBesPoker folded before Flop (didn't bet)
Seat 9: DodgeGTS4 folded on the River



PokerStars Hand #232622603494:  Hold'em No Limit ($0.01/$0.02 USD) - 2021/12/28 22:01:02 PT [2021/12/29 1:01:02 ET]
Table 'Eunike III' 9-max Seat #4 is the button
Seat 1: geniuss ($3.78 in chips) 
Seat 2: *VM*727 ($1.88 in chips) 
Seat 3: Arush8 ($2.06 in chips) 
Seat 4: Dorex2007 ($3.66 in chips) 
Seat 5: henriquednt ($0.78 in chips) 
Seat 6: monstrrrik ($2.14 in chips) 
Seat 7: MuraBesPoker ($2.86 in chips) 
Seat 9: DodgeGTS4 ($0.90 in chips) 
henriquednt: posts small blind $0.01
monstrrrik: posts big blind $0.02
*** HOLE CARDS ***
Dealt to Dorex2007 [2d 8s]
MuraBesPoker: folds 
DodgeGTS4: calls $0.02
geniuss: folds 
*VM*727: folds 
Arush8: raises $0.04 to $0.06
Dorex2007: folds 
henriquednt: calls $0.05
monstrrrik: folds 
DodgeGTS4: calls $0.04
*** FLOP *** [3d Qs 9d]
henriquednt: checks 
DodgeGTS4: checks 
Arush8: bets $0.10
henriquednt: folds 
DodgeGTS4: calls $0.10
*** TURN *** [3d Qs 9d] [Ac]
DodgeGTS4: checks 
Arush8: bets $0.14
DodgeGTS4: folds 
Uncalled bet ($0.14) returned to Arush8
Arush8 collected $0.39 from pot
Arush8: doesn't show hand 
*** SUMMARY ***
Total pot $0.40 | Rake $0.01 
Board [3d Qs 9d Ac]
Seat 1: geniuss folded before Flop (didn't bet)
Seat 2: *VM*727 folded before Flop (didn't bet)
Seat 3: Arush8 collected ($0.39)
Seat 4: Dorex2007 (button) folded before Flop (didn't bet)
Seat 5: henriquednt (small blind) folded on the Flop
Seat 6: monstrrrik (big blind) folded before Flop
Seat 7: MuraBesPoker folded before Flop (didn't bet)
Seat 9: DodgeGTS4 folded on the Turn



PokerStars Hand #232622608889:  Hold'em No Limit ($0.01/$0.02 USD) - 2021/12/28 22:01:40 PT [2021/12/29 1:01:40 ET]
Table 'Eunike III' 9-max Seat #5 is the button
Seat 1: geniuss ($3.78 in chips) 
Seat 2: *VM*727 ($1.88 in chips) 
Seat 3: Arush8 ($2.29 in chips) 
Seat 4: Dorex2007 ($3.66 in chips) 
Seat 5: henriquednt ($0.72 in chips) 
Seat 6: monstrrrik ($2.12 in chips) 
Seat 7: MuraBesPoker ($2.86 in chips) 
Seat 9: DodgeGTS4 ($0.74 in chips) 
monstrrrik: posts small blind $0.01
MuraBesPoker: posts big blind $0.02
*** HOLE CARDS ***
Dealt to Dorex2007 [8h 6d]
DodgeGTS4: calls $0.02
geniuss: folds 
*VM*727: calls $0.02
Arush8: folds 
Dorex2007: folds 
henriquednt: folds 
monstrrrik: folds 
MuraBesPoker: checks 
*** FLOP *** [8c 4d Jc]
MuraBesPoker: checks 
DodgeGTS4: checks 
*VM*727: checks 
*** TURN *** [8c 4d Jc] [Td]
MuraBesPoker: bets $0.04
DodgeGTS4: calls $0.04
*VM*727: folds 
*** RIVER *** [8c 4d Jc Td] [4s]
MuraBesPoker: checks 
DodgeGTS4: bets $0.04
MuraBesPoker: folds 
Uncalled bet ($0.04) returned to DodgeGTS4
DodgeGTS4 collected $0.14 from pot
DodgeGTS4: doesn't show hand 
*** SUMMARY ***
Total pot $0.15 | Rake $0.01 
Board [8c 4d Jc Td 4s]
Seat 1: geniuss folded before Flop (didn't bet)
Seat 2: *VM*727 folded on the Turn
Seat 3: Arush8 folded before Flop (didn't bet)
Seat 4: Dorex2007 folded before Flop (didn't bet)
Seat 5: henriquednt (button) folded before Flop (didn't bet)
Seat 6: monstrrrik (small blind) folded before Flop
Seat 7: MuraBesPoker (big blind) folded on the River
Seat 9: DodgeGTS4 collected ($0.14)



PokerStars Hand #232622613648:  Hold'em No Limit ($0.01/$0.02 USD) - 2021/12/28 22:02:13 PT [2021/12/29 1:02:13 ET]
Table 'Eunike III' 9-max Seat #6 is the button
Seat 1: geniuss ($3.78 in chips) 
Seat 2: *VM*727 ($1.86 in chips) 
Seat 3: Arush8 ($2.29 in chips) 
Seat 4: Dorex2007 ($3.66 in chips) 
Seat 5: henriquednt ($0.72 in chips) 
Seat 6: monstrrrik ($2.11 in chips) 
Seat 7: MuraBesPoker ($2.80 in chips) 
Seat 9: DodgeGTS4 ($0.82 in chips) 
MuraBesPoker: posts small blind $0.01
DodgeGTS4: posts big blind $0.02
*** HOLE CARDS ***
Dealt to Dorex2007 [4c Ac]
geniuss: folds 
*VM*727: folds 
Arush8: folds 
Dorex2007: calls $0.02
henriquednt: calls $0.02
monstrrrik: folds 
MuraBesPoker: folds 
DodgeGTS4: checks 
*** FLOP *** [Ts 4h Tc]
DodgeGTS4: checks 
Dorex2007: bets $0.04
henriquednt: calls $0.04
DodgeGTS4: folds 
*** TURN *** [Ts 4h Tc] [Ad]
Dorex2007: bets $0.14
henriquednt: folds 
Uncalled bet ($0.14) returned to Dorex2007
Dorex2007 collected $0.14 from pot
Dorex2007: doesn't show hand 
*** SUMMARY ***
Total pot $0.15 | Rake $0.01 
Board [Ts 4h Tc Ad]
Seat 1: geniuss folded before Flop (didn't bet)
Seat 2: *VM*727 folded before Flop (didn't bet)
Seat 3: Arush8 folded before Flop (didn't bet)
Seat 4: Dorex2007 collected ($0.14)
Seat 5: henriquednt folded on the Turn
Seat 6: monstrrrik (button) folded before Flop (didn't bet)
Seat 7: MuraBesPoker (small blind) folded before Flop
Seat 9: DodgeGTS4 (big blind) folded on the Flop



PokerStars Hand #232622617713:  Hold'em No Limit ($0.01/$0.02 USD) - 2021/12/28 22:02:42 PT [2021/12/29 1:02:42 ET]
Table 'Eunike III' 9-max Seat #7 is the button
Seat 1: geniuss ($3.78 in chips) 
Seat 2: *VM*727 ($1.86 in chips) 
Seat 3: Arush8 ($2.29 in chips) 
Seat 4: Dorex2007 ($3.74 in chips) 
Seat 6: monstrrrik ($2.11 in chips) 
Seat 7: MuraBesPoker ($2.79 in chips) 
Seat 9: DodgeGTS4 ($0.80 in chips) 
DodgeGTS4: posts small blind $0.01
geniuss: posts big blind $0.02
*** HOLE CARDS ***
Dealt to Dorex2007 [6c Kd]
*VM*727: calls $0.02
Arush8: folds 
Dorex2007: folds 
monstrrrik: raises $0.07 to $0.09
MuraBesPoker: folds 
DodgeGTS4: folds 
geniuss: folds 
*VM*727: calls $0.07
*** FLOP *** [8c 3c Ac]
*VM*727: checks 
monstrrrik: bets $0.13
*VM*727: folds 
Uncalled bet ($0.13) returned to monstrrrik
monstrrrik collected $0.20 from pot
monstrrrik: doesn't show hand 
*** SUMMARY ***
Total pot $0.21 | Rake $0.01 
Board [8c 3c Ac]
Seat 1: geniuss (big blind) folded before Flop
Seat 2: *VM*727 folded on the Flop
Seat 3: Arush8 folded before Flop (didn't bet)
Seat 4: Dorex2007 folded before Flop (didn't bet)
Seat 6: monstrrrik collected ($0.20)
Seat 7: MuraBesPoker (button) folded before Flop (didn't bet)
Seat 9: DodgeGTS4 (small blind) folded before Flop



PokerStars Hand #232622622660:  Hold'em No Limit ($0.01/$0.02 USD) - 2021/12/28 22:03:16 PT [2021/12/29 1:03:16 ET]
Table 'Eunike III' 9-max Seat #9 is the button
Seat 1: geniuss ($3.76 in chips) 
Seat 2: *VM*727 ($1.77 in chips) 
Seat 3: Arush8 ($2.29 in chips) 
Seat 4: Dorex2007 ($3.74 in chips) 
Seat 5: henriquednt ($0.66 in chips) 
Seat 6: monstrrrik ($2.22 in chips) 
Seat 7: MuraBesPoker ($2.79 in chips) 
Seat 8: leo6767 ($2.01 in chips) 
Seat 9: DodgeGTS4 ($0.79 in chips) 
geniuss: posts small blind $0.01
*VM*727: posts big blind $0.02
leo6767: posts small & big blinds $0.03
*** HOLE CARDS ***
Dealt to Dorex2007 [8d 7s]
Arush8: folds 
Dorex2007: folds 
henriquednt: calls $0.02
monstrrrik: folds 
MuraBesPoker: folds 
leo6767: raises $0.02 to $0.04
DodgeGTS4: calls $0.04
geniuss: folds 
*VM*727: folds 
henriquednt: calls $0.02
*** FLOP *** [6s 7c 9s]
henriquednt: checks 
leo6767: checks 
DodgeGTS4: checks 
*** TURN *** [6s 7c 9s] [Jh]
henriquednt: checks 
leo6767: checks 
DodgeGTS4: checks 
*** RIVER *** [6s 7c 9s Jh] [As]
henriquednt: checks 
leo6767: bets $0.10
DodgeGTS4: folds 
henriquednt: folds 
Uncalled bet ($0.10) returned to leo6767
leo6767 collected $0.15 from pot
leo6767: doesn't show hand 
*** SUMMARY ***
Total pot $0.16 | Rake $0.01 
Board [6s 7c 9s Jh As]
Seat 1: geniuss (small blind) folded before Flop
Seat 2: *VM*727 (big blind) folded before Flop
Seat 3: Arush8 folded before Flop (didn't bet)
Seat 4: Dorex2007 folded before Flop (didn't bet)
Seat 5: henriquednt folded on the River
Seat 6: monstrrrik folded before Flop (didn't bet)
Seat 7: MuraBesPoker folded before Flop (didn't bet)
Seat 8: leo6767 collected ($0.15)
Seat 9: DodgeGTS4 (button) folded on the River



PokerStars Hand #232622628588:  Hold'em No Limit ($0.01/$0.02 USD) - 2021/12/28 22:03:56 PT [2021/12/29 1:03:56 ET]
Table 'Eunike III' 9-max Seat #1 is the button
Seat 1: geniuss ($3.75 in chips) 
Seat 2: *VM*727 ($1.75 in chips) 
Seat 3: Arush8 ($2.29 in chips) 
Seat 4: Dorex2007 ($3.74 in chips) 
Seat 6: monstrrrik ($2.22 in chips) 
Seat 7: MuraBesPoker ($2.79 in chips) 
Seat 8: leo6767 ($2.11 in chips) 
Seat 9: DodgeGTS4 ($0.75 in chips) 
*VM*727: posts small blind $0.01
Arush8: posts big blind $0.02
*** HOLE CARDS ***
Dealt to Dorex2007 [2c 5s]
henriquednt leaves the table
Dorex2007: folds 
monstrrrik: folds 
MuraBesPoker: folds 
leo6767: calls $0.02
DodgeGTS4: calls $0.02
geniuss: folds 
*VM*727: folds 
Arush8: checks 
*** FLOP *** [3s Qc As]
Arush8: checks 
leo6767: checks 
DodgeGTS4: checks 
*** TURN *** [3s Qc As] [2s]
Arush8: checks 
leo6767: checks 
DodgeGTS4: checks 
*** RIVER *** [3s Qc As 2s] [2h]
Arush8: checks 
leo6767: checks 
DodgeGTS4: checks 
*** SHOW DOWN ***
Arush8: shows [6d 8h] (a pair of Deuces)
leo6767: shows [7h 8s] (a pair of Deuces)
DodgeGTS4: shows [8c 6c] (a pair of Deuces)
Arush8 collected $0.03 from pot
leo6767 collected $0.02 from pot
DodgeGTS4 collected $0.02 from pot
*** SUMMARY ***
Total pot $0.07 | Rake $0 
Board [3s Qc As 2s 2h]
Seat 1: geniuss (button) folded before Flop (didn't bet)
Seat 2: *VM*727 (small blind) folded before Flop
Seat 3: Arush8 (big blind) showed [6d 8h] and won ($0.03) with a pair of Deuces
Seat 4: Dorex2007 folded before Flop (didn't bet)
Seat 6: monstrrrik folded before Flop (didn't bet)
Seat 7: MuraBesPoker folded before Flop (didn't bet)
Seat 8: leo6767 showed [7h 8s] and won ($0.02) with a pair of Deuces
Seat 9: DodgeGTS4 showed [8c 6c] and won ($0.02) with a pair of Deuces



PokerStars Hand #232622636496:  Hold'em No Limit ($0.01/$0.02 USD) - 2021/12/28 22:04:50 PT [2021/12/29 1:04:50 ET]
Table 'Eunike III' 9-max Seat #2 is the button
Seat 1: geniuss ($3.75 in chips) 
Seat 2: *VM*727 ($1.74 in chips) 
Seat 3: Arush8 ($2.30 in chips) 
Seat 4: Dorex2007 ($3.74 in chips) 
Seat 6: monstrrrik ($2.22 in chips) 
Seat 7: MuraBesPoker ($2.79 in chips) 
Seat 8: leo6767 ($2.11 in chips) 
Seat 9: DodgeGTS4 ($0.75 in chips) 
Arush8: posts small blind $0.01
Dorex2007: posts big blind $0.02
*** HOLE CARDS ***
Dealt to Dorex2007 [Jd Kc]
monstrrrik: folds 
MuraBesPoker: folds 
leo6767: calls $0.02
DodgeGTS4: raises $0.03 to $0.05
geniuss: folds 
*VM*727: calls $0.05
Arush8: folds 
Dorex2007: calls $0.03
leo6767: calls $0.03
*** FLOP *** [2c 5c 5h]
Dorex2007: checks 
leo6767: checks 
DodgeGTS4: checks 
*VM*727: checks 
*** TURN *** [2c 5c 5h] [Qc]
Dorex2007: checks 
leo6767: checks 
DodgeGTS4: bets $0.06
*VM*727: calls $0.06
Dorex2007: folds 
leo6767: folds 
*** RIVER *** [2c 5c 5h Qc] [2h]
DodgeGTS4: checks 
*VM*727: bets $0.05
DodgeGTS4: calls $0.05
*** SHOW DOWN ***
*VM*727: shows [Kh Qd] (two pair, Queens and Fives)
DodgeGTS4: mucks hand 
*VM*727 collected $0.41 from pot
*** SUMMARY ***
Total pot $0.43 | Rake $0.02 
Board [2c 5c 5h Qc 2h]
Seat 1: geniuss folded before Flop (didn't bet)
Seat 2: *VM*727 (button) showed [Kh Qd] and won ($0.41) with two pair, Queens and Fives
Seat 3: Arush8 (small blind) folded before Flop
Seat 4: Dorex2007 (big blind) folded on the Turn
Seat 6: monstrrrik folded before Flop (didn't bet)
Seat 7: MuraBesPoker folded before Flop (didn't bet)
Seat 8: leo6767 folded on the Turn
Seat 9: DodgeGTS4 mucked [Ac Td]



PokerStars Hand #232622644324:  Hold'em No Limit ($0.01/$0.02 USD) - 2021/12/28 22:05:44 PT [2021/12/29 1:05:44 ET]
Table 'Eunike III' 9-max Seat #3 is the button
Seat 1: geniuss ($3.75 in chips) 
Seat 2: *VM*727 ($1.99 in chips) 
Seat 3: Arush8 ($2.29 in chips) 
Seat 4: Dorex2007 ($3.69 in chips) 
Seat 6: monstrrrik ($2.22 in chips) 
Seat 7: MuraBesPoker ($2.79 in chips) 
Seat 8: leo6767 ($2.06 in chips) 
Seat 9: DodgeGTS4 ($0.59 in chips) 
Dorex2007: posts small blind $0.01
monstrrrik: posts big blind $0.02
*** HOLE CARDS ***
Dealt to Dorex2007 [Jc Ac]
MuraBesPoker: folds 
leo6767: calls $0.02
DodgeGTS4: calls $0.02
geniuss: folds 
*VM*727: folds 
Arush8: calls $0.02
Dorex2007: calls $0.01
Damir Tula joins the table at seat #5 
monstrrrik: checks 
*** FLOP *** [3h Td 5h]
Dorex2007: checks 
monstrrrik: checks 
leo6767: checks 
DodgeGTS4: checks 
Arush8: checks 
*** TURN *** [3h Td 5h] [Ks]
Dorex2007: checks 
monstrrrik: bets $0.08
leo6767: folds 
DodgeGTS4: folds 
Arush8: folds 
Dorex2007: folds 
Uncalled bet ($0.08) returned to monstrrrik
monstrrrik collected $0.10 from pot
monstrrrik: doesn't show hand 
*** SUMMARY ***
Total pot $0.10 | Rake $0 
Board [3h Td 5h Ks]
Seat 1: geniuss folded before Flop (didn't bet)
Seat 2: *VM*727 folded before Flop (didn't bet)
Seat 3: Arush8 (button) folded on the Turn
Seat 4: Dorex2007 (small blind) folded on the Turn
Seat 6: monstrrrik (big blind) collected ($0.10)
Seat 7: MuraBesPoker folded before Flop (didn't bet)
Seat 8: leo6767 folded on the Turn
Seat 9: DodgeGTS4 folded on the Turn



PokerStars Hand #232622649933:  Hold'em No Limit ($0.01/$0.02 USD) - 2021/12/28 22:06:23 PT [2021/12/29 1:06:23 ET]
Table 'Eunike III' 9-max Seat #4 is the button
Seat 1: geniuss ($3.75 in chips) 
Seat 2: *VM*727 ($1.99 in chips) 
Seat 3: Arush8 ($2.27 in chips) 
Seat 4: Dorex2007 ($3.67 in chips) 
Seat 6: monstrrrik ($2.30 in chips) 
Seat 7: MuraBesPoker ($2.79 in chips) 
Seat 8: leo6767 ($2.04 in chips) 
Seat 9: DodgeGTS4 ($0.57 in chips) 
monstrrrik: posts small blind $0.01
MuraBesPoker: posts big blind $0.02
*** HOLE CARDS ***
Dealt to Dorex2007 [9d 6s]
leo6767: calls $0.02
DodgeGTS4: calls $0.02
geniuss: folds 
*VM*727: folds 
Arush8: folds 
Dorex2007: folds 
monstrrrik: calls $0.01
MuraBesPoker: checks 
*** FLOP *** [2h Th 6c]
monstrrrik: checks 
MuraBesPoker: checks 
leo6767: checks 
DodgeGTS4: bets $0.02
monstrrrik: folds 
MuraBesPoker: folds 
leo6767: calls $0.02
*** TURN *** [2h Th 6c] [9h]
leo6767: bets $0.08
DodgeGTS4: folds 
Uncalled bet ($0.08) returned to leo6767
leo6767 collected $0.12 from pot
leo6767: doesn't show hand 
*** SUMMARY ***
Total pot $0.12 | Rake $0 
Board [2h Th 6c 9h]
Seat 1: geniuss folded before Flop (didn't bet)
Seat 2: *VM*727 folded before Flop (didn't bet)
Seat 3: Arush8 folded before Flop (didn't bet)
Seat 4: Dorex2007 (button) folded before Flop (didn't bet)
Seat 6: monstrrrik (small blind) folded on the Flop
Seat 7: MuraBesPoker (big blind) folded on the Flop
Seat 8: leo6767 collected ($0.12)
Seat 9: DodgeGTS4 folded on the Turn



PokerStars Hand #232622657249:  Hold'em No Limit ($0.01/$0.02 USD) - 2021/12/28 22:07:13 PT [2021/12/29 1:07:13 ET]
Table 'Eunike III' 9-max Seat #6 is the button
Seat 1: geniuss ($3.75 in chips) 
Seat 2: *VM*727 ($1.99 in chips) 
Seat 3: Arush8 ($2.27 in chips) 
Seat 4: Dorex2007 ($3.67 in chips) 
Seat 6: monstrrrik ($2.28 in chips) 
Seat 7: MuraBesPoker ($2.77 in chips) 
Seat 8: leo6767 ($2.12 in chips) 
Seat 9: DodgeGTS4 ($0.53 in chips) 
MuraBesPoker: posts small blind $0.01
leo6767: posts big blind $0.02
Damir Tula: sits out 
*** HOLE CARDS ***
Dealt to Dorex2007 [9d 6s]
DodgeGTS4: calls $0.02
geniuss: folds 
*VM*727: calls $0.02
Arush8: folds 
Dorex2007: folds 
monstrrrik: folds 
MuraBesPoker: calls $0.01
leo6767: checks 
*** FLOP *** [2c 3c 9c]
MuraBesPoker: checks 
leo6767: checks 
DodgeGTS4: bets $0.04
*VM*727: folds 
MuraBesPoker: calls $0.04
leo6767: folds 
*** TURN *** [2c 3c 9c] [Qc]
MuraBesPoker: checks 
DodgeGTS4: bets $0.04
MuraBesPoker: calls $0.04
*** RIVER *** [2c 3c 9c Qc] [5h]
MuraBesPoker: checks 
DodgeGTS4: bets $0.04
MuraBesPoker: calls $0.04
*** SHOW DOWN ***
DodgeGTS4: shows [4c 5c] (a flush, Queen high)
MuraBesPoker: shows [As Tc] (a flush, Queen high - Ten higher)
MuraBesPoker collected $0.31 from pot
*** SUMMARY ***
Total pot $0.32 | Rake $0.01 
Board [2c 3c 9c Qc 5h]
Seat 1: geniuss folded before Flop (didn't bet)
Seat 2: *VM*727 folded on the Flop
Seat 3: Arush8 folded before Flop (didn't bet)
Seat 4: Dorex2007 folded before Flop (didn't bet)
Seat 6: monstrrrik (button) folded before Flop (didn't bet)
Seat 7: MuraBesPoker (small blind) showed [As Tc] and won ($0.31) with a flush, Queen high
Seat 8: leo6767 (big blind) folded on the Flop
Seat 9: DodgeGTS4 showed [4c 5c] and lost with a flush, Queen high



PokerStars Hand #232622665477:  Hold'em No Limit ($0.01/$0.02 USD) - 2021/12/28 22:08:10 PT [2021/12/29 1:08:10 ET]
Table 'Eunike III' 9-max Seat #7 is the button
Seat 1: geniuss ($3.75 in chips) 
Seat 2: *VM*727 ($1.97 in chips) 
Seat 3: Arush8 ($2.27 in chips) 
Seat 4: Dorex2007 ($3.67 in chips) 
Seat 6: monstrrrik ($2.28 in chips) 
Seat 7: MuraBesPoker ($2.94 in chips) 
Seat 8: leo6767 ($2.10 in chips) 
Seat 9: DodgeGTS4 ($0.39 in chips) 
leo6767: posts small blind $0.01
DodgeGTS4: posts big blind $0.02
Damir Tula: sits out 
*** HOLE CARDS ***
Dealt to Dorex2007 [4d 8d]
geniuss: folds 
*VM*727: folds 
Arush8: folds 
Dorex2007: folds 
monstrrrik: folds 
MuraBesPoker: raises $0.04 to $0.06
leo6767: calls $0.05
DodgeGTS4: folds 
*** FLOP *** [8s 6s 5d]
leo6767: checks 
MuraBesPoker: bets $0.09
leo6767: calls $0.09
*** TURN *** [8s 6s 5d] [As]
leo6767: bets $0.06
MuraBesPoker: calls $0.06
*** RIVER *** [8s 6s 5d As] [Qh]
leo6767: bets $0.08
MuraBesPoker: calls $0.08
*** SHOW DOWN ***
leo6767: shows [6h Ks] (a pair of Sixes)
MuraBesPoker: shows [9h 9c] (a pair of Nines)
MuraBesPoker collected $0.58 from pot
*** SUMMARY ***
Total pot $0.60 | Rake $0.02 
Board [8s 6s 5d As Qh]
Seat 1: geniuss folded before Flop (didn't bet)
Seat 2: *VM*727 folded before Flop (didn't bet)
Seat 3: Arush8 folded before Flop (didn't bet)
Seat 4: Dorex2007 folded before Flop (didn't bet)
Seat 6: monstrrrik folded before Flop (didn't bet)
Seat 7: MuraBesPoker (button) showed [9h 9c] and won ($0.58) with a pair of Nines
Seat 8: leo6767 (small blind) showed [6h Ks] and lost with a pair of Sixes
Seat 9: DodgeGTS4 (big blind) folded before Flop



PokerStars Hand #232622672431:  Hold'em No Limit ($0.01/$0.02 USD) - 2021/12/28 22:08:50 PT [2021/12/29 1:08:50 ET]
Table 'Eunike III' 9-max Seat #8 is the button
Seat 1: geniuss ($3.75 in chips) 
Seat 2: *VM*727 ($1.97 in chips) 
Seat 3: Arush8 ($2.27 in chips) 
Seat 4: Dorex2007 ($3.67 in chips) 
Seat 6: monstrrrik ($2.28 in chips) 
Seat 7: MuraBesPoker ($3.23 in chips) 
Seat 8: leo6767 ($1.81 in chips) 
Seat 9: DodgeGTS4 ($0.37 in chips) 
DodgeGTS4: posts small blind $0.01
geniuss: posts big blind $0.02
Damir Tula: sits out 
*** HOLE CARDS ***
Dealt to Dorex2007 [9c 4c]
*VM*727: folds 
Arush8: calls $0.02
Dorex2007: folds 
monstrrrik: folds 
MuraBesPoker: folds 
leo6767: calls $0.02
DodgeGTS4: raises $0.08 to $0.10
geniuss: folds 
Arush8: folds 
leo6767: calls $0.08
*** FLOP *** [6c 8s Kd]
DodgeGTS4: bets $0.27 and is all-in
leo6767: folds 
Uncalled bet ($0.27) returned to DodgeGTS4
DodgeGTS4 collected $0.23 from pot
DodgeGTS4: doesn't show hand 
*** SUMMARY ***
Total pot $0.24 | Rake $0.01 
Board [6c 8s Kd]
Seat 1: geniuss (big blind) folded before Flop
Seat 2: *VM*727 folded before Flop (didn't bet)
Seat 3: Arush8 folded before Flop
Seat 4: Dorex2007 folded before Flop (didn't bet)
Seat 6: monstrrrik folded before Flop (didn't bet)
Seat 7: MuraBesPoker folded before Flop (didn't bet)
Seat 8: leo6767 (button) folded on the Flop
Seat 9: DodgeGTS4 (small blind) collected ($0.23)



PokerStars Hand #232622676604:  Hold'em No Limit ($0.01/$0.02 USD) - 2021/12/28 22:09:20 PT [2021/12/29 1:09:20 ET]
Table 'Eunike III' 9-max Seat #9 is the button
Seat 1: geniuss ($3.73 in chips) 
Seat 2: *VM*727 ($1.97 in chips) 
Seat 3: Arush8 ($2.25 in chips) 
Seat 4: Dorex2007 ($3.67 in chips) 
Seat 6: monstrrrik ($2.28 in chips) 
Seat 7: MuraBesPoker ($3.23 in chips) 
Seat 8: leo6767 ($1.71 in chips) 
Seat 9: DodgeGTS4 ($0.50 in chips) 
geniuss: posts small blind $0.01
*VM*727: posts big blind $0.02
Damir Tula: sits out 
*** HOLE CARDS ***
Dealt to Dorex2007 [Js 2d]
Arush8: folds 
Dorex2007: folds 
monstrrrik: folds 
MuraBesPoker: folds 
leo6767: calls $0.02
DodgeGTS4: calls $0.02
geniuss: folds 
*VM*727: checks 
*** FLOP *** [8h 2c 9s]
*VM*727: checks 
leo6767: checks 
DodgeGTS4: checks 
*** TURN *** [8h 2c 9s] [Jc]
*VM*727: checks 
leo6767: checks 
DodgeGTS4: bets $0.02
*VM*727: calls $0.02
leo6767: calls $0.02
*** RIVER *** [8h 2c 9s Jc] [Qh]
*VM*727: checks 
leo6767: checks 
DodgeGTS4: bets $0.06
*VM*727: folds 
leo6767: folds 
Uncalled bet ($0.06) returned to DodgeGTS4
DodgeGTS4 collected $0.13 from pot
DodgeGTS4: doesn't show hand 
*** SUMMARY ***
Total pot $0.13 | Rake $0 
Board [8h 2c 9s Jc Qh]
Seat 1: geniuss (small blind) folded before Flop
Seat 2: *VM*727 (big blind) folded on the River
Seat 3: Arush8 folded before Flop (didn't bet)
Seat 4: Dorex2007 folded before Flop (didn't bet)
Seat 6: monstrrrik folded before Flop (didn't bet)
Seat 7: MuraBesPoker folded before Flop (didn't bet)
Seat 8: leo6767 folded on the River
Seat 9: DodgeGTS4 (button) collected ($0.13)



PokerStars Hand #232622683734:  Hold'em No Limit ($0.01/$0.02 USD) - 2021/12/28 22:10:09 PT [2021/12/29 1:10:09 ET]
Table 'Eunike III' 9-max Seat #1 is the button
Seat 1: geniuss ($3.72 in chips) 
Seat 2: *VM*727 ($1.93 in chips) 
Seat 3: Arush8 ($2.25 in chips) 
Seat 4: Dorex2007 ($3.67 in chips) 
Seat 6: monstrrrik ($2.28 in chips) 
Seat 7: MuraBesPoker ($3.23 in chips) 
Seat 8: leo6767 ($1.67 in chips) 
Seat 9: DodgeGTS4 ($0.59 in chips) 
*VM*727: posts small blind $0.01
Arush8: posts big blind $0.02
Damir Tula: sits out 
*** HOLE CARDS ***
Dealt to Dorex2007 [Qh 9s]
Dorex2007: folds 
monstrrrik: raises $0.05 to $0.07
MuraBesPoker: folds 
leo6767: calls $0.07
DodgeGTS4: folds 
geniuss: calls $0.07
*VM*727: folds 
Arush8: folds 
*** FLOP *** [Kd 5h Qd]
monstrrrik: checks 
leo6767: bets $0.10
geniuss: folds 
monstrrrik: folds 
Uncalled bet ($0.10) returned to leo6767
leo6767 collected $0.23 from pot
leo6767: doesn't show hand 
*** SUMMARY ***
Total pot $0.24 | Rake $0.01 
Board [Kd 5h Qd]
Seat 1: geniuss (button) folded on the Flop
Seat 2: *VM*727 (small blind) folded before Flop
Seat 3: Arush8 (big blind) folded before Flop
Seat 4: Dorex2007 folded before Flop (didn't bet)
Seat 6: monstrrrik folded on the Flop
Seat 7: MuraBesPoker folded before Flop (didn't bet)
Seat 8: leo6767 collected ($0.23)
Seat 9: DodgeGTS4 folded before Flop (didn't bet)



PokerStars Hand #232622690847:  Hold'em No Limit ($0.01/$0.02 USD) - 2021/12/28 22:11:00 PT [2021/12/29 1:11:00 ET]
Table 'Eunike III' 9-max Seat #2 is the button
Seat 1: geniuss ($3.65 in chips) 
Seat 2: *VM*727 ($1.92 in chips) 
Seat 3: Arush8 ($2.23 in chips) 
Seat 4: Dorex2007 ($3.67 in chips) 
Seat 6: monstrrrik ($2.21 in chips) 
Seat 7: MuraBesPoker ($3.23 in chips) 
Seat 8: leo6767 ($1.83 in chips) 
Seat 9: DodgeGTS4 ($0.59 in chips) 
Arush8: posts small blind $0.01
Dorex2007: posts big blind $0.02
Damir Tula: sits out 
*** HOLE CARDS ***
Dealt to Dorex2007 [Th Jh]
monstrrrik: folds 
MuraBesPoker: folds 
leo6767: calls $0.02
DodgeGTS4 has timed out
DodgeGTS4: folds 
geniuss: folds 
*VM*727: folds 
Arush8: folds 
Dorex2007: checks 
*** FLOP *** [Qd Qs 2s]
Dorex2007: checks 
leo6767: bets $0.06
Dorex2007: folds 
Uncalled bet ($0.06) returned to leo6767
leo6767 collected $0.05 from pot
leo6767: doesn't show hand 
*** SUMMARY ***
Total pot $0.05 | Rake $0 
Board [Qd Qs 2s]
Seat 1: geniuss folded before Flop (didn't bet)
Seat 2: *VM*727 (button) folded before Flop (didn't bet)
Seat 3: Arush8 (small blind) folded before Flop
Seat 4: Dorex2007 (big blind) folded on the Flop
Seat 6: monstrrrik folded before Flop (didn't bet)
Seat 7: MuraBesPoker folded before Flop (didn't bet)
Seat 8: leo6767 collected ($0.05)
Seat 9: DodgeGTS4 folded before Flop (didn't bet)



PokerStars Hand #232622697008:  Hold'em No Limit ($0.01/$0.02 USD) - 2021/12/28 22:11:43 PT [2021/12/29 1:11:43 ET]
Table 'Eunike III' 9-max Seat #3 is the button
Seat 1: geniuss ($3.65 in chips) 
Seat 2: *VM*727 ($1.92 in chips) 
Seat 3: Arush8 ($2.22 in chips) 
Seat 4: Dorex2007 ($3.65 in chips) 
Seat 5: Damir Tula ($1.60 in chips) 
Seat 6: monstrrrik ($2.21 in chips) 
Seat 7: MuraBesPoker ($3.23 in chips) 
Seat 8: leo6767 ($1.86 in chips) 
Seat 9: DodgeGTS4 ($0.59 in chips) 
Dorex2007: posts small blind $0.01
Damir Tula: posts big blind $0.02
*** HOLE CARDS ***
Dealt to Dorex2007 [4d Th]
monstrrrik: folds 
MuraBesPoker: folds 
leo6767: calls $0.02
DodgeGTS4: folds 
geniuss: folds 
*VM*727: folds 
Arush8: raises $0.04 to $0.06
Dorex2007: folds 
Damir Tula: folds 
leo6767: calls $0.04
*** FLOP *** [8h 7c 9s]
leo6767: checks 
Arush8: bets $0.06
leo6767: calls $0.06
*** TURN *** [8h 7c 9s] [7d]
leo6767: checks 
Arush8: bets $0.13
leo6767: calls $0.13
*** RIVER *** [8h 7c 9s 7d] [8d]
leo6767: checks 
Arush8: checks 
*** SHOW DOWN ***
leo6767: shows [6h 2h] (two pair, Eights and Sevens)
Arush8: shows [5d Ah] (two pair, Eights and Sevens - Ace kicker)
Arush8 collected $0.51 from pot
*** SUMMARY ***
Total pot $0.53 | Rake $0.02 
Board [8h 7c 9s 7d 8d]
Seat 1: geniuss folded before Flop (didn't bet)
Seat 2: *VM*727 folded before Flop (didn't bet)
Seat 3: Arush8 (button) showed [5d Ah] and won ($0.51) with two pair, Eights and Sevens
Seat 4: Dorex2007 (small blind) folded before Flop
Seat 5: Damir Tula (big blind) folded before Flop
Seat 6: monstrrrik folded before Flop (didn't bet)
Seat 7: MuraBesPoker folded before Flop (didn't bet)
Seat 8: leo6767 showed [6h 2h] and lost with two pair, Eights and Sevens
Seat 9: DodgeGTS4 folded before Flop (didn't bet)



PokerStars Hand #232622705097:  Hold'em No Limit ($0.01/$0.02 USD) - 2021/12/28 22:12:40 PT [2021/12/29 1:12:40 ET]
Table 'Eunike III' 9-max Seat #4 is the button
Seat 1: geniuss ($3.65 in chips) 
Seat 2: *VM*727 ($1.92 in chips) 
Seat 3: Arush8 ($2.48 in chips) 
Seat 4: Dorex2007 ($3.64 in chips) 
Seat 5: Damir Tula ($1.60 in chips) 
Seat 7: MuraBesPoker ($3.23 in chips) 
Seat 8: leo6767 ($1.61 in chips) 
Seat 9: DodgeGTS4 ($0.59 in chips) 
Damir Tula: posts small blind $0.01
monstrrrik: is sitting out 
monstrrrik leaves the table
MuraBesPoker: posts big blind $0.02
*** HOLE CARDS ***
Dealt to Dorex2007 [Tc 8c]
leo6767: calls $0.02
DodgeGTS4: calls $0.02
geniuss: folds 
*VM*727: calls $0.02
Arush8: folds 
Dorex2007: calls $0.02
Damir Tula: folds 
cris_javi849 joins the table at seat #6 
MuraBesPoker: checks 
*** FLOP *** [Jc Qh 6s]
MuraBesPoker: checks 
leo6767: checks 
DodgeGTS4: checks 
*VM*727: checks 
Dorex2007: checks 
*** TURN *** [Jc Qh 6s] [2d]
MuraBesPoker: checks 
leo6767: checks 
DodgeGTS4: checks 
*VM*727: checks 
Dorex2007: checks 
*** RIVER *** [Jc Qh 6s 2d] [3s]
MuraBesPoker: checks 
leo6767: checks 
DodgeGTS4: checks 
*VM*727: checks 
Dorex2007: checks 
*** SHOW DOWN ***
MuraBesPoker: shows [2s Kh] (a pair of Deuces)
leo6767: mucks hand 
DodgeGTS4: mucks hand 
*VM*727: mucks hand 
Dorex2007: mucks hand 
MuraBesPoker collected $0.11 from pot
*** SUMMARY ***
Total pot $0.11 | Rake $0 
Board [Jc Qh 6s 2d 3s]
Seat 1: geniuss folded before Flop (didn't bet)
Seat 2: *VM*727 mucked [Ks Ts]
Seat 3: Arush8 folded before Flop (didn't bet)
Seat 4: Dorex2007 (button) mucked [Tc 8c]
Seat 5: Damir Tula (small blind) folded before Flop
Seat 7: MuraBesPoker (big blind) showed [2s Kh] and won ($0.11) with a pair of Deuces
Seat 8: leo6767 mucked [9h 4c]
Seat 9: DodgeGTS4 mucked [Ac 7h]



PokerStars Hand #232622723704:  Hold'em No Limit ($0.01/$0.02 USD) - 2021/12/28 22:13:55 PT [2021/12/29 1:13:55 ET]
Table 'Eunike III' 9-max Seat #5 is the button
Seat 1: geniuss ($3.65 in chips) 
Seat 2: *VM*727 ($1.90 in chips) 
Seat 3: Arush8 ($2.48 in chips) 
Seat 4: Dorex2007 ($3.62 in chips) 
Seat 5: Damir Tula ($1.60 in chips) 
Seat 7: MuraBesPoker ($3.32 in chips) 
Seat 8: leo6767 ($1.59 in chips) 
Seat 9: DodgeGTS4 ($0.57 in chips) 
MuraBesPoker: posts small blind $0.01
leo6767: posts big blind $0.02
*** HOLE CARDS ***
Dealt to Dorex2007 [Ks 8d]
DodgeGTS4: raises $0.03 to $0.05
geniuss: folds 
*VM*727: calls $0.05
Arush8: folds 
Dorex2007: folds 
Damir Tula: calls $0.05
MuraBesPoker: folds 
leo6767: folds 
*** FLOP *** [Qc 5s 2c]
DodgeGTS4: bets $0.08
*VM*727: calls $0.08
Damir Tula: folds 
*** TURN *** [Qc 5s 2c] [Tc]
DodgeGTS4: bets $0.44 and is all-in
*VM*727: calls $0.44
*** RIVER *** [Qc 5s 2c Tc] [7c]
*** SHOW DOWN ***
DodgeGTS4: shows [Jh Js] (a pair of Jacks)
*VM*727: shows [Qd Kd] (a pair of Queens)
*VM*727 cashed out the hand for $1.11 | Cash Out Fee $0.01
*** SUMMARY ***
Total pot $1.22 | Rake $0.04 
Board [Qc 5s 2c Tc 7c]
Seat 1: geniuss folded before Flop (didn't bet)
Seat 2: *VM*727 showed [Qd Kd] and won ($1.18) with a pair of Queens (pot not awarded as player cashed out)
Seat 3: Arush8 folded before Flop (didn't bet)
Seat 4: Dorex2007 folded before Flop (didn't bet)
Seat 5: Damir Tula (button) folded on the Flop
Seat 7: MuraBesPoker (small blind) folded before Flop
Seat 8: leo6767 (big blind) folded before Flop
Seat 9: DodgeGTS4 showed [Jh Js] and lost with a pair of Jacks



PokerStars Hand #232622731857:  Hold'em No Limit ($0.01/$0.02 USD) - 2021/12/28 22:14:52 PT [2021/12/29 1:14:52 ET]
Table 'Eunike III' 9-max Seat #7 is the button
Seat 1: geniuss ($3.65 in chips) 
Seat 2: *VM*727 ($2.44 in chips) 
Seat 3: Arush8 ($2.48 in chips) 
Seat 4: Dorex2007 ($3.62 in chips) 
Seat 5: Damir Tula ($1.60 in chips) 
Seat 6: cris_javi849 ($1 in chips) 
Seat 7: MuraBesPoker ($3.31 in chips) 
Seat 8: leo6767 ($1.57 in chips) 
leo6767: posts small blind $0.01
geniuss: posts big blind $0.02
cris_javi849: posts big blind $0.02
*** HOLE CARDS ***
Dealt to Dorex2007 [3d 8s]
*VM*727: folds 
Arush8: folds 
Dorex2007: folds 
Damir Tula: raises $0.04 to $0.06
cris_javi849: folds 
MuraBesPoker: calls $0.06
leo6767: calls $0.05
geniuss: folds 
*** FLOP *** [Td 2s Qs]
leo6767: checks 
Damir Tula: bets $0.21
MuraBesPoker: folds 
leo6767: calls $0.21
*** TURN *** [Td 2s Qs] [9c]
leo6767: bets $0.02
Damir Tula: calls $0.02
*** RIVER *** [Td 2s Qs 9c] [Kc]
leo6767: bets $0.08
Damir Tula: calls $0.08
*** SHOW DOWN ***
leo6767: shows [5h 2d] (a pair of Deuces)
Damir Tula: shows [Ks Qc] (two pair, Kings and Queens)
Damir Tula collected $0.81 from pot
*** SUMMARY ***
Total pot $0.84 | Rake $0.03 
Board [Td 2s Qs 9c Kc]
Seat 1: geniuss (big blind) folded before Flop
Seat 2: *VM*727 folded before Flop (didn't bet)
Seat 3: Arush8 folded before Flop (didn't bet)
Seat 4: Dorex2007 folded before Flop (didn't bet)
Seat 5: Damir Tula showed [Ks Qc] and won ($0.81) with two pair, Kings and Queens
Seat 6: cris_javi849 folded before Flop (didn't bet)
Seat 7: MuraBesPoker (button) folded on the Flop
Seat 8: leo6767 (small blind) showed [5h 2d] and lost with a pair of Deuces



PokerStars Hand #232622740457:  Hold'em No Limit ($0.01/$0.02 USD) - 2021/12/28 22:15:52 PT [2021/12/29 1:15:52 ET]
Table 'Eunike III' 9-max Seat #8 is the button
Seat 1: geniuss ($3.63 in chips) 
Seat 3: Arush8 ($2.48 in chips) 
Seat 4: Dorex2007 ($3.62 in chips) 
Seat 5: Damir Tula ($2.04 in chips) 
Seat 6: cris_javi849 ($0.98 in chips) 
Seat 7: MuraBesPoker ($3.25 in chips) 
Seat 8: leo6767 ($1.20 in chips) 
geniuss: posts small blind $0.01
Arush8: posts big blind $0.02
*** HOLE CARDS ***
Dealt to Dorex2007 [6h Jh]
Dorex2007: folds 
Damir Tula: folds 
cris_javi849: calls $0.02
MuraBesPoker: folds 
leo6767: calls $0.02
geniuss: calls $0.01
Arush8: checks 
*** FLOP *** [2h 9h 9c]
geniuss: checks 
Arush8: checks 
cris_javi849: checks 
leo6767: checks 
*** TURN *** [2h 9h 9c] [8s]
geniuss: checks 
Arush8: checks 
cris_javi849: bets $0.04
leo6767: calls $0.04
geniuss: folds 
Arush8: folds 
*** RIVER *** [2h 9h 9c 8s] [6c]
cris_javi849: bets $0.10
leo6767: calls $0.10
*** SHOW DOWN ***
cris_javi849: shows [9d 3d] (three of a kind, Nines)
leo6767: mucks hand 
cris_javi849 collected $0.35 from pot
*** SUMMARY ***
Total pot $0.36 | Rake $0.01 
Board [2h 9h 9c 8s 6c]
Seat 1: geniuss (small blind) folded on the Turn
Seat 3: Arush8 (big blind) folded on the Turn
Seat 4: Dorex2007 folded before Flop (didn't bet)
Seat 5: Damir Tula folded before Flop (didn't bet)
Seat 6: cris_javi849 showed [9d 3d] and won ($0.35) with three of a kind, Nines
Seat 7: MuraBesPoker folded before Flop (didn't bet)
Seat 8: leo6767 (button) mucked [5d 6s]



PokerStars Hand #232622751093:  Hold'em No Limit ($0.01/$0.02 USD) - 2021/12/28 22:17:07 PT [2021/12/29 1:17:07 ET]
Table 'Eunike III' 9-max Seat #1 is the button
Seat 1: geniuss ($3.61 in chips) 
Seat 3: Arush8 ($2.46 in chips) 
Seat 4: Dorex2007 ($3.62 in chips) 
Seat 5: Damir Tula ($2.04 in chips) 
Seat 6: cris_javi849 ($1.17 in chips) 
Seat 7: MuraBesPoker ($3.25 in chips) 
Seat 8: leo6767 ($1.04 in chips) 
Seat 9: DodgeGTS4 ($0.80 in chips) 
Arush8: posts small blind $0.01
Dorex2007: posts big blind $0.02
DodgeGTS4: posts small & big blinds $0.03
*** HOLE CARDS ***
Dealt to Dorex2007 [Ts Ad]
Damir Tula: raises $0.04 to $0.06
cris_javi849: calls $0.06
MuraBesPoker: folds 
leo6767: folds 
DodgeGTS4: calls $0.04
geniuss: folds 
Arush8: folds 
Dorex2007: folds 
*** FLOP *** [6d 8c Th]
Damir Tula: checks 
cris_javi849: checks 
DodgeGTS4: bets $0.06
Damir Tula: calls $0.06
cris_javi849: folds 
*** TURN *** [6d 8c Th] [Jd]
Damir Tula: checks 
DodgeGTS4: bets $0.10
Damir Tula: calls $0.10
*** RIVER *** [6d 8c Th Jd] [5c]
Damir Tula: checks 
DodgeGTS4: bets $0.10
Damir Tula: folds 
Uncalled bet ($0.10) returned to DodgeGTS4
DodgeGTS4 collected $0.52 from pot
DodgeGTS4: doesn't show hand 
*** SUMMARY ***
Total pot $0.54 | Rake $0.02 
Board [6d 8c Th Jd 5c]
Seat 1: geniuss (button) folded before Flop (didn't bet)
Seat 3: Arush8 (small blind) folded before Flop
Seat 4: Dorex2007 (big blind) folded before Flop
Seat 5: Damir Tula folded on the River
Seat 6: cris_javi849 folded on the Flop
Seat 7: MuraBesPoker folded before Flop (didn't bet)
Seat 8: leo6767 folded before Flop (didn't bet)
Seat 9: DodgeGTS4 collected ($0.52)



PokerStars Hand #232622757883:  Hold'em No Limit ($0.01/$0.02 USD) - 2021/12/28 22:17:56 PT [2021/12/29 1:17:56 ET]
Table 'Eunike III' 9-max Seat #3 is the button
Seat 1: geniuss ($3.61 in chips) 
Seat 3: Arush8 ($2.45 in chips) 
Seat 4: Dorex2007 ($3.60 in chips) 
Seat 5: Damir Tula ($1.82 in chips) 
Seat 6: cris_javi849 ($1.11 in chips) 
Seat 7: MuraBesPoker ($3.25 in chips) 
Seat 8: leo6767 ($1.04 in chips) 
Seat 9: DodgeGTS4 ($1.09 in chips) 
Dorex2007: posts small blind $0.01
Damir Tula: posts big blind $0.02
*** HOLE CARDS ***
Dealt to Dorex2007 [Qd Qs]
cris_javi849: folds 
MuraBesPoker: folds 
leo6767: raises $0.02 to $0.04
DodgeGTS4: calls $0.04
geniuss: folds 
Arush8: folds 
Dorex2007: calls $0.03
Damir Tula: calls $0.02
*** FLOP *** [Jc As Kc]
Dorex2007: checks 
Damir Tula: checks 
leo6767: bets $0.04
DodgeGTS4: folds 
Dorex2007: calls $0.04
Damir Tula: raises $0.27 to $0.31
leo6767: calls $0.27
Dorex2007: folds 
*** TURN *** [Jc As Kc] [3s]
Damir Tula: bets $0.79
leo6767: calls $0.69 and is all-in
Uncalled bet ($0.10) returned to Damir Tula
*** RIVER *** [Jc As Kc 3s] [8c]
*** SHOW DOWN ***
Damir Tula: shows [Js Kh] (two pair, Kings and Jacks)
leo6767: shows [5d 5h] (a pair of Fives)
Damir Tula collected $2.12 from pot
*** SUMMARY ***
Total pot $2.20 | Rake $0.08 
Board [Jc As Kc 3s 8c]
Seat 1: geniuss folded before Flop (didn't bet)
Seat 3: Arush8 (button) folded before Flop (didn't bet)
Seat 4: Dorex2007 (small blind) folded on the Flop
Seat 5: Damir Tula (big blind) showed [Js Kh] and won ($2.12) with two pair, Kings and Jacks
Seat 6: cris_javi849 folded before Flop (didn't bet)
Seat 7: MuraBesPoker folded before Flop (didn't bet)
Seat 8: leo6767 showed [5d 5h] and lost with a pair of Fives
Seat 9: DodgeGTS4 folded on the Flop



PokerStars Hand #232622768798:  Hold'em No Limit ($0.01/$0.02 USD) - 2021/12/28 22:19:12 PT [2021/12/29 1:19:12 ET]
Table 'Eunike III' 9-max Seat #4 is the button
Seat 1: geniuss ($3.61 in chips) 
Seat 3: Arush8 ($2.45 in chips) 
Seat 4: Dorex2007 ($3.52 in chips) 
Seat 5: Damir Tula ($2.90 in chips) 
Seat 6: cris_javi849 ($1.11 in chips) 
Seat 7: MuraBesPoker ($3.25 in chips) 
Seat 9: DodgeGTS4 ($1.05 in chips) 
Damir Tula: posts small blind $0.01
cris_javi849: posts big blind $0.02
*VM*727: sits out 
*** HOLE CARDS ***
Dealt to Dorex2007 [4s 6h]
MuraBesPoker: folds 
DodgeGTS4: folds 
geniuss: folds 
Arush8: folds 
Dorex2007: folds 
leo6767 leaves the table
Damir Tula: calls $0.01
cris_javi849: checks 
*** FLOP *** [9c As Ts]
Damir Tula: checks 
cris_javi849: checks 
*** TURN *** [9c As Ts] [4c]
Damir Tula: bets $0.02
rustyscott joins the table at seat #8 
cris_javi849: folds 
Uncalled bet ($0.02) returned to Damir Tula
Damir Tula collected $0.04 from pot
Damir Tula: doesn't show hand 
*** SUMMARY ***
Total pot $0.04 | Rake $0 
Board [9c As Ts 4c]
Seat 1: geniuss folded before Flop (didn't bet)
Seat 3: Arush8 folded before Flop (didn't bet)
Seat 4: Dorex2007 (button) folded before Flop (didn't bet)
Seat 5: Damir Tula (small blind) collected ($0.04)
Seat 6: cris_javi849 (big blind) folded on the Turn
Seat 7: MuraBesPoker folded before Flop (didn't bet)
Seat 9: DodgeGTS4 folded before Flop (didn't bet)



PokerStars Hand #232622773583:  Hold'em No Limit ($0.01/$0.02 USD) - 2021/12/28 22:19:46 PT [2021/12/29 1:19:46 ET]
Table 'Eunike III' 9-max Seat #5 is the button
Seat 1: geniuss ($3.61 in chips) 
Seat 3: Arush8 ($2.45 in chips) 
Seat 4: Dorex2007 ($3.52 in chips) 
Seat 5: Damir Tula ($2.92 in chips) 
Seat 6: cris_javi849 ($1.09 in chips) 
Seat 7: MuraBesPoker ($3.25 in chips) 
Seat 9: DodgeGTS4 ($1.05 in chips) 
cris_javi849: posts small blind $0.01
MuraBesPoker: posts big blind $0.02
rustyscott: sits out 
*VM*727: sits out 
*** HOLE CARDS ***
Dealt to Dorex2007 [Kc Kh]
DodgeGTS4 has timed out
DodgeGTS4: folds 
geniuss: folds 
Arush8: folds 
Dorex2007: raises $0.04 to $0.06
Damir Tula: folds 
cris_javi849: calls $0.05
MuraBesPoker: folds 
*** FLOP *** [9h 6s Qc]
cris_javi849: checks 
Dorex2007: bets $0.14
cris_javi849: calls $0.14
*** TURN *** [9h 6s Qc] [7d]
cris_javi849: checks 
Dorex2007: bets $0.27
cris_javi849: calls $0.27
*** RIVER *** [9h 6s Qc 7d] [7h]
cris_javi849: checks 
Dorex2007: bets $0.93
cris_javi849: calls $0.62 and is all-in
Uncalled bet ($0.31) returned to Dorex2007
*** SHOW DOWN ***
Dorex2007: shows [Kc Kh] (two pair, Kings and Sevens)
cris_javi849: shows [Qd Tc] (two pair, Queens and Sevens)
Dorex2007 collected $2.12 from pot
*** SUMMARY ***
Total pot $2.20 | Rake $0.08 
Board [9h 6s Qc 7d 7h]
Seat 1: geniuss folded before Flop (didn't bet)
Seat 3: Arush8 folded before Flop (didn't bet)
Seat 4: Dorex2007 showed [Kc Kh] and won ($2.12) with two pair, Kings and Sevens
Seat 5: Damir Tula (button) folded before Flop (didn't bet)
Seat 6: cris_javi849 (small blind) showed [Qd Tc] and lost with two pair, Queens and Sevens
Seat 7: MuraBesPoker (big blind) folded before Flop
Seat 9: DodgeGTS4 folded before Flop (didn't bet)



PokerStars Hand #232622786378:  Hold'em No Limit ($0.01/$0.02 USD) - 2021/12/28 22:21:17 PT [2021/12/29 1:21:17 ET]
Table 'Eunike III' 9-max Seat #7 is the button
Seat 1: geniuss ($3.61 in chips) 
Seat 3: Arush8 ($2.45 in chips) 
Seat 4: Dorex2007 ($4.55 in chips) 
Seat 5: Damir Tula ($2.92 in chips) 
Seat 7: MuraBesPoker ($3.23 in chips) 
Seat 9: DodgeGTS4 ($1.05 in chips) 
DodgeGTS4: posts small blind $0.01
geniuss: posts big blind $0.02
*VM*727: sits out 
*** HOLE CARDS ***
Dealt to Dorex2007 [8d 9h]
Arush8: folds 
Dorex2007: folds 
Damir Tula: raises $0.04 to $0.06
MuraBesPoker: folds 
DodgeGTS4: folds 
geniuss: folds 
Uncalled bet ($0.04) returned to Damir Tula
Damir Tula collected $0.05 from pot
Damir Tula: doesn't show hand 
*** SUMMARY ***
Total pot $0.05 | Rake $0 
Seat 1: geniuss (big blind) folded before Flop
Seat 3: Arush8 folded before Flop (didn't bet)
Seat 4: Dorex2007 folded before Flop (didn't bet)
Seat 5: Damir Tula collected ($0.05)
Seat 7: MuraBesPoker (button) folded before Flop (didn't bet)
Seat 9: DodgeGTS4 (small blind) folded before Flop



PokerStars Hand #232622789506:  Hold'em No Limit ($0.01/$0.02 USD) - 2021/12/28 22:21:39 PT [2021/12/29 1:21:39 ET]
Table 'Eunike III' 9-max Seat #9 is the button
Seat 1: geniuss ($3.59 in chips) 
Seat 2: *VM*727 ($2.44 in chips) 
Seat 3: Arush8 ($2.45 in chips) 
Seat 4: Dorex2007 ($4.55 in chips) 
Seat 5: Damir Tula ($2.95 in chips) 
Seat 6: cris_javi849 ($1 in chips) 
Seat 7: MuraBesPoker ($3.23 in chips) 
Seat 9: DodgeGTS4 ($1.04 in chips) 
geniuss: posts small blind $0.01
*VM*727: posts big blind $0.02
rustyscott: sits out 
*** HOLE CARDS ***
Dealt to Dorex2007 [9d 3c]
Arush8 has timed out
Arush8: folds 
Dorex2007: folds 
Damir Tula: folds 
cris_javi849: calls $0.02
MuraBesPoker: raises $0.07 to $0.09
DodgeGTS4: folds 
geniuss: folds 
*VM*727: folds 
cris_javi849: calls $0.07
*** FLOP *** [Jc 5h Ah]
cris_javi849: checks 
MuraBesPoker: bets $0.10
cris_javi849: folds 
Uncalled bet ($0.10) returned to MuraBesPoker
MuraBesPoker collected $0.20 from pot
*** SUMMARY ***
Total pot $0.21 | Rake $0.01 
Board [Jc 5h Ah]
Seat 1: geniuss (small blind) folded before Flop
Seat 2: *VM*727 (big blind) folded before Flop
Seat 3: Arush8 folded before Flop (didn't bet)
Seat 4: Dorex2007 folded before Flop (didn't bet)
Seat 5: Damir Tula folded before Flop (didn't bet)
Seat 6: cris_javi849 folded on the Flop
Seat 7: MuraBesPoker collected ($0.20)
Seat 9: DodgeGTS4 (button) folded before Flop (didn't bet)



PokerStars Hand #232622795952:  Hold'em No Limit ($0.01/$0.02 USD) - 2021/12/28 22:22:25 PT [2021/12/29 1:22:25 ET]
Table 'Eunike III' 9-max Seat #1 is the button
Seat 1: geniuss ($3.58 in chips) 
Seat 2: *VM*727 ($2.42 in chips) 
Seat 4: Dorex2007 ($4.55 in chips) 
Seat 5: Damir Tula ($2.95 in chips) 
Seat 6: cris_javi849 ($0.91 in chips) 
Seat 7: MuraBesPoker ($3.34 in chips) 
Seat 9: DodgeGTS4 ($1.04 in chips) 
*VM*727: posts small blind $0.01
Dorex2007: posts big blind $0.02
rustyscott: sits out 
*** HOLE CARDS ***
Dealt to Dorex2007 [5c Kh]
Damir Tula: raises $0.04 to $0.06
cris_javi849: calls $0.06
MuraBesPoker: folds 
DodgeGTS4: raises $0.21 to $0.27
geniuss: folds 
*VM*727: folds 
Dorex2007: folds 
Arush8 leaves the table
Damir Tula: folds 
cris_javi849: folds 
Uncalled bet ($0.21) returned to DodgeGTS4
DodgeGTS4 collected $0.21 from pot
DodgeGTS4: doesn't show hand 
*** SUMMARY ***
Total pot $0.21 | Rake $0 
Seat 1: geniuss (button) folded before Flop (didn't bet)
Seat 2: *VM*727 (small blind) folded before Flop
Seat 4: Dorex2007 (big blind) folded before Flop
Seat 5: Damir Tula folded before Flop
Seat 6: cris_javi849 folded before Flop
Seat 7: MuraBesPoker folded before Flop (didn't bet)
Seat 9: DodgeGTS4 collected ($0.21)



PokerStars Hand #232622801847:  Hold'em No Limit ($0.01/$0.02 USD) - 2021/12/28 22:23:07 PT [2021/12/29 1:23:07 ET]
Table 'Eunike III' 9-max Seat #2 is the button
Seat 1: geniuss ($3.58 in chips) 
Seat 2: *VM*727 ($2.41 in chips) 
Seat 4: Dorex2007 ($4.53 in chips) 
Seat 5: Damir Tula ($2.89 in chips) 
Seat 6: cris_javi849 ($0.85 in chips) 
Seat 7: MuraBesPoker ($3.34 in chips) 
Seat 8: rustyscott ($1.60 in chips) 
Seat 9: DodgeGTS4 ($1.19 in chips) 
Dorex2007: posts small blind $0.01
Damir Tula: posts big blind $0.02
rustyscott: posts big blind $0.02
*** HOLE CARDS ***
Dealt to Dorex2007 [4s 8s]
cris_javi849: calls $0.02
MuraBesPoker: folds 
rustyscott: checks 
DodgeGTS4: calls $0.02
geniuss: folds 
*VM*727: folds 
Dorex2007: folds 
Damir Tula: checks 
*** FLOP *** [5c 9h Qc]
2maxsoccer joins the table at seat #3 
Damir Tula: checks 
cris_javi849: bets $0.02
rustyscott: calls $0.02
DodgeGTS4: calls $0.02
Damir Tula: calls $0.02
*** TURN *** [5c 9h Qc] [Tc]
Damir Tula: checks 
cris_javi849: bets $0.04
rustyscott: calls $0.04
DodgeGTS4: folds 
Damir Tula: folds 
*** RIVER *** [5c 9h Qc Tc] [9s]
cris_javi849: bets $0.10
rustyscott: folds 
Uncalled bet ($0.10) returned to cris_javi849
cris_javi849 collected $0.24 from pot
cris_javi849: doesn't show hand 
*** SUMMARY ***
Total pot $0.25 | Rake $0.01 
Board [5c 9h Qc Tc 9s]
Seat 1: geniuss folded before Flop (didn't bet)
Seat 2: *VM*727 (button) folded before Flop (didn't bet)
Seat 4: Dorex2007 (small blind) folded before Flop
Seat 5: Damir Tula (big blind) folded on the Turn
Seat 6: cris_javi849 collected ($0.24)
Seat 7: MuraBesPoker folded before Flop (didn't bet)
Seat 8: rustyscott folded on the River
Seat 9: DodgeGTS4 folded on the Turn



PokerStars Hand #232622813388:  Hold'em No Limit ($0.01/$0.02 USD) - 2021/12/28 22:24:30 PT [2021/12/29 1:24:30 ET]
Table 'Eunike III' 9-max Seat #4 is the button
Seat 1: geniuss ($3.58 in chips) 
Seat 2: *VM*727 ($2.41 in chips) 
Seat 4: Dorex2007 ($4.52 in chips) 
Seat 5: Damir Tula ($2.85 in chips) 
Seat 6: cris_javi849 ($1.01 in chips) 
Seat 7: MuraBesPoker ($3.34 in chips) 
Seat 8: rustyscott ($1.52 in chips) 
Seat 9: DodgeGTS4 ($1.15 in chips) 
Damir Tula: posts small blind $0.01
cris_javi849: posts big blind $0.02
2maxsoccer: sits out 
*** HOLE CARDS ***
Dealt to Dorex2007 [6h Ac]
MuraBesPoker: folds 
rustyscott: calls $0.02
DodgeGTS4 has timed out
DodgeGTS4: folds 
geniuss: folds 
*VM*727: calls $0.02
Dorex2007: folds 
Damir Tula: folds 
cris_javi849: checks 
*** FLOP *** [Kc Jc Kd]
cris_javi849: checks 
rustyscott: checks 
*VM*727: checks 
*** TURN *** [Kc Jc Kd] [Qd]
cris_javi849: bets $0.04
rustyscott: folds 
*VM*727: calls $0.04
*** RIVER *** [Kc Jc Kd Qd] [3h]
cris_javi849: bets $0.14
*VM*727: folds 
Uncalled bet ($0.14) returned to cris_javi849
cris_javi849 collected $0.14 from pot
cris_javi849: doesn't show hand 
*** SUMMARY ***
Total pot $0.15 | Rake $0.01 
Board [Kc Jc Kd Qd 3h]
Seat 1: geniuss folded before Flop (didn't bet)
Seat 2: *VM*727 folded on the River
Seat 4: Dorex2007 (button) folded before Flop (didn't bet)
Seat 5: Damir Tula (small blind) folded before Flop
Seat 6: cris_javi849 (big blind) collected ($0.14)
Seat 7: MuraBesPoker folded before Flop (didn't bet)
Seat 8: rustyscott folded on the Turn
Seat 9: DodgeGTS4 folded before Flop (didn't bet)



PokerStars Hand #232622830080:  Hold'em No Limit ($0.01/$0.02 USD) - 2021/12/28 22:25:43 PT [2021/12/29 1:25:43 ET]
Table 'Eunike III' 9-max Seat #5 is the button
Seat 1: geniuss ($3.58 in chips) 
Seat 2: *VM*727 ($2.35 in chips) 
Seat 4: Dorex2007 ($4.52 in chips) 
Seat 5: Damir Tula ($2.84 in chips) 
Seat 6: cris_javi849 ($1.09 in chips) 
Seat 8: rustyscott ($1.50 in chips) 
Seat 9: DodgeGTS4 ($1.15 in chips) 
cris_javi849: posts small blind $0.01
rustyscott: posts big blind $0.02
2maxsoccer: sits out 
*** HOLE CARDS ***
Dealt to Dorex2007 [Jd Td]
DodgeGTS4: folds 
geniuss: folds 
*VM*727: raises $0.04 to $0.06
Dorex2007: folds 
Damir Tula: folds 
cris_javi849: folds 
rustyscott: calls $0.04
*** FLOP *** [9s Kc 5h]
rustyscott: checks 
*VM*727: bets $0.07
rustyscott: calls $0.07
*** TURN *** [9s Kc 5h] [6d]
rustyscott: checks 
*VM*727: bets $0.08
Damir Tula leaves the table
rustyscott: calls $0.08
*** RIVER *** [9s Kc 5h 6d] [As]
rustyscott: bets $0.41
*VM*727: folds 
Uncalled bet ($0.41) returned to rustyscott
rustyscott collected $0.41 from pot
rustyscott: doesn't show hand 
*** SUMMARY ***
Total pot $0.43 | Rake $0.02 
Board [9s Kc 5h 6d As]
Seat 1: geniuss folded before Flop (didn't bet)
Seat 2: *VM*727 folded on the River
Seat 4: Dorex2007 folded before Flop (didn't bet)
Seat 5: Damir Tula (button) folded before Flop (didn't bet)
Seat 6: cris_javi849 (small blind) folded before Flop
Seat 8: rustyscott (big blind) collected ($0.41)
Seat 9: DodgeGTS4 folded before Flop (didn't bet)



PokerStars Hand #232622841158:  Hold'em No Limit ($0.01/$0.02 USD) - 2021/12/28 22:27:02 PT [2021/12/29 1:27:02 ET]
Table 'Eunike III' 9-max Seat #6 is the button
Seat 1: geniuss ($3.58 in chips) 
Seat 2: *VM*727 ($2.14 in chips) 
Seat 4: Dorex2007 ($4.52 in chips) 
Seat 6: cris_javi849 ($1.08 in chips) 
Seat 8: rustyscott ($1.70 in chips) 
Seat 9: DodgeGTS4 ($1.15 in chips) 
rustyscott: posts small blind $0.01
DodgeGTS4: posts big blind $0.02
2maxsoccer: sits out 
*** HOLE CARDS ***
Dealt to Dorex2007 [8d 5h]
geniuss has timed out
geniuss: folds 
*VM*727: calls $0.02
Dorex2007: folds 
cris_javi849: folds 
rustyscott: calls $0.01
DodgeGTS4: checks 
*** FLOP *** [Ks 4h 6c]
rustyscott: checks 
DodgeGTS4: checks 
*VM*727: checks 
*** TURN *** [Ks 4h 6c] [Qc]
rustyscott: checks 
DodgeGTS4: checks 
*VM*727: checks 
*** RIVER *** [Ks 4h 6c Qc] [9d]
rustyscott: checks 
DodgeGTS4: checks 
*VM*727: checks 
*** SHOW DOWN ***
rustyscott: shows [Td 7d] (high card King)
DodgeGTS4: mucks hand 
*VM*727: shows [Ac Th] (high card Ace)
*VM*727 collected $0.06 from pot
*** SUMMARY ***
Total pot $0.06 | Rake $0 
Board [Ks 4h 6c Qc 9d]
Seat 1: geniuss folded before Flop (didn't bet)
Seat 2: *VM*727 showed [Ac Th] and won ($0.06) with high card Ace
Seat 4: Dorex2007 folded before Flop (didn't bet)
Seat 6: cris_javi849 (button) folded before Flop (didn't bet)
Seat 8: rustyscott (small blind) showed [Td 7d] and lost with high card King
Seat 9: DodgeGTS4 (big blind) mucked [Tc 3s]



PokerStars Hand #232622850528:  Hold'em No Limit ($0.01/$0.02 USD) - 2021/12/28 22:28:09 PT [2021/12/29 1:28:09 ET]
Table 'Eunike III' 9-max Seat #8 is the button
Seat 1: geniuss ($3.58 in chips) 
Seat 2: *VM*727 ($2.18 in chips) 
Seat 4: Dorex2007 ($4.52 in chips) 
Seat 6: cris_javi849 ($1.08 in chips) 
Seat 8: rustyscott ($1.68 in chips) 
Seat 9: DodgeGTS4 ($1.13 in chips) 
DodgeGTS4: posts small blind $0.01
geniuss: posts big blind $0.02
2maxsoccer: sits out 
*** HOLE CARDS ***
Dealt to Dorex2007 [As 5h]
*VM*727: folds 
Dorex2007: folds 
cris_javi849: calls $0.02
rustyscott: calls $0.02
DodgeGTS4: raises $0.03 to $0.05
geniuss: folds 
serg966577 joins the table at seat #5 
cris_javi849: calls $0.03
rustyscott: calls $0.03
*** FLOP *** [Js Kc Jc]
DodgeGTS4: bets $0.05
cris_javi849: folds 
rustyscott: folds 
Uncalled bet ($0.05) returned to DodgeGTS4
DodgeGTS4 collected $0.16 from pot
DodgeGTS4: doesn't show hand 
*** SUMMARY ***
Total pot $0.17 | Rake $0.01 
Board [Js Kc Jc]
Seat 1: geniuss (big blind) folded before Flop
Seat 2: *VM*727 folded before Flop (didn't bet)
Seat 4: Dorex2007 folded before Flop (didn't bet)
Seat 6: cris_javi849 folded on the Flop
Seat 8: rustyscott (button) folded on the Flop
Seat 9: DodgeGTS4 (small blind) collected ($0.16)



PokerStars Hand #232622855736:  Hold'em No Limit ($0.01/$0.02 USD) - 2021/12/28 22:28:47 PT [2021/12/29 1:28:47 ET]
Table 'Eunike III' 9-max Seat #9 is the button
Seat 1: geniuss ($3.56 in chips) 
Seat 2: *VM*727 ($2.18 in chips) 
Seat 4: Dorex2007 ($4.52 in chips) 
Seat 5: serg966577 ($1.32 in chips) 
Seat 6: cris_javi849 ($1.03 in chips) 
Seat 8: rustyscott ($1.63 in chips) 
Seat 9: DodgeGTS4 ($1.24 in chips) 
geniuss: posts small blind $0.01
*VM*727: posts big blind $0.02
2maxsoccer: sits out 
serg966577: posts big blind $0.02
*** HOLE CARDS ***
Dealt to Dorex2007 [Ts Ad]
Dorex2007: calls $0.02
serg966577: checks 
cris_javi849: calls $0.02
rustyscott: folds 
DodgeGTS4: folds 
geniuss: folds 
*VM*727: checks 
*** FLOP *** [4d 9c 2c]
DodgeGTS4 leaves the table
*VM*727: checks 
Dorex2007: checks 
serg966577: checks 
cris_javi849: checks 
*** TURN *** [4d 9c 2c] [3d]
*VM*727: bets $0.02
Dorex2007: calls $0.02
serg966577: calls $0.02
cris_javi849: calls $0.02
*** RIVER *** [4d 9c 2c 3d] [Qc]
*VM*727: checks 
Dorex2007: bets $0.08
serg966577: folds 
cris_javi849: calls $0.08
*VM*727: calls $0.08
*** SHOW DOWN ***
Dorex2007: shows [Ts Ad] (high card Ace)
cris_javi849: shows [2s 3s] (two pair, Threes and Deuces)
*VM*727: shows [9s Qh] (two pair, Queens and Nines)
*VM*727 collected $0.40 from pot
*** SUMMARY ***
Total pot $0.41 | Rake $0.01 
Board [4d 9c 2c 3d Qc]
Seat 1: geniuss (small blind) folded before Flop
Seat 2: *VM*727 (big blind) showed [9s Qh] and won ($0.40) with two pair, Queens and Nines
Seat 4: Dorex2007 showed [Ts Ad] and lost with high card Ace
Seat 5: serg966577 folded on the River
Seat 6: cris_javi849 showed [2s 3s] and lost with two pair, Threes and Deuces
Seat 8: rustyscott folded before Flop (didn't bet)
Seat 9: DodgeGTS4 (button) folded before Flop (didn't bet)



