PokerStars Hand #224404674167:  Hold'em No Limit ($0.01/$0.02 USD) - 2021/03/02 21:22:13 PT [2021/03/03 0:22:13 ET]
Table 'Tugela' 9-max Seat #8 is the button
Seat 1: Dorex2007 ($1.50 in chips) 
Seat 2: jerome james 1 ($6.47 in chips) 
Seat 4: valera_9696@ ($4.06 in chips) 
Seat 5: Vicmate ($2 in chips) 
Seat 6: MarkAvrelij ($2.98 in chips) 
Seat 7: erkiad ($2 in chips) 
Seat 8: tokyojoe90 ($1 in chips) 
Seat 9: CollegeFund2021 ($2.10 in chips) 
CollegeFund2021: posts small blind $0.01
Dorex2007: posts big blind $0.02
novoxopersk: sits out 
*** HOLE CARDS ***
Dealt to Dorex2007 [9h Tc]
jerome james 1: calls $0.02
valera_9696@: folds 
Vicmate: folds 
MarkAvrelij: raises $0.03 to $0.05
erkiad: folds 
tokyojoe90: folds 
CollegeFund2021: calls $0.04
Dorex2007: calls $0.03
jerome james 1: calls $0.03
*** FLOP *** [2s 9s Qs]
CollegeFund2021: checks 
Dorex2007: checks 
jerome james 1: bets $0.02
MarkAvrelij: folds 
CollegeFund2021: calls $0.02
Dorex2007: folds 
*** TURN *** [2s 9s Qs] [4s]
CollegeFund2021: checks 
jerome james 1: checks 
*** RIVER *** [2s 9s Qs 4s] [Kc]
CollegeFund2021: bets $0.23
jerome james 1: folds 
Uncalled bet ($0.23) returned to CollegeFund2021
CollegeFund2021 collected $0.23 from pot
CollegeFund2021: doesn't show hand 
*** SUMMARY ***
Total pot $0.24 | Rake $0.01 
Board [2s 9s Qs 4s Kc]
Seat 1: Dorex2007 (big blind) folded on the Flop
Seat 2: jerome james 1 folded on the River
Seat 4: valera_9696@ folded before Flop (didn't bet)
Seat 5: Vicmate folded before Flop (didn't bet)
Seat 6: MarkAvrelij folded on the Flop
Seat 7: erkiad folded before Flop (didn't bet)
Seat 8: tokyojoe90 (button) folded before Flop (didn't bet)
Seat 9: CollegeFund2021 (small blind) collected ($0.23)



PokerStars Hand #224404690327:  Hold'em No Limit ($0.01/$0.02 USD) - 2021/03/02 21:23:33 PT [2021/03/03 0:23:33 ET]
Table 'Tugela' 9-max Seat #9 is the button
Seat 1: Dorex2007 ($1.45 in chips) 
Seat 2: jerome james 1 ($6.40 in chips) 
Seat 4: valera_9696@ ($4.06 in chips) 
Seat 5: Vicmate ($2 in chips) 
Seat 6: MarkAvrelij ($2.93 in chips) 
Seat 7: erkiad ($2 in chips) 
Seat 8: tokyojoe90 ($1 in chips) 
Seat 9: CollegeFund2021 ($2.26 in chips) 
Dorex2007: posts small blind $0.01
jerome james 1: posts big blind $0.02
novoxopersk: sits out 
*** HOLE CARDS ***
Dealt to Dorex2007 [6s 4d]
valera_9696@: folds 
Vicmate: raises $0.04 to $0.06
MarkAvrelij: folds 
erkiad: raises $0.12 to $0.18
tokyojoe90: folds 
CollegeFund2021: folds 
Dorex2007: folds 
jerome james 1: folds 
Vicmate: calls $0.12
*** FLOP *** [As 3c Qd]
Vicmate: checks 
erkiad: bets $0.29
Vicmate: folds 
Uncalled bet ($0.29) returned to erkiad
erkiad collected $0.38 from pot
erkiad: doesn't show hand 
*** SUMMARY ***
Total pot $0.39 | Rake $0.01 
Board [As 3c Qd]
Seat 1: Dorex2007 (small blind) folded before Flop
Seat 2: jerome james 1 (big blind) folded before Flop
Seat 4: valera_9696@ folded before Flop (didn't bet)
Seat 5: Vicmate folded on the Flop
Seat 6: MarkAvrelij folded before Flop (didn't bet)
Seat 7: erkiad collected ($0.38)
Seat 8: tokyojoe90 folded before Flop (didn't bet)
Seat 9: CollegeFund2021 (button) folded before Flop (didn't bet)



PokerStars Hand #224404699913:  Hold'em No Limit ($0.01/$0.02 USD) - 2021/03/02 21:24:24 PT [2021/03/03 0:24:24 ET]
Table 'Tugela' 9-max Seat #1 is the button
Seat 1: Dorex2007 ($1.44 in chips) 
Seat 2: jerome james 1 ($6.38 in chips) 
Seat 3: novoxopersk ($1.60 in chips) 
Seat 4: valera_9696@ ($4.06 in chips) 
Seat 5: Vicmate ($2 in chips) 
Seat 6: MarkAvrelij ($2.93 in chips) 
Seat 7: erkiad ($2.20 in chips) 
Seat 8: tokyojoe90 ($1 in chips) 
Seat 9: CollegeFund2021 ($2.26 in chips) 
jerome james 1: posts small blind $0.01
novoxopersk: posts big blind $0.02
*** HOLE CARDS ***
Dealt to Dorex2007 [9d 5c]
valera_9696@: folds 
Vicmate: raises $0.04 to $0.06
MarkAvrelij: folds 
erkiad: raises $0.12 to $0.18
tokyojoe90: calls $0.18
CollegeFund2021: folds 
Dorex2007: folds 
jerome james 1: folds 
novoxopersk: calls $0.16
Vicmate: calls $0.12
*** FLOP *** [Th 6c 7c]
novoxopersk: checks 
Vicmate: checks 
erkiad: checks 
tokyojoe90: checks 
*** TURN *** [Th 6c 7c] [4h]
novoxopersk: checks 
Vicmate: checks 
erkiad: checks 
tokyojoe90: checks 
*** RIVER *** [Th 6c 7c 4h] [Jh]
novoxopersk: checks 
Vicmate: checks 
erkiad: checks 
tokyojoe90: checks 
*** SHOW DOWN ***
novoxopersk: shows [3c 3d] (a pair of Threes)
Vicmate: shows [Jc Qc] (a pair of Jacks)
erkiad: mucks hand 
tokyojoe90: mucks hand 
Vicmate collected $0.70 from pot
*** SUMMARY ***
Total pot $0.73 | Rake $0.03 
Board [Th 6c 7c 4h Jh]
Seat 1: Dorex2007 (button) folded before Flop (didn't bet)
Seat 2: jerome james 1 (small blind) folded before Flop
Seat 3: novoxopersk (big blind) showed [3c 3d] and lost with a pair of Threes
Seat 4: valera_9696@ folded before Flop (didn't bet)
Seat 5: Vicmate showed [Jc Qc] and won ($0.70) with a pair of Jacks
Seat 6: MarkAvrelij folded before Flop (didn't bet)
Seat 7: erkiad mucked [Ah Ks]
Seat 8: tokyojoe90 mucked [As Qs]
Seat 9: CollegeFund2021 folded before Flop (didn't bet)



PokerStars Hand #224404716131:  Hold'em No Limit ($0.01/$0.02 USD) - 2021/03/02 21:25:52 PT [2021/03/03 0:25:52 ET]
Table 'Tugela' 9-max Seat #2 is the button
Seat 1: Dorex2007 ($1.44 in chips) 
Seat 2: jerome james 1 ($6.37 in chips) 
Seat 3: novoxopersk ($1.42 in chips) 
Seat 4: valera_9696@ ($4.06 in chips) 
Seat 5: Vicmate ($2.52 in chips) 
Seat 6: MarkAvrelij ($2.93 in chips) 
Seat 7: erkiad ($2.02 in chips) 
Seat 8: tokyojoe90 ($0.82 in chips) 
Seat 9: CollegeFund2021 ($2.26 in chips) 
novoxopersk: posts small blind $0.01
valera_9696@: posts big blind $0.02
*** HOLE CARDS ***
Dealt to Dorex2007 [8h 6d]
Vicmate: folds 
MarkAvrelij: folds 
erkiad: folds 
tokyojoe90: folds 
CollegeFund2021: calls $0.02
Dorex2007: folds 
jerome james 1: calls $0.02
novoxopersk: calls $0.01
valera_9696@: raises $0.12 to $0.14
CollegeFund2021: raises $0.24 to $0.38
jerome james 1: folds 
novoxopersk: folds 
valera_9696@: folds 
Uncalled bet ($0.24) returned to CollegeFund2021
CollegeFund2021 collected $0.32 from pot
CollegeFund2021: doesn't show hand 
*** SUMMARY ***
Total pot $0.32 | Rake $0 
Seat 1: Dorex2007 folded before Flop (didn't bet)
Seat 2: jerome james 1 (button) folded before Flop
Seat 3: novoxopersk (small blind) folded before Flop
Seat 4: valera_9696@ (big blind) folded before Flop
Seat 5: Vicmate folded before Flop (didn't bet)
Seat 6: MarkAvrelij folded before Flop (didn't bet)
Seat 7: erkiad folded before Flop (didn't bet)
Seat 8: tokyojoe90 folded before Flop (didn't bet)
Seat 9: CollegeFund2021 collected ($0.32)



PokerStars Hand #224404728541:  Hold'em No Limit ($0.01/$0.02 USD) - 2021/03/02 21:26:59 PT [2021/03/03 0:26:59 ET]
Table 'Tugela' 9-max Seat #3 is the button
Seat 1: Dorex2007 ($1.44 in chips) 
Seat 2: jerome james 1 ($6.35 in chips) 
Seat 3: novoxopersk ($1.40 in chips) 
Seat 4: valera_9696@ ($3.92 in chips) 
Seat 5: Vicmate ($2.52 in chips) 
Seat 6: MarkAvrelij ($2.93 in chips) 
Seat 7: erkiad ($2.02 in chips) 
Seat 8: tokyojoe90 ($0.82 in chips) 
Seat 9: CollegeFund2021 ($2.44 in chips) 
valera_9696@: posts small blind $0.01
Vicmate: posts big blind $0.02
*** HOLE CARDS ***
Dealt to Dorex2007 [9s Th]
MarkAvrelij: folds 
erkiad: folds 
tokyojoe90: calls $0.02
CollegeFund2021: calls $0.02
Dorex2007: folds 
jerome james 1: calls $0.02
novoxopersk: calls $0.02
valera_9696@: calls $0.01
Vicmate: checks 
*** FLOP *** [4h 5d 5s]
valera_9696@: checks 
Vicmate: checks 
tokyojoe90: checks 
CollegeFund2021: checks 
jerome james 1: checks 
novoxopersk: checks 
*** TURN *** [4h 5d 5s] [Jc]
valera_9696@: bets $0.08
Vicmate: folds 
tokyojoe90: folds 
CollegeFund2021: calls $0.08
jerome james 1: folds 
novoxopersk: folds 
*** RIVER *** [4h 5d 5s Jc] [3d]
valera_9696@: bets $0.09
CollegeFund2021: raises $0.23 to $0.32
valera_9696@: calls $0.23
*** SHOW DOWN ***
CollegeFund2021: shows [Qh Jh] (two pair, Jacks and Fives)
valera_9696@: shows [Qs Jd] (two pair, Jacks and Fives)
valera_9696@ collected $0.45 from pot
CollegeFund2021 collected $0.44 from pot
*** SUMMARY ***
Total pot $0.92 | Rake $0.03 
Board [4h 5d 5s Jc 3d]
Seat 1: Dorex2007 folded before Flop (didn't bet)
Seat 2: jerome james 1 folded on the Turn
Seat 3: novoxopersk (button) folded on the Turn
Seat 4: valera_9696@ (small blind) showed [Qs Jd] and won ($0.45) with two pair, Jacks and Fives
Seat 5: Vicmate (big blind) folded on the Turn
Seat 6: MarkAvrelij folded before Flop (didn't bet)
Seat 7: erkiad folded before Flop (didn't bet)
Seat 8: tokyojoe90 folded on the Turn
Seat 9: CollegeFund2021 showed [Qh Jh] and won ($0.44) with two pair, Jacks and Fives



PokerStars Hand #224404756010:  Hold'em No Limit ($0.01/$0.02 USD) - 2021/03/02 21:28:59 PT [2021/03/03 0:28:59 ET]
Table 'Tugela' 9-max Seat #4 is the button
Seat 1: Dorex2007 ($1.44 in chips) 
Seat 2: jerome james 1 ($6.33 in chips) 
Seat 3: novoxopersk ($2 in chips) 
Seat 4: valera_9696@ ($3.95 in chips) 
Seat 5: Vicmate ($2.50 in chips) 
Seat 6: MarkAvrelij ($2.93 in chips) 
Seat 7: erkiad ($2.02 in chips) 
Seat 8: tokyojoe90 ($0.80 in chips) 
Seat 9: CollegeFund2021 ($2.46 in chips) 
Vicmate: posts small blind $0.01
MarkAvrelij: posts big blind $0.02
*** HOLE CARDS ***
Dealt to Dorex2007 [Ah Tc]
erkiad: folds 
tokyojoe90: raises $0.04 to $0.06
CollegeFund2021: calls $0.06
Dorex2007: calls $0.06
jerome james 1: folds 
novoxopersk: folds 
valera_9696@: folds 
Vicmate: calls $0.05
MarkAvrelij: folds 
*** FLOP *** [7c Ks 7s]
Vicmate: checks 
tokyojoe90: checks 
CollegeFund2021: checks 
Dorex2007: checks 
*** TURN *** [7c Ks 7s] [Kc]
Vicmate: checks 
tokyojoe90: bets $0.10
CollegeFund2021: folds 
Dorex2007: folds 
Vicmate: folds 
Uncalled bet ($0.10) returned to tokyojoe90
tokyojoe90 collected $0.25 from pot
tokyojoe90: doesn't show hand 
*** SUMMARY ***
Total pot $0.26 | Rake $0.01 
Board [7c Ks 7s Kc]
Seat 1: Dorex2007 folded on the Turn
Seat 2: jerome james 1 folded before Flop (didn't bet)
Seat 3: novoxopersk folded before Flop (didn't bet)
Seat 4: valera_9696@ (button) folded before Flop (didn't bet)
Seat 5: Vicmate (small blind) folded on the Turn
Seat 6: MarkAvrelij (big blind) folded before Flop
Seat 7: erkiad folded before Flop (didn't bet)
Seat 8: tokyojoe90 collected ($0.25)
Seat 9: CollegeFund2021 folded on the Turn



PokerStars Hand #224404777673:  Hold'em No Limit ($0.01/$0.02 USD) - 2021/03/02 21:30:10 PT [2021/03/03 0:30:10 ET]
Table 'Tugela' 9-max Seat #5 is the button
Seat 1: Dorex2007 ($1.38 in chips) 
Seat 2: jerome james 1 ($6.33 in chips) 
Seat 3: novoxopersk ($2 in chips) 
Seat 4: valera_9696@ ($3.95 in chips) 
Seat 5: Vicmate ($2.44 in chips) 
Seat 6: MarkAvrelij ($2.91 in chips) 
Seat 7: erkiad ($2.02 in chips) 
Seat 8: tokyojoe90 ($0.99 in chips) 
Seat 9: CollegeFund2021 ($2.40 in chips) 
MarkAvrelij: posts small blind $0.01
erkiad: posts big blind $0.02
*** HOLE CARDS ***
Dealt to Dorex2007 [Kd Kh]
tokyojoe90: calls $0.02
CollegeFund2021: calls $0.02
Dorex2007: raises $0.04 to $0.06
jerome james 1: folds 
novoxopersk: folds 
valera_9696@: folds 
Vicmate: folds 
MarkAvrelij: calls $0.05
erkiad: folds 
tokyojoe90: calls $0.04
CollegeFund2021: folds 
*** FLOP *** [2h 2d 3h]
MarkAvrelij: checks 
tokyojoe90: checks 
Dorex2007: bets $0.21
MarkAvrelij: folds 
tokyojoe90: folds 
Uncalled bet ($0.21) returned to Dorex2007
Dorex2007 collected $0.21 from pot
Dorex2007: doesn't show hand 
*** SUMMARY ***
Total pot $0.22 | Rake $0.01 
Board [2h 2d 3h]
Seat 1: Dorex2007 collected ($0.21)
Seat 2: jerome james 1 folded before Flop (didn't bet)
Seat 3: novoxopersk folded before Flop (didn't bet)
Seat 4: valera_9696@ folded before Flop (didn't bet)
Seat 5: Vicmate (button) folded before Flop (didn't bet)
Seat 6: MarkAvrelij (small blind) folded on the Flop
Seat 7: erkiad (big blind) folded before Flop
Seat 8: tokyojoe90 folded on the Flop
Seat 9: CollegeFund2021 folded before Flop



PokerStars Hand #224404790039:  Hold'em No Limit ($0.01/$0.02 USD) - 2021/03/02 21:31:17 PT [2021/03/03 0:31:17 ET]
Table 'Tugela' 9-max Seat #6 is the button
Seat 1: Dorex2007 ($1.53 in chips) 
Seat 2: jerome james 1 ($6.33 in chips) 
Seat 3: novoxopersk ($2 in chips) 
Seat 4: valera_9696@ ($3.95 in chips) 
Seat 5: Vicmate ($2.44 in chips) 
Seat 6: MarkAvrelij ($2.85 in chips) 
Seat 7: erkiad ($2 in chips) 
Seat 9: CollegeFund2021 ($2.38 in chips) 
erkiad: posts small blind $0.01
tokyojoe90: is sitting out 
CollegeFund2021: posts big blind $0.02
*** HOLE CARDS ***
Dealt to Dorex2007 [7s 2c]
Dorex2007: folds 
jerome james 1: calls $0.02
novoxopersk: calls $0.02
valera_9696@: folds 
Vicmate: folds 
MarkAvrelij: folds 
erkiad: folds 
CollegeFund2021: checks 
*** FLOP *** [5c 6s 8d]
CollegeFund2021: checks 
jerome james 1: bets $0.02
novoxopersk: folds 
CollegeFund2021: calls $0.02
*** TURN *** [5c 6s 8d] [3d]
CollegeFund2021: checks 
jerome james 1: bets $0.04
CollegeFund2021: calls $0.04
*** RIVER *** [5c 6s 8d 3d] [3h]
CollegeFund2021: checks 
jerome james 1: bets $0.04
CollegeFund2021: folds 
Uncalled bet ($0.04) returned to jerome james 1
jerome james 1 collected $0.18 from pot
jerome james 1: doesn't show hand 
*** SUMMARY ***
Total pot $0.19 | Rake $0.01 
Board [5c 6s 8d 3d 3h]
Seat 1: Dorex2007 folded before Flop (didn't bet)
Seat 2: jerome james 1 collected ($0.18)
Seat 3: novoxopersk folded on the Flop
Seat 4: valera_9696@ folded before Flop (didn't bet)
Seat 5: Vicmate folded before Flop (didn't bet)
Seat 6: MarkAvrelij (button) folded before Flop (didn't bet)
Seat 7: erkiad (small blind) folded before Flop
Seat 9: CollegeFund2021 (big blind) folded on the River



PokerStars Hand #224404802055:  Hold'em No Limit ($0.01/$0.02 USD) - 2021/03/02 21:32:20 PT [2021/03/03 0:32:20 ET]
Table 'Tugela' 9-max Seat #7 is the button
Seat 1: Dorex2007 ($1.53 in chips) 
Seat 2: jerome james 1 ($6.43 in chips) 
Seat 3: novoxopersk ($1.98 in chips) 
Seat 4: valera_9696@ ($3.95 in chips) 
Seat 5: Vicmate ($2.44 in chips) 
Seat 6: MarkAvrelij ($2.85 in chips) 
Seat 7: erkiad ($2 in chips) 
Seat 9: CollegeFund2021 ($2.30 in chips) 
CollegeFund2021: posts small blind $0.01
Dorex2007: posts big blind $0.02
*** HOLE CARDS ***
Dealt to Dorex2007 [5h Ah]
jerome james 1: folds 
novoxopersk: folds 
valera_9696@: folds 
Vicmate: raises $0.04 to $0.06
MarkAvrelij: raises $0.11 to $0.17
erkiad: folds 
CollegeFund2021: calls $0.16
Dorex2007: folds 
Vicmate: folds 
*** FLOP *** [Th 4c Qs]
CollegeFund2021: checks 
MarkAvrelij: bets $0.13
CollegeFund2021: folds 
Uncalled bet ($0.13) returned to MarkAvrelij
MarkAvrelij collected $0.41 from pot
MarkAvrelij: doesn't show hand 
*** SUMMARY ***
Total pot $0.42 | Rake $0.01 
Board [Th 4c Qs]
Seat 1: Dorex2007 (big blind) folded before Flop
Seat 2: jerome james 1 folded before Flop (didn't bet)
Seat 3: novoxopersk folded before Flop (didn't bet)
Seat 4: valera_9696@ folded before Flop (didn't bet)
Seat 5: Vicmate folded before Flop
Seat 6: MarkAvrelij collected ($0.41)
Seat 7: erkiad (button) folded before Flop (didn't bet)
Seat 9: CollegeFund2021 (small blind) folded on the Flop



PokerStars Hand #224404809902:  Hold'em No Limit ($0.01/$0.02 USD) - 2021/03/02 21:33:02 PT [2021/03/03 0:33:02 ET]
Table 'Tugela' 9-max Seat #9 is the button
Seat 1: Dorex2007 ($1.51 in chips) 
Seat 2: jerome james 1 ($6.43 in chips) 
Seat 3: novoxopersk ($1.98 in chips) 
Seat 4: valera_9696@ ($3.95 in chips) 
Seat 5: Vicmate ($2.38 in chips) 
Seat 6: MarkAvrelij ($3.09 in chips) 
Seat 7: erkiad ($2 in chips) 
Seat 9: CollegeFund2021 ($2.13 in chips) 
Dorex2007: posts small blind $0.01
jerome james 1: posts big blind $0.02
*** HOLE CARDS ***
Dealt to Dorex2007 [Js Ad]
novoxopersk: folds 
tokyojoe90 leaves the table
valera_9696@: folds 
Vicmate: folds 
MarkAvrelij: folds 
erkiad: raises $0.04 to $0.06
CollegeFund2021: calls $0.06
Dorex2007: calls $0.05
WilliamJBF joins the table at seat #8 
jerome james 1: calls $0.04
*** FLOP *** [6d 7c Qc]
Dorex2007: checks 
jerome james 1: checks 
erkiad: bets $0.17
CollegeFund2021: folds 
Dorex2007: folds 
jerome james 1: folds 
Uncalled bet ($0.17) returned to erkiad
erkiad collected $0.23 from pot
erkiad: doesn't show hand 
*** SUMMARY ***
Total pot $0.24 | Rake $0.01 
Board [6d 7c Qc]
Seat 1: Dorex2007 (small blind) folded on the Flop
Seat 2: jerome james 1 (big blind) folded on the Flop
Seat 3: novoxopersk folded before Flop (didn't bet)
Seat 4: valera_9696@ folded before Flop (didn't bet)
Seat 5: Vicmate folded before Flop (didn't bet)
Seat 6: MarkAvrelij folded before Flop (didn't bet)
Seat 7: erkiad collected ($0.23)
Seat 9: CollegeFund2021 (button) folded on the Flop



PokerStars Hand #224404818508:  Hold'em No Limit ($0.01/$0.02 USD) - 2021/03/02 21:33:49 PT [2021/03/03 0:33:49 ET]
Table 'Tugela' 9-max Seat #1 is the button
Seat 1: Dorex2007 ($1.45 in chips) 
Seat 2: jerome james 1 ($6.37 in chips) 
Seat 3: novoxopersk ($1.98 in chips) 
Seat 4: valera_9696@ ($3.95 in chips) 
Seat 5: Vicmate ($2.38 in chips) 
Seat 6: MarkAvrelij ($3.09 in chips) 
Seat 7: erkiad ($2.17 in chips) 
Seat 9: CollegeFund2021 ($2.07 in chips) 
jerome james 1: posts small blind $0.01
novoxopersk: posts big blind $0.02
WilliamJBF: sits out 
*** HOLE CARDS ***
Dealt to Dorex2007 [4s 3s]
valera_9696@: folds 
Vicmate: folds 
MarkAvrelij: folds 
erkiad: folds 
CollegeFund2021: calls $0.02
Dorex2007: folds 
jerome james 1: calls $0.01
novoxopersk: checks 
*** FLOP *** [7s 9h 8s]
jerome james 1: checks 
novoxopersk: bets $0.06
valera_9696@ leaves the table
CollegeFund2021: calls $0.06
jerome james 1: folds 
*** TURN *** [7s 9h 8s] [5c]
novoxopersk: bets $0.17
Vicmate leaves the table
CollegeFund2021: folds 
Uncalled bet ($0.17) returned to novoxopersk
novoxopersk collected $0.17 from pot
novoxopersk: doesn't show hand 
*** SUMMARY ***
Total pot $0.18 | Rake $0.01 
Board [7s 9h 8s 5c]
Seat 1: Dorex2007 (button) folded before Flop (didn't bet)
Seat 2: jerome james 1 (small blind) folded on the Flop
Seat 3: novoxopersk (big blind) collected ($0.17)
Seat 4: valera_9696@ folded before Flop (didn't bet)
Seat 5: Vicmate folded before Flop (didn't bet)
Seat 6: MarkAvrelij folded before Flop (didn't bet)
Seat 7: erkiad folded before Flop (didn't bet)
Seat 9: CollegeFund2021 folded on the Turn



PokerStars Hand #224404832390:  Hold'em No Limit ($0.01/$0.02 USD) - 2021/03/02 21:35:04 PT [2021/03/03 0:35:04 ET]
Table 'Tugela' 9-max Seat #2 is the button
Seat 1: Dorex2007 ($1.45 in chips) 
Seat 2: jerome james 1 ($6.35 in chips) 
Seat 3: novoxopersk ($2.07 in chips) 
Seat 6: MarkAvrelij ($3.09 in chips) 
Seat 7: erkiad ($2.17 in chips) 
Seat 9: CollegeFund2021 ($1.99 in chips) 
novoxopersk: posts small blind $0.01
MarkAvrelij: posts big blind $0.02
WilliamJBF: sits out 
*** HOLE CARDS ***
Dealt to Dorex2007 [6c 5c]
erkiad: folds 
CollegeFund2021: calls $0.02
Dorex2007: calls $0.02
jerome james 1: calls $0.02
novoxopersk: calls $0.01
MarkAvrelij: checks 
*** FLOP *** [Qs Kh 2h]
Vicmate joins the table at seat #4 
novoxopersk: checks 
MarkAvrelij: checks 
CollegeFund2021: checks 
Dorex2007: checks 
jerome james 1: checks 
*** TURN *** [Qs Kh 2h] [7h]
novoxopersk: checks 
MarkAvrelij: checks 
CollegeFund2021: bets $0.10
MrCafeboy joins the table at seat #5 
Dorex2007: folds 
jerome james 1: folds 
novoxopersk: folds 
MarkAvrelij: folds 
Uncalled bet ($0.10) returned to CollegeFund2021
CollegeFund2021 collected $0.10 from pot
CollegeFund2021: doesn't show hand 
*** SUMMARY ***
Total pot $0.10 | Rake $0 
Board [Qs Kh 2h 7h]
Seat 1: Dorex2007 folded on the Turn
Seat 2: jerome james 1 (button) folded on the Turn
Seat 3: novoxopersk (small blind) folded on the Turn
Seat 6: MarkAvrelij (big blind) folded on the Turn
Seat 7: erkiad folded before Flop (didn't bet)
Seat 9: CollegeFund2021 collected ($0.10)



PokerStars Hand #224404846123:  Hold'em No Limit ($0.01/$0.02 USD) - 2021/03/02 21:36:19 PT [2021/03/03 0:36:19 ET]
Table 'Tugela' 9-max Seat #3 is the button
Seat 1: Dorex2007 ($1.43 in chips) 
Seat 2: jerome james 1 ($6.33 in chips) 
Seat 3: novoxopersk ($2.05 in chips) 
Seat 6: MarkAvrelij ($3.07 in chips) 
Seat 7: erkiad ($2.17 in chips) 
Seat 9: CollegeFund2021 ($2.07 in chips) 
MarkAvrelij: posts small blind $0.01
erkiad: posts big blind $0.02
WilliamJBF: sits out 
*** HOLE CARDS ***
Dealt to Dorex2007 [9d 2s]
CollegeFund2021: calls $0.02
Dorex2007: folds 
jerome james 1 has timed out
jerome james 1: folds 
novoxopersk: folds 
MarkAvrelij: calls $0.01
erkiad: checks 
*** FLOP *** [7s 2c Ad]
MarkAvrelij: checks 
erkiad: checks 
CollegeFund2021: checks 
*** TURN *** [7s 2c Ad] [5h]
MarkAvrelij: checks 
erkiad: checks 
CollegeFund2021: bets $0.10
MarkAvrelij: folds 
erkiad: folds 
Uncalled bet ($0.10) returned to CollegeFund2021
CollegeFund2021 collected $0.06 from pot
CollegeFund2021: doesn't show hand 
*** SUMMARY ***
Total pot $0.06 | Rake $0 
Board [7s 2c Ad 5h]
Seat 1: Dorex2007 folded before Flop (didn't bet)
Seat 2: jerome james 1 folded before Flop (didn't bet)
Seat 3: novoxopersk (button) folded before Flop (didn't bet)
Seat 6: MarkAvrelij (small blind) folded on the Turn
Seat 7: erkiad (big blind) folded on the Turn
Seat 9: CollegeFund2021 collected ($0.06)



PokerStars Hand #224404854575:  Hold'em No Limit ($0.01/$0.02 USD) - 2021/03/02 21:37:06 PT [2021/03/03 0:37:06 ET]
Table 'Tugela' 9-max Seat #6 is the button
Seat 1: Dorex2007 ($1.43 in chips) 
Seat 2: jerome james 1 ($6.33 in chips) 
Seat 3: novoxopersk ($2.05 in chips) 
Seat 6: MarkAvrelij ($3.05 in chips) 
Seat 7: erkiad ($2.15 in chips) 
Seat 8: WilliamJBF ($2 in chips) 
Seat 9: CollegeFund2021 ($2.11 in chips) 
erkiad: posts small blind $0.01
WilliamJBF: posts big blind $0.02
Vicmate: sits out 
MrCafeboy: sits out 
*** HOLE CARDS ***
Dealt to Dorex2007 [5c Jc]
CollegeFund2021: calls $0.02
Dorex2007: calls $0.02
jerome james 1: calls $0.02
novoxopersk: folds 
MarkAvrelij: folds 
erkiad: folds 
WilliamJBF: checks 
*** FLOP *** [Ah 6s 5d]
WilliamJBF: checks 
CollegeFund2021: checks 
Dorex2007: checks 
jerome james 1: bets $0.04
WilliamJBF: folds 
CollegeFund2021: folds 
Dorex2007: calls $0.04
*** TURN *** [Ah 6s 5d] [9s]
Dorex2007: checks 
CollegeFund2021 leaves the table
jerome james 1: bets $0.04
Dorex2007: folds 
Uncalled bet ($0.04) returned to jerome james 1
jerome james 1 collected $0.16 from pot
jerome james 1: doesn't show hand 
*** SUMMARY ***
Total pot $0.17 | Rake $0.01 
Board [Ah 6s 5d 9s]
Seat 1: Dorex2007 folded on the Turn
Seat 2: jerome james 1 collected ($0.16)
Seat 3: novoxopersk folded before Flop (didn't bet)
Seat 6: MarkAvrelij (button) folded before Flop (didn't bet)
Seat 7: erkiad (small blind) folded before Flop
Seat 8: WilliamJBF (big blind) folded on the Flop
Seat 9: CollegeFund2021 folded on the Flop



PokerStars Hand #224404865901:  Hold'em No Limit ($0.01/$0.02 USD) - 2021/03/02 21:38:09 PT [2021/03/03 0:38:09 ET]
Table 'Tugela' 9-max Seat #7 is the button
Seat 1: Dorex2007 ($1.37 in chips) 
Seat 2: jerome james 1 ($6.43 in chips) 
Seat 3: novoxopersk ($2.05 in chips) 
Seat 5: MrCafeboy ($2 in chips) 
Seat 6: MarkAvrelij ($3.05 in chips) 
Seat 7: erkiad ($2.14 in chips) 
Seat 8: WilliamJBF ($1.98 in chips) 
WilliamJBF: posts small blind $0.01
Dorex2007: posts big blind $0.02
Vicmate: sits out 
MrCafeboy: posts big blind $0.02
*** HOLE CARDS ***
Dealt to Dorex2007 [9c 6h]
jerome james 1: calls $0.02
novoxopersk: folds 
MrCafeboy: checks 
MarkAvrelij: folds 
erkiad: raises $0.08 to $0.10
WilliamJBF: folds 
Dorex2007: folds 
jerome james 1: calls $0.08
MrCafeboy: folds 
*** FLOP *** [4h Qd 6s]
jerome james 1: checks 
ISKatekl joins the table at seat #9 
erkiad: checks 
*** TURN *** [4h Qd 6s] [Ah]
jerome james 1: bets $0.08
erkiad: folds 
Uncalled bet ($0.08) returned to jerome james 1
jerome james 1 collected $0.24 from pot
jerome james 1: doesn't show hand 
*** SUMMARY ***
Total pot $0.25 | Rake $0.01 
Board [4h Qd 6s Ah]
Seat 1: Dorex2007 (big blind) folded before Flop
Seat 2: jerome james 1 collected ($0.24)
Seat 3: novoxopersk folded before Flop (didn't bet)
Seat 5: MrCafeboy folded before Flop (didn't bet)
Seat 6: MarkAvrelij folded before Flop (didn't bet)
Seat 7: erkiad (button) folded on the Turn
Seat 8: WilliamJBF (small blind) folded before Flop



PokerStars Hand #224404873987:  Hold'em No Limit ($0.01/$0.02 USD) - 2021/03/02 21:38:54 PT [2021/03/03 0:38:54 ET]
Table 'Tugela' 9-max Seat #8 is the button
Seat 1: Dorex2007 ($1.35 in chips) 
Seat 2: jerome james 1 ($6.57 in chips) 
Seat 3: novoxopersk ($2.05 in chips) 
Seat 5: MrCafeboy ($1.98 in chips) 
Seat 6: MarkAvrelij ($3.05 in chips) 
Seat 7: erkiad ($2.04 in chips) 
Seat 8: WilliamJBF ($1.97 in chips) 
Dorex2007: posts small blind $0.01
jerome james 1: posts big blind $0.02
Vicmate: sits out 
*** HOLE CARDS ***
Dealt to Dorex2007 [Jc Qc]
novoxopersk: folds 
MrCafeboy: folds 
MarkAvrelij: folds 
erkiad: folds 
WilliamJBF: raises $0.02 to $0.04
Dorex2007: calls $0.03
jerome james 1: calls $0.02
*** FLOP *** [5h Th Kd]
Dorex2007: checks 
jerome james 1: checks 
WilliamJBF: checks 
*** TURN *** [5h Th Kd] [9c]
Dorex2007: bets $0.09
jerome james 1: calls $0.09
WilliamJBF: calls $0.09
*** RIVER *** [5h Th Kd 9c] [8h]
Dorex2007: bets $0.19
jerome james 1: folds 
WilliamJBF: raises $0.51 to $0.70
Dorex2007: folds 
Uncalled bet ($0.51) returned to WilliamJBF
WilliamJBF collected $0.74 from pot
*** SUMMARY ***
Total pot $0.77 | Rake $0.03 
Board [5h Th Kd 9c 8h]
Seat 1: Dorex2007 (small blind) folded on the River
Seat 2: jerome james 1 (big blind) folded on the River
Seat 3: novoxopersk folded before Flop (didn't bet)
Seat 5: MrCafeboy folded before Flop (didn't bet)
Seat 6: MarkAvrelij folded before Flop (didn't bet)
Seat 7: erkiad folded before Flop (didn't bet)
Seat 8: WilliamJBF (button) collected ($0.74)



PokerStars Hand #224404889946:  Hold'em No Limit ($0.01/$0.02 USD) - 2021/03/02 21:40:22 PT [2021/03/03 0:40:22 ET]
Table 'Tugela' 9-max Seat #1 is the button
Seat 1: Dorex2007 ($1.03 in chips) 
Seat 2: jerome james 1 ($6.44 in chips) 
Seat 3: novoxopersk ($2.05 in chips) 
Seat 5: MrCafeboy ($1.98 in chips) 
Seat 6: MarkAvrelij ($3.05 in chips) 
Seat 7: erkiad ($2.04 in chips) 
Seat 8: WilliamJBF ($2.39 in chips) 
jerome james 1: posts small blind $0.01
novoxopersk: posts big blind $0.02
Vicmate: sits out 
ISKatekl: sits out 
*** HOLE CARDS ***
Dealt to Dorex2007 [Jc Kh]
MrCafeboy: folds 
MarkAvrelij: folds 
erkiad: raises $0.04 to $0.06
WilliamJBF: calls $0.06
Dorex2007: calls $0.06
jerome james 1: folds 
novoxopersk: folds 
*** FLOP *** [4d 6c 2c]
erkiad: bets $0.15
WilliamJBF: folds 
Dorex2007: calls $0.15
*** TURN *** [4d 6c 2c] [8c]
erkiad: bets $0.27
Dorex2007: folds 
Uncalled bet ($0.27) returned to erkiad
erkiad collected $0.49 from pot
erkiad: doesn't show hand 
*** SUMMARY ***
Total pot $0.51 | Rake $0.02 
Board [4d 6c 2c 8c]
Seat 1: Dorex2007 (button) folded on the Turn
Seat 2: jerome james 1 (small blind) folded before Flop
Seat 3: novoxopersk (big blind) folded before Flop
Seat 5: MrCafeboy folded before Flop (didn't bet)
Seat 6: MarkAvrelij folded before Flop (didn't bet)
Seat 7: erkiad collected ($0.49)
Seat 8: WilliamJBF folded on the Flop



PokerStars Hand #224404898468:  Hold'em No Limit ($0.01/$0.02 USD) - 2021/03/02 21:41:10 PT [2021/03/03 0:41:10 ET]
Table 'Tugela' 9-max Seat #2 is the button
Seat 1: Dorex2007 ($1.62 in chips) 
Seat 2: jerome james 1 ($6.43 in chips) 
Seat 3: novoxopersk ($2.03 in chips) 
Seat 4: Vicmate ($2.38 in chips) 
Seat 5: MrCafeboy ($1.98 in chips) 
Seat 6: MarkAvrelij ($3.05 in chips) 
Seat 7: erkiad ($2.32 in chips) 
Seat 8: WilliamJBF ($2.33 in chips) 
novoxopersk: posts small blind $0.01
Vicmate: posts big blind $0.02
ISKatekl: sits out 
*** HOLE CARDS ***
Dealt to Dorex2007 [4s Jd]
MrCafeboy: folds 
MarkAvrelij: folds 
erkiad: folds 
WilliamJBF: folds 
Dorex2007: folds 
jerome james 1: calls $0.02
novoxopersk: folds 
Vicmate: checks 
*** FLOP *** [Qs 2c 5d]
Vicmate: checks 
jerome james 1: bets $0.02
Vicmate: calls $0.02
*** TURN *** [Qs 2c 5d] [5s]
Vicmate: checks 
jerome james 1: bets $0.02
Vicmate: folds 
Uncalled bet ($0.02) returned to jerome james 1
jerome james 1 collected $0.09 from pot
jerome james 1: doesn't show hand 
*** SUMMARY ***
Total pot $0.09 | Rake $0 
Board [Qs 2c 5d 5s]
Seat 1: Dorex2007 folded before Flop (didn't bet)
Seat 2: jerome james 1 (button) collected ($0.09)
Seat 3: novoxopersk (small blind) folded before Flop
Seat 4: Vicmate (big blind) folded on the Turn
Seat 5: MrCafeboy folded before Flop (didn't bet)
Seat 6: MarkAvrelij folded before Flop (didn't bet)
Seat 7: erkiad folded before Flop (didn't bet)
Seat 8: WilliamJBF folded before Flop (didn't bet)



PokerStars Hand #224404905743:  Hold'em No Limit ($0.01/$0.02 USD) - 2021/03/02 21:41:50 PT [2021/03/03 0:41:50 ET]
Table 'Tugela' 9-max Seat #3 is the button
Seat 1: Dorex2007 ($1.62 in chips) 
Seat 2: jerome james 1 ($6.48 in chips) 
Seat 3: novoxopersk ($2.02 in chips) 
Seat 4: Vicmate ($2.34 in chips) 
Seat 5: MrCafeboy ($1.98 in chips) 
Seat 6: MarkAvrelij ($3.05 in chips) 
Seat 7: erkiad ($2.32 in chips) 
Seat 8: WilliamJBF ($2.33 in chips) 
Vicmate: posts small blind $0.01
MrCafeboy: posts big blind $0.02
ISKatekl: sits out 
*** HOLE CARDS ***
Dealt to Dorex2007 [Ac Js]
MarkAvrelij: folds 
erkiad: folds 
WilliamJBF: folds 
Dorex2007: raises $0.04 to $0.06
jerome james 1: calls $0.06
novoxopersk: folds 
Vicmate: folds 
MrCafeboy: folds 
*** FLOP *** [3c Qh 3d]
Dorex2007: bets $0.14
jerome james 1: folds 
Uncalled bet ($0.14) returned to Dorex2007
Dorex2007 collected $0.14 from pot
Dorex2007: doesn't show hand 
*** SUMMARY ***
Total pot $0.15 | Rake $0.01 
Board [3c Qh 3d]
Seat 1: Dorex2007 collected ($0.14)
Seat 2: jerome james 1 folded on the Flop
Seat 3: novoxopersk (button) folded before Flop (didn't bet)
Seat 4: Vicmate (small blind) folded before Flop
Seat 5: MrCafeboy (big blind) folded before Flop
Seat 6: MarkAvrelij folded before Flop (didn't bet)
Seat 7: erkiad folded before Flop (didn't bet)
Seat 8: WilliamJBF folded before Flop (didn't bet)



PokerStars Hand #224404910263:  Hold'em No Limit ($0.01/$0.02 USD) - 2021/03/02 21:42:15 PT [2021/03/03 0:42:15 ET]
Table 'Tugela' 9-max Seat #4 is the button
Seat 1: Dorex2007 ($1.70 in chips) 
Seat 2: jerome james 1 ($6.42 in chips) 
Seat 3: novoxopersk ($2.02 in chips) 
Seat 4: Vicmate ($2.33 in chips) 
Seat 5: MrCafeboy ($1.96 in chips) 
Seat 6: MarkAvrelij ($3.05 in chips) 
Seat 7: erkiad ($2.32 in chips) 
Seat 8: WilliamJBF ($2.33 in chips) 
MrCafeboy: posts small blind $0.01
MarkAvrelij: posts big blind $0.02
ISKatekl: sits out 
*** HOLE CARDS ***
Dealt to Dorex2007 [As Jc]
erkiad: folds 
WilliamJBF: folds 
Dorex2007: raises $0.04 to $0.06
jerome james 1: folds 
novoxopersk: calls $0.06
Vicmate: folds 
MrCafeboy: raises $0.14 to $0.20
MarkAvrelij: folds 
Dorex2007: folds 
novoxopersk: calls $0.14
*** FLOP *** [Qs 6h Ah]
MrCafeboy: bets $0.22
novoxopersk: calls $0.22
*** TURN *** [Qs 6h Ah] [4h]
MrCafeboy: bets $0.30
novoxopersk: calls $0.30
*** RIVER *** [Qs 6h Ah 4h] [7h]
MrCafeboy: checks 
novoxopersk: bets $1.30 and is all-in
MrCafeboy: folds 
Uncalled bet ($1.30) returned to novoxopersk
novoxopersk collected $1.47 from pot
novoxopersk: doesn't show hand 
*** SUMMARY ***
Total pot $1.52 | Rake $0.05 
Board [Qs 6h Ah 4h 7h]
Seat 1: Dorex2007 folded before Flop
Seat 2: jerome james 1 folded before Flop (didn't bet)
Seat 3: novoxopersk collected ($1.47)
Seat 4: Vicmate (button) folded before Flop (didn't bet)
Seat 5: MrCafeboy (small blind) folded on the River
Seat 6: MarkAvrelij (big blind) folded before Flop
Seat 7: erkiad folded before Flop (didn't bet)
Seat 8: WilliamJBF folded before Flop (didn't bet)



PokerStars Hand #224404926331:  Hold'em No Limit ($0.01/$0.02 USD) - 2021/03/02 21:43:44 PT [2021/03/03 0:43:44 ET]
Table 'Tugela' 9-max Seat #5 is the button
Seat 1: Dorex2007 ($1.64 in chips) 
Seat 3: novoxopersk ($2.77 in chips) 
Seat 4: Vicmate ($2.33 in chips) 
Seat 5: MrCafeboy ($1.24 in chips) 
Seat 6: MarkAvrelij ($3.03 in chips) 
Seat 8: WilliamJBF ($2.33 in chips) 
MarkAvrelij: posts small blind $0.01
erkiad: is sitting out 
erkiad leaves the table
WilliamJBF: posts big blind $0.02
ISKatekl: sits out 
*** HOLE CARDS ***
Dealt to Dorex2007 [Tc 8s]
Dorex2007 has timed out
Dorex2007: folds 
novoxopersk: folds 
Vicmate: folds 
MrCafeboy: folds 
MarkAvrelij: raises $0.03 to $0.05
WilliamJBF: folds 
Uncalled bet ($0.03) returned to MarkAvrelij
MarkAvrelij collected $0.04 from pot
MarkAvrelij: doesn't show hand 
*** SUMMARY ***
Total pot $0.04 | Rake $0 
Seat 1: Dorex2007 folded before Flop (didn't bet)
Seat 3: novoxopersk folded before Flop (didn't bet)
Seat 4: Vicmate folded before Flop (didn't bet)
Seat 5: MrCafeboy (button) folded before Flop (didn't bet)
Seat 6: MarkAvrelij (small blind) collected ($0.04)
Seat 8: WilliamJBF (big blind) folded before Flop



PokerStars Hand #224404962460:  Hold'em No Limit ($0.01/$0.02 USD) - 2021/03/02 21:46:12 PT [2021/03/03 0:46:12 ET]
Table 'Tugela' 9-max Seat #8 is the button
Seat 1: Dorex2007 ($1.64 in chips) 
Seat 3: novoxopersk ($2.75 in chips) 
Seat 4: Vicmate ($2.33 in chips) 
Seat 5: MrCafeboy ($2.23 in chips) 
Seat 6: MarkAvrelij ($3.05 in chips) 
Seat 8: WilliamJBF ($2.29 in chips) 
Seat 9: ISKatekl ($1.79 in chips) 
ISKatekl: posts small blind $0.01
Dorex2007: posts big blind $0.02
zpxnjp21: sits out 
*** HOLE CARDS ***
Dealt to Dorex2007 [5s 3d]
novoxopersk: folds 
Vicmate: folds 
MrCafeboy: folds 
MarkAvrelij: folds 
WilliamJBF: folds 
ISKatekl: folds 
Uncalled bet ($0.01) returned to Dorex2007
Dorex2007 collected $0.02 from pot
Dorex2007: doesn't show hand 
*** SUMMARY ***
Total pot $0.02 | Rake $0 
Seat 1: Dorex2007 (big blind) collected ($0.02)
Seat 3: novoxopersk folded before Flop (didn't bet)
Seat 4: Vicmate folded before Flop (didn't bet)
Seat 5: MrCafeboy folded before Flop (didn't bet)
Seat 6: MarkAvrelij folded before Flop (didn't bet)
Seat 8: WilliamJBF (button) folded before Flop (didn't bet)
Seat 9: ISKatekl (small blind) folded before Flop



PokerStars Hand #224404966189:  Hold'em No Limit ($0.01/$0.02 USD) - 2021/03/02 21:46:33 PT [2021/03/03 0:46:33 ET]
Table 'Tugela' 9-max Seat #9 is the button
Seat 1: Dorex2007 ($1.65 in chips) 
Seat 3: novoxopersk ($2.75 in chips) 
Seat 4: Vicmate ($2.33 in chips) 
Seat 5: MrCafeboy ($2.23 in chips) 
Seat 6: MarkAvrelij ($3.05 in chips) 
Seat 8: WilliamJBF ($2.29 in chips) 
Seat 9: ISKatekl ($1.78 in chips) 
Dorex2007: posts small blind $0.01
novoxopersk: posts big blind $0.02
zpxnjp21: sits out 
*** HOLE CARDS ***
Dealt to Dorex2007 [5s 9s]
Vicmate: folds 
MrCafeboy: folds 
MarkAvrelij: raises $0.03 to $0.05
WilliamJBF: folds 
ISKatekl: folds 
Dorex2007: folds 
novoxopersk: folds 
Uncalled bet ($0.03) returned to MarkAvrelij
MarkAvrelij collected $0.05 from pot
MarkAvrelij: doesn't show hand 
*** SUMMARY ***
Total pot $0.05 | Rake $0 
Seat 1: Dorex2007 (small blind) folded before Flop
Seat 3: novoxopersk (big blind) folded before Flop
Seat 4: Vicmate folded before Flop (didn't bet)
Seat 5: MrCafeboy folded before Flop (didn't bet)
Seat 6: MarkAvrelij collected ($0.05)
Seat 8: WilliamJBF folded before Flop (didn't bet)
Seat 9: ISKatekl (button) folded before Flop (didn't bet)



PokerStars Hand #224404970302:  Hold'em No Limit ($0.01/$0.02 USD) - 2021/03/02 21:46:55 PT [2021/03/03 0:46:55 ET]
Table 'Tugela' 9-max Seat #1 is the button
Seat 1: Dorex2007 ($1.64 in chips) 
Seat 3: novoxopersk ($2.73 in chips) 
Seat 4: Vicmate ($2.33 in chips) 
Seat 5: MrCafeboy ($2.23 in chips) 
Seat 6: MarkAvrelij ($3.08 in chips) 
Seat 8: WilliamJBF ($2.29 in chips) 
Seat 9: ISKatekl ($1.78 in chips) 
novoxopersk: posts small blind $0.01
Vicmate: posts big blind $0.02
zpxnjp21: sits out 
*** HOLE CARDS ***
Dealt to Dorex2007 [5s 7s]
MrCafeboy: folds 
MarkAvrelij: raises $0.03 to $0.05
WilliamJBF: folds 
ISKatekl: folds 
Dorex2007: calls $0.05
novoxopersk: calls $0.04
Vicmate: calls $0.03
*** FLOP *** [8h 8c Td]
novoxopersk: checks 
Vicmate: checks 
MarkAvrelij: bets $0.08
Dorex2007: folds 
novoxopersk: calls $0.08
Vicmate: folds 
*** TURN *** [8h 8c Td] [Ks]
novoxopersk: checks 
MarkAvrelij: bets $0.14
novoxopersk: folds 
Uncalled bet ($0.14) returned to MarkAvrelij
MarkAvrelij collected $0.35 from pot
MarkAvrelij: doesn't show hand 
*** SUMMARY ***
Total pot $0.36 | Rake $0.01 
Board [8h 8c Td Ks]
Seat 1: Dorex2007 (button) folded on the Flop
Seat 3: novoxopersk (small blind) folded on the Turn
Seat 4: Vicmate (big blind) folded on the Flop
Seat 5: MrCafeboy folded before Flop (didn't bet)
Seat 6: MarkAvrelij collected ($0.35)
Seat 8: WilliamJBF folded before Flop (didn't bet)
Seat 9: ISKatekl folded before Flop (didn't bet)



PokerStars Hand #224404978896:  Hold'em No Limit ($0.01/$0.02 USD) - 2021/03/02 21:47:43 PT [2021/03/03 0:47:43 ET]
Table 'Tugela' 9-max Seat #3 is the button
Seat 1: Dorex2007 ($1.59 in chips) 
Seat 2: jerome james 1 ($6.42 in chips) 
Seat 3: novoxopersk ($2.60 in chips) 
Seat 4: Vicmate ($2.28 in chips) 
Seat 5: MrCafeboy ($2.23 in chips) 
Seat 6: MarkAvrelij ($3.30 in chips) 
Seat 8: WilliamJBF ($2.29 in chips) 
Seat 9: ISKatekl ($1.78 in chips) 
Vicmate: posts small blind $0.01
MrCafeboy: posts big blind $0.02
zpxnjp21: sits out 
jerome james 1: posts small & big blinds $0.03
*** HOLE CARDS ***
Dealt to Dorex2007 [7d Qc]
MarkAvrelij: folds 
WilliamJBF: folds 
ISKatekl: raises $0.02 to $0.04
Dorex2007: folds 
jerome james 1: calls $0.02
novoxopersk: folds 
Vicmate: calls $0.03
MrCafeboy: calls $0.02
*** FLOP *** [5d 2h 7s]
Vicmate: checks 
MrCafeboy: bets $0.04
ISKatekl: calls $0.04
jerome james 1: calls $0.04
Vicmate: folds 
*** TURN *** [5d 2h 7s] [9h]
MrCafeboy: checks 
ISKatekl: checks 
jerome james 1: checks 
*** RIVER *** [5d 2h 7s 9h] [Ac]
MrCafeboy: checks 
ISKatekl: bets $0.10
jerome james 1: folds 
MrCafeboy: folds 
Uncalled bet ($0.10) returned to ISKatekl
ISKatekl collected $0.28 from pot
ISKatekl: doesn't show hand 
*** SUMMARY ***
Total pot $0.29 | Rake $0.01 
Board [5d 2h 7s 9h Ac]
Seat 1: Dorex2007 folded before Flop (didn't bet)
Seat 2: jerome james 1 folded on the River
Seat 3: novoxopersk (button) folded before Flop (didn't bet)
Seat 4: Vicmate (small blind) folded on the Flop
Seat 5: MrCafeboy (big blind) folded on the River
Seat 6: MarkAvrelij folded before Flop (didn't bet)
Seat 8: WilliamJBF folded before Flop (didn't bet)
Seat 9: ISKatekl collected ($0.28)



PokerStars Hand #224404994531:  Hold'em No Limit ($0.01/$0.02 USD) - 2021/03/02 21:49:10 PT [2021/03/03 0:49:10 ET]
Table 'Tugela' 9-max Seat #4 is the button
Seat 1: Dorex2007 ($1.59 in chips) 
Seat 2: jerome james 1 ($6.33 in chips) 
Seat 3: novoxopersk ($2.60 in chips) 
Seat 4: Vicmate ($2.24 in chips) 
Seat 5: MrCafeboy ($2.15 in chips) 
Seat 6: MarkAvrelij ($3.30 in chips) 
Seat 8: WilliamJBF ($2.29 in chips) 
Seat 9: ISKatekl ($1.98 in chips) 
MrCafeboy: posts small blind $0.01
MarkAvrelij: posts big blind $0.02
zpxnjp21: sits out 
*** HOLE CARDS ***
Dealt to Dorex2007 [Qs Kh]
WilliamJBF: folds 
ISKatekl: folds 
Dorex2007: raises $0.04 to $0.06
jerome james 1: folds 
novoxopersk: folds 
Vicmate: folds 
MrCafeboy: folds 
MarkAvrelij: folds 
Uncalled bet ($0.04) returned to Dorex2007
Dorex2007 collected $0.05 from pot
Dorex2007: doesn't show hand 
*** SUMMARY ***
Total pot $0.05 | Rake $0 
Seat 1: Dorex2007 collected ($0.05)
Seat 2: jerome james 1 folded before Flop (didn't bet)
Seat 3: novoxopersk folded before Flop (didn't bet)
Seat 4: Vicmate (button) folded before Flop (didn't bet)
Seat 5: MrCafeboy (small blind) folded before Flop
Seat 6: MarkAvrelij (big blind) folded before Flop
Seat 8: WilliamJBF folded before Flop (didn't bet)
Seat 9: ISKatekl folded before Flop (didn't bet)



PokerStars Hand #224404999284:  Hold'em No Limit ($0.01/$0.02 USD) - 2021/03/02 21:49:36 PT [2021/03/03 0:49:36 ET]
Table 'Tugela' 9-max Seat #5 is the button
Seat 1: Dorex2007 ($1.62 in chips) 
Seat 2: jerome james 1 ($6.33 in chips) 
Seat 3: novoxopersk ($2.60 in chips) 
Seat 4: Vicmate ($2.24 in chips) 
Seat 5: MrCafeboy ($2.14 in chips) 
Seat 6: MarkAvrelij ($3.28 in chips) 
Seat 7: zpxnjp21 ($0.80 in chips) 
Seat 8: WilliamJBF ($2.29 in chips) 
Seat 9: ISKatekl ($1.98 in chips) 
MarkAvrelij: posts small blind $0.01
zpxnjp21: posts big blind $0.02
*** HOLE CARDS ***
Dealt to Dorex2007 [Kh Jd]
WilliamJBF: folds 
ISKatekl: folds 
Dorex2007: raises $0.04 to $0.06
jerome james 1: folds 
novoxopersk: folds 
Vicmate: folds 
MrCafeboy: folds 
MarkAvrelij: folds 
zpxnjp21: folds 
Uncalled bet ($0.04) returned to Dorex2007
Dorex2007 collected $0.05 from pot
Dorex2007: doesn't show hand 
*** SUMMARY ***
Total pot $0.05 | Rake $0 
Seat 1: Dorex2007 collected ($0.05)
Seat 2: jerome james 1 folded before Flop (didn't bet)
Seat 3: novoxopersk folded before Flop (didn't bet)
Seat 4: Vicmate folded before Flop (didn't bet)
Seat 5: MrCafeboy (button) folded before Flop (didn't bet)
Seat 6: MarkAvrelij (small blind) folded before Flop
Seat 7: zpxnjp21 (big blind) folded before Flop
Seat 8: WilliamJBF folded before Flop (didn't bet)
Seat 9: ISKatekl folded before Flop (didn't bet)



PokerStars Hand #224405004478:  Hold'em No Limit ($0.01/$0.02 USD) - 2021/03/02 21:50:05 PT [2021/03/03 0:50:05 ET]
Table 'Tugela' 9-max Seat #6 is the button
Seat 1: Dorex2007 ($1.65 in chips) 
Seat 2: jerome james 1 ($6.33 in chips) 
Seat 4: Vicmate ($2.24 in chips) 
Seat 5: MrCafeboy ($2.14 in chips) 
Seat 6: MarkAvrelij ($3.27 in chips) 
Seat 7: zpxnjp21 ($0.78 in chips) 
Seat 8: WilliamJBF ($2.29 in chips) 
Seat 9: ISKatekl ($1.98 in chips) 
zpxnjp21: posts small blind $0.01
WilliamJBF: posts big blind $0.02
*** HOLE CARDS ***
Dealt to Dorex2007 [4c 9d]
novoxopersk leaves the table
ISKatekl: folds 
Dorex2007: folds 
jerome james 1: calls $0.02
Vicmate: folds 
MrCafeboy: folds 
MarkAvrelij: folds 
zpxnjp21: folds 
WilliamJBF: checks 
*** FLOP *** [4d Qc Ac]
WilliamJBF: checks 
jerome james 1: checks 
*** TURN *** [4d Qc Ac] [3d]
WilliamJBF: checks 
jerome james 1: bets $0.02
WilliamJBF: folds 
Uncalled bet ($0.02) returned to jerome james 1
jerome james 1 collected $0.05 from pot
jerome james 1: doesn't show hand 
*** SUMMARY ***
Total pot $0.05 | Rake $0 
Board [4d Qc Ac 3d]
Seat 1: Dorex2007 folded before Flop (didn't bet)
Seat 2: jerome james 1 collected ($0.05)
Seat 4: Vicmate folded before Flop (didn't bet)
Seat 5: MrCafeboy folded before Flop (didn't bet)
Seat 6: MarkAvrelij (button) folded before Flop (didn't bet)
Seat 7: zpxnjp21 (small blind) folded before Flop
Seat 8: WilliamJBF (big blind) folded on the Turn
Seat 9: ISKatekl folded before Flop (didn't bet)



PokerStars Hand #224405010876:  Hold'em No Limit ($0.01/$0.02 USD) - 2021/03/02 21:50:42 PT [2021/03/03 0:50:42 ET]
Table 'Tugela' 9-max Seat #7 is the button
Seat 1: Dorex2007 ($1.65 in chips) 
Seat 2: jerome james 1 ($6.36 in chips) 
Seat 4: Vicmate ($2.24 in chips) 
Seat 5: MrCafeboy ($2.14 in chips) 
Seat 6: MarkAvrelij ($3.27 in chips) 
Seat 7: zpxnjp21 ($0.77 in chips) 
Seat 8: WilliamJBF ($2.27 in chips) 
Seat 9: ISKatekl ($1.98 in chips) 
WilliamJBF: posts small blind $0.01
ISKatekl: posts big blind $0.02
*** HOLE CARDS ***
Dealt to Dorex2007 [3s 5s]
Dorex2007: folds 
RChinenov joins the table at seat #3 
jerome james 1: folds 
Vicmate: folds 
MrCafeboy: folds 
MarkAvrelij: raises $0.03 to $0.05
zpxnjp21: folds 
WilliamJBF: folds 
ISKatekl: calls $0.03
*** FLOP *** [Ac Td 6c]
ISKatekl: checks 
MarkAvrelij: checks 
*** TURN *** [Ac Td 6c] [Ad]
ISKatekl: checks 
MarkAvrelij: bets $0.04
ISKatekl: calls $0.04
*** RIVER *** [Ac Td 6c Ad] [Jc]
ISKatekl: checks 
MarkAvrelij: checks 
*** SHOW DOWN ***
ISKatekl: shows [Qs Qd] (two pair, Aces and Queens)
MarkAvrelij: mucks hand 
ISKatekl collected $0.18 from pot
*** SUMMARY ***
Total pot $0.19 | Rake $0.01 
Board [Ac Td 6c Ad Jc]
Seat 1: Dorex2007 folded before Flop (didn't bet)
Seat 2: jerome james 1 folded before Flop (didn't bet)
Seat 4: Vicmate folded before Flop (didn't bet)
Seat 5: MrCafeboy folded before Flop (didn't bet)
Seat 6: MarkAvrelij mucked [Kh 9h]
Seat 7: zpxnjp21 (button) folded before Flop (didn't bet)
Seat 8: WilliamJBF (small blind) folded before Flop
Seat 9: ISKatekl (big blind) showed [Qs Qd] and won ($0.18) with two pair, Aces and Queens



PokerStars Hand #224405022148:  Hold'em No Limit ($0.01/$0.02 USD) - 2021/03/02 21:51:46 PT [2021/03/03 0:51:46 ET]
Table 'Tugela' 9-max Seat #8 is the button
Seat 1: Dorex2007 ($1.65 in chips) 
Seat 2: jerome james 1 ($6.36 in chips) 
Seat 4: Vicmate ($2.24 in chips) 
Seat 5: MrCafeboy ($2.14 in chips) 
Seat 6: MarkAvrelij ($3.18 in chips) 
Seat 7: zpxnjp21 ($0.77 in chips) 
Seat 8: WilliamJBF ($2.26 in chips) 
Seat 9: ISKatekl ($2.07 in chips) 
ISKatekl: posts small blind $0.01
Dorex2007: posts big blind $0.02
RChinenov: sits out 
*** HOLE CARDS ***
Dealt to Dorex2007 [2h 2c]
jerome james 1: calls $0.02
Vicmate: folds 
MrCafeboy: folds 
MarkAvrelij: folds 
zpxnjp21: folds 
WilliamJBF: raises $0.02 to $0.04
ISKatekl: calls $0.03
Dorex2007: calls $0.02
jerome james 1: calls $0.02
*** FLOP *** [2d Kc 7d]
ISKatekl: checks 
Dorex2007: bets $0.08
jerome james 1: calls $0.08
WilliamJBF: folds 
ISKatekl: folds 
*** TURN *** [2d Kc 7d] [Ah]
Dorex2007: bets $1.53 and is all-in
jerome james 1: folds 
Uncalled bet ($1.53) returned to Dorex2007
Dorex2007 collected $0.31 from pot
Dorex2007: doesn't show hand 
*** SUMMARY ***
Total pot $0.32 | Rake $0.01 
Board [2d Kc 7d Ah]
Seat 1: Dorex2007 (big blind) collected ($0.31)
Seat 2: jerome james 1 folded on the Turn
Seat 4: Vicmate folded before Flop (didn't bet)
Seat 5: MrCafeboy folded before Flop (didn't bet)
Seat 6: MarkAvrelij folded before Flop (didn't bet)
Seat 7: zpxnjp21 folded before Flop (didn't bet)
Seat 8: WilliamJBF (button) folded on the Flop
Seat 9: ISKatekl (small blind) folded on the Flop



PokerStars Hand #224405037077:  Hold'em No Limit ($0.01/$0.02 USD) - 2021/03/02 21:53:11 PT [2021/03/03 0:53:11 ET]
Table 'Tugela' 9-max Seat #9 is the button
Seat 1: Dorex2007 ($1.84 in chips) 
Seat 2: jerome james 1 ($6.24 in chips) 
Seat 4: Vicmate ($2.24 in chips) 
Seat 5: MrCafeboy ($2.14 in chips) 
Seat 6: MarkAvrelij ($3.18 in chips) 
Seat 7: zpxnjp21 ($0.77 in chips) 
Seat 8: WilliamJBF ($2.22 in chips) 
Seat 9: ISKatekl ($2.03 in chips) 
Dorex2007: posts small blind $0.01
jerome james 1: posts big blind $0.02
RChinenov: sits out 
*** HOLE CARDS ***
Dealt to Dorex2007 [Kh 3s]
Vicmate: folds 
MrCafeboy: calls $0.02
MarkAvrelij: raises $0.05 to $0.07
zpxnjp21: folds 
WilliamJBF: folds 
ISKatekl: folds 
Dorex2007: folds 
jerome james 1: calls $0.05
MrCafeboy: folds 
*** FLOP *** [3d 4c 5s]
jerome james 1: checks 
MarkAvrelij: checks 
*** TURN *** [3d 4c 5s] [5h]
jerome james 1: bets $0.02
MarkAvrelij: folds 
Uncalled bet ($0.02) returned to jerome james 1
jerome james 1 collected $0.16 from pot
jerome james 1: doesn't show hand 
*** SUMMARY ***
Total pot $0.17 | Rake $0.01 
Board [3d 4c 5s 5h]
Seat 1: Dorex2007 (small blind) folded before Flop
Seat 2: jerome james 1 (big blind) collected ($0.16)
Seat 4: Vicmate folded before Flop (didn't bet)
Seat 5: MrCafeboy folded before Flop
Seat 6: MarkAvrelij folded on the Turn
Seat 7: zpxnjp21 folded before Flop (didn't bet)
Seat 8: WilliamJBF folded before Flop (didn't bet)
Seat 9: ISKatekl (button) folded before Flop (didn't bet)



PokerStars Hand #224405047431:  Hold'em No Limit ($0.01/$0.02 USD) - 2021/03/02 21:54:10 PT [2021/03/03 0:54:10 ET]
Table 'Tugela' 9-max Seat #1 is the button
Seat 1: Dorex2007 ($1.83 in chips) 
Seat 2: jerome james 1 ($6.33 in chips) 
Seat 3: RChinenov ($2 in chips) 
Seat 4: Vicmate ($2.24 in chips) 
Seat 5: MrCafeboy ($2.12 in chips) 
Seat 6: MarkAvrelij ($3.11 in chips) 
Seat 7: zpxnjp21 ($0.77 in chips) 
Seat 8: WilliamJBF ($2.22 in chips) 
Seat 9: ISKatekl ($2.03 in chips) 
jerome james 1: posts small blind $0.01
RChinenov: posts big blind $0.02
*** HOLE CARDS ***
Dealt to Dorex2007 [2c Ah]
Vicmate: folds 
MrCafeboy: folds 
MarkAvrelij: folds 
zpxnjp21: folds 
WilliamJBF: folds 
ISKatekl has timed out
ISKatekl: folds 
Dorex2007: folds 
jerome james 1: calls $0.01
RChinenov: checks 
*** FLOP *** [Th Ac Kd]
jerome james 1: checks 
RChinenov: checks 
*** TURN *** [Th Ac Kd] [5h]
jerome james 1: bets $0.02
RChinenov: folds 
Uncalled bet ($0.02) returned to jerome james 1
jerome james 1 collected $0.04 from pot
jerome james 1: doesn't show hand 
*** SUMMARY ***
Total pot $0.04 | Rake $0 
Board [Th Ac Kd 5h]
Seat 1: Dorex2007 (button) folded before Flop (didn't bet)
Seat 2: jerome james 1 (small blind) collected ($0.04)
Seat 3: RChinenov (big blind) folded on the Turn
Seat 4: Vicmate folded before Flop (didn't bet)
Seat 5: MrCafeboy folded before Flop (didn't bet)
Seat 6: MarkAvrelij folded before Flop (didn't bet)
Seat 7: zpxnjp21 folded before Flop (didn't bet)
Seat 8: WilliamJBF folded before Flop (didn't bet)
Seat 9: ISKatekl folded before Flop (didn't bet)



PokerStars Hand #224405056599:  Hold'em No Limit ($0.01/$0.02 USD) - 2021/03/02 21:55:02 PT [2021/03/03 0:55:02 ET]
Table 'Tugela' 9-max Seat #2 is the button
Seat 1: Dorex2007 ($1.83 in chips) 
Seat 2: jerome james 1 ($6.35 in chips) 
Seat 3: RChinenov ($2 in chips) 
Seat 4: Vicmate ($2.24 in chips) 
Seat 5: MrCafeboy ($2.12 in chips) 
Seat 6: MarkAvrelij ($3.11 in chips) 
Seat 7: zpxnjp21 ($0.77 in chips) 
Seat 8: WilliamJBF ($2.22 in chips) 
RChinenov: posts small blind $0.01
Vicmate: posts big blind $0.02
*** HOLE CARDS ***
Dealt to Dorex2007 [Kd Kc]
MrCafeboy: folds 
MarkAvrelij: folds 
zpxnjp21: folds 
WilliamJBF: folds 
Dorex2007: raises $0.04 to $0.06
jerome james 1: folds 
RChinenov: folds 
Vicmate: raises $0.14 to $0.20
MarkAvrelij leaves the table
Dorex2007: raises $0.20 to $0.40
alevseev83 joins the table at seat #6 
Vicmate: calls $0.20
*** FLOP *** [Js 6d 2c]
Vicmate: checks 
Dorex2007: bets $0.59
Vicmate: folds 
Uncalled bet ($0.59) returned to Dorex2007
Dorex2007 collected $0.78 from pot
Dorex2007: doesn't show hand 
*** SUMMARY ***
Total pot $0.81 | Rake $0.03 
Board [Js 6d 2c]
Seat 1: Dorex2007 collected ($0.78)
Seat 2: jerome james 1 (button) folded before Flop (didn't bet)
Seat 3: RChinenov (small blind) folded before Flop
Seat 4: Vicmate (big blind) folded on the Flop
Seat 5: MrCafeboy folded before Flop (didn't bet)
Seat 6: MarkAvrelij folded before Flop (didn't bet)
Seat 7: zpxnjp21 folded before Flop (didn't bet)
Seat 8: WilliamJBF folded before Flop (didn't bet)



PokerStars Hand #224405067221:  Hold'em No Limit ($0.01/$0.02 USD) - 2021/03/02 21:56:13 PT [2021/03/03 0:56:13 ET]
Table 'Tugela' 9-max Seat #3 is the button
Seat 1: Dorex2007 ($2.21 in chips) 
Seat 2: jerome james 1 ($6.35 in chips) 
Seat 3: RChinenov ($2 in chips) 
Seat 4: Vicmate ($2 in chips) 
Seat 5: MrCafeboy ($2.12 in chips) 
Seat 7: zpxnjp21 ($0.77 in chips) 
Seat 8: WilliamJBF ($2.22 in chips) 
Vicmate: posts small blind $0.01
MrCafeboy: posts big blind $0.02
alevseev83: sits out 
*** HOLE CARDS ***
Dealt to Dorex2007 [2c 5c]
zpxnjp21: folds 
WilliamJBF: folds 
Dorex2007: folds 
jerome james 1: calls $0.02
RChinenov: folds 
Vicmate: raises $0.10 to $0.12
MrCafeboy: raises $0.18 to $0.30
jerome james 1: calls $0.28
Vicmate: calls $0.18
*** FLOP *** [4s 3h 2s]
Vicmate: checks 
MrCafeboy: bets $0.34
jerome james 1: folds 
Vicmate: calls $0.34
*** TURN *** [4s 3h 2s] [6c]
Vicmate: checks 
MrCafeboy: checks 
*** RIVER *** [4s 3h 2s 6c] [Qc]
Vicmate: checks 
MrCafeboy: bets $1.48 and is all-in
Vicmate: folds 
Uncalled bet ($1.48) returned to MrCafeboy
MrCafeboy collected $1.52 from pot
MrCafeboy: doesn't show hand 
*** SUMMARY ***
Total pot $1.58 | Rake $0.06 
Board [4s 3h 2s 6c Qc]
Seat 1: Dorex2007 folded before Flop (didn't bet)
Seat 2: jerome james 1 folded on the Flop
Seat 3: RChinenov (button) folded before Flop (didn't bet)
Seat 4: Vicmate (small blind) folded on the River
Seat 5: MrCafeboy (big blind) collected ($1.52)
Seat 7: zpxnjp21 folded before Flop (didn't bet)
Seat 8: WilliamJBF folded before Flop (didn't bet)



PokerStars Hand #224405083423:  Hold'em No Limit ($0.01/$0.02 USD) - 2021/03/02 21:58:05 PT [2021/03/03 0:58:05 ET]
Table 'Tugela' 9-max Seat #4 is the button
Seat 1: Dorex2007 ($2.21 in chips) 
Seat 2: jerome james 1 ($6.05 in chips) 
Seat 3: RChinenov ($2 in chips) 
Seat 4: Vicmate ($2 in chips) 
Seat 5: MrCafeboy ($3 in chips) 
Seat 6: alevseev83 ($2 in chips) 
Seat 7: zpxnjp21 ($0.77 in chips) 
Seat 8: WilliamJBF ($2.22 in chips) 
Seat 9: ISKatekl ($2.03 in chips) 
MrCafeboy: posts small blind $0.01
alevseev83: posts big blind $0.02
*** HOLE CARDS ***
Dealt to Dorex2007 [Tc Jc]
zpxnjp21: folds 
WilliamJBF: folds 
ISKatekl: folds 
Dorex2007: raises $0.04 to $0.06
jerome james 1: folds 
RChinenov: folds 
Vicmate: folds 
MrCafeboy: folds 
alevseev83: calls $0.04
*** FLOP *** [Th 5c 4h]
alevseev83: bets $0.07
Dorex2007: calls $0.07
*** TURN *** [Th 5c 4h] [3d]
alevseev83: checks 
Dorex2007: checks 
*** RIVER *** [Th 5c 4h 3d] [5h]
alevseev83: checks 
Dorex2007: checks 
*** SHOW DOWN ***
alevseev83: shows [Qc Kh] (a pair of Fives)
Dorex2007: shows [Tc Jc] (two pair, Tens and Fives)
Dorex2007 collected $0.26 from pot
*** SUMMARY ***
Total pot $0.27 | Rake $0.01 
Board [Th 5c 4h 3d 5h]
Seat 1: Dorex2007 showed [Tc Jc] and won ($0.26) with two pair, Tens and Fives
Seat 2: jerome james 1 folded before Flop (didn't bet)
Seat 3: RChinenov folded before Flop (didn't bet)
Seat 4: Vicmate (button) folded before Flop (didn't bet)
Seat 5: MrCafeboy (small blind) folded before Flop
Seat 6: alevseev83 (big blind) showed [Qc Kh] and lost with a pair of Fives
Seat 7: zpxnjp21 folded before Flop (didn't bet)
Seat 8: WilliamJBF folded before Flop (didn't bet)
Seat 9: ISKatekl folded before Flop (didn't bet)



PokerStars Hand #224405093285:  Hold'em No Limit ($0.01/$0.02 USD) - 2021/03/02 21:59:11 PT [2021/03/03 0:59:11 ET]
Table 'Tugela' 9-max Seat #5 is the button
Seat 1: Dorex2007 ($2.34 in chips) 
Seat 2: jerome james 1 ($6.05 in chips) 
Seat 3: RChinenov ($2 in chips) 
Seat 4: Vicmate ($2 in chips) 
Seat 5: MrCafeboy ($2.99 in chips) 
Seat 6: alevseev83 ($1.87 in chips) 
Seat 7: zpxnjp21 ($0.77 in chips) 
Seat 8: WilliamJBF ($2.22 in chips) 
Seat 9: ISKatekl ($2.03 in chips) 
alevseev83: posts small blind $0.01
zpxnjp21: posts big blind $0.02
*** HOLE CARDS ***
Dealt to Dorex2007 [Ks 2h]
WilliamJBF: folds 
ISKatekl: folds 
Dorex2007: folds 
jerome james 1: folds 
RChinenov: folds 
Vicmate: folds 
MrCafeboy: folds 
alevseev83: raises $0.04 to $0.06
zpxnjp21: folds 
Uncalled bet ($0.04) returned to alevseev83
alevseev83 collected $0.04 from pot
alevseev83: doesn't show hand 
*** SUMMARY ***
Total pot $0.04 | Rake $0 
Seat 1: Dorex2007 folded before Flop (didn't bet)
Seat 2: jerome james 1 folded before Flop (didn't bet)
Seat 3: RChinenov folded before Flop (didn't bet)
Seat 4: Vicmate folded before Flop (didn't bet)
Seat 5: MrCafeboy (button) folded before Flop (didn't bet)
Seat 6: alevseev83 (small blind) collected ($0.04)
Seat 7: zpxnjp21 (big blind) folded before Flop
Seat 8: WilliamJBF folded before Flop (didn't bet)
Seat 9: ISKatekl folded before Flop (didn't bet)



PokerStars Hand #224405096939:  Hold'em No Limit ($0.01/$0.02 USD) - 2021/03/02 21:59:36 PT [2021/03/03 0:59:36 ET]
Table 'Tugela' 9-max Seat #6 is the button
Seat 1: Dorex2007 ($2.34 in chips) 
Seat 2: jerome james 1 ($6.05 in chips) 
Seat 3: RChinenov ($2 in chips) 
Seat 4: Vicmate ($2 in chips) 
Seat 5: MrCafeboy ($2.99 in chips) 
Seat 6: alevseev83 ($2 in chips) 
Seat 7: zpxnjp21 ($0.75 in chips) 
Seat 8: WilliamJBF ($2.22 in chips) 
Seat 9: ISKatekl ($2.03 in chips) 
zpxnjp21: posts small blind $0.01
WilliamJBF: posts big blind $0.02
*** HOLE CARDS ***
Dealt to Dorex2007 [6c Qc]
ISKatekl: calls $0.02
Dorex2007: folds 
jerome james 1: calls $0.02
RChinenov: folds 
Vicmate: folds 
MrCafeboy: folds 
alevseev83: folds 
zpxnjp21: folds 
WilliamJBF: checks 
*** FLOP *** [3c Jd As]
WilliamJBF: checks 
ISKatekl: bets $0.04
jerome james 1: calls $0.04
WilliamJBF: folds 
*** TURN *** [3c Jd As] [Jc]
ISKatekl: checks 
jerome james 1: checks 
*** RIVER *** [3c Jd As Jc] [Ks]
ISKatekl: bets $0.06
jerome james 1: folds 
Uncalled bet ($0.06) returned to ISKatekl
ISKatekl collected $0.14 from pot
ISKatekl: doesn't show hand 
*** SUMMARY ***
Total pot $0.15 | Rake $0.01 
Board [3c Jd As Jc Ks]
Seat 1: Dorex2007 folded before Flop (didn't bet)
Seat 2: jerome james 1 folded on the River
Seat 3: RChinenov folded before Flop (didn't bet)
Seat 4: Vicmate folded before Flop (didn't bet)
Seat 5: MrCafeboy folded before Flop (didn't bet)
Seat 6: alevseev83 (button) folded before Flop (didn't bet)
Seat 7: zpxnjp21 (small blind) folded before Flop
Seat 8: WilliamJBF (big blind) folded on the Flop
Seat 9: ISKatekl collected ($0.14)



PokerStars Hand #224405109426:  Hold'em No Limit ($0.01/$0.02 USD) - 2021/03/02 22:00:54 PT [2021/03/03 1:00:54 ET]
Table 'Tugela' 9-max Seat #7 is the button
Seat 1: Dorex2007 ($2.34 in chips) 
Seat 2: jerome james 1 ($5.99 in chips) 
Seat 3: RChinenov ($2 in chips) 
Seat 4: Vicmate ($2 in chips) 
Seat 5: MrCafeboy ($2.99 in chips) 
Seat 6: alevseev83 ($2 in chips) 
Seat 7: zpxnjp21 ($0.74 in chips) 
Seat 8: WilliamJBF ($2.20 in chips) 
Seat 9: ISKatekl ($2.11 in chips) 
WilliamJBF: posts small blind $0.01
ISKatekl: posts big blind $0.02
*** HOLE CARDS ***
Dealt to Dorex2007 [8h Tc]
Dorex2007: folds 
jerome james 1: calls $0.02
RChinenov: folds 
Vicmate: folds 
MrCafeboy: raises $0.04 to $0.06
alevseev83: folds 
zpxnjp21: folds 
WilliamJBF: folds 
ISKatekl: folds 
jerome james 1: calls $0.04
*** FLOP *** [6s As 4d]
jerome james 1: checks 
MrCafeboy: bets $0.06
jerome james 1: calls $0.06
*** TURN *** [6s As 4d] [2s]
jerome james 1: bets $0.02
MrCafeboy: raises $0.10 to $0.12
jerome james 1: calls $0.10
*** RIVER *** [6s As 4d 2s] [5c]
jerome james 1: checks 
MrCafeboy: checks 
*** SHOW DOWN ***
jerome james 1: shows [6d 5d] (two pair, Sixes and Fives)
MrCafeboy: mucks hand 
jerome james 1 collected $0.49 from pot
*** SUMMARY ***
Total pot $0.51 | Rake $0.02 
Board [6s As 4d 2s 5c]
Seat 1: Dorex2007 folded before Flop (didn't bet)
Seat 2: jerome james 1 showed [6d 5d] and won ($0.49) with two pair, Sixes and Fives
Seat 3: RChinenov folded before Flop (didn't bet)
Seat 4: Vicmate folded before Flop (didn't bet)
Seat 5: MrCafeboy mucked [Qd Qc]
Seat 6: alevseev83 folded before Flop (didn't bet)
Seat 7: zpxnjp21 (button) folded before Flop (didn't bet)
Seat 8: WilliamJBF (small blind) folded before Flop
Seat 9: ISKatekl (big blind) folded before Flop



PokerStars Hand #224405125285:  Hold'em No Limit ($0.01/$0.02 USD) - 2021/03/02 22:02:26 PT [2021/03/03 1:02:26 ET]
Table 'Tugela' 9-max Seat #8 is the button
Seat 1: Dorex2007 ($2.34 in chips) 
Seat 2: jerome james 1 ($6.24 in chips) 
Seat 3: RChinenov ($2 in chips) 
Seat 4: Vicmate ($2 in chips) 
Seat 5: MrCafeboy ($2.75 in chips) 
Seat 6: alevseev83 ($2 in chips) 
Seat 7: zpxnjp21 ($0.74 in chips) 
Seat 8: WilliamJBF ($2.19 in chips) 
Seat 9: ISKatekl ($2.09 in chips) 
ISKatekl: posts small blind $0.01
Dorex2007: posts big blind $0.02
*** HOLE CARDS ***
Dealt to Dorex2007 [8d 7s]
jerome james 1: calls $0.02
RChinenov: folds 
Vicmate: folds 
MrCafeboy: folds 
alevseev83: folds 
zpxnjp21: raises $0.04 to $0.06
WilliamJBF: folds 
ISKatekl: calls $0.05
Dorex2007: calls $0.04
jerome james 1: calls $0.04
*** FLOP *** [5c 9h Ks]
ISKatekl: checks 
Dorex2007: bets $0.12
jerome james 1: folds 
zpxnjp21: raises $0.56 to $0.68 and is all-in
ISKatekl: folds 
Dorex2007: folds 
Uncalled bet ($0.56) returned to zpxnjp21
zpxnjp21 collected $0.46 from pot
zpxnjp21: doesn't show hand 
*** SUMMARY ***
Total pot $0.48 | Rake $0.02 
Board [5c 9h Ks]
Seat 1: Dorex2007 (big blind) folded on the Flop
Seat 2: jerome james 1 folded on the Flop
Seat 3: RChinenov folded before Flop (didn't bet)
Seat 4: Vicmate folded before Flop (didn't bet)
Seat 5: MrCafeboy folded before Flop (didn't bet)
Seat 6: alevseev83 folded before Flop (didn't bet)
Seat 7: zpxnjp21 collected ($0.46)
Seat 8: WilliamJBF (button) folded before Flop (didn't bet)
Seat 9: ISKatekl (small blind) folded on the Flop



PokerStars Hand #224405134167:  Hold'em No Limit ($0.01/$0.02 USD) - 2021/03/02 22:03:17 PT [2021/03/03 1:03:17 ET]
Table 'Tugela' 9-max Seat #9 is the button
Seat 1: Dorex2007 ($2.16 in chips) 
Seat 2: jerome james 1 ($6.18 in chips) 
Seat 3: RChinenov ($2 in chips) 
Seat 4: Vicmate ($2 in chips) 
Seat 5: MrCafeboy ($2.75 in chips) 
Seat 6: alevseev83 ($2 in chips) 
Seat 7: zpxnjp21 ($1.02 in chips) 
Seat 8: WilliamJBF ($2.19 in chips) 
Seat 9: ISKatekl ($2.03 in chips) 
Dorex2007: posts small blind $0.01
jerome james 1: posts big blind $0.02
*** HOLE CARDS ***
Dealt to Dorex2007 [8s Qc]
RChinenov: folds 
Vicmate: folds 
MrCafeboy: raises $0.04 to $0.06
alevseev83: calls $0.06
zpxnjp21: folds 
WilliamJBF: folds 
ISKatekl: folds 
Dorex2007: calls $0.05
jerome james 1: calls $0.04
*** FLOP *** [2d Ah Th]
Dorex2007: checks 
jerome james 1: checks 
MrCafeboy: bets $0.06
alevseev83: calls $0.06
Dorex2007: folds 
jerome james 1: folds 
*** TURN *** [2d Ah Th] [3s]
MrCafeboy: bets $0.20
alevseev83: folds 
Uncalled bet ($0.20) returned to MrCafeboy
MrCafeboy collected $0.35 from pot
MrCafeboy: doesn't show hand 
*** SUMMARY ***
Total pot $0.36 | Rake $0.01 
Board [2d Ah Th 3s]
Seat 1: Dorex2007 (small blind) folded on the Flop
Seat 2: jerome james 1 (big blind) folded on the Flop
Seat 3: RChinenov folded before Flop (didn't bet)
Seat 4: Vicmate folded before Flop (didn't bet)
Seat 5: MrCafeboy collected ($0.35)
Seat 6: alevseev83 folded on the Turn
Seat 7: zpxnjp21 folded before Flop (didn't bet)
Seat 8: WilliamJBF folded before Flop (didn't bet)
Seat 9: ISKatekl (button) folded before Flop (didn't bet)



PokerStars Hand #224405151519:  Hold'em No Limit ($0.01/$0.02 USD) - 2021/03/02 22:04:57 PT [2021/03/03 1:04:57 ET]
Table 'Tugela' 9-max Seat #1 is the button
Seat 1: Dorex2007 ($2.10 in chips) 
Seat 2: jerome james 1 ($6.12 in chips) 
Seat 4: Vicmate ($2 in chips) 
Seat 5: MrCafeboy ($2.98 in chips) 
Seat 6: alevseev83 ($1.88 in chips) 
Seat 7: zpxnjp21 ($1.02 in chips) 
Seat 8: WilliamJBF ($2.19 in chips) 
Seat 9: ISKatekl ($2.03 in chips) 
jerome james 1: posts small blind $0.01
RChinenov: is sitting out 
Vicmate: posts big blind $0.02
*** HOLE CARDS ***
Dealt to Dorex2007 [7d 6d]
MrCafeboy: folds 
alevseev83: folds 
zpxnjp21: raises $0.04 to $0.06
WilliamJBF: folds 
ISKatekl: folds 
Dorex2007: folds 
jerome james 1: calls $0.05
Vicmate: calls $0.04
*** FLOP *** [Qh 4h 3s]
RChinenov leaves the table
jerome james 1: bets $0.02
Vicmate: calls $0.02
zpxnjp21: folds 
*** TURN *** [Qh 4h 3s] [7c]
koka754 joins the table at seat #3 
jerome james 1: bets $0.04
Vicmate: calls $0.04
*** RIVER *** [Qh 4h 3s 7c] [7h]
jerome james 1: bets $0.14
Vicmate: folds 
Uncalled bet ($0.14) returned to jerome james 1
jerome james 1 collected $0.29 from pot
jerome james 1: doesn't show hand 
*** SUMMARY ***
Total pot $0.30 | Rake $0.01 
Board [Qh 4h 3s 7c 7h]
Seat 1: Dorex2007 (button) folded before Flop (didn't bet)
Seat 2: jerome james 1 (small blind) collected ($0.29)
Seat 4: Vicmate (big blind) folded on the River
Seat 5: MrCafeboy folded before Flop (didn't bet)
Seat 6: alevseev83 folded before Flop (didn't bet)
Seat 7: zpxnjp21 folded on the Flop
Seat 8: WilliamJBF folded before Flop (didn't bet)
Seat 9: ISKatekl folded before Flop (didn't bet)



PokerStars Hand #224405166836:  Hold'em No Limit ($0.01/$0.02 USD) - 2021/03/02 22:06:25 PT [2021/03/03 1:06:25 ET]
Table 'Tugela' 9-max Seat #2 is the button
Seat 1: Dorex2007 ($2.10 in chips) 
Seat 2: jerome james 1 ($6.29 in chips) 
Seat 4: Vicmate ($2 in chips) 
Seat 6: alevseev83 ($2 in chips) 
Seat 7: zpxnjp21 ($0.96 in chips) 
Seat 8: WilliamJBF ($2.19 in chips) 
Seat 9: ISKatekl ($2.03 in chips) 
Vicmate: posts small blind $0.01
alevseev83: posts big blind $0.02
*** HOLE CARDS ***
Dealt to Dorex2007 [Ts Qd]
zpxnjp21: folds 
WilliamJBF: folds 
ISKatekl: folds 
Dorex2007: raises $0.02 to $0.04
jerome james 1: calls $0.04
Vicmate: folds 
alevseev83: folds 
*** FLOP *** [Qc 7d 9h]
Dorex2007: bets $0.11
jerome james 1: folds 
Uncalled bet ($0.11) returned to Dorex2007
Dorex2007 collected $0.11 from pot
Dorex2007: doesn't show hand 
*** SUMMARY ***
Total pot $0.11 | Rake $0 
Board [Qc 7d 9h]
Seat 1: Dorex2007 collected ($0.11)
Seat 2: jerome james 1 (button) folded on the Flop
Seat 4: Vicmate (small blind) folded before Flop
Seat 6: alevseev83 (big blind) folded before Flop
Seat 7: zpxnjp21 folded before Flop (didn't bet)
Seat 8: WilliamJBF folded before Flop (didn't bet)
Seat 9: ISKatekl folded before Flop (didn't bet)



PokerStars Hand #224405172402:  Hold'em No Limit ($0.01/$0.02 USD) - 2021/03/02 22:06:57 PT [2021/03/03 1:06:57 ET]
Table 'Tugela' 9-max Seat #4 is the button
Seat 1: Dorex2007 ($2.17 in chips) 
Seat 2: jerome james 1 ($6.25 in chips) 
Seat 4: Vicmate ($2 in chips) 
Seat 6: alevseev83 ($1.98 in chips) 
Seat 7: zpxnjp21 ($0.96 in chips) 
Seat 8: WilliamJBF ($2.19 in chips) 
Seat 9: ISKatekl ($2.03 in chips) 
alevseev83: posts small blind $0.01
zpxnjp21: posts big blind $0.02
koka754: sits out 
*** HOLE CARDS ***
Dealt to Dorex2007 [9s Kc]
WilliamJBF: folds 
ISKatekl: folds 
Dorex2007: folds 
jerome james 1: calls $0.02
Vicmate: folds 
alevseev83: calls $0.01
zpxnjp21: checks 
*** FLOP *** [Ks As Kd]
alevseev83: checks 
zpxnjp21: checks 
jerome james 1: checks 
*** TURN *** [Ks As Kd] [3d]
alevseev83: checks 
zpxnjp21: checks 
jerome james 1: bets $0.02
alevseev83: folds 
zpxnjp21: folds 
Uncalled bet ($0.02) returned to jerome james 1
jerome james 1 collected $0.06 from pot
jerome james 1: doesn't show hand 
*** SUMMARY ***
Total pot $0.06 | Rake $0 
Board [Ks As Kd 3d]
Seat 1: Dorex2007 folded before Flop (didn't bet)
Seat 2: jerome james 1 collected ($0.06)
Seat 4: Vicmate (button) folded before Flop (didn't bet)
Seat 6: alevseev83 (small blind) folded on the Turn
Seat 7: zpxnjp21 (big blind) folded on the Turn
Seat 8: WilliamJBF folded before Flop (didn't bet)
Seat 9: ISKatekl folded before Flop (didn't bet)



PokerStars Hand #224405190476:  Hold'em No Limit ($0.01/$0.02 USD) - 2021/03/02 22:07:56 PT [2021/03/03 1:07:56 ET]
Table 'Tugela' 9-max Seat #6 is the button
Seat 1: Dorex2007 ($2.17 in chips) 
Seat 2: jerome james 1 ($6.29 in chips) 
Seat 4: Vicmate ($2 in chips) 
Seat 5: MrCafeboy ($2.98 in chips) 
Seat 6: alevseev83 ($1.96 in chips) 
Seat 7: zpxnjp21 ($0.94 in chips) 
Seat 8: WilliamJBF ($2.19 in chips) 
Seat 9: ISKatekl ($2.03 in chips) 
zpxnjp21: posts small blind $0.01
WilliamJBF: posts big blind $0.02
koka754: sits out 
MrCafeboy: posts small & big blinds $0.03
*** HOLE CARDS ***
Dealt to Dorex2007 [4d Ac]
ISKatekl: folds 
Dorex2007: folds 
jerome james 1: calls $0.02
Vicmate: raises $0.08 to $0.10
MrCafeboy: folds 
alevseev83: folds 
zpxnjp21: folds 
WilliamJBF: folds 
jerome james 1: folds 
Uncalled bet ($0.08) returned to Vicmate
Vicmate collected $0.10 from pot
Vicmate: doesn't show hand 
*** SUMMARY ***
Total pot $0.10 | Rake $0 
Seat 1: Dorex2007 folded before Flop (didn't bet)
Seat 2: jerome james 1 folded before Flop
Seat 4: Vicmate collected ($0.10)
Seat 5: MrCafeboy folded before Flop (didn't bet)
Seat 6: alevseev83 (button) folded before Flop (didn't bet)
Seat 7: zpxnjp21 (small blind) folded before Flop
Seat 8: WilliamJBF (big blind) folded before Flop
Seat 9: ISKatekl folded before Flop (didn't bet)



PokerStars Hand #224405197440:  Hold'em No Limit ($0.01/$0.02 USD) - 2021/03/02 22:08:36 PT [2021/03/03 1:08:36 ET]
Table 'Tugela' 9-max Seat #7 is the button
Seat 1: Dorex2007 ($2.17 in chips) 
Seat 2: jerome james 1 ($6.27 in chips) 
Seat 4: Vicmate ($2.08 in chips) 
Seat 5: MrCafeboy ($2.95 in chips) 
Seat 6: alevseev83 ($1.96 in chips) 
Seat 7: zpxnjp21 ($0.93 in chips) 
Seat 8: WilliamJBF ($2.17 in chips) 
Seat 9: ISKatekl ($2.03 in chips) 
WilliamJBF: posts small blind $0.01
ISKatekl: posts big blind $0.02
koka754: sits out 
*** HOLE CARDS ***
Dealt to Dorex2007 [6d 3c]
Dorex2007: folds 
jerome james 1: calls $0.02
Vicmate: raises $0.08 to $0.10
MrCafeboy: folds 
alevseev83: folds 
zpxnjp21: folds 
WilliamJBF: folds 
ISKatekl: folds 
jerome james 1: calls $0.08
*** FLOP *** [9c 4c Kc]
jerome james 1: bets $0.02
Vicmate: calls $0.02
*** TURN *** [9c 4c Kc] [Th]
jerome james 1: bets $0.04
Vicmate: calls $0.04
*** RIVER *** [9c 4c Kc Th] [As]
jerome james 1: bets $0.04
Vicmate: calls $0.04
*** SHOW DOWN ***
jerome james 1: shows [2d 2h] (a pair of Deuces)
Vicmate: shows [Js Jh] (a pair of Jacks)
Vicmate collected $0.41 from pot
*** SUMMARY ***
Total pot $0.43 | Rake $0.02 
Board [9c 4c Kc Th As]
Seat 1: Dorex2007 folded before Flop (didn't bet)
Seat 2: jerome james 1 showed [2d 2h] and lost with a pair of Deuces
Seat 4: Vicmate showed [Js Jh] and won ($0.41) with a pair of Jacks
Seat 5: MrCafeboy folded before Flop (didn't bet)
Seat 6: alevseev83 folded before Flop (didn't bet)
Seat 7: zpxnjp21 (button) folded before Flop (didn't bet)
Seat 8: WilliamJBF (small blind) folded before Flop
Seat 9: ISKatekl (big blind) folded before Flop



PokerStars Hand #224405207585:  Hold'em No Limit ($0.01/$0.02 USD) - 2021/03/02 22:09:35 PT [2021/03/03 1:09:35 ET]
Table 'Tugela' 9-max Seat #8 is the button
Seat 1: Dorex2007 ($2.17 in chips) 
Seat 2: jerome james 1 ($6.07 in chips) 
Seat 4: Vicmate ($2.29 in chips) 
Seat 5: MrCafeboy ($2.95 in chips) 
Seat 6: alevseev83 ($1.96 in chips) 
Seat 7: zpxnjp21 ($0.93 in chips) 
Seat 8: WilliamJBF ($2.16 in chips) 
Seat 9: ISKatekl ($2.01 in chips) 
ISKatekl: posts small blind $0.01
Dorex2007: posts big blind $0.02
koka754: sits out 
*** HOLE CARDS ***
Dealt to Dorex2007 [Ts 8h]
jerome james 1 has timed out
jerome james 1: folds 
Vicmate: folds 
MrCafeboy: folds 
alevseev83: folds 
zpxnjp21: folds 
WilliamJBF: folds 
ISKatekl: raises $0.04 to $0.06
Dorex2007: folds 
Uncalled bet ($0.04) returned to ISKatekl
ISKatekl collected $0.04 from pot
ISKatekl: doesn't show hand 
*** SUMMARY ***
Total pot $0.04 | Rake $0 
Seat 1: Dorex2007 (big blind) folded before Flop
Seat 2: jerome james 1 folded before Flop (didn't bet)
Seat 4: Vicmate folded before Flop (didn't bet)
Seat 5: MrCafeboy folded before Flop (didn't bet)
Seat 6: alevseev83 folded before Flop (didn't bet)
Seat 7: zpxnjp21 folded before Flop (didn't bet)
Seat 8: WilliamJBF (button) folded before Flop (didn't bet)
Seat 9: ISKatekl (small blind) collected ($0.04)



PokerStars Hand #224405212370:  Hold'em No Limit ($0.01/$0.02 USD) - 2021/03/02 22:10:03 PT [2021/03/03 1:10:03 ET]
Table 'Tugela' 9-max Seat #9 is the button
Seat 1: Dorex2007 ($2.15 in chips) 
Seat 2: jerome james 1 ($6.07 in chips) 
Seat 4: Vicmate ($2.29 in chips) 
Seat 5: MrCafeboy ($2.95 in chips) 
Seat 6: alevseev83 ($1.96 in chips) 
Seat 7: zpxnjp21 ($0.93 in chips) 
Seat 8: WilliamJBF ($2.16 in chips) 
Seat 9: ISKatekl ($2.03 in chips) 
Dorex2007: posts small blind $0.01
jerome james 1: posts big blind $0.02
koka754: sits out 
*** HOLE CARDS ***
Dealt to Dorex2007 [Jh 9c]
Vicmate: raises $0.06 to $0.08
MrCafeboy: calls $0.08
alevseev83: folds 
zpxnjp21: folds 
WilliamJBF: folds 
ISKatekl: folds 
Dorex2007: folds 
jerome james 1: folds 
*** FLOP *** [Td 8h Kd]
Vicmate: bets $0.12
MrCafeboy: calls $0.12
*** TURN *** [Td 8h Kd] [Jc]
Vicmate: checks 
MrCafeboy: bets $0.18
Vicmate: calls $0.18
*** RIVER *** [Td 8h Kd Jc] [4c]
Vicmate: checks 
MrCafeboy: bets $0.36
Vicmate: calls $0.36
*** SHOW DOWN ***
MrCafeboy: shows [6d 7d] (high card King)
Vicmate: shows [Kc Ah] (a pair of Kings)
Vicmate collected $1.46 from pot
*** SUMMARY ***
Total pot $1.51 | Rake $0.05 
Board [Td 8h Kd Jc 4c]
Seat 1: Dorex2007 (small blind) folded before Flop
Seat 2: jerome james 1 (big blind) folded before Flop
Seat 4: Vicmate showed [Kc Ah] and won ($1.46) with a pair of Kings
Seat 5: MrCafeboy showed [6d 7d] and lost with high card King
Seat 6: alevseev83 folded before Flop (didn't bet)
Seat 7: zpxnjp21 folded before Flop (didn't bet)
Seat 8: WilliamJBF folded before Flop (didn't bet)
Seat 9: ISKatekl (button) folded before Flop (didn't bet)



PokerStars Hand #224405223913:  Hold'em No Limit ($0.01/$0.02 USD) - 2021/03/02 22:11:10 PT [2021/03/03 1:11:10 ET]
Table 'Tugela' 9-max Seat #1 is the button
Seat 1: Dorex2007 ($2.14 in chips) 
Seat 2: jerome james 1 ($6.05 in chips) 
Seat 3: koka754 ($2 in chips) 
Seat 4: Vicmate ($3.01 in chips) 
Seat 5: MrCafeboy ($2.21 in chips) 
Seat 6: alevseev83 ($1.96 in chips) 
Seat 7: zpxnjp21 ($0.93 in chips) 
Seat 8: WilliamJBF ($2.16 in chips) 
Seat 9: ISKatekl ($2.03 in chips) 
jerome james 1: posts small blind $0.01
koka754: posts big blind $0.02
*** HOLE CARDS ***
Dealt to Dorex2007 [6s Qs]
Vicmate: folds 
MrCafeboy: folds 
alevseev83: folds 
zpxnjp21: folds 
WilliamJBF: folds 
ISKatekl: raises $0.02 to $0.04
Dorex2007: folds 
jerome james 1: calls $0.03
koka754: calls $0.02
*** FLOP *** [7s 4c 5c]
jerome james 1: checks 
koka754: bets $0.09
ISKatekl: calls $0.09
jerome james 1: folds 
*** TURN *** [7s 4c 5c] [4d]
koka754: checks 
ISKatekl: bets $0.10
koka754: calls $0.10
*** RIVER *** [7s 4c 5c 4d] [3s]
koka754: bets $0.36
ISKatekl: raises $0.62 to $0.98
koka754: folds 
Uncalled bet ($0.62) returned to ISKatekl
ISKatekl collected $1.18 from pot
ISKatekl: doesn't show hand 
*** SUMMARY ***
Total pot $1.22 | Rake $0.04 
Board [7s 4c 5c 4d 3s]
Seat 1: Dorex2007 (button) folded before Flop (didn't bet)
Seat 2: jerome james 1 (small blind) folded on the Flop
Seat 3: koka754 (big blind) folded on the River
Seat 4: Vicmate folded before Flop (didn't bet)
Seat 5: MrCafeboy folded before Flop (didn't bet)
Seat 6: alevseev83 folded before Flop (didn't bet)
Seat 7: zpxnjp21 folded before Flop (didn't bet)
Seat 8: WilliamJBF folded before Flop (didn't bet)
Seat 9: ISKatekl collected ($1.18)



PokerStars Hand #224405245853:  Hold'em No Limit ($0.01/$0.02 USD) - 2021/03/02 22:13:17 PT [2021/03/03 1:13:17 ET]
Table 'Tugela' 9-max Seat #2 is the button
Seat 1: Dorex2007 ($2.14 in chips) 
Seat 2: jerome james 1 ($6.01 in chips) 
Seat 3: koka754 ($2 in chips) 
Seat 4: Vicmate ($3.01 in chips) 
Seat 5: MrCafeboy ($2.21 in chips) 
Seat 6: alevseev83 ($1.96 in chips) 
Seat 7: zpxnjp21 ($0.93 in chips) 
Seat 8: WilliamJBF ($2.16 in chips) 
Seat 9: ISKatekl ($2.62 in chips) 
koka754: posts small blind $0.01
Vicmate: posts big blind $0.02
*** HOLE CARDS ***
Dealt to Dorex2007 [Th Ts]
MrCafeboy: folds 
alevseev83: folds 
zpxnjp21: folds 
WilliamJBF: raises $0.04 to $0.06
ISKatekl: folds 
Dorex2007: calls $0.06
jerome james 1: calls $0.06
koka754: folds 
Vicmate: calls $0.04
*** FLOP *** [5c 4h Qh]
Vicmate: checks 
WilliamJBF: bets $0.16
Dorex2007: folds 
jerome james 1: calls $0.16
Vicmate: folds 
*** TURN *** [5c 4h Qh] [3d]
WilliamJBF: checks 
jerome james 1: bets $0.12
WilliamJBF: raises $0.12 to $0.24
jerome james 1: calls $0.12
*** RIVER *** [5c 4h Qh 3d] [6h]
WilliamJBF: checks 
jerome james 1: checks 
*** SHOW DOWN ***
WilliamJBF: shows [Ac As] (a pair of Aces)
jerome james 1: mucks hand 
WilliamJBF collected $1.01 from pot
*** SUMMARY ***
Total pot $1.05 | Rake $0.04 
Board [5c 4h Qh 3d 6h]
Seat 1: Dorex2007 folded on the Flop
Seat 2: jerome james 1 (button) mucked [Qc 8h]
Seat 3: koka754 (small blind) folded before Flop
Seat 4: Vicmate (big blind) folded on the Flop
Seat 5: MrCafeboy folded before Flop (didn't bet)
Seat 6: alevseev83 folded before Flop (didn't bet)
Seat 7: zpxnjp21 folded before Flop (didn't bet)
Seat 8: WilliamJBF showed [Ac As] and won ($1.01) with a pair of Aces
Seat 9: ISKatekl folded before Flop (didn't bet)



PokerStars Hand #224405257668:  Hold'em No Limit ($0.01/$0.02 USD) - 2021/03/02 22:14:25 PT [2021/03/03 1:14:25 ET]
Table 'Tugela' 9-max Seat #3 is the button
Seat 1: Dorex2007 ($2.08 in chips) 
Seat 2: jerome james 1 ($5.55 in chips) 
Seat 3: koka754 ($2 in chips) 
Seat 4: Vicmate ($2.95 in chips) 
Seat 5: MrCafeboy ($2.21 in chips) 
Seat 6: alevseev83 ($2 in chips) 
Seat 7: zpxnjp21 ($0.93 in chips) 
Seat 8: WilliamJBF ($2.71 in chips) 
Seat 9: ISKatekl ($2.62 in chips) 
Vicmate: posts small blind $0.01
MrCafeboy: posts big blind $0.02
*** HOLE CARDS ***
Dealt to Dorex2007 [5h Qs]
alevseev83: raises $0.04 to $0.06
zpxnjp21: folds 
WilliamJBF: calls $0.06
ISKatekl: folds 
Dorex2007: folds 
jerome james 1: calls $0.06
koka754: folds 
Vicmate: calls $0.05
MrCafeboy: folds 
*** FLOP *** [9d 7d Qh]
Vicmate: checks 
alevseev83: bets $0.08
WilliamJBF: folds 
jerome james 1: folds 
Vicmate: folds 
Uncalled bet ($0.08) returned to alevseev83
alevseev83 collected $0.25 from pot
alevseev83: doesn't show hand 
*** SUMMARY ***
Total pot $0.26 | Rake $0.01 
Board [9d 7d Qh]
Seat 1: Dorex2007 folded before Flop (didn't bet)
Seat 2: jerome james 1 folded on the Flop
Seat 3: koka754 (button) folded before Flop (didn't bet)
Seat 4: Vicmate (small blind) folded on the Flop
Seat 5: MrCafeboy (big blind) folded before Flop
Seat 6: alevseev83 collected ($0.25)
Seat 7: zpxnjp21 folded before Flop (didn't bet)
Seat 8: WilliamJBF folded on the Flop
Seat 9: ISKatekl folded before Flop (didn't bet)



PokerStars Hand #224405266169:  Hold'em No Limit ($0.01/$0.02 USD) - 2021/03/02 22:15:14 PT [2021/03/03 1:15:14 ET]
Table 'Tugela' 9-max Seat #4 is the button
Seat 1: Dorex2007 ($2.08 in chips) 
Seat 2: jerome james 1 ($5.49 in chips) 
Seat 3: koka754 ($2 in chips) 
Seat 4: Vicmate ($2.89 in chips) 
Seat 5: MrCafeboy ($2.19 in chips) 
Seat 6: alevseev83 ($2.19 in chips) 
Seat 7: zpxnjp21 ($0.93 in chips) 
Seat 8: WilliamJBF ($2.65 in chips) 
Seat 9: ISKatekl ($2.62 in chips) 
MrCafeboy: posts small blind $0.01
alevseev83: posts big blind $0.02
*** HOLE CARDS ***
Dealt to Dorex2007 [3d Ac]
zpxnjp21: raises $0.04 to $0.06
WilliamJBF: folds 
ISKatekl: folds 
Dorex2007: folds 
jerome james 1: calls $0.06
koka754: folds 
Vicmate: folds 
MrCafeboy: folds 
alevseev83: calls $0.04
*** FLOP *** [Ad 8h 9s]
alevseev83: checks 
zpxnjp21: checks 
jerome james 1: bets $0.02
alevseev83: folds 
zpxnjp21: calls $0.02
*** TURN *** [Ad 8h 9s] [As]
zpxnjp21: bets $0.06
jerome james 1: calls $0.06
*** RIVER *** [Ad 8h 9s As] [Td]
zpxnjp21: checks 
jerome james 1: checks 
*** SHOW DOWN ***
zpxnjp21: shows [Jh Js] (two pair, Aces and Jacks)
jerome james 1: mucks hand 
zpxnjp21 collected $0.34 from pot
*** SUMMARY ***
Total pot $0.35 | Rake $0.01 
Board [Ad 8h 9s As Td]
Seat 1: Dorex2007 folded before Flop (didn't bet)
Seat 2: jerome james 1 mucked [8d 5d]
Seat 3: koka754 folded before Flop (didn't bet)
Seat 4: Vicmate (button) folded before Flop (didn't bet)
Seat 5: MrCafeboy (small blind) folded before Flop
Seat 6: alevseev83 (big blind) folded on the Flop
Seat 7: zpxnjp21 showed [Jh Js] and won ($0.34) with two pair, Aces and Jacks
Seat 8: WilliamJBF folded before Flop (didn't bet)
Seat 9: ISKatekl folded before Flop (didn't bet)



PokerStars Hand #224405275541:  Hold'em No Limit ($0.01/$0.02 USD) - 2021/03/02 22:16:10 PT [2021/03/03 1:16:10 ET]
Table 'Tugela' 9-max Seat #5 is the button
Seat 1: Dorex2007 ($2.08 in chips) 
Seat 2: jerome james 1 ($5.35 in chips) 
Seat 3: koka754 ($2 in chips) 
Seat 4: Vicmate ($2.89 in chips) 
Seat 5: MrCafeboy ($2.18 in chips) 
Seat 6: alevseev83 ($2.13 in chips) 
Seat 7: zpxnjp21 ($1.13 in chips) 
Seat 8: WilliamJBF ($2.65 in chips) 
Seat 9: ISKatekl ($2.62 in chips) 
alevseev83: posts small blind $0.01
zpxnjp21: posts big blind $0.02
*** HOLE CARDS ***
Dealt to Dorex2007 [7c Qh]
WilliamJBF: folds 
ISKatekl: folds 
Dorex2007: folds 
jerome james 1: folds 
koka754: folds 
Vicmate: folds 
MrCafeboy: folds 
alevseev83: raises $0.04 to $0.06
zpxnjp21: folds 
Uncalled bet ($0.04) returned to alevseev83
alevseev83 collected $0.04 from pot
alevseev83: doesn't show hand 
*** SUMMARY ***
Total pot $0.04 | Rake $0 
Seat 1: Dorex2007 folded before Flop (didn't bet)
Seat 2: jerome james 1 folded before Flop (didn't bet)
Seat 3: koka754 folded before Flop (didn't bet)
Seat 4: Vicmate folded before Flop (didn't bet)
Seat 5: MrCafeboy (button) folded before Flop (didn't bet)
Seat 6: alevseev83 (small blind) collected ($0.04)
Seat 7: zpxnjp21 (big blind) folded before Flop
Seat 8: WilliamJBF folded before Flop (didn't bet)
Seat 9: ISKatekl folded before Flop (didn't bet)



PokerStars Hand #224405279532:  Hold'em No Limit ($0.01/$0.02 USD) - 2021/03/02 22:16:33 PT [2021/03/03 1:16:33 ET]
Table 'Tugela' 9-max Seat #6 is the button
Seat 1: Dorex2007 ($2.08 in chips) 
Seat 2: jerome james 1 ($5.35 in chips) 
Seat 3: koka754 ($2 in chips) 
Seat 4: Vicmate ($2.89 in chips) 
Seat 5: MrCafeboy ($2.18 in chips) 
Seat 6: alevseev83 ($2.15 in chips) 
Seat 7: zpxnjp21 ($1.11 in chips) 
Seat 8: WilliamJBF ($2.65 in chips) 
Seat 9: ISKatekl ($2.62 in chips) 
zpxnjp21: posts small blind $0.01
WilliamJBF: posts big blind $0.02
*** HOLE CARDS ***
Dealt to Dorex2007 [5s 6d]
ISKatekl: folds 
Dorex2007: folds 
jerome james 1: calls $0.02
koka754: folds 
Vicmate: folds 
MrCafeboy: folds 
alevseev83: folds 
zpxnjp21: raises $0.08 to $0.10
WilliamJBF: folds 
jerome james 1: calls $0.08
*** FLOP *** [2s 3h Jh]
zpxnjp21: bets $0.14
jerome james 1: calls $0.14
*** TURN *** [2s 3h Jh] [8d]
zpxnjp21: checks 
WilliamJBF leaves the table
jerome james 1: bets $0.10
zpxnjp21: folds 
Uncalled bet ($0.10) returned to jerome james 1
jerome james 1 collected $0.48 from pot
jerome james 1: doesn't show hand 
*** SUMMARY ***
Total pot $0.50 | Rake $0.02 
Board [2s 3h Jh 8d]
Seat 1: Dorex2007 folded before Flop (didn't bet)
Seat 2: jerome james 1 collected ($0.48)
Seat 3: koka754 folded before Flop (didn't bet)
Seat 4: Vicmate folded before Flop (didn't bet)
Seat 5: MrCafeboy folded before Flop (didn't bet)
Seat 6: alevseev83 (button) folded before Flop (didn't bet)
Seat 7: zpxnjp21 (small blind) folded on the Turn
Seat 8: WilliamJBF (big blind) folded before Flop
Seat 9: ISKatekl folded before Flop (didn't bet)



PokerStars Hand #224405288489:  Hold'em No Limit ($0.01/$0.02 USD) - 2021/03/02 22:17:25 PT [2021/03/03 1:17:25 ET]
Table 'Tugela' 9-max Seat #7 is the button
Seat 1: Dorex2007 ($2.08 in chips) 
Seat 2: jerome james 1 ($5.59 in chips) 
Seat 3: koka754 ($2 in chips) 
Seat 4: Vicmate ($2.89 in chips) 
Seat 5: MrCafeboy ($2.18 in chips) 
Seat 6: alevseev83 ($2.15 in chips) 
Seat 7: zpxnjp21 ($0.87 in chips) 
Seat 9: ISKatekl ($2.62 in chips) 
ISKatekl: posts small blind $0.01
Dorex2007: posts big blind $0.02
*** HOLE CARDS ***
Dealt to Dorex2007 [2d 5c]
seanrb12 joins the table at seat #8 
jerome james 1: calls $0.02
koka754: calls $0.02
Vicmate: folds 
MrCafeboy: folds 
alevseev83: folds 
zpxnjp21: folds 
ISKatekl: calls $0.01
MrCafeboy leaves the table
Dorex2007: checks 
*** FLOP *** [7h 6d Js]
ISKatekl: checks 
Dorex2007: checks 
jerome james 1: checks 
IlyaMusylev92 joins the table at seat #5 
koka754: bets $0.06
ISKatekl: folds 
Dorex2007: folds 
jerome james 1: calls $0.06
*** TURN *** [7h 6d Js] [2c]
jerome james 1: checks 
koka754: bets $0.14
jerome james 1: calls $0.14
*** RIVER *** [7h 6d Js 2c] [4s]
jerome james 1: checks 
koka754: bets $0.35
jerome james 1: folds 
Uncalled bet ($0.35) returned to koka754
koka754 collected $0.46 from pot
koka754: doesn't show hand 
*** SUMMARY ***
Total pot $0.48 | Rake $0.02 
Board [7h 6d Js 2c 4s]
Seat 1: Dorex2007 (big blind) folded on the Flop
Seat 2: jerome james 1 folded on the River
Seat 3: koka754 collected ($0.46)
Seat 4: Vicmate folded before Flop (didn't bet)
Seat 5: MrCafeboy folded before Flop (didn't bet)
Seat 6: alevseev83 folded before Flop (didn't bet)
Seat 7: zpxnjp21 (button) folded before Flop (didn't bet)
Seat 9: ISKatekl (small blind) folded on the Flop



PokerStars Hand #224405308222:  Hold'em No Limit ($0.01/$0.02 USD) - 2021/03/02 22:19:20 PT [2021/03/03 1:19:20 ET]
Table 'Tugela' 9-max Seat #9 is the button
Seat 1: Dorex2007 ($2.06 in chips) 
Seat 2: jerome james 1 ($5.37 in chips) 
Seat 3: koka754 ($2.24 in chips) 
Seat 4: Vicmate ($2.89 in chips) 
Seat 6: alevseev83 ($2.15 in chips) 
Seat 7: zpxnjp21 ($0.87 in chips) 
Seat 8: seanrb12 ($1.23 in chips) 
Seat 9: ISKatekl ($2.60 in chips) 
Dorex2007: posts small blind $0.01
jerome james 1: posts big blind $0.02
IlyaMusylev92: sits out 
seanrb12: posts big blind $0.02
*** HOLE CARDS ***
Dealt to Dorex2007 [4s 4d]
koka754: raises $0.08 to $0.10
Vicmate: folds 
alevseev83: folds 
zpxnjp21: folds 
seanrb12: calls $0.08
ISKatekl: folds 
Dorex2007: folds 
jerome james 1: calls $0.08
*** FLOP *** [7h Th 9h]
jerome james 1: bets $0.02
koka754: raises $0.32 to $0.34
seanrb12: raises $0.32 to $0.66
jerome james 1: folds 
koka754: calls $0.32
*** TURN *** [7h Th 9h] [3s]
koka754: bets $1.19
seanrb12: calls $0.47 and is all-in
Uncalled bet ($0.72) returned to koka754
*** RIVER *** [7h Th 9h 3s] [6s]
*** SHOW DOWN ***
koka754: shows [Kh Jd] (high card King)
seanrb12: shows [5s Qh] (high card Queen)
koka754 collected $2.50 from pot
seanrb12 cashed out the hand for $0.11
*** SUMMARY ***
Total pot $2.59 | Rake $0.09 
Board [7h Th 9h 3s 6s]
Seat 1: Dorex2007 (small blind) folded before Flop
Seat 2: jerome james 1 (big blind) folded on the Flop
Seat 3: koka754 showed [Kh Jd] and won ($2.50) with high card King
Seat 4: Vicmate folded before Flop (didn't bet)
Seat 6: alevseev83 folded before Flop (didn't bet)
Seat 7: zpxnjp21 folded before Flop (didn't bet)
Seat 8: seanrb12 showed [5s Qh] and lost with high card Queen (cashed out).
Seat 9: ISKatekl (button) folded before Flop (didn't bet)



PokerStars Hand #224405321734:  Hold'em No Limit ($0.01/$0.02 USD) - 2021/03/02 22:20:06 PT [2021/03/03 1:20:06 ET]
Table 'Tugela' 9-max Seat #1 is the button
Seat 1: Dorex2007 ($2.05 in chips) 
Seat 2: jerome james 1 ($5.25 in chips) 
Seat 3: koka754 ($3.51 in chips) 
Seat 4: Vicmate ($2.89 in chips) 
Seat 6: alevseev83 ($2.15 in chips) 
Seat 7: zpxnjp21 ($0.87 in chips) 
Seat 8: seanrb12 ($0.11 in chips) 
Seat 9: ISKatekl ($2.60 in chips) 
jerome james 1: posts small blind $0.01
koka754: posts big blind $0.02
IlyaMusylev92: sits out 
*** HOLE CARDS ***
Dealt to Dorex2007 [Kh 9s]
Vicmate: folds 
alevseev83: raises $0.04 to $0.06
zpxnjp21: folds 
seanrb12: folds 
ISKatekl has timed out
ISKatekl: folds 
Dorex2007: calls $0.06
jerome james 1: calls $0.05
koka754: calls $0.04
*** FLOP *** [Qh Jh Ah]
jerome james 1: bets $0.02
koka754: raises $0.18 to $0.20
alevseev83: folds 
Dorex2007: calls $0.20
jerome james 1: folds 
*** TURN *** [Qh Jh Ah] [Qc]
koka754: bets $0.32
Dorex2007: calls $0.32
*** RIVER *** [Qh Jh Ah Qc] [Ts]
koka754: checks 
Dorex2007: checks 
*** SHOW DOWN ***
koka754: shows [8h 9h] (a flush, Ace high)
Dorex2007: mucks hand 
koka754 collected $1.25 from pot
*** SUMMARY ***
Total pot $1.30 | Rake $0.05 
Board [Qh Jh Ah Qc Ts]
Seat 1: Dorex2007 (button) mucked [Kh 9s]
Seat 2: jerome james 1 (small blind) folded on the Flop
Seat 3: koka754 (big blind) showed [8h 9h] and won ($1.25) with a flush, Ace high
Seat 4: Vicmate folded before Flop (didn't bet)
Seat 6: alevseev83 folded on the Flop
Seat 7: zpxnjp21 folded before Flop (didn't bet)
Seat 8: seanrb12 folded before Flop (didn't bet)
Seat 9: ISKatekl folded before Flop (didn't bet)



PokerStars Hand #224405336274:  Hold'em No Limit ($0.01/$0.02 USD) - 2021/03/02 22:21:31 PT [2021/03/03 1:21:31 ET]
Table 'Tugela' 9-max Seat #2 is the button
Seat 1: Dorex2007 ($1.47 in chips) 
Seat 2: jerome james 1 ($5.17 in chips) 
Seat 4: Vicmate ($2.89 in chips) 
Seat 5: IlyaMusylev92 ($0.80 in chips) 
Seat 6: alevseev83 ($2.09 in chips) 
Seat 7: zpxnjp21 ($0.87 in chips) 
Seat 8: seanrb12 ($0.11 in chips) 
Seat 9: ISKatekl ($2.60 in chips) 
Vicmate: posts small blind $0.01
IlyaMusylev92: posts big blind $0.02
*** HOLE CARDS ***
Dealt to Dorex2007 [6d Kh]
alevseev83: folds 
zpxnjp21: folds 
seanrb12: calls $0.02
koka754 leaves the table
ISKatekl: raises $0.02 to $0.04
Dorex2007: folds 
jerome james 1: calls $0.04
Vicmate: folds 
hachiko.baby joins the table at seat #3 
IlyaMusylev92: calls $0.02
seanrb12: calls $0.02
*** FLOP *** [4s 9s Ac]
IlyaMusylev92: checks 
seanrb12: bets $0.02
ISKatekl: calls $0.02
jerome james 1: calls $0.02
IlyaMusylev92: calls $0.02
*** TURN *** [4s 9s Ac] [Qh]
IlyaMusylev92: checks 
seanrb12: bets $0.02
ISKatekl: raises $0.18 to $0.20
jerome james 1: calls $0.20
IlyaMusylev92: folds 
seanrb12: calls $0.03 and is all-in
*** RIVER *** [4s 9s Ac Qh] [4d]
ISKatekl: bets $0.16
jerome james 1: calls $0.16
*** SHOW DOWN ***
ISKatekl: shows [As Ad] (a full house, Aces full of Fours)
jerome james 1: mucks hand 
ISKatekl collected $0.59 from side pot
seanrb12: mucks hand 
ISKatekl collected $0.39 from main pot
*** SUMMARY ***
Total pot $1.02 Main pot $0.39. Side pot $0.59. | Rake $0.04 
Board [4s 9s Ac Qh 4d]
Seat 1: Dorex2007 folded before Flop (didn't bet)
Seat 2: jerome james 1 (button) mucked [Qc 2c]
Seat 4: Vicmate (small blind) folded before Flop
Seat 5: IlyaMusylev92 (big blind) folded on the Turn
Seat 6: alevseev83 folded before Flop (didn't bet)
Seat 7: zpxnjp21 folded before Flop (didn't bet)
Seat 8: seanrb12 mucked [5d Th]
Seat 9: ISKatekl showed [As Ad] and won ($0.98) with a full house, Aces full of Fours



