PokerStars Hand #228208688084:  Hold'em No Limit ($0.01/$0.02 USD) - 2021/07/11 1:11:39 PT [2021/07/11 4:11:39 ET]
Table 'Altaj III' 9-max Seat #8 is the button
Seat 1: grimpop_87 ($2.36 in chips) 
Seat 2: curlysue888 ($3.37 in chips) 
Seat 3: Dorex2007 ($2 in chips) 
Seat 4: TIOIOIT ($1.84 in chips) 
Seat 7: spitfire 330 ($1.26 in chips) 
Seat 8: Donenko345 ($1 in chips) 
Seat 9: D.Coghlan ($2.44 in chips) 
D.Coghlan: posts small blind $0.01
grimpop_87: posts big blind $0.02
Dorex2007: posts big blind $0.02
umka186: sits out 
Arimateja: sits out 
*** HOLE CARDS ***
Dealt to Dorex2007 [2c 3d]
curlysue888: folds 
Dorex2007: checks 
TIOIOIT: folds 
spitfire 330: calls $0.02
Donenko345: folds 
D.Coghlan: calls $0.01
grimpop_87: checks 
*** FLOP *** [9s 5c Ad]
D.Coghlan: checks 
grimpop_87: checks 
Dorex2007: checks 
spitfire 330: checks 
*** TURN *** [9s 5c Ad] [Td]
D.Coghlan: checks 
grimpop_87: checks 
Dorex2007: checks 
spitfire 330: bets $0.02
D.Coghlan: folds 
grimpop_87: folds 
Dorex2007: folds 
Uncalled bet ($0.02) returned to spitfire 330
spitfire 330 collected $0.08 from pot
spitfire 330: doesn't show hand 
*** SUMMARY ***
Total pot $0.08 | Rake $0 
Board [9s 5c Ad Td]
Seat 1: grimpop_87 (big blind) folded on the Turn
Seat 2: curlysue888 folded before Flop (didn't bet)
Seat 3: Dorex2007 folded on the Turn (didn't bet)
Seat 4: TIOIOIT folded before Flop (didn't bet)
Seat 7: spitfire 330 collected ($0.08)
Seat 8: Donenko345 (button) folded before Flop (didn't bet)
Seat 9: D.Coghlan (small blind) folded on the Turn



PokerStars Hand #228208698087:  Hold'em No Limit ($0.01/$0.02 USD) - 2021/07/11 1:12:37 PT [2021/07/11 4:12:37 ET]
Table 'Altaj III' 9-max Seat #9 is the button
Seat 1: grimpop_87 ($2.34 in chips) 
Seat 2: curlysue888 ($3.37 in chips) 
Seat 3: Dorex2007 ($1.98 in chips) 
Seat 4: TIOIOIT ($1.84 in chips) 
Seat 7: spitfire 330 ($1.32 in chips) 
Seat 8: Donenko345 ($1 in chips) 
Seat 9: D.Coghlan ($2.42 in chips) 
grimpop_87: posts small blind $0.01
curlysue888: posts big blind $0.02
umka186: sits out 
Arimateja: sits out 
*** HOLE CARDS ***
Dealt to Dorex2007 [Jh Jc]
Dorex2007: raises $0.02 to $0.04
TIOIOIT: calls $0.04
spitfire 330: calls $0.04
Donenko345: folds 
D.Coghlan: folds 
grimpop_87: folds 
curlysue888: folds 
*** FLOP *** [2h 9c 9s]
Dorex2007: bets $0.14
TIOIOIT: folds 
spitfire 330: calls $0.14
*** TURN *** [2h 9c 9s] [6d]
Dorex2007: bets $0.21
spitfire 330: raises $0.21 to $0.42
Dorex2007: calls $0.21
*** RIVER *** [2h 9c 9s 6d] [Jd]
Dorex2007: bets $1.38 and is all-in
spitfire 330: calls $0.72 and is all-in
Uncalled bet ($0.66) returned to Dorex2007
*** SHOW DOWN ***
Dorex2007: shows [Jh Jc] (a full house, Jacks full of Nines)
spitfire 330: shows [Ks 9h] (three of a kind, Nines)
Dorex2007 collected $2.62 from pot
*** SUMMARY ***
Total pot $2.71 | Rake $0.09 
Board [2h 9c 9s 6d Jd]
Seat 1: grimpop_87 (small blind) folded before Flop
Seat 2: curlysue888 (big blind) folded before Flop
Seat 3: Dorex2007 showed [Jh Jc] and won ($2.62) with a full house, Jacks full of Nines
Seat 4: TIOIOIT folded on the Flop
Seat 7: spitfire 330 showed [Ks 9h] and lost with three of a kind, Nines
Seat 8: Donenko345 folded before Flop (didn't bet)
Seat 9: D.Coghlan (button) folded before Flop (didn't bet)



PokerStars Hand #228208708930:  Hold'em No Limit ($0.01/$0.02 USD) - 2021/07/11 1:13:40 PT [2021/07/11 4:13:40 ET]
Table 'Altaj III' 9-max Seat #1 is the button
Seat 1: grimpop_87 ($2.33 in chips) 
Seat 2: curlysue888 ($3.35 in chips) 
Seat 3: Dorex2007 ($3.28 in chips) 
Seat 4: TIOIOIT ($1.80 in chips) 
Seat 8: Donenko345 ($1 in chips) 
Seat 9: D.Coghlan ($2.42 in chips) 
curlysue888: posts small blind $0.01
Dorex2007: posts big blind $0.02
umka186: sits out 
Arimateja: sits out 
*** HOLE CARDS ***
Dealt to Dorex2007 [Ks 5s]
TIOIOIT: calls $0.02
Donenko345: folds 
D.Coghlan: folds 
grimpop_87: folds 
curlysue888: folds 
Dorex2007: checks 
*** FLOP *** [Th 3s Td]
Dorex2007: checks 
TIOIOIT: checks 
*** TURN *** [Th 3s Td] [Js]
Dorex2007: checks 
TIOIOIT: bets $0.04
Dorex2007: calls $0.04
*** RIVER *** [Th 3s Td Js] [Ac]
Dorex2007: checks 
TIOIOIT: checks 
*** SHOW DOWN ***
Dorex2007: shows [Ks 5s] (a pair of Tens)
TIOIOIT: mucks hand 
Dorex2007 collected $0.13 from pot
*** SUMMARY ***
Total pot $0.13 | Rake $0 
Board [Th 3s Td Js Ac]
Seat 1: grimpop_87 (button) folded before Flop (didn't bet)
Seat 2: curlysue888 (small blind) folded before Flop
Seat 3: Dorex2007 (big blind) showed [Ks 5s] and won ($0.13) with a pair of Tens
Seat 4: TIOIOIT mucked [7c Qs]
Seat 8: Donenko345 folded before Flop (didn't bet)
Seat 9: D.Coghlan folded before Flop (didn't bet)



PokerStars Hand #228208717077:  Hold'em No Limit ($0.01/$0.02 USD) - 2021/07/11 1:14:26 PT [2021/07/11 4:14:26 ET]
Table 'Altaj III' 9-max Seat #2 is the button
Seat 1: grimpop_87 ($2.33 in chips) 
Seat 2: curlysue888 ($3.34 in chips) 
Seat 3: Dorex2007 ($3.35 in chips) 
Seat 4: TIOIOIT ($1.74 in chips) 
Seat 7: spitfire 330 ($0.80 in chips) 
Seat 8: Donenko345 ($1 in chips) 
Seat 9: D.Coghlan ($2.42 in chips) 
Dorex2007: posts small blind $0.01
TIOIOIT: posts big blind $0.02
umka186: sits out 
Arimateja: sits out 
*** HOLE CARDS ***
Dealt to Dorex2007 [6h 5s]
spitfire 330: calls $0.02
Donenko345: folds 
D.Coghlan: folds 
grimpop_87: folds 
curlysue888: raises $0.08 to $0.10
Dorex2007: folds 
TIOIOIT: calls $0.08
spitfire 330: calls $0.08
*** FLOP *** [Ad Js 6d]
TIOIOIT: bets $0.07
spitfire 330: folds 
curlysue888: calls $0.07
*** TURN *** [Ad Js 6d] [Qs]
TIOIOIT: bets $0.21
curlysue888: folds 
Uncalled bet ($0.21) returned to TIOIOIT
TIOIOIT collected $0.43 from pot
TIOIOIT: doesn't show hand 
*** SUMMARY ***
Total pot $0.45 | Rake $0.02 
Board [Ad Js 6d Qs]
Seat 1: grimpop_87 folded before Flop (didn't bet)
Seat 2: curlysue888 (button) folded on the Turn
Seat 3: Dorex2007 (small blind) folded before Flop
Seat 4: TIOIOIT (big blind) collected ($0.43)
Seat 7: spitfire 330 folded on the Flop
Seat 8: Donenko345 folded before Flop (didn't bet)
Seat 9: D.Coghlan folded before Flop (didn't bet)



PokerStars Hand #228208727764:  Hold'em No Limit ($0.01/$0.02 USD) - 2021/07/11 1:15:28 PT [2021/07/11 4:15:28 ET]
Table 'Altaj III' 9-max Seat #3 is the button
Seat 1: grimpop_87 ($2.33 in chips) 
Seat 2: curlysue888 ($3.17 in chips) 
Seat 3: Dorex2007 ($3.34 in chips) 
Seat 4: TIOIOIT ($2 in chips) 
Seat 5: umka186 ($2 in chips) 
Seat 7: spitfire 330 ($0.70 in chips) 
Seat 8: Donenko345 ($1 in chips) 
Seat 9: D.Coghlan ($2.42 in chips) 
TIOIOIT: posts small blind $0.01
umka186: posts big blind $0.02
Arimateja: sits out 
*** HOLE CARDS ***
Dealt to Dorex2007 [7s Tc]
spitfire 330: calls $0.02
Donenko345: folds 
D.Coghlan: folds 
grimpop_87: folds 
curlysue888: folds 
Dorex2007: folds 
TIOIOIT: calls $0.01
curlysue888 leaves the table
umka186: checks 
*** FLOP *** [Jh 5h 2d]
TIOIOIT: checks 
UbearA joins the table at seat #2 
umka186: checks 
spitfire 330: bets $0.02
TIOIOIT: folds 
umka186: folds 
Uncalled bet ($0.02) returned to spitfire 330
spitfire 330 collected $0.06 from pot
spitfire 330: doesn't show hand 
*** SUMMARY ***
Total pot $0.06 | Rake $0 
Board [Jh 5h 2d]
Seat 1: grimpop_87 folded before Flop (didn't bet)
Seat 2: curlysue888 folded before Flop (didn't bet)
Seat 3: Dorex2007 (button) folded before Flop (didn't bet)
Seat 4: TIOIOIT (small blind) folded on the Flop
Seat 5: umka186 (big blind) folded on the Flop
Seat 7: spitfire 330 collected ($0.06)
Seat 8: Donenko345 folded before Flop (didn't bet)
Seat 9: D.Coghlan folded before Flop (didn't bet)



PokerStars Hand #228208734964:  Hold'em No Limit ($0.01/$0.02 USD) - 2021/07/11 1:16:09 PT [2021/07/11 4:16:09 ET]
Table 'Altaj III' 9-max Seat #4 is the button
Seat 1: grimpop_87 ($2.33 in chips) 
Seat 3: Dorex2007 ($3.34 in chips) 
Seat 4: TIOIOIT ($1.98 in chips) 
Seat 5: umka186 ($2 in chips) 
Seat 6: Arimateja ($0.75 in chips) 
Seat 7: spitfire 330 ($0.74 in chips) 
Seat 8: Donenko345 ($1 in chips) 
Seat 9: D.Coghlan ($2.42 in chips) 
umka186: posts small blind $0.01
Arimateja: posts big blind $0.02
UbearA: sits out 
*** HOLE CARDS ***
Dealt to Dorex2007 [8s 2s]
spitfire 330: calls $0.02
Donenko345: folds 
D.Coghlan: folds 
grimpop_87: folds 
Dorex2007: folds 
TIOIOIT: folds 
umka186: folds 
Arimateja: checks 
*** FLOP *** [7s 7c Kc]
Arimateja: checks 
spitfire 330: checks 
*** TURN *** [7s 7c Kc] [5h]
Arimateja: checks 
spitfire 330: checks 
*** RIVER *** [7s 7c Kc 5h] [9s]
Arimateja: checks 
spitfire 330: checks 
*** SHOW DOWN ***
Arimateja: shows [4s Js] (a pair of Sevens)
spitfire 330: shows [6c Ad] (a pair of Sevens - Ace kicker)
spitfire 330 collected $0.05 from pot
*** SUMMARY ***
Total pot $0.05 | Rake $0 
Board [7s 7c Kc 5h 9s]
Seat 1: grimpop_87 folded before Flop (didn't bet)
Seat 3: Dorex2007 folded before Flop (didn't bet)
Seat 4: TIOIOIT (button) folded before Flop (didn't bet)
Seat 5: umka186 (small blind) folded before Flop
Seat 6: Arimateja (big blind) showed [4s Js] and lost with a pair of Sevens
Seat 7: spitfire 330 showed [6c Ad] and won ($0.05) with a pair of Sevens
Seat 8: Donenko345 folded before Flop (didn't bet)
Seat 9: D.Coghlan folded before Flop (didn't bet)



PokerStars Hand #228208741335:  Hold'em No Limit ($0.01/$0.02 USD) - 2021/07/11 1:16:46 PT [2021/07/11 4:16:46 ET]
Table 'Altaj III' 9-max Seat #5 is the button
Seat 1: grimpop_87 ($2.33 in chips) 
Seat 3: Dorex2007 ($3.34 in chips) 
Seat 4: TIOIOIT ($1.98 in chips) 
Seat 5: umka186 ($2 in chips) 
Seat 6: Arimateja ($0.73 in chips) 
Seat 7: spitfire 330 ($0.77 in chips) 
Seat 8: Donenko345 ($1 in chips) 
Seat 9: D.Coghlan ($2.42 in chips) 
Arimateja: posts small blind $0.01
spitfire 330: posts big blind $0.02
UbearA: sits out 
*** HOLE CARDS ***
Dealt to Dorex2007 [Qd 6c]
Donenko345: raises $0.03 to $0.05
D.Coghlan: folds 
grimpop_87: calls $0.05
Dorex2007: folds 
TIOIOIT: calls $0.05
umka186: folds 
Arimateja: folds 
spitfire 330: calls $0.03
*** FLOP *** [7h Kd 6s]
spitfire 330: bets $0.04
Donenko345: calls $0.04
grimpop_87: folds 
TIOIOIT: calls $0.04
*** TURN *** [7h Kd 6s] [5c]
spitfire 330: bets $0.08
Donenko345: calls $0.08
TIOIOIT: calls $0.08
*** RIVER *** [7h Kd 6s 5c] [3h]
spitfire 330: bets $0.14
Donenko345: calls $0.14
TIOIOIT: folds 
*** SHOW DOWN ***
spitfire 330: shows [7d 6d] (two pair, Sevens and Sixes)
Donenko345: mucks hand 
spitfire 330 collected $0.82 from pot
*** SUMMARY ***
Total pot $0.85 | Rake $0.03 
Board [7h Kd 6s 5c 3h]
Seat 1: grimpop_87 folded on the Flop
Seat 3: Dorex2007 folded before Flop (didn't bet)
Seat 4: TIOIOIT folded on the River
Seat 5: umka186 (button) folded before Flop (didn't bet)
Seat 6: Arimateja (small blind) folded before Flop
Seat 7: spitfire 330 (big blind) showed [7d 6d] and won ($0.82) with two pair, Sevens and Sixes
Seat 8: Donenko345 mucked [Ah Kc]
Seat 9: D.Coghlan folded before Flop (didn't bet)



PokerStars Hand #228208753210:  Hold'em No Limit ($0.01/$0.02 USD) - 2021/07/11 1:17:56 PT [2021/07/11 4:17:56 ET]
Table 'Altaj III' 9-max Seat #6 is the button
Seat 1: grimpop_87 ($2.28 in chips) 
Seat 3: Dorex2007 ($3.34 in chips) 
Seat 4: TIOIOIT ($1.81 in chips) 
Seat 5: umka186 ($2 in chips) 
Seat 6: Arimateja ($0.72 in chips) 
Seat 7: spitfire 330 ($1.28 in chips) 
Seat 8: Donenko345 ($1 in chips) 
Seat 9: D.Coghlan ($2.42 in chips) 
spitfire 330: posts small blind $0.01
Donenko345: posts big blind $0.02
UbearA: sits out 
*** HOLE CARDS ***
Dealt to Dorex2007 [6h Qs]
D.Coghlan: folds 
grimpop_87: folds 
Dorex2007: folds 
TIOIOIT: folds 
umka186: folds 
Arimateja: folds 
spitfire 330: calls $0.01
Donenko345: checks 
*** FLOP *** [Qh 9d Ks]
spitfire 330: checks 
Donenko345: checks 
*** TURN *** [Qh 9d Ks] [Td]
spitfire 330: checks 
Donenko345: checks 
*** RIVER *** [Qh 9d Ks Td] [Qc]
spitfire 330: checks 
Donenko345: checks 
*** SHOW DOWN ***
spitfire 330: shows [3c 8s] (a pair of Queens)
Donenko345: shows [8h 4d] (a pair of Queens)
spitfire 330 collected $0.02 from pot
Donenko345 collected $0.02 from pot
*** SUMMARY ***
Total pot $0.04 | Rake $0 
Board [Qh 9d Ks Td Qc]
Seat 1: grimpop_87 folded before Flop (didn't bet)
Seat 3: Dorex2007 folded before Flop (didn't bet)
Seat 4: TIOIOIT folded before Flop (didn't bet)
Seat 5: umka186 folded before Flop (didn't bet)
Seat 6: Arimateja (button) folded before Flop (didn't bet)
Seat 7: spitfire 330 (small blind) showed [3c 8s] and won ($0.02) with a pair of Queens
Seat 8: Donenko345 (big blind) showed [8h 4d] and won ($0.02) with a pair of Queens
Seat 9: D.Coghlan folded before Flop (didn't bet)



PokerStars Hand #228208760243:  Hold'em No Limit ($0.01/$0.02 USD) - 2021/07/11 1:18:36 PT [2021/07/11 4:18:36 ET]
Table 'Altaj III' 9-max Seat #7 is the button
Seat 1: grimpop_87 ($2.28 in chips) 
Seat 3: Dorex2007 ($3.34 in chips) 
Seat 4: TIOIOIT ($1.81 in chips) 
Seat 5: umka186 ($2 in chips) 
Seat 6: Arimateja ($0.72 in chips) 
Seat 7: spitfire 330 ($1.28 in chips) 
Seat 8: Donenko345 ($1 in chips) 
Seat 9: D.Coghlan ($2.42 in chips) 
Donenko345: posts small blind $0.01
D.Coghlan: posts big blind $0.02
UbearA: sits out 
*** HOLE CARDS ***
Dealt to Dorex2007 [3d 7d]
grimpop_87: folds 
Dorex2007: folds 
TIOIOIT: calls $0.02
umka186: folds 
Arimateja: folds 
spitfire 330: calls $0.02
Donenko345: raises $0.08 to $0.10
D.Coghlan: folds 
TIOIOIT: folds 
spitfire 330: calls $0.08
*** FLOP *** [8s 2s Td]
Donenko345: checks 
spitfire 330: checks 
*** TURN *** [8s 2s Td] [3s]
Donenko345: checks 
spitfire 330: bets $0.06
Donenko345: folds 
Uncalled bet ($0.06) returned to spitfire 330
spitfire 330 collected $0.23 from pot
spitfire 330: doesn't show hand 
*** SUMMARY ***
Total pot $0.24 | Rake $0.01 
Board [8s 2s Td 3s]
Seat 1: grimpop_87 folded before Flop (didn't bet)
Seat 3: Dorex2007 folded before Flop (didn't bet)
Seat 4: TIOIOIT folded before Flop
Seat 5: umka186 folded before Flop (didn't bet)
Seat 6: Arimateja folded before Flop (didn't bet)
Seat 7: spitfire 330 (button) collected ($0.23)
Seat 8: Donenko345 (small blind) folded on the Turn
Seat 9: D.Coghlan (big blind) folded before Flop



PokerStars Hand #228208767636:  Hold'em No Limit ($0.01/$0.02 USD) - 2021/07/11 1:19:18 PT [2021/07/11 4:19:18 ET]
Table 'Altaj III' 9-max Seat #8 is the button
Seat 1: grimpop_87 ($2.28 in chips) 
Seat 3: Dorex2007 ($3.34 in chips) 
Seat 4: TIOIOIT ($1.79 in chips) 
Seat 5: umka186 ($2 in chips) 
Seat 6: Arimateja ($0.72 in chips) 
Seat 7: spitfire 330 ($1.41 in chips) 
Seat 8: Donenko345 ($1 in chips) 
Seat 9: D.Coghlan ($2.40 in chips) 
D.Coghlan: posts small blind $0.01
grimpop_87: posts big blind $0.02
UbearA: sits out 
*** HOLE CARDS ***
Dealt to Dorex2007 [Ks 4c]
Dorex2007: folds 
TIOIOIT: calls $0.02
umka186: folds 
Arimateja: folds 
spitfire 330: calls $0.02
Donenko345: folds 
D.Coghlan: calls $0.01
grimpop_87: checks 
*** FLOP *** [5c Qs 4d]
D.Coghlan: checks 
grimpop_87: checks 
TIOIOIT: bets $0.08
spitfire 330: folds 
D.Coghlan: calls $0.08
grimpop_87: folds 
*** TURN *** [5c Qs 4d] [8d]
D.Coghlan: checks 
TIOIOIT: bets $0.11
D.Coghlan: calls $0.11
*** RIVER *** [5c Qs 4d 8d] [Jd]
D.Coghlan: bets $0.25
TIOIOIT: calls $0.25
*** SHOW DOWN ***
D.Coghlan: shows [5h Qh] (two pair, Queens and Fives)
TIOIOIT: mucks hand 
D.Coghlan collected $0.93 from pot
*** SUMMARY ***
Total pot $0.96 | Rake $0.03 
Board [5c Qs 4d 8d Jd]
Seat 1: grimpop_87 (big blind) folded on the Flop
Seat 3: Dorex2007 folded before Flop (didn't bet)
Seat 4: TIOIOIT mucked [5s 4s]
Seat 5: umka186 folded before Flop (didn't bet)
Seat 6: Arimateja folded before Flop (didn't bet)
Seat 7: spitfire 330 folded on the Flop
Seat 8: Donenko345 (button) folded before Flop (didn't bet)
Seat 9: D.Coghlan (small blind) showed [5h Qh] and won ($0.93) with two pair, Queens and Fives



PokerStars Hand #228208784855:  Hold'em No Limit ($0.01/$0.02 USD) - 2021/07/11 1:20:57 PT [2021/07/11 4:20:57 ET]
Table 'Altaj III' 9-max Seat #9 is the button
Seat 1: grimpop_87 ($2.26 in chips) 
Seat 2: UbearA ($0.80 in chips) 
Seat 3: Dorex2007 ($3.34 in chips) 
Seat 4: TIOIOIT ($1.33 in chips) 
Seat 5: umka186 ($2 in chips) 
Seat 6: Arimateja ($0.72 in chips) 
Seat 7: spitfire 330 ($1.39 in chips) 
Seat 8: Donenko345 ($1 in chips) 
Seat 9: D.Coghlan ($2.87 in chips) 
grimpop_87: posts small blind $0.01
UbearA: posts big blind $0.02
*** HOLE CARDS ***
Dealt to Dorex2007 [Js 2c]
Dorex2007: folds 
TIOIOIT: folds 
umka186: folds 
Arimateja: raises $0.02 to $0.04
spitfire 330: calls $0.04
Donenko345: folds 
D.Coghlan: folds 
grimpop_87: folds 
UbearA: calls $0.02
*** FLOP *** [6h Jd 5h]
UbearA: checks 
Arimateja: checks 
spitfire 330: checks 
*** TURN *** [6h Jd 5h] [Ah]
UbearA: checks 
Arimateja: checks 
spitfire 330: checks 
*** RIVER *** [6h Jd 5h Ah] [Ts]
UbearA: checks 
Arimateja: checks 
spitfire 330: checks 
*** SHOW DOWN ***
UbearA: shows [9d 4d] (high card Ace)
Arimateja: shows [Qh Qc] (a pair of Queens)
spitfire 330: mucks hand 
Arimateja collected $0.13 from pot
*** SUMMARY ***
Total pot $0.13 | Rake $0 
Board [6h Jd 5h Ah Ts]
Seat 1: grimpop_87 (small blind) folded before Flop
Seat 2: UbearA (big blind) showed [9d 4d] and lost with high card Ace
Seat 3: Dorex2007 folded before Flop (didn't bet)
Seat 4: TIOIOIT folded before Flop (didn't bet)
Seat 5: umka186 folded before Flop (didn't bet)
Seat 6: Arimateja showed [Qh Qc] and won ($0.13) with a pair of Queens
Seat 7: spitfire 330 mucked [7c Ks]
Seat 8: Donenko345 folded before Flop (didn't bet)
Seat 9: D.Coghlan (button) folded before Flop (didn't bet)



PokerStars Hand #228208797800:  Hold'em No Limit ($0.01/$0.02 USD) - 2021/07/11 1:22:11 PT [2021/07/11 4:22:11 ET]
Table 'Altaj III' 9-max Seat #1 is the button
Seat 1: grimpop_87 ($2.25 in chips) 
Seat 2: UbearA ($0.76 in chips) 
Seat 3: Dorex2007 ($3.34 in chips) 
Seat 4: TIOIOIT ($1.33 in chips) 
Seat 5: umka186 ($2 in chips) 
Seat 6: Arimateja ($0.81 in chips) 
Seat 7: spitfire 330 ($1.35 in chips) 
Seat 8: Donenko345 ($1 in chips) 
Seat 9: D.Coghlan ($2.87 in chips) 
UbearA: posts small blind $0.01
Dorex2007: posts big blind $0.02
*** HOLE CARDS ***
Dealt to Dorex2007 [8h 7d]
TIOIOIT: calls $0.02
umka186: folds 
Arimateja: folds 
spitfire 330: raises $0.02 to $0.04
Donenko345: folds 
D.Coghlan: raises $0.08 to $0.12
grimpop_87: folds 
UbearA: folds 
Dorex2007: folds 
TIOIOIT: calls $0.10
spitfire 330: calls $0.08
*** FLOP *** [Kd Qs 5d]
TIOIOIT: bets $0.15
spitfire 330: calls $0.15
D.Coghlan: folds 
*** TURN *** [Kd Qs 5d] [Ac]
TIOIOIT: checks 
spitfire 330: bets $0.26
TIOIOIT: calls $0.26
*** RIVER *** [Kd Qs 5d Ac] [8s]
TIOIOIT: checks 
spitfire 330: bets $0.59
TIOIOIT: folds 
Uncalled bet ($0.59) returned to spitfire 330
spitfire 330 collected $1.17 from pot
spitfire 330: doesn't show hand 
*** SUMMARY ***
Total pot $1.21 | Rake $0.04 
Board [Kd Qs 5d Ac 8s]
Seat 1: grimpop_87 (button) folded before Flop (didn't bet)
Seat 2: UbearA (small blind) folded before Flop
Seat 3: Dorex2007 (big blind) folded before Flop
Seat 4: TIOIOIT folded on the River
Seat 5: umka186 folded before Flop (didn't bet)
Seat 6: Arimateja folded before Flop (didn't bet)
Seat 7: spitfire 330 collected ($1.17)
Seat 8: Donenko345 folded before Flop (didn't bet)
Seat 9: D.Coghlan folded on the Flop



PokerStars Hand #228208809158:  Hold'em No Limit ($0.01/$0.02 USD) - 2021/07/11 1:23:16 PT [2021/07/11 4:23:16 ET]
Table 'Altaj III' 9-max Seat #2 is the button
Seat 1: grimpop_87 ($2.25 in chips) 
Seat 2: UbearA ($0.75 in chips) 
Seat 3: Dorex2007 ($3.32 in chips) 
Seat 4: TIOIOIT ($0.80 in chips) 
Seat 5: umka186 ($2 in chips) 
Seat 6: Arimateja ($0.81 in chips) 
Seat 7: spitfire 330 ($1.99 in chips) 
Seat 8: Donenko345 ($1 in chips) 
Seat 9: D.Coghlan ($2.75 in chips) 
Dorex2007: posts small blind $0.01
TIOIOIT: posts big blind $0.02
*** HOLE CARDS ***
Dealt to Dorex2007 [Tc Td]
umka186: folds 
Arimateja: folds 
spitfire 330: calls $0.02
Donenko345: folds 
D.Coghlan: folds 
grimpop_87: raises $0.06 to $0.08
UbearA: raises $0.67 to $0.75 and is all-in
Dorex2007: folds 
TIOIOIT: folds 
spitfire 330: folds 
grimpop_87: folds 
Uncalled bet ($0.67) returned to UbearA
UbearA collected $0.21 from pot
*** SUMMARY ***
Total pot $0.21 | Rake $0 
Seat 1: grimpop_87 folded before Flop
Seat 2: UbearA (button) collected ($0.21)
Seat 3: Dorex2007 (small blind) folded before Flop
Seat 4: TIOIOIT (big blind) folded before Flop
Seat 5: umka186 folded before Flop (didn't bet)
Seat 6: Arimateja folded before Flop (didn't bet)
Seat 7: spitfire 330 folded before Flop
Seat 8: Donenko345 folded before Flop (didn't bet)
Seat 9: D.Coghlan folded before Flop (didn't bet)



PokerStars Hand #228208818131:  Hold'em No Limit ($0.01/$0.02 USD) - 2021/07/11 1:24:06 PT [2021/07/11 4:24:06 ET]
Table 'Altaj III' 9-max Seat #3 is the button
Seat 1: grimpop_87 ($2.17 in chips) 
Seat 2: UbearA ($0.88 in chips) 
Seat 3: Dorex2007 ($3.31 in chips) 
Seat 4: TIOIOIT ($0.78 in chips) 
Seat 5: umka186 ($2 in chips) 
Seat 7: spitfire 330 ($1.97 in chips) 
Seat 8: Donenko345 ($1 in chips) 
Seat 9: D.Coghlan ($2.75 in chips) 
TIOIOIT: posts small blind $0.01
umka186: posts big blind $0.02
*** HOLE CARDS ***
Dealt to Dorex2007 [5h 5c]
spitfire 330: calls $0.02
Donenko345: folds 
D.Coghlan: folds 
grimpop_87: raises $0.06 to $0.08
UbearA: folds 
Dorex2007: folds 
TIOIOIT: folds 
umka186: folds 
spitfire 330: calls $0.06
*** FLOP *** [9s 2s 5d]
spitfire 330: bets $0.02
grimpop_87: calls $0.02
*** TURN *** [9s 2s 5d] [3h]
spitfire 330: checks 
grimpop_87: checks 
*** RIVER *** [9s 2s 5d 3h] [Ac]
spitfire 330: checks 
grimpop_87: bets $0.18
spitfire 330: folds 
Uncalled bet ($0.18) returned to grimpop_87
grimpop_87 collected $0.22 from pot
*** SUMMARY ***
Total pot $0.23 | Rake $0.01 
Board [9s 2s 5d 3h Ac]
Seat 1: grimpop_87 collected ($0.22)
Seat 2: UbearA folded before Flop (didn't bet)
Seat 3: Dorex2007 (button) folded before Flop (didn't bet)
Seat 4: TIOIOIT (small blind) folded before Flop
Seat 5: umka186 (big blind) folded before Flop
Seat 7: spitfire 330 folded on the River
Seat 8: Donenko345 folded before Flop (didn't bet)
Seat 9: D.Coghlan folded before Flop (didn't bet)



PokerStars Hand #228208828338:  Hold'em No Limit ($0.01/$0.02 USD) - 2021/07/11 1:25:04 PT [2021/07/11 4:25:04 ET]
Table 'Altaj III' 9-max Seat #4 is the button
Seat 1: grimpop_87 ($2.29 in chips) 
Seat 2: UbearA ($0.88 in chips) 
Seat 3: Dorex2007 ($3.31 in chips) 
Seat 4: TIOIOIT ($0.77 in chips) 
Seat 5: umka186 ($2 in chips) 
Seat 7: spitfire 330 ($1.87 in chips) 
Seat 8: Donenko345 ($1 in chips) 
Seat 9: D.Coghlan ($2.75 in chips) 
umka186: posts small blind $0.01
spitfire 330: posts big blind $0.02
*** HOLE CARDS ***
Dealt to Dorex2007 [5h 4h]
Donenko345: folds 
D.Coghlan: folds 
grimpop_87: folds 
UbearA: folds 
Dorex2007: folds 
TIOIOIT: folds 
umka186: folds 
Uncalled bet ($0.01) returned to spitfire 330
spitfire 330 collected $0.02 from pot
spitfire 330: doesn't show hand 
*** SUMMARY ***
Total pot $0.02 | Rake $0 
Seat 1: grimpop_87 folded before Flop (didn't bet)
Seat 2: UbearA folded before Flop (didn't bet)
Seat 3: Dorex2007 folded before Flop (didn't bet)
Seat 4: TIOIOIT (button) folded before Flop (didn't bet)
Seat 5: umka186 (small blind) folded before Flop
Seat 7: spitfire 330 (big blind) collected ($0.02)
Seat 8: Donenko345 folded before Flop (didn't bet)
Seat 9: D.Coghlan folded before Flop (didn't bet)



PokerStars Hand #228208832188:  Hold'em No Limit ($0.01/$0.02 USD) - 2021/07/11 1:25:26 PT [2021/07/11 4:25:26 ET]
Table 'Altaj III' 9-max Seat #5 is the button
Seat 1: grimpop_87 ($2.29 in chips) 
Seat 2: UbearA ($0.88 in chips) 
Seat 3: Dorex2007 ($3.31 in chips) 
Seat 4: TIOIOIT ($0.77 in chips) 
Seat 5: umka186 ($2 in chips) 
Seat 7: spitfire 330 ($1.88 in chips) 
Seat 8: Donenko345 ($1 in chips) 
Seat 9: D.Coghlan ($2.75 in chips) 
spitfire 330: posts small blind $0.01
Donenko345: posts big blind $0.02
*** HOLE CARDS ***
Dealt to Dorex2007 [2c Tc]
D.Coghlan: folds 
grimpop_87: folds 
UbearA: folds 
Dorex2007 has timed out
Dorex2007: folds 
TIOIOIT: folds 
umka186: raises $0.03 to $0.05
spitfire 330: calls $0.04
Donenko345: folds 
*** FLOP *** [5h 9c 2s]
spitfire 330: bets $0.04
umka186: calls $0.04
*** TURN *** [5h 9c 2s] [Ad]
spitfire 330: bets $0.04
umka186: folds 
Uncalled bet ($0.04) returned to spitfire 330
spitfire 330 collected $0.19 from pot
spitfire 330: doesn't show hand 
*** SUMMARY ***
Total pot $0.20 | Rake $0.01 
Board [5h 9c 2s Ad]
Seat 1: grimpop_87 folded before Flop (didn't bet)
Seat 2: UbearA folded before Flop (didn't bet)
Seat 3: Dorex2007 folded before Flop (didn't bet)
Seat 4: TIOIOIT folded before Flop (didn't bet)
Seat 5: umka186 (button) folded on the Turn
Seat 7: spitfire 330 (small blind) collected ($0.19)
Seat 8: Donenko345 (big blind) folded before Flop
Seat 9: D.Coghlan folded before Flop (didn't bet)



PokerStars Hand #228208842870:  Hold'em No Limit ($0.01/$0.02 USD) - 2021/07/11 1:26:25 PT [2021/07/11 4:26:25 ET]
Table 'Altaj III' 9-max Seat #7 is the button
Seat 2: UbearA ($0.88 in chips) 
Seat 3: Dorex2007 ($3.31 in chips) 
Seat 4: TIOIOIT ($0.77 in chips) 
Seat 5: umka186 ($2 in chips) 
Seat 7: spitfire 330 ($1.98 in chips) 
Seat 8: Donenko345 ($1 in chips) 
Seat 9: D.Coghlan ($2.75 in chips) 
Donenko345: posts small blind $0.01
D.Coghlan: posts big blind $0.02
*** HOLE CARDS ***
Dealt to Dorex2007 [7h 7s]
UbearA: folds 
Dorex2007: raises $0.02 to $0.04
TIOIOIT: folds 
umka186: folds 
spitfire 330: calls $0.04
Donenko345: folds 
D.Coghlan: raises $0.06 to $0.10
Dorex2007: calls $0.06
spitfire 330: calls $0.06
*** FLOP *** [Ad 2h Qs]
D.Coghlan: bets $0.12
Dorex2007: folds 
spitfire 330: folds 
Uncalled bet ($0.12) returned to D.Coghlan
D.Coghlan collected $0.30 from pot
*** SUMMARY ***
Total pot $0.31 | Rake $0.01 
Board [Ad 2h Qs]
Seat 2: UbearA folded before Flop (didn't bet)
Seat 3: Dorex2007 folded on the Flop
Seat 4: TIOIOIT folded before Flop (didn't bet)
Seat 5: umka186 folded before Flop (didn't bet)
Seat 7: spitfire 330 (button) folded on the Flop
Seat 8: Donenko345 (small blind) folded before Flop
Seat 9: D.Coghlan (big blind) collected ($0.30)



PokerStars Hand #228208853518:  Hold'em No Limit ($0.01/$0.02 USD) - 2021/07/11 1:27:24 PT [2021/07/11 4:27:24 ET]
Table 'Altaj III' 9-max Seat #8 is the button
Seat 2: UbearA ($0.88 in chips) 
Seat 3: Dorex2007 ($3.21 in chips) 
Seat 4: TIOIOIT ($0.77 in chips) 
Seat 5: umka186 ($2 in chips) 
Seat 7: spitfire 330 ($1.88 in chips) 
Seat 8: Donenko345 ($1 in chips) 
Seat 9: D.Coghlan ($2.95 in chips) 
D.Coghlan: posts small blind $0.01
UbearA: posts big blind $0.02
Arimateja: sits out 
*** HOLE CARDS ***
Dealt to Dorex2007 [8c Qc]
Dorex2007: folds 
TIOIOIT: calls $0.02
umka186: folds 
spitfire 330: calls $0.02
Donenko345: raises $0.03 to $0.05
D.Coghlan: calls $0.04
UbearA: folds 
TIOIOIT: calls $0.03
spitfire 330: calls $0.03
*** FLOP *** [Kd 4h 8d]
D.Coghlan: checks 
TIOIOIT: checks 
spitfire 330: checks 
Donenko345: checks 
*** TURN *** [Kd 4h 8d] [3s]
D.Coghlan: checks 
TIOIOIT: checks 
spitfire 330: checks 
Donenko345: checks 
*** RIVER *** [Kd 4h 8d 3s] [Ah]
D.Coghlan: checks 
TIOIOIT: checks 
spitfire 330: checks 
Donenko345: bets $0.04
D.Coghlan: folds 
TIOIOIT: calls $0.04
spitfire 330: folds 
*** SHOW DOWN ***
Donenko345: shows [3d Ad] (two pair, Aces and Threes)
TIOIOIT: mucks hand 
Donenko345 collected $0.29 from pot
*** SUMMARY ***
Total pot $0.30 | Rake $0.01 
Board [Kd 4h 8d 3s Ah]
Seat 2: UbearA (big blind) folded before Flop
Seat 3: Dorex2007 folded before Flop (didn't bet)
Seat 4: TIOIOIT mucked [7s 4c]
Seat 5: umka186 folded before Flop (didn't bet)
Seat 7: spitfire 330 folded on the River
Seat 8: Donenko345 (button) showed [3d Ad] and won ($0.29) with two pair, Aces and Threes
Seat 9: D.Coghlan (small blind) folded on the River



PokerStars Hand #228208867719:  Hold'em No Limit ($0.01/$0.02 USD) - 2021/07/11 1:28:45 PT [2021/07/11 4:28:45 ET]
Table 'Altaj III' 9-max Seat #9 is the button
Seat 2: UbearA ($0.86 in chips) 
Seat 3: Dorex2007 ($3.21 in chips) 
Seat 4: TIOIOIT ($0.68 in chips) 
Seat 5: umka186 ($2 in chips) 
Seat 7: spitfire 330 ($1.83 in chips) 
Seat 8: Donenko345 ($1.20 in chips) 
Seat 9: D.Coghlan ($2.90 in chips) 
UbearA: posts small blind $0.01
Dorex2007: posts big blind $0.02
Arimateja: sits out 
*** HOLE CARDS ***
Dealt to Dorex2007 [7s Ac]
TIOIOIT: calls $0.02
umka186: folds 
spitfire 330: raises $0.02 to $0.04
Donenko345: folds 
D.Coghlan: calls $0.04
UbearA: raises $0.82 to $0.86 and is all-in
Dorex2007: folds 
TIOIOIT: folds 
spitfire 330: folds 
D.Coghlan: folds 
Uncalled bet ($0.82) returned to UbearA
UbearA collected $0.16 from pot
*** SUMMARY ***
Total pot $0.16 | Rake $0 
Seat 2: UbearA (small blind) collected ($0.16)
Seat 3: Dorex2007 (big blind) folded before Flop
Seat 4: TIOIOIT folded before Flop
Seat 5: umka186 folded before Flop (didn't bet)
Seat 7: spitfire 330 folded before Flop
Seat 8: Donenko345 folded before Flop (didn't bet)
Seat 9: D.Coghlan (button) folded before Flop



PokerStars Hand #228208874521:  Hold'em No Limit ($0.01/$0.02 USD) - 2021/07/11 1:29:23 PT [2021/07/11 4:29:23 ET]
Table 'Altaj III' 9-max Seat #2 is the button
Seat 2: UbearA ($0.98 in chips) 
Seat 3: Dorex2007 ($3.19 in chips) 
Seat 4: TIOIOIT ($0.66 in chips) 
Seat 5: umka186 ($2 in chips) 
Seat 7: spitfire 330 ($1.79 in chips) 
Seat 8: Donenko345 ($1.20 in chips) 
Seat 9: D.Coghlan ($2.86 in chips) 
Dorex2007: posts small blind $0.01
TIOIOIT: posts big blind $0.02
Arimateja: sits out 
*** HOLE CARDS ***
Dealt to Dorex2007 [6s Jh]
umka186: folds 
spitfire 330: calls $0.02
Donenko345: folds 
D.Coghlan: folds 
UbearA: calls $0.02
Dorex2007: calls $0.01
TIOIOIT: checks 
*** FLOP *** [Qs 5d 8h]
Dorex2007: checks 
TIOIOIT: checks 
spitfire 330: bets $0.02
UbearA: raises $0.04 to $0.06
Dorex2007: folds 
TIOIOIT: folds 
spitfire 330: calls $0.04
*** TURN *** [Qs 5d 8h] [6h]
spitfire 330: bets $0.08
UbearA: calls $0.08
*** RIVER *** [Qs 5d 8h 6h] [3s]
spitfire 330: checks 
UbearA: checks 
*** SHOW DOWN ***
spitfire 330: shows [Kd 8d] (a pair of Eights)
UbearA: shows [Qc 9d] (a pair of Queens)
UbearA collected $0.35 from pot
*** SUMMARY ***
Total pot $0.36 | Rake $0.01 
Board [Qs 5d 8h 6h 3s]
Seat 2: UbearA (button) showed [Qc 9d] and won ($0.35) with a pair of Queens
Seat 3: Dorex2007 (small blind) folded on the Flop
Seat 4: TIOIOIT (big blind) folded on the Flop
Seat 5: umka186 folded before Flop (didn't bet)
Seat 7: spitfire 330 showed [Kd 8d] and lost with a pair of Eights
Seat 8: Donenko345 folded before Flop (didn't bet)
Seat 9: D.Coghlan folded before Flop (didn't bet)



PokerStars Hand #228208884550:  Hold'em No Limit ($0.01/$0.02 USD) - 2021/07/11 1:30:20 PT [2021/07/11 4:30:20 ET]
Table 'Altaj III' 9-max Seat #3 is the button
Seat 2: UbearA ($1.17 in chips) 
Seat 3: Dorex2007 ($3.17 in chips) 
Seat 4: TIOIOIT ($0.64 in chips) 
Seat 5: umka186 ($2 in chips) 
Seat 7: spitfire 330 ($1.63 in chips) 
Seat 8: Donenko345 ($1.20 in chips) 
Seat 9: D.Coghlan ($2.86 in chips) 
TIOIOIT: posts small blind $0.01
umka186: posts big blind $0.02
Arimateja: sits out 
*** HOLE CARDS ***
Dealt to Dorex2007 [Jh Qh]
spitfire 330: calls $0.02
Donenko345: folds 
D.Coghlan: folds 
UbearA: calls $0.02
Dorex2007: calls $0.02
TIOIOIT: calls $0.01
umka186: checks 
*** FLOP *** [Ts Kh 6s]
TIOIOIT: checks 
umka186: checks 
spitfire 330: bets $0.02
UbearA: folds 
Dorex2007: calls $0.02
TIOIOIT: calls $0.02
umka186: folds 
*** TURN *** [Ts Kh 6s] [Ac]
TIOIOIT: checks 
spitfire 330: bets $0.04
Dorex2007: raises $3.09 to $3.13 and is all-in
TIOIOIT: folds 
spitfire 330: calls $1.55 and is all-in
Uncalled bet ($1.54) returned to Dorex2007
*** RIVER *** [Ts Kh 6s Ac] [7c]
*** SHOW DOWN ***
spitfire 330: shows [Td Ah] (two pair, Aces and Tens)
Dorex2007: shows [Jh Qh] (a straight, Ten to Ace)
Dorex2007 cashed out the hand for $2.89 | Cash Out Fee $0.03
*** SUMMARY ***
Total pot $3.34 | Rake $0.12 
Board [Ts Kh 6s Ac 7c]
Seat 2: UbearA folded on the Flop
Seat 3: Dorex2007 (button) showed [Jh Qh] and won ($3.22) with a straight, Ten to Ace (pot not awarded as player cashed out)
Seat 4: TIOIOIT (small blind) folded on the Turn
Seat 5: umka186 (big blind) folded on the Flop
Seat 7: spitfire 330 showed [Td Ah] and lost with two pair, Aces and Tens
Seat 8: Donenko345 folded before Flop (didn't bet)
Seat 9: D.Coghlan folded before Flop (didn't bet)



PokerStars Hand #228208896644:  Hold'em No Limit ($0.01/$0.02 USD) - 2021/07/11 1:31:28 PT [2021/07/11 4:31:28 ET]
Table 'Altaj III' 9-max Seat #4 is the button
Seat 2: UbearA ($1.15 in chips) 
Seat 3: Dorex2007 ($4.43 in chips) 
Seat 4: TIOIOIT ($0.60 in chips) 
Seat 5: umka186 ($2 in chips) 
Seat 6: Arimateja ($0.81 in chips) 
Seat 8: Donenko345 ($1.20 in chips) 
Seat 9: D.Coghlan ($2.86 in chips) 
umka186: posts small blind $0.01
Arimateja: posts big blind $0.02
grimpop_87: sits out 
*** HOLE CARDS ***
Dealt to Dorex2007 [6c 9c]
Donenko345: folds 
D.Coghlan: folds 
UbearA: folds 
Dorex2007: folds 
TIOIOIT: calls $0.02
umka186: folds 
Arimateja: checks 
*** FLOP *** [Jd 3c 4d]
Arimateja: checks 
TIOIOIT: bets $0.02
Arimateja: calls $0.02
*** TURN *** [Jd 3c 4d] [Kh]
Arimateja: checks 
TIOIOIT: bets $0.04
Arimateja: folds 
Uncalled bet ($0.04) returned to TIOIOIT
TIOIOIT collected $0.09 from pot
TIOIOIT: doesn't show hand 
*** SUMMARY ***
Total pot $0.09 | Rake $0 
Board [Jd 3c 4d Kh]
Seat 2: UbearA folded before Flop (didn't bet)
Seat 3: Dorex2007 folded before Flop (didn't bet)
Seat 4: TIOIOIT (button) collected ($0.09)
Seat 5: umka186 (small blind) folded before Flop
Seat 6: Arimateja (big blind) folded on the Turn
Seat 8: Donenko345 folded before Flop (didn't bet)
Seat 9: D.Coghlan folded before Flop (didn't bet)



PokerStars Hand #228208904847:  Hold'em No Limit ($0.01/$0.02 USD) - 2021/07/11 1:32:14 PT [2021/07/11 4:32:14 ET]
Table 'Altaj III' 9-max Seat #5 is the button
Seat 1: grimpop_87 ($2.29 in chips) 
Seat 2: UbearA ($1.15 in chips) 
Seat 3: Dorex2007 ($4.43 in chips) 
Seat 4: TIOIOIT ($0.65 in chips) 
Seat 5: umka186 ($2 in chips) 
Seat 6: Arimateja ($0.77 in chips) 
Seat 7: spitfire 330 ($0.80 in chips) 
Seat 8: Donenko345 ($1.20 in chips) 
Seat 9: D.Coghlan ($2.86 in chips) 
Arimateja: posts small blind $0.01
spitfire 330: posts big blind $0.02
grimpop_87: posts small & big blinds $0.03
*** HOLE CARDS ***
Dealt to Dorex2007 [5d 4h]
Donenko345: folds 
D.Coghlan: folds 
grimpop_87: checks 
UbearA: calls $0.02
Dorex2007: folds 
TIOIOIT: calls $0.02
umka186: folds 
Arimateja: calls $0.01
spitfire 330: checks 
*** FLOP *** [Td Jd 5c]
Arimateja: checks 
spitfire 330: bets $0.02
grimpop_87: folds 
UbearA: folds 
TIOIOIT: calls $0.02
Arimateja: calls $0.02
*** TURN *** [Td Jd 5c] [Jh]
Arimateja: checks 
spitfire 330: checks 
TIOIOIT: checks 
*** RIVER *** [Td Jd 5c Jh] [2s]
Arimateja: checks 
spitfire 330: checks 
TIOIOIT: checks 
*** SHOW DOWN ***
Arimateja: shows [Ad Qh] (a pair of Jacks)
spitfire 330: mucks hand 
TIOIOIT: mucks hand 
Arimateja collected $0.16 from pot
*** SUMMARY ***
Total pot $0.17 | Rake $0.01 
Board [Td Jd 5c Jh 2s]
Seat 1: grimpop_87 folded on the Flop (didn't bet)
Seat 2: UbearA folded on the Flop
Seat 3: Dorex2007 folded before Flop (didn't bet)
Seat 4: TIOIOIT mucked [Kc 9h]
Seat 5: umka186 (button) folded before Flop (didn't bet)
Seat 6: Arimateja (small blind) showed [Ad Qh] and won ($0.16) with a pair of Jacks
Seat 7: spitfire 330 (big blind) mucked [7s 9c]
Seat 8: Donenko345 folded before Flop (didn't bet)
Seat 9: D.Coghlan folded before Flop (didn't bet)



PokerStars Hand #228208917330:  Hold'em No Limit ($0.01/$0.02 USD) - 2021/07/11 1:33:23 PT [2021/07/11 4:33:23 ET]
Table 'Altaj III' 9-max Seat #6 is the button
Seat 1: grimpop_87 ($2.26 in chips) 
Seat 2: UbearA ($1.13 in chips) 
Seat 3: Dorex2007 ($4.43 in chips) 
Seat 4: TIOIOIT ($0.61 in chips) 
Seat 5: umka186 ($2 in chips) 
Seat 6: Arimateja ($0.89 in chips) 
Seat 7: spitfire 330 ($0.76 in chips) 
Seat 8: Donenko345 ($1.20 in chips) 
Seat 9: D.Coghlan ($2.86 in chips) 
spitfire 330: posts small blind $0.01
Donenko345: posts big blind $0.02
*** HOLE CARDS ***
Dealt to Dorex2007 [Ts Qh]
D.Coghlan: folds 
grimpop_87: folds 
UbearA: folds 
Dorex2007: folds 
TIOIOIT: calls $0.02
umka186: folds 
Arimateja: folds 
spitfire 330: calls $0.01
Donenko345: checks 
*** FLOP *** [3c 3d 4s]
spitfire 330: checks 
Donenko345: checks 
TIOIOIT: bets $0.02
spitfire 330: calls $0.02
Donenko345: folds 
*** TURN *** [3c 3d 4s] [Jc]
spitfire 330: checks 
TIOIOIT: bets $0.03
spitfire 330: calls $0.03
*** RIVER *** [3c 3d 4s Jc] [9d]
spitfire 330: checks 
TIOIOIT: bets $0.15
spitfire 330: folds 
Uncalled bet ($0.15) returned to TIOIOIT
TIOIOIT collected $0.15 from pot
TIOIOIT: doesn't show hand 
*** SUMMARY ***
Total pot $0.16 | Rake $0.01 
Board [3c 3d 4s Jc 9d]
Seat 1: grimpop_87 folded before Flop (didn't bet)
Seat 2: UbearA folded before Flop (didn't bet)
Seat 3: Dorex2007 folded before Flop (didn't bet)
Seat 4: TIOIOIT collected ($0.15)
Seat 5: umka186 folded before Flop (didn't bet)
Seat 6: Arimateja (button) folded before Flop (didn't bet)
Seat 7: spitfire 330 (small blind) folded on the River
Seat 8: Donenko345 (big blind) folded on the Flop
Seat 9: D.Coghlan folded before Flop (didn't bet)



PokerStars Hand #228208930526:  Hold'em No Limit ($0.01/$0.02 USD) - 2021/07/11 1:34:36 PT [2021/07/11 4:34:36 ET]
Table 'Altaj III' 9-max Seat #7 is the button
Seat 1: grimpop_87 ($2.26 in chips) 
Seat 2: UbearA ($1.13 in chips) 
Seat 3: Dorex2007 ($4.43 in chips) 
Seat 4: TIOIOIT ($0.69 in chips) 
Seat 5: umka186 ($2 in chips) 
Seat 6: Arimateja ($0.89 in chips) 
Seat 7: spitfire 330 ($0.69 in chips) 
Seat 8: Donenko345 ($1.18 in chips) 
Seat 9: D.Coghlan ($2.86 in chips) 
Donenko345: posts small blind $0.01
D.Coghlan: posts big blind $0.02
*** HOLE CARDS ***
Dealt to Dorex2007 [5h Qs]
grimpop_87: folds 
UbearA: folds 
Dorex2007: folds 
TIOIOIT: folds 
umka186: folds 
Arimateja: folds 
spitfire 330: calls $0.02
Donenko345: folds 
D.Coghlan: checks 
*** FLOP *** [Kc Ac 3c]
D.Coghlan: checks 
spitfire 330: checks 
*** TURN *** [Kc Ac 3c] [Tc]
D.Coghlan: checks 
spitfire 330: checks 
*** RIVER *** [Kc Ac 3c Tc] [6h]
D.Coghlan: checks 
spitfire 330: checks 
*** SHOW DOWN ***
D.Coghlan: shows [Jd 4s] (high card Ace)
spitfire 330: shows [Td 5c] (a flush, Ace high)
spitfire 330 collected $0.05 from pot
*** SUMMARY ***
Total pot $0.05 | Rake $0 
Board [Kc Ac 3c Tc 6h]
Seat 1: grimpop_87 folded before Flop (didn't bet)
Seat 2: UbearA folded before Flop (didn't bet)
Seat 3: Dorex2007 folded before Flop (didn't bet)
Seat 4: TIOIOIT folded before Flop (didn't bet)
Seat 5: umka186 folded before Flop (didn't bet)
Seat 6: Arimateja folded before Flop (didn't bet)
Seat 7: spitfire 330 (button) showed [Td 5c] and won ($0.05) with a flush, Ace high
Seat 8: Donenko345 (small blind) folded before Flop
Seat 9: D.Coghlan (big blind) showed [Jd 4s] and lost with high card Ace



PokerStars Hand #228208941184:  Hold'em No Limit ($0.01/$0.02 USD) - 2021/07/11 1:35:35 PT [2021/07/11 4:35:35 ET]
Table 'Altaj III' 9-max Seat #8 is the button
Seat 1: grimpop_87 ($2.26 in chips) 
Seat 2: UbearA ($1.13 in chips) 
Seat 3: Dorex2007 ($4.43 in chips) 
Seat 4: TIOIOIT ($0.69 in chips) 
Seat 5: umka186 ($2 in chips) 
Seat 6: Arimateja ($0.89 in chips) 
Seat 7: spitfire 330 ($0.72 in chips) 
Seat 8: Donenko345 ($1.17 in chips) 
Seat 9: D.Coghlan ($2.84 in chips) 
D.Coghlan: posts small blind $0.01
grimpop_87: posts big blind $0.02
*** HOLE CARDS ***
Dealt to Dorex2007 [8s 8d]
UbearA: folds 
Dorex2007: raises $0.02 to $0.04
TIOIOIT: calls $0.04
umka186: folds 
Arimateja: folds 
spitfire 330: calls $0.04
Donenko345: folds 
D.Coghlan: calls $0.03
grimpop_87: folds 
*** FLOP *** [2c Qd 5c]
D.Coghlan: checks 
Dorex2007: checks 
TIOIOIT: bets $0.07
spitfire 330: folds 
D.Coghlan: folds 
Dorex2007: folds 
Uncalled bet ($0.07) returned to TIOIOIT
TIOIOIT collected $0.17 from pot
TIOIOIT: doesn't show hand 
*** SUMMARY ***
Total pot $0.18 | Rake $0.01 
Board [2c Qd 5c]
Seat 1: grimpop_87 (big blind) folded before Flop
Seat 2: UbearA folded before Flop (didn't bet)
Seat 3: Dorex2007 folded on the Flop
Seat 4: TIOIOIT collected ($0.17)
Seat 5: umka186 folded before Flop (didn't bet)
Seat 6: Arimateja folded before Flop (didn't bet)
Seat 7: spitfire 330 folded on the Flop
Seat 8: Donenko345 (button) folded before Flop (didn't bet)
Seat 9: D.Coghlan (small blind) folded on the Flop



PokerStars Hand #228208954036:  Hold'em No Limit ($0.01/$0.02 USD) - 2021/07/11 1:36:46 PT [2021/07/11 4:36:46 ET]
Table 'Altaj III' 9-max Seat #9 is the button
Seat 1: grimpop_87 ($2.24 in chips) 
Seat 2: UbearA ($1.13 in chips) 
Seat 3: Dorex2007 ($4.39 in chips) 
Seat 4: TIOIOIT ($0.82 in chips) 
Seat 5: umka186 ($2 in chips) 
Seat 6: Arimateja ($0.89 in chips) 
Seat 7: spitfire 330 ($0.68 in chips) 
Seat 8: Donenko345 ($1.17 in chips) 
Seat 9: D.Coghlan ($2.80 in chips) 
grimpop_87: posts small blind $0.01
UbearA: posts big blind $0.02
*** HOLE CARDS ***
Dealt to Dorex2007 [Ts 9c]
Dorex2007: folds 
TIOIOIT: folds 
umka186: raises $0.04 to $0.06
Arimateja: folds 
spitfire 330: calls $0.06
Donenko345: folds 
D.Coghlan: calls $0.06
grimpop_87: folds 
UbearA: folds 
*** FLOP *** [8h 7s 2c]
umka186: bets $0.13
spitfire 330: folds 
D.Coghlan: calls $0.13
*** TURN *** [8h 7s 2c] [Td]
umka186: bets $0.35
D.Coghlan: folds 
Uncalled bet ($0.35) returned to umka186
umka186 collected $0.45 from pot
*** SUMMARY ***
Total pot $0.47 | Rake $0.02 
Board [8h 7s 2c Td]
Seat 1: grimpop_87 (small blind) folded before Flop
Seat 2: UbearA (big blind) folded before Flop
Seat 3: Dorex2007 folded before Flop (didn't bet)
Seat 4: TIOIOIT folded before Flop (didn't bet)
Seat 5: umka186 collected ($0.45)
Seat 6: Arimateja folded before Flop (didn't bet)
Seat 7: spitfire 330 folded on the Flop
Seat 8: Donenko345 folded before Flop (didn't bet)
Seat 9: D.Coghlan (button) folded on the Turn



PokerStars Hand #228208961957:  Hold'em No Limit ($0.01/$0.02 USD) - 2021/07/11 1:37:30 PT [2021/07/11 4:37:30 ET]
Table 'Altaj III' 9-max Seat #1 is the button
Seat 1: grimpop_87 ($2.23 in chips) 
Seat 2: UbearA ($1.11 in chips) 
Seat 3: Dorex2007 ($4.39 in chips) 
Seat 4: TIOIOIT ($0.82 in chips) 
Seat 5: umka186 ($2.26 in chips) 
Seat 6: Arimateja ($0.89 in chips) 
Seat 7: spitfire 330 ($0.62 in chips) 
Seat 8: Donenko345 ($1.17 in chips) 
Seat 9: D.Coghlan ($2.61 in chips) 
UbearA: posts small blind $0.01
Dorex2007: posts big blind $0.02
*** HOLE CARDS ***
Dealt to Dorex2007 [7d Ac]
TIOIOIT: folds 
umka186: folds 
Arimateja: folds 
spitfire 330: calls $0.02
Donenko345: folds 
D.Coghlan: raises $0.06 to $0.08
grimpop_87: folds 
UbearA: folds 
Dorex2007: folds 
spitfire 330: calls $0.06
*** FLOP *** [8h 3d 8s]
spitfire 330: checks 
D.Coghlan: bets $0.09
spitfire 330: calls $0.09
*** TURN *** [8h 3d 8s] [2c]
spitfire 330: checks 
D.Coghlan: bets $0.30
spitfire 330: folds 
Uncalled bet ($0.30) returned to D.Coghlan
D.Coghlan collected $0.36 from pot
*** SUMMARY ***
Total pot $0.37 | Rake $0.01 
Board [8h 3d 8s 2c]
Seat 1: grimpop_87 (button) folded before Flop (didn't bet)
Seat 2: UbearA (small blind) folded before Flop
Seat 3: Dorex2007 (big blind) folded before Flop
Seat 4: TIOIOIT folded before Flop (didn't bet)
Seat 5: umka186 folded before Flop (didn't bet)
Seat 6: Arimateja folded before Flop (didn't bet)
Seat 7: spitfire 330 folded on the Turn
Seat 8: Donenko345 folded before Flop (didn't bet)
Seat 9: D.Coghlan collected ($0.36)



PokerStars Hand #228208971332:  Hold'em No Limit ($0.01/$0.02 USD) - 2021/07/11 1:38:21 PT [2021/07/11 4:38:21 ET]
Table 'Altaj III' 9-max Seat #2 is the button
Seat 1: grimpop_87 ($2.23 in chips) 
Seat 2: UbearA ($1.10 in chips) 
Seat 3: Dorex2007 ($4.37 in chips) 
Seat 4: TIOIOIT ($0.82 in chips) 
Seat 5: umka186 ($2.26 in chips) 
Seat 6: Arimateja ($0.89 in chips) 
Seat 7: spitfire 330 ($0.45 in chips) 
Seat 8: Donenko345 ($1.17 in chips) 
Seat 9: D.Coghlan ($2.80 in chips) 
Dorex2007: posts small blind $0.01
TIOIOIT: posts big blind $0.02
*** HOLE CARDS ***
Dealt to Dorex2007 [Jd Ad]
umka186: folds 
Arimateja: folds 
spitfire 330: calls $0.02
Donenko345: folds 
D.Coghlan: raises $0.06 to $0.08
grimpop_87: raises $0.24 to $0.32
UbearA: folds 
Dorex2007: folds 
TIOIOIT: folds 
spitfire 330: folds 
D.Coghlan: folds 
Uncalled bet ($0.24) returned to grimpop_87
grimpop_87 collected $0.21 from pot
*** SUMMARY ***
Total pot $0.21 | Rake $0 
Seat 1: grimpop_87 collected ($0.21)
Seat 2: UbearA (button) folded before Flop (didn't bet)
Seat 3: Dorex2007 (small blind) folded before Flop
Seat 4: TIOIOIT (big blind) folded before Flop
Seat 5: umka186 folded before Flop (didn't bet)
Seat 6: Arimateja folded before Flop (didn't bet)
Seat 7: spitfire 330 folded before Flop
Seat 8: Donenko345 folded before Flop (didn't bet)
Seat 9: D.Coghlan folded before Flop



PokerStars Hand #228208978665:  Hold'em No Limit ($0.01/$0.02 USD) - 2021/07/11 1:39:01 PT [2021/07/11 4:39:01 ET]
Table 'Altaj III' 9-max Seat #3 is the button
Seat 1: grimpop_87 ($2.36 in chips) 
Seat 2: UbearA ($1.10 in chips) 
Seat 3: Dorex2007 ($4.36 in chips) 
Seat 4: TIOIOIT ($0.80 in chips) 
Seat 5: umka186 ($2.26 in chips) 
Seat 6: Arimateja ($0.89 in chips) 
Seat 7: spitfire 330 ($0.43 in chips) 
Seat 8: Donenko345 ($1.17 in chips) 
Seat 9: D.Coghlan ($2.72 in chips) 
TIOIOIT: posts small blind $0.01
umka186: posts big blind $0.02
*** HOLE CARDS ***
Dealt to Dorex2007 [9s Qs]
Arimateja: folds 
spitfire 330: calls $0.02
Donenko345: folds 
D.Coghlan: folds 
grimpop_87: raises $0.06 to $0.08
UbearA: folds 
Dorex2007: folds 
TIOIOIT: calls $0.07
umka186: folds 
spitfire 330: calls $0.06
*** FLOP *** [5s 6s Qh]
TIOIOIT: checks 
spitfire 330: bets $0.08
grimpop_87: calls $0.08
TIOIOIT: folds 
*** TURN *** [5s 6s Qh] [3d]
spitfire 330: checks 
grimpop_87: bets $0.33
spitfire 330: calls $0.27 and is all-in
Uncalled bet ($0.06) returned to grimpop_87
*** RIVER *** [5s 6s Qh 3d] [7c]
*** SHOW DOWN ***
spitfire 330: shows [8h 6h] (a pair of Sixes)
grimpop_87: shows [Ac Ad] (a pair of Aces)
grimpop_87 collected $0.93 from pot
*** SUMMARY ***
Total pot $0.96 | Rake $0.03 
Board [5s 6s Qh 3d 7c]
Seat 1: grimpop_87 showed [Ac Ad] and won ($0.93) with a pair of Aces
Seat 2: UbearA folded before Flop (didn't bet)
Seat 3: Dorex2007 (button) folded before Flop (didn't bet)
Seat 4: TIOIOIT (small blind) folded on the Flop
Seat 5: umka186 (big blind) folded before Flop
Seat 6: Arimateja folded before Flop (didn't bet)
Seat 7: spitfire 330 showed [8h 6h] and lost with a pair of Sixes
Seat 8: Donenko345 folded before Flop (didn't bet)
Seat 9: D.Coghlan folded before Flop (didn't bet)



PokerStars Hand #228208990097:  Hold'em No Limit ($0.01/$0.02 USD) - 2021/07/11 1:40:05 PT [2021/07/11 4:40:05 ET]
Table 'Altaj III' 9-max Seat #4 is the button
Seat 1: grimpop_87 ($2.86 in chips) 
Seat 2: UbearA ($1.10 in chips) 
Seat 3: Dorex2007 ($4.36 in chips) 
Seat 4: TIOIOIT ($0.72 in chips) 
Seat 5: umka186 ($2.24 in chips) 
Seat 6: Arimateja ($0.89 in chips) 
Seat 8: Donenko345 ($1.17 in chips) 
Seat 9: D.Coghlan ($2.72 in chips) 
umka186: posts small blind $0.01
Arimateja: posts big blind $0.02
*** HOLE CARDS ***
Dealt to Dorex2007 [9c Td]
Donenko345: folds 
D.Coghlan: raises $0.04 to $0.06
grimpop_87: folds 
UbearA: folds 
Dorex2007: folds 
TIOIOIT: folds 
umka186: folds 
Arimateja: folds 
Uncalled bet ($0.04) returned to D.Coghlan
D.Coghlan collected $0.05 from pot
*** SUMMARY ***
Total pot $0.05 | Rake $0 
Seat 1: grimpop_87 folded before Flop (didn't bet)
Seat 2: UbearA folded before Flop (didn't bet)
Seat 3: Dorex2007 folded before Flop (didn't bet)
Seat 4: TIOIOIT (button) folded before Flop (didn't bet)
Seat 5: umka186 (small blind) folded before Flop
Seat 6: Arimateja (big blind) folded before Flop
Seat 8: Donenko345 folded before Flop (didn't bet)
Seat 9: D.Coghlan collected ($0.05)



PokerStars Hand #228208995539:  Hold'em No Limit ($0.01/$0.02 USD) - 2021/07/11 1:40:34 PT [2021/07/11 4:40:34 ET]
Table 'Altaj III' 9-max Seat #5 is the button
Seat 1: grimpop_87 ($2.86 in chips) 
Seat 2: UbearA ($1.10 in chips) 
Seat 3: Dorex2007 ($4.36 in chips) 
Seat 4: TIOIOIT ($0.72 in chips) 
Seat 5: umka186 ($2.23 in chips) 
Seat 6: Arimateja ($0.87 in chips) 
Seat 7: spitfire 330 ($0.80 in chips) 
Seat 8: Donenko345 ($1.17 in chips) 
Seat 9: D.Coghlan ($2.75 in chips) 
Arimateja: posts small blind $0.01
spitfire 330: posts big blind $0.02
*** HOLE CARDS ***
Dealt to Dorex2007 [3c 7s]
Donenko345: folds 
D.Coghlan: folds 
grimpop_87: folds 
UbearA: raises $0.04 to $0.06
Dorex2007: folds 
TIOIOIT: calls $0.06
umka186: folds 
Arimateja: folds 
spitfire 330: calls $0.04
*** FLOP *** [3d 5s 4h]
spitfire 330: checks 
UbearA: checks 
TIOIOIT: checks 
*** TURN *** [3d 5s 4h] [8c]
spitfire 330: bets $0.04
UbearA: folds 
TIOIOIT: calls $0.04
*** RIVER *** [3d 5s 4h 8c] [3s]
spitfire 330: checks 
TIOIOIT: checks 
*** SHOW DOWN ***
spitfire 330: shows [Ac 8h] (two pair, Eights and Threes)
TIOIOIT: mucks hand 
spitfire 330 collected $0.26 from pot
*** SUMMARY ***
Total pot $0.27 | Rake $0.01 
Board [3d 5s 4h 8c 3s]
Seat 1: grimpop_87 folded before Flop (didn't bet)
Seat 2: UbearA folded on the Turn
Seat 3: Dorex2007 folded before Flop (didn't bet)
Seat 4: TIOIOIT mucked [Kd Ad]
Seat 5: umka186 (button) folded before Flop (didn't bet)
Seat 6: Arimateja (small blind) folded before Flop
Seat 7: spitfire 330 (big blind) showed [Ac 8h] and won ($0.26) with two pair, Eights and Threes
Seat 8: Donenko345 folded before Flop (didn't bet)
Seat 9: D.Coghlan folded before Flop (didn't bet)



PokerStars Hand #228209004862:  Hold'em No Limit ($0.01/$0.02 USD) - 2021/07/11 1:41:25 PT [2021/07/11 4:41:25 ET]
Table 'Altaj III' 9-max Seat #6 is the button
Seat 1: grimpop_87 ($2.86 in chips) 
Seat 2: UbearA ($1.04 in chips) 
Seat 3: Dorex2007 ($4.36 in chips) 
Seat 4: TIOIOIT ($0.62 in chips) 
Seat 5: umka186 ($2.23 in chips) 
Seat 6: Arimateja ($0.86 in chips) 
Seat 7: spitfire 330 ($0.96 in chips) 
Seat 8: Donenko345 ($1.17 in chips) 
Seat 9: D.Coghlan ($2.75 in chips) 
spitfire 330: posts small blind $0.01
Donenko345: posts big blind $0.02
*** HOLE CARDS ***
Dealt to Dorex2007 [7s Jd]
D.Coghlan: folds 
grimpop_87: folds 
UbearA: raises $0.02 to $0.04
Dorex2007: folds 
TIOIOIT: calls $0.04
umka186: folds 
Arimateja: folds 
spitfire 330: calls $0.03
Donenko345: folds 
*** FLOP *** [5c 2d Kc]
spitfire 330: checks 
UbearA: checks 
TIOIOIT: bets $0.05
spitfire 330: folds 
UbearA: folds 
Uncalled bet ($0.05) returned to TIOIOIT
TIOIOIT collected $0.14 from pot
TIOIOIT: doesn't show hand 
*** SUMMARY ***
Total pot $0.14 | Rake $0 
Board [5c 2d Kc]
Seat 1: grimpop_87 folded before Flop (didn't bet)
Seat 2: UbearA folded on the Flop
Seat 3: Dorex2007 folded before Flop (didn't bet)
Seat 4: TIOIOIT collected ($0.14)
Seat 5: umka186 folded before Flop (didn't bet)
Seat 6: Arimateja (button) folded before Flop (didn't bet)
Seat 7: spitfire 330 (small blind) folded on the Flop
Seat 8: Donenko345 (big blind) folded before Flop
Seat 9: D.Coghlan folded before Flop (didn't bet)



PokerStars Hand #228209015295:  Hold'em No Limit ($0.01/$0.02 USD) - 2021/07/11 1:42:21 PT [2021/07/11 4:42:21 ET]
Table 'Altaj III' 9-max Seat #7 is the button
Seat 1: grimpop_87 ($2.86 in chips) 
Seat 2: UbearA ($1 in chips) 
Seat 3: Dorex2007 ($4.36 in chips) 
Seat 4: TIOIOIT ($0.72 in chips) 
Seat 5: umka186 ($2.23 in chips) 
Seat 6: Arimateja ($0.86 in chips) 
Seat 7: spitfire 330 ($0.92 in chips) 
Seat 8: Donenko345 ($1.15 in chips) 
Seat 9: D.Coghlan ($2.75 in chips) 
Donenko345: posts small blind $0.01
D.Coghlan: posts big blind $0.02
*** HOLE CARDS ***
Dealt to Dorex2007 [2c 9h]
grimpop_87: folds 
UbearA: raises $0.02 to $0.04
Dorex2007: folds 
TIOIOIT: folds 
umka186: folds 
Arimateja: folds 
spitfire 330: calls $0.04
Donenko345: folds 
D.Coghlan: calls $0.02
*** FLOP *** [3h 9c Kh]
D.Coghlan: checks 
UbearA: checks 
spitfire 330: bets $0.04
D.Coghlan: calls $0.04
UbearA: folds 
*** TURN *** [3h 9c Kh] [5s]
D.Coghlan: checks 
spitfire 330: bets $0.10
D.Coghlan: calls $0.10
*** RIVER *** [3h 9c Kh 5s] [Ac]
D.Coghlan: checks 
spitfire 330: checks 
*** SHOW DOWN ***
D.Coghlan: shows [8d Ks] (a pair of Kings)
spitfire 330: mucks hand 
D.Coghlan collected $0.40 from pot
*** SUMMARY ***
Total pot $0.41 | Rake $0.01 
Board [3h 9c Kh 5s Ac]
Seat 1: grimpop_87 folded before Flop (didn't bet)
Seat 2: UbearA folded on the Flop
Seat 3: Dorex2007 folded before Flop (didn't bet)
Seat 4: TIOIOIT folded before Flop (didn't bet)
Seat 5: umka186 folded before Flop (didn't bet)
Seat 6: Arimateja folded before Flop (didn't bet)
Seat 7: spitfire 330 (button) mucked [Jh Qh]
Seat 8: Donenko345 (small blind) folded before Flop
Seat 9: D.Coghlan (big blind) showed [8d Ks] and won ($0.40) with a pair of Kings



PokerStars Hand #228209029042:  Hold'em No Limit ($0.01/$0.02 USD) - 2021/07/11 1:43:35 PT [2021/07/11 4:43:35 ET]
Table 'Altaj III' 9-max Seat #8 is the button
Seat 1: grimpop_87 ($2.86 in chips) 
Seat 2: UbearA ($0.96 in chips) 
Seat 3: Dorex2007 ($4.36 in chips) 
Seat 4: TIOIOIT ($0.72 in chips) 
Seat 5: umka186 ($2.23 in chips) 
Seat 6: Arimateja ($0.86 in chips) 
Seat 7: spitfire 330 ($0.74 in chips) 
Seat 8: Donenko345 ($1.14 in chips) 
Seat 9: D.Coghlan ($2.97 in chips) 
D.Coghlan: posts small blind $0.01
grimpop_87: posts big blind $0.02
*** HOLE CARDS ***
Dealt to Dorex2007 [5h 6s]
UbearA: folds 
Dorex2007: folds 
TIOIOIT: calls $0.02
umka186: folds 
Arimateja: folds 
spitfire 330: folds 
spitfire 330 leaves the table
Donenko345: folds 
D.Coghlan: raises $0.06 to $0.08
Millers1234 joins the table at seat #7 
grimpop_87: folds 
TIOIOIT: calls $0.06
*** FLOP *** [Ks 3d 4s]
D.Coghlan: bets $0.08
TIOIOIT: calls $0.08
*** TURN *** [Ks 3d 4s] [Kh]
D.Coghlan: checks 
TIOIOIT: bets $0.16
D.Coghlan: raises $2.65 to $2.81 and is all-in
TIOIOIT: folds 
Uncalled bet ($2.65) returned to D.Coghlan
D.Coghlan collected $0.64 from pot
*** SUMMARY ***
Total pot $0.66 | Rake $0.02 
Board [Ks 3d 4s Kh]
Seat 1: grimpop_87 (big blind) folded before Flop
Seat 2: UbearA folded before Flop (didn't bet)
Seat 3: Dorex2007 folded before Flop (didn't bet)
Seat 4: TIOIOIT folded on the Turn
Seat 5: umka186 folded before Flop (didn't bet)
Seat 6: Arimateja folded before Flop (didn't bet)
Seat 7: spitfire 330 folded before Flop (didn't bet)
Seat 8: Donenko345 (button) folded before Flop (didn't bet)
Seat 9: D.Coghlan (small blind) collected ($0.64)



PokerStars Hand #228209047662:  Hold'em No Limit ($0.01/$0.02 USD) - 2021/07/11 1:44:52 PT [2021/07/11 4:44:52 ET]
Table 'Altaj III' 9-max Seat #9 is the button
Seat 1: grimpop_87 ($2.84 in chips) 
Seat 2: UbearA ($0.96 in chips) 
Seat 3: Dorex2007 ($4.36 in chips) 
Seat 4: TIOIOIT ($0.40 in chips) 
Seat 5: umka186 ($2.23 in chips) 
Seat 6: Arimateja ($0.86 in chips) 
Seat 8: Donenko345 ($1.14 in chips) 
Seat 9: D.Coghlan ($3.29 in chips) 
grimpop_87: posts small blind $0.01
UbearA: posts big blind $0.02
Millers1234: sits out 
*** HOLE CARDS ***
Dealt to Dorex2007 [7c 2c]
Dorex2007: folds 
TIOIOIT: folds 
umka186: folds 
Arimateja: folds 
Donenko345: folds 
D.Coghlan: folds 
grimpop_87: raises $0.04 to $0.06
UbearA: folds 
Uncalled bet ($0.04) returned to grimpop_87
grimpop_87 collected $0.04 from pot
*** SUMMARY ***
Total pot $0.04 | Rake $0 
Seat 1: grimpop_87 (small blind) collected ($0.04)
Seat 2: UbearA (big blind) folded before Flop
Seat 3: Dorex2007 folded before Flop (didn't bet)
Seat 4: TIOIOIT folded before Flop (didn't bet)
Seat 5: umka186 folded before Flop (didn't bet)
Seat 6: Arimateja folded before Flop (didn't bet)
Seat 8: Donenko345 folded before Flop (didn't bet)
Seat 9: D.Coghlan (button) folded before Flop (didn't bet)



PokerStars Hand #228209066066:  Hold'em No Limit ($0.01/$0.02 USD) - 2021/07/11 1:46:28 PT [2021/07/11 4:46:28 ET]
Table 'Altaj III' 9-max Seat #4 is the button
Seat 1: grimpop_87 ($2.80 in chips) 
Seat 2: UbearA ($0.93 in chips) 
Seat 3: Dorex2007 ($4.36 in chips) 
Seat 4: TIOIOIT ($0.49 in chips) 
Seat 5: umka186 ($2.21 in chips) 
Seat 6: Arimateja ($0.82 in chips) 
Seat 8: Donenko345 ($1.14 in chips) 
Seat 9: D.Coghlan ($3.32 in chips) 
umka186: posts small blind $0.01
Arimateja: posts big blind $0.02
Millers1234: sits out 
Dorex2007: posts small & big blinds $0.03
*** HOLE CARDS ***
Dealt to Dorex2007 [Qh 6h]
Donenko345: folds 
D.Coghlan: folds 
grimpop_87: folds 
UbearA: calls $0.02
Dorex2007: checks 
TIOIOIT: folds 
umka186: folds 
Arimateja: checks 
*** FLOP *** [Js 6s 2h]
Arimateja: checks 
UbearA: checks 
Dorex2007: checks 
*** TURN *** [Js 6s 2h] [Qs]
Arimateja: bets $0.02
UbearA: folds 
Dorex2007: folds 
Uncalled bet ($0.02) returned to Arimateja
Arimateja collected $0.08 from pot
*** SUMMARY ***
Total pot $0.08 | Rake $0 
Board [Js 6s 2h Qs]
Seat 1: grimpop_87 folded before Flop (didn't bet)
Seat 2: UbearA folded on the Turn
Seat 3: Dorex2007 folded on the Turn (didn't bet)
Seat 4: TIOIOIT (button) folded before Flop (didn't bet)
Seat 5: umka186 (small blind) folded before Flop
Seat 6: Arimateja (big blind) collected ($0.08)
Seat 8: Donenko345 folded before Flop (didn't bet)
Seat 9: D.Coghlan folded before Flop (didn't bet)



PokerStars Hand #228209074328:  Hold'em No Limit ($0.01/$0.02 USD) - 2021/07/11 1:47:11 PT [2021/07/11 4:47:11 ET]
Table 'Altaj III' 9-max Seat #5 is the button
Seat 1: grimpop_87 ($2.80 in chips) 
Seat 2: UbearA ($0.91 in chips) 
Seat 3: Dorex2007 ($4.33 in chips) 
Seat 4: TIOIOIT ($0.49 in chips) 
Seat 5: umka186 ($2.20 in chips) 
Seat 6: Arimateja ($0.88 in chips) 
Seat 7: Millers1234 ($2 in chips) 
Seat 8: Donenko345 ($1.14 in chips) 
Seat 9: D.Coghlan ($3.32 in chips) 
Arimateja: posts small blind $0.01
Millers1234: posts big blind $0.02
*** HOLE CARDS ***
Dealt to Dorex2007 [3d 6h]
Donenko345: folds 
D.Coghlan: raises $0.04 to $0.06
grimpop_87: folds 
UbearA: folds 
Dorex2007: folds 
TIOIOIT: calls $0.06
umka186: folds 
Arimateja: folds 
Millers1234: calls $0.04
*** FLOP *** [4d 2d 4h]
Millers1234: checks 
D.Coghlan: bets $0.10
TIOIOIT: folds 
Millers1234: folds 
Uncalled bet ($0.10) returned to D.Coghlan
D.Coghlan collected $0.18 from pot
*** SUMMARY ***
Total pot $0.19 | Rake $0.01 
Board [4d 2d 4h]
Seat 1: grimpop_87 folded before Flop (didn't bet)
Seat 2: UbearA folded before Flop (didn't bet)
Seat 3: Dorex2007 folded before Flop (didn't bet)
Seat 4: TIOIOIT folded on the Flop
Seat 5: umka186 (button) folded before Flop (didn't bet)
Seat 6: Arimateja (small blind) folded before Flop
Seat 7: Millers1234 (big blind) folded on the Flop
Seat 8: Donenko345 folded before Flop (didn't bet)
Seat 9: D.Coghlan collected ($0.18)



PokerStars Hand #228209082336:  Hold'em No Limit ($0.01/$0.02 USD) - 2021/07/11 1:47:53 PT [2021/07/11 4:47:53 ET]
Table 'Altaj III' 9-max Seat #6 is the button
Seat 1: grimpop_87 ($2.80 in chips) 
Seat 2: UbearA ($0.91 in chips) 
Seat 3: Dorex2007 ($4.33 in chips) 
Seat 4: TIOIOIT ($0.43 in chips) 
Seat 5: umka186 ($2.20 in chips) 
Seat 6: Arimateja ($0.87 in chips) 
Seat 7: Millers1234 ($2 in chips) 
Seat 8: Donenko345 ($1.14 in chips) 
Seat 9: D.Coghlan ($3.44 in chips) 
Millers1234: posts small blind $0.01
Donenko345: posts big blind $0.02
*** HOLE CARDS ***
Dealt to Dorex2007 [9s 7c]
D.Coghlan: folds 
grimpop_87: folds 
D.Coghlan leaves the table
UbearA: folds 
Dorex2007: folds 
TIOIOIT: calls $0.02
umka186: folds 
dezname joins the table at seat #9 
Arimateja: calls $0.02
Millers1234: folds 
Donenko345: checks 
*** FLOP *** [Th Jd 5c]
Donenko345: checks 
TIOIOIT: checks 
Arimateja: checks 
*** TURN *** [Th Jd 5c] [9h]
Donenko345: checks 
TIOIOIT: checks 
Arimateja: bets $0.04
Donenko345: calls $0.04
TIOIOIT: folds 
*** RIVER *** [Th Jd 5c 9h] [Kd]
Donenko345: checks 
Arimateja: checks 
*** SHOW DOWN ***
Donenko345: shows [2d Qd] (a straight, Nine to King)
Arimateja: mucks hand 
Donenko345 collected $0.14 from pot
*** SUMMARY ***
Total pot $0.15 | Rake $0.01 
Board [Th Jd 5c 9h Kd]
Seat 1: grimpop_87 folded before Flop (didn't bet)
Seat 2: UbearA folded before Flop (didn't bet)
Seat 3: Dorex2007 folded before Flop (didn't bet)
Seat 4: TIOIOIT folded on the Turn
Seat 5: umka186 folded before Flop (didn't bet)
Seat 6: Arimateja (button) mucked [8h 7h]
Seat 7: Millers1234 (small blind) folded before Flop
Seat 8: Donenko345 (big blind) showed [2d Qd] and won ($0.14) with a straight, Nine to King
Seat 9: D.Coghlan folded before Flop (didn't bet)



PokerStars Hand #228209094703:  Hold'em No Limit ($0.01/$0.02 USD) - 2021/07/11 1:48:58 PT [2021/07/11 4:48:58 ET]
Table 'Altaj III' 9-max Seat #7 is the button
Seat 1: grimpop_87 ($2.80 in chips) 
Seat 2: UbearA ($0.91 in chips) 
Seat 3: Dorex2007 ($4.33 in chips) 
Seat 4: TIOIOIT ($0.41 in chips) 
Seat 5: umka186 ($2.20 in chips) 
Seat 6: Arimateja ($0.81 in chips) 
Seat 7: Millers1234 ($2 in chips) 
Seat 8: Donenko345 ($1.22 in chips) 
Seat 9: dezname ($2 in chips) 
Donenko345: posts small blind $0.01
dezname: posts big blind $0.02
*** HOLE CARDS ***
Dealt to Dorex2007 [Kc 7d]
grimpop_87 has timed out
grimpop_87: folds 
UbearA: folds 
Dorex2007: folds 
TIOIOIT: calls $0.02
umka186: folds 
grimpop_87 leaves the table
JenTosM joins the table at seat #1 
Arimateja has timed out
Arimateja: folds 
Millers1234: raises $0.07 to $0.09
Donenko345: folds 
dezname: folds 
TIOIOIT: calls $0.07
*** FLOP *** [2s Qd 5h]
TIOIOIT: checks 
Millers1234: checks 
*** TURN *** [2s Qd 5h] [9d]
TIOIOIT: bets $0.04
Millers1234: raises $0.06 to $0.10
TIOIOIT: folds 
Uncalled bet ($0.06) returned to Millers1234
Millers1234 collected $0.28 from pot
Millers1234: doesn't show hand 
*** SUMMARY ***
Total pot $0.29 | Rake $0.01 
Board [2s Qd 5h 9d]
Seat 1: grimpop_87 folded before Flop (didn't bet)
Seat 2: UbearA folded before Flop (didn't bet)
Seat 3: Dorex2007 folded before Flop (didn't bet)
Seat 4: TIOIOIT folded on the Turn
Seat 5: umka186 folded before Flop (didn't bet)
Seat 6: Arimateja folded before Flop (didn't bet)
Seat 7: Millers1234 (button) collected ($0.28)
Seat 8: Donenko345 (small blind) folded before Flop
Seat 9: dezname (big blind) folded before Flop



PokerStars Hand #228209107544:  Hold'em No Limit ($0.01/$0.02 USD) - 2021/07/11 1:50:07 PT [2021/07/11 4:50:07 ET]
Table 'Altaj III' 9-max Seat #8 is the button
Seat 1: JenTosM ($2 in chips) 
Seat 2: UbearA ($0.91 in chips) 
Seat 3: Dorex2007 ($4.33 in chips) 
Seat 4: TIOIOIT ($0.28 in chips) 
Seat 5: umka186 ($2.20 in chips) 
Seat 6: Arimateja ($0.81 in chips) 
Seat 7: Millers1234 ($2.15 in chips) 
Seat 8: Donenko345 ($1.21 in chips) 
Seat 9: dezname ($2 in chips) 
dezname: posts small blind $0.01
JenTosM: posts big blind $0.02
*** HOLE CARDS ***
Dealt to Dorex2007 [Tc 3s]
UbearA: raises $0.02 to $0.04
Dorex2007: folds 
TIOIOIT: calls $0.04
umka186: folds 
Arimateja: calls $0.04
Millers1234: folds 
Donenko345: folds 
dezname: folds 
JenTosM: calls $0.02
*** FLOP *** [Ah Ks Qh]
JenTosM: checks 
UbearA: checks 
TIOIOIT: checks 
Arimateja: bets $0.16
JenTosM: folds 
UbearA: folds 
TIOIOIT: folds 
Uncalled bet ($0.16) returned to Arimateja
Arimateja collected $0.16 from pot
*** SUMMARY ***
Total pot $0.17 | Rake $0.01 
Board [Ah Ks Qh]
Seat 1: JenTosM (big blind) folded on the Flop
Seat 2: UbearA folded on the Flop
Seat 3: Dorex2007 folded before Flop (didn't bet)
Seat 4: TIOIOIT folded on the Flop
Seat 5: umka186 folded before Flop (didn't bet)
Seat 6: Arimateja collected ($0.16)
Seat 7: Millers1234 folded before Flop (didn't bet)
Seat 8: Donenko345 (button) folded before Flop (didn't bet)
Seat 9: dezname (small blind) folded before Flop



PokerStars Hand #228209114735:  Hold'em No Limit ($0.01/$0.02 USD) - 2021/07/11 1:50:44 PT [2021/07/11 4:50:44 ET]
Table 'Altaj III' 9-max Seat #9 is the button
Seat 1: JenTosM ($2 in chips) 
Seat 2: UbearA ($0.87 in chips) 
Seat 3: Dorex2007 ($4.33 in chips) 
Seat 4: TIOIOIT ($0.24 in chips) 
Seat 5: umka186 ($2.20 in chips) 
Seat 6: Arimateja ($0.93 in chips) 
Seat 7: Millers1234 ($2.15 in chips) 
Seat 8: Donenko345 ($1.21 in chips) 
Seat 9: dezname ($2 in chips) 
JenTosM: posts small blind $0.01
UbearA: posts big blind $0.02
*** HOLE CARDS ***
Dealt to Dorex2007 [9s 4c]
Dorex2007: folds 
TIOIOIT: calls $0.02
umka186: folds 
Arimateja: folds 
Millers1234: folds 
Donenko345: raises $0.03 to $0.05
dezname: folds 
JenTosM: folds 
UbearA: calls $0.03
TIOIOIT: calls $0.03
*** FLOP *** [Ad Jh 7s]
UbearA: checks 
TIOIOIT: checks 
Donenko345: checks 
*** TURN *** [Ad Jh 7s] [6d]
UbearA: bets $0.04
TIOIOIT: calls $0.04
Donenko345: calls $0.04
*** RIVER *** [Ad Jh 7s 6d] [5h]
UbearA: checks 
TIOIOIT: checks 
Donenko345: checks 
*** SHOW DOWN ***
UbearA: shows [2h 3c] (high card Ace)
TIOIOIT: shows [8d Ac] (a pair of Aces)
Donenko345: mucks hand 
TIOIOIT collected $0.27 from pot
*** SUMMARY ***
Total pot $0.28 | Rake $0.01 
Board [Ad Jh 7s 6d 5h]
Seat 1: JenTosM (small blind) folded before Flop
Seat 2: UbearA (big blind) showed [2h 3c] and lost with high card Ace
Seat 3: Dorex2007 folded before Flop (didn't bet)
Seat 4: TIOIOIT showed [8d Ac] and won ($0.27) with a pair of Aces
Seat 5: umka186 folded before Flop (didn't bet)
Seat 6: Arimateja folded before Flop (didn't bet)
Seat 7: Millers1234 folded before Flop (didn't bet)
Seat 8: Donenko345 mucked [Qs Qc]
Seat 9: dezname (button) folded before Flop (didn't bet)



PokerStars Hand #228209126283:  Hold'em No Limit ($0.01/$0.02 USD) - 2021/07/11 1:51:46 PT [2021/07/11 4:51:46 ET]
Table 'Altaj III' 9-max Seat #1 is the button
Seat 1: JenTosM ($2 in chips) 
Seat 2: UbearA ($0.78 in chips) 
Seat 3: Dorex2007 ($4.33 in chips) 
Seat 4: TIOIOIT ($0.42 in chips) 
Seat 5: umka186 ($2.20 in chips) 
Seat 6: Arimateja ($0.93 in chips) 
Seat 7: Millers1234 ($2.15 in chips) 
Seat 8: Donenko345 ($1.12 in chips) 
Seat 9: dezname ($2 in chips) 
UbearA: posts small blind $0.01
Dorex2007: posts big blind $0.02
*** HOLE CARDS ***
Dealt to Dorex2007 [7h 3d]
TIOIOIT: calls $0.02
umka186: folds 
Arimateja: folds 
Millers1234: folds 
Donenko345: folds 
dezname: folds 
JenTosM: folds 
UbearA: calls $0.01
Dorex2007: checks 
*** FLOP *** [6c Qd 3c]
UbearA: checks 
Dorex2007: checks 
TIOIOIT: bets $0.03
UbearA: folds 
Dorex2007: calls $0.03
*** TURN *** [6c Qd 3c] [9s]
Dorex2007: checks 
TIOIOIT: bets $0.06
Dorex2007: calls $0.06
*** RIVER *** [6c Qd 3c 9s] [5s]
Dorex2007: bets $0.12
TIOIOIT: calls $0.12
*** SHOW DOWN ***
Dorex2007: shows [7h 3d] (a pair of Threes)
TIOIOIT: shows [4d 6h] (a pair of Sixes)
TIOIOIT collected $0.46 from pot
*** SUMMARY ***
Total pot $0.48 | Rake $0.02 
Board [6c Qd 3c 9s 5s]
Seat 1: JenTosM (button) folded before Flop (didn't bet)
Seat 2: UbearA (small blind) folded on the Flop
Seat 3: Dorex2007 (big blind) showed [7h 3d] and lost with a pair of Threes
Seat 4: TIOIOIT showed [4d 6h] and won ($0.46) with a pair of Sixes
Seat 5: umka186 folded before Flop (didn't bet)
Seat 6: Arimateja folded before Flop (didn't bet)
Seat 7: Millers1234 folded before Flop (didn't bet)
Seat 8: Donenko345 folded before Flop (didn't bet)
Seat 9: dezname folded before Flop (didn't bet)



PokerStars Hand #228209138440:  Hold'em No Limit ($0.01/$0.02 USD) - 2021/07/11 1:52:50 PT [2021/07/11 4:52:50 ET]
Table 'Altaj III' 9-max Seat #2 is the button
Seat 1: JenTosM ($2 in chips) 
Seat 2: UbearA ($0.76 in chips) 
Seat 3: Dorex2007 ($4.10 in chips) 
Seat 4: TIOIOIT ($0.65 in chips) 
Seat 5: umka186 ($2.20 in chips) 
Seat 6: Arimateja ($0.93 in chips) 
Seat 7: Millers1234 ($2.15 in chips) 
Seat 8: Donenko345 ($1.12 in chips) 
Seat 9: dezname ($2 in chips) 
Dorex2007: posts small blind $0.01
TIOIOIT: posts big blind $0.02
*** HOLE CARDS ***
Dealt to Dorex2007 [Th 5d]
umka186: folds 
Arimateja: folds 
Millers1234: folds 
Donenko345: folds 
dezname: folds 
JenTosM: raises $0.05 to $0.07
UbearA: calls $0.07
Dorex2007: folds 
TIOIOIT: calls $0.05
*** FLOP *** [Jh 7d As]
TIOIOIT: checks 
JenTosM: checks 
UbearA: checks 
*** TURN *** [Jh 7d As] [7c]
TIOIOIT: bets $0.02
JenTosM: calls $0.02
UbearA: calls $0.02
*** RIVER *** [Jh 7d As 7c] [Ts]
TIOIOIT: bets $0.02
JenTosM: folds 
UbearA: calls $0.02
*** SHOW DOWN ***
TIOIOIT: shows [Td 9c] (two pair, Tens and Sevens)
UbearA: shows [Tc Js] (two pair, Jacks and Tens)
UbearA collected $0.31 from pot
*** SUMMARY ***
Total pot $0.32 | Rake $0.01 
Board [Jh 7d As 7c Ts]
Seat 1: JenTosM folded on the River
Seat 2: UbearA (button) showed [Tc Js] and won ($0.31) with two pair, Jacks and Tens
Seat 3: Dorex2007 (small blind) folded before Flop
Seat 4: TIOIOIT (big blind) showed [Td 9c] and lost with two pair, Tens and Sevens
Seat 5: umka186 folded before Flop (didn't bet)
Seat 6: Arimateja folded before Flop (didn't bet)
Seat 7: Millers1234 folded before Flop (didn't bet)
Seat 8: Donenko345 folded before Flop (didn't bet)
Seat 9: dezname folded before Flop (didn't bet)



PokerStars Hand #228209147196:  Hold'em No Limit ($0.01/$0.02 USD) - 2021/07/11 1:53:35 PT [2021/07/11 4:53:35 ET]
Table 'Altaj III' 9-max Seat #3 is the button
Seat 1: JenTosM ($2 in chips) 
Seat 2: UbearA ($0.96 in chips) 
Seat 3: Dorex2007 ($4.09 in chips) 
Seat 4: TIOIOIT ($0.54 in chips) 
Seat 5: umka186 ($2.20 in chips) 
Seat 6: Arimateja ($0.93 in chips) 
Seat 7: Millers1234 ($2.15 in chips) 
Seat 8: Donenko345 ($1.12 in chips) 
Seat 9: dezname ($2 in chips) 
TIOIOIT: posts small blind $0.01
umka186: posts big blind $0.02
*** HOLE CARDS ***
Dealt to Dorex2007 [Ks 4c]
Arimateja: folds 
Millers1234: folds 
Donenko345: folds 
dezname: folds 
JenTosM: folds 
UbearA: folds 
Dorex2007: folds 
TIOIOIT: calls $0.01
umka186: checks 
*** FLOP *** [8s Jc 6h]
TIOIOIT: bets $0.02
umka186: folds 
Uncalled bet ($0.02) returned to TIOIOIT
TIOIOIT collected $0.04 from pot
TIOIOIT: doesn't show hand 
*** SUMMARY ***
Total pot $0.04 | Rake $0 
Board [8s Jc 6h]
Seat 1: JenTosM folded before Flop (didn't bet)
Seat 2: UbearA folded before Flop (didn't bet)
Seat 3: Dorex2007 (button) folded before Flop (didn't bet)
Seat 4: TIOIOIT (small blind) collected ($0.04)
Seat 5: umka186 (big blind) folded on the Flop
Seat 6: Arimateja folded before Flop (didn't bet)
Seat 7: Millers1234 folded before Flop (didn't bet)
Seat 8: Donenko345 folded before Flop (didn't bet)
Seat 9: dezname folded before Flop (didn't bet)



PokerStars Hand #228209152898:  Hold'em No Limit ($0.01/$0.02 USD) - 2021/07/11 1:54:05 PT [2021/07/11 4:54:05 ET]
Table 'Altaj III' 9-max Seat #4 is the button
Seat 1: JenTosM ($2 in chips) 
Seat 2: UbearA ($0.96 in chips) 
Seat 3: Dorex2007 ($4.09 in chips) 
Seat 4: TIOIOIT ($0.56 in chips) 
Seat 5: umka186 ($2.18 in chips) 
Seat 6: Arimateja ($0.93 in chips) 
Seat 7: Millers1234 ($2.15 in chips) 
Seat 8: Donenko345 ($1.12 in chips) 
Seat 9: dezname ($2 in chips) 
umka186: posts small blind $0.01
Arimateja: posts big blind $0.02
*** HOLE CARDS ***
Dealt to Dorex2007 [8c 6d]
Millers1234: folds 
Donenko345: folds 
dezname: raises $0.04 to $0.06
JenTosM: raises $0.15 to $0.21
UbearA: folds 
Dorex2007: folds 
TIOIOIT: folds 
umka186: folds 
Arimateja: folds 
dezname: folds 
Uncalled bet ($0.15) returned to JenTosM
JenTosM collected $0.15 from pot
JenTosM: doesn't show hand 
*** SUMMARY ***
Total pot $0.15 | Rake $0 
Seat 1: JenTosM collected ($0.15)
Seat 2: UbearA folded before Flop (didn't bet)
Seat 3: Dorex2007 folded before Flop (didn't bet)
Seat 4: TIOIOIT (button) folded before Flop (didn't bet)
Seat 5: umka186 (small blind) folded before Flop
Seat 6: Arimateja (big blind) folded before Flop
Seat 7: Millers1234 folded before Flop (didn't bet)
Seat 8: Donenko345 folded before Flop (didn't bet)
Seat 9: dezname folded before Flop



PokerStars Hand #228209160266:  Hold'em No Limit ($0.01/$0.02 USD) - 2021/07/11 1:54:44 PT [2021/07/11 4:54:44 ET]
Table 'Altaj III' 9-max Seat #5 is the button
Seat 1: JenTosM ($2.09 in chips) 
Seat 2: UbearA ($0.96 in chips) 
Seat 3: Dorex2007 ($4.09 in chips) 
Seat 4: TIOIOIT ($0.56 in chips) 
Seat 5: umka186 ($2.17 in chips) 
Seat 6: Arimateja ($0.91 in chips) 
Seat 7: Millers1234 ($2.15 in chips) 
Seat 8: Donenko345 ($1.12 in chips) 
Seat 9: dezname ($2 in chips) 
Arimateja: posts small blind $0.01
Millers1234: posts big blind $0.02
*** HOLE CARDS ***
Dealt to Dorex2007 [Ks Jc]
Donenko345: folds 
dezname: folds 
JenTosM: folds 
UbearA: folds 
Dorex2007: raises $0.02 to $0.04
TIOIOIT: calls $0.04
umka186: folds 
Arimateja: folds 
Millers1234: calls $0.02
*** FLOP *** [9s 9d 4s]
Millers1234: checks 
Dorex2007: checks 
TIOIOIT: checks 
*** TURN *** [9s 9d 4s] [As]
Millers1234: checks 
Dorex2007: checks 
TIOIOIT: checks 
*** RIVER *** [9s 9d 4s As] [8h]
Millers1234: checks 
Dorex2007: checks 
TIOIOIT: bets $0.02
Millers1234: folds 
Dorex2007: folds 
Uncalled bet ($0.02) returned to TIOIOIT
TIOIOIT collected $0.13 from pot
TIOIOIT: doesn't show hand 
*** SUMMARY ***
Total pot $0.13 | Rake $0 
Board [9s 9d 4s As 8h]
Seat 1: JenTosM folded before Flop (didn't bet)
Seat 2: UbearA folded before Flop (didn't bet)
Seat 3: Dorex2007 folded on the River
Seat 4: TIOIOIT collected ($0.13)
Seat 5: umka186 (button) folded before Flop (didn't bet)
Seat 6: Arimateja (small blind) folded before Flop
Seat 7: Millers1234 (big blind) folded on the River
Seat 8: Donenko345 folded before Flop (didn't bet)
Seat 9: dezname folded before Flop (didn't bet)



PokerStars Hand #228209171855:  Hold'em No Limit ($0.01/$0.02 USD) - 2021/07/11 1:55:53 PT [2021/07/11 4:55:53 ET]
Table 'Altaj III' 9-max Seat #6 is the button
Seat 1: JenTosM ($2.09 in chips) 
Seat 2: UbearA ($0.96 in chips) 
Seat 3: Dorex2007 ($4.05 in chips) 
Seat 4: TIOIOIT ($0.65 in chips) 
Seat 5: umka186 ($2.17 in chips) 
Seat 6: Arimateja ($0.90 in chips) 
Seat 7: Millers1234 ($2.11 in chips) 
Seat 8: Donenko345 ($1.12 in chips) 
Seat 9: dezname ($2 in chips) 
Millers1234: posts small blind $0.01
Donenko345: posts big blind $0.02
*** HOLE CARDS ***
Dealt to Dorex2007 [6s 3s]
dezname: folds 
JenTosM: calls $0.02
UbearA: folds 
Dorex2007: folds 
TIOIOIT: calls $0.02
umka186: folds 
Arimateja: folds 
Millers1234: folds 
Donenko345: checks 
*** FLOP *** [7c 6h Ad]
Donenko345: checks 
JenTosM: checks 
TIOIOIT: bets $0.02
Donenko345: calls $0.02
JenTosM: calls $0.02
*** TURN *** [7c 6h Ad] [9d]
Donenko345: checks 
JenTosM: checks 
TIOIOIT: bets $0.03
Donenko345: calls $0.03
JenTosM: calls $0.03
*** RIVER *** [7c 6h Ad 9d] [5h]
Donenko345: checks 
JenTosM: checks 
TIOIOIT: checks 
*** SHOW DOWN ***
Donenko345: shows [3c 5s] (a pair of Fives)
JenTosM: shows [Ts Td] (a pair of Tens)
TIOIOIT: shows [As 4h] (a pair of Aces)
TIOIOIT collected $0.21 from pot
*** SUMMARY ***
Total pot $0.22 | Rake $0.01 
Board [7c 6h Ad 9d 5h]
Seat 1: JenTosM showed [Ts Td] and lost with a pair of Tens
Seat 2: UbearA folded before Flop (didn't bet)
Seat 3: Dorex2007 folded before Flop (didn't bet)
Seat 4: TIOIOIT showed [As 4h] and won ($0.21) with a pair of Aces
Seat 5: umka186 folded before Flop (didn't bet)
Seat 6: Arimateja (button) folded before Flop (didn't bet)
Seat 7: Millers1234 (small blind) folded before Flop
Seat 8: Donenko345 (big blind) showed [3c 5s] and lost with a pair of Fives
Seat 9: dezname folded before Flop (didn't bet)



PokerStars Hand #228209180941:  Hold'em No Limit ($0.01/$0.02 USD) - 2021/07/11 1:56:50 PT [2021/07/11 4:56:50 ET]
Table 'Altaj III' 9-max Seat #7 is the button
Seat 1: JenTosM ($2.02 in chips) 
Seat 2: UbearA ($0.96 in chips) 
Seat 3: Dorex2007 ($4.05 in chips) 
Seat 4: TIOIOIT ($0.79 in chips) 
Seat 5: umka186 ($2.17 in chips) 
Seat 6: Arimateja ($0.90 in chips) 
Seat 7: Millers1234 ($2.10 in chips) 
Seat 8: Donenko345 ($1.05 in chips) 
Seat 9: dezname ($2 in chips) 
Donenko345: posts small blind $0.01
dezname: posts big blind $0.02
*** HOLE CARDS ***
Dealt to Dorex2007 [5c 9d]
JenTosM: folds 
UbearA: folds 
Dorex2007: folds 
TIOIOIT: folds 
umka186: folds 
Arimateja: folds 
Millers1234: raises $0.02 to $0.04
Donenko345: raises $0.10 to $0.14
dezname: folds 
Millers1234: folds 
Uncalled bet ($0.10) returned to Donenko345
Donenko345 collected $0.10 from pot
Donenko345: doesn't show hand 
*** SUMMARY ***
Total pot $0.10 | Rake $0 
Seat 1: JenTosM folded before Flop (didn't bet)
Seat 2: UbearA folded before Flop (didn't bet)
Seat 3: Dorex2007 folded before Flop (didn't bet)
Seat 4: TIOIOIT folded before Flop (didn't bet)
Seat 5: umka186 folded before Flop (didn't bet)
Seat 6: Arimateja folded before Flop (didn't bet)
Seat 7: Millers1234 (button) folded before Flop
Seat 8: Donenko345 (small blind) collected ($0.10)
Seat 9: dezname (big blind) folded before Flop



PokerStars Hand #228209185452:  Hold'em No Limit ($0.01/$0.02 USD) - 2021/07/11 1:57:18 PT [2021/07/11 4:57:18 ET]
Table 'Altaj III' 9-max Seat #8 is the button
Seat 1: JenTosM ($2.02 in chips) 
Seat 2: UbearA ($0.96 in chips) 
Seat 3: Dorex2007 ($4.05 in chips) 
Seat 4: TIOIOIT ($0.79 in chips) 
Seat 5: umka186 ($2.17 in chips) 
Seat 6: Arimateja ($0.90 in chips) 
Seat 7: Millers1234 ($2.06 in chips) 
Seat 8: Donenko345 ($1.11 in chips) 
Seat 9: dezname ($2 in chips) 
dezname: posts small blind $0.01
JenTosM: posts big blind $0.02
*** HOLE CARDS ***
Dealt to Dorex2007 [6d 3h]
UbearA: raises $0.05 to $0.07
Dorex2007: folds 
TIOIOIT: calls $0.07
umka186: folds 
Arimateja: folds 
Millers1234: folds 
Donenko345: folds 
dezname: folds 
JenTosM: folds 
*** FLOP *** [Qh 2h 7d]
UbearA: checks 
TIOIOIT: checks 
*** TURN *** [Qh 2h 7d] [Qs]
Arimateja leaves the table
UbearA: bets $0.04
TIOIOIT: calls $0.04
*** RIVER *** [Qh 2h 7d Qs] [7c]
UbearA: bets $0.04
TIOIOIT: calls $0.04
*** SHOW DOWN ***
UbearA: shows [Kc Ah] (two pair, Queens and Sevens)
TIOIOIT: mucks hand 
UbearA collected $0.32 from pot
*** SUMMARY ***
Total pot $0.33 | Rake $0.01 
Board [Qh 2h 7d Qs 7c]
Seat 1: JenTosM (big blind) folded before Flop
Seat 2: UbearA showed [Kc Ah] and won ($0.32) with two pair, Queens and Sevens
Seat 3: Dorex2007 folded before Flop (didn't bet)
Seat 4: TIOIOIT mucked [Kd Th]
Seat 5: umka186 folded before Flop (didn't bet)
Seat 6: Arimateja folded before Flop (didn't bet)
Seat 7: Millers1234 folded before Flop (didn't bet)
Seat 8: Donenko345 (button) folded before Flop (didn't bet)
Seat 9: dezname (small blind) folded before Flop



PokerStars Hand #228209191616:  Hold'em No Limit ($0.01/$0.02 USD) - 2021/07/11 1:57:56 PT [2021/07/11 4:57:56 ET]
Table 'Altaj III' 9-max Seat #9 is the button
Seat 1: JenTosM ($2 in chips) 
Seat 2: UbearA ($1.13 in chips) 
Seat 3: Dorex2007 ($4.05 in chips) 
Seat 4: TIOIOIT ($0.64 in chips) 
Seat 5: umka186 ($2.17 in chips) 
Seat 7: Millers1234 ($2.06 in chips) 
Seat 8: Donenko345 ($1.11 in chips) 
Seat 9: dezname ($2 in chips) 
JenTosM: posts small blind $0.01
UbearA: posts big blind $0.02
*** HOLE CARDS ***
Dealt to Dorex2007 [Ah Tc]
Dorex2007: calls $0.02
TIOIOIT: calls $0.02
bezlikaya777 joins the table at seat #6 
umka186: folds 
Millers1234: folds 
Donenko345: folds 
dezname: folds 
JenTosM: calls $0.01
UbearA: checks 
*** FLOP *** [2c Qs 7s]
JenTosM: checks 
UbearA: checks 
Dorex2007: checks 
TIOIOIT: bets $0.02
JenTosM: folds 
UbearA: folds 
Dorex2007: calls $0.02
*** TURN *** [2c Qs 7s] [Jd]
Dorex2007: checks 
TIOIOIT: bets $0.06
Dorex2007: calls $0.06
*** RIVER *** [2c Qs 7s Jd] [Qc]
Dorex2007: bets $0.23
TIOIOIT: raises $0.31 to $0.54 and is all-in
Dorex2007: folds 
Uncalled bet ($0.31) returned to TIOIOIT
TIOIOIT collected $0.68 from pot
TIOIOIT: doesn't show hand 
*** SUMMARY ***
Total pot $0.70 | Rake $0.02 
Board [2c Qs 7s Jd Qc]
Seat 1: JenTosM (small blind) folded on the Flop
Seat 2: UbearA (big blind) folded on the Flop
Seat 3: Dorex2007 folded on the River
Seat 4: TIOIOIT collected ($0.68)
Seat 5: umka186 folded before Flop (didn't bet)
Seat 7: Millers1234 folded before Flop (didn't bet)
Seat 8: Donenko345 folded before Flop (didn't bet)
Seat 9: dezname (button) folded before Flop (didn't bet)



PokerStars Hand #228209211738:  Hold'em No Limit ($0.01/$0.02 USD) - 2021/07/11 1:59:11 PT [2021/07/11 4:59:11 ET]
Table 'Altaj III' 9-max Seat #1 is the button
Seat 1: JenTosM ($2 in chips) 
Seat 2: UbearA ($1.11 in chips) 
Seat 3: Dorex2007 ($3.72 in chips) 
Seat 4: TIOIOIT ($0.99 in chips) 
Seat 5: umka186 ($2.17 in chips) 
Seat 7: Millers1234 ($2.06 in chips) 
Seat 8: Donenko345 ($1.11 in chips) 
Seat 9: dezname ($2 in chips) 
UbearA: posts small blind $0.01
Dorex2007: posts big blind $0.02
bezlikaya777: sits out 
*** HOLE CARDS ***
Dealt to Dorex2007 [7c Kh]
TIOIOIT: folds 
umka186: folds 
Millers1234: folds 
Donenko345: folds 
dezname: folds 
JenTosM: folds 
UbearA: folds 
Uncalled bet ($0.01) returned to Dorex2007
Dorex2007 collected $0.02 from pot
Dorex2007: doesn't show hand 
*** SUMMARY ***
Total pot $0.02 | Rake $0 
Seat 1: JenTosM (button) folded before Flop (didn't bet)
Seat 2: UbearA (small blind) folded before Flop
Seat 3: Dorex2007 (big blind) collected ($0.02)
Seat 4: TIOIOIT folded before Flop (didn't bet)
Seat 5: umka186 folded before Flop (didn't bet)
Seat 7: Millers1234 folded before Flop (didn't bet)
Seat 8: Donenko345 folded before Flop (didn't bet)
Seat 9: dezname folded before Flop (didn't bet)



PokerStars Hand #228209214784:  Hold'em No Limit ($0.01/$0.02 USD) - 2021/07/11 1:59:30 PT [2021/07/11 4:59:30 ET]
Table 'Altaj III' 9-max Seat #2 is the button
Seat 1: JenTosM ($2 in chips) 
Seat 2: UbearA ($1.10 in chips) 
Seat 3: Dorex2007 ($3.73 in chips) 
Seat 4: TIOIOIT ($0.99 in chips) 
Seat 5: umka186 ($2.17 in chips) 
Seat 7: Millers1234 ($2.06 in chips) 
Seat 8: Donenko345 ($1.11 in chips) 
Seat 9: dezname ($2 in chips) 
Dorex2007: posts small blind $0.01
TIOIOIT: posts big blind $0.02
bezlikaya777: sits out 
*** HOLE CARDS ***
Dealt to Dorex2007 [Ac 6s]
umka186: folds 
Millers1234: folds 
Donenko345: folds 
dezname: folds 
JenTosM: folds 
UbearA: raises $0.04 to $0.06
Dorex2007: folds 
TIOIOIT: folds 
Uncalled bet ($0.04) returned to UbearA
UbearA collected $0.05 from pot
*** SUMMARY ***
Total pot $0.05 | Rake $0 
Seat 1: JenTosM folded before Flop (didn't bet)
Seat 2: UbearA (button) collected ($0.05)
Seat 3: Dorex2007 (small blind) folded before Flop
Seat 4: TIOIOIT (big blind) folded before Flop
Seat 5: umka186 folded before Flop (didn't bet)
Seat 7: Millers1234 folded before Flop (didn't bet)
Seat 8: Donenko345 folded before Flop (didn't bet)
Seat 9: dezname folded before Flop (didn't bet)



PokerStars Hand #228209222360:  Hold'em No Limit ($0.01/$0.02 USD) - 2021/07/11 2:00:16 PT [2021/07/11 5:00:16 ET]
Table 'Altaj III' 9-max Seat #3 is the button
Seat 1: JenTosM ($2 in chips) 
Seat 2: UbearA ($1.13 in chips) 
Seat 3: Dorex2007 ($3.72 in chips) 
Seat 4: TIOIOIT ($0.97 in chips) 
Seat 5: umka186 ($2.17 in chips) 
Seat 7: Millers1234 ($2.06 in chips) 
Seat 8: Donenko345 ($1.11 in chips) 
Seat 9: dezname ($2 in chips) 
TIOIOIT: posts small blind $0.01
umka186: posts big blind $0.02
bezlikaya777: sits out 
*** HOLE CARDS ***
Dealt to Dorex2007 [4h Kc]
Millers1234: folds 
Donenko345: folds 
dezname: folds 
JenTosM: folds 
UbearA: folds 
Dorex2007: folds 
TIOIOIT: calls $0.01
umka186: checks 
*** FLOP *** [Ad 6d 6s]
TIOIOIT: checks 
umka186: checks 
*** TURN *** [Ad 6d 6s] [Td]
TIOIOIT: checks 
umka186: checks 
*** RIVER *** [Ad 6d 6s Td] [9d]
TIOIOIT: checks 
umka186: checks 
*** SHOW DOWN ***
TIOIOIT: shows [3d 9s] (a flush, Ace high)
umka186: mucks hand 
TIOIOIT collected $0.04 from pot
*** SUMMARY ***
Total pot $0.04 | Rake $0 
Board [Ad 6d 6s Td 9d]
Seat 1: JenTosM folded before Flop (didn't bet)
Seat 2: UbearA folded before Flop (didn't bet)
Seat 3: Dorex2007 (button) folded before Flop (didn't bet)
Seat 4: TIOIOIT (small blind) showed [3d 9s] and won ($0.04) with a flush, Ace high
Seat 5: umka186 (big blind) mucked [2s Jh]
Seat 7: Millers1234 folded before Flop (didn't bet)
Seat 8: Donenko345 folded before Flop (didn't bet)
Seat 9: dezname folded before Flop (didn't bet)



PokerStars Hand #228209230463:  Hold'em No Limit ($0.01/$0.02 USD) - 2021/07/11 2:01:01 PT [2021/07/11 5:01:01 ET]
Table 'Altaj III' 9-max Seat #4 is the button
Seat 1: JenTosM ($2 in chips) 
Seat 2: UbearA ($1.13 in chips) 
Seat 3: Dorex2007 ($3.72 in chips) 
Seat 4: TIOIOIT ($0.99 in chips) 
Seat 5: umka186 ($2.15 in chips) 
Seat 6: bezlikaya777 ($1.02 in chips) 
Seat 7: Millers1234 ($2.06 in chips) 
Seat 8: Donenko345 ($1.11 in chips) 
Seat 9: dezname ($2 in chips) 
umka186: posts small blind $0.01
bezlikaya777: posts big blind $0.02
*** HOLE CARDS ***
Dealt to Dorex2007 [7h 5h]
Millers1234: folds 
Donenko345: folds 
dezname: folds 
JenTosM: folds 
UbearA: folds 
Dorex2007: calls $0.02
TIOIOIT: calls $0.02
umka186: folds 
bezlikaya777: raises $0.10 to $0.12
Dorex2007: folds 
TIOIOIT: folds 
Uncalled bet ($0.10) returned to bezlikaya777
bezlikaya777 collected $0.07 from pot
*** SUMMARY ***
Total pot $0.07 | Rake $0 
Seat 1: JenTosM folded before Flop (didn't bet)
Seat 2: UbearA folded before Flop (didn't bet)
Seat 3: Dorex2007 folded before Flop
Seat 4: TIOIOIT (button) folded before Flop
Seat 5: umka186 (small blind) folded before Flop
Seat 6: bezlikaya777 (big blind) collected ($0.07)
Seat 7: Millers1234 folded before Flop (didn't bet)
Seat 8: Donenko345 folded before Flop (didn't bet)
Seat 9: dezname folded before Flop (didn't bet)



PokerStars Hand #228209236847:  Hold'em No Limit ($0.01/$0.02 USD) - 2021/07/11 2:01:35 PT [2021/07/11 5:01:35 ET]
Table 'Altaj III' 9-max Seat #5 is the button
Seat 1: JenTosM ($2 in chips) 
Seat 2: UbearA ($1.13 in chips) 
Seat 3: Dorex2007 ($3.70 in chips) 
Seat 4: TIOIOIT ($0.97 in chips) 
Seat 5: umka186 ($2.14 in chips) 
Seat 6: bezlikaya777 ($1.07 in chips) 
Seat 7: Millers1234 ($2.06 in chips) 
Seat 8: Donenko345 ($1.11 in chips) 
Seat 9: dezname ($2 in chips) 
bezlikaya777: posts small blind $0.01
Millers1234: posts big blind $0.02
*** HOLE CARDS ***
Dealt to Dorex2007 [5h As]
Donenko345: folds 
dezname: raises $0.04 to $0.06
JenTosM: folds 
UbearA: folds 
Dorex2007: folds 
TIOIOIT: folds 
umka186: folds 
bezlikaya777: folds 
Millers1234: folds 
Uncalled bet ($0.04) returned to dezname
dezname collected $0.05 from pot
dezname: doesn't show hand 
*** SUMMARY ***
Total pot $0.05 | Rake $0 
Seat 1: JenTosM folded before Flop (didn't bet)
Seat 2: UbearA folded before Flop (didn't bet)
Seat 3: Dorex2007 folded before Flop (didn't bet)
Seat 4: TIOIOIT folded before Flop (didn't bet)
Seat 5: umka186 (button) folded before Flop (didn't bet)
Seat 6: bezlikaya777 (small blind) folded before Flop
Seat 7: Millers1234 (big blind) folded before Flop
Seat 8: Donenko345 folded before Flop (didn't bet)
Seat 9: dezname collected ($0.05)



PokerStars Hand #228209241717:  Hold'em No Limit ($0.01/$0.02 USD) - 2021/07/11 2:02:00 PT [2021/07/11 5:02:00 ET]
Table 'Altaj III' 9-max Seat #6 is the button
Seat 1: JenTosM ($2 in chips) 
Seat 2: UbearA ($1.13 in chips) 
Seat 3: Dorex2007 ($3.70 in chips) 
Seat 4: TIOIOIT ($0.97 in chips) 
Seat 5: umka186 ($2.14 in chips) 
Seat 6: bezlikaya777 ($1.06 in chips) 
Seat 7: Millers1234 ($2.04 in chips) 
Seat 8: Donenko345 ($1.11 in chips) 
Seat 9: dezname ($2.03 in chips) 
Millers1234: posts small blind $0.01
Donenko345: posts big blind $0.02
*** HOLE CARDS ***
Dealt to Dorex2007 [Td Kc]
dezname: folds 
JenTosM: folds 
UbearA: raises $0.04 to $0.06
Dorex2007: folds 
TIOIOIT: calls $0.06
umka186: folds 
bezlikaya777 has timed out
bezlikaya777: folds 
Millers1234: folds 
Donenko345: folds 
*** FLOP *** [7d 5c 8d]
UbearA: checks 
TIOIOIT: bets $0.05
UbearA: calls $0.05
*** TURN *** [7d 5c 8d] [2c]
UbearA: bets $0.02
TIOIOIT: calls $0.02
*** RIVER *** [7d 5c 8d 2c] [Ah]
UbearA: checks 
TIOIOIT: bets $0.10
UbearA: folds 
Uncalled bet ($0.10) returned to TIOIOIT
TIOIOIT collected $0.28 from pot
TIOIOIT: doesn't show hand 
*** SUMMARY ***
Total pot $0.29 | Rake $0.01 
Board [7d 5c 8d 2c Ah]
Seat 1: JenTosM folded before Flop (didn't bet)
Seat 2: UbearA folded on the River
Seat 3: Dorex2007 folded before Flop (didn't bet)
Seat 4: TIOIOIT collected ($0.28)
Seat 5: umka186 folded before Flop (didn't bet)
Seat 6: bezlikaya777 (button) folded before Flop (didn't bet)
Seat 7: Millers1234 (small blind) folded before Flop
Seat 8: Donenko345 (big blind) folded before Flop
Seat 9: dezname folded before Flop (didn't bet)



PokerStars Hand #228209255972:  Hold'em No Limit ($0.01/$0.02 USD) - 2021/07/11 2:03:13 PT [2021/07/11 5:03:13 ET]
Table 'Altaj III' 9-max Seat #7 is the button
Seat 1: JenTosM ($2 in chips) 
Seat 2: UbearA ($1 in chips) 
Seat 3: Dorex2007 ($3.70 in chips) 
Seat 4: TIOIOIT ($1.12 in chips) 
Seat 5: umka186 ($2.14 in chips) 
Seat 6: bezlikaya777 ($1.06 in chips) 
Seat 7: Millers1234 ($2.03 in chips) 
Seat 8: Donenko345 ($1.09 in chips) 
Seat 9: dezname ($2.03 in chips) 
Donenko345: posts small blind $0.01
dezname: posts big blind $0.02
*** HOLE CARDS ***
Dealt to Dorex2007 [5d 6s]
JenTosM: calls $0.02
UbearA: calls $0.02
Dorex2007: folds 
TIOIOIT: calls $0.02
umka186: folds 
bezlikaya777 is disconnected 
bezlikaya777 has timed out while being disconnected
bezlikaya777: folds 
Millers1234: folds 
Donenko345: folds 
dezname: checks 
*** FLOP *** [4c 4h 9c]
dezname: checks 
JenTosM: bets $0.09
UbearA: folds 
TIOIOIT: folds 
dezname: folds 
Uncalled bet ($0.09) returned to JenTosM
JenTosM collected $0.09 from pot
JenTosM: doesn't show hand 
*** SUMMARY ***
Total pot $0.09 | Rake $0 
Board [4c 4h 9c]
Seat 1: JenTosM collected ($0.09)
Seat 2: UbearA folded on the Flop
Seat 3: Dorex2007 folded before Flop (didn't bet)
Seat 4: TIOIOIT folded on the Flop
Seat 5: umka186 folded before Flop (didn't bet)
Seat 6: bezlikaya777 folded before Flop (didn't bet)
Seat 7: Millers1234 (button) folded before Flop (didn't bet)
Seat 8: Donenko345 (small blind) folded before Flop
Seat 9: dezname (big blind) folded on the Flop



PokerStars Hand #228209265593:  Hold'em No Limit ($0.01/$0.02 USD) - 2021/07/11 2:04:02 PT [2021/07/11 5:04:02 ET]
Table 'Altaj III' 9-max Seat #8 is the button
Seat 1: JenTosM ($2.07 in chips) 
Seat 2: UbearA ($0.98 in chips) 
Seat 3: Dorex2007 ($3.70 in chips) 
Seat 4: TIOIOIT ($1.10 in chips) 
Seat 5: umka186 ($2.14 in chips) 
Seat 6: bezlikaya777 ($1.06 in chips) 
Seat 7: Millers1234 ($2.03 in chips) 
Seat 8: Donenko345 ($1.08 in chips) 
Seat 9: dezname ($2.01 in chips) 
dezname: posts small blind $0.01
JenTosM: posts big blind $0.02
*** HOLE CARDS ***
Dealt to Dorex2007 [Kc Jh]
UbearA: folds 
UbearA leaves the table
Dorex2007: raises $0.02 to $0.04
TIOIOIT: folds 
umka186: folds 
bezlikaya777: folds 
Millers1234: folds 
Donenko345: folds 
dezname: folds 
JenTosM: folds 
Uncalled bet ($0.02) returned to Dorex2007
Dorex2007 collected $0.05 from pot
Dorex2007: doesn't show hand 
*** SUMMARY ***
Total pot $0.05 | Rake $0 
Seat 1: JenTosM (big blind) folded before Flop
Seat 2: UbearA folded before Flop (didn't bet)
Seat 3: Dorex2007 collected ($0.05)
Seat 4: TIOIOIT folded before Flop (didn't bet)
Seat 5: umka186 folded before Flop (didn't bet)
Seat 6: bezlikaya777 folded before Flop (didn't bet)
Seat 7: Millers1234 folded before Flop (didn't bet)
Seat 8: Donenko345 (button) folded before Flop (didn't bet)
Seat 9: dezname (small blind) folded before Flop



