PokerStars Hand #223670615897:  Hold'em No Limit ($0.01/$0.02 USD) - 2021/02/10 20:08:15 PT [2021/02/10 23:08:15 ET]
Table 'Boyce IV' 9-max Seat #1 is the button
Seat 1: okotokian1 ($2.66 in chips) 
Seat 2: CamilaFrias ($1.71 in chips) 
Seat 3: Dorex2007 ($1.50 in chips) 
Seat 4: joaonumero1 ($2 in chips) 
Seat 5: olivierflush ($3.97 in chips) 
Seat 6: leopoker1 ($2.06 in chips) 
Seat 7: Vicmate ($2.03 in chips) 
Seat 8: BCaudana22 ($0.70 in chips) 
CamilaFrias: posts small blind $0.01
Dorex2007: posts big blind $0.02
Balash420: sits out 
*** HOLE CARDS ***
Dealt to Dorex2007 [3h 3d]
joaonumero1: folds 
olivierflush: folds 
leopoker1: folds 
Vicmate: folds 
BCaudana22: folds 
okotokian1: folds 
CamilaFrias: folds 
Uncalled bet ($0.01) returned to Dorex2007
Dorex2007 collected $0.02 from pot
Dorex2007: doesn't show hand 
*** SUMMARY ***
Total pot $0.02 | Rake $0 
Seat 1: okotokian1 (button) folded before Flop (didn't bet)
Seat 2: CamilaFrias (small blind) folded before Flop
Seat 3: Dorex2007 (big blind) collected ($0.02)
Seat 4: joaonumero1 folded before Flop (didn't bet)
Seat 5: olivierflush folded before Flop (didn't bet)
Seat 6: leopoker1 folded before Flop (didn't bet)
Seat 7: Vicmate folded before Flop (didn't bet)
Seat 8: BCaudana22 folded before Flop (didn't bet)



PokerStars Hand #223670624873:  Hold'em No Limit ($0.01/$0.02 USD) - 2021/02/10 20:08:51 PT [2021/02/10 23:08:51 ET]
Table 'Boyce IV' 9-max Seat #2 is the button
Seat 1: okotokian1 ($2.66 in chips) 
Seat 2: CamilaFrias ($1.70 in chips) 
Seat 3: Dorex2007 ($1.51 in chips) 
Seat 4: joaonumero1 ($2 in chips) 
Seat 5: olivierflush ($3.97 in chips) 
Seat 6: leopoker1 ($2.06 in chips) 
Seat 7: Vicmate ($2.03 in chips) 
Seat 8: BCaudana22 ($0.70 in chips) 
Seat 9: Balash420 ($2.36 in chips) 
Dorex2007: posts small blind $0.01
joaonumero1: posts big blind $0.02
Balash420: posts small & big blinds $0.03
*** HOLE CARDS ***
Dealt to Dorex2007 [Ks 9c]
olivierflush: raises $0.08 to $0.10
leopoker1: folds 
Vicmate: folds 
BCaudana22: raises $0.26 to $0.36
Balash420: folds 
okotokian1: folds 
CamilaFrias: folds 
Dorex2007: folds 
joaonumero1: folds 
olivierflush: calls $0.26
*** FLOP *** [3d Kc As]
olivierflush: checks 
BCaudana22: bets $0.34 and is all-in
olivierflush: calls $0.34
*** TURN *** [3d Kc As] [3c]
*** RIVER *** [3d Kc As 3c] [2d]
*** SHOW DOWN ***
olivierflush: shows [Qc Js] (a pair of Threes)
BCaudana22: shows [Th Ts] (two pair, Tens and Threes)
BCaudana22 collected $1.41 from pot
*** SUMMARY ***
Total pot $1.46 | Rake $0.05 
Board [3d Kc As 3c 2d]
Seat 1: okotokian1 folded before Flop (didn't bet)
Seat 2: CamilaFrias (button) folded before Flop (didn't bet)
Seat 3: Dorex2007 (small blind) folded before Flop
Seat 4: joaonumero1 (big blind) folded before Flop
Seat 5: olivierflush showed [Qc Js] and lost with a pair of Threes
Seat 6: leopoker1 folded before Flop (didn't bet)
Seat 7: Vicmate folded before Flop (didn't bet)
Seat 8: BCaudana22 showed [Th Ts] and won ($1.41) with two pair, Tens and Threes
Seat 9: Balash420 folded before Flop (didn't bet)



PokerStars Hand #223670637057:  Hold'em No Limit ($0.01/$0.02 USD) - 2021/02/10 20:09:40 PT [2021/02/10 23:09:40 ET]
Table 'Boyce IV' 9-max Seat #3 is the button
Seat 1: okotokian1 ($2.66 in chips) 
Seat 2: CamilaFrias ($1.70 in chips) 
Seat 3: Dorex2007 ($1.50 in chips) 
Seat 4: joaonumero1 ($2 in chips) 
Seat 5: olivierflush ($3.27 in chips) 
Seat 6: leopoker1 ($2.06 in chips) 
Seat 7: Vicmate ($2.03 in chips) 
Seat 8: BCaudana22 ($1.41 in chips) 
Seat 9: Balash420 ($2.33 in chips) 
joaonumero1: posts small blind $0.01
olivierflush: posts big blind $0.02
*** HOLE CARDS ***
Dealt to Dorex2007 [Qs Kd]
leopoker1: folds 
Vicmate: folds 
BCaudana22: folds 
Balash420: folds 
okotokian1: folds 
CamilaFrias: folds 
Dorex2007: raises $0.04 to $0.06
joaonumero1: folds 
olivierflush: calls $0.04
*** FLOP *** [3s 9h 6c]
olivierflush: checks 
Dorex2007: checks 
*** TURN *** [3s 9h 6c] [4s]
olivierflush: bets $0.13
Dorex2007: folds 
Uncalled bet ($0.13) returned to olivierflush
olivierflush collected $0.13 from pot
olivierflush: doesn't show hand 
*** SUMMARY ***
Total pot $0.13 | Rake $0 
Board [3s 9h 6c 4s]
Seat 1: okotokian1 folded before Flop (didn't bet)
Seat 2: CamilaFrias folded before Flop (didn't bet)
Seat 3: Dorex2007 (button) folded on the Turn
Seat 4: joaonumero1 (small blind) folded before Flop
Seat 5: olivierflush (big blind) collected ($0.13)
Seat 6: leopoker1 folded before Flop (didn't bet)
Seat 7: Vicmate folded before Flop (didn't bet)
Seat 8: BCaudana22 folded before Flop (didn't bet)
Seat 9: Balash420 folded before Flop (didn't bet)



PokerStars Hand #223670659121:  Hold'em No Limit ($0.01/$0.02 USD) - 2021/02/10 20:10:36 PT [2021/02/10 23:10:36 ET]
Table 'Boyce IV' 9-max Seat #4 is the button
Seat 1: okotokian1 ($2.66 in chips) 
Seat 2: CamilaFrias ($1.70 in chips) 
Seat 3: Dorex2007 ($1.44 in chips) 
Seat 4: joaonumero1 ($2 in chips) 
Seat 5: olivierflush ($3.34 in chips) 
Seat 6: leopoker1 ($2.06 in chips) 
Seat 7: Vicmate ($2.03 in chips) 
Seat 8: BCaudana22 ($1.41 in chips) 
Seat 9: Balash420 ($2.33 in chips) 
olivierflush: posts small blind $0.01
leopoker1: posts big blind $0.02
*** HOLE CARDS ***
Dealt to Dorex2007 [Jd Ac]
Vicmate: folds 
BCaudana22: folds 
Balash420: folds 
okotokian1: calls $0.02
CamilaFrias: raises $0.08 to $0.10
Dorex2007: calls $0.10
joaonumero1: folds 
olivierflush: folds 
leopoker1: folds 
okotokian1: folds 
*** FLOP *** [9s 5d Kc]
CamilaFrias: checks 
Dorex2007: bets $0.12
CamilaFrias: calls $0.12
*** TURN *** [9s 5d Kc] [4c]
CamilaFrias: checks 
Dorex2007: checks 
*** RIVER *** [9s 5d Kc 4c] [2d]
CamilaFrias: bets $0.30
Dorex2007: folds 
Uncalled bet ($0.30) returned to CamilaFrias
CamilaFrias collected $0.47 from pot
CamilaFrias: doesn't show hand 
*** SUMMARY ***
Total pot $0.49 | Rake $0.02 
Board [9s 5d Kc 4c 2d]
Seat 1: okotokian1 folded before Flop
Seat 2: CamilaFrias collected ($0.47)
Seat 3: Dorex2007 folded on the River
Seat 4: joaonumero1 (button) folded before Flop (didn't bet)
Seat 5: olivierflush (small blind) folded before Flop
Seat 6: leopoker1 (big blind) folded before Flop
Seat 7: Vicmate folded before Flop (didn't bet)
Seat 8: BCaudana22 folded before Flop (didn't bet)
Seat 9: Balash420 folded before Flop (didn't bet)



PokerStars Hand #223670679782:  Hold'em No Limit ($0.01/$0.02 USD) - 2021/02/10 20:11:59 PT [2021/02/10 23:11:59 ET]
Table 'Boyce IV' 9-max Seat #5 is the button
Seat 1: okotokian1 ($2.64 in chips) 
Seat 2: CamilaFrias ($1.95 in chips) 
Seat 3: Dorex2007 ($1.22 in chips) 
Seat 4: joaonumero1 ($2 in chips) 
Seat 5: olivierflush ($3.33 in chips) 
Seat 6: leopoker1 ($2.04 in chips) 
Seat 8: BCaudana22 ($1.41 in chips) 
Seat 9: Balash420 ($2.33 in chips) 
leopoker1: posts small blind $0.01
Vicmate: is sitting out 
BCaudana22: posts big blind $0.02
*** HOLE CARDS ***
Dealt to Dorex2007 [Td Js]
Balash420: folds 
okotokian1: raises $0.06 to $0.08
CamilaFrias: calls $0.08
Dorex2007: folds 
joaonumero1: calls $0.08
olivierflush: folds 
leopoker1: folds 
BCaudana22: calls $0.06
*** FLOP *** [8h 2c Ts]
BCaudana22: bets $0.16
okotokian1: raises $0.32 to $0.48
CamilaFrias: calls $0.48
joaonumero1: folds 
BCaudana22: folds 
*** TURN *** [8h 2c Ts] [As]
okotokian1: checks 
CamilaFrias: bets $1.39 and is all-in
okotokian1: calls $1.39
*** RIVER *** [8h 2c Ts As] [Jc]
*** SHOW DOWN ***
okotokian1: shows [Ac Ad] (three of a kind, Aces)
CamilaFrias: shows [Jh Jd] (three of a kind, Jacks)
okotokian1 collected $4.08 from pot
*** SUMMARY ***
Total pot $4.23 | Rake $0.15 
Board [8h 2c Ts As Jc]
Seat 1: okotokian1 showed [Ac Ad] and won ($4.08) with three of a kind, Aces
Seat 2: CamilaFrias showed [Jh Jd] and lost with three of a kind, Jacks
Seat 3: Dorex2007 folded before Flop (didn't bet)
Seat 4: joaonumero1 folded on the Flop
Seat 5: olivierflush (button) folded before Flop (didn't bet)
Seat 6: leopoker1 (small blind) folded before Flop
Seat 8: BCaudana22 (big blind) folded on the Flop
Seat 9: Balash420 folded before Flop (didn't bet)



PokerStars Hand #223670705615:  Hold'em No Limit ($0.01/$0.02 USD) - 2021/02/10 20:13:16 PT [2021/02/10 23:13:16 ET]
Table 'Boyce IV' 9-max Seat #6 is the button
Seat 1: okotokian1 ($4.77 in chips) 
Seat 3: Dorex2007 ($1.22 in chips) 
Seat 4: joaonumero1 ($2 in chips) 
Seat 5: olivierflush ($3.33 in chips) 
Seat 6: leopoker1 ($2.03 in chips) 
Seat 8: BCaudana22 ($1.17 in chips) 
Seat 9: Balash420 ($2.33 in chips) 
BCaudana22: posts small blind $0.01
Balash420: posts big blind $0.02
*** HOLE CARDS ***
Dealt to Dorex2007 [7h 5h]
okotokian1: folds 
Dorex2007: folds 
joaonumero1: folds 
olivierflush: folds 
leopoker1: folds 
BCaudana22: raises $0.04 to $0.06
Balash420: folds 
Uncalled bet ($0.04) returned to BCaudana22
BCaudana22 collected $0.04 from pot
BCaudana22: doesn't show hand 
*** SUMMARY ***
Total pot $0.04 | Rake $0 
Seat 1: okotokian1 folded before Flop (didn't bet)
Seat 3: Dorex2007 folded before Flop (didn't bet)
Seat 4: joaonumero1 folded before Flop (didn't bet)
Seat 5: olivierflush folded before Flop (didn't bet)
Seat 6: leopoker1 (button) folded before Flop (didn't bet)
Seat 8: BCaudana22 (small blind) collected ($0.04)
Seat 9: Balash420 (big blind) folded before Flop



PokerStars Hand #223670711393:  Hold'em No Limit ($0.01/$0.02 USD) - 2021/02/10 20:13:39 PT [2021/02/10 23:13:39 ET]
Table 'Boyce IV' 9-max Seat #8 is the button
Seat 1: okotokian1 ($4.77 in chips) 
Seat 2: CamilaFrias ($2 in chips) 
Seat 3: Dorex2007 ($1.22 in chips) 
Seat 4: joaonumero1 ($2 in chips) 
Seat 5: olivierflush ($3.33 in chips) 
Seat 6: leopoker1 ($2.03 in chips) 
Seat 8: BCaudana22 ($1.19 in chips) 
Seat 9: Balash420 ($2.31 in chips) 
Balash420: posts small blind $0.01
okotokian1: posts big blind $0.02
*** HOLE CARDS ***
Dealt to Dorex2007 [8h Th]
CamilaFrias: folds 
Dorex2007: folds 
joaonumero1: raises $0.03 to $0.05
olivierflush: folds 
leopoker1: folds 
BCaudana22: folds 
Balash420: calls $0.04
okotokian1: folds 
*** FLOP *** [7s Ac Jd]
Vicmate leaves the table
Balash420: checks 
ambaccadop joins the table at seat #7 
joaonumero1: bets $0.05
Balash420: calls $0.05
*** TURN *** [7s Ac Jd] [4s]
Balash420: checks 
joaonumero1: bets $0.08
Balash420: calls $0.08
*** RIVER *** [7s Ac Jd 4s] [Jc]
Balash420: bets $0.20
joaonumero1: folds 
Uncalled bet ($0.20) returned to Balash420
Balash420 collected $0.37 from pot
*** SUMMARY ***
Total pot $0.38 | Rake $0.01 
Board [7s Ac Jd 4s Jc]
Seat 1: okotokian1 (big blind) folded before Flop
Seat 2: CamilaFrias folded before Flop (didn't bet)
Seat 3: Dorex2007 folded before Flop (didn't bet)
Seat 4: joaonumero1 folded on the River
Seat 5: olivierflush folded before Flop (didn't bet)
Seat 6: leopoker1 folded before Flop (didn't bet)
Seat 8: BCaudana22 (button) folded before Flop (didn't bet)
Seat 9: Balash420 (small blind) collected ($0.37)



PokerStars Hand #223670731134:  Hold'em No Limit ($0.01/$0.02 USD) - 2021/02/10 20:14:59 PT [2021/02/10 23:14:59 ET]
Table 'Boyce IV' 9-max Seat #9 is the button
Seat 1: okotokian1 ($4.75 in chips) 
Seat 2: CamilaFrias ($2 in chips) 
Seat 3: Dorex2007 ($1.22 in chips) 
Seat 4: joaonumero1 ($2 in chips) 
Seat 5: olivierflush ($3.33 in chips) 
Seat 6: leopoker1 ($2.03 in chips) 
Seat 8: BCaudana22 ($1.19 in chips) 
Seat 9: Balash420 ($2.50 in chips) 
okotokian1: posts small blind $0.01
CamilaFrias: posts big blind $0.02
ambaccadop: sits out 
*** HOLE CARDS ***
Dealt to Dorex2007 [2c 8h]
Dorex2007: folds 
joaonumero1: folds 
olivierflush: folds 
leopoker1: folds 
BCaudana22: folds 
Balash420: folds 
okotokian1: folds 
Uncalled bet ($0.01) returned to CamilaFrias
CamilaFrias collected $0.02 from pot
CamilaFrias: doesn't show hand 
*** SUMMARY ***
Total pot $0.02 | Rake $0 
Seat 1: okotokian1 (small blind) folded before Flop
Seat 2: CamilaFrias (big blind) collected ($0.02)
Seat 3: Dorex2007 folded before Flop (didn't bet)
Seat 4: joaonumero1 folded before Flop (didn't bet)
Seat 5: olivierflush folded before Flop (didn't bet)
Seat 6: leopoker1 folded before Flop (didn't bet)
Seat 8: BCaudana22 folded before Flop (didn't bet)
Seat 9: Balash420 (button) folded before Flop (didn't bet)



PokerStars Hand #223670735774:  Hold'em No Limit ($0.01/$0.02 USD) - 2021/02/10 20:15:18 PT [2021/02/10 23:15:18 ET]
Table 'Boyce IV' 9-max Seat #1 is the button
Seat 1: okotokian1 ($4.74 in chips) 
Seat 2: CamilaFrias ($2.01 in chips) 
Seat 3: Dorex2007 ($1.22 in chips) 
Seat 4: joaonumero1 ($2 in chips) 
Seat 5: olivierflush ($3.33 in chips) 
Seat 6: leopoker1 ($2.03 in chips) 
Seat 7: ambaccadop ($2 in chips) 
Seat 8: BCaudana22 ($1.19 in chips) 
Seat 9: Balash420 ($2.50 in chips) 
CamilaFrias: posts small blind $0.01
Dorex2007: posts big blind $0.02
ambaccadop: posts big blind $0.02
*** HOLE CARDS ***
Dealt to Dorex2007 [4c 4s]
joaonumero1: folds 
olivierflush: calls $0.02
leopoker1: folds 
ambaccadop: checks 
BCaudana22: folds 
Balash420 has timed out
Balash420: folds 
okotokian1: folds 
CamilaFrias: calls $0.01
Dorex2007: checks 
*** FLOP *** [7h Jd Tc]
CamilaFrias: bets $0.08
Dorex2007: folds 
olivierflush: folds 
ambaccadop: calls $0.08
*** TURN *** [7h Jd Tc] [Th]
CamilaFrias: bets $0.23
ambaccadop: folds 
Uncalled bet ($0.23) returned to CamilaFrias
CamilaFrias collected $0.23 from pot
CamilaFrias: doesn't show hand 
*** SUMMARY ***
Total pot $0.24 | Rake $0.01 
Board [7h Jd Tc Th]
Seat 1: okotokian1 (button) folded before Flop (didn't bet)
Seat 2: CamilaFrias (small blind) collected ($0.23)
Seat 3: Dorex2007 (big blind) folded on the Flop
Seat 4: joaonumero1 folded before Flop (didn't bet)
Seat 5: olivierflush folded on the Flop
Seat 6: leopoker1 folded before Flop (didn't bet)
Seat 7: ambaccadop folded on the Turn
Seat 8: BCaudana22 folded before Flop (didn't bet)
Seat 9: Balash420 folded before Flop (didn't bet)



PokerStars Hand #223670750145:  Hold'em No Limit ($0.01/$0.02 USD) - 2021/02/10 20:16:16 PT [2021/02/10 23:16:16 ET]
Table 'Boyce IV' 9-max Seat #2 is the button
Seat 1: okotokian1 ($4.74 in chips) 
Seat 2: CamilaFrias ($2.14 in chips) 
Seat 3: Dorex2007 ($1.20 in chips) 
Seat 4: joaonumero1 ($2 in chips) 
Seat 5: olivierflush ($3.31 in chips) 
Seat 6: leopoker1 ($2.03 in chips) 
Seat 7: ambaccadop ($2 in chips) 
Seat 8: BCaudana22 ($1.19 in chips) 
Dorex2007: posts small blind $0.01
joaonumero1: posts big blind $0.02
*** HOLE CARDS ***
Dealt to Dorex2007 [8h Td]
olivierflush has timed out
olivierflush: folds 
leopoker1: folds 
ambaccadop: folds 
BCaudana22: folds 
okotokian1: folds 
CamilaFrias: folds 
Dorex2007: calls $0.01
CamilaFrias leaves the table
joaonumero1: checks 
*** FLOP *** [6s 6h 7c]
Dorex2007: checks 
joaonumero1: checks 
*** TURN *** [6s 6h 7c] [4h]
carlos RGI joins the table at seat #2 
Dorex2007: checks 
joaonumero1: checks 
*** RIVER *** [6s 6h 7c 4h] [8d]
Dorex2007: checks 
joaonumero1: checks 
*** SHOW DOWN ***
Dorex2007: shows [8h Td] (two pair, Eights and Sixes)
joaonumero1: mucks hand 
Dorex2007 collected $0.04 from pot
*** SUMMARY ***
Total pot $0.04 | Rake $0 
Board [6s 6h 7c 4h 8d]
Seat 1: okotokian1 folded before Flop (didn't bet)
Seat 2: CamilaFrias (button) folded before Flop (didn't bet)
Seat 3: Dorex2007 (small blind) showed [8h Td] and won ($0.04) with two pair, Eights and Sixes
Seat 4: joaonumero1 (big blind) mucked [Qc Th]
Seat 5: olivierflush folded before Flop (didn't bet)
Seat 6: leopoker1 folded before Flop (didn't bet)
Seat 7: ambaccadop folded before Flop (didn't bet)
Seat 8: BCaudana22 folded before Flop (didn't bet)



PokerStars Hand #223670770641:  Hold'em No Limit ($0.01/$0.02 USD) - 2021/02/10 20:17:40 PT [2021/02/10 23:17:40 ET]
Table 'Boyce IV' 9-max Seat #3 is the button
Seat 1: okotokian1 ($4.74 in chips) 
Seat 3: Dorex2007 ($1.22 in chips) 
Seat 4: joaonumero1 ($2 in chips) 
Seat 5: olivierflush ($3.31 in chips) 
Seat 6: leopoker1 ($2.03 in chips) 
Seat 7: ambaccadop ($2 in chips) 
Seat 8: BCaudana22 ($1.19 in chips) 
Seat 9: Balash420 ($2.50 in chips) 
joaonumero1: posts small blind $0.01
olivierflush: posts big blind $0.02
carlos RGI: sits out 
*** HOLE CARDS ***
Dealt to Dorex2007 [Kh 9h]
leopoker1: folds 
ambaccadop: folds 
BCaudana22: raises $0.04 to $0.06
Balash420: folds 
okotokian1: folds 
Dorex2007: calls $0.06
joaonumero1: raises $0.12 to $0.18
olivierflush: folds 
BCaudana22: calls $0.12
Dorex2007: folds 
*** FLOP *** [5d 2d 6s]
joaonumero1: bets $0.17
BCaudana22: calls $0.17
*** TURN *** [5d 2d 6s] [3c]
joaonumero1: bets $1.13
BCaudana22: folds [7h 5h]
Uncalled bet ($1.13) returned to joaonumero1
joaonumero1 collected $0.75 from pot
*** SUMMARY ***
Total pot $0.78 | Rake $0.03 
Board [5d 2d 6s 3c]
Seat 1: okotokian1 folded before Flop (didn't bet)
Seat 3: Dorex2007 (button) folded before Flop
Seat 4: joaonumero1 (small blind) collected ($0.75)
Seat 5: olivierflush (big blind) folded before Flop
Seat 6: leopoker1 folded before Flop (didn't bet)
Seat 7: ambaccadop folded before Flop (didn't bet)
Seat 8: BCaudana22 folded on the Turn
Seat 9: Balash420 folded before Flop (didn't bet)



PokerStars Hand #223670787307:  Hold'em No Limit ($0.01/$0.02 USD) - 2021/02/10 20:18:49 PT [2021/02/10 23:18:49 ET]
Table 'Boyce IV' 9-max Seat #4 is the button
Seat 1: okotokian1 ($4.74 in chips) 
Seat 3: Dorex2007 ($1.16 in chips) 
Seat 4: joaonumero1 ($2.40 in chips) 
Seat 5: olivierflush ($3.29 in chips) 
Seat 6: leopoker1 ($2.03 in chips) 
Seat 7: ambaccadop ($2 in chips) 
Seat 8: BCaudana22 ($0.84 in chips) 
Seat 9: Balash420 ($2.50 in chips) 
olivierflush: posts small blind $0.01
leopoker1: posts big blind $0.02
carlos RGI: sits out 
*** HOLE CARDS ***
Dealt to Dorex2007 [8d 2c]
ambaccadop: raises $0.05 to $0.07
BCaudana22: raises $0.17 to $0.24
Balash420: folds 
okotokian1: folds 
Dorex2007: folds 
joaonumero1: folds 
olivierflush: folds 
leopoker1: folds 
ambaccadop: raises $0.17 to $0.41
BCaudana22: calls $0.17
*** FLOP *** [5c Qh As]
ambaccadop: bets $0.42
BCaudana22: folds 
Uncalled bet ($0.42) returned to ambaccadop
ambaccadop collected $0.82 from pot
ambaccadop: doesn't show hand 
*** SUMMARY ***
Total pot $0.85 | Rake $0.03 
Board [5c Qh As]
Seat 1: okotokian1 folded before Flop (didn't bet)
Seat 3: Dorex2007 folded before Flop (didn't bet)
Seat 4: joaonumero1 (button) folded before Flop (didn't bet)
Seat 5: olivierflush (small blind) folded before Flop
Seat 6: leopoker1 (big blind) folded before Flop
Seat 7: ambaccadop collected ($0.82)
Seat 8: BCaudana22 folded on the Flop
Seat 9: Balash420 folded before Flop (didn't bet)



PokerStars Hand #223670799411:  Hold'em No Limit ($0.01/$0.02 USD) - 2021/02/10 20:19:40 PT [2021/02/10 23:19:40 ET]
Table 'Boyce IV' 9-max Seat #5 is the button
Seat 1: okotokian1 ($4.74 in chips) 
Seat 3: Dorex2007 ($1.16 in chips) 
Seat 4: joaonumero1 ($2.40 in chips) 
Seat 5: olivierflush ($3.28 in chips) 
Seat 6: leopoker1 ($2.01 in chips) 
Seat 7: ambaccadop ($2.41 in chips) 
Seat 8: BCaudana22 ($0.43 in chips) 
Seat 9: Balash420 ($2.50 in chips) 
leopoker1: posts small blind $0.01
ambaccadop: posts big blind $0.02
carlos RGI: sits out 
*** HOLE CARDS ***
Dealt to Dorex2007 [Qs 8s]
BCaudana22: folds 
Balash420: folds 
okotokian1: folds 
Dorex2007: folds 
joaonumero1: folds 
olivierflush: folds 
leopoker1: raises $0.03 to $0.05
ambaccadop: folds 
Uncalled bet ($0.03) returned to leopoker1
leopoker1 collected $0.04 from pot
leopoker1: doesn't show hand 
*** SUMMARY ***
Total pot $0.04 | Rake $0 
Seat 1: okotokian1 folded before Flop (didn't bet)
Seat 3: Dorex2007 folded before Flop (didn't bet)
Seat 4: joaonumero1 folded before Flop (didn't bet)
Seat 5: olivierflush (button) folded before Flop (didn't bet)
Seat 6: leopoker1 (small blind) collected ($0.04)
Seat 7: ambaccadop (big blind) folded before Flop
Seat 8: BCaudana22 folded before Flop (didn't bet)
Seat 9: Balash420 folded before Flop (didn't bet)



PokerStars Hand #223670805048:  Hold'em No Limit ($0.01/$0.02 USD) - 2021/02/10 20:20:03 PT [2021/02/10 23:20:03 ET]
Table 'Boyce IV' 9-max Seat #6 is the button
Seat 1: okotokian1 ($4.74 in chips) 
Seat 3: Dorex2007 ($1.16 in chips) 
Seat 4: joaonumero1 ($2.40 in chips) 
Seat 5: olivierflush ($3.28 in chips) 
Seat 6: leopoker1 ($2.03 in chips) 
Seat 7: ambaccadop ($2.39 in chips) 
Seat 8: BCaudana22 ($0.43 in chips) 
Seat 9: Balash420 ($2.50 in chips) 
ambaccadop: posts small blind $0.01
BCaudana22: posts big blind $0.02
carlos RGI: sits out 
*** HOLE CARDS ***
Dealt to Dorex2007 [Th Jh]
Balash420 has timed out
Balash420: folds 
okotokian1: folds 
Dorex2007: raises $0.02 to $0.04
joaonumero1: raises $0.10 to $0.14
olivierflush: folds 
leopoker1: folds 
ambaccadop: folds 
BCaudana22: folds 
Dorex2007: calls $0.10
*** FLOP *** [8s Qd 2d]
Dorex2007: checks 
joaonumero1: bets $0.12
Dorex2007: calls $0.12
*** TURN *** [8s Qd 2d] [8c]
Dorex2007: bets $0.53
joaonumero1: raises $0.53 to $1.06
Dorex2007: folds 
Uncalled bet ($0.53) returned to joaonumero1
joaonumero1 collected $1.55 from pot
*** SUMMARY ***
Total pot $1.61 | Rake $0.06 
Board [8s Qd 2d 8c]
Seat 1: okotokian1 folded before Flop (didn't bet)
Seat 3: Dorex2007 folded on the Turn
Seat 4: joaonumero1 collected ($1.55)
Seat 5: olivierflush folded before Flop (didn't bet)
Seat 6: leopoker1 (button) folded before Flop (didn't bet)
Seat 7: ambaccadop (small blind) folded before Flop
Seat 8: BCaudana22 (big blind) folded before Flop
Seat 9: Balash420 folded before Flop (didn't bet)



PokerStars Hand #223670820686:  Hold'em No Limit ($0.01/$0.02 USD) - 2021/02/10 20:21:08 PT [2021/02/10 23:21:08 ET]
Table 'Boyce IV' 9-max Seat #7 is the button
Seat 1: okotokian1 ($4.74 in chips) 
Seat 3: Dorex2007 ($0.37 in chips) 
Seat 4: joaonumero1 ($3.16 in chips) 
Seat 5: olivierflush ($3.28 in chips) 
Seat 6: leopoker1 ($2.03 in chips) 
Seat 7: ambaccadop ($2.38 in chips) 
Seat 8: BCaudana22 ($0.41 in chips) 
BCaudana22: posts small blind $0.01
okotokian1: posts big blind $0.02
carlos RGI: sits out 
*** HOLE CARDS ***
Dealt to Dorex2007 [Qs 8h]
Dorex2007: folds 
joaonumero1: calls $0.02
olivierflush: folds 
leopoker1: folds 
ambaccadop: folds 
BCaudana22: calls $0.01
okotokian1: checks 
*** FLOP *** [Td 9h 9d]
BCaudana22: checks 
okotokian1: checks 
joaonumero1: checks 
*** TURN *** [Td 9h 9d] [Ts]
BCaudana22: bets $0.03
okotokian1: folds 
joaonumero1: folds 
Uncalled bet ($0.03) returned to BCaudana22
BCaudana22 collected $0.06 from pot
BCaudana22: doesn't show hand 
*** SUMMARY ***
Total pot $0.06 | Rake $0 
Board [Td 9h 9d Ts]
Seat 1: okotokian1 (big blind) folded on the Turn
Seat 3: Dorex2007 folded before Flop (didn't bet)
Seat 4: joaonumero1 folded on the Turn
Seat 5: olivierflush folded before Flop (didn't bet)
Seat 6: leopoker1 folded before Flop (didn't bet)
Seat 7: ambaccadop (button) folded before Flop (didn't bet)
Seat 8: BCaudana22 (small blind) collected ($0.06)



PokerStars Hand #223670829349:  Hold'em No Limit ($0.01/$0.02 USD) - 2021/02/10 20:21:45 PT [2021/02/10 23:21:45 ET]
Table 'Boyce IV' 9-max Seat #8 is the button
Seat 1: okotokian1 ($4.72 in chips) 
Seat 2: carlos RGI ($2 in chips) 
Seat 3: Dorex2007 ($1.66 in chips) 
Seat 4: joaonumero1 ($3.14 in chips) 
Seat 5: olivierflush ($3.28 in chips) 
Seat 6: leopoker1 ($2.03 in chips) 
Seat 7: ambaccadop ($2.38 in chips) 
Seat 8: BCaudana22 ($0.45 in chips) 
okotokian1: posts small blind $0.01
carlos RGI: posts big blind $0.02
*** HOLE CARDS ***
Dealt to Dorex2007 [9c Ac]
Dorex2007: calls $0.02
joaonumero1: folds 
olivierflush: folds 
leopoker1: folds 
ambaccadop: folds 
BCaudana22: folds 
okotokian1: folds 
carlos RGI: checks 
*** FLOP *** [Qd 2d 7c]
carlos RGI: checks 
Dorex2007: checks 
*** TURN *** [Qd 2d 7c] [As]
carlos RGI: checks 
Dorex2007: bets $0.05
carlos RGI: folds 
Uncalled bet ($0.05) returned to Dorex2007
Dorex2007 collected $0.05 from pot
Dorex2007: doesn't show hand 
*** SUMMARY ***
Total pot $0.05 | Rake $0 
Board [Qd 2d 7c As]
Seat 1: okotokian1 (small blind) folded before Flop
Seat 2: carlos RGI (big blind) folded on the Turn
Seat 3: Dorex2007 collected ($0.05)
Seat 4: joaonumero1 folded before Flop (didn't bet)
Seat 5: olivierflush folded before Flop (didn't bet)
Seat 6: leopoker1 folded before Flop (didn't bet)
Seat 7: ambaccadop folded before Flop (didn't bet)
Seat 8: BCaudana22 (button) folded before Flop (didn't bet)



PokerStars Hand #223670841509:  Hold'em No Limit ($0.01/$0.02 USD) - 2021/02/10 20:22:35 PT [2021/02/10 23:22:35 ET]
Table 'Boyce IV' 9-max Seat #1 is the button
Seat 1: okotokian1 ($4.71 in chips) 
Seat 2: carlos RGI ($1.98 in chips) 
Seat 3: Dorex2007 ($1.69 in chips) 
Seat 4: joaonumero1 ($3.14 in chips) 
Seat 5: olivierflush ($3.28 in chips) 
Seat 6: leopoker1 ($2.03 in chips) 
Seat 7: ambaccadop ($2.38 in chips) 
Seat 8: BCaudana22 ($0.45 in chips) 
Seat 9: Balash420 ($2.50 in chips) 
carlos RGI: posts small blind $0.01
Dorex2007: posts big blind $0.02
Balash420: posts small & big blinds $0.03
*** HOLE CARDS ***
Dealt to Dorex2007 [Jd Jh]
joaonumero1: calls $0.02
olivierflush: calls $0.02
leopoker1: folds 
ambaccadop: folds 
BCaudana22: raises $0.12 to $0.14
Balash420: calls $0.12
okotokian1: folds 
carlos RGI: folds 
Dorex2007: calls $0.12
joaonumero1: folds 
olivierflush: folds 
*** FLOP *** [2h Qd Ad]
Dorex2007: checks 
BCaudana22: bets $0.31 and is all-in
Balash420: folds 
Dorex2007: folds 
Uncalled bet ($0.31) returned to BCaudana22
BCaudana22 collected $0.46 from pot
BCaudana22: doesn't show hand 
*** SUMMARY ***
Total pot $0.48 | Rake $0.02 
Board [2h Qd Ad]
Seat 1: okotokian1 (button) folded before Flop (didn't bet)
Seat 2: carlos RGI (small blind) folded before Flop
Seat 3: Dorex2007 (big blind) folded on the Flop
Seat 4: joaonumero1 folded before Flop
Seat 5: olivierflush folded before Flop
Seat 6: leopoker1 folded before Flop (didn't bet)
Seat 7: ambaccadop folded before Flop (didn't bet)
Seat 8: BCaudana22 collected ($0.46)
Seat 9: Balash420 folded on the Flop



PokerStars Hand #223670859771:  Hold'em No Limit ($0.01/$0.02 USD) - 2021/02/10 20:23:52 PT [2021/02/10 23:23:52 ET]
Table 'Boyce IV' 9-max Seat #2 is the button
Seat 1: okotokian1 ($4.71 in chips) 
Seat 2: carlos RGI ($1.97 in chips) 
Seat 3: Dorex2007 ($1.55 in chips) 
Seat 4: joaonumero1 ($3.12 in chips) 
Seat 5: olivierflush ($3.26 in chips) 
Seat 6: leopoker1 ($2.03 in chips) 
Seat 7: ambaccadop ($2.38 in chips) 
Seat 8: BCaudana22 ($0.77 in chips) 
Seat 9: Balash420 ($2.35 in chips) 
Dorex2007: posts small blind $0.01
joaonumero1: posts big blind $0.02
*** HOLE CARDS ***
Dealt to Dorex2007 [7s 4h]
olivierflush: calls $0.02
leopoker1: folds 
ambaccadop: folds 
BCaudana22: folds 
Balash420: folds 
okotokian1: folds 
carlos RGI: folds 
Dorex2007: folds 
okotokian1 leaves the table
joaonumero1: checks 
*** FLOP *** [4s Qd Jd]
joaonumero1: checks 
olivierflush: bets $0.03
joaonumero1: folds 
Uncalled bet ($0.03) returned to olivierflush
olivierflush collected $0.05 from pot
olivierflush: doesn't show hand 
*** SUMMARY ***
Total pot $0.05 | Rake $0 
Board [4s Qd Jd]
Seat 1: okotokian1 folded before Flop (didn't bet)
Seat 2: carlos RGI (button) folded before Flop (didn't bet)
Seat 3: Dorex2007 (small blind) folded before Flop
Seat 4: joaonumero1 (big blind) folded on the Flop
Seat 5: olivierflush collected ($0.05)
Seat 6: leopoker1 folded before Flop (didn't bet)
Seat 7: ambaccadop folded before Flop (didn't bet)
Seat 8: BCaudana22 folded before Flop (didn't bet)
Seat 9: Balash420 folded before Flop (didn't bet)



PokerStars Hand #223670869433:  Hold'em No Limit ($0.01/$0.02 USD) - 2021/02/10 20:24:32 PT [2021/02/10 23:24:32 ET]
Table 'Boyce IV' 9-max Seat #3 is the button
Seat 2: carlos RGI ($1.97 in chips) 
Seat 3: Dorex2007 ($1.54 in chips) 
Seat 4: joaonumero1 ($3.10 in chips) 
Seat 5: olivierflush ($3.29 in chips) 
Seat 6: leopoker1 ($2.03 in chips) 
Seat 7: ambaccadop ($2.38 in chips) 
Seat 8: BCaudana22 ($0.77 in chips) 
Seat 9: Balash420 ($2.35 in chips) 
joaonumero1: posts small blind $0.01
olivierflush: posts big blind $0.02
*** HOLE CARDS ***
Dealt to Dorex2007 [2s Ac]
leopoker1: folds 
ambaccadop: folds 
Dr.GregoryB joins the table at seat #1 
BCaudana22: raises $0.04 to $0.06
Balash420: calls $0.06
carlos RGI: folds 
Dorex2007: folds 
joaonumero1: folds 
olivierflush: folds 
*** FLOP *** [Qd Kd 4h]
BCaudana22: bets $0.07
Balash420: folds 
Uncalled bet ($0.07) returned to BCaudana22
BCaudana22 collected $0.14 from pot
BCaudana22: doesn't show hand 
*** SUMMARY ***
Total pot $0.15 | Rake $0.01 
Board [Qd Kd 4h]
Seat 2: carlos RGI folded before Flop (didn't bet)
Seat 3: Dorex2007 (button) folded before Flop (didn't bet)
Seat 4: joaonumero1 (small blind) folded before Flop
Seat 5: olivierflush (big blind) folded before Flop
Seat 6: leopoker1 folded before Flop (didn't bet)
Seat 7: ambaccadop folded before Flop (didn't bet)
Seat 8: BCaudana22 collected ($0.14)
Seat 9: Balash420 folded on the Flop



PokerStars Hand #223670888492:  Hold'em No Limit ($0.01/$0.02 USD) - 2021/02/10 20:25:21 PT [2021/02/10 23:25:21 ET]
Table 'Boyce IV' 9-max Seat #4 is the button
Seat 2: carlos RGI ($1.97 in chips) 
Seat 3: Dorex2007 ($1.54 in chips) 
Seat 4: joaonumero1 ($3.09 in chips) 
Seat 5: olivierflush ($3.27 in chips) 
Seat 6: leopoker1 ($2.03 in chips) 
Seat 7: ambaccadop ($2.38 in chips) 
Seat 8: BCaudana22 ($0.85 in chips) 
Seat 9: Balash420 ($2.29 in chips) 
olivierflush: posts small blind $0.01
leopoker1: posts big blind $0.02
Dr.GregoryB: sits out 
*** HOLE CARDS ***
Dealt to Dorex2007 [7h 3c]
ambaccadop: folds 
BCaudana22: raises $0.04 to $0.06
Balash420: folds 
carlos RGI: folds 
Dorex2007: folds 
joaonumero1: folds 
olivierflush: calls $0.05
leopoker1: folds 
*** FLOP *** [8d 3s Td]
olivierflush: checks 
BCaudana22: bets $0.07
olivierflush: folds 
Uncalled bet ($0.07) returned to BCaudana22
BCaudana22 collected $0.14 from pot
BCaudana22: doesn't show hand 
*** SUMMARY ***
Total pot $0.14 | Rake $0 
Board [8d 3s Td]
Seat 2: carlos RGI folded before Flop (didn't bet)
Seat 3: Dorex2007 folded before Flop (didn't bet)
Seat 4: joaonumero1 (button) folded before Flop (didn't bet)
Seat 5: olivierflush (small blind) folded on the Flop
Seat 6: leopoker1 (big blind) folded before Flop
Seat 7: ambaccadop folded before Flop (didn't bet)
Seat 8: BCaudana22 collected ($0.14)
Seat 9: Balash420 folded before Flop (didn't bet)



PokerStars Hand #223670898504:  Hold'em No Limit ($0.01/$0.02 USD) - 2021/02/10 20:26:03 PT [2021/02/10 23:26:03 ET]
Table 'Boyce IV' 9-max Seat #5 is the button
Seat 2: carlos RGI ($1.97 in chips) 
Seat 3: Dorex2007 ($1.54 in chips) 
Seat 4: joaonumero1 ($3.09 in chips) 
Seat 5: olivierflush ($3.21 in chips) 
Seat 6: leopoker1 ($2.01 in chips) 
Seat 7: ambaccadop ($2.38 in chips) 
Seat 8: BCaudana22 ($0.93 in chips) 
Seat 9: Balash420 ($2.29 in chips) 
leopoker1: posts small blind $0.01
ambaccadop: posts big blind $0.02
Dr.GregoryB: sits out 
*** HOLE CARDS ***
Dealt to Dorex2007 [6c 4s]
BCaudana22: raises $0.04 to $0.06
Balash420: raises $0.04 to $0.10
carlos RGI: folds 
Dorex2007: folds 
joaonumero1: folds 
olivierflush: calls $0.10
leopoker1: folds 
ambaccadop: calls $0.08
BCaudana22: calls $0.04
*** FLOP *** [9c As 7c]
ambaccadop: checks 
BCaudana22: bets $0.40
Balash420: calls $0.40
olivierflush: calls $0.40
ambaccadop: folds 
*** TURN *** [9c As 7c] [Qs]
BCaudana22: bets $0.43 and is all-in
Balash420: calls $0.43
olivierflush: calls $0.43
*** RIVER *** [9c As 7c Qs] [4h]
Balash420: bets $1.36 and is all-in
olivierflush: calls $1.36
*** SHOW DOWN ***
Balash420: shows [Kc Ks] (a pair of Kings)
olivierflush: shows [9s Ad] (two pair, Aces and Nines)
olivierflush collected $2.62 from side pot
BCaudana22: shows [Ac 8c] (a pair of Aces)
olivierflush collected $2.80 from main pot
*** SUMMARY ***
Total pot $5.62 Main pot $2.80. Side pot $2.62. | Rake $0.20 
Board [9c As 7c Qs 4h]
Seat 2: carlos RGI folded before Flop (didn't bet)
Seat 3: Dorex2007 folded before Flop (didn't bet)
Seat 4: joaonumero1 folded before Flop (didn't bet)
Seat 5: olivierflush (button) showed [9s Ad] and won ($5.42) with two pair, Aces and Nines
Seat 6: leopoker1 (small blind) folded before Flop
Seat 7: ambaccadop (big blind) folded on the Flop
Seat 8: BCaudana22 showed [Ac 8c] and lost with a pair of Aces
Seat 9: Balash420 showed [Kc Ks] and lost with a pair of Kings



PokerStars Hand #223670920454:  Hold'em No Limit ($0.01/$0.02 USD) - 2021/02/10 20:27:36 PT [2021/02/10 23:27:36 ET]
Table 'Boyce IV' 9-max Seat #6 is the button
Seat 1: Dr.GregoryB ($2 in chips) 
Seat 2: carlos RGI ($1.97 in chips) 
Seat 3: Dorex2007 ($1.54 in chips) 
Seat 4: joaonumero1 ($3.09 in chips) 
Seat 5: olivierflush ($6.34 in chips) 
Seat 6: leopoker1 ($2 in chips) 
Seat 7: ambaccadop ($2.28 in chips) 
ambaccadop: posts small blind $0.01
Dr.GregoryB: posts big blind $0.02
*** HOLE CARDS ***
Dealt to Dorex2007 [9c Qc]
carlos RGI: folds 
Dorex2007: calls $0.02
joaonumero1: folds 
olivierflush: calls $0.02
BCaudana22 leaves the table
leopoker1: folds 
ambaccadop: folds 
Dr.GregoryB: checks 
*** FLOP *** [3h 6c 4h]
Dr.GregoryB: checks 
Dorex2007: checks 
sofaking1973 joins the table at seat #8 
olivierflush: checks 
*** TURN *** [3h 6c 4h] [Kd]
Dr.GregoryB: checks 
Dorex2007: checks 
olivierflush: checks 
*** RIVER *** [3h 6c 4h Kd] [7s]
Dr.GregoryB: checks 
Dorex2007: bets $0.07
olivierflush: folds 
Dr.GregoryB: folds 
Uncalled bet ($0.07) returned to Dorex2007
Dorex2007 collected $0.07 from pot
Dorex2007: doesn't show hand 
*** SUMMARY ***
Total pot $0.07 | Rake $0 
Board [3h 6c 4h Kd 7s]
Seat 1: Dr.GregoryB (big blind) folded on the River
Seat 2: carlos RGI folded before Flop (didn't bet)
Seat 3: Dorex2007 collected ($0.07)
Seat 4: joaonumero1 folded before Flop (didn't bet)
Seat 5: olivierflush folded on the River
Seat 6: leopoker1 (button) folded before Flop (didn't bet)
Seat 7: ambaccadop (small blind) folded before Flop



PokerStars Hand #223670937589:  Hold'em No Limit ($0.01/$0.02 USD) - 2021/02/10 20:28:49 PT [2021/02/10 23:28:49 ET]
Table 'Boyce IV' 9-max Seat #7 is the button
Seat 1: Dr.GregoryB ($1.98 in chips) 
Seat 2: carlos RGI ($1.97 in chips) 
Seat 3: Dorex2007 ($1.59 in chips) 
Seat 4: joaonumero1 ($3.09 in chips) 
Seat 5: olivierflush ($6.32 in chips) 
Seat 6: leopoker1 ($2 in chips) 
Seat 7: ambaccadop ($2.27 in chips) 
Dr.GregoryB: posts small blind $0.01
carlos RGI: posts big blind $0.02
*** HOLE CARDS ***
Dealt to Dorex2007 [5s Th]
Dorex2007: folds 
joaonumero1: folds 
olivierflush: calls $0.02
leopoker1: folds 
ambaccadop: folds 
Dr.GregoryB: folds 
carlos RGI: checks 
*** FLOP *** [7h Js 9d]
carlos RGI: checks 
olivierflush: checks 
*** TURN *** [7h Js 9d] [8d]
carlos RGI: bets $0.05
olivierflush: calls $0.05
*** RIVER *** [7h Js 9d 8d] [Ad]
carlos RGI: checks 
olivierflush: checks 
*** SHOW DOWN ***
carlos RGI: shows [Jd 3c] (a pair of Jacks)
olivierflush: shows [6s Ah] (a pair of Aces)
olivierflush collected $0.14 from pot
*** SUMMARY ***
Total pot $0.15 | Rake $0.01 
Board [7h Js 9d 8d Ad]
Seat 1: Dr.GregoryB (small blind) folded before Flop
Seat 2: carlos RGI (big blind) showed [Jd 3c] and lost with a pair of Jacks
Seat 3: Dorex2007 folded before Flop (didn't bet)
Seat 4: joaonumero1 folded before Flop (didn't bet)
Seat 5: olivierflush showed [6s Ah] and won ($0.14) with a pair of Aces
Seat 6: leopoker1 folded before Flop (didn't bet)
Seat 7: ambaccadop (button) folded before Flop (didn't bet)



PokerStars Hand #223670954968:  Hold'em No Limit ($0.01/$0.02 USD) - 2021/02/10 20:29:36 PT [2021/02/10 23:29:36 ET]
Table 'Boyce IV' 9-max Seat #1 is the button
Seat 1: Dr.GregoryB ($1.97 in chips) 
Seat 2: carlos RGI ($1.90 in chips) 
Seat 3: Dorex2007 ($1.59 in chips) 
Seat 4: joaonumero1 ($3.09 in chips) 
Seat 5: olivierflush ($6.39 in chips) 
Seat 6: leopoker1 ($2 in chips) 
Seat 7: ambaccadop ($2.27 in chips) 
Seat 9: Balash420 ($2 in chips) 
carlos RGI: posts small blind $0.01
Dorex2007: posts big blind $0.02
sofaking1973: sits out 
Balash420: posts small & big blinds $0.03
*** HOLE CARDS ***
Dealt to Dorex2007 [5h 2c]
joaonumero1: folds 
olivierflush: folds 
leopoker1: folds 
ambaccadop: folds 
Balash420: raises $0.04 to $0.06
Dr.GregoryB: folds 
carlos RGI: calls $0.05
Dorex2007: folds 
*** FLOP *** [Jc 8s Tc]
carlos RGI: bets $0.14
Balash420: calls $0.14
*** TURN *** [Jc 8s Tc] [Kc]
carlos RGI: checks 
sofaking1973 was removed from the table for failing to post
sofaking1973 leaves the table
Balash420: bets $0.21
carlos RGI: folds 
Uncalled bet ($0.21) returned to Balash420
Balash420 collected $0.41 from pot
*** SUMMARY ***
Total pot $0.43 | Rake $0.02 
Board [Jc 8s Tc Kc]
Seat 1: Dr.GregoryB (button) folded before Flop (didn't bet)
Seat 2: carlos RGI (small blind) folded on the Turn
Seat 3: Dorex2007 (big blind) folded before Flop
Seat 4: joaonumero1 folded before Flop (didn't bet)
Seat 5: olivierflush folded before Flop (didn't bet)
Seat 6: leopoker1 folded before Flop (didn't bet)
Seat 7: ambaccadop folded before Flop (didn't bet)
Seat 9: Balash420 collected ($0.41)



PokerStars Hand #223670969727:  Hold'em No Limit ($0.01/$0.02 USD) - 2021/02/10 20:30:39 PT [2021/02/10 23:30:39 ET]
Table 'Boyce IV' 9-max Seat #2 is the button
Seat 1: Dr.GregoryB ($1.97 in chips) 
Seat 2: carlos RGI ($1.70 in chips) 
Seat 3: Dorex2007 ($1.57 in chips) 
Seat 4: joaonumero1 ($3.09 in chips) 
Seat 5: olivierflush ($6.39 in chips) 
Seat 6: leopoker1 ($2 in chips) 
Seat 7: ambaccadop ($2.27 in chips) 
Seat 9: Balash420 ($2.20 in chips) 
Dorex2007: posts small blind $0.01
joaonumero1: posts big blind $0.02
*** HOLE CARDS ***
Dealt to Dorex2007 [Qd Js]
SOLOMIDLANER joins the table at seat #8 
olivierflush: folds 
leopoker1: folds 
ambaccadop: folds 
Balash420: folds 
Dr.GregoryB: folds 
carlos RGI: folds 
Dorex2007: calls $0.01
joaonumero1: checks 
*** FLOP *** [5d 4s 2s]
Dorex2007: checks 
joaonumero1: checks 
*** TURN *** [5d 4s 2s] [6d]
Dorex2007: checks 
joaonumero1: checks 
*** RIVER *** [5d 4s 2s 6d] [Jh]
Dorex2007: bets $0.16
joaonumero1: folds 
Uncalled bet ($0.16) returned to Dorex2007
Dorex2007 collected $0.04 from pot
Dorex2007: doesn't show hand 
*** SUMMARY ***
Total pot $0.04 | Rake $0 
Board [5d 4s 2s 6d Jh]
Seat 1: Dr.GregoryB folded before Flop (didn't bet)
Seat 2: carlos RGI (button) folded before Flop (didn't bet)
Seat 3: Dorex2007 (small blind) collected ($0.04)
Seat 4: joaonumero1 (big blind) folded on the River
Seat 5: olivierflush folded before Flop (didn't bet)
Seat 6: leopoker1 folded before Flop (didn't bet)
Seat 7: ambaccadop folded before Flop (didn't bet)
Seat 9: Balash420 folded before Flop (didn't bet)



PokerStars Hand #223670983970:  Hold'em No Limit ($0.01/$0.02 USD) - 2021/02/10 20:31:39 PT [2021/02/10 23:31:39 ET]
Table 'Boyce IV' 9-max Seat #3 is the button
Seat 1: Dr.GregoryB ($1.97 in chips) 
Seat 2: carlos RGI ($1.70 in chips) 
Seat 3: Dorex2007 ($1.59 in chips) 
Seat 4: joaonumero1 ($3.07 in chips) 
Seat 5: olivierflush ($6.39 in chips) 
Seat 6: leopoker1 ($2 in chips) 
Seat 7: ambaccadop ($2.27 in chips) 
Seat 8: SOLOMIDLANER ($0.80 in chips) 
Seat 9: Balash420 ($2.20 in chips) 
joaonumero1: posts small blind $0.01
olivierflush: posts big blind $0.02
SOLOMIDLANER: posts big blind $0.02
*** HOLE CARDS ***
Dealt to Dorex2007 [Jh Td]
leopoker1: folds 
ambaccadop: folds 
SOLOMIDLANER: checks 
Balash420: raises $0.06 to $0.08
Dr.GregoryB: folds 
carlos RGI: folds 
Dorex2007: folds 
joaonumero1: folds 
olivierflush: folds 
SOLOMIDLANER: calls $0.06
*** FLOP *** [5d 7d 6s]
SOLOMIDLANER: checks 
Balash420: bets $0.06
SOLOMIDLANER: folds 
Uncalled bet ($0.06) returned to Balash420
Balash420 collected $0.18 from pot
*** SUMMARY ***
Total pot $0.19 | Rake $0.01 
Board [5d 7d 6s]
Seat 1: Dr.GregoryB folded before Flop (didn't bet)
Seat 2: carlos RGI folded before Flop (didn't bet)
Seat 3: Dorex2007 (button) folded before Flop (didn't bet)
Seat 4: joaonumero1 (small blind) folded before Flop
Seat 5: olivierflush (big blind) folded before Flop
Seat 6: leopoker1 folded before Flop (didn't bet)
Seat 7: ambaccadop folded before Flop (didn't bet)
Seat 8: SOLOMIDLANER folded on the Flop
Seat 9: Balash420 collected ($0.18)



PokerStars Hand #223671000535:  Hold'em No Limit ($0.01/$0.02 USD) - 2021/02/10 20:32:28 PT [2021/02/10 23:32:28 ET]
Table 'Boyce IV' 9-max Seat #4 is the button
Seat 1: Dr.GregoryB ($1.97 in chips) 
Seat 2: carlos RGI ($1.70 in chips) 
Seat 3: Dorex2007 ($1.59 in chips) 
Seat 4: joaonumero1 ($3.06 in chips) 
Seat 5: olivierflush ($6.37 in chips) 
Seat 6: leopoker1 ($2 in chips) 
Seat 7: ambaccadop ($2.27 in chips) 
Seat 8: SOLOMIDLANER ($0.72 in chips) 
Seat 9: Balash420 ($2.30 in chips) 
olivierflush: posts small blind $0.01
leopoker1: posts big blind $0.02
*** HOLE CARDS ***
Dealt to Dorex2007 [5h 7h]
ambaccadop: calls $0.02
SOLOMIDLANER: folds 
Balash420: folds 
Dr.GregoryB: raises $0.10 to $0.12
carlos RGI: folds 
Dorex2007: folds 
joaonumero1: folds 
olivierflush: calls $0.11
leopoker1: folds 
ambaccadop: folds 
*** FLOP *** [Jc Jd 4c]
olivierflush: checks 
Dr.GregoryB: bets $0.20
olivierflush: folds 
Uncalled bet ($0.20) returned to Dr.GregoryB
Dr.GregoryB collected $0.27 from pot
*** SUMMARY ***
Total pot $0.28 | Rake $0.01 
Board [Jc Jd 4c]
Seat 1: Dr.GregoryB collected ($0.27)
Seat 2: carlos RGI folded before Flop (didn't bet)
Seat 3: Dorex2007 folded before Flop (didn't bet)
Seat 4: joaonumero1 (button) folded before Flop (didn't bet)
Seat 5: olivierflush (small blind) folded on the Flop
Seat 6: leopoker1 (big blind) folded before Flop
Seat 7: ambaccadop folded before Flop
Seat 8: SOLOMIDLANER folded before Flop (didn't bet)
Seat 9: Balash420 folded before Flop (didn't bet)



PokerStars Hand #223671011463:  Hold'em No Limit ($0.01/$0.02 USD) - 2021/02/10 20:33:14 PT [2021/02/10 23:33:14 ET]
Table 'Boyce IV' 9-max Seat #5 is the button
Seat 1: Dr.GregoryB ($2.12 in chips) 
Seat 2: carlos RGI ($1.70 in chips) 
Seat 3: Dorex2007 ($1.59 in chips) 
Seat 4: joaonumero1 ($3.06 in chips) 
Seat 5: olivierflush ($6.25 in chips) 
Seat 6: leopoker1 ($2 in chips) 
Seat 7: ambaccadop ($2.25 in chips) 
Seat 8: SOLOMIDLANER ($0.72 in chips) 
Seat 9: Balash420 ($2.30 in chips) 
leopoker1: posts small blind $0.01
ambaccadop: posts big blind $0.02
*** HOLE CARDS ***
Dealt to Dorex2007 [2c Js]
SOLOMIDLANER: raises $0.02 to $0.04
Balash420: folds 
Dr.GregoryB: folds 
carlos RGI: folds 
Dorex2007: folds 
joaonumero1: folds 
olivierflush: folds 
leopoker1: calls $0.03
ambaccadop: folds 
*** FLOP *** [Ts 9c As]
leopoker1: checks 
SOLOMIDLANER: bets $0.02
leopoker1: raises $0.08 to $0.10
SOLOMIDLANER: calls $0.08
*** TURN *** [Ts 9c As] [Th]
leopoker1: bets $1.86 and is all-in
SOLOMIDLANER: calls $0.58 and is all-in
Uncalled bet ($1.28) returned to leopoker1
*** RIVER *** [Ts 9c As Th] [4h]
*** SHOW DOWN ***
leopoker1: shows [Ac 8c] (two pair, Aces and Tens)
SOLOMIDLANER: shows [9d Td] (a full house, Tens full of Nines)
SOLOMIDLANER collected $1.41 from pot
*** SUMMARY ***
Total pot $1.46 | Rake $0.05 
Board [Ts 9c As Th 4h]
Seat 1: Dr.GregoryB folded before Flop (didn't bet)
Seat 2: carlos RGI folded before Flop (didn't bet)
Seat 3: Dorex2007 folded before Flop (didn't bet)
Seat 4: joaonumero1 folded before Flop (didn't bet)
Seat 5: olivierflush (button) folded before Flop (didn't bet)
Seat 6: leopoker1 (small blind) showed [Ac 8c] and lost with two pair, Aces and Tens
Seat 7: ambaccadop (big blind) folded before Flop
Seat 8: SOLOMIDLANER showed [9d Td] and won ($1.41) with a full house, Tens full of Nines
Seat 9: Balash420 folded before Flop (didn't bet)



PokerStars Hand #223671026401:  Hold'em No Limit ($0.01/$0.02 USD) - 2021/02/10 20:34:18 PT [2021/02/10 23:34:18 ET]
Table 'Boyce IV' 9-max Seat #6 is the button
Seat 1: Dr.GregoryB ($2.12 in chips) 
Seat 2: carlos RGI ($1.70 in chips) 
Seat 3: Dorex2007 ($1.59 in chips) 
Seat 4: joaonumero1 ($3.06 in chips) 
Seat 5: olivierflush ($6.25 in chips) 
Seat 6: leopoker1 ($2 in chips) 
Seat 7: ambaccadop ($2.23 in chips) 
Seat 8: SOLOMIDLANER ($1.41 in chips) 
Seat 9: Balash420 ($2.30 in chips) 
ambaccadop: posts small blind $0.01
SOLOMIDLANER: posts big blind $0.02
*** HOLE CARDS ***
Dealt to Dorex2007 [3d Ah]
Balash420: raises $0.04 to $0.06
Dr.GregoryB: folds 
carlos RGI: folds 
Dorex2007: folds 
joaonumero1: folds 
olivierflush: calls $0.06
leopoker1: folds 
ambaccadop: folds 
SOLOMIDLANER: folds 
*** FLOP *** [8d As 2c]
SOLOMIDLANER leaves the table
JaluTC joins the table at seat #8 
Balash420: checks 
olivierflush: checks 
*** TURN *** [8d As 2c] [9h]
Balash420: bets $0.04
olivierflush: calls $0.04
*** RIVER *** [8d As 2c 9h] [Qc]
Balash420: bets $0.14
olivierflush: calls $0.14
*** SHOW DOWN ***
Balash420: shows [Qh Jd] (a pair of Queens)
olivierflush: mucks hand 
Balash420 collected $0.49 from pot
*** SUMMARY ***
Total pot $0.51 | Rake $0.02 
Board [8d As 2c 9h Qc]
Seat 1: Dr.GregoryB folded before Flop (didn't bet)
Seat 2: carlos RGI folded before Flop (didn't bet)
Seat 3: Dorex2007 folded before Flop (didn't bet)
Seat 4: joaonumero1 folded before Flop (didn't bet)
Seat 5: olivierflush mucked [9d Ts]
Seat 6: leopoker1 (button) folded before Flop (didn't bet)
Seat 7: ambaccadop (small blind) folded before Flop
Seat 8: SOLOMIDLANER (big blind) folded before Flop
Seat 9: Balash420 showed [Qh Jd] and won ($0.49) with a pair of Queens



PokerStars Hand #223671043789:  Hold'em No Limit ($0.01/$0.02 USD) - 2021/02/10 20:35:34 PT [2021/02/10 23:35:34 ET]
Table 'Boyce IV' 9-max Seat #7 is the button
Seat 1: Dr.GregoryB ($2.12 in chips) 
Seat 2: carlos RGI ($1.70 in chips) 
Seat 3: Dorex2007 ($1.59 in chips) 
Seat 4: joaonumero1 ($3.06 in chips) 
Seat 5: olivierflush ($6.01 in chips) 
Seat 6: leopoker1 ($2 in chips) 
Seat 7: ambaccadop ($2.22 in chips) 
Seat 9: Balash420 ($2.55 in chips) 
Balash420: posts small blind $0.01
Dr.GregoryB: posts big blind $0.02
*** HOLE CARDS ***
Dealt to Dorex2007 [Ts 6c]
carlos RGI: folds 
Dorex2007: folds 
joaonumero1: folds 
olivierflush: folds 
leopoker1: folds 
ambaccadop: folds 
Balash420: calls $0.01
Dr.GregoryB: raises $0.06 to $0.08
Balash420: folds 
Uncalled bet ($0.06) returned to Dr.GregoryB
Dr.GregoryB collected $0.04 from pot
*** SUMMARY ***
Total pot $0.04 | Rake $0 
Seat 1: Dr.GregoryB (big blind) collected ($0.04)
Seat 2: carlos RGI folded before Flop (didn't bet)
Seat 3: Dorex2007 folded before Flop (didn't bet)
Seat 4: joaonumero1 folded before Flop (didn't bet)
Seat 5: olivierflush folded before Flop (didn't bet)
Seat 6: leopoker1 folded before Flop (didn't bet)
Seat 7: ambaccadop (button) folded before Flop (didn't bet)
Seat 9: Balash420 (small blind) folded before Flop



PokerStars Hand #223671049341:  Hold'em No Limit ($0.01/$0.02 USD) - 2021/02/10 20:35:58 PT [2021/02/10 23:35:58 ET]
Table 'Boyce IV' 9-max Seat #9 is the button
Seat 1: Dr.GregoryB ($2.14 in chips) 
Seat 2: carlos RGI ($1.70 in chips) 
Seat 3: Dorex2007 ($1.59 in chips) 
Seat 4: joaonumero1 ($3.06 in chips) 
Seat 5: olivierflush ($6.01 in chips) 
Seat 6: leopoker1 ($2 in chips) 
Seat 7: ambaccadop ($2.22 in chips) 
Seat 9: Balash420 ($2.53 in chips) 
Dr.GregoryB: posts small blind $0.01
carlos RGI: posts big blind $0.02
JaluTC: sits out 
*** HOLE CARDS ***
Dealt to Dorex2007 [3s 6s]
Dorex2007: folds 
joaonumero1: raises $0.04 to $0.06
olivierflush: folds 
leopoker1: folds 
ambaccadop: folds 
Balash420: calls $0.06
Dr.GregoryB: folds 
carlos RGI: folds 
*** FLOP *** [8h As Jc]
joaonumero1: bets $0.08
Balash420: calls $0.08
*** TURN *** [8h As Jc] [Ac]
joaonumero1: bets $0.18
Balash420: folds 
Uncalled bet ($0.18) returned to joaonumero1
joaonumero1 collected $0.30 from pot
*** SUMMARY ***
Total pot $0.31 | Rake $0.01 
Board [8h As Jc Ac]
Seat 1: Dr.GregoryB (small blind) folded before Flop
Seat 2: carlos RGI (big blind) folded before Flop
Seat 3: Dorex2007 folded before Flop (didn't bet)
Seat 4: joaonumero1 collected ($0.30)
Seat 5: olivierflush folded before Flop (didn't bet)
Seat 6: leopoker1 folded before Flop (didn't bet)
Seat 7: ambaccadop folded before Flop (didn't bet)
Seat 9: Balash420 (button) folded on the Turn



PokerStars Hand #223671064346:  Hold'em No Limit ($0.01/$0.02 USD) - 2021/02/10 20:37:02 PT [2021/02/10 23:37:02 ET]
Table 'Boyce IV' 9-max Seat #1 is the button
Seat 1: Dr.GregoryB ($2.13 in chips) 
Seat 2: carlos RGI ($1.68 in chips) 
Seat 3: Dorex2007 ($1.59 in chips) 
Seat 4: joaonumero1 ($3.22 in chips) 
Seat 5: olivierflush ($6.01 in chips) 
Seat 6: leopoker1 ($2 in chips) 
Seat 7: ambaccadop ($2.22 in chips) 
Seat 9: Balash420 ($2.39 in chips) 
carlos RGI: posts small blind $0.01
Dorex2007: posts big blind $0.02
JaluTC: sits out 
*** HOLE CARDS ***
Dealt to Dorex2007 [6c Jd]
joaonumero1: folds 
olivierflush: calls $0.02
leopoker1: folds 
ambaccadop: folds 
Balash420: folds 
Dr.GregoryB: raises $0.06 to $0.08
carlos RGI: folds 
Dorex2007: folds 
olivierflush: calls $0.06
*** FLOP *** [2d 5s Ah]
olivierflush: checks 
Dr.GregoryB: bets $0.10
olivierflush: calls $0.10
*** TURN *** [2d 5s Ah] [Qh]
olivierflush: checks 
Dr.GregoryB: checks 
*** RIVER *** [2d 5s Ah Qh] [9c]
olivierflush: checks 
Dr.GregoryB: checks 
*** SHOW DOWN ***
olivierflush: shows [3d 3c] (a pair of Threes)
Dr.GregoryB: mucks hand 
olivierflush collected $0.38 from pot
*** SUMMARY ***
Total pot $0.39 | Rake $0.01 
Board [2d 5s Ah Qh 9c]
Seat 1: Dr.GregoryB (button) mucked [3s Kc]
Seat 2: carlos RGI (small blind) folded before Flop
Seat 3: Dorex2007 (big blind) folded before Flop
Seat 4: joaonumero1 folded before Flop (didn't bet)
Seat 5: olivierflush showed [3d 3c] and won ($0.38) with a pair of Threes
Seat 6: leopoker1 folded before Flop (didn't bet)
Seat 7: ambaccadop folded before Flop (didn't bet)
Seat 9: Balash420 folded before Flop (didn't bet)



PokerStars Hand #223671074140:  Hold'em No Limit ($0.01/$0.02 USD) - 2021/02/10 20:37:45 PT [2021/02/10 23:37:45 ET]
Table 'Boyce IV' 9-max Seat #2 is the button
Seat 1: Dr.GregoryB ($1.95 in chips) 
Seat 2: carlos RGI ($1.67 in chips) 
Seat 3: Dorex2007 ($1.57 in chips) 
Seat 4: joaonumero1 ($3.22 in chips) 
Seat 5: olivierflush ($6.21 in chips) 
Seat 6: leopoker1 ($2 in chips) 
Seat 7: ambaccadop ($2.22 in chips) 
Seat 9: Balash420 ($2.39 in chips) 
Dorex2007: posts small blind $0.01
joaonumero1: posts big blind $0.02
JaluTC: sits out 
*** HOLE CARDS ***
Dealt to Dorex2007 [Kh Tc]
JaluTC leaves the table
olivierflush: folds 
leopoker1: folds 
ambaccadop: folds 
Balash420: folds 
Dr.GregoryB: folds 
carlos RGI: folds 
Dorex2007: raises $0.04 to $0.06
joaonumero1: folds 
Uncalled bet ($0.04) returned to Dorex2007
Dorex2007 collected $0.04 from pot
Dorex2007: doesn't show hand 
*** SUMMARY ***
Total pot $0.04 | Rake $0 
Seat 1: Dr.GregoryB folded before Flop (didn't bet)
Seat 2: carlos RGI (button) folded before Flop (didn't bet)
Seat 3: Dorex2007 (small blind) collected ($0.04)
Seat 4: joaonumero1 (big blind) folded before Flop
Seat 5: olivierflush folded before Flop (didn't bet)
Seat 6: leopoker1 folded before Flop (didn't bet)
Seat 7: ambaccadop folded before Flop (didn't bet)
Seat 9: Balash420 folded before Flop (didn't bet)



PokerStars Hand #223671081458:  Hold'em No Limit ($0.01/$0.02 USD) - 2021/02/10 20:38:17 PT [2021/02/10 23:38:17 ET]
Table 'Boyce IV' 9-max Seat #3 is the button
Seat 1: Dr.GregoryB ($1.95 in chips) 
Seat 2: carlos RGI ($1.67 in chips) 
Seat 3: Dorex2007 ($1.59 in chips) 
Seat 4: joaonumero1 ($3.20 in chips) 
Seat 5: olivierflush ($6.21 in chips) 
Seat 6: leopoker1 ($2 in chips) 
Seat 7: ambaccadop ($2.22 in chips) 
Seat 9: Balash420 ($2.39 in chips) 
joaonumero1: posts small blind $0.01
olivierflush: posts big blind $0.02
*** HOLE CARDS ***
Dealt to Dorex2007 [5c 3c]
MarkAvrelij joins the table at seat #8 
leopoker1: folds 
ambaccadop: folds 
Balash420 has timed out
Balash420: folds 
Dr.GregoryB: folds 
carlos RGI: raises $0.02 to $0.04
Dorex2007: folds 
joaonumero1: folds 
olivierflush: calls $0.02
*** FLOP *** [3d Js Ad]
olivierflush: checks 
carlos RGI: checks 
*** TURN *** [3d Js Ad] [Qh]
olivierflush: bets $0.09
carlos RGI: folds 
Uncalled bet ($0.09) returned to olivierflush
olivierflush collected $0.09 from pot
olivierflush: doesn't show hand 
*** SUMMARY ***
Total pot $0.09 | Rake $0 
Board [3d Js Ad Qh]
Seat 1: Dr.GregoryB folded before Flop (didn't bet)
Seat 2: carlos RGI folded on the Turn
Seat 3: Dorex2007 (button) folded before Flop (didn't bet)
Seat 4: joaonumero1 (small blind) folded before Flop
Seat 5: olivierflush (big blind) collected ($0.09)
Seat 6: leopoker1 folded before Flop (didn't bet)
Seat 7: ambaccadop folded before Flop (didn't bet)
Seat 9: Balash420 folded before Flop (didn't bet)



PokerStars Hand #223671091791:  Hold'em No Limit ($0.01/$0.02 USD) - 2021/02/10 20:39:02 PT [2021/02/10 23:39:02 ET]
Table 'Boyce IV' 9-max Seat #4 is the button
Seat 1: Dr.GregoryB ($1.95 in chips) 
Seat 2: carlos RGI ($1.63 in chips) 
Seat 3: Dorex2007 ($1.59 in chips) 
Seat 4: joaonumero1 ($3.19 in chips) 
Seat 5: olivierflush ($6.26 in chips) 
Seat 6: leopoker1 ($2 in chips) 
Seat 7: ambaccadop ($2.22 in chips) 
Seat 9: Balash420 ($2.39 in chips) 
olivierflush: posts small blind $0.01
leopoker1: posts big blind $0.02
MarkAvrelij: sits out 
*** HOLE CARDS ***
Dealt to Dorex2007 [Th Ac]
ambaccadop: folds 
Balash420: raises $0.04 to $0.06
Dr.GregoryB: folds 
carlos RGI: folds 
Dorex2007: calls $0.06
joaonumero1: folds 
olivierflush: calls $0.05
leopoker1: calls $0.04
*** FLOP *** [As 4d Kc]
olivierflush: checks 
leopoker1: checks 
Balash420: bets $0.07
Dorex2007: calls $0.07
olivierflush: calls $0.07
leopoker1: folds 
*** TURN *** [As 4d Kc] [Kd]
leopoker1 leaves the table
olivierflush: checks 
Balash420: checks 
Dorex2007: bets $0.43
olivierflush: folds 
Balash420: calls $0.43
*** RIVER *** [As 4d Kc Kd] [6s]
Balash420: checks 
Dorex2007: checks 
*** SHOW DOWN ***
Balash420: shows [Ks Jh] (three of a kind, Kings)
Dorex2007: mucks hand 
Balash420 collected $1.26 from pot
*** SUMMARY ***
Total pot $1.31 | Rake $0.05 
Board [As 4d Kc Kd 6s]
Seat 1: Dr.GregoryB folded before Flop (didn't bet)
Seat 2: carlos RGI folded before Flop (didn't bet)
Seat 3: Dorex2007 mucked [Th Ac]
Seat 4: joaonumero1 (button) folded before Flop (didn't bet)
Seat 5: olivierflush (small blind) folded on the Turn
Seat 6: leopoker1 (big blind) folded on the Flop
Seat 7: ambaccadop folded before Flop (didn't bet)
Seat 9: Balash420 showed [Ks Jh] and won ($1.26) with three of a kind, Kings



PokerStars Hand #223671115282:  Hold'em No Limit ($0.01/$0.02 USD) - 2021/02/10 20:40:13 PT [2021/02/10 23:40:13 ET]
Table 'Boyce IV' 9-max Seat #5 is the button
Seat 1: Dr.GregoryB ($1.95 in chips) 
Seat 2: carlos RGI ($1.63 in chips) 
Seat 3: Dorex2007 ($1.03 in chips) 
Seat 4: joaonumero1 ($3.19 in chips) 
Seat 5: olivierflush ($6.13 in chips) 
Seat 7: ambaccadop ($2.22 in chips) 
Seat 8: MarkAvrelij ($2 in chips) 
Seat 9: Balash420 ($3.09 in chips) 
ambaccadop: posts small blind $0.01
MarkAvrelij: posts big blind $0.02
*** HOLE CARDS ***
Dealt to Dorex2007 [Th 4d]
Balash420: folds 
Dr.GregoryB: folds 
carlos RGI: folds 
Dorex2007: folds 
joaonumero1: folds 
olivierflush said, "spectueux"
olivierflush: raises $0.05 to $0.07
ambaccadop: folds 
MarkAvrelij: folds 
Uncalled bet ($0.05) returned to olivierflush
olivierflush collected $0.05 from pot
olivierflush: doesn't show hand 
*** SUMMARY ***
Total pot $0.05 | Rake $0 
Seat 1: Dr.GregoryB folded before Flop (didn't bet)
Seat 2: carlos RGI folded before Flop (didn't bet)
Seat 3: Dorex2007 folded before Flop (didn't bet)
Seat 4: joaonumero1 folded before Flop (didn't bet)
Seat 5: olivierflush (button) collected ($0.05)
Seat 7: ambaccadop (small blind) folded before Flop
Seat 8: MarkAvrelij (big blind) folded before Flop
Seat 9: Balash420 folded before Flop (didn't bet)



PokerStars Hand #223671122490:  Hold'em No Limit ($0.01/$0.02 USD) - 2021/02/10 20:40:44 PT [2021/02/10 23:40:44 ET]
Table 'Boyce IV' 9-max Seat #7 is the button
Seat 1: Dr.GregoryB ($1.95 in chips) 
Seat 2: carlos RGI ($1.63 in chips) 
Seat 3: Dorex2007 ($1.83 in chips) 
Seat 4: joaonumero1 ($3.19 in chips) 
Seat 5: olivierflush ($6.16 in chips) 
Seat 7: ambaccadop ($2.21 in chips) 
Seat 8: MarkAvrelij ($2 in chips) 
Seat 9: Balash420 ($3.09 in chips) 
MarkAvrelij: posts small blind $0.01
Balash420: posts big blind $0.02
*** HOLE CARDS ***
Dealt to Dorex2007 [8s 9d]
Dr.GregoryB: folds 
carlos RGI: folds 
Dorex2007: folds 
joaonumero1: folds 
olivierflush: calls $0.02
ambaccadop: folds 
MarkAvrelij: folds 
Balash420: raises $0.04 to $0.06
olivierflush: raises $0.13 to $0.19
Balash420: calls $0.13
*** FLOP *** [8h Kd Kc]
Balash420: bets $0.11
olivierflush: calls $0.11
*** TURN *** [8h Kd Kc] [2s]
Balash420: bets $0.18
olivierflush: calls $0.18
*** RIVER *** [8h Kd Kc 2s] [Qc]
Balash420: checks 
BfgloooS joins the table at seat #6 
olivierflush said, "les 2 pourquoi ,maitresse%"
olivierflush: checks 
*** SHOW DOWN ***
Balash420: shows [Ts Th] (two pair, Kings and Tens)
olivierflush: mucks hand 
Balash420 collected $0.94 from pot
*** SUMMARY ***
Total pot $0.97 | Rake $0.03 
Board [8h Kd Kc 2s Qc]
Seat 1: Dr.GregoryB folded before Flop (didn't bet)
Seat 2: carlos RGI folded before Flop (didn't bet)
Seat 3: Dorex2007 folded before Flop (didn't bet)
Seat 4: joaonumero1 folded before Flop (didn't bet)
Seat 5: olivierflush mucked [9s 9h]
Seat 7: ambaccadop (button) folded before Flop (didn't bet)
Seat 8: MarkAvrelij (small blind) folded before Flop
Seat 9: Balash420 (big blind) showed [Ts Th] and won ($0.94) with two pair, Kings and Tens



PokerStars Hand #223671145129:  Hold'em No Limit ($0.01/$0.02 USD) - 2021/02/10 20:42:24 PT [2021/02/10 23:42:24 ET]
Table 'Boyce IV' 9-max Seat #8 is the button
Seat 1: Dr.GregoryB ($1.95 in chips) 
Seat 2: carlos RGI ($1.63 in chips) 
Seat 3: Dorex2007 ($1.83 in chips) 
Seat 4: joaonumero1 ($3.19 in chips) 
Seat 5: olivierflush ($5.68 in chips) 
Seat 6: BfgloooS ($2 in chips) 
Seat 7: ambaccadop ($2.21 in chips) 
Seat 8: MarkAvrelij ($2 in chips) 
Seat 9: Balash420 ($3.55 in chips) 
Balash420: posts small blind $0.01
Dr.GregoryB: posts big blind $0.02
BfgloooS: posts big blind $0.02
*** HOLE CARDS ***
Dealt to Dorex2007 [3h Js]
carlos RGI: folds 
Dorex2007: folds 
joaonumero1: folds 
olivierflush: calls $0.02
BfgloooS: raises $0.06 to $0.08
ambaccadop: folds 
MarkAvrelij: folds 
Balash420: folds 
Dr.GregoryB: folds 
olivierflush: calls $0.06
*** FLOP *** [5d 7c 5s]
olivierflush: checks 
BfgloooS: bets $0.08
olivierflush: folds 
Uncalled bet ($0.08) returned to BfgloooS
BfgloooS collected $0.18 from pot
BfgloooS: doesn't show hand 
*** SUMMARY ***
Total pot $0.19 | Rake $0.01 
Board [5d 7c 5s]
Seat 1: Dr.GregoryB (big blind) folded before Flop
Seat 2: carlos RGI folded before Flop (didn't bet)
Seat 3: Dorex2007 folded before Flop (didn't bet)
Seat 4: joaonumero1 folded before Flop (didn't bet)
Seat 5: olivierflush folded on the Flop
Seat 6: BfgloooS collected ($0.18)
Seat 7: ambaccadop folded before Flop (didn't bet)
Seat 8: MarkAvrelij (button) folded before Flop (didn't bet)
Seat 9: Balash420 (small blind) folded before Flop



PokerStars Hand #223671153035:  Hold'em No Limit ($0.01/$0.02 USD) - 2021/02/10 20:42:59 PT [2021/02/10 23:42:59 ET]
Table 'Boyce IV' 9-max Seat #9 is the button
Seat 1: Dr.GregoryB ($1.93 in chips) 
Seat 2: carlos RGI ($1.63 in chips) 
Seat 3: Dorex2007 ($1.83 in chips) 
Seat 4: joaonumero1 ($3.19 in chips) 
Seat 5: olivierflush ($5.60 in chips) 
Seat 6: BfgloooS ($2.10 in chips) 
Seat 7: ambaccadop ($2.21 in chips) 
Seat 8: MarkAvrelij ($2 in chips) 
Seat 9: Balash420 ($3.54 in chips) 
Dr.GregoryB: posts small blind $0.01
carlos RGI: posts big blind $0.02
*** HOLE CARDS ***
Dealt to Dorex2007 [3c 4h]
Dorex2007: folds 
joaonumero1: folds 
olivierflush: folds 
BfgloooS: folds 
ambaccadop: raises $0.05 to $0.07
MarkAvrelij: folds 
Balash420: folds 
Dr.GregoryB: folds 
carlos RGI: calls $0.05
*** FLOP *** [Jc Qh 8h]
carlos RGI: checks 
ambaccadop: bets $0.08
carlos RGI: folds 
Uncalled bet ($0.08) returned to ambaccadop
ambaccadop collected $0.14 from pot
ambaccadop: doesn't show hand 
*** SUMMARY ***
Total pot $0.15 | Rake $0.01 
Board [Jc Qh 8h]
Seat 1: Dr.GregoryB (small blind) folded before Flop
Seat 2: carlos RGI (big blind) folded on the Flop
Seat 3: Dorex2007 folded before Flop (didn't bet)
Seat 4: joaonumero1 folded before Flop (didn't bet)
Seat 5: olivierflush folded before Flop (didn't bet)
Seat 6: BfgloooS folded before Flop (didn't bet)
Seat 7: ambaccadop collected ($0.14)
Seat 8: MarkAvrelij folded before Flop (didn't bet)
Seat 9: Balash420 (button) folded before Flop (didn't bet)



PokerStars Hand #223671163225:  Hold'em No Limit ($0.01/$0.02 USD) - 2021/02/10 20:43:44 PT [2021/02/10 23:43:44 ET]
Table 'Boyce IV' 9-max Seat #1 is the button
Seat 1: Dr.GregoryB ($1.92 in chips) 
Seat 2: carlos RGI ($1.56 in chips) 
Seat 3: Dorex2007 ($1.83 in chips) 
Seat 4: joaonumero1 ($3.19 in chips) 
Seat 5: olivierflush ($5.60 in chips) 
Seat 6: BfgloooS ($2.10 in chips) 
Seat 7: ambaccadop ($2.28 in chips) 
Seat 8: MarkAvrelij ($2 in chips) 
Seat 9: Balash420 ($3.54 in chips) 
carlos RGI: posts small blind $0.01
Dorex2007: posts big blind $0.02
*** HOLE CARDS ***
Dealt to Dorex2007 [6c Qh]
joaonumero1: folds 
olivierflush has timed out
olivierflush: folds 
BfgloooS: folds 
ambaccadop: raises $0.04 to $0.06
MarkAvrelij: folds 
Balash420: calls $0.06
Dr.GregoryB: folds 
carlos RGI: folds 
Dorex2007: folds 
*** FLOP *** [9s 2d 5h]
ambaccadop: checks 
Balash420: bets $0.06
ambaccadop: folds 
Uncalled bet ($0.06) returned to Balash420
Balash420 collected $0.14 from pot
*** SUMMARY ***
Total pot $0.15 | Rake $0.01 
Board [9s 2d 5h]
Seat 1: Dr.GregoryB (button) folded before Flop (didn't bet)
Seat 2: carlos RGI (small blind) folded before Flop
Seat 3: Dorex2007 (big blind) folded before Flop
Seat 4: joaonumero1 folded before Flop (didn't bet)
Seat 5: olivierflush folded before Flop (didn't bet)
Seat 6: BfgloooS folded before Flop (didn't bet)
Seat 7: ambaccadop folded on the Flop
Seat 8: MarkAvrelij folded before Flop (didn't bet)
Seat 9: Balash420 collected ($0.14)



PokerStars Hand #223671173711:  Hold'em No Limit ($0.01/$0.02 USD) - 2021/02/10 20:44:30 PT [2021/02/10 23:44:30 ET]
Table 'Boyce IV' 9-max Seat #2 is the button
Seat 1: Dr.GregoryB ($1.92 in chips) 
Seat 2: carlos RGI ($1.55 in chips) 
Seat 3: Dorex2007 ($1.81 in chips) 
Seat 4: joaonumero1 ($3.19 in chips) 
Seat 5: olivierflush ($5.60 in chips) 
Seat 6: BfgloooS ($2.10 in chips) 
Seat 7: ambaccadop ($2.22 in chips) 
Seat 8: MarkAvrelij ($2 in chips) 
Seat 9: Balash420 ($3.62 in chips) 
Dorex2007: posts small blind $0.01
joaonumero1: posts big blind $0.02
*** HOLE CARDS ***
Dealt to Dorex2007 [As 4h]
olivierflush: folds 
BfgloooS: raises $0.03 to $0.05
ambaccadop: folds 
MarkAvrelij: folds 
Balash420: folds 
Dr.GregoryB: folds 
carlos RGI: folds 
Dorex2007: folds 
joaonumero1: folds 
Uncalled bet ($0.03) returned to BfgloooS
BfgloooS collected $0.05 from pot
BfgloooS: doesn't show hand 
*** SUMMARY ***
Total pot $0.05 | Rake $0 
Seat 1: Dr.GregoryB folded before Flop (didn't bet)
Seat 2: carlos RGI (button) folded before Flop (didn't bet)
Seat 3: Dorex2007 (small blind) folded before Flop
Seat 4: joaonumero1 (big blind) folded before Flop
Seat 5: olivierflush folded before Flop (didn't bet)
Seat 6: BfgloooS collected ($0.05)
Seat 7: ambaccadop folded before Flop (didn't bet)
Seat 8: MarkAvrelij folded before Flop (didn't bet)
Seat 9: Balash420 folded before Flop (didn't bet)



PokerStars Hand #223671178186:  Hold'em No Limit ($0.01/$0.02 USD) - 2021/02/10 20:44:50 PT [2021/02/10 23:44:50 ET]
Table 'Boyce IV' 9-max Seat #3 is the button
Seat 1: Dr.GregoryB ($1.92 in chips) 
Seat 2: carlos RGI ($1.55 in chips) 
Seat 3: Dorex2007 ($1.80 in chips) 
Seat 4: joaonumero1 ($3.17 in chips) 
Seat 5: olivierflush ($5.60 in chips) 
Seat 6: BfgloooS ($2.13 in chips) 
Seat 7: ambaccadop ($2.22 in chips) 
Seat 8: MarkAvrelij ($2 in chips) 
Seat 9: Balash420 ($3.62 in chips) 
joaonumero1: posts small blind $0.01
olivierflush: posts big blind $0.02
*** HOLE CARDS ***
Dealt to Dorex2007 [Th 3h]
BfgloooS: folds 
ambaccadop: calls $0.02
MarkAvrelij: folds 
Balash420: folds 
Dr.GregoryB: folds 
carlos RGI: folds 
Dorex2007: folds 
joaonumero1: folds 
olivierflush: checks 
*** FLOP *** [7h As 9s]
olivierflush: checks 
ambaccadop: bets $0.04
olivierflush: folds 
Uncalled bet ($0.04) returned to ambaccadop
ambaccadop collected $0.05 from pot
ambaccadop: doesn't show hand 
*** SUMMARY ***
Total pot $0.05 | Rake $0 
Board [7h As 9s]
Seat 1: Dr.GregoryB folded before Flop (didn't bet)
Seat 2: carlos RGI folded before Flop (didn't bet)
Seat 3: Dorex2007 (button) folded before Flop (didn't bet)
Seat 4: joaonumero1 (small blind) folded before Flop
Seat 5: olivierflush (big blind) folded on the Flop
Seat 6: BfgloooS folded before Flop (didn't bet)
Seat 7: ambaccadop collected ($0.05)
Seat 8: MarkAvrelij folded before Flop (didn't bet)
Seat 9: Balash420 folded before Flop (didn't bet)



PokerStars Hand #223671189274:  Hold'em No Limit ($0.01/$0.02 USD) - 2021/02/10 20:45:39 PT [2021/02/10 23:45:39 ET]
Table 'Boyce IV' 9-max Seat #4 is the button
Seat 1: Dr.GregoryB ($1.92 in chips) 
Seat 2: carlos RGI ($1.55 in chips) 
Seat 3: Dorex2007 ($1.80 in chips) 
Seat 4: joaonumero1 ($3.16 in chips) 
Seat 5: olivierflush ($5.58 in chips) 
Seat 6: BfgloooS ($2.13 in chips) 
Seat 7: ambaccadop ($2.25 in chips) 
Seat 8: MarkAvrelij ($2 in chips) 
Seat 9: Balash420 ($3.62 in chips) 
olivierflush: posts small blind $0.01
BfgloooS: posts big blind $0.02
*** HOLE CARDS ***
Dealt to Dorex2007 [8c 6h]
ambaccadop: folds 
MarkAvrelij: folds 
Balash420: folds 
Dr.GregoryB: raises $0.04 to $0.06
carlos RGI: folds 
Dorex2007: folds 
joaonumero1: folds 
olivierflush: folds 
BfgloooS: folds 
Uncalled bet ($0.04) returned to Dr.GregoryB
Dr.GregoryB collected $0.05 from pot
*** SUMMARY ***
Total pot $0.05 | Rake $0 
Seat 1: Dr.GregoryB collected ($0.05)
Seat 2: carlos RGI folded before Flop (didn't bet)
Seat 3: Dorex2007 folded before Flop (didn't bet)
Seat 4: joaonumero1 (button) folded before Flop (didn't bet)
Seat 5: olivierflush (small blind) folded before Flop
Seat 6: BfgloooS (big blind) folded before Flop
Seat 7: ambaccadop folded before Flop (didn't bet)
Seat 8: MarkAvrelij folded before Flop (didn't bet)
Seat 9: Balash420 folded before Flop (didn't bet)



PokerStars Hand #223671198166:  Hold'em No Limit ($0.01/$0.02 USD) - 2021/02/10 20:46:19 PT [2021/02/10 23:46:19 ET]
Table 'Boyce IV' 9-max Seat #5 is the button
Seat 1: Dr.GregoryB ($1.95 in chips) 
Seat 2: carlos RGI ($1.55 in chips) 
Seat 3: Dorex2007 ($1.80 in chips) 
Seat 4: joaonumero1 ($3.16 in chips) 
Seat 5: olivierflush ($5.57 in chips) 
Seat 6: BfgloooS ($2.11 in chips) 
Seat 7: ambaccadop ($2.25 in chips) 
Seat 8: MarkAvrelij ($2 in chips) 
Seat 9: Balash420 ($3.62 in chips) 
BfgloooS: posts small blind $0.01
ambaccadop: posts big blind $0.02
*** HOLE CARDS ***
Dealt to Dorex2007 [9h 4c]
MarkAvrelij: folds 
Balash420: folds 
Dr.GregoryB: raises $0.04 to $0.06
carlos RGI: folds 
Dorex2007: folds 
joaonumero1: folds 
olivierflush: calls $0.06
BfgloooS: calls $0.05
ambaccadop: folds 
*** FLOP *** [Qh 7d 4d]
BfgloooS: checks 
Dr.GregoryB: bets $0.14
olivierflush: calls $0.14
BfgloooS: folds 
*** TURN *** [Qh 7d 4d] [Qs]
Dr.GregoryB: bets $0.35
olivierflush: folds 
Uncalled bet ($0.35) returned to Dr.GregoryB
Dr.GregoryB collected $0.46 from pot
*** SUMMARY ***
Total pot $0.48 | Rake $0.02 
Board [Qh 7d 4d Qs]
Seat 1: Dr.GregoryB collected ($0.46)
Seat 2: carlos RGI folded before Flop (didn't bet)
Seat 3: Dorex2007 folded before Flop (didn't bet)
Seat 4: joaonumero1 folded before Flop (didn't bet)
Seat 5: olivierflush (button) folded on the Turn
Seat 6: BfgloooS (small blind) folded on the Flop
Seat 7: ambaccadop (big blind) folded before Flop
Seat 8: MarkAvrelij folded before Flop (didn't bet)
Seat 9: Balash420 folded before Flop (didn't bet)



PokerStars Hand #223671214421:  Hold'em No Limit ($0.01/$0.02 USD) - 2021/02/10 20:47:08 PT [2021/02/10 23:47:08 ET]
Table 'Boyce IV' 9-max Seat #6 is the button
Seat 1: Dr.GregoryB ($2.21 in chips) 
Seat 2: carlos RGI ($1.55 in chips) 
Seat 3: Dorex2007 ($1.80 in chips) 
Seat 4: joaonumero1 ($3.16 in chips) 
Seat 5: olivierflush ($5.37 in chips) 
Seat 6: BfgloooS ($2.05 in chips) 
Seat 7: ambaccadop ($2.23 in chips) 
Seat 8: MarkAvrelij ($2 in chips) 
Seat 9: Balash420 ($3.62 in chips) 
ambaccadop: posts small blind $0.01
MarkAvrelij: posts big blind $0.02
*** HOLE CARDS ***
Dealt to Dorex2007 [Ks 4c]
Balash420: folds 
Dr.GregoryB: folds 
carlos RGI: folds 
Dorex2007: folds 
joaonumero1: folds 
olivierflush: folds 
BfgloooS: folds 
ambaccadop: folds 
Uncalled bet ($0.01) returned to MarkAvrelij
MarkAvrelij collected $0.02 from pot
MarkAvrelij: doesn't show hand 
*** SUMMARY ***
Total pot $0.02 | Rake $0 
Seat 1: Dr.GregoryB folded before Flop (didn't bet)
Seat 2: carlos RGI folded before Flop (didn't bet)
Seat 3: Dorex2007 folded before Flop (didn't bet)
Seat 4: joaonumero1 folded before Flop (didn't bet)
Seat 5: olivierflush folded before Flop (didn't bet)
Seat 6: BfgloooS (button) folded before Flop (didn't bet)
Seat 7: ambaccadop (small blind) folded before Flop
Seat 8: MarkAvrelij (big blind) collected ($0.02)
Seat 9: Balash420 folded before Flop (didn't bet)



PokerStars Hand #223671220255:  Hold'em No Limit ($0.01/$0.02 USD) - 2021/02/10 20:47:35 PT [2021/02/10 23:47:35 ET]
Table 'Boyce IV' 9-max Seat #7 is the button
Seat 1: Dr.GregoryB ($2.21 in chips) 
Seat 2: carlos RGI ($1.55 in chips) 
Seat 3: Dorex2007 ($1.80 in chips) 
Seat 4: joaonumero1 ($3.16 in chips) 
Seat 5: olivierflush ($5.37 in chips) 
Seat 6: BfgloooS ($2.05 in chips) 
Seat 7: ambaccadop ($2.22 in chips) 
Seat 8: MarkAvrelij ($2.01 in chips) 
Seat 9: Balash420 ($3.62 in chips) 
MarkAvrelij: posts small blind $0.01
Balash420: posts big blind $0.02
*** HOLE CARDS ***
Dealt to Dorex2007 [Th 8s]
Dr.GregoryB: folds 
carlos RGI: folds 
Dorex2007: folds 
joaonumero1: folds 
olivierflush: folds 
BfgloooS: folds 
ambaccadop: folds 
MarkAvrelij: calls $0.01
Balash420: checks 
*** FLOP *** [8c Ac Ts]
MarkAvrelij: bets $0.03
Balash420: calls $0.03
*** TURN *** [8c Ac Ts] [3s]
MarkAvrelij: checks 
Balash420: checks 
*** RIVER *** [8c Ac Ts 3s] [Qc]
MarkAvrelij: checks 
Balash420: checks 
*** SHOW DOWN ***
MarkAvrelij: shows [4d 8d] (a pair of Eights)
Balash420: shows [5d Tc] (a pair of Tens)
Balash420 collected $0.10 from pot
*** SUMMARY ***
Total pot $0.10 | Rake $0 
Board [8c Ac Ts 3s Qc]
Seat 1: Dr.GregoryB folded before Flop (didn't bet)
Seat 2: carlos RGI folded before Flop (didn't bet)
Seat 3: Dorex2007 folded before Flop (didn't bet)
Seat 4: joaonumero1 folded before Flop (didn't bet)
Seat 5: olivierflush folded before Flop (didn't bet)
Seat 6: BfgloooS folded before Flop (didn't bet)
Seat 7: ambaccadop (button) folded before Flop (didn't bet)
Seat 8: MarkAvrelij (small blind) showed [4d 8d] and lost with a pair of Eights
Seat 9: Balash420 (big blind) showed [5d Tc] and won ($0.10) with a pair of Tens



PokerStars Hand #223671235905:  Hold'em No Limit ($0.01/$0.02 USD) - 2021/02/10 20:48:46 PT [2021/02/10 23:48:46 ET]
Table 'Boyce IV' 9-max Seat #8 is the button
Seat 1: Dr.GregoryB ($2.21 in chips) 
Seat 2: carlos RGI ($1.55 in chips) 
Seat 3: Dorex2007 ($1.80 in chips) 
Seat 4: joaonumero1 ($3.16 in chips) 
Seat 5: olivierflush ($5.37 in chips) 
Seat 6: BfgloooS ($2.05 in chips) 
Seat 7: ambaccadop ($2.22 in chips) 
Seat 8: MarkAvrelij ($2 in chips) 
Seat 9: Balash420 ($3.67 in chips) 
Balash420: posts small blind $0.01
Dr.GregoryB: posts big blind $0.02
*** HOLE CARDS ***
Dealt to Dorex2007 [9s 2d]
carlos RGI: folds 
Dorex2007: folds 
joaonumero1: folds 
olivierflush: raises $0.05 to $0.07
BfgloooS: folds 
ambaccadop: raises $0.13 to $0.20
MarkAvrelij: folds 
Balash420: folds 
Dr.GregoryB: folds 
olivierflush: calls $0.13
*** FLOP *** [Ad 3h Jh]
olivierflush: checks 
ambaccadop: bets $0.26
olivierflush: folds 
Uncalled bet ($0.26) returned to ambaccadop
ambaccadop collected $0.41 from pot
ambaccadop: doesn't show hand 
*** SUMMARY ***
Total pot $0.43 | Rake $0.02 
Board [Ad 3h Jh]
Seat 1: Dr.GregoryB (big blind) folded before Flop
Seat 2: carlos RGI folded before Flop (didn't bet)
Seat 3: Dorex2007 folded before Flop (didn't bet)
Seat 4: joaonumero1 folded before Flop (didn't bet)
Seat 5: olivierflush folded on the Flop
Seat 6: BfgloooS folded before Flop (didn't bet)
Seat 7: ambaccadop collected ($0.41)
Seat 8: MarkAvrelij (button) folded before Flop (didn't bet)
Seat 9: Balash420 (small blind) folded before Flop



PokerStars Hand #223671247282:  Hold'em No Limit ($0.01/$0.02 USD) - 2021/02/10 20:49:38 PT [2021/02/10 23:49:38 ET]
Table 'Boyce IV' 9-max Seat #9 is the button
Seat 1: Dr.GregoryB ($2.19 in chips) 
Seat 2: carlos RGI ($1.55 in chips) 
Seat 3: Dorex2007 ($1.80 in chips) 
Seat 4: joaonumero1 ($3.16 in chips) 
Seat 5: olivierflush ($5.17 in chips) 
Seat 6: BfgloooS ($2.05 in chips) 
Seat 7: ambaccadop ($2.43 in chips) 
Seat 8: MarkAvrelij ($2 in chips) 
Seat 9: Balash420 ($3.66 in chips) 
Dr.GregoryB: posts small blind $0.01
carlos RGI: posts big blind $0.02
*** HOLE CARDS ***
Dealt to Dorex2007 [5s Tc]
Dorex2007: folds 
joaonumero1: folds 
olivierflush: folds 
BfgloooS: folds 
ambaccadop: folds 
MarkAvrelij: raises $0.03 to $0.05
Balash420: raises $0.05 to $0.10
Dr.GregoryB: folds 
olivierflush leaves the table
carlos RGI: folds 
MarkAvrelij: calls $0.05
*** FLOP *** [4s 3h 3s]
sofaking1973 joins the table at seat #5 
MarkAvrelij: checks 
Balash420: checks 
*** TURN *** [4s 3h 3s] [2d]
MarkAvrelij: bets $0.09
Balash420: folds 
Uncalled bet ($0.09) returned to MarkAvrelij
MarkAvrelij collected $0.22 from pot
MarkAvrelij: doesn't show hand 
*** SUMMARY ***
Total pot $0.23 | Rake $0.01 
Board [4s 3h 3s 2d]
Seat 1: Dr.GregoryB (small blind) folded before Flop
Seat 2: carlos RGI (big blind) folded before Flop
Seat 3: Dorex2007 folded before Flop (didn't bet)
Seat 4: joaonumero1 folded before Flop (didn't bet)
Seat 5: olivierflush folded before Flop (didn't bet)
Seat 6: BfgloooS folded before Flop (didn't bet)
Seat 7: ambaccadop folded before Flop (didn't bet)
Seat 8: MarkAvrelij collected ($0.22)
Seat 9: Balash420 (button) folded on the Turn



PokerStars Hand #223671256397:  Hold'em No Limit ($0.01/$0.02 USD) - 2021/02/10 20:50:21 PT [2021/02/10 23:50:21 ET]
Table 'Boyce IV' 9-max Seat #1 is the button
Seat 1: Dr.GregoryB ($2.18 in chips) 
Seat 2: carlos RGI ($1.53 in chips) 
Seat 3: Dorex2007 ($1.80 in chips) 
Seat 4: joaonumero1 ($3.16 in chips) 
Seat 6: BfgloooS ($2.05 in chips) 
Seat 7: ambaccadop ($2.43 in chips) 
Seat 8: MarkAvrelij ($2.12 in chips) 
Seat 9: Balash420 ($3.56 in chips) 
carlos RGI: posts small blind $0.01
Dorex2007: posts big blind $0.02
sofaking1973: sits out 
*** HOLE CARDS ***
Dealt to Dorex2007 [4c 2c]
joaonumero1: folds 
BfgloooS: folds 
ambaccadop: folds 
MarkAvrelij: folds 
Balash420: folds 
Dr.GregoryB has timed out
Dr.GregoryB: folds 
carlos RGI: raises $0.02 to $0.04
Dorex2007: calls $0.02
*** FLOP *** [Th 3h 5h]
carlos RGI: checks 
Dorex2007: checks 
*** TURN *** [Th 3h 5h] [As]
carlos RGI: checks 
Dorex2007: bets $0.08
carlos RGI: folds 
Uncalled bet ($0.08) returned to Dorex2007
Dorex2007 collected $0.08 from pot
Dorex2007: doesn't show hand 
*** SUMMARY ***
Total pot $0.08 | Rake $0 
Board [Th 3h 5h As]
Seat 1: Dr.GregoryB (button) folded before Flop (didn't bet)
Seat 2: carlos RGI (small blind) folded on the Turn
Seat 3: Dorex2007 (big blind) collected ($0.08)
Seat 4: joaonumero1 folded before Flop (didn't bet)
Seat 6: BfgloooS folded before Flop (didn't bet)
Seat 7: ambaccadop folded before Flop (didn't bet)
Seat 8: MarkAvrelij folded before Flop (didn't bet)
Seat 9: Balash420 folded before Flop (didn't bet)



PokerStars Hand #223671268189:  Hold'em No Limit ($0.01/$0.02 USD) - 2021/02/10 20:51:16 PT [2021/02/10 23:51:16 ET]
Table 'Boyce IV' 9-max Seat #2 is the button
Seat 1: Dr.GregoryB ($2.18 in chips) 
Seat 2: carlos RGI ($1.49 in chips) 
Seat 3: Dorex2007 ($1.84 in chips) 
Seat 4: joaonumero1 ($3.16 in chips) 
Seat 6: BfgloooS ($2.05 in chips) 
Seat 7: ambaccadop ($2.43 in chips) 
Seat 8: MarkAvrelij ($2.12 in chips) 
Seat 9: Balash420 ($3.56 in chips) 
Dorex2007: posts small blind $0.01
joaonumero1: posts big blind $0.02
sofaking1973: sits out 
*** HOLE CARDS ***
Dealt to Dorex2007 [3h 2h]
BfgloooS: raises $0.03 to $0.05
ambaccadop: folds 
MarkAvrelij: folds 
Balash420: folds 
Dr.GregoryB: raises $0.03 to $0.08
carlos RGI: folds 
Dorex2007: folds 
joaonumero1: calls $0.06
BfgloooS: calls $0.03
*** FLOP *** [Ad 7h 8s]
joaonumero1: checks 
BfgloooS: checks 
Dr.GregoryB: checks 
*** TURN *** [Ad 7h 8s] [Qs]
joaonumero1: bets $0.10
BfgloooS: calls $0.10
Dr.GregoryB: folds 
*** RIVER *** [Ad 7h 8s Qs] [6d]
joaonumero1: checks 
BfgloooS: bets $0.16
joaonumero1: calls $0.16
*** SHOW DOWN ***
BfgloooS: shows [As Jh] (a pair of Aces)
joaonumero1: shows [Ah Jd] (a pair of Aces)
joaonumero1 collected $0.37 from pot
BfgloooS collected $0.37 from pot
*** SUMMARY ***
Total pot $0.77 | Rake $0.03 
Board [Ad 7h 8s Qs 6d]
Seat 1: Dr.GregoryB folded on the Turn
Seat 2: carlos RGI (button) folded before Flop (didn't bet)
Seat 3: Dorex2007 (small blind) folded before Flop
Seat 4: joaonumero1 (big blind) showed [Ah Jd] and won ($0.37) with a pair of Aces
Seat 6: BfgloooS showed [As Jh] and won ($0.37) with a pair of Aces
Seat 7: ambaccadop folded before Flop (didn't bet)
Seat 8: MarkAvrelij folded before Flop (didn't bet)
Seat 9: Balash420 folded before Flop (didn't bet)



PokerStars Hand #223671278986:  Hold'em No Limit ($0.01/$0.02 USD) - 2021/02/10 20:52:06 PT [2021/02/10 23:52:06 ET]
Table 'Boyce IV' 9-max Seat #3 is the button
Seat 1: Dr.GregoryB ($2.10 in chips) 
Seat 2: carlos RGI ($1.49 in chips) 
Seat 3: Dorex2007 ($1.83 in chips) 
Seat 4: joaonumero1 ($3.19 in chips) 
Seat 5: sofaking1973 ($2 in chips) 
Seat 6: BfgloooS ($2.08 in chips) 
Seat 7: ambaccadop ($2.43 in chips) 
Seat 8: MarkAvrelij ($2.12 in chips) 
Seat 9: Balash420 ($3.56 in chips) 
joaonumero1: posts small blind $0.01
sofaking1973: posts big blind $0.02
*** HOLE CARDS ***
Dealt to Dorex2007 [3s Qh]
BfgloooS has timed out
BfgloooS: folds 
ambaccadop: folds 
MarkAvrelij: folds 
Balash420: folds 
Dr.GregoryB: calls $0.02
carlos RGI: folds 
Dorex2007: folds 
joaonumero1: folds 
sofaking1973: checks 
*** FLOP *** [4c 9c 3d]
sofaking1973: checks 
Dr.GregoryB: bets $0.04
sofaking1973: calls $0.04
*** TURN *** [4c 9c 3d] [2d]
sofaking1973: checks 
Dr.GregoryB: bets $0.10
sofaking1973: calls $0.10
*** RIVER *** [4c 9c 3d 2d] [2c]
sofaking1973: checks 
Dr.GregoryB: checks 
*** SHOW DOWN ***
sofaking1973: shows [4h 5s] (two pair, Fours and Deuces)
Dr.GregoryB: shows [7s 7h] (two pair, Sevens and Deuces)
Dr.GregoryB collected $0.32 from pot
*** SUMMARY ***
Total pot $0.33 | Rake $0.01 
Board [4c 9c 3d 2d 2c]
Seat 1: Dr.GregoryB showed [7s 7h] and won ($0.32) with two pair, Sevens and Deuces
Seat 2: carlos RGI folded before Flop (didn't bet)
Seat 3: Dorex2007 (button) folded before Flop (didn't bet)
Seat 4: joaonumero1 (small blind) folded before Flop
Seat 5: sofaking1973 (big blind) showed [4h 5s] and lost with two pair, Fours and Deuces
Seat 6: BfgloooS folded before Flop (didn't bet)
Seat 7: ambaccadop folded before Flop (didn't bet)
Seat 8: MarkAvrelij folded before Flop (didn't bet)
Seat 9: Balash420 folded before Flop (didn't bet)



PokerStars Hand #223671288748:  Hold'em No Limit ($0.01/$0.02 USD) - 2021/02/10 20:52:52 PT [2021/02/10 23:52:52 ET]
Table 'Boyce IV' 9-max Seat #4 is the button
Seat 1: Dr.GregoryB ($2.26 in chips) 
Seat 2: carlos RGI ($1.49 in chips) 
Seat 3: Dorex2007 ($1.83 in chips) 
Seat 4: joaonumero1 ($3.18 in chips) 
Seat 5: sofaking1973 ($1.84 in chips) 
Seat 6: BfgloooS ($2.08 in chips) 
Seat 7: ambaccadop ($2.43 in chips) 
Seat 8: MarkAvrelij ($2.12 in chips) 
Seat 9: Balash420 ($3.56 in chips) 
sofaking1973: posts small blind $0.01
BfgloooS: posts big blind $0.02
*** HOLE CARDS ***
Dealt to Dorex2007 [8h 6c]
ambaccadop: raises $0.05 to $0.07
MarkAvrelij: folds 
Balash420: calls $0.07
Dr.GregoryB: folds 
carlos RGI: folds 
Dorex2007: folds 
joaonumero1: folds 
sofaking1973: folds 
BfgloooS: calls $0.05
*** FLOP *** [5s Ts Qh]
BfgloooS: checks 
ambaccadop: bets $0.14
Balash420: folds 
BfgloooS: folds 
Uncalled bet ($0.14) returned to ambaccadop
ambaccadop collected $0.21 from pot
ambaccadop: doesn't show hand 
*** SUMMARY ***
Total pot $0.22 | Rake $0.01 
Board [5s Ts Qh]
Seat 1: Dr.GregoryB folded before Flop (didn't bet)
Seat 2: carlos RGI folded before Flop (didn't bet)
Seat 3: Dorex2007 folded before Flop (didn't bet)
Seat 4: joaonumero1 (button) folded before Flop (didn't bet)
Seat 5: sofaking1973 (small blind) folded before Flop
Seat 6: BfgloooS (big blind) folded on the Flop
Seat 7: ambaccadop collected ($0.21)
Seat 8: MarkAvrelij folded before Flop (didn't bet)
Seat 9: Balash420 folded on the Flop



PokerStars Hand #223671295419:  Hold'em No Limit ($0.01/$0.02 USD) - 2021/02/10 20:53:24 PT [2021/02/10 23:53:24 ET]
Table 'Boyce IV' 9-max Seat #5 is the button
Seat 1: Dr.GregoryB ($2.26 in chips) 
Seat 2: carlos RGI ($1.49 in chips) 
Seat 3: Dorex2007 ($1.83 in chips) 
Seat 4: joaonumero1 ($3.18 in chips) 
Seat 5: sofaking1973 ($1.83 in chips) 
Seat 6: BfgloooS ($2.01 in chips) 
Seat 7: ambaccadop ($2.57 in chips) 
Seat 8: MarkAvrelij ($2.12 in chips) 
Seat 9: Balash420 ($3.49 in chips) 
BfgloooS: posts small blind $0.01
ambaccadop: posts big blind $0.02
*** HOLE CARDS ***
Dealt to Dorex2007 [6h Qd]
MarkAvrelij: folds 
Balash420: folds 
Dr.GregoryB: folds 
carlos RGI: folds 
Dorex2007: folds 
joaonumero1: folds 
sofaking1973: folds 
BfgloooS: folds 
Uncalled bet ($0.01) returned to ambaccadop
ambaccadop collected $0.02 from pot
ambaccadop: doesn't show hand 
*** SUMMARY ***
Total pot $0.02 | Rake $0 
Seat 1: Dr.GregoryB folded before Flop (didn't bet)
Seat 2: carlos RGI folded before Flop (didn't bet)
Seat 3: Dorex2007 folded before Flop (didn't bet)
Seat 4: joaonumero1 folded before Flop (didn't bet)
Seat 5: sofaking1973 (button) folded before Flop (didn't bet)
Seat 6: BfgloooS (small blind) folded before Flop
Seat 7: ambaccadop (big blind) collected ($0.02)
Seat 8: MarkAvrelij folded before Flop (didn't bet)
Seat 9: Balash420 folded before Flop (didn't bet)



PokerStars Hand #223671299714:  Hold'em No Limit ($0.01/$0.02 USD) - 2021/02/10 20:53:44 PT [2021/02/10 23:53:44 ET]
Table 'Boyce IV' 9-max Seat #6 is the button
Seat 1: Dr.GregoryB ($2.26 in chips) 
Seat 2: carlos RGI ($1.49 in chips) 
Seat 3: Dorex2007 ($1.83 in chips) 
Seat 4: joaonumero1 ($3.18 in chips) 
Seat 5: sofaking1973 ($1.83 in chips) 
Seat 6: BfgloooS ($2 in chips) 
Seat 7: ambaccadop ($2.58 in chips) 
Seat 8: MarkAvrelij ($2.12 in chips) 
Seat 9: Balash420 ($3.49 in chips) 
ambaccadop: posts small blind $0.01
MarkAvrelij: posts big blind $0.02
*** HOLE CARDS ***
Dealt to Dorex2007 [5h Ks]
Balash420: folds 
Dr.GregoryB: raises $0.06 to $0.08
carlos RGI: calls $0.08
Dorex2007: folds 
joaonumero1: folds 
sofaking1973: folds 
BfgloooS: folds 
ambaccadop: calls $0.07
MarkAvrelij: folds 
*** FLOP *** [8c 7h Qs]
ambaccadop: checks 
Dr.GregoryB: bets $0.14
carlos RGI: folds 
ambaccadop: calls $0.14
*** TURN *** [8c 7h Qs] [Ts]
ambaccadop: checks 
Dr.GregoryB: bets $0.39
ambaccadop: folds 
Uncalled bet ($0.39) returned to Dr.GregoryB
Dr.GregoryB collected $0.52 from pot
*** SUMMARY ***
Total pot $0.54 | Rake $0.02 
Board [8c 7h Qs Ts]
Seat 1: Dr.GregoryB collected ($0.52)
Seat 2: carlos RGI folded on the Flop
Seat 3: Dorex2007 folded before Flop (didn't bet)
Seat 4: joaonumero1 folded before Flop (didn't bet)
Seat 5: sofaking1973 folded before Flop (didn't bet)
Seat 6: BfgloooS (button) folded before Flop (didn't bet)
Seat 7: ambaccadop (small blind) folded on the Turn
Seat 8: MarkAvrelij (big blind) folded before Flop
Seat 9: Balash420 folded before Flop (didn't bet)



PokerStars Hand #223671315245:  Hold'em No Limit ($0.01/$0.02 USD) - 2021/02/10 20:54:30 PT [2021/02/10 23:54:30 ET]
Table 'Boyce IV' 9-max Seat #7 is the button
Seat 1: Dr.GregoryB ($2.56 in chips) 
Seat 2: carlos RGI ($1.41 in chips) 
Seat 3: Dorex2007 ($1.83 in chips) 
Seat 4: joaonumero1 ($3.18 in chips) 
Seat 5: sofaking1973 ($1.83 in chips) 
Seat 6: BfgloooS ($2 in chips) 
Seat 7: ambaccadop ($2.36 in chips) 
Seat 8: MarkAvrelij ($2.10 in chips) 
Seat 9: Balash420 ($3.49 in chips) 
MarkAvrelij: posts small blind $0.01
Balash420: posts big blind $0.02
*** HOLE CARDS ***
Dealt to Dorex2007 [Tc 3c]
Dr.GregoryB: folds 
carlos RGI: folds 
Dorex2007: folds 
joaonumero1: folds 
sofaking1973: folds 
BfgloooS: folds 
ambaccadop: folds 
MarkAvrelij: folds 
Uncalled bet ($0.01) returned to Balash420
Balash420 collected $0.02 from pot
*** SUMMARY ***
Total pot $0.02 | Rake $0 
Seat 1: Dr.GregoryB folded before Flop (didn't bet)
Seat 2: carlos RGI folded before Flop (didn't bet)
Seat 3: Dorex2007 folded before Flop (didn't bet)
Seat 4: joaonumero1 folded before Flop (didn't bet)
Seat 5: sofaking1973 folded before Flop (didn't bet)
Seat 6: BfgloooS folded before Flop (didn't bet)
Seat 7: ambaccadop (button) folded before Flop (didn't bet)
Seat 8: MarkAvrelij (small blind) folded before Flop
Seat 9: Balash420 (big blind) collected ($0.02)



PokerStars Hand #223671319283:  Hold'em No Limit ($0.01/$0.02 USD) - 2021/02/10 20:54:49 PT [2021/02/10 23:54:49 ET]
Table 'Boyce IV' 9-max Seat #8 is the button
Seat 1: Dr.GregoryB ($2.56 in chips) 
Seat 2: carlos RGI ($1.41 in chips) 
Seat 3: Dorex2007 ($1.83 in chips) 
Seat 4: joaonumero1 ($3.18 in chips) 
Seat 5: sofaking1973 ($1.83 in chips) 
Seat 6: BfgloooS ($2 in chips) 
Seat 7: ambaccadop ($2.36 in chips) 
Seat 8: MarkAvrelij ($2.09 in chips) 
Seat 9: Balash420 ($3.50 in chips) 
Balash420: posts small blind $0.01
Dr.GregoryB: posts big blind $0.02
*** HOLE CARDS ***
Dealt to Dorex2007 [Ad 5d]
carlos RGI: raises $0.04 to $0.06
Dorex2007: folds 
joaonumero1: folds 
sofaking1973: folds 
BfgloooS: folds 
ambaccadop: folds 
MarkAvrelij: folds 
Balash420: folds 
Dr.GregoryB: folds 
Uncalled bet ($0.04) returned to carlos RGI
carlos RGI collected $0.05 from pot
carlos RGI: doesn't show hand 
*** SUMMARY ***
Total pot $0.05 | Rake $0 
Seat 1: Dr.GregoryB (big blind) folded before Flop
Seat 2: carlos RGI collected ($0.05)
Seat 3: Dorex2007 folded before Flop (didn't bet)
Seat 4: joaonumero1 folded before Flop (didn't bet)
Seat 5: sofaking1973 folded before Flop (didn't bet)
Seat 6: BfgloooS folded before Flop (didn't bet)
Seat 7: ambaccadop folded before Flop (didn't bet)
Seat 8: MarkAvrelij (button) folded before Flop (didn't bet)
Seat 9: Balash420 (small blind) folded before Flop



PokerStars Hand #223671323552:  Hold'em No Limit ($0.01/$0.02 USD) - 2021/02/10 20:55:11 PT [2021/02/10 23:55:11 ET]
Table 'Boyce IV' 9-max Seat #9 is the button
Seat 1: Dr.GregoryB ($2.54 in chips) 
Seat 2: carlos RGI ($1.44 in chips) 
Seat 3: Dorex2007 ($1.83 in chips) 
Seat 4: joaonumero1 ($3.18 in chips) 
Seat 5: sofaking1973 ($1.83 in chips) 
Seat 6: BfgloooS ($2 in chips) 
Seat 7: ambaccadop ($2.36 in chips) 
Seat 8: MarkAvrelij ($2.09 in chips) 
Seat 9: Balash420 ($3.49 in chips) 
Dr.GregoryB: posts small blind $0.01
carlos RGI: posts big blind $0.02
*** HOLE CARDS ***
Dealt to Dorex2007 [Js 6h]
Dorex2007: folds 
joaonumero1: folds 
sofaking1973: folds 
BfgloooS: folds 
ambaccadop: folds 
MarkAvrelij: raises $0.03 to $0.05
Balash420: raises $0.07 to $0.12
Dr.GregoryB: folds 
carlos RGI: folds 
MarkAvrelij: folds 
Uncalled bet ($0.07) returned to Balash420
Balash420 collected $0.13 from pot
*** SUMMARY ***
Total pot $0.13 | Rake $0 
Seat 1: Dr.GregoryB (small blind) folded before Flop
Seat 2: carlos RGI (big blind) folded before Flop
Seat 3: Dorex2007 folded before Flop (didn't bet)
Seat 4: joaonumero1 folded before Flop (didn't bet)
Seat 5: sofaking1973 folded before Flop (didn't bet)
Seat 6: BfgloooS folded before Flop (didn't bet)
Seat 7: ambaccadop folded before Flop (didn't bet)
Seat 8: MarkAvrelij folded before Flop
Seat 9: Balash420 (button) collected ($0.13)



PokerStars Hand #223671327998:  Hold'em No Limit ($0.01/$0.02 USD) - 2021/02/10 20:55:38 PT [2021/02/10 23:55:38 ET]
Table 'Boyce IV' 9-max Seat #1 is the button
Seat 1: Dr.GregoryB ($2.53 in chips) 
Seat 2: carlos RGI ($1.42 in chips) 
Seat 3: Dorex2007 ($1.83 in chips) 
Seat 4: joaonumero1 ($3.18 in chips) 
Seat 5: sofaking1973 ($1.83 in chips) 
Seat 6: BfgloooS ($2 in chips) 
Seat 7: ambaccadop ($2.36 in chips) 
Seat 8: MarkAvrelij ($2.04 in chips) 
Seat 9: Balash420 ($3.57 in chips) 
carlos RGI: posts small blind $0.01
Dorex2007: posts big blind $0.02
*** HOLE CARDS ***
Dealt to Dorex2007 [2h 6h]
joaonumero1 has timed out
joaonumero1: folds 
sofaking1973: folds 
BfgloooS: folds 
ambaccadop: raises $0.05 to $0.07
joaonumero1 leaves the table
MarkAvrelij: folds 
Balash420: calls $0.07
Dr.GregoryB: calls $0.07
carlos RGI: calls $0.06
Dorex2007: folds 
*** FLOP *** [Ad Jd 9h]
carlos RGI: checks 
ambaccadop: checks 
Balash420: checks 
Dr.GregoryB: bets $0.22
carlos RGI: folds 
ambaccadop: calls $0.22
Balash420: calls $0.22
*** TURN *** [Ad Jd 9h] [Ks]
ambaccadop: checks 
CdnBassist joins the table at seat #4 
Balash420: checks 
Dr.GregoryB: bets $0.51
ambaccadop: raises $0.91 to $1.42
Balash420: folds 
Dr.GregoryB: raises $0.82 to $2.24 and is all-in
ambaccadop: calls $0.65 and is all-in
Uncalled bet ($0.17) returned to Dr.GregoryB
*** RIVER *** [Ad Jd 9h Ks] [5c]
*** SHOW DOWN ***
ambaccadop: shows [Js Jc] (three of a kind, Jacks)
Dr.GregoryB: shows [Kd 9d] (two pair, Kings and Nines)
ambaccadop cashed out the hand for $3.65 | Cash Out Fee $0.04
*** SUMMARY ***
Total pot $5.10 | Rake $0.18 
Board [Ad Jd 9h Ks 5c]
Seat 1: Dr.GregoryB (button) showed [Kd 9d] and lost with two pair, Kings and Nines
Seat 2: carlos RGI (small blind) folded on the Flop
Seat 3: Dorex2007 (big blind) folded before Flop
Seat 4: joaonumero1 folded before Flop (didn't bet)
Seat 5: sofaking1973 folded before Flop (didn't bet)
Seat 6: BfgloooS folded before Flop (didn't bet)
Seat 7: ambaccadop showed [Js Jc] and won ($4.92) with three of a kind, Jacks (pot not awarded as player cashed out)
Seat 8: MarkAvrelij folded before Flop (didn't bet)
Seat 9: Balash420 folded on the Turn



PokerStars Hand #223671344022:  Hold'em No Limit ($0.01/$0.02 USD) - 2021/02/10 20:57:12 PT [2021/02/10 23:57:12 ET]
Table 'Boyce IV' 9-max Seat #2 is the button
Seat 1: Dr.GregoryB ($0.17 in chips) 
Seat 2: carlos RGI ($1.35 in chips) 
Seat 3: Dorex2007 ($1.81 in chips) 
Seat 4: CdnBassist ($0.80 in chips) 
Seat 5: sofaking1973 ($1.83 in chips) 
Seat 6: BfgloooS ($2 in chips) 
Seat 7: ambaccadop ($3.65 in chips) 
Seat 8: MarkAvrelij ($2.04 in chips) 
Seat 9: Balash420 ($3.28 in chips) 
Dorex2007: posts small blind $0.01
CdnBassist: posts big blind $0.02
*** HOLE CARDS ***
Dealt to Dorex2007 [Ac 6h]
sofaking1973: folds 
BfgloooS: raises $0.03 to $0.05
ambaccadop: folds 
MarkAvrelij: folds 
Balash420: folds 
Dr.GregoryB: raises $0.12 to $0.17 and is all-in
carlos RGI: folds 
Dorex2007: folds 
CdnBassist: folds 
BfgloooS: calls $0.12
*** FLOP *** [6s 9d Ks]
*** TURN *** [6s 9d Ks] [Ah]
*** RIVER *** [6s 9d Ks Ah] [3c]
*** SHOW DOWN ***
BfgloooS: shows [Jc Kc] (a pair of Kings)
Dr.GregoryB: shows [9h 8h] (a pair of Nines)
BfgloooS collected $0.36 from pot
*** SUMMARY ***
Total pot $0.37 | Rake $0.01 
Board [6s 9d Ks Ah 3c]
Seat 1: Dr.GregoryB showed [9h 8h] and lost with a pair of Nines
Seat 2: carlos RGI (button) folded before Flop (didn't bet)
Seat 3: Dorex2007 (small blind) folded before Flop
Seat 4: CdnBassist (big blind) folded before Flop
Seat 5: sofaking1973 folded before Flop (didn't bet)
Seat 6: BfgloooS showed [Jc Kc] and won ($0.36) with a pair of Kings
Seat 7: ambaccadop folded before Flop (didn't bet)
Seat 8: MarkAvrelij folded before Flop (didn't bet)
Seat 9: Balash420 folded before Flop (didn't bet)



PokerStars Hand #223671351234:  Hold'em No Limit ($0.01/$0.02 USD) - 2021/02/10 20:57:54 PT [2021/02/10 23:57:54 ET]
Table 'Boyce IV' 9-max Seat #3 is the button
Seat 2: carlos RGI ($1.35 in chips) 
Seat 3: Dorex2007 ($1.80 in chips) 
Seat 4: CdnBassist ($0.78 in chips) 
Seat 5: sofaking1973 ($1.83 in chips) 
Seat 6: BfgloooS ($2.19 in chips) 
Seat 7: ambaccadop ($3.65 in chips) 
Seat 8: MarkAvrelij ($2.04 in chips) 
Seat 9: Balash420 ($3.28 in chips) 
CdnBassist: posts small blind $0.01
sofaking1973: posts big blind $0.02
*** HOLE CARDS ***
Dealt to Dorex2007 [Kd 9h]
Dr.GregoryB leaves the table
BfgloooS: folds 
ambaccadop: folds 
MarkAvrelij: raises $0.03 to $0.05
Balash420: folds 
carlos RGI: folds 
SirKuri joins the table at seat #1 
Dorex2007: calls $0.05
CdnBassist: folds 
sofaking1973: folds 
*** FLOP *** [3c 9c 8d]
MarkAvrelij: checks 
Dorex2007: bets $0.07
MarkAvrelij: calls $0.07
*** TURN *** [3c 9c 8d] [8c]
MarkAvrelij: checks 
Dorex2007: bets $0.13
MarkAvrelij: calls $0.13
*** RIVER *** [3c 9c 8d 8c] [7d]
MarkAvrelij: checks 
Dorex2007: checks 
*** SHOW DOWN ***
MarkAvrelij: shows [Kc Qc] (a flush, King high)
Dorex2007: mucks hand 
MarkAvrelij collected $0.51 from pot
*** SUMMARY ***
Total pot $0.53 | Rake $0.02 
Board [3c 9c 8d 8c 7d]
Seat 2: carlos RGI folded before Flop (didn't bet)
Seat 3: Dorex2007 (button) mucked [Kd 9h]
Seat 4: CdnBassist (small blind) folded before Flop
Seat 5: sofaking1973 (big blind) folded before Flop
Seat 6: BfgloooS folded before Flop (didn't bet)
Seat 7: ambaccadop folded before Flop (didn't bet)
Seat 8: MarkAvrelij showed [Kc Qc] and won ($0.51) with a flush, King high
Seat 9: Balash420 folded before Flop (didn't bet)



PokerStars Hand #223671359644:  Hold'em No Limit ($0.01/$0.02 USD) - 2021/02/10 20:58:44 PT [2021/02/10 23:58:44 ET]
Table 'Boyce IV' 9-max Seat #4 is the button
Seat 2: carlos RGI ($1.35 in chips) 
Seat 3: Dorex2007 ($1.55 in chips) 
Seat 4: CdnBassist ($0.77 in chips) 
Seat 5: sofaking1973 ($1.81 in chips) 
Seat 6: BfgloooS ($2.19 in chips) 
Seat 7: ambaccadop ($3.65 in chips) 
Seat 8: MarkAvrelij ($2.30 in chips) 
Seat 9: Balash420 ($3.28 in chips) 
sofaking1973: posts small blind $0.01
BfgloooS: posts big blind $0.02
SirKuri: sits out 
*** HOLE CARDS ***
Dealt to Dorex2007 [As Qh]
ambaccadop: folds 
MarkAvrelij: raises $0.03 to $0.05
Balash420: calls $0.05
carlos RGI: folds 
Dorex2007: calls $0.05
CdnBassist: folds 
sofaking1973: folds 
BfgloooS: folds 
*** FLOP *** [3d Qd Ts]
MarkAvrelij: bets $0.07
Balash420: calls $0.07
Dorex2007: raises $0.19 to $0.26
MarkAvrelij: folds 
Balash420: calls $0.19
*** TURN *** [3d Qd Ts] [5c]
Balash420: checks 
Dorex2007: bets $0.74
Balash420: calls $0.74
*** RIVER *** [3d Qd Ts 5c] [4h]
Balash420: checks 
Dorex2007: checks 
*** SHOW DOWN ***
Balash420: shows [Ad Jd] (high card Ace)
Dorex2007: shows [As Qh] (a pair of Queens)
Dorex2007 collected $2.17 from pot
*** SUMMARY ***
Total pot $2.25 | Rake $0.08 
Board [3d Qd Ts 5c 4h]
Seat 2: carlos RGI folded before Flop (didn't bet)
Seat 3: Dorex2007 showed [As Qh] and won ($2.17) with a pair of Queens
Seat 4: CdnBassist (button) folded before Flop (didn't bet)
Seat 5: sofaking1973 (small blind) folded before Flop
Seat 6: BfgloooS (big blind) folded before Flop
Seat 7: ambaccadop folded before Flop (didn't bet)
Seat 8: MarkAvrelij folded on the Flop
Seat 9: Balash420 showed [Ad Jd] and lost with high card Ace



PokerStars Hand #223671371467:  Hold'em No Limit ($0.01/$0.02 USD) - 2021/02/10 20:59:54 PT [2021/02/10 23:59:54 ET]
Table 'Boyce IV' 9-max Seat #5 is the button
Seat 2: carlos RGI ($1.35 in chips) 
Seat 3: Dorex2007 ($2.67 in chips) 
Seat 4: CdnBassist ($0.77 in chips) 
Seat 5: sofaking1973 ($1.80 in chips) 
Seat 6: BfgloooS ($2.17 in chips) 
Seat 7: ambaccadop ($3.65 in chips) 
Seat 8: MarkAvrelij ($2.18 in chips) 
Seat 9: Balash420 ($2.23 in chips) 
BfgloooS: posts small blind $0.01
ambaccadop: posts big blind $0.02
SirKuri: sits out 
*** HOLE CARDS ***
Dealt to Dorex2007 [7h Ac]
MarkAvrelij: folds 
Balash420: folds 
carlos RGI: folds 
Dorex2007: folds 
CdnBassist: folds 
sofaking1973: folds 
BfgloooS: raises $0.04 to $0.06
ambaccadop: folds 
Uncalled bet ($0.04) returned to BfgloooS
BfgloooS collected $0.04 from pot
BfgloooS: doesn't show hand 
*** SUMMARY ***
Total pot $0.04 | Rake $0 
Seat 2: carlos RGI folded before Flop (didn't bet)
Seat 3: Dorex2007 folded before Flop (didn't bet)
Seat 4: CdnBassist folded before Flop (didn't bet)
Seat 5: sofaking1973 (button) folded before Flop (didn't bet)
Seat 6: BfgloooS (small blind) collected ($0.04)
Seat 7: ambaccadop (big blind) folded before Flop
Seat 8: MarkAvrelij folded before Flop (didn't bet)
Seat 9: Balash420 folded before Flop (didn't bet)



