PokerStars Hand #228368624242:  Hold'em No Limit ($0.01/$0.02 USD) - 2021/07/17 15:33:22 PT [2021/07/17 18:33:22 ET]
Table 'Jessonda' 9-max Seat #9 is the button
Seat 1: Dr_Erema ($5.32 in chips) 
Seat 2: patrao75 ($0.98 in chips) 
Seat 4: kreator1984 ($4.20 in chips) 
Seat 5: Alehta ($2.89 in chips) 
Seat 6: loyola2211 ($1.89 in chips) 
Seat 7: BryanHefty ($3.42 in chips) 
Seat 8: Dorex2007 ($2 in chips) 
Seat 9: gailondoo ($6.28 in chips) 
Dr_Erema: posts small blind $0.01
patrao75: posts big blind $0.02
4opl1a: sits out 
Dorex2007: posts big blind $0.02
*** HOLE CARDS ***
Dealt to Dorex2007 [Qd Qc]
kreator1984: folds 
Alehta: folds 
loyola2211: folds 
BryanHefty: folds 
Dorex2007: raises $0.04 to $0.06
gailondoo: folds 
Dr_Erema: raises $0.12 to $0.18
patrao75: folds 
Dorex2007: calls $0.12
*** FLOP *** [As 3h 6s]
Dr_Erema: bets $0.16
Dorex2007: calls $0.16
*** TURN *** [As 3h 6s] [Ts]
Dr_Erema: checks 
Dorex2007: bets $0.34
Dr_Erema: folds 
Uncalled bet ($0.34) returned to Dorex2007
Dorex2007 collected $0.68 from pot
Dorex2007: doesn't show hand 
*** SUMMARY ***
Total pot $0.70 | Rake $0.02 
Board [As 3h 6s Ts]
Seat 1: Dr_Erema (small blind) folded on the Turn
Seat 2: patrao75 (big blind) folded before Flop
Seat 4: kreator1984 folded before Flop (didn't bet)
Seat 5: Alehta folded before Flop (didn't bet)
Seat 6: loyola2211 folded before Flop (didn't bet)
Seat 7: BryanHefty folded before Flop (didn't bet)
Seat 8: Dorex2007 collected ($0.68)
Seat 9: gailondoo (button) folded before Flop (didn't bet)



PokerStars Hand #228368643406:  Hold'em No Limit ($0.01/$0.02 USD) - 2021/07/17 15:34:09 PT [2021/07/17 18:34:09 ET]
Table 'Jessonda' 9-max Seat #1 is the button
Seat 1: Dr_Erema ($4.98 in chips) 
Seat 2: patrao75 ($0.96 in chips) 
Seat 3: 4opl1a ($2 in chips) 
Seat 4: kreator1984 ($4.20 in chips) 
Seat 5: Alehta ($2.89 in chips) 
Seat 6: loyola2211 ($1.89 in chips) 
Seat 7: BryanHefty ($3.42 in chips) 
Seat 8: Dorex2007 ($2.34 in chips) 
Seat 9: gailondoo ($6.28 in chips) 
patrao75: posts small blind $0.01
4opl1a: posts big blind $0.02
*** HOLE CARDS ***
Dealt to Dorex2007 [Ah 9h]
kreator1984: folds 
Alehta: folds 
loyola2211: raises $0.04 to $0.06
BryanHefty: folds 
Dorex2007: folds 
gailondoo: folds 
Dr_Erema: folds 
patrao75: folds 
4opl1a: calls $0.04
*** FLOP *** [6h 8h 5d]
4opl1a: checks 
loyola2211: checks 
*** TURN *** [6h 8h 5d] [6d]
4opl1a: checks 
loyola2211: bets $0.06
4opl1a: calls $0.06
*** RIVER *** [6h 8h 5d 6d] [4h]
4opl1a: checks 
loyola2211: checks 
*** SHOW DOWN ***
4opl1a: shows [8c 8d] (a full house, Eights full of Sixes)
loyola2211: mucks hand 
4opl1a collected $0.24 from pot
*** SUMMARY ***
Total pot $0.25 | Rake $0.01 
Board [6h 8h 5d 6d 4h]
Seat 1: Dr_Erema (button) folded before Flop (didn't bet)
Seat 2: patrao75 (small blind) folded before Flop
Seat 3: 4opl1a (big blind) showed [8c 8d] and won ($0.24) with a full house, Eights full of Sixes
Seat 4: kreator1984 folded before Flop (didn't bet)
Seat 5: Alehta folded before Flop (didn't bet)
Seat 6: loyola2211 mucked [Ad Jd]
Seat 7: BryanHefty folded before Flop (didn't bet)
Seat 8: Dorex2007 folded before Flop (didn't bet)
Seat 9: gailondoo folded before Flop (didn't bet)



PokerStars Hand #228368667263:  Hold'em No Limit ($0.01/$0.02 USD) - 2021/07/17 15:35:09 PT [2021/07/17 18:35:09 ET]
Table 'Jessonda' 9-max Seat #2 is the button
Seat 1: Dr_Erema ($4.98 in chips) 
Seat 2: patrao75 ($0.95 in chips) 
Seat 3: 4opl1a ($2.12 in chips) 
Seat 4: kreator1984 ($4.20 in chips) 
Seat 5: Alehta ($2.89 in chips) 
Seat 6: loyola2211 ($1.77 in chips) 
Seat 7: BryanHefty ($3.42 in chips) 
Seat 8: Dorex2007 ($2.34 in chips) 
Seat 9: gailondoo ($6.28 in chips) 
4opl1a: posts small blind $0.01
kreator1984: posts big blind $0.02
*** HOLE CARDS ***
Dealt to Dorex2007 [Tc 4d]
Alehta: folds 
loyola2211: folds 
BryanHefty has timed out
BryanHefty: folds 
Dorex2007: folds 
gailondoo: folds 
Dr_Erema: raises $0.03 to $0.05
patrao75: folds 
4opl1a: folds 
kreator1984: folds 
Uncalled bet ($0.03) returned to Dr_Erema
Dr_Erema collected $0.05 from pot
Dr_Erema: doesn't show hand 
*** SUMMARY ***
Total pot $0.05 | Rake $0 
Seat 1: Dr_Erema collected ($0.05)
Seat 2: patrao75 (button) folded before Flop (didn't bet)
Seat 3: 4opl1a (small blind) folded before Flop
Seat 4: kreator1984 (big blind) folded before Flop
Seat 5: Alehta folded before Flop (didn't bet)
Seat 6: loyola2211 folded before Flop (didn't bet)
Seat 7: BryanHefty folded before Flop (didn't bet)
Seat 8: Dorex2007 folded before Flop (didn't bet)
Seat 9: gailondoo folded before Flop (didn't bet)



PokerStars Hand #228368678256:  Hold'em No Limit ($0.01/$0.02 USD) - 2021/07/17 15:35:37 PT [2021/07/17 18:35:37 ET]
Table 'Jessonda' 9-max Seat #3 is the button
Seat 1: Dr_Erema ($5.01 in chips) 
Seat 2: patrao75 ($0.95 in chips) 
Seat 3: 4opl1a ($2.11 in chips) 
Seat 4: kreator1984 ($4.18 in chips) 
Seat 5: Alehta ($2.89 in chips) 
Seat 6: loyola2211 ($1.77 in chips) 
Seat 7: BryanHefty ($3.42 in chips) 
Seat 8: Dorex2007 ($2.34 in chips) 
Seat 9: gailondoo ($6.28 in chips) 
kreator1984: posts small blind $0.01
Alehta: posts big blind $0.02
*** HOLE CARDS ***
Dealt to Dorex2007 [4c 2s]
loyola2211: raises $0.05 to $0.07
BryanHefty: folds 
Dorex2007: folds 
gailondoo: folds 
Dr_Erema: folds 
patrao75: folds 
4opl1a: folds 
kreator1984: folds 
Alehta: calls $0.05
*** FLOP *** [Jc Qd 7c]
Alehta: checks 
loyola2211: bets $0.10
Alehta: raises $0.20 to $0.30
loyola2211: raises $0.74 to $1.04
Alehta: raises $1.78 to $2.82 and is all-in
loyola2211: calls $0.66 and is all-in
Uncalled bet ($1.12) returned to Alehta
*** TURN *** [Jc Qd 7c] [Td]
*** RIVER *** [Jc Qd 7c Td] [8h]
*** SHOW DOWN ***
Alehta: shows [Js Qs] (two pair, Queens and Jacks)
loyola2211: shows [Qh Qc] (three of a kind, Queens)
loyola2211 cashed out the hand for $3.39 | Cash Out Fee $0.03
*** SUMMARY ***
Total pot $3.55 | Rake $0.12 
Board [Jc Qd 7c Td 8h]
Seat 1: Dr_Erema folded before Flop (didn't bet)
Seat 2: patrao75 folded before Flop (didn't bet)
Seat 3: 4opl1a (button) folded before Flop (didn't bet)
Seat 4: kreator1984 (small blind) folded before Flop
Seat 5: Alehta (big blind) showed [Js Qs] and lost with two pair, Queens and Jacks
Seat 6: loyola2211 showed [Qh Qc] and won ($3.43) with three of a kind, Queens (pot not awarded as player cashed out)
Seat 7: BryanHefty folded before Flop (didn't bet)
Seat 8: Dorex2007 folded before Flop (didn't bet)
Seat 9: gailondoo folded before Flop (didn't bet)



PokerStars Hand #228368700032:  Hold'em No Limit ($0.01/$0.02 USD) - 2021/07/17 15:36:32 PT [2021/07/17 18:36:32 ET]
Table 'Jessonda' 9-max Seat #4 is the button
Seat 1: Dr_Erema ($5.01 in chips) 
Seat 2: patrao75 ($0.95 in chips) 
Seat 3: 4opl1a ($2.11 in chips) 
Seat 4: kreator1984 ($4.17 in chips) 
Seat 5: Alehta ($2 in chips) 
Seat 6: loyola2211 ($3.39 in chips) 
Seat 7: BryanHefty ($3.42 in chips) 
Seat 8: Dorex2007 ($2.34 in chips) 
Seat 9: gailondoo ($6.28 in chips) 
Alehta: posts small blind $0.01
loyola2211: posts big blind $0.02
*** HOLE CARDS ***
Dealt to Dorex2007 [7s 2c]
BryanHefty: folds 
Dorex2007: folds 
gailondoo: folds 
Dr_Erema: calls $0.02
patrao75: folds 
4opl1a: raises $0.05 to $0.07
kreator1984: folds 
Alehta: folds 
loyola2211: folds 
Dr_Erema: calls $0.05
*** FLOP *** [3h Jc 5c]
Dr_Erema: checks 
4opl1a: bets $0.06
Dr_Erema: calls $0.06
*** TURN *** [3h Jc 5c] [As]
Dr_Erema: checks 
4opl1a: bets $0.16
Dr_Erema: folds 
Uncalled bet ($0.16) returned to 4opl1a
4opl1a collected $0.28 from pot
4opl1a: doesn't show hand 
*** SUMMARY ***
Total pot $0.29 | Rake $0.01 
Board [3h Jc 5c As]
Seat 1: Dr_Erema folded on the Turn
Seat 2: patrao75 folded before Flop (didn't bet)
Seat 3: 4opl1a collected ($0.28)
Seat 4: kreator1984 (button) folded before Flop (didn't bet)
Seat 5: Alehta (small blind) folded before Flop
Seat 6: loyola2211 (big blind) folded before Flop
Seat 7: BryanHefty folded before Flop (didn't bet)
Seat 8: Dorex2007 folded before Flop (didn't bet)
Seat 9: gailondoo folded before Flop (didn't bet)



PokerStars Hand #228368721550:  Hold'em No Limit ($0.01/$0.02 USD) - 2021/07/17 15:37:15 PT [2021/07/17 18:37:15 ET]
Table 'Jessonda' 9-max Seat #5 is the button
Seat 1: Dr_Erema ($4.88 in chips) 
Seat 2: patrao75 ($0.95 in chips) 
Seat 3: 4opl1a ($2.26 in chips) 
Seat 4: kreator1984 ($4.17 in chips) 
Seat 5: Alehta ($1.99 in chips) 
Seat 6: loyola2211 ($3.37 in chips) 
Seat 7: BryanHefty ($3.42 in chips) 
Seat 8: Dorex2007 ($2.34 in chips) 
Seat 9: gailondoo ($6.28 in chips) 
loyola2211: posts small blind $0.01
BryanHefty: posts big blind $0.02
*** HOLE CARDS ***
Dealt to Dorex2007 [8c 8d]
Dorex2007: raises $0.02 to $0.04
gailondoo: folds 
Dr_Erema: folds 
patrao75: folds 
4opl1a: folds 
kreator1984: folds 
Alehta: calls $0.04
loyola2211: folds 
BryanHefty: calls $0.02
*** FLOP *** [Qc 7d Ad]
BryanHefty: checks 
Dorex2007: checks 
Alehta: bets $0.05
BryanHefty: folds 
Dorex2007: folds 
Uncalled bet ($0.05) returned to Alehta
Alehta collected $0.13 from pot
Alehta: doesn't show hand 
*** SUMMARY ***
Total pot $0.13 | Rake $0 
Board [Qc 7d Ad]
Seat 1: Dr_Erema folded before Flop (didn't bet)
Seat 2: patrao75 folded before Flop (didn't bet)
Seat 3: 4opl1a folded before Flop (didn't bet)
Seat 4: kreator1984 folded before Flop (didn't bet)
Seat 5: Alehta (button) collected ($0.13)
Seat 6: loyola2211 (small blind) folded before Flop
Seat 7: BryanHefty (big blind) folded on the Flop
Seat 8: Dorex2007 folded on the Flop
Seat 9: gailondoo folded before Flop (didn't bet)



PokerStars Hand #228368760387:  Hold'em No Limit ($0.01/$0.02 USD) - 2021/07/17 15:38:53 PT [2021/07/17 18:38:53 ET]
Table 'Jessonda' 9-max Seat #6 is the button
Seat 1: Dr_Erema ($4.88 in chips) 
Seat 2: patrao75 ($0.95 in chips) 
Seat 3: 4opl1a ($2.26 in chips) 
Seat 4: kreator1984 ($4.17 in chips) 
Seat 5: Alehta ($2.08 in chips) 
Seat 6: loyola2211 ($3.36 in chips) 
Seat 7: BryanHefty ($3.38 in chips) 
Seat 8: Dorex2007 ($2.30 in chips) 
Seat 9: gailondoo ($6.28 in chips) 
BryanHefty: posts small blind $0.01
Dorex2007: posts big blind $0.02
*** HOLE CARDS ***
Dealt to Dorex2007 [Ad Kd]
gailondoo: raises $0.04 to $0.06
Dr_Erema: folds 
patrao75: folds 
4opl1a: raises $0.12 to $0.18
kreator1984: folds 
Alehta: folds 
loyola2211: folds 
BryanHefty: calls $0.17
Dorex2007: folds 
gailondoo: calls $0.12
*** FLOP *** [Jd Kh 3h]
BryanHefty: checks 
gailondoo: checks 
4opl1a: bets $0.24
BryanHefty: calls $0.24
gailondoo: folds 
*** TURN *** [Jd Kh 3h] [2h]
BryanHefty: bets $2.96 and is all-in
4opl1a: folds 
Uncalled bet ($2.96) returned to BryanHefty
BryanHefty collected $1 from pot
BryanHefty: doesn't show hand 
*** SUMMARY ***
Total pot $1.04 | Rake $0.04 
Board [Jd Kh 3h 2h]
Seat 1: Dr_Erema folded before Flop (didn't bet)
Seat 2: patrao75 folded before Flop (didn't bet)
Seat 3: 4opl1a folded on the Turn
Seat 4: kreator1984 folded before Flop (didn't bet)
Seat 5: Alehta folded before Flop (didn't bet)
Seat 6: loyola2211 (button) folded before Flop (didn't bet)
Seat 7: BryanHefty (small blind) collected ($1)
Seat 8: Dorex2007 (big blind) folded before Flop
Seat 9: gailondoo folded on the Flop



PokerStars Hand #228368783761:  Hold'em No Limit ($0.01/$0.02 USD) - 2021/07/17 15:39:52 PT [2021/07/17 18:39:52 ET]
Table 'Jessonda' 9-max Seat #7 is the button
Seat 1: Dr_Erema ($4.88 in chips) 
Seat 2: patrao75 ($0.95 in chips) 
Seat 3: 4opl1a ($2 in chips) 
Seat 4: kreator1984 ($4.17 in chips) 
Seat 5: Alehta ($2.08 in chips) 
Seat 6: loyola2211 ($3.36 in chips) 
Seat 7: BryanHefty ($3.96 in chips) 
Seat 8: Dorex2007 ($2.28 in chips) 
Seat 9: gailondoo ($6.10 in chips) 
Dorex2007: posts small blind $0.01
gailondoo: posts big blind $0.02
*** HOLE CARDS ***
Dealt to Dorex2007 [4h 8c]
Dr_Erema: folds 
patrao75: folds 
4opl1a: folds 
kreator1984: raises $0.03 to $0.05
patrao75 leaves the table
Alehta: raises $0.12 to $0.17
loyola2211: folds 
BryanHefty: folds 
Dorex2007: folds 
gailondoo: folds 
Inultus joins the table at seat #2 
kreator1984: folds 
Uncalled bet ($0.12) returned to Alehta
Alehta collected $0.13 from pot
Alehta: doesn't show hand 
*** SUMMARY ***
Total pot $0.13 | Rake $0 
Seat 1: Dr_Erema folded before Flop (didn't bet)
Seat 2: patrao75 folded before Flop (didn't bet)
Seat 3: 4opl1a folded before Flop (didn't bet)
Seat 4: kreator1984 folded before Flop
Seat 5: Alehta collected ($0.13)
Seat 6: loyola2211 folded before Flop (didn't bet)
Seat 7: BryanHefty (button) folded before Flop (didn't bet)
Seat 8: Dorex2007 (small blind) folded before Flop
Seat 9: gailondoo (big blind) folded before Flop



PokerStars Hand #228368792359:  Hold'em No Limit ($0.01/$0.02 USD) - 2021/07/17 15:40:14 PT [2021/07/17 18:40:14 ET]
Table 'Jessonda' 9-max Seat #8 is the button
Seat 1: Dr_Erema ($4.88 in chips) 
Seat 3: 4opl1a ($2 in chips) 
Seat 4: kreator1984 ($4.12 in chips) 
Seat 5: Alehta ($2.16 in chips) 
Seat 6: loyola2211 ($3.36 in chips) 
Seat 7: BryanHefty ($3.96 in chips) 
Seat 8: Dorex2007 ($2.27 in chips) 
Seat 9: gailondoo ($6.08 in chips) 
gailondoo: posts small blind $0.01
Dr_Erema: posts big blind $0.02
Inultus: sits out 
*** HOLE CARDS ***
Dealt to Dorex2007 [Kc Td]
4opl1a: folds 
kreator1984: folds 
Alehta: folds 
loyola2211: raises $0.04 to $0.06
BryanHefty: folds 
Dorex2007: folds 
gailondoo: calls $0.05
Dr_Erema: folds 
*** FLOP *** [8h 9d 6s]
gailondoo: checks 
loyola2211: checks 
*** TURN *** [8h 9d 6s] [5s]
gailondoo: bets $0.08
loyola2211: folds 
Uncalled bet ($0.08) returned to gailondoo
gailondoo collected $0.14 from pot
*** SUMMARY ***
Total pot $0.14 | Rake $0 
Board [8h 9d 6s 5s]
Seat 1: Dr_Erema (big blind) folded before Flop
Seat 3: 4opl1a folded before Flop (didn't bet)
Seat 4: kreator1984 folded before Flop (didn't bet)
Seat 5: Alehta folded before Flop (didn't bet)
Seat 6: loyola2211 folded on the Turn
Seat 7: BryanHefty folded before Flop (didn't bet)
Seat 8: Dorex2007 (button) folded before Flop (didn't bet)
Seat 9: gailondoo (small blind) collected ($0.14)



PokerStars Hand #228368806967:  Hold'em No Limit ($0.01/$0.02 USD) - 2021/07/17 15:40:51 PT [2021/07/17 18:40:51 ET]
Table 'Jessonda' 9-max Seat #9 is the button
Seat 1: Dr_Erema ($4.86 in chips) 
Seat 2: Inultus ($1.60 in chips) 
Seat 3: 4opl1a ($2 in chips) 
Seat 4: kreator1984 ($4.12 in chips) 
Seat 5: Alehta ($2.16 in chips) 
Seat 6: loyola2211 ($3.30 in chips) 
Seat 7: BryanHefty ($3.96 in chips) 
Seat 8: Dorex2007 ($2.27 in chips) 
Seat 9: gailondoo ($6.16 in chips) 
Dr_Erema: posts small blind $0.01
Inultus: posts big blind $0.02
*** HOLE CARDS ***
Dealt to Dorex2007 [Tc 6s]
4opl1a: raises $0.03 to $0.05
kreator1984: folds 
Alehta: folds 
loyola2211: folds 
BryanHefty: calls $0.05
Dorex2007: folds 
gailondoo: folds 
Dr_Erema: folds 
Inultus: folds 
*** FLOP *** [6d Jc Qh]
4opl1a: bets $0.04
BryanHefty: calls $0.04
*** TURN *** [6d Jc Qh] [2c]
4opl1a: bets $0.14
BryanHefty: folds 
Uncalled bet ($0.14) returned to 4opl1a
4opl1a collected $0.20 from pot
4opl1a: doesn't show hand 
*** SUMMARY ***
Total pot $0.21 | Rake $0.01 
Board [6d Jc Qh 2c]
Seat 1: Dr_Erema (small blind) folded before Flop
Seat 2: Inultus (big blind) folded before Flop
Seat 3: 4opl1a collected ($0.20)
Seat 4: kreator1984 folded before Flop (didn't bet)
Seat 5: Alehta folded before Flop (didn't bet)
Seat 6: loyola2211 folded before Flop (didn't bet)
Seat 7: BryanHefty folded on the Turn
Seat 8: Dorex2007 folded before Flop (didn't bet)
Seat 9: gailondoo (button) folded before Flop (didn't bet)



PokerStars Hand #228368821654:  Hold'em No Limit ($0.01/$0.02 USD) - 2021/07/17 15:41:29 PT [2021/07/17 18:41:29 ET]
Table 'Jessonda' 9-max Seat #1 is the button
Seat 1: Dr_Erema ($4.85 in chips) 
Seat 2: Inultus ($1.58 in chips) 
Seat 3: 4opl1a ($2.11 in chips) 
Seat 4: kreator1984 ($4.12 in chips) 
Seat 5: Alehta ($2.16 in chips) 
Seat 6: loyola2211 ($3.30 in chips) 
Seat 7: BryanHefty ($3.87 in chips) 
Seat 8: Dorex2007 ($2.27 in chips) 
Seat 9: gailondoo ($6.16 in chips) 
Inultus: posts small blind $0.01
4opl1a: posts big blind $0.02
*** HOLE CARDS ***
Dealt to Dorex2007 [Tc 8s]
kreator1984: folds 
Alehta: folds 
loyola2211: folds 
BryanHefty: calls $0.02
Dorex2007: folds 
gailondoo: folds 
Dr_Erema: calls $0.02
Inultus: folds 
4opl1a: checks 
*** FLOP *** [2d 2h Jc]
4opl1a: checks 
BryanHefty: bets $0.06
Dr_Erema: folds 
4opl1a: folds 
Uncalled bet ($0.06) returned to BryanHefty
BryanHefty collected $0.07 from pot
BryanHefty: doesn't show hand 
*** SUMMARY ***
Total pot $0.07 | Rake $0 
Board [2d 2h Jc]
Seat 1: Dr_Erema (button) folded on the Flop
Seat 2: Inultus (small blind) folded before Flop
Seat 3: 4opl1a (big blind) folded on the Flop
Seat 4: kreator1984 folded before Flop (didn't bet)
Seat 5: Alehta folded before Flop (didn't bet)
Seat 6: loyola2211 folded before Flop (didn't bet)
Seat 7: BryanHefty collected ($0.07)
Seat 8: Dorex2007 folded before Flop (didn't bet)
Seat 9: gailondoo folded before Flop (didn't bet)



PokerStars Hand #228368841047:  Hold'em No Limit ($0.01/$0.02 USD) - 2021/07/17 15:42:19 PT [2021/07/17 18:42:19 ET]
Table 'Jessonda' 9-max Seat #2 is the button
Seat 1: Dr_Erema ($4.83 in chips) 
Seat 2: Inultus ($1.57 in chips) 
Seat 3: 4opl1a ($2.09 in chips) 
Seat 4: kreator1984 ($4.12 in chips) 
Seat 5: Alehta ($2.16 in chips) 
Seat 6: loyola2211 ($3.30 in chips) 
Seat 7: BryanHefty ($3.92 in chips) 
Seat 8: Dorex2007 ($2.27 in chips) 
Seat 9: gailondoo ($6.16 in chips) 
4opl1a: posts small blind $0.01
kreator1984: posts big blind $0.02
*** HOLE CARDS ***
Dealt to Dorex2007 [Th Tc]
Alehta: folds 
loyola2211: raises $0.05 to $0.07
BryanHefty: calls $0.07
Dorex2007: calls $0.07
gailondoo: folds 
Dr_Erema: calls $0.07
Inultus: calls $0.07
4opl1a: folds 
kreator1984: folds 
*** FLOP *** [3s Jd Ad]
loyola2211: bets $0.22
BryanHefty: calls $0.22
Dorex2007: folds 
Dr_Erema: calls $0.22
Inultus: folds 
*** TURN *** [3s Jd Ad] [As]
loyola2211: bets $0.60
BryanHefty: calls $0.60
Dr_Erema: folds 
*** RIVER *** [3s Jd Ad As] [2s]
loyola2211: bets $0.54
BryanHefty: raises $1.46 to $2
loyola2211: calls $1.46
*** SHOW DOWN ***
BryanHefty: shows [3d 3c] (a full house, Threes full of Aces)
loyola2211: mucks hand 
BryanHefty collected $6.02 from pot
*** SUMMARY ***
Total pot $6.24 | Rake $0.22 
Board [3s Jd Ad As 2s]
Seat 1: Dr_Erema folded on the Turn
Seat 2: Inultus (button) folded on the Flop
Seat 3: 4opl1a (small blind) folded before Flop
Seat 4: kreator1984 (big blind) folded before Flop
Seat 5: Alehta folded before Flop (didn't bet)
Seat 6: loyola2211 mucked [Ac Kd]
Seat 7: BryanHefty showed [3d 3c] and won ($6.02) with a full house, Threes full of Aces
Seat 8: Dorex2007 folded on the Flop
Seat 9: gailondoo folded before Flop (didn't bet)



PokerStars Hand #228368885017:  Hold'em No Limit ($0.01/$0.02 USD) - 2021/07/17 15:44:13 PT [2021/07/17 18:44:13 ET]
Table 'Jessonda' 9-max Seat #3 is the button
Seat 1: Dr_Erema ($4.54 in chips) 
Seat 2: Inultus ($1.50 in chips) 
Seat 3: 4opl1a ($2.08 in chips) 
Seat 4: kreator1984 ($4.10 in chips) 
Seat 6: loyola2211 ($0.41 in chips) 
Seat 7: BryanHefty ($7.05 in chips) 
Seat 8: Dorex2007 ($2.20 in chips) 
Seat 9: gailondoo ($6.16 in chips) 
kreator1984: posts small blind $0.01
Alehta: is sitting out 
Alehta leaves the table
loyola2211: posts big blind $0.02
*** HOLE CARDS ***
Dealt to Dorex2007 [7d 8c]
BryanHefty: calls $0.02
Dorex2007: folds 
Sauce2323 joins the table at seat #5 
gailondoo: raises $0.04 to $0.06
Dr_Erema: folds 
Inultus: folds 
4opl1a: folds 
kreator1984: calls $0.05
loyola2211: folds 
Dr_Erema said, "lol"
BryanHefty: folds 
*** FLOP *** [9c 4h 7h]
kreator1984: checks 
gailondoo: bets $0.08
kreator1984: calls $0.08
*** TURN *** [9c 4h 7h] [2d]
kreator1984: checks 
gailondoo: checks 
*** RIVER *** [9c 4h 7h 2d] [3s]
kreator1984: checks 
gailondoo: checks 
*** SHOW DOWN ***
kreator1984: shows [As 9s] (a pair of Nines)
gailondoo: mucks hand 
kreator1984 collected $0.31 from pot
*** SUMMARY ***
Total pot $0.32 | Rake $0.01 
Board [9c 4h 7h 2d 3s]
Seat 1: Dr_Erema folded before Flop (didn't bet)
Seat 2: Inultus folded before Flop (didn't bet)
Seat 3: 4opl1a (button) folded before Flop (didn't bet)
Seat 4: kreator1984 (small blind) showed [As 9s] and won ($0.31) with a pair of Nines
Seat 6: loyola2211 (big blind) folded before Flop
Seat 7: BryanHefty folded before Flop
Seat 8: Dorex2007 folded before Flop (didn't bet)
Seat 9: gailondoo mucked [Ac Kh]



PokerStars Hand #228368903916:  Hold'em No Limit ($0.01/$0.02 USD) - 2021/07/17 15:45:03 PT [2021/07/17 18:45:03 ET]
Table 'Jessonda' 9-max Seat #4 is the button
Seat 1: Dr_Erema ($4.54 in chips) 
Seat 2: Inultus ($1.50 in chips) 
Seat 3: 4opl1a ($2.08 in chips) 
Seat 4: kreator1984 ($4.27 in chips) 
Seat 6: loyola2211 ($0.39 in chips) 
Seat 7: BryanHefty ($7.03 in chips) 
Seat 8: Dorex2007 ($2.20 in chips) 
Seat 9: gailondoo ($6.02 in chips) 
loyola2211: posts small blind $0.01
BryanHefty: posts big blind $0.02
*** HOLE CARDS ***
Dealt to Dorex2007 [Qh Tc]
Dorex2007: folds 
gailondoo: folds 
Dr_Erema: folds 
Inultus: folds 
4opl1a: folds 
kreator1984: folds 
loyola2211: folds 
Uncalled bet ($0.01) returned to BryanHefty
loyola2211 leaves the table
BryanHefty collected $0.02 from pot
BryanHefty: doesn't show hand 
droctagon101 joins the table at seat #6 
*** SUMMARY ***
Total pot $0.02 | Rake $0 
Seat 1: Dr_Erema folded before Flop (didn't bet)
Seat 2: Inultus folded before Flop (didn't bet)
Seat 3: 4opl1a folded before Flop (didn't bet)
Seat 4: kreator1984 (button) folded before Flop (didn't bet)
Seat 6: loyola2211 (small blind) folded before Flop
Seat 7: BryanHefty (big blind) collected ($0.02)
Seat 8: Dorex2007 folded before Flop (didn't bet)
Seat 9: gailondoo folded before Flop (didn't bet)



PokerStars Hand #228368908212:  Hold'em No Limit ($0.01/$0.02 USD) - 2021/07/17 15:45:14 PT [2021/07/17 18:45:14 ET]
Table 'Jessonda' 9-max Seat #7 is the button
Seat 1: Dr_Erema ($4.54 in chips) 
Seat 2: Inultus ($1.50 in chips) 
Seat 3: 4opl1a ($2.08 in chips) 
Seat 4: kreator1984 ($4.27 in chips) 
Seat 5: Sauce2323 ($2 in chips) 
Seat 7: BryanHefty ($7.04 in chips) 
Seat 8: Dorex2007 ($2.20 in chips) 
Seat 9: gailondoo ($6.02 in chips) 
Dorex2007: posts small blind $0.01
gailondoo: posts big blind $0.02
Sauce2323: posts big blind $0.02
droctagon101: sits out 
*** HOLE CARDS ***
Dealt to Dorex2007 [8h Kd]
Dr_Erema: calls $0.02
Inultus: folds 
4opl1a: folds 
kreator1984: folds 
Sauce2323: checks 
BryanHefty: folds 
Dorex2007: calls $0.01
gailondoo: checks 
*** FLOP *** [Jd Th 4s]
Dorex2007: checks 
gailondoo: checks 
Dr_Erema: checks 
Sauce2323: bets $0.04
Dorex2007: folds 
gailondoo: folds 
Dr_Erema: calls $0.04
*** TURN *** [Jd Th 4s] [5h]
Dr_Erema: checks 
Sauce2323: bets $0.08
Dr_Erema: folds 
Uncalled bet ($0.08) returned to Sauce2323
Sauce2323 collected $0.15 from pot
Sauce2323: doesn't show hand 
*** SUMMARY ***
Total pot $0.16 | Rake $0.01 
Board [Jd Th 4s 5h]
Seat 1: Dr_Erema folded on the Turn
Seat 2: Inultus folded before Flop (didn't bet)
Seat 3: 4opl1a folded before Flop (didn't bet)
Seat 4: kreator1984 folded before Flop (didn't bet)
Seat 5: Sauce2323 collected ($0.15)
Seat 7: BryanHefty (button) folded before Flop (didn't bet)
Seat 8: Dorex2007 (small blind) folded on the Flop
Seat 9: gailondoo (big blind) folded on the Flop



PokerStars Hand #228368922331:  Hold'em No Limit ($0.01/$0.02 USD) - 2021/07/17 15:45:50 PT [2021/07/17 18:45:50 ET]
Table 'Jessonda' 9-max Seat #8 is the button
Seat 1: Dr_Erema ($4.48 in chips) 
Seat 2: Inultus ($1.50 in chips) 
Seat 3: 4opl1a ($2.08 in chips) 
Seat 4: kreator1984 ($4.27 in chips) 
Seat 5: Sauce2323 ($2.09 in chips) 
Seat 7: BryanHefty ($7.04 in chips) 
Seat 8: Dorex2007 ($2.18 in chips) 
Seat 9: gailondoo ($6 in chips) 
gailondoo: posts small blind $0.01
Dr_Erema: posts big blind $0.02
droctagon101: sits out 
*** HOLE CARDS ***
Dealt to Dorex2007 [6c 4d]
Inultus: raises $0.03 to $0.05
4opl1a: folds 
kreator1984: folds 
Sauce2323: folds 
BryanHefty: folds 
Dorex2007: folds 
gailondoo: folds 
Dr_Erema: folds 
Uncalled bet ($0.03) returned to Inultus
Inultus collected $0.05 from pot
Inultus: doesn't show hand 
*** SUMMARY ***
Total pot $0.05 | Rake $0 
Seat 1: Dr_Erema (big blind) folded before Flop
Seat 2: Inultus collected ($0.05)
Seat 3: 4opl1a folded before Flop (didn't bet)
Seat 4: kreator1984 folded before Flop (didn't bet)
Seat 5: Sauce2323 folded before Flop (didn't bet)
Seat 7: BryanHefty folded before Flop (didn't bet)
Seat 8: Dorex2007 (button) folded before Flop (didn't bet)
Seat 9: gailondoo (small blind) folded before Flop



PokerStars Hand #228368931974:  Hold'em No Limit ($0.01/$0.02 USD) - 2021/07/17 15:46:15 PT [2021/07/17 18:46:15 ET]
Table 'Jessonda' 9-max Seat #9 is the button
Seat 1: Dr_Erema ($4.46 in chips) 
Seat 2: Inultus ($1.53 in chips) 
Seat 3: 4opl1a ($2.08 in chips) 
Seat 4: kreator1984 ($4.27 in chips) 
Seat 5: Sauce2323 ($2.09 in chips) 
Seat 7: BryanHefty ($7.04 in chips) 
Seat 8: Dorex2007 ($2.18 in chips) 
Seat 9: gailondoo ($5.99 in chips) 
Dr_Erema: posts small blind $0.01
Inultus: posts big blind $0.02
droctagon101: sits out 
*** HOLE CARDS ***
Dealt to Dorex2007 [Jd Ah]
4opl1a: folds 
kreator1984: folds 
Sauce2323: folds 
BryanHefty has timed out
BryanHefty: folds 
Dorex2007: raises $0.04 to $0.06
gailondoo: folds 
Dr_Erema: calls $0.05
Inultus: calls $0.04
*** FLOP *** [Jc 6c 3c]
Dr_Erema: checks 
Inultus: bets $0.17
Dorex2007: calls $0.17
Dr_Erema: calls $0.17
*** TURN *** [Jc 6c 3c] [8h]
Dr_Erema: checks 
Inultus: bets $0.67
Dorex2007: folds 
Dr_Erema: raises $3.56 to $4.23 and is all-in
Inultus: calls $0.63 and is all-in
Uncalled bet ($2.93) returned to Dr_Erema
*** RIVER *** [Jc 6c 3c 8h] [As]
*** SHOW DOWN ***
Dr_Erema: shows [3s 3h] (three of a kind, Threes)
Inultus: shows [5c 8c] (a flush, Jack high)
Inultus collected $3.17 from pot
*** SUMMARY ***
Total pot $3.29 | Rake $0.12 
Board [Jc 6c 3c 8h As]
Seat 1: Dr_Erema (small blind) showed [3s 3h] and lost with three of a kind, Threes
Seat 2: Inultus (big blind) showed [5c 8c] and won ($3.17) with a flush, Jack high
Seat 3: 4opl1a folded before Flop (didn't bet)
Seat 4: kreator1984 folded before Flop (didn't bet)
Seat 5: Sauce2323 folded before Flop (didn't bet)
Seat 7: BryanHefty folded before Flop (didn't bet)
Seat 8: Dorex2007 folded on the Turn
Seat 9: gailondoo (button) folded before Flop (didn't bet)



PokerStars Hand #228368954287:  Hold'em No Limit ($0.01/$0.02 USD) - 2021/07/17 15:47:14 PT [2021/07/17 18:47:14 ET]
Table 'Jessonda' 9-max Seat #1 is the button
Seat 1: Dr_Erema ($2.93 in chips) 
Seat 2: Inultus ($3.17 in chips) 
Seat 3: 4opl1a ($2.08 in chips) 
Seat 4: kreator1984 ($4.27 in chips) 
Seat 5: Sauce2323 ($2.09 in chips) 
Seat 7: BryanHefty ($7.04 in chips) 
Seat 8: Dorex2007 ($1.95 in chips) 
Seat 9: gailondoo ($5.99 in chips) 
Inultus: posts small blind $0.01
4opl1a: posts big blind $0.02
droctagon101: sits out 
*** HOLE CARDS ***
Dealt to Dorex2007 [5d Th]
kreator1984: folds 
Sauce2323: folds 
BryanHefty: folds 
Dorex2007: folds 
gailondoo: raises $0.04 to $0.06
Dr_Erema: calls $0.06
Inultus: folds 
4opl1a: folds 
*** FLOP *** [2s Jh 7d]
Inultus leaves the table
gailondoo: bets $0.04
Dr_Erema: raises $0.08 to $0.12
gailondoo: calls $0.08
*** TURN *** [2s Jh 7d] [2d]
gailondoo: checks 
Dr_Erema: checks 
*** RIVER *** [2s Jh 7d 2d] [5s]
gailondoo: checks 
Dr_Erema: bets $0.38
gailondoo: calls $0.38
*** SHOW DOWN ***
Dr_Erema: shows [7h 2h] (a full house, Deuces full of Sevens)
gailondoo: mucks hand 
Dr_Erema collected $1.11 from pot
*** SUMMARY ***
Total pot $1.15 | Rake $0.04 
Board [2s Jh 7d 2d 5s]
Seat 1: Dr_Erema (button) showed [7h 2h] and won ($1.11) with a full house, Deuces full of Sevens
Seat 2: Inultus (small blind) folded before Flop
Seat 3: 4opl1a (big blind) folded before Flop
Seat 4: kreator1984 folded before Flop (didn't bet)
Seat 5: Sauce2323 folded before Flop (didn't bet)
Seat 7: BryanHefty folded before Flop (didn't bet)
Seat 8: Dorex2007 folded before Flop (didn't bet)
Seat 9: gailondoo mucked [8d 8h]



PokerStars Hand #228368976737:  Hold'em No Limit ($0.01/$0.02 USD) - 2021/07/17 15:48:13 PT [2021/07/17 18:48:13 ET]
Table 'Jessonda' 9-max Seat #3 is the button
Seat 1: Dr_Erema ($3.48 in chips) 
Seat 3: 4opl1a ($2.06 in chips) 
Seat 4: kreator1984 ($4.27 in chips) 
Seat 5: Sauce2323 ($2.09 in chips) 
Seat 7: BryanHefty ($7.04 in chips) 
Seat 8: Dorex2007 ($1.95 in chips) 
Seat 9: gailondoo ($5.43 in chips) 
kreator1984: posts small blind $0.01
Sauce2323: posts big blind $0.02
droctagon101: sits out 
*** HOLE CARDS ***
Dealt to Dorex2007 [Jd 2h]
BryanHefty has timed out
BryanHefty: folds 
Dorex2007: folds 
gailondoo: raises $0.04 to $0.06
zolf_j joins the table at seat #2 
Dr_Erema: calls $0.06
4opl1a: folds 
kreator1984: calls $0.05
Sauce2323: folds 
*** FLOP *** [Th Qh Ac]
kreator1984: checks 
gailondoo: checks 
Dr_Erema: bets $0.12
kreator1984: calls $0.12
gailondoo: folds 
*** TURN *** [Th Qh Ac] [Qs]
kreator1984: checks 
Dr_Erema: bets $0.21
kreator1984: calls $0.21
*** RIVER *** [Th Qh Ac Qs] [3c]
kreator1984: checks 
Dr_Erema: bets $0.51
kreator1984: folds 
Uncalled bet ($0.51) returned to Dr_Erema
Dr_Erema collected $0.83 from pot
Dr_Erema: doesn't show hand 
*** SUMMARY ***
Total pot $0.86 | Rake $0.03 
Board [Th Qh Ac Qs 3c]
Seat 1: Dr_Erema collected ($0.83)
Seat 3: 4opl1a (button) folded before Flop (didn't bet)
Seat 4: kreator1984 (small blind) folded on the River
Seat 5: Sauce2323 (big blind) folded before Flop
Seat 7: BryanHefty folded before Flop (didn't bet)
Seat 8: Dorex2007 folded before Flop (didn't bet)
Seat 9: gailondoo folded on the Flop



PokerStars Hand #228369003222:  Hold'em No Limit ($0.01/$0.02 USD) - 2021/07/17 15:49:14 PT [2021/07/17 18:49:14 ET]
Table 'Jessonda' 9-max Seat #4 is the button
Seat 1: Dr_Erema ($3.92 in chips) 
Seat 3: 4opl1a ($2.06 in chips) 
Seat 4: kreator1984 ($3.88 in chips) 
Seat 5: Sauce2323 ($2.07 in chips) 
Seat 6: droctagon101 ($2 in chips) 
Seat 7: BryanHefty ($7.04 in chips) 
Seat 8: Dorex2007 ($1.95 in chips) 
Seat 9: gailondoo ($5.37 in chips) 
Sauce2323: posts small blind $0.01
droctagon101: posts big blind $0.02
zolf_j: sits out 
*** HOLE CARDS ***
Dealt to Dorex2007 [9h 4c]
BryanHefty: calls $0.02
Dorex2007: folds 
gailondoo: folds 
Dr_Erema: folds 
4opl1a: folds 
kreator1984: folds 
Sauce2323: calls $0.01
droctagon101: raises $0.06 to $0.08
BryanHefty: calls $0.06
Sauce2323: folds 
*** FLOP *** [3c 8d 8c]
droctagon101: checks 
BryanHefty: bets $0.10
droctagon101: calls $0.10
*** TURN *** [3c 8d 8c] [3d]
droctagon101: checks 
BryanHefty: bets $0.20
droctagon101: folds 
Uncalled bet ($0.20) returned to BryanHefty
BryanHefty collected $0.37 from pot
BryanHefty: doesn't show hand 
*** SUMMARY ***
Total pot $0.38 | Rake $0.01 
Board [3c 8d 8c 3d]
Seat 1: Dr_Erema folded before Flop (didn't bet)
Seat 3: 4opl1a folded before Flop (didn't bet)
Seat 4: kreator1984 (button) folded before Flop (didn't bet)
Seat 5: Sauce2323 (small blind) folded before Flop
Seat 6: droctagon101 (big blind) folded on the Turn
Seat 7: BryanHefty collected ($0.37)
Seat 8: Dorex2007 folded before Flop (didn't bet)
Seat 9: gailondoo folded before Flop (didn't bet)



PokerStars Hand #228369023816:  Hold'em No Limit ($0.01/$0.02 USD) - 2021/07/17 15:50:09 PT [2021/07/17 18:50:09 ET]
Table 'Jessonda' 9-max Seat #5 is the button
Seat 1: Dr_Erema ($3.92 in chips) 
Seat 3: 4opl1a ($2.06 in chips) 
Seat 4: kreator1984 ($3.88 in chips) 
Seat 5: Sauce2323 ($2.05 in chips) 
Seat 6: droctagon101 ($1.82 in chips) 
Seat 7: BryanHefty ($7.23 in chips) 
Seat 8: Dorex2007 ($1.95 in chips) 
Seat 9: gailondoo ($5.37 in chips) 
droctagon101: posts small blind $0.01
BryanHefty: posts big blind $0.02
zolf_j: sits out 
*** HOLE CARDS ***
Dealt to Dorex2007 [Qs Jd]
Dorex2007: folds 
gailondoo: folds 
Dr_Erema: raises $0.03 to $0.05
4opl1a: folds 
kreator1984: folds 
Sauce2323: folds 
droctagon101: folds 
BryanHefty: folds 
Uncalled bet ($0.03) returned to Dr_Erema
Dr_Erema collected $0.05 from pot
Dr_Erema: doesn't show hand 
*** SUMMARY ***
Total pot $0.05 | Rake $0 
Seat 1: Dr_Erema collected ($0.05)
Seat 3: 4opl1a folded before Flop (didn't bet)
Seat 4: kreator1984 folded before Flop (didn't bet)
Seat 5: Sauce2323 (button) folded before Flop (didn't bet)
Seat 6: droctagon101 (small blind) folded before Flop
Seat 7: BryanHefty (big blind) folded before Flop
Seat 8: Dorex2007 folded before Flop (didn't bet)
Seat 9: gailondoo folded before Flop (didn't bet)



PokerStars Hand #228369033968:  Hold'em No Limit ($0.01/$0.02 USD) - 2021/07/17 15:50:36 PT [2021/07/17 18:50:36 ET]
Table 'Jessonda' 9-max Seat #6 is the button
Seat 1: Dr_Erema ($3.95 in chips) 
Seat 3: 4opl1a ($2.06 in chips) 
Seat 4: kreator1984 ($3.88 in chips) 
Seat 5: Sauce2323 ($2.05 in chips) 
Seat 6: droctagon101 ($1.81 in chips) 
Seat 7: BryanHefty ($7.21 in chips) 
Seat 8: Dorex2007 ($1.95 in chips) 
Seat 9: gailondoo ($5.37 in chips) 
BryanHefty: posts small blind $0.01
Dorex2007: posts big blind $0.02
zolf_j: sits out 
*** HOLE CARDS ***
Dealt to Dorex2007 [9d 4s]
gailondoo: folds 
Dr_Erema: calls $0.02
4opl1a: raises $0.06 to $0.08
kreator1984: folds 
Sauce2323: folds 
droctagon101: folds 
BryanHefty: calls $0.07
Dorex2007: folds 
Dr_Erema: calls $0.06
*** FLOP *** [Jh 8s 6d]
BryanHefty: bets $0.06
Dr_Erema: calls $0.06
4opl1a: calls $0.06
*** TURN *** [Jh 8s 6d] [Ts]
BryanHefty: bets $0.10
Dr_Erema: calls $0.10
4opl1a: calls $0.10
*** RIVER *** [Jh 8s 6d Ts] [4c]
BryanHefty: bets $0.36
Dr_Erema: folds 
4opl1a: folds 
Uncalled bet ($0.36) returned to BryanHefty
BryanHefty collected $0.71 from pot
BryanHefty: doesn't show hand 
*** SUMMARY ***
Total pot $0.74 | Rake $0.03 
Board [Jh 8s 6d Ts 4c]
Seat 1: Dr_Erema folded on the River
Seat 3: 4opl1a folded on the River
Seat 4: kreator1984 folded before Flop (didn't bet)
Seat 5: Sauce2323 folded before Flop (didn't bet)
Seat 6: droctagon101 (button) folded before Flop (didn't bet)
Seat 7: BryanHefty (small blind) collected ($0.71)
Seat 8: Dorex2007 (big blind) folded before Flop
Seat 9: gailondoo folded before Flop (didn't bet)



PokerStars Hand #228369061468:  Hold'em No Limit ($0.01/$0.02 USD) - 2021/07/17 15:51:51 PT [2021/07/17 18:51:51 ET]
Table 'Jessonda' 9-max Seat #7 is the button
Seat 1: Dr_Erema ($3.71 in chips) 
Seat 3: 4opl1a ($2 in chips) 
Seat 4: kreator1984 ($3.88 in chips) 
Seat 5: Sauce2323 ($2.05 in chips) 
Seat 6: droctagon101 ($1.81 in chips) 
Seat 7: BryanHefty ($7.68 in chips) 
Seat 8: Dorex2007 ($1.93 in chips) 
Dorex2007: posts small blind $0.01
gailondoo: is sitting out 
Dr_Erema: posts big blind $0.02
zolf_j: sits out 
*** HOLE CARDS ***
Dealt to Dorex2007 [3c 8c]
4opl1a: folds 
gailondoo leaves the table
kreator1984: folds 
Sauce2323: raises $0.02 to $0.04
droctagon101: folds 
BryanHefty has timed out
BryanHefty: folds 
Dorex2007: folds 
Dr_Erema: calls $0.02
*** FLOP *** [As Ah Qs]
Dr_Erema: checks 
Sauce2323: checks 
*** TURN *** [As Ah Qs] [2c]
Dr_Erema: bets $0.04
Sauce2323: raises $0.09 to $0.13
Dr_Erema: calls $0.09
*** RIVER *** [As Ah Qs 2c] [Kc]
Dr_Erema: bets $0.10
Sauce2323: raises $0.27 to $0.37
Dr_Erema: folds 
Uncalled bet ($0.27) returned to Sauce2323
Sauce2323 collected $0.53 from pot
Sauce2323: doesn't show hand 
*** SUMMARY ***
Total pot $0.55 | Rake $0.02 
Board [As Ah Qs 2c Kc]
Seat 1: Dr_Erema (big blind) folded on the River
Seat 3: 4opl1a folded before Flop (didn't bet)
Seat 4: kreator1984 folded before Flop (didn't bet)
Seat 5: Sauce2323 collected ($0.53)
Seat 6: droctagon101 folded before Flop (didn't bet)
Seat 7: BryanHefty (button) folded before Flop (didn't bet)
Seat 8: Dorex2007 (small blind) folded before Flop



PokerStars Hand #228369083006:  Hold'em No Limit ($0.01/$0.02 USD) - 2021/07/17 15:52:48 PT [2021/07/17 18:52:48 ET]
Table 'Jessonda' 9-max Seat #8 is the button
Seat 1: Dr_Erema ($3.44 in chips) 
Seat 2: zolf_j ($2 in chips) 
Seat 3: 4opl1a ($2 in chips) 
Seat 4: kreator1984 ($3.88 in chips) 
Seat 5: Sauce2323 ($2.31 in chips) 
Seat 6: droctagon101 ($1.81 in chips) 
Seat 7: BryanHefty ($7.68 in chips) 
Seat 8: Dorex2007 ($1.92 in chips) 
Dr_Erema: posts small blind $0.01
zolf_j: posts big blind $0.02
*** HOLE CARDS ***
Dealt to Dorex2007 [As 5d]
4opl1a: folds 
kreator1984: raises $0.04 to $0.06
Sauce2323: folds 
droctagon101: calls $0.06
BryanHefty: raises $0.24 to $0.30
Dorex2007: folds 
Dr_Erema: folds 
zolf_j: folds 
kreator1984: folds 
droctagon101: folds 
Uncalled bet ($0.24) returned to BryanHefty
BryanHefty collected $0.21 from pot
BryanHefty: doesn't show hand 
*** SUMMARY ***
Total pot $0.21 | Rake $0 
Seat 1: Dr_Erema (small blind) folded before Flop
Seat 2: zolf_j (big blind) folded before Flop
Seat 3: 4opl1a folded before Flop (didn't bet)
Seat 4: kreator1984 folded before Flop
Seat 5: Sauce2323 folded before Flop (didn't bet)
Seat 6: droctagon101 folded before Flop
Seat 7: BryanHefty collected ($0.21)
Seat 8: Dorex2007 (button) folded before Flop (didn't bet)



PokerStars Hand #228369090035:  Hold'em No Limit ($0.01/$0.02 USD) - 2021/07/17 15:53:07 PT [2021/07/17 18:53:07 ET]
Table 'Jessonda' 9-max Seat #1 is the button
Seat 1: Dr_Erema ($3.43 in chips) 
Seat 2: zolf_j ($1.98 in chips) 
Seat 3: 4opl1a ($2 in chips) 
Seat 4: kreator1984 ($3.82 in chips) 
Seat 5: Sauce2323 ($2.31 in chips) 
Seat 6: droctagon101 ($1.75 in chips) 
Seat 7: BryanHefty ($7.83 in chips) 
Seat 8: Dorex2007 ($1.92 in chips) 
zolf_j: posts small blind $0.01
4opl1a: posts big blind $0.02
*** HOLE CARDS ***
Dealt to Dorex2007 [Kd Ks]
kreator1984: folds 
Sauce2323: folds 
droctagon101: folds 
BryanHefty: folds 
Dorex2007: raises $0.04 to $0.06
Dr_Erema: calls $0.06
zolf_j: folds 
4opl1a: folds 
*** FLOP *** [Th Qh 6c]
Dorex2007: checks 
Dr_Erema: bets $0.07
Dorex2007: raises $0.15 to $0.22
cangreen joins the table at seat #9 
Dr_Erema: folds 
Uncalled bet ($0.15) returned to Dorex2007
Dorex2007 collected $0.28 from pot
Dorex2007: doesn't show hand 
*** SUMMARY ***
Total pot $0.29 | Rake $0.01 
Board [Th Qh 6c]
Seat 1: Dr_Erema (button) folded on the Flop
Seat 2: zolf_j (small blind) folded before Flop
Seat 3: 4opl1a (big blind) folded before Flop
Seat 4: kreator1984 folded before Flop (didn't bet)
Seat 5: Sauce2323 folded before Flop (didn't bet)
Seat 6: droctagon101 folded before Flop (didn't bet)
Seat 7: BryanHefty folded before Flop (didn't bet)
Seat 8: Dorex2007 collected ($0.28)



PokerStars Hand #228369113234:  Hold'em No Limit ($0.01/$0.02 USD) - 2021/07/17 15:54:10 PT [2021/07/17 18:54:10 ET]
Table 'Jessonda' 9-max Seat #2 is the button
Seat 1: Dr_Erema ($3.30 in chips) 
Seat 2: zolf_j ($1.97 in chips) 
Seat 3: 4opl1a ($2 in chips) 
Seat 4: kreator1984 ($3.82 in chips) 
Seat 5: Sauce2323 ($2.31 in chips) 
Seat 6: droctagon101 ($1.75 in chips) 
Seat 7: BryanHefty ($7.83 in chips) 
Seat 8: Dorex2007 ($2.07 in chips) 
4opl1a: posts small blind $0.01
kreator1984: posts big blind $0.02
cangreen: sits out 
*** HOLE CARDS ***
Dealt to Dorex2007 [Qd 7d]
Sauce2323: folds 
droctagon101: raises $0.04 to $0.06
BryanHefty: folds 
Dorex2007: folds 
Dr_Erema: folds 
zolf_j: folds 
4opl1a: folds 
kreator1984: folds 
Uncalled bet ($0.04) returned to droctagon101
droctagon101 collected $0.05 from pot
droctagon101: doesn't show hand 
*** SUMMARY ***
Total pot $0.05 | Rake $0 
Seat 1: Dr_Erema folded before Flop (didn't bet)
Seat 2: zolf_j (button) folded before Flop (didn't bet)
Seat 3: 4opl1a (small blind) folded before Flop
Seat 4: kreator1984 (big blind) folded before Flop
Seat 5: Sauce2323 folded before Flop (didn't bet)
Seat 6: droctagon101 collected ($0.05)
Seat 7: BryanHefty folded before Flop (didn't bet)
Seat 8: Dorex2007 folded before Flop (didn't bet)



PokerStars Hand #228369123867:  Hold'em No Limit ($0.01/$0.02 USD) - 2021/07/17 15:54:39 PT [2021/07/17 18:54:39 ET]
Table 'Jessonda' 9-max Seat #3 is the button
Seat 1: Dr_Erema ($3.30 in chips) 
Seat 2: zolf_j ($1.97 in chips) 
Seat 3: 4opl1a ($2 in chips) 
Seat 4: kreator1984 ($3.80 in chips) 
Seat 5: Sauce2323 ($2.31 in chips) 
Seat 6: droctagon101 ($1.78 in chips) 
Seat 7: BryanHefty ($7.83 in chips) 
Seat 8: Dorex2007 ($2.07 in chips) 
kreator1984: posts small blind $0.01
Sauce2323: posts big blind $0.02
cangreen: sits out 
*** HOLE CARDS ***
Dealt to Dorex2007 [4s Ks]
droctagon101: folds 
BryanHefty has timed out
BryanHefty: folds 
Dorex2007: folds 
Dr_Erema: folds 
zolf_j: folds 
4opl1a: folds 
kreator1984: folds 
Uncalled bet ($0.01) returned to Sauce2323
Sauce2323 collected $0.02 from pot
Sauce2323: doesn't show hand 
*** SUMMARY ***
Total pot $0.02 | Rake $0 
Seat 1: Dr_Erema folded before Flop (didn't bet)
Seat 2: zolf_j folded before Flop (didn't bet)
Seat 3: 4opl1a (button) folded before Flop (didn't bet)
Seat 4: kreator1984 (small blind) folded before Flop
Seat 5: Sauce2323 (big blind) collected ($0.02)
Seat 6: droctagon101 folded before Flop (didn't bet)
Seat 7: BryanHefty folded before Flop (didn't bet)
Seat 8: Dorex2007 folded before Flop (didn't bet)



PokerStars Hand #228369132283:  Hold'em No Limit ($0.01/$0.02 USD) - 2021/07/17 15:55:02 PT [2021/07/17 18:55:02 ET]
Table 'Jessonda' 9-max Seat #4 is the button
Seat 1: Dr_Erema ($3.30 in chips) 
Seat 2: zolf_j ($1.97 in chips) 
Seat 3: 4opl1a ($2 in chips) 
Seat 4: kreator1984 ($3.79 in chips) 
Seat 5: Sauce2323 ($2.32 in chips) 
Seat 6: droctagon101 ($1.78 in chips) 
Seat 7: BryanHefty ($7.83 in chips) 
Seat 8: Dorex2007 ($2.07 in chips) 
Sauce2323: posts small blind $0.01
droctagon101: posts big blind $0.02
cangreen: sits out 
*** HOLE CARDS ***
Dealt to Dorex2007 [5h Kd]
BryanHefty: folds 
Dorex2007: folds 
Dr_Erema: folds 
zolf_j: folds 
4opl1a: folds 
kreator1984: folds 
Sauce2323: folds 
Uncalled bet ($0.01) returned to droctagon101
droctagon101 collected $0.02 from pot
droctagon101: doesn't show hand 
*** SUMMARY ***
Total pot $0.02 | Rake $0 
Seat 1: Dr_Erema folded before Flop (didn't bet)
Seat 2: zolf_j folded before Flop (didn't bet)
Seat 3: 4opl1a folded before Flop (didn't bet)
Seat 4: kreator1984 (button) folded before Flop (didn't bet)
Seat 5: Sauce2323 (small blind) folded before Flop
Seat 6: droctagon101 (big blind) collected ($0.02)
Seat 7: BryanHefty folded before Flop (didn't bet)
Seat 8: Dorex2007 folded before Flop (didn't bet)



PokerStars Hand #228369137335:  Hold'em No Limit ($0.01/$0.02 USD) - 2021/07/17 15:55:19 PT [2021/07/17 18:55:19 ET]
Table 'Jessonda' 9-max Seat #5 is the button
Seat 1: Dr_Erema ($3.30 in chips) 
Seat 2: zolf_j ($1.97 in chips) 
Seat 3: 4opl1a ($2 in chips) 
Seat 4: kreator1984 ($3.79 in chips) 
Seat 5: Sauce2323 ($2.31 in chips) 
Seat 6: droctagon101 ($1.79 in chips) 
Seat 7: BryanHefty ($7.83 in chips) 
Seat 8: Dorex2007 ($2.07 in chips) 
droctagon101: posts small blind $0.01
BryanHefty: posts big blind $0.02
cangreen: sits out 
*** HOLE CARDS ***
Dealt to Dorex2007 [7h 8s]
Dorex2007: folds 
Dr_Erema: raises $0.03 to $0.05
zolf_j: folds 
4opl1a: folds 
kreator1984: folds 
Sauce2323: folds 
droctagon101: folds 
BryanHefty: calls $0.03
*** FLOP *** [2d 7s 3s]
BryanHefty: checks 
Dr_Erema: checks 
*** TURN *** [2d 7s 3s] [4c]
BryanHefty: checks 
Dr_Erema: bets $0.05
BryanHefty: calls $0.05
*** RIVER *** [2d 7s 3s 4c] [Jh]
BryanHefty: checks 
Dr_Erema: bets $0.14
BryanHefty: folds 
Uncalled bet ($0.14) returned to Dr_Erema
Dr_Erema collected $0.20 from pot
Dr_Erema: doesn't show hand 
*** SUMMARY ***
Total pot $0.21 | Rake $0.01 
Board [2d 7s 3s 4c Jh]
Seat 1: Dr_Erema collected ($0.20)
Seat 2: zolf_j folded before Flop (didn't bet)
Seat 3: 4opl1a folded before Flop (didn't bet)
Seat 4: kreator1984 folded before Flop (didn't bet)
Seat 5: Sauce2323 (button) folded before Flop (didn't bet)
Seat 6: droctagon101 (small blind) folded before Flop
Seat 7: BryanHefty (big blind) folded on the River
Seat 8: Dorex2007 folded before Flop (didn't bet)



PokerStars Hand #228369151248:  Hold'em No Limit ($0.01/$0.02 USD) - 2021/07/17 15:56:07 PT [2021/07/17 18:56:07 ET]
Table 'Jessonda' 9-max Seat #6 is the button
Seat 1: Dr_Erema ($3.40 in chips) 
Seat 2: zolf_j ($1.97 in chips) 
Seat 3: 4opl1a ($2 in chips) 
Seat 5: Sauce2323 ($2.31 in chips) 
Seat 6: droctagon101 ($1.78 in chips) 
Seat 7: BryanHefty ($7.73 in chips) 
Seat 8: Dorex2007 ($2.07 in chips) 
BryanHefty: posts small blind $0.01
Dorex2007: posts big blind $0.02
cangreen: sits out 
*** HOLE CARDS ***
Dealt to Dorex2007 [9d 8d]
Dr_Erema: calls $0.02
zolf_j: raises $0.07 to $0.09
4opl1a: folds 
Sauce2323: folds 
droctagon101: folds 
BryanHefty: folds 
Dorex2007: folds 
Dr_Erema: calls $0.07
*** FLOP *** [Qd 3d 2d]
Dr_Erema: checks 
zolf_j: bets $0.10
Dr_Erema: calls $0.10
*** TURN *** [Qd 3d 2d] [3h]
Dr_Erema: checks 
zolf_j: checks 
*** RIVER *** [Qd 3d 2d 3h] [Ah]
Dr_Erema: checks 
zolf_j: bets $0.20
Dr_Erema: folds 
Uncalled bet ($0.20) returned to zolf_j
zolf_j collected $0.40 from pot
zolf_j: doesn't show hand 
*** SUMMARY ***
Total pot $0.41 | Rake $0.01 
Board [Qd 3d 2d 3h Ah]
Seat 1: Dr_Erema folded on the River
Seat 2: zolf_j collected ($0.40)
Seat 3: 4opl1a folded before Flop (didn't bet)
Seat 5: Sauce2323 folded before Flop (didn't bet)
Seat 6: droctagon101 (button) folded before Flop (didn't bet)
Seat 7: BryanHefty (small blind) folded before Flop
Seat 8: Dorex2007 (big blind) folded before Flop



PokerStars Hand #228369169104:  Hold'em No Limit ($0.01/$0.02 USD) - 2021/07/17 15:57:11 PT [2021/07/17 18:57:11 ET]
Table 'Jessonda' 9-max Seat #7 is the button
Seat 1: Dr_Erema ($3.21 in chips) 
Seat 2: zolf_j ($2.18 in chips) 
Seat 3: 4opl1a ($2 in chips) 
Seat 5: Sauce2323 ($2.31 in chips) 
Seat 6: droctagon101 ($1.78 in chips) 
Seat 7: BryanHefty ($7.72 in chips) 
Seat 8: Dorex2007 ($2.05 in chips) 
Seat 9: cangreen ($0.80 in chips) 
Dorex2007: posts small blind $0.01
cangreen: posts big blind $0.02
*** HOLE CARDS ***
Dealt to Dorex2007 [Kd 3s]
Dr_Erema: folds 
zolf_j: folds 
4opl1a: folds 
Sauce2323: folds 
droctagon101: folds 
BryanHefty: raises $0.04 to $0.06
Dorex2007: folds 
cangreen: folds 
Uncalled bet ($0.04) returned to BryanHefty
BryanHefty collected $0.05 from pot
BryanHefty: doesn't show hand 
*** SUMMARY ***
Total pot $0.05 | Rake $0 
Seat 1: Dr_Erema folded before Flop (didn't bet)
Seat 2: zolf_j folded before Flop (didn't bet)
Seat 3: 4opl1a folded before Flop (didn't bet)
Seat 5: Sauce2323 folded before Flop (didn't bet)
Seat 6: droctagon101 folded before Flop (didn't bet)
Seat 7: BryanHefty (button) collected ($0.05)
Seat 8: Dorex2007 (small blind) folded before Flop
Seat 9: cangreen (big blind) folded before Flop



PokerStars Hand #228369181324:  Hold'em No Limit ($0.01/$0.02 USD) - 2021/07/17 15:57:34 PT [2021/07/17 18:57:34 ET]
Table 'Jessonda' 9-max Seat #8 is the button
Seat 1: Dr_Erema ($3.21 in chips) 
Seat 2: zolf_j ($2.18 in chips) 
Seat 3: 4opl1a ($2 in chips) 
Seat 5: Sauce2323 ($2.31 in chips) 
Seat 6: droctagon101 ($1.78 in chips) 
Seat 7: BryanHefty ($7.75 in chips) 
Seat 8: Dorex2007 ($2.04 in chips) 
Seat 9: cangreen ($0.78 in chips) 
cangreen: posts small blind $0.01
Dr_Erema: posts big blind $0.02
*** HOLE CARDS ***
Dealt to Dorex2007 [4s 5s]
zolf_j: raises $0.04 to $0.06
4opl1a: folds 
Sauce2323: calls $0.06
droctagon101: folds 
BryanHefty: folds 
Dorex2007: folds 
cangreen: calls $0.05
Dr_Erema: folds 
*** FLOP *** [8h Ac Jd]
cangreen: checks 
zolf_j: checks 
Sauce2323: checks 
*** TURN *** [8h Ac Jd] [Kh]
cangreen: bets $0.04
zolf_j: folds 
Sauce2323: calls $0.04
*** RIVER *** [8h Ac Jd Kh] [Td]
cangreen: bets $0.06
Sauce2323: calls $0.06
*** SHOW DOWN ***
cangreen: shows [Ts Qc] (a straight, Ten to Ace)
Sauce2323: mucks hand 
cangreen collected $0.39 from pot
*** SUMMARY ***
Total pot $0.40 | Rake $0.01 
Board [8h Ac Jd Kh Td]
Seat 1: Dr_Erema (big blind) folded before Flop
Seat 2: zolf_j folded on the Turn
Seat 3: 4opl1a folded before Flop (didn't bet)
Seat 5: Sauce2323 mucked [As Tc]
Seat 6: droctagon101 folded before Flop (didn't bet)
Seat 7: BryanHefty folded before Flop (didn't bet)
Seat 8: Dorex2007 (button) folded before Flop (didn't bet)
Seat 9: cangreen (small blind) showed [Ts Qc] and won ($0.39) with a straight, Ten to Ace



PokerStars Hand #228369203482:  Hold'em No Limit ($0.01/$0.02 USD) - 2021/07/17 15:58:33 PT [2021/07/17 18:58:33 ET]
Table 'Jessonda' 9-max Seat #9 is the button
Seat 1: Dr_Erema ($3.19 in chips) 
Seat 2: zolf_j ($2.12 in chips) 
Seat 3: 4opl1a ($2 in chips) 
Seat 5: Sauce2323 ($2.15 in chips) 
Seat 6: droctagon101 ($1.78 in chips) 
Seat 7: BryanHefty ($7.75 in chips) 
Seat 8: Dorex2007 ($2.04 in chips) 
Seat 9: cangreen ($1.01 in chips) 
Dr_Erema: posts small blind $0.01
zolf_j: posts big blind $0.02
*** HOLE CARDS ***
Dealt to Dorex2007 [6c 7d]
4opl1a: folds 
Sauce2323: folds 
droctagon101: folds 
BryanHefty has timed out
BryanHefty: folds 
Dorex2007: folds 
cangreen: calls $0.02
Dr_Erema: calls $0.01
zolf_j: checks 
*** FLOP *** [Js Jc Qd]
Dr_Erema: checks 
zolf_j: checks 
cangreen: bets $0.02
Dr_Erema: folds 
zolf_j: folds 
Uncalled bet ($0.02) returned to cangreen
cangreen collected $0.06 from pot
cangreen: doesn't show hand 
*** SUMMARY ***
Total pot $0.06 | Rake $0 
Board [Js Jc Qd]
Seat 1: Dr_Erema (small blind) folded on the Flop
Seat 2: zolf_j (big blind) folded on the Flop
Seat 3: 4opl1a folded before Flop (didn't bet)
Seat 5: Sauce2323 folded before Flop (didn't bet)
Seat 6: droctagon101 folded before Flop (didn't bet)
Seat 7: BryanHefty folded before Flop (didn't bet)
Seat 8: Dorex2007 folded before Flop (didn't bet)
Seat 9: cangreen (button) collected ($0.06)



PokerStars Hand #228369214508:  Hold'em No Limit ($0.01/$0.02 USD) - 2021/07/17 15:59:12 PT [2021/07/17 18:59:12 ET]
Table 'Jessonda' 9-max Seat #1 is the button
Seat 1: Dr_Erema ($3.17 in chips) 
Seat 2: zolf_j ($2.10 in chips) 
Seat 3: 4opl1a ($2 in chips) 
Seat 5: Sauce2323 ($2.15 in chips) 
Seat 6: droctagon101 ($1.78 in chips) 
Seat 7: BryanHefty ($7.75 in chips) 
Seat 8: Dorex2007 ($2.04 in chips) 
Seat 9: cangreen ($1.05 in chips) 
zolf_j: posts small blind $0.01
4opl1a: posts big blind $0.02
*** HOLE CARDS ***
Dealt to Dorex2007 [7c 7h]
Sauce2323: folds 
droctagon101: folds 
BryanHefty: raises $0.02 to $0.04
Dorex2007: raises $0.16 to $0.20
cangreen: folds 
cangreen leaves the table
Dr_Erema: folds 
zolf_j: folds 
4opl1a: folds 
BryanHefty: calls $0.16
*** FLOP *** [3d 5d Jd]
BryanHefty: bets $0.06
Dorex2007: raises $1.78 to $1.84 and is all-in
BryanHefty: folds [9c]
Uncalled bet ($1.78) returned to Dorex2007
Dorex2007 collected $0.53 from pot
Dorex2007: doesn't show hand 
*** SUMMARY ***
Total pot $0.55 | Rake $0.02 
Board [3d 5d Jd]
Seat 1: Dr_Erema (button) folded before Flop (didn't bet)
Seat 2: zolf_j (small blind) folded before Flop
Seat 3: 4opl1a (big blind) folded before Flop
Seat 5: Sauce2323 folded before Flop (didn't bet)
Seat 6: droctagon101 folded before Flop (didn't bet)
Seat 7: BryanHefty folded on the Flop
Seat 8: Dorex2007 collected ($0.53)
Seat 9: cangreen folded before Flop (didn't bet)



PokerStars Hand #228369227689:  Hold'em No Limit ($0.01/$0.02 USD) - 2021/07/17 15:59:58 PT [2021/07/17 18:59:58 ET]
Table 'Jessonda' 9-max Seat #2 is the button
Seat 1: Dr_Erema ($3.17 in chips) 
Seat 2: zolf_j ($2.09 in chips) 
Seat 3: 4opl1a ($2 in chips) 
Seat 4: kreator1984 ($3.79 in chips) 
Seat 5: Sauce2323 ($2.15 in chips) 
Seat 6: droctagon101 ($1.78 in chips) 
Seat 7: BryanHefty ($7.49 in chips) 
Seat 8: Dorex2007 ($2.31 in chips) 
4opl1a: posts small blind $0.01
kreator1984: posts big blind $0.02
*** HOLE CARDS ***
Dealt to Dorex2007 [Ts 9c]
Sauce2323: folds 
droctagon101: folds 
BryanHefty: calls $0.02
Dorex2007: folds 
Dr_Erema has timed out
Dr_Erema: folds 
zolf_j: folds 
4opl1a: calls $0.01
kreator1984: checks 
*** FLOP *** [6s 6h Ks]
4opl1a: bets $0.04
kreator1984: folds 
BryanHefty: folds 
Uncalled bet ($0.04) returned to 4opl1a
4opl1a collected $0.06 from pot
4opl1a: doesn't show hand 
*** SUMMARY ***
Total pot $0.06 | Rake $0 
Board [6s 6h Ks]
Seat 1: Dr_Erema folded before Flop (didn't bet)
Seat 2: zolf_j (button) folded before Flop (didn't bet)
Seat 3: 4opl1a (small blind) collected ($0.06)
Seat 4: kreator1984 (big blind) folded on the Flop
Seat 5: Sauce2323 folded before Flop (didn't bet)
Seat 6: droctagon101 folded before Flop (didn't bet)
Seat 7: BryanHefty folded on the Flop
Seat 8: Dorex2007 folded before Flop (didn't bet)



PokerStars Hand #228369239047:  Hold'em No Limit ($0.01/$0.02 USD) - 2021/07/17 16:00:36 PT [2021/07/17 19:00:36 ET]
Table 'Jessonda' 9-max Seat #3 is the button
Seat 1: Dr_Erema ($3.17 in chips) 
Seat 2: zolf_j ($2.09 in chips) 
Seat 3: 4opl1a ($2.04 in chips) 
Seat 4: kreator1984 ($3.77 in chips) 
Seat 5: Sauce2323 ($2.15 in chips) 
Seat 6: droctagon101 ($1.78 in chips) 
Seat 7: BryanHefty ($7.47 in chips) 
Seat 8: Dorex2007 ($2.31 in chips) 
kreator1984: posts small blind $0.01
Sauce2323: posts big blind $0.02
*** HOLE CARDS ***
Dealt to Dorex2007 [2c 8d]
droctagon101: folds 
BryanHefty: calls $0.02
Dorex2007: folds 
Dr_Erema: calls $0.02
zolf_j has timed out
zolf_j: folds 
4opl1a: folds 
abobora33 joins the table at seat #9 
kreator1984: calls $0.01
Sauce2323: checks 
*** FLOP *** [9d 6s 5c]
kreator1984: checks 
Sauce2323: checks 
BryanHefty: bets $0.06
Dr_Erema: calls $0.06
kreator1984: calls $0.06
Sauce2323: folds 
*** TURN *** [9d 6s 5c] [Qc]
kreator1984: checks 
BryanHefty: bets $0.10
Dr_Erema: calls $0.10
kreator1984: calls $0.10
*** RIVER *** [9d 6s 5c Qc] [3d]
kreator1984: checks 
BryanHefty: checks 
Dr_Erema: checks 
*** SHOW DOWN ***
kreator1984: shows [8s Jd] (high card Queen)
BryanHefty: shows [Th 5h] (a pair of Fives)
Dr_Erema: shows [7h 7c] (a pair of Sevens)
Dr_Erema collected $0.54 from pot
*** SUMMARY ***
Total pot $0.56 | Rake $0.02 
Board [9d 6s 5c Qc 3d]
Seat 1: Dr_Erema showed [7h 7c] and won ($0.54) with a pair of Sevens
Seat 2: zolf_j folded before Flop (didn't bet)
Seat 3: 4opl1a (button) folded before Flop (didn't bet)
Seat 4: kreator1984 (small blind) showed [8s Jd] and lost with high card Queen
Seat 5: Sauce2323 (big blind) folded on the Flop
Seat 6: droctagon101 folded before Flop (didn't bet)
Seat 7: BryanHefty showed [Th 5h] and lost with a pair of Fives
Seat 8: Dorex2007 folded before Flop (didn't bet)



PokerStars Hand #228369263534:  Hold'em No Limit ($0.01/$0.02 USD) - 2021/07/17 16:01:48 PT [2021/07/17 19:01:48 ET]
Table 'Jessonda' 9-max Seat #4 is the button
Seat 1: Dr_Erema ($3.53 in chips) 
Seat 2: zolf_j ($2.09 in chips) 
Seat 3: 4opl1a ($2.04 in chips) 
Seat 4: kreator1984 ($3.59 in chips) 
Seat 5: Sauce2323 ($2.13 in chips) 
Seat 6: droctagon101 ($1.78 in chips) 
Seat 7: BryanHefty ($7.29 in chips) 
Seat 8: Dorex2007 ($2.31 in chips) 
Sauce2323: posts small blind $0.01
droctagon101: posts big blind $0.02
abobora33: sits out 
*** HOLE CARDS ***
Dealt to Dorex2007 [4h Kc]
BryanHefty: raises $0.04 to $0.06
Dorex2007: folds 
Dr_Erema: folds 
zolf_j: folds 
4opl1a: folds 
kreator1984: folds 
Sauce2323: calls $0.05
droctagon101: folds 
*** FLOP *** [2d Jh Ac]
Sauce2323: checks 
BryanHefty: checks 
*** TURN *** [2d Jh Ac] [Ks]
Sauce2323: bets $0.07
BryanHefty: calls $0.07
*** RIVER *** [2d Jh Ac Ks] [4c]
Sauce2323: bets $0.10
BryanHefty: folds 
Uncalled bet ($0.10) returned to Sauce2323
Sauce2323 collected $0.27 from pot
Sauce2323: doesn't show hand 
*** SUMMARY ***
Total pot $0.28 | Rake $0.01 
Board [2d Jh Ac Ks 4c]
Seat 1: Dr_Erema folded before Flop (didn't bet)
Seat 2: zolf_j folded before Flop (didn't bet)
Seat 3: 4opl1a folded before Flop (didn't bet)
Seat 4: kreator1984 (button) folded before Flop (didn't bet)
Seat 5: Sauce2323 (small blind) collected ($0.27)
Seat 6: droctagon101 (big blind) folded before Flop
Seat 7: BryanHefty folded on the River
Seat 8: Dorex2007 folded before Flop (didn't bet)



PokerStars Hand #228369278669:  Hold'em No Limit ($0.01/$0.02 USD) - 2021/07/17 16:02:30 PT [2021/07/17 19:02:30 ET]
Table 'Jessonda' 9-max Seat #5 is the button
Seat 1: Dr_Erema ($3.53 in chips) 
Seat 2: zolf_j ($2.09 in chips) 
Seat 3: 4opl1a ($2.04 in chips) 
Seat 4: kreator1984 ($3.59 in chips) 
Seat 5: Sauce2323 ($2.27 in chips) 
Seat 6: droctagon101 ($1.76 in chips) 
Seat 7: BryanHefty ($7.16 in chips) 
Seat 8: Dorex2007 ($2.31 in chips) 
droctagon101: posts small blind $0.01
BryanHefty: posts big blind $0.02
abobora33: sits out 
*** HOLE CARDS ***
Dealt to Dorex2007 [8s Kd]
Dorex2007: folds 
Dr_Erema: folds 
zolf_j: raises $0.04 to $0.06
4opl1a: folds 
kreator1984: folds 
Sauce2323: folds 
droctagon101: folds 
BryanHefty: calls $0.04
*** FLOP *** [Qh 2h 6d]
BryanHefty: checks 
zolf_j: checks 
*** TURN *** [Qh 2h 6d] [7s]
BryanHefty: bets $0.06
zolf_j: folds 
Uncalled bet ($0.06) returned to BryanHefty
BryanHefty collected $0.13 from pot
BryanHefty: doesn't show hand 
*** SUMMARY ***
Total pot $0.13 | Rake $0 
Board [Qh 2h 6d 7s]
Seat 1: Dr_Erema folded before Flop (didn't bet)
Seat 2: zolf_j folded on the Turn
Seat 3: 4opl1a folded before Flop (didn't bet)
Seat 4: kreator1984 folded before Flop (didn't bet)
Seat 5: Sauce2323 (button) folded before Flop (didn't bet)
Seat 6: droctagon101 (small blind) folded before Flop
Seat 7: BryanHefty (big blind) collected ($0.13)
Seat 8: Dorex2007 folded before Flop (didn't bet)



PokerStars Hand #228369298495:  Hold'em No Limit ($0.01/$0.02 USD) - 2021/07/17 16:03:25 PT [2021/07/17 19:03:25 ET]
Table 'Jessonda' 9-max Seat #6 is the button
Seat 1: Dr_Erema ($3.53 in chips) 
Seat 2: zolf_j ($2.03 in chips) 
Seat 3: 4opl1a ($2.04 in chips) 
Seat 4: kreator1984 ($3.59 in chips) 
Seat 5: Sauce2323 ($2.27 in chips) 
Seat 6: droctagon101 ($1.75 in chips) 
Seat 7: BryanHefty ($7.23 in chips) 
Seat 8: Dorex2007 ($2.31 in chips) 
BryanHefty: posts small blind $0.01
Dorex2007: posts big blind $0.02
abobora33: sits out 
*** HOLE CARDS ***
Dealt to Dorex2007 [Kh 6c]
Dr_Erema: folds 
zolf_j: folds 
4opl1a: raises $0.04 to $0.06
kreator1984: folds 
Sauce2323: folds 
droctagon101: folds 
BryanHefty: folds 
Dorex2007: folds 
Uncalled bet ($0.04) returned to 4opl1a
4opl1a collected $0.05 from pot
4opl1a: doesn't show hand 
*** SUMMARY ***
Total pot $0.05 | Rake $0 
Seat 1: Dr_Erema folded before Flop (didn't bet)
Seat 2: zolf_j folded before Flop (didn't bet)
Seat 3: 4opl1a collected ($0.05)
Seat 4: kreator1984 folded before Flop (didn't bet)
Seat 5: Sauce2323 folded before Flop (didn't bet)
Seat 6: droctagon101 (button) folded before Flop (didn't bet)
Seat 7: BryanHefty (small blind) folded before Flop
Seat 8: Dorex2007 (big blind) folded before Flop



PokerStars Hand #228369308168:  Hold'em No Limit ($0.01/$0.02 USD) - 2021/07/17 16:03:52 PT [2021/07/17 19:03:52 ET]
Table 'Jessonda' 9-max Seat #7 is the button
Seat 1: Dr_Erema ($3.53 in chips) 
Seat 2: zolf_j ($2.03 in chips) 
Seat 3: 4opl1a ($2.07 in chips) 
Seat 4: kreator1984 ($3.59 in chips) 
Seat 5: Sauce2323 ($2.27 in chips) 
Seat 6: droctagon101 ($1.75 in chips) 
Seat 7: BryanHefty ($7.22 in chips) 
Seat 8: Dorex2007 ($2.29 in chips) 
Seat 9: abobora33 ($2 in chips) 
Dorex2007: posts small blind $0.01
abobora33: posts big blind $0.02
*** HOLE CARDS ***
Dealt to Dorex2007 [Ts 9h]
Dr_Erema: folds 
zolf_j: folds 
4opl1a: folds 
kreator1984: folds 
Sauce2323: folds 
droctagon101: folds 
BryanHefty: folds 
Dorex2007: calls $0.01
abobora33: checks 
*** FLOP *** [6c 5d Jd]
Dorex2007: checks 
abobora33: checks 
*** TURN *** [6c 5d Jd] [5s]
Dorex2007: checks 
abobora33: checks 
*** RIVER *** [6c 5d Jd 5s] [Kd]
Dorex2007: checks 
abobora33: checks 
*** SHOW DOWN ***
Dorex2007: shows [Ts 9h] (a pair of Fives)
abobora33: mucks hand 
Dorex2007 collected $0.04 from pot
*** SUMMARY ***
Total pot $0.04 | Rake $0 
Board [6c 5d Jd 5s Kd]
Seat 1: Dr_Erema folded before Flop (didn't bet)
Seat 2: zolf_j folded before Flop (didn't bet)
Seat 3: 4opl1a folded before Flop (didn't bet)
Seat 4: kreator1984 folded before Flop (didn't bet)
Seat 5: Sauce2323 folded before Flop (didn't bet)
Seat 6: droctagon101 folded before Flop (didn't bet)
Seat 7: BryanHefty (button) folded before Flop (didn't bet)
Seat 8: Dorex2007 (small blind) showed [Ts 9h] and won ($0.04) with a pair of Fives
Seat 9: abobora33 (big blind) mucked [2s 4s]



PokerStars Hand #228369329861:  Hold'em No Limit ($0.01/$0.02 USD) - 2021/07/17 16:04:53 PT [2021/07/17 19:04:53 ET]
Table 'Jessonda' 9-max Seat #8 is the button
Seat 1: Dr_Erema ($3.53 in chips) 
Seat 2: zolf_j ($2.03 in chips) 
Seat 3: 4opl1a ($2.07 in chips) 
Seat 4: kreator1984 ($3.59 in chips) 
Seat 5: Sauce2323 ($2.27 in chips) 
Seat 6: droctagon101 ($1.75 in chips) 
Seat 7: BryanHefty ($7.22 in chips) 
Seat 8: Dorex2007 ($2.31 in chips) 
Seat 9: abobora33 ($1.98 in chips) 
abobora33: posts small blind $0.01
Dr_Erema: posts big blind $0.02
*** HOLE CARDS ***
Dealt to Dorex2007 [Qh Td]
zolf_j: folds 
4opl1a: folds 
kreator1984: folds 
Sauce2323: folds 
droctagon101: folds 
BryanHefty: folds 
Dorex2007: raises $0.04 to $0.06
abobora33: folds 
Dr_Erema: raises $0.12 to $0.18
Dorex2007: folds 
Uncalled bet ($0.12) returned to Dr_Erema
Dr_Erema collected $0.13 from pot
Dr_Erema: doesn't show hand 
*** SUMMARY ***
Total pot $0.13 | Rake $0 
Seat 1: Dr_Erema (big blind) collected ($0.13)
Seat 2: zolf_j folded before Flop (didn't bet)
Seat 3: 4opl1a folded before Flop (didn't bet)
Seat 4: kreator1984 folded before Flop (didn't bet)
Seat 5: Sauce2323 folded before Flop (didn't bet)
Seat 6: droctagon101 folded before Flop (didn't bet)
Seat 7: BryanHefty folded before Flop (didn't bet)
Seat 8: Dorex2007 (button) folded before Flop
Seat 9: abobora33 (small blind) folded before Flop



PokerStars Hand #228369349451:  Hold'em No Limit ($0.01/$0.02 USD) - 2021/07/17 16:05:46 PT [2021/07/17 19:05:46 ET]
Table 'Jessonda' 9-max Seat #9 is the button
Seat 1: Dr_Erema ($3.60 in chips) 
Seat 2: zolf_j ($2.03 in chips) 
Seat 3: 4opl1a ($2.07 in chips) 
Seat 4: kreator1984 ($3.59 in chips) 
Seat 5: Sauce2323 ($2.27 in chips) 
Seat 6: droctagon101 ($1.75 in chips) 
Seat 7: BryanHefty ($7.22 in chips) 
Seat 8: Dorex2007 ($2.25 in chips) 
Seat 9: abobora33 ($1.97 in chips) 
Dr_Erema: posts small blind $0.01
zolf_j: posts big blind $0.02
*** HOLE CARDS ***
Dealt to Dorex2007 [8c 9c]
4opl1a: folds 
kreator1984: folds 
Sauce2323: folds 
droctagon101: folds 
BryanHefty: folds 
Dorex2007: folds 
abobora33: folds 
Dr_Erema: raises $0.03 to $0.05
zolf_j: folds 
Uncalled bet ($0.03) returned to Dr_Erema
Dr_Erema collected $0.04 from pot
Dr_Erema: doesn't show hand 
*** SUMMARY ***
Total pot $0.04 | Rake $0 
Seat 1: Dr_Erema (small blind) collected ($0.04)
Seat 2: zolf_j (big blind) folded before Flop
Seat 3: 4opl1a folded before Flop (didn't bet)
Seat 4: kreator1984 folded before Flop (didn't bet)
Seat 5: Sauce2323 folded before Flop (didn't bet)
Seat 6: droctagon101 folded before Flop (didn't bet)
Seat 7: BryanHefty folded before Flop (didn't bet)
Seat 8: Dorex2007 folded before Flop (didn't bet)
Seat 9: abobora33 (button) folded before Flop (didn't bet)



PokerStars Hand #228369357249:  Hold'em No Limit ($0.01/$0.02 USD) - 2021/07/17 16:06:08 PT [2021/07/17 19:06:08 ET]
Table 'Jessonda' 9-max Seat #1 is the button
Seat 1: Dr_Erema ($3.62 in chips) 
Seat 2: zolf_j ($2.01 in chips) 
Seat 3: 4opl1a ($2.07 in chips) 
Seat 4: kreator1984 ($3.59 in chips) 
Seat 5: Sauce2323 ($2.27 in chips) 
Seat 6: droctagon101 ($1.75 in chips) 
Seat 7: BryanHefty ($7.22 in chips) 
Seat 8: Dorex2007 ($2.25 in chips) 
Seat 9: abobora33 ($1.97 in chips) 
zolf_j: posts small blind $0.01
4opl1a: posts big blind $0.02
*** HOLE CARDS ***
Dealt to Dorex2007 [4d 6d]
kreator1984: raises $0.02 to $0.04
Sauce2323: folds 
droctagon101: folds 
BryanHefty: folds 
Dorex2007: folds 
abobora33: folds 
Dr_Erema: calls $0.04
zolf_j: folds 
4opl1a: folds 
*** FLOP *** [Qs 8h Qh]
kreator1984: checks 
Dr_Erema: bets $0.06
kreator1984: calls $0.06
*** TURN *** [Qs 8h Qh] [8c]
kreator1984: checks 
Dr_Erema: checks 
*** RIVER *** [Qs 8h Qh 8c] [3d]
kreator1984: checks 
Dr_Erema: checks 
*** SHOW DOWN ***
kreator1984: shows [Th Kh] (two pair, Queens and Eights)
Dr_Erema: mucks hand 
kreator1984 collected $0.22 from pot
*** SUMMARY ***
Total pot $0.23 | Rake $0.01 
Board [Qs 8h Qh 8c 3d]
Seat 1: Dr_Erema (button) mucked [6s Jc]
Seat 2: zolf_j (small blind) folded before Flop
Seat 3: 4opl1a (big blind) folded before Flop
Seat 4: kreator1984 showed [Th Kh] and won ($0.22) with two pair, Queens and Eights
Seat 5: Sauce2323 folded before Flop (didn't bet)
Seat 6: droctagon101 folded before Flop (didn't bet)
Seat 7: BryanHefty folded before Flop (didn't bet)
Seat 8: Dorex2007 folded before Flop (didn't bet)
Seat 9: abobora33 folded before Flop (didn't bet)



PokerStars Hand #228369377723:  Hold'em No Limit ($0.01/$0.02 USD) - 2021/07/17 16:07:06 PT [2021/07/17 19:07:06 ET]
Table 'Jessonda' 9-max Seat #2 is the button
Seat 1: Dr_Erema ($3.52 in chips) 
Seat 2: zolf_j ($2 in chips) 
Seat 3: 4opl1a ($2.05 in chips) 
Seat 4: kreator1984 ($3.71 in chips) 
Seat 5: Sauce2323 ($2.27 in chips) 
Seat 6: droctagon101 ($1.75 in chips) 
Seat 7: BryanHefty ($7.22 in chips) 
Seat 8: Dorex2007 ($2.25 in chips) 
Seat 9: abobora33 ($1.97 in chips) 
4opl1a: posts small blind $0.01
kreator1984: posts big blind $0.02
*** HOLE CARDS ***
Dealt to Dorex2007 [2c 9d]
Sauce2323: folds 
droctagon101: raises $0.04 to $0.06
BryanHefty: folds 
Dorex2007: folds 
abobora33: folds 
Dr_Erema: folds 
zolf_j: folds 
4opl1a: folds 
kreator1984: folds 
Uncalled bet ($0.04) returned to droctagon101
droctagon101 collected $0.05 from pot
droctagon101: doesn't show hand 
*** SUMMARY ***
Total pot $0.05 | Rake $0 
Seat 1: Dr_Erema folded before Flop (didn't bet)
Seat 2: zolf_j (button) folded before Flop (didn't bet)
Seat 3: 4opl1a (small blind) folded before Flop
Seat 4: kreator1984 (big blind) folded before Flop
Seat 5: Sauce2323 folded before Flop (didn't bet)
Seat 6: droctagon101 collected ($0.05)
Seat 7: BryanHefty folded before Flop (didn't bet)
Seat 8: Dorex2007 folded before Flop (didn't bet)
Seat 9: abobora33 folded before Flop (didn't bet)



PokerStars Hand #228369384602:  Hold'em No Limit ($0.01/$0.02 USD) - 2021/07/17 16:07:25 PT [2021/07/17 19:07:25 ET]
Table 'Jessonda' 9-max Seat #3 is the button
Seat 1: Dr_Erema ($3.52 in chips) 
Seat 2: zolf_j ($2 in chips) 
Seat 3: 4opl1a ($2.04 in chips) 
Seat 4: kreator1984 ($3.69 in chips) 
Seat 5: Sauce2323 ($2.27 in chips) 
Seat 6: droctagon101 ($1.78 in chips) 
Seat 7: BryanHefty ($7.22 in chips) 
Seat 8: Dorex2007 ($2.25 in chips) 
Seat 9: abobora33 ($1.97 in chips) 
kreator1984: posts small blind $0.01
Sauce2323: posts big blind $0.02
*** HOLE CARDS ***
Dealt to Dorex2007 [8h 9h]
droctagon101: folds 
BryanHefty: folds 
Dorex2007: folds 
abobora33: raises $0.04 to $0.06
Dr_Erema: calls $0.06
zolf_j: raises $0.21 to $0.27
4opl1a: folds 
kreator1984: folds 
Sauce2323: folds 
abobora33: calls $0.21
Dr_Erema: folds 
*** FLOP *** [2s 8s 4s]
abobora33: checks 
zolf_j: bets $0.46
abobora33: calls $0.46
*** TURN *** [2s 8s 4s] [8c]
abobora33: checks 
zolf_j: bets $1.27 and is all-in
abobora33: calls $1.24 and is all-in
Uncalled bet ($0.03) returned to zolf_j
*** RIVER *** [2s 8s 4s 8c] [4c]
*** SHOW DOWN ***
abobora33: shows [Ks Kh] (two pair, Kings and Eights)
zolf_j: shows [Qd Qh] (two pair, Queens and Eights)
abobora33 collected $3.89 from pot
*** SUMMARY ***
Total pot $4.03 | Rake $0.14 
Board [2s 8s 4s 8c 4c]
Seat 1: Dr_Erema folded before Flop
Seat 2: zolf_j showed [Qd Qh] and lost with two pair, Queens and Eights
Seat 3: 4opl1a (button) folded before Flop (didn't bet)
Seat 4: kreator1984 (small blind) folded before Flop
Seat 5: Sauce2323 (big blind) folded before Flop
Seat 6: droctagon101 folded before Flop (didn't bet)
Seat 7: BryanHefty folded before Flop (didn't bet)
Seat 8: Dorex2007 folded before Flop (didn't bet)
Seat 9: abobora33 showed [Ks Kh] and won ($3.89) with two pair, Kings and Eights



PokerStars Hand #228369412856:  Hold'em No Limit ($0.01/$0.02 USD) - 2021/07/17 16:08:44 PT [2021/07/17 19:08:44 ET]
Table 'Jessonda' 9-max Seat #4 is the button
Seat 1: Dr_Erema ($3.46 in chips) 
Seat 2: zolf_j ($0.03 in chips) 
Seat 3: 4opl1a ($2.04 in chips) 
Seat 4: kreator1984 ($3.68 in chips) 
Seat 5: Sauce2323 ($2.25 in chips) 
Seat 6: droctagon101 ($1.78 in chips) 
Seat 7: BryanHefty ($7.22 in chips) 
Seat 8: Dorex2007 ($2.25 in chips) 
Seat 9: abobora33 ($3.89 in chips) 
Sauce2323: posts small blind $0.01
droctagon101: posts big blind $0.02
*** HOLE CARDS ***
Dealt to Dorex2007 [Ks 2s]
BryanHefty: raises $0.04 to $0.06
Dorex2007: folds 
abobora33: folds 
Dr_Erema: folds 
zolf_j: folds 
4opl1a: folds 
kreator1984: folds 
Sauce2323: folds 
droctagon101: calls $0.04
*** FLOP *** [8d Jc 5c]
droctagon101: checks 
BryanHefty: bets $0.10
droctagon101: calls $0.10
*** TURN *** [8d Jc 5c] [5s]
droctagon101: checks 
BryanHefty: bets $0.10
droctagon101: raises $0.14 to $0.24
BryanHefty: calls $0.14
*** RIVER *** [8d Jc 5c 5s] [9s]
droctagon101: checks 
BryanHefty: bets $0.50
droctagon101: folds 
Uncalled bet ($0.50) returned to BryanHefty
BryanHefty collected $0.78 from pot
BryanHefty: doesn't show hand 
*** SUMMARY ***
Total pot $0.81 | Rake $0.03 
Board [8d Jc 5c 5s 9s]
Seat 1: Dr_Erema folded before Flop (didn't bet)
Seat 2: zolf_j folded before Flop (didn't bet)
Seat 3: 4opl1a folded before Flop (didn't bet)
Seat 4: kreator1984 (button) folded before Flop (didn't bet)
Seat 5: Sauce2323 (small blind) folded before Flop
Seat 6: droctagon101 (big blind) folded on the River
Seat 7: BryanHefty collected ($0.78)
Seat 8: Dorex2007 folded before Flop (didn't bet)
Seat 9: abobora33 folded before Flop (didn't bet)



PokerStars Hand #228369433133:  Hold'em No Limit ($0.01/$0.02 USD) - 2021/07/17 16:09:42 PT [2021/07/17 19:09:42 ET]
Table 'Jessonda' 9-max Seat #6 is the button
Seat 1: Dr_Erema ($3.46 in chips) 
Seat 2: zolf_j ($2 in chips) 
Seat 3: 4opl1a ($2.04 in chips) 
Seat 4: kreator1984 ($3.68 in chips) 
Seat 6: droctagon101 ($1.38 in chips) 
Seat 7: BryanHefty ($7.60 in chips) 
Seat 8: Dorex2007 ($2.25 in chips) 
Seat 9: abobora33 ($3.89 in chips) 
BryanHefty: posts small blind $0.01
Dorex2007: posts big blind $0.02
*** HOLE CARDS ***
Dealt to Dorex2007 [4s 2d]
abobora33: folds 
Dr_Erema: folds 
zolf_j: folds 
4opl1a: folds 
kreator1984: folds 
droctagon101: folds 
BryanHefty: calls $0.01
Dorex2007: checks 
*** FLOP *** [8s 3c 8d]
BryanHefty: bets $0.06
Dorex2007: folds 
Uncalled bet ($0.06) returned to BryanHefty
BryanHefty collected $0.04 from pot
BryanHefty: doesn't show hand 
*** SUMMARY ***
Total pot $0.04 | Rake $0 
Board [8s 3c 8d]
Seat 1: Dr_Erema folded before Flop (didn't bet)
Seat 2: zolf_j folded before Flop (didn't bet)
Seat 3: 4opl1a folded before Flop (didn't bet)
Seat 4: kreator1984 folded before Flop (didn't bet)
Seat 6: droctagon101 (button) folded before Flop (didn't bet)
Seat 7: BryanHefty (small blind) collected ($0.04)
Seat 8: Dorex2007 (big blind) folded on the Flop
Seat 9: abobora33 folded before Flop (didn't bet)



PokerStars Hand #228369441283:  Hold'em No Limit ($0.01/$0.02 USD) - 2021/07/17 16:10:04 PT [2021/07/17 19:10:04 ET]
Table 'Jessonda' 9-max Seat #7 is the button
Seat 1: Dr_Erema ($3.46 in chips) 
Seat 2: zolf_j ($2 in chips) 
Seat 3: 4opl1a ($2.04 in chips) 
Seat 4: kreator1984 ($3.68 in chips) 
Seat 6: droctagon101 ($1.38 in chips) 
Seat 7: BryanHefty ($7.62 in chips) 
Seat 8: Dorex2007 ($2.23 in chips) 
Seat 9: abobora33 ($3.89 in chips) 
Dorex2007: posts small blind $0.01
abobora33: posts big blind $0.02
*** HOLE CARDS ***
Dealt to Dorex2007 [4h Ac]
Dr_Erema: folds 
zolf_j: folds 
4opl1a: folds 
kreator1984: calls $0.02
droctagon101: folds 
BryanHefty: raises $0.04 to $0.06
Dorex2007: folds 
abobora33: folds 
kreator1984: calls $0.04
*** FLOP *** [2d Qd Jd]
kreator1984: checks 
BryanHefty: bets $0.06
kreator1984: folds 
Uncalled bet ($0.06) returned to BryanHefty
BryanHefty collected $0.14 from pot
BryanHefty: doesn't show hand 
*** SUMMARY ***
Total pot $0.15 | Rake $0.01 
Board [2d Qd Jd]
Seat 1: Dr_Erema folded before Flop (didn't bet)
Seat 2: zolf_j folded before Flop (didn't bet)
Seat 3: 4opl1a folded before Flop (didn't bet)
Seat 4: kreator1984 folded on the Flop
Seat 6: droctagon101 folded before Flop (didn't bet)
Seat 7: BryanHefty (button) collected ($0.14)
Seat 8: Dorex2007 (small blind) folded before Flop
Seat 9: abobora33 (big blind) folded before Flop



PokerStars Hand #228369458766:  Hold'em No Limit ($0.01/$0.02 USD) - 2021/07/17 16:10:54 PT [2021/07/17 19:10:54 ET]
Table 'Jessonda' 9-max Seat #8 is the button
Seat 1: Dr_Erema ($3.46 in chips) 
Seat 2: zolf_j ($2 in chips) 
Seat 3: 4opl1a ($2.04 in chips) 
Seat 4: kreator1984 ($3.62 in chips) 
Seat 6: droctagon101 ($1.38 in chips) 
Seat 7: BryanHefty ($7.70 in chips) 
Seat 8: Dorex2007 ($2.22 in chips) 
Seat 9: abobora33 ($3.87 in chips) 
abobora33: posts small blind $0.01
Dr_Erema: posts big blind $0.02
*** HOLE CARDS ***
Dealt to Dorex2007 [8c Qc]
zolf_j: folds 
4opl1a: folds 
kreator1984: folds 
droctagon101: folds 
BryanHefty: raises $0.04 to $0.06
Dorex2007: folds 
abobora33: folds 
Dr_Erema: raises $0.12 to $0.18
BryanHefty: calls $0.12
*** FLOP *** [6h 8d 8h]
Dr_Erema: checks 
BryanHefty: bets $0.24
Dr_Erema: calls $0.24
*** TURN *** [6h 8d 8h] [4s]
Dr_Erema: checks 
BryanHefty: bets $0.58
Dr_Erema: folds 
Uncalled bet ($0.58) returned to BryanHefty
BryanHefty collected $0.82 from pot
BryanHefty: doesn't show hand 
*** SUMMARY ***
Total pot $0.85 | Rake $0.03 
Board [6h 8d 8h 4s]
Seat 1: Dr_Erema (big blind) folded on the Turn
Seat 2: zolf_j folded before Flop (didn't bet)
Seat 3: 4opl1a folded before Flop (didn't bet)
Seat 4: kreator1984 folded before Flop (didn't bet)
Seat 6: droctagon101 folded before Flop (didn't bet)
Seat 7: BryanHefty collected ($0.82)
Seat 8: Dorex2007 (button) folded before Flop (didn't bet)
Seat 9: abobora33 (small blind) folded before Flop



PokerStars Hand #228369483370:  Hold'em No Limit ($0.01/$0.02 USD) - 2021/07/17 16:12:04 PT [2021/07/17 19:12:04 ET]
Table 'Jessonda' 9-max Seat #9 is the button
Seat 1: Dr_Erema ($3.04 in chips) 
Seat 2: zolf_j ($2 in chips) 
Seat 3: 4opl1a ($2.04 in chips) 
Seat 4: kreator1984 ($3.62 in chips) 
Seat 5: Sauce2323 ($2.24 in chips) 
Seat 6: droctagon101 ($1.38 in chips) 
Seat 7: BryanHefty ($8.10 in chips) 
Seat 8: Dorex2007 ($2.22 in chips) 
Seat 9: abobora33 ($3.86 in chips) 
Dr_Erema: posts small blind $0.01
zolf_j: posts big blind $0.02
*** HOLE CARDS ***
Dealt to Dorex2007 [Jc 5h]
4opl1a has timed out
4opl1a: folds 
kreator1984: folds 
Sauce2323: folds 
droctagon101: folds 
BryanHefty: raises $0.02 to $0.04
Dorex2007: folds 
abobora33: folds 
Dr_Erema: raises $0.08 to $0.12
zolf_j: folds 
BryanHefty: raises $0.26 to $0.38
Dr_Erema: calls $0.26
*** FLOP *** [9c 8d 6s]
Dr_Erema: checks 
BryanHefty: bets $0.40
droctagon101 is disconnected 
Dr_Erema: calls $0.40
*** TURN *** [9c 8d 6s] [Th]
Dr_Erema: checks 
BryanHefty: bets $0.88
Dr_Erema: raises $1.38 to $2.26 and is all-in
BryanHefty: calls $1.38
*** RIVER *** [9c 8d 6s Th] [8s]
*** SHOW DOWN ***
Dr_Erema: shows [Kh Js] (a pair of Eights)
BryanHefty: shows [Qc Qs] (two pair, Queens and Eights)
BryanHefty collected $5.89 from pot
*** SUMMARY ***
Total pot $6.10 | Rake $0.21 
Board [9c 8d 6s Th 8s]
Seat 1: Dr_Erema (small blind) showed [Kh Js] and lost with a pair of Eights
Seat 2: zolf_j (big blind) folded before Flop
Seat 3: 4opl1a folded before Flop (didn't bet)
Seat 4: kreator1984 folded before Flop (didn't bet)
Seat 5: Sauce2323 folded before Flop (didn't bet)
Seat 6: droctagon101 folded before Flop (didn't bet)
Seat 7: BryanHefty showed [Qc Qs] and won ($5.89) with two pair, Queens and Eights
Seat 8: Dorex2007 folded before Flop (didn't bet)
Seat 9: abobora33 (button) folded before Flop (didn't bet)



PokerStars Hand #228369530866:  Hold'em No Limit ($0.01/$0.02 USD) - 2021/07/17 16:13:56 PT [2021/07/17 19:13:56 ET]
Table 'Jessonda' 9-max Seat #1 is the button
Seat 1: Dr_Erema ($2 in chips) 
Seat 2: zolf_j ($1.98 in chips) 
Seat 3: 4opl1a ($2.04 in chips) 
Seat 4: kreator1984 ($3.62 in chips) 
Seat 5: Sauce2323 ($2.24 in chips) 
Seat 7: BryanHefty ($10.95 in chips) 
Seat 8: Dorex2007 ($2.22 in chips) 
Seat 9: abobora33 ($3.86 in chips) 
zolf_j: posts small blind $0.01
4opl1a: posts big blind $0.02
*** HOLE CARDS ***
Dealt to Dorex2007 [Ac Kc]
kreator1984: folds 
Sauce2323: folds 
BryanHefty: folds 
Dorex2007: raises $0.04 to $0.06
abobora33: folds 
Dr_Erema: calls $0.06
zolf_j: folds 
4opl1a: folds 
*** FLOP *** [Qs Tc 3d]
Dorex2007: checks 
Dr_Erema: bets $0.07
Dorex2007: calls $0.07
*** TURN *** [Qs Tc 3d] [2d]
Dorex2007: checks 
Dr_Erema: bets $0.10
Dorex2007: calls $0.10
*** RIVER *** [Qs Tc 3d 2d] [5d]
Dorex2007: bets $0.24
Dr_Erema: calls $0.24
*** SHOW DOWN ***
Dorex2007: shows [Ac Kc] (high card Ace)
Dr_Erema: shows [Ts 6h] (a pair of Tens)
Dr_Erema collected $0.94 from pot
*** SUMMARY ***
Total pot $0.97 | Rake $0.03 
Board [Qs Tc 3d 2d 5d]
Seat 1: Dr_Erema (button) showed [Ts 6h] and won ($0.94) with a pair of Tens
Seat 2: zolf_j (small blind) folded before Flop
Seat 3: 4opl1a (big blind) folded before Flop
Seat 4: kreator1984 folded before Flop (didn't bet)
Seat 5: Sauce2323 folded before Flop (didn't bet)
Seat 7: BryanHefty folded before Flop (didn't bet)
Seat 8: Dorex2007 showed [Ac Kc] and lost with high card Ace
Seat 9: abobora33 folded before Flop (didn't bet)



PokerStars Hand #228369551222:  Hold'em No Limit ($0.01/$0.02 USD) - 2021/07/17 16:14:55 PT [2021/07/17 19:14:55 ET]
Table 'Jessonda' 9-max Seat #2 is the button
Seat 1: Dr_Erema ($2.47 in chips) 
Seat 2: zolf_j ($1.97 in chips) 
Seat 3: 4opl1a ($2.02 in chips) 
Seat 4: kreator1984 ($3.62 in chips) 
Seat 5: Sauce2323 ($2.24 in chips) 
Seat 7: BryanHefty ($10.95 in chips) 
Seat 8: Dorex2007 ($1.75 in chips) 
Seat 9: abobora33 ($3.86 in chips) 
4opl1a: posts small blind $0.01
kreator1984: posts big blind $0.02
*** HOLE CARDS ***
Dealt to Dorex2007 [5d 8s]
droctagon101 is disconnected 
Sauce2323: raises $0.04 to $0.06
BryanHefty: calls $0.06
Dorex2007: folds 
abobora33: folds 
Dr_Erema: folds 
zolf_j: folds 
4opl1a: calls $0.05
kreator1984: folds 
*** FLOP *** [9s 2s Kd]
4opl1a: checks 
Sauce2323: checks 
BryanHefty: bets $0.06
4opl1a: folds 
Sauce2323: calls $0.06
*** TURN *** [9s 2s Kd] [7h]
Sauce2323: checks 
BryanHefty: bets $0.10
Sauce2323: calls $0.10
*** RIVER *** [9s 2s Kd 7h] [7c]
Sauce2323: checks 
BryanHefty: bets $0.25
Sauce2323: calls $0.25
*** SHOW DOWN ***
BryanHefty: shows [9h Ah] (two pair, Nines and Sevens)
Sauce2323: shows [Qc Qd] (two pair, Queens and Sevens)
Sauce2323 collected $0.98 from pot
*** SUMMARY ***
Total pot $1.02 | Rake $0.04 
Board [9s 2s Kd 7h 7c]
Seat 1: Dr_Erema folded before Flop (didn't bet)
Seat 2: zolf_j (button) folded before Flop (didn't bet)
Seat 3: 4opl1a (small blind) folded on the Flop
Seat 4: kreator1984 (big blind) folded before Flop
Seat 5: Sauce2323 showed [Qc Qd] and won ($0.98) with two pair, Queens and Sevens
Seat 7: BryanHefty showed [9h Ah] and lost with two pair, Nines and Sevens
Seat 8: Dorex2007 folded before Flop (didn't bet)
Seat 9: abobora33 folded before Flop (didn't bet)



PokerStars Hand #228369576166:  Hold'em No Limit ($0.01/$0.02 USD) - 2021/07/17 16:16:07 PT [2021/07/17 19:16:07 ET]
Table 'Jessonda' 9-max Seat #4 is the button
Seat 1: Dr_Erema ($2.47 in chips) 
Seat 2: zolf_j ($1.97 in chips) 
Seat 4: kreator1984 ($3.60 in chips) 
Seat 5: Sauce2323 ($2.75 in chips) 
Seat 7: BryanHefty ($10.48 in chips) 
Seat 8: Dorex2007 ($2 in chips) 
Seat 9: abobora33 ($3.86 in chips) 
Sauce2323: posts small blind $0.01
BryanHefty: posts big blind $0.02
*** HOLE CARDS ***
Dealt to Dorex2007 [Jd 4d]
Dorex2007: folds 
abobora33: folds 
Dr_Erema: folds 
zolf_j has timed out
zolf_j: folds 
zolf_j is disconnected 
kreator1984: raises $0.04 to $0.06
Sauce2323: folds 
BryanHefty: calls $0.04
*** FLOP *** [2c 5s 9d]
BryanHefty: checks 
kreator1984: checks 
*** TURN *** [2c 5s 9d] [Ts]
BryanHefty: checks 
kreator1984: bets $0.07
BryanHefty: folds 
Uncalled bet ($0.07) returned to kreator1984
kreator1984 collected $0.13 from pot
kreator1984: doesn't show hand 
*** SUMMARY ***
Total pot $0.13 | Rake $0 
Board [2c 5s 9d Ts]
Seat 1: Dr_Erema folded before Flop (didn't bet)
Seat 2: zolf_j folded before Flop (didn't bet)
Seat 4: kreator1984 (button) collected ($0.13)
Seat 5: Sauce2323 (small blind) folded before Flop
Seat 7: BryanHefty (big blind) folded on the Turn
Seat 8: Dorex2007 folded before Flop (didn't bet)
Seat 9: abobora33 folded before Flop (didn't bet)



PokerStars Hand #228369603364:  Hold'em No Limit ($0.01/$0.02 USD) - 2021/07/17 16:17:26 PT [2021/07/17 19:17:26 ET]
Table 'Jessonda' 9-max Seat #5 is the button
Seat 1: Dr_Erema ($2.47 in chips) 
Seat 2: zolf_j ($1.97 in chips) 
Seat 4: kreator1984 ($3.67 in chips) 
Seat 5: Sauce2323 ($2.74 in chips) 
Seat 7: BryanHefty ($10.42 in chips) 
Seat 8: Dorex2007 ($2 in chips) 
Seat 9: abobora33 ($3.86 in chips) 
BryanHefty: posts small blind $0.01
Dorex2007: posts big blind $0.02
*** HOLE CARDS ***
Dealt to Dorex2007 [2s Jc]
abobora33: folds 
Dr_Erema: folds 
zolf_j: folds 
kreator1984: calls $0.02
Sauce2323: calls $0.02
BryanHefty: raises $0.04 to $0.06
Dorex2007: folds 
kreator1984: calls $0.04
Sauce2323: calls $0.04
*** FLOP *** [4s 6s 8s]
BryanHefty: checks 
kreator1984: checks 
Sauce2323: checks 
*** TURN *** [4s 6s 8s] [Th]
BryanHefty: checks 
kreator1984: checks 
Sauce2323: checks 
*** RIVER *** [4s 6s 8s Th] [7h]
BryanHefty: checks 
kreator1984: checks 
Sauce2323: bets $0.10
BryanHefty: raises $0.10 to $0.20
kreator1984: folds 
Sauce2323: calls $0.10
*** SHOW DOWN ***
BryanHefty: shows [Ac As] (a pair of Aces)
Sauce2323: shows [7c 6c] (two pair, Sevens and Sixes)
Sauce2323 collected $0.58 from pot
*** SUMMARY ***
Total pot $0.60 | Rake $0.02 
Board [4s 6s 8s Th 7h]
Seat 1: Dr_Erema folded before Flop (didn't bet)
Seat 2: zolf_j folded before Flop (didn't bet)
Seat 4: kreator1984 folded on the River
Seat 5: Sauce2323 (button) showed [7c 6c] and won ($0.58) with two pair, Sevens and Sixes
Seat 7: BryanHefty (small blind) showed [Ac As] and lost with a pair of Aces
Seat 8: Dorex2007 (big blind) folded before Flop
Seat 9: abobora33 folded before Flop (didn't bet)



PokerStars Hand #228369632502:  Hold'em No Limit ($0.01/$0.02 USD) - 2021/07/17 16:18:51 PT [2021/07/17 19:18:51 ET]
Table 'Jessonda' 9-max Seat #7 is the button
Seat 1: Dr_Erema ($2.47 in chips) 
Seat 2: zolf_j ($1.97 in chips) 
Seat 4: kreator1984 ($3.61 in chips) 
Seat 5: Sauce2323 ($3.06 in chips) 
Seat 7: BryanHefty ($10.16 in chips) 
Seat 8: Dorex2007 ($1.98 in chips) 
Seat 9: abobora33 ($3.86 in chips) 
Dorex2007: posts small blind $0.01
abobora33: posts big blind $0.02
*** HOLE CARDS ***
Dealt to Dorex2007 [Ah 9h]
Dr_Erema: folds 
zolf_j: folds 
kreator1984: folds 
Sauce2323: folds 
BryanHefty: folds 
Dorex2007: raises $0.04 to $0.06
abobora33: calls $0.04
*** FLOP *** [Kc 8h 7c]
Dorex2007: bets $0.08
abobora33: calls $0.08
*** TURN *** [Kc 8h 7c] [2s]
Dorex2007: bets $0.14
abobora33: calls $0.14
*** RIVER *** [Kc 8h 7c 2s] [9s]
Dorex2007: checks 
abobora33: checks 
*** SHOW DOWN ***
Dorex2007: shows [Ah 9h] (a pair of Nines)
abobora33: shows [Ks Qh] (a pair of Kings)
abobora33 collected $0.54 from pot
*** SUMMARY ***
Total pot $0.56 | Rake $0.02 
Board [Kc 8h 7c 2s 9s]
Seat 1: Dr_Erema folded before Flop (didn't bet)
Seat 2: zolf_j folded before Flop (didn't bet)
Seat 4: kreator1984 folded before Flop (didn't bet)
Seat 5: Sauce2323 folded before Flop (didn't bet)
Seat 7: BryanHefty (button) folded before Flop (didn't bet)
Seat 8: Dorex2007 (small blind) showed [Ah 9h] and lost with a pair of Nines
Seat 9: abobora33 (big blind) showed [Ks Qh] and won ($0.54) with a pair of Kings



PokerStars Hand #228369653503:  Hold'em No Limit ($0.01/$0.02 USD) - 2021/07/17 16:19:29 PT [2021/07/17 19:19:29 ET]
Table 'Jessonda' 9-max Seat #8 is the button
Seat 1: Dr_Erema ($2.47 in chips) 
Seat 2: zolf_j ($1.97 in chips) 
Seat 4: kreator1984 ($3.61 in chips) 
Seat 5: Sauce2323 ($3.06 in chips) 
Seat 7: BryanHefty ($10.16 in chips) 
Seat 8: Dorex2007 ($2 in chips) 
Seat 9: abobora33 ($4.12 in chips) 
abobora33: posts small blind $0.01
Dr_Erema: posts big blind $0.02
*** HOLE CARDS ***
Dealt to Dorex2007 [Js 2d]
zolf_j: folds 
kreator1984: raises $0.04 to $0.06
Sauce2323: folds 
BryanHefty: calls $0.06
Dorex2007: folds 
abobora33: folds 
Dr_Erema: folds 
*** FLOP *** [4c 7s Kd]
kreator1984: checks 
BryanHefty: bets $0.04
kreator1984: calls $0.04
*** TURN *** [4c 7s Kd] [7h]
kreator1984: checks 
BryanHefty: bets $0.10
kreator1984: raises $0.34 to $0.44
BryanHefty: calls $0.34
*** RIVER *** [4c 7s Kd 7h] [Ks]
kreator1984: checks 
BryanHefty: bets $1
kreator1984: folds 
Uncalled bet ($1) returned to BryanHefty
BryanHefty collected $1.07 from pot
BryanHefty: doesn't show hand 
*** SUMMARY ***
Total pot $1.11 | Rake $0.04 
Board [4c 7s Kd 7h Ks]
Seat 1: Dr_Erema (big blind) folded before Flop
Seat 2: zolf_j folded before Flop (didn't bet)
Seat 4: kreator1984 folded on the River
Seat 5: Sauce2323 folded before Flop (didn't bet)
Seat 7: BryanHefty collected ($1.07)
Seat 8: Dorex2007 (button) folded before Flop (didn't bet)
Seat 9: abobora33 (small blind) folded before Flop



PokerStars Hand #228369674400:  Hold'em No Limit ($0.01/$0.02 USD) - 2021/07/17 16:20:31 PT [2021/07/17 19:20:31 ET]
Table 'Jessonda' 9-max Seat #9 is the button
Seat 1: Dr_Erema ($2.45 in chips) 
Seat 2: zolf_j ($1.97 in chips) 
Seat 4: kreator1984 ($3.07 in chips) 
Seat 5: Sauce2323 ($3.06 in chips) 
Seat 7: BryanHefty ($10.69 in chips) 
Seat 8: Dorex2007 ($2 in chips) 
Seat 9: abobora33 ($4.11 in chips) 
Dr_Erema: posts small blind $0.01
zolf_j: posts big blind $0.02
*** HOLE CARDS ***
Dealt to Dorex2007 [9d 5d]
kreator1984: folds 
Sauce2323: folds 
BryanHefty: folds 
Dorex2007: folds 
abobora33: folds 
Dr_Erema: raises $0.03 to $0.05
zolf_j: calls $0.03
*** FLOP *** [7s Jh 6c]
Dr_Erema: bets $0.05
zolf_j: calls $0.05
*** TURN *** [7s Jh 6c] [4c]
Dr_Erema: bets $0.09
zolf_j: calls $0.09
*** RIVER *** [7s Jh 6c 4c] [8d]
Dr_Erema: bets $0.12
zolf_j: calls $0.12
*** SHOW DOWN ***
Dr_Erema: shows [3c 6d] (a pair of Sixes)
zolf_j: shows [7h 9s] (a pair of Sevens)
zolf_j collected $0.60 from pot
*** SUMMARY ***
Total pot $0.62 | Rake $0.02 
Board [7s Jh 6c 4c 8d]
Seat 1: Dr_Erema (small blind) showed [3c 6d] and lost with a pair of Sixes
Seat 2: zolf_j (big blind) showed [7h 9s] and won ($0.60) with a pair of Sevens
Seat 4: kreator1984 folded before Flop (didn't bet)
Seat 5: Sauce2323 folded before Flop (didn't bet)
Seat 7: BryanHefty folded before Flop (didn't bet)
Seat 8: Dorex2007 folded before Flop (didn't bet)
Seat 9: abobora33 (button) folded before Flop (didn't bet)



PokerStars Hand #228369699817:  Hold'em No Limit ($0.01/$0.02 USD) - 2021/07/17 16:21:46 PT [2021/07/17 19:21:46 ET]
Table 'Jessonda' 9-max Seat #1 is the button
Seat 1: Dr_Erema ($2.14 in chips) 
Seat 2: zolf_j ($2.26 in chips) 
Seat 4: kreator1984 ($3.07 in chips) 
Seat 5: Sauce2323 ($3.06 in chips) 
Seat 7: BryanHefty ($10.69 in chips) 
Seat 8: Dorex2007 ($2 in chips) 
Seat 9: abobora33 ($4.11 in chips) 
zolf_j: posts small blind $0.01
kreator1984: posts big blind $0.02
*** HOLE CARDS ***
Dealt to Dorex2007 [Ks 6d]
Sauce2323: folds 
BryanHefty: raises $0.04 to $0.06
Dorex2007: folds 
abobora33: calls $0.06
Dr_Erema: folds 
zolf_j: folds 
kreator1984: folds 
*** FLOP *** [4d Ac 9s]
BryanHefty: checks 
abobora33: bets $0.08
BryanHefty: folds 
Uncalled bet ($0.08) returned to abobora33
abobora33 collected $0.14 from pot
*** SUMMARY ***
Total pot $0.15 | Rake $0.01 
Board [4d Ac 9s]
Seat 1: Dr_Erema (button) folded before Flop (didn't bet)
Seat 2: zolf_j (small blind) folded before Flop
Seat 4: kreator1984 (big blind) folded before Flop
Seat 5: Sauce2323 folded before Flop (didn't bet)
Seat 7: BryanHefty folded on the Flop
Seat 8: Dorex2007 folded before Flop (didn't bet)
Seat 9: abobora33 collected ($0.14)



PokerStars Hand #228369713660:  Hold'em No Limit ($0.01/$0.02 USD) - 2021/07/17 16:22:27 PT [2021/07/17 19:22:27 ET]
Table 'Jessonda' 9-max Seat #2 is the button
Seat 1: Dr_Erema ($2.14 in chips) 
Seat 2: zolf_j ($2.25 in chips) 
Seat 4: kreator1984 ($3.05 in chips) 
Seat 5: Sauce2323 ($3.06 in chips) 
Seat 7: BryanHefty ($10.63 in chips) 
Seat 8: Dorex2007 ($2 in chips) 
Seat 9: abobora33 ($4.19 in chips) 
kreator1984: posts small blind $0.01
Sauce2323: posts big blind $0.02
*** HOLE CARDS ***
Dealt to Dorex2007 [5c 8c]
BryanHefty: raises $0.04 to $0.06
Dorex2007: folds 
abobora33: folds 
Dr_Erema: calls $0.06
zolf_j: folds 
kreator1984: calls $0.05
Sauce2323: folds 
*** FLOP *** [Ad Qc 7c]
kreator1984: checks 
BryanHefty: bets $0.04
Dr_Erema: calls $0.04
kreator1984: folds 
*** TURN *** [Ad Qc 7c] [Kc]
BryanHefty: bets $0.04
Dr_Erema: calls $0.04
*** RIVER *** [Ad Qc 7c Kc] [9c]
BryanHefty: bets $0.20
Dr_Erema: calls $0.20
*** SHOW DOWN ***
BryanHefty: shows [3h Jh] (high card Ace)
Dr_Erema: shows [Jc Kd] (a flush, King high)
Dr_Erema collected $0.73 from pot
*** SUMMARY ***
Total pot $0.76 | Rake $0.03 
Board [Ad Qc 7c Kc 9c]
Seat 1: Dr_Erema showed [Jc Kd] and won ($0.73) with a flush, King high
Seat 2: zolf_j (button) folded before Flop (didn't bet)
Seat 4: kreator1984 (small blind) folded on the Flop
Seat 5: Sauce2323 (big blind) folded before Flop
Seat 7: BryanHefty showed [3h Jh] and lost with high card Ace
Seat 8: Dorex2007 folded before Flop (didn't bet)
Seat 9: abobora33 folded before Flop (didn't bet)



PokerStars Hand #228369730272:  Hold'em No Limit ($0.01/$0.02 USD) - 2021/07/17 16:23:16 PT [2021/07/17 19:23:16 ET]
Table 'Jessonda' 9-max Seat #4 is the button
Seat 1: Dr_Erema ($2.53 in chips) 
Seat 2: zolf_j ($2.25 in chips) 
Seat 4: kreator1984 ($2.99 in chips) 
Seat 5: Sauce2323 ($3.04 in chips) 
Seat 7: BryanHefty ($10.29 in chips) 
Seat 8: Dorex2007 ($2 in chips) 
Seat 9: abobora33 ($4.19 in chips) 
Sauce2323: posts small blind $0.01
BryanHefty: posts big blind $0.02
*** HOLE CARDS ***
Dealt to Dorex2007 [Jh 8c]
Dorex2007: folds 
abobora33: folds 
Dr_Erema: raises $0.03 to $0.05
zolf_j: folds 
kreator1984: folds 
Sauce2323: folds 
BryanHefty: folds 
Uncalled bet ($0.03) returned to Dr_Erema
BryanHefty leaves the table
Dr_Erema collected $0.05 from pot
Dr_Erema: doesn't show hand 
*** SUMMARY ***
Total pot $0.05 | Rake $0 
Seat 1: Dr_Erema collected ($0.05)
Seat 2: zolf_j folded before Flop (didn't bet)
Seat 4: kreator1984 (button) folded before Flop (didn't bet)
Seat 5: Sauce2323 (small blind) folded before Flop
Seat 7: BryanHefty (big blind) folded before Flop
Seat 8: Dorex2007 folded before Flop (didn't bet)
Seat 9: abobora33 folded before Flop (didn't bet)



PokerStars Hand #228369737794:  Hold'em No Limit ($0.01/$0.02 USD) - 2021/07/17 16:23:39 PT [2021/07/17 19:23:39 ET]
Table 'Jessonda' 9-max Seat #5 is the button
Seat 1: Dr_Erema ($2.56 in chips) 
Seat 2: zolf_j ($2.25 in chips) 
Seat 4: kreator1984 ($2.99 in chips) 
Seat 5: Sauce2323 ($3.03 in chips) 
Seat 8: Dorex2007 ($2 in chips) 
Seat 9: abobora33 ($4.19 in chips) 
Dorex2007: posts small blind $0.01
abobora33: posts big blind $0.02
*** HOLE CARDS ***
Dealt to Dorex2007 [Jh 2s]
Dr_Erema: calls $0.02
zolf_j: raises $0.04 to $0.06
kreator1984: folds 
Sauce2323: folds 
Dorex2007: folds 
abobora33: calls $0.04
Dr_Erema: calls $0.04
*** FLOP *** [3d 5d Js]
abobora33: checks 
Dr_Erema: checks 
zolf_j: bets $0.18
abobora33: calls $0.18
Dr_Erema: calls $0.18
*** TURN *** [3d 5d Js] [3h]
abobora33: checks 
Dr_Erema: checks 
zolf_j: bets $0.53
abobora33: calls $0.53
Dr_Erema: raises $1.79 to $2.32 and is all-in
zolf_j: calls $1.48 and is all-in
abobora33: calls $1.79
droctagon101 leaves the table
*** RIVER *** [3d 5d Js 3h] [7s]
*** SHOW DOWN ***
abobora33: shows [5s 5c] (a full house, Fives full of Threes)
Dr_Erema: shows [Ad 3s] (three of a kind, Threes)
abobora33 collected $0.60 from side pot
zolf_j: shows [Qs Qd] (two pair, Queens and Threes)
abobora33 collected $6.52 from main pot
*** SUMMARY ***
Total pot $7.38 Main pot $6.52. Side pot $0.60. | Rake $0.26 
Board [3d 5d Js 3h 7s]
Seat 1: Dr_Erema showed [Ad 3s] and lost with three of a kind, Threes
Seat 2: zolf_j showed [Qs Qd] and lost with two pair, Queens and Threes
Seat 4: kreator1984 folded before Flop (didn't bet)
Seat 5: Sauce2323 (button) folded before Flop (didn't bet)
Seat 8: Dorex2007 (small blind) folded before Flop
Seat 9: abobora33 (big blind) showed [5s 5c] and won ($7.12) with a full house, Fives full of Threes



PokerStars Hand #228369766948:  Hold'em No Limit ($0.01/$0.02 USD) - 2021/07/17 16:25:06 PT [2021/07/17 19:25:06 ET]
Table 'Jessonda' 9-max Seat #8 is the button
Seat 1: Dr_Erema ($2 in chips) 
Seat 4: kreator1984 ($2.99 in chips) 
Seat 5: Sauce2323 ($3.03 in chips) 
Seat 8: Dorex2007 ($1.99 in chips) 
Seat 9: abobora33 ($8.75 in chips) 
abobora33: posts small blind $0.01
Dr_Erema: posts big blind $0.02
*** HOLE CARDS ***
Dealt to Dorex2007 [2s 8h]
kreator1984: calls $0.02
Sauce2323: folds 
Dorex2007: folds 
abobora33: folds 
Dr_Erema: checks 
*** FLOP *** [4d Kd Kc]
Dr_Erema: checks 
kreator1984: bets $0.04
Dr_Erema: folds 
Uncalled bet ($0.04) returned to kreator1984
kreator1984 collected $0.05 from pot
kreator1984: doesn't show hand 
*** SUMMARY ***
Total pot $0.05 | Rake $0 
Board [4d Kd Kc]
Seat 1: Dr_Erema (big blind) folded on the Flop
Seat 4: kreator1984 collected ($0.05)
Seat 5: Sauce2323 folded before Flop (didn't bet)
Seat 8: Dorex2007 (button) folded before Flop (didn't bet)
Seat 9: abobora33 (small blind) folded before Flop



PokerStars Hand #228369776974:  Hold'em No Limit ($0.01/$0.02 USD) - 2021/07/17 16:25:35 PT [2021/07/17 19:25:35 ET]
Table 'Jessonda' 9-max Seat #9 is the button
Seat 1: Dr_Erema ($2 in chips) 
Seat 2: zolf_j ($2 in chips) 
Seat 4: kreator1984 ($3.02 in chips) 
Seat 5: Sauce2323 ($3.03 in chips) 
Seat 8: Dorex2007 ($1.99 in chips) 
Seat 9: abobora33 ($8.74 in chips) 
Dr_Erema: posts small blind $0.01
zolf_j: posts big blind $0.02
*** HOLE CARDS ***
Dealt to Dorex2007 [8s 3h]
kreator1984: folds 
Sauce2323: folds 
Dorex2007: folds 
abobora33: folds 
Dr_Erema: raises $0.03 to $0.05
zolf_j: folds 
Uncalled bet ($0.03) returned to Dr_Erema
Dr_Erema collected $0.04 from pot
Dr_Erema: doesn't show hand 
*** SUMMARY ***
Total pot $0.04 | Rake $0 
Seat 1: Dr_Erema (small blind) collected ($0.04)
Seat 2: zolf_j (big blind) folded before Flop
Seat 4: kreator1984 folded before Flop (didn't bet)
Seat 5: Sauce2323 folded before Flop (didn't bet)
Seat 8: Dorex2007 folded before Flop (didn't bet)
Seat 9: abobora33 (button) folded before Flop (didn't bet)



PokerStars Hand #228369783799:  Hold'em No Limit ($0.01/$0.02 USD) - 2021/07/17 16:25:56 PT [2021/07/17 19:25:56 ET]
Table 'Jessonda' 9-max Seat #1 is the button
Seat 1: Dr_Erema ($2.02 in chips) 
Seat 2: zolf_j ($1.98 in chips) 
Seat 4: kreator1984 ($3.02 in chips) 
Seat 5: Sauce2323 ($3.03 in chips) 
Seat 8: Dorex2007 ($1.99 in chips) 
Seat 9: abobora33 ($8.74 in chips) 
zolf_j: posts small blind $0.01
kreator1984: posts big blind $0.02
*** HOLE CARDS ***
Dealt to Dorex2007 [4c 5s]
Sauce2323: folds 
Dorex2007: folds 
abobora33: raises $0.04 to $0.06
Dr_Erema: raises $0.12 to $0.18
zolf_j: folds 
kreator1984: calls $0.16
abobora33: calls $0.12
*** FLOP *** [7s 6s Qh]
kreator1984: checks 
abobora33: checks 
Dr_Erema: bets $0.32
kreator1984: raises $2.52 to $2.84 and is all-in
abobora33: folds 
Dr_Erema: folds 
Uncalled bet ($2.52) returned to kreator1984
kreator1984 collected $1.15 from pot
kreator1984: doesn't show hand 
*** SUMMARY ***
Total pot $1.19 | Rake $0.04 
Board [7s 6s Qh]
Seat 1: Dr_Erema (button) folded on the Flop
Seat 2: zolf_j (small blind) folded before Flop
Seat 4: kreator1984 (big blind) collected ($1.15)
Seat 5: Sauce2323 folded before Flop (didn't bet)
Seat 8: Dorex2007 folded before Flop (didn't bet)
Seat 9: abobora33 folded on the Flop



PokerStars Hand #228369801574:  Hold'em No Limit ($0.01/$0.02 USD) - 2021/07/17 16:26:49 PT [2021/07/17 19:26:49 ET]
Table 'Jessonda' 9-max Seat #2 is the button
Seat 1: Dr_Erema ($2 in chips) 
Seat 2: zolf_j ($1.97 in chips) 
Seat 4: kreator1984 ($3.67 in chips) 
Seat 5: Sauce2323 ($3.03 in chips) 
Seat 8: Dorex2007 ($1.99 in chips) 
Seat 9: abobora33 ($8.56 in chips) 
kreator1984: posts small blind $0.01
Sauce2323: posts big blind $0.02
*** HOLE CARDS ***
Dealt to Dorex2007 [5d 3c]
Dorex2007: folds 
abobora33: folds 
Dr_Erema: raises $0.03 to $0.05
zolf_j: folds 
kreator1984: folds 
Sauce2323: folds 
Uncalled bet ($0.03) returned to Dr_Erema
Dr_Erema collected $0.05 from pot
Dr_Erema: doesn't show hand 
*** SUMMARY ***
Total pot $0.05 | Rake $0 
Seat 1: Dr_Erema collected ($0.05)
Seat 2: zolf_j (button) folded before Flop (didn't bet)
Seat 4: kreator1984 (small blind) folded before Flop
Seat 5: Sauce2323 (big blind) folded before Flop
Seat 8: Dorex2007 folded before Flop (didn't bet)
Seat 9: abobora33 folded before Flop (didn't bet)



PokerStars Hand #228369806494:  Hold'em No Limit ($0.01/$0.02 USD) - 2021/07/17 16:27:04 PT [2021/07/17 19:27:04 ET]
Table 'Jessonda' 9-max Seat #4 is the button
Seat 1: Dr_Erema ($2.03 in chips) 
Seat 2: zolf_j ($1.97 in chips) 
Seat 4: kreator1984 ($3.66 in chips) 
Seat 5: Sauce2323 ($3.01 in chips) 
Seat 8: Dorex2007 ($1.99 in chips) 
Seat 9: abobora33 ($8.56 in chips) 
Sauce2323: posts small blind $0.01
Dorex2007: posts big blind $0.02
*** HOLE CARDS ***
Dealt to Dorex2007 [Jh 2s]
abobora33: raises $0.02 to $0.04
Dr_Erema: raises $0.08 to $0.12
zolf_j: folds 
kreator1984: folds 
Sauce2323: folds 
Dorex2007: folds 
abobora33: calls $0.08
*** FLOP *** [Qc 3s Kh]
abobora33: checks 
Dr_Erema: bets $0.12
abobora33: folds 
Uncalled bet ($0.12) returned to Dr_Erema
Dr_Erema collected $0.26 from pot
Dr_Erema: doesn't show hand 
*** SUMMARY ***
Total pot $0.27 | Rake $0.01 
Board [Qc 3s Kh]
Seat 1: Dr_Erema collected ($0.26)
Seat 2: zolf_j folded before Flop (didn't bet)
Seat 4: kreator1984 (button) folded before Flop (didn't bet)
Seat 5: Sauce2323 (small blind) folded before Flop
Seat 8: Dorex2007 (big blind) folded before Flop
Seat 9: abobora33 folded on the Flop



PokerStars Hand #228369816882:  Hold'em No Limit ($0.01/$0.02 USD) - 2021/07/17 16:27:36 PT [2021/07/17 19:27:36 ET]
Table 'Jessonda' 9-max Seat #5 is the button
Seat 1: Dr_Erema ($2.17 in chips) 
Seat 2: zolf_j ($1.97 in chips) 
Seat 4: kreator1984 ($3.66 in chips) 
Seat 5: Sauce2323 ($3 in chips) 
Seat 8: Dorex2007 ($1.97 in chips) 
Seat 9: abobora33 ($8.44 in chips) 
Dorex2007: posts small blind $0.01
abobora33: posts big blind $0.02
4opl1a: sits out 
*** HOLE CARDS ***
Dealt to Dorex2007 [7h 8h]
Dr_Erema: calls $0.02
zolf_j: folds 
kreator1984: folds 
Sauce2323: calls $0.02
Dorex2007: calls $0.01
abobora33: checks 
*** FLOP *** [Kd 2h 6h]
Dorex2007: checks 
abobora33: checks 
Dr_Erema: checks 
Sauce2323: bets $0.08
Dorex2007: calls $0.08
abobora33: folds 
Dr_Erema: folds 
*** TURN *** [Kd 2h 6h] [2c]
Dorex2007: bets $0.23
Sauce2323: calls $0.23
*** RIVER *** [Kd 2h 6h 2c] [8d]
Dorex2007: bets $0.68
Sauce2323: calls $0.68
*** SHOW DOWN ***
Dorex2007: shows [7h 8h] (two pair, Eights and Deuces)
Sauce2323: shows [Ts Ks] (two pair, Kings and Deuces)
Sauce2323 collected $1.99 from pot
*** SUMMARY ***
Total pot $2.06 | Rake $0.07 
Board [Kd 2h 6h 2c 8d]
Seat 1: Dr_Erema folded on the Flop
Seat 2: zolf_j folded before Flop (didn't bet)
Seat 4: kreator1984 folded before Flop (didn't bet)
Seat 5: Sauce2323 (button) showed [Ts Ks] and won ($1.99) with two pair, Kings and Deuces
Seat 8: Dorex2007 (small blind) showed [7h 8h] and lost with two pair, Eights and Deuces
Seat 9: abobora33 (big blind) folded on the Flop



PokerStars Hand #228369831399:  Hold'em No Limit ($0.01/$0.02 USD) - 2021/07/17 16:28:20 PT [2021/07/17 19:28:20 ET]
Table 'Jessonda' 9-max Seat #8 is the button
Seat 1: Dr_Erema ($2.15 in chips) 
Seat 2: zolf_j ($1.97 in chips) 
Seat 4: kreator1984 ($3.66 in chips) 
Seat 5: Sauce2323 ($3.98 in chips) 
Seat 8: Dorex2007 ($2 in chips) 
Seat 9: abobora33 ($8.42 in chips) 
abobora33: posts small blind $0.01
Dr_Erema: posts big blind $0.02
4opl1a: sits out 
*** HOLE CARDS ***
Dealt to Dorex2007 [2h 9c]
zolf_j: folds 
kreator1984: folds 
Sauce2323: folds 
Dorex2007: folds 
abobora33: raises $0.02 to $0.04
Dr_Erema: raises $0.08 to $0.12
abobora33: calls $0.08
*** FLOP *** [Td Jh 4c]
abobora33: checks 
Dr_Erema: bets $0.11
abobora33: folds 
Uncalled bet ($0.11) returned to Dr_Erema
Dr_Erema collected $0.23 from pot
Dr_Erema: doesn't show hand 
*** SUMMARY ***
Total pot $0.24 | Rake $0.01 
Board [Td Jh 4c]
Seat 1: Dr_Erema (big blind) collected ($0.23)
Seat 2: zolf_j folded before Flop (didn't bet)
Seat 4: kreator1984 folded before Flop (didn't bet)
Seat 5: Sauce2323 folded before Flop (didn't bet)
Seat 8: Dorex2007 (button) folded before Flop (didn't bet)
Seat 9: abobora33 (small blind) folded on the Flop



PokerStars Hand #228369844890:  Hold'em No Limit ($0.01/$0.02 USD) - 2021/07/17 16:28:48 PT [2021/07/17 19:28:48 ET]
Table 'Jessonda' 9-max Seat #9 is the button
Seat 1: Dr_Erema ($2.26 in chips) 
Seat 2: zolf_j ($1.97 in chips) 
Seat 4: kreator1984 ($3.66 in chips) 
Seat 5: Sauce2323 ($3.98 in chips) 
Seat 8: Dorex2007 ($2 in chips) 
Seat 9: abobora33 ($8.30 in chips) 
Dr_Erema: posts small blind $0.01
zolf_j: posts big blind $0.02
4opl1a: sits out 
*** HOLE CARDS ***
Dealt to Dorex2007 [As 4c]
kreator1984: folds 
Sauce2323: folds 
Dorex2007: folds 
abobora33: folds 
Dr_Erema: raises $0.03 to $0.05
zolf_j: calls $0.03
*** FLOP *** [8d Tc 6h]
Dr_Erema: bets $0.05
droctagon101 joins the table at seat #6 
zolf_j: calls $0.05
*** TURN *** [8d Tc 6h] [9s]
Dr_Erema: bets $0.12
zolf_j: folds 
Uncalled bet ($0.12) returned to Dr_Erema
Dr_Erema collected $0.19 from pot
Dr_Erema: doesn't show hand 
*** SUMMARY ***
Total pot $0.20 | Rake $0.01 
Board [8d Tc 6h 9s]
Seat 1: Dr_Erema (small blind) collected ($0.19)
Seat 2: zolf_j (big blind) folded on the Turn
Seat 4: kreator1984 folded before Flop (didn't bet)
Seat 5: Sauce2323 folded before Flop (didn't bet)
Seat 8: Dorex2007 folded before Flop (didn't bet)
Seat 9: abobora33 (button) folded before Flop (didn't bet)



PokerStars Hand #228369858659:  Hold'em No Limit ($0.01/$0.02 USD) - 2021/07/17 16:29:30 PT [2021/07/17 19:29:30 ET]
Table 'Jessonda' 9-max Seat #1 is the button
Seat 1: Dr_Erema ($2.35 in chips) 
Seat 2: zolf_j ($1.87 in chips) 
Seat 3: 4opl1a ($2 in chips) 
Seat 4: kreator1984 ($3.66 in chips) 
Seat 5: Sauce2323 ($3.98 in chips) 
Seat 8: Dorex2007 ($2 in chips) 
Seat 9: abobora33 ($8.30 in chips) 
zolf_j: posts small blind $0.01
4opl1a: posts big blind $0.02
droctagon101: sits out 
*** HOLE CARDS ***
Dealt to Dorex2007 [Js Jd]
kreator1984: folds 
Sauce2323: folds 
Dorex2007: raises $0.14 to $0.16
abobora33: folds 
Dr_Erema: folds 
zolf_j: folds 
4opl1a: folds 
Uncalled bet ($0.14) returned to Dorex2007
Dorex2007 collected $0.05 from pot
Dorex2007: doesn't show hand 
*** SUMMARY ***
Total pot $0.05 | Rake $0 
Seat 1: Dr_Erema (button) folded before Flop (didn't bet)
Seat 2: zolf_j (small blind) folded before Flop
Seat 3: 4opl1a (big blind) folded before Flop
Seat 4: kreator1984 folded before Flop (didn't bet)
Seat 5: Sauce2323 folded before Flop (didn't bet)
Seat 8: Dorex2007 collected ($0.05)
Seat 9: abobora33 folded before Flop (didn't bet)



PokerStars Hand #228369864783:  Hold'em No Limit ($0.01/$0.02 USD) - 2021/07/17 16:29:49 PT [2021/07/17 19:29:49 ET]
Table 'Jessonda' 9-max Seat #2 is the button
Seat 1: Dr_Erema ($2.35 in chips) 
Seat 2: zolf_j ($1.86 in chips) 
Seat 3: 4opl1a ($2 in chips) 
Seat 4: kreator1984 ($3.66 in chips) 
Seat 5: Sauce2323 ($3.98 in chips) 
Seat 8: Dorex2007 ($2.03 in chips) 
Seat 9: abobora33 ($8.30 in chips) 
4opl1a: posts small blind $0.01
kreator1984: posts big blind $0.02
droctagon101: sits out 
*** HOLE CARDS ***
Dealt to Dorex2007 [8s 3d]
Sauce2323: folds 
Dorex2007: folds 
abobora33: folds 
Dr_Erema: raises $0.03 to $0.05
zolf_j: folds 
4opl1a: folds 
kreator1984: folds 
Uncalled bet ($0.03) returned to Dr_Erema
Dr_Erema collected $0.05 from pot
Dr_Erema: doesn't show hand 
*** SUMMARY ***
Total pot $0.05 | Rake $0 
Seat 1: Dr_Erema collected ($0.05)
Seat 2: zolf_j (button) folded before Flop (didn't bet)
Seat 3: 4opl1a (small blind) folded before Flop
Seat 4: kreator1984 (big blind) folded before Flop
Seat 5: Sauce2323 folded before Flop (didn't bet)
Seat 8: Dorex2007 folded before Flop (didn't bet)
Seat 9: abobora33 folded before Flop (didn't bet)



PokerStars Hand #228369870533:  Hold'em No Limit ($0.01/$0.02 USD) - 2021/07/17 16:30:07 PT [2021/07/17 19:30:07 ET]
Table 'Jessonda' 9-max Seat #3 is the button
Seat 1: Dr_Erema ($2.38 in chips) 
Seat 2: zolf_j ($1.86 in chips) 
Seat 3: 4opl1a ($2 in chips) 
Seat 4: kreator1984 ($3.64 in chips) 
Seat 5: Sauce2323 ($3.98 in chips) 
Seat 8: Dorex2007 ($2.03 in chips) 
Seat 9: abobora33 ($8.30 in chips) 
kreator1984: posts small blind $0.01
Sauce2323: posts big blind $0.02
droctagon101: sits out 
*** HOLE CARDS ***
Dealt to Dorex2007 [8c Ts]
Dorex2007: folds 
abobora33 has timed out
abobora33: folds 
Dr_Erema: raises $0.03 to $0.05
zolf_j: folds 
4opl1a: folds 
kreator1984: raises $0.10 to $0.15
Gelovek joins the table at seat #7 
Sauce2323: calls $0.13
Dr_Erema: folds 
*** FLOP *** [9s Ad 8s]
kreator1984: bets $0.20
Sauce2323: calls $0.20
*** TURN *** [9s Ad 8s] [4s]
kreator1984: checks 
Sauce2323: checks 
*** RIVER *** [9s Ad 8s 4s] [Tc]
kreator1984: checks 
Sauce2323: checks 
*** SHOW DOWN ***
kreator1984: shows [Ks Kd] (a pair of Kings)
Sauce2323: shows [Ac Qc] (a pair of Aces)
Sauce2323 collected $0.72 from pot
*** SUMMARY ***
Total pot $0.75 | Rake $0.03 
Board [9s Ad 8s 4s Tc]
Seat 1: Dr_Erema folded before Flop
Seat 2: zolf_j folded before Flop (didn't bet)
Seat 3: 4opl1a (button) folded before Flop (didn't bet)
Seat 4: kreator1984 (small blind) showed [Ks Kd] and lost with a pair of Kings
Seat 5: Sauce2323 (big blind) showed [Ac Qc] and won ($0.72) with a pair of Aces
Seat 8: Dorex2007 folded before Flop (didn't bet)
Seat 9: abobora33 folded before Flop (didn't bet)



PokerStars Hand #228369888405:  Hold'em No Limit ($0.01/$0.02 USD) - 2021/07/17 16:31:02 PT [2021/07/17 19:31:02 ET]
Table 'Jessonda' 9-max Seat #4 is the button
Seat 1: Dr_Erema ($2.33 in chips) 
Seat 2: zolf_j ($2 in chips) 
Seat 3: 4opl1a ($2 in chips) 
Seat 4: kreator1984 ($3.29 in chips) 
Seat 5: Sauce2323 ($4.35 in chips) 
Seat 6: droctagon101 ($2 in chips) 
Seat 8: Dorex2007 ($2.03 in chips) 
Sauce2323: posts small blind $0.01
droctagon101: posts big blind $0.02
Gelovek: sits out 
*** HOLE CARDS ***
Dealt to Dorex2007 [3d 6h]
Dorex2007: folds 
Dr_Erema: folds 
abobora33 leaves the table
zolf_j: folds 
4opl1a: folds 
kreator1984: folds 
Sauce2323: raises $0.04 to $0.06
droctagon101: folds 
Uncalled bet ($0.04) returned to Sauce2323
Sauce2323 collected $0.04 from pot
Sauce2323: doesn't show hand 
*** SUMMARY ***
Total pot $0.04 | Rake $0 
Seat 1: Dr_Erema folded before Flop (didn't bet)
Seat 2: zolf_j folded before Flop (didn't bet)
Seat 3: 4opl1a folded before Flop (didn't bet)
Seat 4: kreator1984 (button) folded before Flop (didn't bet)
Seat 5: Sauce2323 (small blind) collected ($0.04)
Seat 6: droctagon101 (big blind) folded before Flop
Seat 8: Dorex2007 folded before Flop (didn't bet)



PokerStars Hand #228369893107:  Hold'em No Limit ($0.01/$0.02 USD) - 2021/07/17 16:31:17 PT [2021/07/17 19:31:17 ET]
Table 'Jessonda' 9-max Seat #5 is the button
Seat 1: Dr_Erema ($2.33 in chips) 
Seat 2: zolf_j ($2 in chips) 
Seat 3: 4opl1a ($2 in chips) 
Seat 4: kreator1984 ($3.29 in chips) 
Seat 5: Sauce2323 ($4.37 in chips) 
Seat 6: droctagon101 ($1.98 in chips) 
Seat 7: Gelovek ($1.60 in chips) 
Seat 8: Dorex2007 ($2.03 in chips) 
droctagon101: posts small blind $0.01
Gelovek: posts big blind $0.02
*** HOLE CARDS ***
Dealt to Dorex2007 [9h 4h]
Dorex2007: folds 
Dr_Erema: folds 
zolf_j: raises $0.04 to $0.06
4opl1a: folds 
kreator1984: folds 
Sauce2323: folds 
droctagon101: folds 
Gelovek: folds 
Uncalled bet ($0.04) returned to zolf_j
zolf_j collected $0.05 from pot
zolf_j: doesn't show hand 
*** SUMMARY ***
Total pot $0.05 | Rake $0 
Seat 1: Dr_Erema folded before Flop (didn't bet)
Seat 2: zolf_j collected ($0.05)
Seat 3: 4opl1a folded before Flop (didn't bet)
Seat 4: kreator1984 folded before Flop (didn't bet)
Seat 5: Sauce2323 (button) folded before Flop (didn't bet)
Seat 6: droctagon101 (small blind) folded before Flop
Seat 7: Gelovek (big blind) folded before Flop
Seat 8: Dorex2007 folded before Flop (didn't bet)



PokerStars Hand #228369897973:  Hold'em No Limit ($0.01/$0.02 USD) - 2021/07/17 16:31:32 PT [2021/07/17 19:31:32 ET]
Table 'Jessonda' 9-max Seat #6 is the button
Seat 1: Dr_Erema ($2.33 in chips) 
Seat 2: zolf_j ($2.03 in chips) 
Seat 3: 4opl1a ($2 in chips) 
Seat 4: kreator1984 ($3.29 in chips) 
Seat 5: Sauce2323 ($4.37 in chips) 
Seat 6: droctagon101 ($1.97 in chips) 
Seat 7: Gelovek ($1.58 in chips) 
Seat 8: Dorex2007 ($2.03 in chips) 
Gelovek: posts small blind $0.01
Dorex2007: posts big blind $0.02
*** HOLE CARDS ***
Dealt to Dorex2007 [Js 5s]
Dr_Erema: calls $0.02
zolf_j: folds 
4opl1a: folds 
kreator1984: folds 
Sauce2323: folds 
droctagon101: folds 
Gelovek: folds 
Dorex2007: checks 
*** FLOP *** [4h Ah Ts]
Dorex2007: checks 
Dr_Erema: bets $0.05
Dorex2007: folds 
Uncalled bet ($0.05) returned to Dr_Erema
Dr_Erema collected $0.05 from pot
Dr_Erema: doesn't show hand 
*** SUMMARY ***
Total pot $0.05 | Rake $0 
Board [4h Ah Ts]
Seat 1: Dr_Erema collected ($0.05)
Seat 2: zolf_j folded before Flop (didn't bet)
Seat 3: 4opl1a folded before Flop (didn't bet)
Seat 4: kreator1984 folded before Flop (didn't bet)
Seat 5: Sauce2323 folded before Flop (didn't bet)
Seat 6: droctagon101 (button) folded before Flop (didn't bet)
Seat 7: Gelovek (small blind) folded before Flop
Seat 8: Dorex2007 (big blind) folded on the Flop



PokerStars Hand #228369907378:  Hold'em No Limit ($0.01/$0.02 USD) - 2021/07/17 16:32:01 PT [2021/07/17 19:32:01 ET]
Table 'Jessonda' 9-max Seat #7 is the button
Seat 1: Dr_Erema ($2.36 in chips) 
Seat 2: zolf_j ($2.03 in chips) 
Seat 3: 4opl1a ($2 in chips) 
Seat 4: kreator1984 ($3.29 in chips) 
Seat 5: Sauce2323 ($4.37 in chips) 
Seat 6: droctagon101 ($1.97 in chips) 
Seat 7: Gelovek ($1.57 in chips) 
Seat 8: Dorex2007 ($2.01 in chips) 
Dorex2007: posts small blind $0.01
Dr_Erema: posts big blind $0.02
*** HOLE CARDS ***
Dealt to Dorex2007 [2c Ac]
zolf_j: folds 
4opl1a: folds 
kreator1984: folds 
Sauce2323: folds 
droctagon101: raises $0.04 to $0.06
Gelovek: folds 
Dorex2007: calls $0.05
Dr_Erema: calls $0.04
*** FLOP *** [4s Qd 3h]
Dorex2007: checks 
Dr_Erema: checks 
droctagon101: checks 
*** TURN *** [4s Qd 3h] [9h]
Dorex2007: checks 
Dr_Erema: checks 
droctagon101: bets $0.11
Dorex2007: folds 
Dr_Erema: folds 
Uncalled bet ($0.11) returned to droctagon101
droctagon101 collected $0.17 from pot
droctagon101: doesn't show hand 
*** SUMMARY ***
Total pot $0.18 | Rake $0.01 
Board [4s Qd 3h 9h]
Seat 1: Dr_Erema (big blind) folded on the Turn
Seat 2: zolf_j folded before Flop (didn't bet)
Seat 3: 4opl1a folded before Flop (didn't bet)
Seat 4: kreator1984 folded before Flop (didn't bet)
Seat 5: Sauce2323 folded before Flop (didn't bet)
Seat 6: droctagon101 collected ($0.17)
Seat 7: Gelovek (button) folded before Flop (didn't bet)
Seat 8: Dorex2007 (small blind) folded on the Turn



PokerStars Hand #228369920330:  Hold'em No Limit ($0.01/$0.02 USD) - 2021/07/17 16:32:42 PT [2021/07/17 19:32:42 ET]
Table 'Jessonda' 9-max Seat #8 is the button
Seat 1: Dr_Erema ($2.30 in chips) 
Seat 2: zolf_j ($2.03 in chips) 
Seat 3: 4opl1a ($2 in chips) 
Seat 4: kreator1984 ($3.29 in chips) 
Seat 5: Sauce2323 ($4.37 in chips) 
Seat 6: droctagon101 ($2.08 in chips) 
Seat 7: Gelovek ($1.57 in chips) 
Seat 8: Dorex2007 ($1.95 in chips) 
Dr_Erema: posts small blind $0.01
zolf_j: posts big blind $0.02
*** HOLE CARDS ***
Dealt to Dorex2007 [Jc 3d]
4opl1a: folds 
kreator1984: folds 
Sauce2323: folds 
droctagon101: folds 
Gelovek: folds 
Dorex2007: folds 
Dr_Erema: raises $0.03 to $0.05
zolf_j: calls $0.03
*** FLOP *** [9c 8c Ac]
Dr_Erema: bets $0.10
zolf_j: calls $0.10
*** TURN *** [9c 8c Ac] [Td]
Dr_Erema: bets $0.29
trueJamaican joins the table at seat #9 
zolf_j: calls $0.29
*** RIVER *** [9c 8c Ac Td] [Jd]
Dr_Erema: bets $0.85
zolf_j: calls $0.85
*** SHOW DOWN ***
Dr_Erema: shows [3c 7c] (a flush, Ace high)
zolf_j: mucks hand 
Dr_Erema collected $2.49 from pot
*** SUMMARY ***
Total pot $2.58 | Rake $0.09 
Board [9c 8c Ac Td Jd]
Seat 1: Dr_Erema (small blind) showed [3c 7c] and won ($2.49) with a flush, Ace high
Seat 2: zolf_j (big blind) mucked [8h Qc]
Seat 3: 4opl1a folded before Flop (didn't bet)
Seat 4: kreator1984 folded before Flop (didn't bet)
Seat 5: Sauce2323 folded before Flop (didn't bet)
Seat 6: droctagon101 folded before Flop (didn't bet)
Seat 7: Gelovek folded before Flop (didn't bet)
Seat 8: Dorex2007 (button) folded before Flop (didn't bet)



PokerStars Hand #228369932411:  Hold'em No Limit ($0.01/$0.02 USD) - 2021/07/17 16:33:20 PT [2021/07/17 19:33:20 ET]
Table 'Jessonda' 9-max Seat #1 is the button
Seat 1: Dr_Erema ($3.50 in chips) 
Seat 2: zolf_j ($0.74 in chips) 
Seat 3: 4opl1a ($2 in chips) 
Seat 4: kreator1984 ($3.29 in chips) 
Seat 5: Sauce2323 ($4.37 in chips) 
Seat 6: droctagon101 ($2.08 in chips) 
Seat 7: Gelovek ($1.57 in chips) 
Seat 8: Dorex2007 ($1.95 in chips) 
zolf_j: posts small blind $0.01
4opl1a: posts big blind $0.02
trueJamaican: sits out 
*** HOLE CARDS ***
Dealt to Dorex2007 [6s 2d]
kreator1984: folds 
Sauce2323: calls $0.02
droctagon101: folds 
Gelovek: folds 
Dorex2007: folds 
Dr_Erema: raises $0.06 to $0.08
zolf_j: folds 
4opl1a: folds 
Sauce2323: calls $0.06
*** FLOP *** [Ad Qc 6h]
Sauce2323: bets $0.09
Dr_Erema: folds 
Uncalled bet ($0.09) returned to Sauce2323
Sauce2323 collected $0.18 from pot
Sauce2323: doesn't show hand 
*** SUMMARY ***
Total pot $0.19 | Rake $0.01 
Board [Ad Qc 6h]
Seat 1: Dr_Erema (button) folded on the Flop
Seat 2: zolf_j (small blind) folded before Flop
Seat 3: 4opl1a (big blind) folded before Flop
Seat 4: kreator1984 folded before Flop (didn't bet)
Seat 5: Sauce2323 collected ($0.18)
Seat 6: droctagon101 folded before Flop (didn't bet)
Seat 7: Gelovek folded before Flop (didn't bet)
Seat 8: Dorex2007 folded before Flop (didn't bet)



PokerStars Hand #228369943703:  Hold'em No Limit ($0.01/$0.02 USD) - 2021/07/17 16:33:54 PT [2021/07/17 19:33:54 ET]
Table 'Jessonda' 9-max Seat #2 is the button
Seat 1: Dr_Erema ($3.42 in chips) 
Seat 2: zolf_j ($1.53 in chips) 
Seat 3: 4opl1a ($2 in chips) 
Seat 4: kreator1984 ($3.29 in chips) 
Seat 5: Sauce2323 ($4.47 in chips) 
Seat 6: droctagon101 ($2.08 in chips) 
Seat 7: Gelovek ($1.57 in chips) 
Seat 8: Dorex2007 ($1.95 in chips) 
4opl1a: posts small blind $0.01
kreator1984: posts big blind $0.02
trueJamaican: sits out 
*** HOLE CARDS ***
Dealt to Dorex2007 [8h 9d]
Sauce2323: folds 
droctagon101: raises $0.04 to $0.06
Gelovek: folds 
Dorex2007: folds 
Dr_Erema: folds 
zolf_j: calls $0.06
4opl1a: folds 
kreator1984: folds 
*** FLOP *** [Kd 8s Td]
droctagon101: checks 
zolf_j: bets $0.07
droctagon101: calls $0.07
*** TURN *** [Kd 8s Td] [6s]
droctagon101: checks 
zolf_j: checks 
*** RIVER *** [Kd 8s Td 6s] [3c]
droctagon101: checks 
zolf_j: checks 
*** SHOW DOWN ***
droctagon101: shows [Qs Qd] (a pair of Queens)
zolf_j: mucks hand 
droctagon101 collected $0.28 from pot
*** SUMMARY ***
Total pot $0.29 | Rake $0.01 
Board [Kd 8s Td 6s 3c]
Seat 1: Dr_Erema folded before Flop (didn't bet)
Seat 2: zolf_j (button) mucked [Ad 7d]
Seat 3: 4opl1a (small blind) folded before Flop
Seat 4: kreator1984 (big blind) folded before Flop
Seat 5: Sauce2323 folded before Flop (didn't bet)
Seat 6: droctagon101 showed [Qs Qd] and won ($0.28) with a pair of Queens
Seat 7: Gelovek folded before Flop (didn't bet)
Seat 8: Dorex2007 folded before Flop (didn't bet)



PokerStars Hand #228369963542:  Hold'em No Limit ($0.01/$0.02 USD) - 2021/07/17 16:34:52 PT [2021/07/17 19:34:52 ET]
Table 'Jessonda' 9-max Seat #3 is the button
Seat 1: Dr_Erema ($3.42 in chips) 
Seat 2: zolf_j ($1.40 in chips) 
Seat 3: 4opl1a ($2 in chips) 
Seat 4: kreator1984 ($3.27 in chips) 
Seat 5: Sauce2323 ($4.47 in chips) 
Seat 6: droctagon101 ($2.23 in chips) 
Seat 7: Gelovek ($1.57 in chips) 
Seat 8: Dorex2007 ($1.95 in chips) 
kreator1984: posts small blind $0.01
Sauce2323: posts big blind $0.02
trueJamaican: sits out 
*** HOLE CARDS ***
Dealt to Dorex2007 [4s Kc]
droctagon101: folds 
Gelovek: folds 
Dorex2007: folds 
Dr_Erema: raises $0.03 to $0.05
zolf_j: calls $0.05
4opl1a has timed out
4opl1a: folds 
kreator1984: folds 
Sauce2323: folds 
*** FLOP *** [2h As Td]
Sauce2323 leaves the table
Dr_Erema: bets $0.06
zolf_j: calls $0.06
*** TURN *** [2h As Td] [6h]
Dr_Erema: bets $0.24
zolf_j: folds 
Uncalled bet ($0.24) returned to Dr_Erema
Dr_Erema collected $0.24 from pot
Dr_Erema: doesn't show hand 
*** SUMMARY ***
Total pot $0.25 | Rake $0.01 
Board [2h As Td 6h]
Seat 1: Dr_Erema collected ($0.24)
Seat 2: zolf_j folded on the Turn
Seat 3: 4opl1a (button) folded before Flop (didn't bet)
Seat 4: kreator1984 (small blind) folded before Flop
Seat 5: Sauce2323 (big blind) folded before Flop
Seat 6: droctagon101 folded before Flop (didn't bet)
Seat 7: Gelovek folded before Flop (didn't bet)
Seat 8: Dorex2007 folded before Flop (didn't bet)



PokerStars Hand #228369986975:  Hold'em No Limit ($0.01/$0.02 USD) - 2021/07/17 16:36:06 PT [2021/07/17 19:36:06 ET]
Table 'Jessonda' 9-max Seat #4 is the button
Seat 1: Dr_Erema ($3.55 in chips) 
Seat 2: zolf_j ($1.29 in chips) 
Seat 4: kreator1984 ($3.26 in chips) 
Seat 6: droctagon101 ($2.23 in chips) 
Seat 7: Gelovek ($1.57 in chips) 
Seat 8: Dorex2007 ($1.95 in chips) 
droctagon101: posts small blind $0.01
Gelovek: posts big blind $0.02
trueJamaican: sits out 
*** HOLE CARDS ***
Dealt to Dorex2007 [Jd 8s]
Dorex2007: folds 
Dr_Erema: folds 
zolf_j: folds 
kreator1984: folds 
droctagon101: raises $0.04 to $0.06
Gelovek: calls $0.04
*** FLOP *** [Kd 9c 6h]
droctagon101: checks 
Gelovek: checks 
*** TURN *** [Kd 9c 6h] [2s]
droctagon101: bets $0.08
Gelovek: folds 
Uncalled bet ($0.08) returned to droctagon101
droctagon101 collected $0.12 from pot
droctagon101: doesn't show hand 
*** SUMMARY ***
Total pot $0.12 | Rake $0 
Board [Kd 9c 6h 2s]
Seat 1: Dr_Erema folded before Flop (didn't bet)
Seat 2: zolf_j folded before Flop (didn't bet)
Seat 4: kreator1984 (button) folded before Flop (didn't bet)
Seat 6: droctagon101 (small blind) collected ($0.12)
Seat 7: Gelovek (big blind) folded on the Turn
Seat 8: Dorex2007 folded before Flop (didn't bet)



PokerStars Hand #228369995774:  Hold'em No Limit ($0.01/$0.02 USD) - 2021/07/17 16:36:34 PT [2021/07/17 19:36:34 ET]
Table 'Jessonda' 9-max Seat #6 is the button
Seat 1: Dr_Erema ($3.55 in chips) 
Seat 2: zolf_j ($2 in chips) 
Seat 3: 4opl1a ($2 in chips) 
Seat 4: kreator1984 ($3.26 in chips) 
Seat 6: droctagon101 ($2.29 in chips) 
Seat 7: Gelovek ($1.51 in chips) 
Seat 8: Dorex2007 ($1.95 in chips) 
Gelovek: posts small blind $0.01
Dorex2007: posts big blind $0.02
trueJamaican: sits out 
*** HOLE CARDS ***
Dealt to Dorex2007 [7s 5c]
Dr_Erema: calls $0.02
zolf_j: folds 
4opl1a: folds 
kreator1984: folds 
droctagon101: folds 
Gelovek: calls $0.01
Dorex2007: checks 
*** FLOP *** [Ac 3s 8d]
Gelovek: checks 
Dorex2007: checks 
Dr_Erema: bets $0.06
Gelovek: folds 
Dorex2007: folds 
Uncalled bet ($0.06) returned to Dr_Erema
Dr_Erema collected $0.06 from pot
Dr_Erema: doesn't show hand 
*** SUMMARY ***
Total pot $0.06 | Rake $0 
Board [Ac 3s 8d]
Seat 1: Dr_Erema collected ($0.06)
Seat 2: zolf_j folded before Flop (didn't bet)
Seat 3: 4opl1a folded before Flop (didn't bet)
Seat 4: kreator1984 folded before Flop (didn't bet)
Seat 6: droctagon101 (button) folded before Flop (didn't bet)
Seat 7: Gelovek (small blind) folded on the Flop
Seat 8: Dorex2007 (big blind) folded on the Flop



PokerStars Hand #228370003569:  Hold'em No Limit ($0.01/$0.02 USD) - 2021/07/17 16:36:59 PT [2021/07/17 19:36:59 ET]
Table 'Jessonda' 9-max Seat #7 is the button
Seat 1: Dr_Erema ($3.59 in chips) 
Seat 2: zolf_j ($2 in chips) 
Seat 3: 4opl1a ($2 in chips) 
Seat 4: kreator1984 ($3.26 in chips) 
Seat 6: droctagon101 ($2.29 in chips) 
Seat 7: Gelovek ($1.49 in chips) 
Seat 8: Dorex2007 ($1.93 in chips) 
Seat 9: trueJamaican ($2 in chips) 
Dorex2007: posts small blind $0.01
trueJamaican: posts big blind $0.02
*** HOLE CARDS ***
Dealt to Dorex2007 [5d Ts]
Dr_Erema: calls $0.02
zolf_j: folds 
4opl1a: raises $0.06 to $0.08
kreator1984: folds 
droctagon101: calls $0.08
Gelovek: folds 
Dorex2007: folds 
trueJamaican: folds 
Dr_Erema: calls $0.06
*** FLOP *** [Qd 3h Jh]
Dr_Erema: checks 
4opl1a: bets $0.08
droctagon101: raises $0.10 to $0.18
partuzo13 joins the table at seat #5 
Dr_Erema: calls $0.18
4opl1a: calls $0.10
*** TURN *** [Qd 3h Jh] [9s]
Dr_Erema: checks 
4opl1a: checks 
droctagon101: bets $0.51
Dr_Erema: folds 
4opl1a: folds 
Uncalled bet ($0.51) returned to droctagon101
droctagon101 collected $0.78 from pot
droctagon101: doesn't show hand 
*** SUMMARY ***
Total pot $0.81 | Rake $0.03 
Board [Qd 3h Jh 9s]
Seat 1: Dr_Erema folded on the Turn
Seat 2: zolf_j folded before Flop (didn't bet)
Seat 3: 4opl1a folded on the Turn
Seat 4: kreator1984 folded before Flop (didn't bet)
Seat 6: droctagon101 collected ($0.78)
Seat 7: Gelovek (button) folded before Flop (didn't bet)
Seat 8: Dorex2007 (small blind) folded before Flop
Seat 9: trueJamaican (big blind) folded before Flop



PokerStars Hand #228370023268:  Hold'em No Limit ($0.01/$0.02 USD) - 2021/07/17 16:38:01 PT [2021/07/17 19:38:01 ET]
Table 'Jessonda' 9-max Seat #8 is the button
Seat 1: Dr_Erema ($3.33 in chips) 
Seat 2: zolf_j ($2 in chips) 
Seat 3: 4opl1a ($2 in chips) 
Seat 4: kreator1984 ($3.26 in chips) 
Seat 6: droctagon101 ($2.81 in chips) 
Seat 7: Gelovek ($1.49 in chips) 
Seat 8: Dorex2007 ($1.92 in chips) 
Seat 9: trueJamaican ($2 in chips) 
trueJamaican: posts small blind $0.01
Dr_Erema: posts big blind $0.02
partuzo13: sits out 
*** HOLE CARDS ***
Dealt to Dorex2007 [9s 4h]
zolf_j: folds 
4opl1a: folds 
kreator1984: raises $0.07 to $0.09
droctagon101: folds 
Gelovek: folds 
Dorex2007: folds 
trueJamaican: folds 
Dr_Erema: calls $0.07
*** FLOP *** [Qs 5c 9h]
Dr_Erema: checks 
kreator1984: bets $0.12
Dr_Erema: folds 
Uncalled bet ($0.12) returned to kreator1984
kreator1984 collected $0.18 from pot
kreator1984: doesn't show hand 
*** SUMMARY ***
Total pot $0.19 | Rake $0.01 
Board [Qs 5c 9h]
Seat 1: Dr_Erema (big blind) folded on the Flop
Seat 2: zolf_j folded before Flop (didn't bet)
Seat 3: 4opl1a folded before Flop (didn't bet)
Seat 4: kreator1984 collected ($0.18)
Seat 6: droctagon101 folded before Flop (didn't bet)
Seat 7: Gelovek folded before Flop (didn't bet)
Seat 8: Dorex2007 (button) folded before Flop (didn't bet)
Seat 9: trueJamaican (small blind) folded before Flop



PokerStars Hand #228370046871:  Hold'em No Limit ($0.01/$0.02 USD) - 2021/07/17 16:38:47 PT [2021/07/17 19:38:47 ET]
Table 'Jessonda' 9-max Seat #9 is the button
Seat 1: Dr_Erema ($3.24 in chips) 
Seat 2: zolf_j ($2 in chips) 
Seat 3: 4opl1a ($2 in chips) 
Seat 4: kreator1984 ($3.35 in chips) 
Seat 6: droctagon101 ($2.81 in chips) 
Seat 7: Gelovek ($1.49 in chips) 
Seat 8: Dorex2007 ($1.92 in chips) 
Seat 9: trueJamaican ($2 in chips) 
Dr_Erema: posts small blind $0.01
zolf_j: posts big blind $0.02
partuzo13: sits out 
*** HOLE CARDS ***
Dealt to Dorex2007 [2s 2d]
4opl1a: folds 
kreator1984: folds 
droctagon101: raises $0.04 to $0.06
Gelovek: folds 
Dorex2007: folds 
trueJamaican: folds 
Dr_Erema: calls $0.05
zolf_j: calls $0.04
*** FLOP *** [7s 3s Th]
Dr_Erema: checks 
zolf_j: checks 
droctagon101: checks 
*** TURN *** [7s 3s Th] [Ah]
Dr_Erema: bets $0.17
zolf_j: folds 
droctagon101: folds 
Uncalled bet ($0.17) returned to Dr_Erema
Dr_Erema collected $0.17 from pot
Dr_Erema: doesn't show hand 
*** SUMMARY ***
Total pot $0.18 | Rake $0.01 
Board [7s 3s Th Ah]
Seat 1: Dr_Erema (small blind) collected ($0.17)
Seat 2: zolf_j (big blind) folded on the Turn
Seat 3: 4opl1a folded before Flop (didn't bet)
Seat 4: kreator1984 folded before Flop (didn't bet)
Seat 6: droctagon101 folded on the Turn
Seat 7: Gelovek folded before Flop (didn't bet)
Seat 8: Dorex2007 folded before Flop (didn't bet)
Seat 9: trueJamaican (button) folded before Flop (didn't bet)



PokerStars Hand #228370059103:  Hold'em No Limit ($0.01/$0.02 USD) - 2021/07/17 16:39:26 PT [2021/07/17 19:39:26 ET]
Table 'Jessonda' 9-max Seat #1 is the button
Seat 1: Dr_Erema ($3.35 in chips) 
Seat 2: zolf_j ($1.94 in chips) 
Seat 3: 4opl1a ($2 in chips) 
Seat 4: kreator1984 ($3.35 in chips) 
Seat 6: droctagon101 ($2.75 in chips) 
Seat 7: Gelovek ($1.49 in chips) 
Seat 8: Dorex2007 ($1.92 in chips) 
Seat 9: trueJamaican ($2 in chips) 
zolf_j: posts small blind $0.01
4opl1a: posts big blind $0.02
partuzo13: sits out 
*** HOLE CARDS ***
Dealt to Dorex2007 [Qh 3h]
kreator1984: folds 
droctagon101: folds 
Gelovek: folds 
Dorex2007: folds 
trueJamaican: folds 
Dr_Erema: raises $0.03 to $0.05
zolf_j: folds 
4opl1a: folds 
Uncalled bet ($0.03) returned to Dr_Erema
Dr_Erema collected $0.05 from pot
Dr_Erema: doesn't show hand 
*** SUMMARY ***
Total pot $0.05 | Rake $0 
Seat 1: Dr_Erema (button) collected ($0.05)
Seat 2: zolf_j (small blind) folded before Flop
Seat 3: 4opl1a (big blind) folded before Flop
Seat 4: kreator1984 folded before Flop (didn't bet)
Seat 6: droctagon101 folded before Flop (didn't bet)
Seat 7: Gelovek folded before Flop (didn't bet)
Seat 8: Dorex2007 folded before Flop (didn't bet)
Seat 9: trueJamaican folded before Flop (didn't bet)



PokerStars Hand #228370064080:  Hold'em No Limit ($0.01/$0.02 USD) - 2021/07/17 16:39:41 PT [2021/07/17 19:39:41 ET]
Table 'Jessonda' 9-max Seat #2 is the button
Seat 1: Dr_Erema ($3.38 in chips) 
Seat 2: zolf_j ($1.93 in chips) 
Seat 3: 4opl1a ($2 in chips) 
Seat 4: kreator1984 ($3.35 in chips) 
Seat 6: droctagon101 ($2.75 in chips) 
Seat 7: Gelovek ($1.49 in chips) 
Seat 8: Dorex2007 ($1.92 in chips) 
Seat 9: trueJamaican ($2 in chips) 
4opl1a: posts small blind $0.01
kreator1984: posts big blind $0.02
partuzo13: sits out 
*** HOLE CARDS ***
Dealt to Dorex2007 [5s 6h]
droctagon101: folds 
Gelovek: folds 
Dorex2007: folds 
trueJamaican: folds 
Dr_Erema: raises $0.03 to $0.05
zolf_j: folds 
4opl1a: folds 
kreator1984: calls $0.03
*** FLOP *** [Th 3d Ts]
kreator1984: checks 
Dr_Erema: bets $0.05
kreator1984: folds 
Uncalled bet ($0.05) returned to Dr_Erema
Dr_Erema collected $0.11 from pot
Dr_Erema: doesn't show hand 
*** SUMMARY ***
Total pot $0.11 | Rake $0 
Board [Th 3d Ts]
Seat 1: Dr_Erema collected ($0.11)
Seat 2: zolf_j (button) folded before Flop (didn't bet)
Seat 3: 4opl1a (small blind) folded before Flop
Seat 4: kreator1984 (big blind) folded on the Flop
Seat 6: droctagon101 folded before Flop (didn't bet)
Seat 7: Gelovek folded before Flop (didn't bet)
Seat 8: Dorex2007 folded before Flop (didn't bet)
Seat 9: trueJamaican folded before Flop (didn't bet)



PokerStars Hand #228370069901:  Hold'em No Limit ($0.01/$0.02 USD) - 2021/07/17 16:40:00 PT [2021/07/17 19:40:00 ET]
Table 'Jessonda' 9-max Seat #3 is the button
Seat 1: Dr_Erema ($3.44 in chips) 
Seat 2: zolf_j ($1.93 in chips) 
Seat 3: 4opl1a ($2 in chips) 
Seat 4: kreator1984 ($3.30 in chips) 
Seat 5: partuzo13 ($2 in chips) 
Seat 6: droctagon101 ($2.75 in chips) 
Seat 7: Gelovek ($1.49 in chips) 
Seat 8: Dorex2007 ($1.92 in chips) 
Seat 9: trueJamaican ($2 in chips) 
kreator1984: posts small blind $0.01
partuzo13: posts big blind $0.02
*** HOLE CARDS ***
Dealt to Dorex2007 [9h Kh]
droctagon101: folds 
Gelovek: folds 
Dorex2007: raises $0.02 to $0.04
trueJamaican: calls $0.04
Dr_Erema: calls $0.04
zolf_j: raises $0.19 to $0.23
4opl1a: folds 
kreator1984: folds 
partuzo13: folds 
Dorex2007: folds 
trueJamaican: folds 
Dr_Erema: folds 
Uncalled bet ($0.19) returned to zolf_j
zolf_j collected $0.19 from pot
zolf_j: doesn't show hand 
*** SUMMARY ***
Total pot $0.19 | Rake $0 
Seat 1: Dr_Erema folded before Flop
Seat 2: zolf_j collected ($0.19)
Seat 3: 4opl1a (button) folded before Flop (didn't bet)
Seat 4: kreator1984 (small blind) folded before Flop
Seat 5: partuzo13 (big blind) folded before Flop
Seat 6: droctagon101 folded before Flop (didn't bet)
Seat 7: Gelovek folded before Flop (didn't bet)
Seat 8: Dorex2007 folded before Flop
Seat 9: trueJamaican folded before Flop



PokerStars Hand #228370081850:  Hold'em No Limit ($0.01/$0.02 USD) - 2021/07/17 16:40:38 PT [2021/07/17 19:40:38 ET]
Table 'Jessonda' 9-max Seat #4 is the button
Seat 1: Dr_Erema ($3.40 in chips) 
Seat 2: zolf_j ($2.08 in chips) 
Seat 3: 4opl1a ($2 in chips) 
Seat 4: kreator1984 ($3.29 in chips) 
Seat 5: partuzo13 ($1.98 in chips) 
Seat 6: droctagon101 ($2.75 in chips) 
Seat 7: Gelovek ($1.49 in chips) 
Seat 8: Dorex2007 ($1.88 in chips) 
Seat 9: trueJamaican ($2 in chips) 
partuzo13: posts small blind $0.01
droctagon101: posts big blind $0.02
*** HOLE CARDS ***
Dealt to Dorex2007 [Ks 4c]
Gelovek: folds 
Dorex2007: folds 
trueJamaican has timed out
trueJamaican: folds 
Dr_Erema: calls $0.02
zolf_j: folds 
4opl1a: raises $0.06 to $0.08
kreator1984: folds 
partuzo13: folds 
droctagon101: folds 
Dr_Erema: calls $0.06
*** FLOP *** [Kc 6d Kh]
Dr_Erema: checks 
4opl1a: bets $0.08
Dr_Erema: calls $0.08
*** TURN *** [Kc 6d Kh] [5c]
Dr_Erema: checks 
4opl1a: bets $0.22
Dr_Erema: folds 
Uncalled bet ($0.22) returned to 4opl1a
4opl1a collected $0.34 from pot
4opl1a: doesn't show hand 
*** SUMMARY ***
Total pot $0.35 | Rake $0.01 
Board [Kc 6d Kh 5c]
Seat 1: Dr_Erema folded on the Turn
Seat 2: zolf_j folded before Flop (didn't bet)
Seat 3: 4opl1a collected ($0.34)
Seat 4: kreator1984 (button) folded before Flop (didn't bet)
Seat 5: partuzo13 (small blind) folded before Flop
Seat 6: droctagon101 (big blind) folded before Flop
Seat 7: Gelovek folded before Flop (didn't bet)
Seat 8: Dorex2007 folded before Flop (didn't bet)
Seat 9: trueJamaican folded before Flop (didn't bet)



PokerStars Hand #228370097373:  Hold'em No Limit ($0.01/$0.02 USD) - 2021/07/17 16:41:28 PT [2021/07/17 19:41:28 ET]
Table 'Jessonda' 9-max Seat #5 is the button
Seat 1: Dr_Erema ($3.24 in chips) 
Seat 2: zolf_j ($2.08 in chips) 
Seat 3: 4opl1a ($2.18 in chips) 
Seat 4: kreator1984 ($3.29 in chips) 
Seat 5: partuzo13 ($1.97 in chips) 
Seat 6: droctagon101 ($2.73 in chips) 
Seat 7: Gelovek ($1.49 in chips) 
Seat 8: Dorex2007 ($1.88 in chips) 
droctagon101: posts small blind $0.01
Gelovek: posts big blind $0.02
*** HOLE CARDS ***
Dealt to Dorex2007 [Ks 8c]
Dorex2007: folds 
Dr_Erema: folds 
zolf_j: folds 
4opl1a: folds 
kreator1984: folds 
partuzo13: folds 
droctagon101 is disconnected 
droctagon101 has timed out while disconnected
droctagon101: folds 
Uncalled bet ($0.01) returned to Gelovek
Gelovek collected $0.02 from pot
*** SUMMARY ***
Total pot $0.02 | Rake $0 
Seat 1: Dr_Erema folded before Flop (didn't bet)
Seat 2: zolf_j folded before Flop (didn't bet)
Seat 3: 4opl1a folded before Flop (didn't bet)
Seat 4: kreator1984 folded before Flop (didn't bet)
Seat 5: partuzo13 (button) folded before Flop (didn't bet)
Seat 6: droctagon101 (small blind) folded before Flop
Seat 7: Gelovek (big blind) collected ($0.02)
Seat 8: Dorex2007 folded before Flop (didn't bet)



PokerStars Hand #228370111084:  Hold'em No Limit ($0.01/$0.02 USD) - 2021/07/17 16:42:13 PT [2021/07/17 19:42:13 ET]
Table 'Jessonda' 9-max Seat #7 is the button
Seat 1: Dr_Erema ($3.24 in chips) 
Seat 2: zolf_j ($2.08 in chips) 
Seat 3: 4opl1a ($2.18 in chips) 
Seat 4: kreator1984 ($3.29 in chips) 
Seat 5: partuzo13 ($1.97 in chips) 
Seat 7: Gelovek ($1.50 in chips) 
Seat 8: Dorex2007 ($1.88 in chips) 
Dorex2007: posts small blind $0.01
Dr_Erema: posts big blind $0.02
*** HOLE CARDS ***
Dealt to Dorex2007 [2d 3s]
zolf_j: folds 
4opl1a: folds 
kreator1984: folds 
partuzo13: folds 
Gelovek: raises $0.02 to $0.04
Dorex2007: folds 
Dr_Erema: raises $0.08 to $0.12
Gelovek: calls $0.08
*** FLOP *** [3c Tc Ac]
Dr_Erema: bets $0.11
Gelovek: calls $0.11
*** TURN *** [3c Tc Ac] [8s]
Dr_Erema: bets $0.18
Gelovek: raises $1.09 to $1.27 and is all-in
Dr_Erema: folds 
Uncalled bet ($1.09) returned to Gelovek
Gelovek collected $0.80 from pot
*** SUMMARY ***
Total pot $0.83 | Rake $0.03 
Board [3c Tc Ac 8s]
Seat 1: Dr_Erema (big blind) folded on the Turn
Seat 2: zolf_j folded before Flop (didn't bet)
Seat 3: 4opl1a folded before Flop (didn't bet)
Seat 4: kreator1984 folded before Flop (didn't bet)
Seat 5: partuzo13 folded before Flop (didn't bet)
Seat 7: Gelovek (button) collected ($0.80)
Seat 8: Dorex2007 (small blind) folded before Flop



PokerStars Hand #228370122225:  Hold'em No Limit ($0.01/$0.02 USD) - 2021/07/17 16:42:49 PT [2021/07/17 19:42:49 ET]
Table 'Jessonda' 9-max Seat #8 is the button
Seat 1: Dr_Erema ($2.83 in chips) 
Seat 2: zolf_j ($2.08 in chips) 
Seat 3: 4opl1a ($2.18 in chips) 
Seat 4: kreator1984 ($3.29 in chips) 
Seat 5: partuzo13 ($1.97 in chips) 
Seat 6: droctagon101 ($2.72 in chips) 
Seat 7: Gelovek ($1.89 in chips) 
Seat 8: Dorex2007 ($1.87 in chips) 
Dr_Erema: posts small blind $0.01
zolf_j: posts big blind $0.02
*** HOLE CARDS ***
Dealt to Dorex2007 [4h 4d]
4opl1a: folds 
kreator1984: folds 
partuzo13 has timed out
partuzo13: folds 
droctagon101: folds 
Gelovek: folds 
Dorex2007: raises $0.04 to $0.06
Dr_Erema: raises $0.12 to $0.18
zolf_j: folds 
Dorex2007: calls $0.12
*** FLOP *** [Qh 7d Jc]
Dr_Erema: checks 
Dorex2007: checks 
*** TURN *** [Qh 7d Jc] [9c]
Dr_Erema: checks 
Dorex2007: checks 
*** RIVER *** [Qh 7d Jc 9c] [8d]
Dr_Erema: bets $0.21
Dorex2007: folds 
Uncalled bet ($0.21) returned to Dr_Erema
Dr_Erema collected $0.37 from pot
Dr_Erema: doesn't show hand 
*** SUMMARY ***
Total pot $0.38 | Rake $0.01 
Board [Qh 7d Jc 9c 8d]
Seat 1: Dr_Erema (small blind) collected ($0.37)
Seat 2: zolf_j (big blind) folded before Flop
Seat 3: 4opl1a folded before Flop (didn't bet)
Seat 4: kreator1984 folded before Flop (didn't bet)
Seat 5: partuzo13 folded before Flop (didn't bet)
Seat 6: droctagon101 folded before Flop (didn't bet)
Seat 7: Gelovek folded before Flop (didn't bet)
Seat 8: Dorex2007 (button) folded on the River



PokerStars Hand #228370141340:  Hold'em No Limit ($0.01/$0.02 USD) - 2021/07/17 16:43:50 PT [2021/07/17 19:43:50 ET]
Table 'Jessonda' 9-max Seat #1 is the button
Seat 1: Dr_Erema ($3.02 in chips) 
Seat 2: zolf_j ($2.06 in chips) 
Seat 3: 4opl1a ($2.18 in chips) 
Seat 4: kreator1984 ($3.29 in chips) 
Seat 6: droctagon101 ($2.72 in chips) 
Seat 7: Gelovek ($1.89 in chips) 
Seat 8: Dorex2007 ($2 in chips) 
zolf_j: posts small blind $0.01
4opl1a: posts big blind $0.02
trueJamaican: sits out 
*** HOLE CARDS ***
Dealt to Dorex2007 [9s 5s]
kreator1984: folds 
droctagon101: raises $0.04 to $0.06
Gelovek: folds 
Dorex2007: folds 
Dr_Erema: calls $0.06
zolf_j: folds 
4opl1a: folds 
*** FLOP *** [5c 4d Jh]
droctagon101: checks 
Dr_Erema: checks 
*** TURN *** [5c 4d Jh] [2s]
droctagon101: bets $0.09
Dr_Erema: calls $0.09
*** RIVER *** [5c 4d Jh 2s] [4s]
droctagon101: checks 
Dr_Erema: bets $0.18
droctagon101: folds 
Uncalled bet ($0.18) returned to Dr_Erema
Dr_Erema collected $0.32 from pot
Dr_Erema: doesn't show hand 
*** SUMMARY ***
Total pot $0.33 | Rake $0.01 
Board [5c 4d Jh 2s 4s]
Seat 1: Dr_Erema (button) collected ($0.32)
Seat 2: zolf_j (small blind) folded before Flop
Seat 3: 4opl1a (big blind) folded before Flop
Seat 4: kreator1984 folded before Flop (didn't bet)
Seat 6: droctagon101 folded on the River
Seat 7: Gelovek folded before Flop (didn't bet)
Seat 8: Dorex2007 folded before Flop (didn't bet)



PokerStars Hand #228370161261:  Hold'em No Limit ($0.01/$0.02 USD) - 2021/07/17 16:44:55 PT [2021/07/17 19:44:55 ET]
Table 'Jessonda' 9-max Seat #2 is the button
Seat 1: Dr_Erema ($3.19 in chips) 
Seat 2: zolf_j ($2.05 in chips) 
Seat 3: 4opl1a ($2.16 in chips) 
Seat 4: kreator1984 ($3.29 in chips) 
Seat 6: droctagon101 ($2.57 in chips) 
Seat 7: Gelovek ($1.89 in chips) 
Seat 8: Dorex2007 ($2 in chips) 
4opl1a: posts small blind $0.01
kreator1984: posts big blind $0.02
trueJamaican: sits out 
*** HOLE CARDS ***
Dealt to Dorex2007 [3s Qd]
droctagon101: raises $0.04 to $0.06
Gelovek: folds 
Dorex2007: folds 
Dr_Erema: folds 
zolf_j: folds 
4opl1a: folds 
kreator1984: folds 
Uncalled bet ($0.04) returned to droctagon101
droctagon101 collected $0.05 from pot
droctagon101: doesn't show hand 
*** SUMMARY ***
Total pot $0.05 | Rake $0 
Seat 1: Dr_Erema folded before Flop (didn't bet)
Seat 2: zolf_j (button) folded before Flop (didn't bet)
Seat 3: 4opl1a (small blind) folded before Flop
Seat 4: kreator1984 (big blind) folded before Flop
Seat 6: droctagon101 collected ($0.05)
Seat 7: Gelovek folded before Flop (didn't bet)
Seat 8: Dorex2007 folded before Flop (didn't bet)



PokerStars Hand #228370166693:  Hold'em No Limit ($0.01/$0.02 USD) - 2021/07/17 16:45:12 PT [2021/07/17 19:45:12 ET]
Table 'Jessonda' 9-max Seat #3 is the button
Seat 1: Dr_Erema ($3.19 in chips) 
Seat 2: zolf_j ($2.05 in chips) 
Seat 3: 4opl1a ($2.15 in chips) 
Seat 4: kreator1984 ($3.27 in chips) 
Seat 6: droctagon101 ($2.60 in chips) 
Seat 7: Gelovek ($1.89 in chips) 
Seat 8: Dorex2007 ($2 in chips) 
kreator1984: posts small blind $0.01
droctagon101: posts big blind $0.02
trueJamaican: sits out 
*** HOLE CARDS ***
Dealt to Dorex2007 [Qh 4d]
Gelovek: folds 
Dorex2007: folds 
Dr_Erema: raises $0.03 to $0.05
zolf_j: folds 
4opl1a: folds 
kreator1984: folds 
droctagon101: folds 
Uncalled bet ($0.03) returned to Dr_Erema
Dr_Erema collected $0.05 from pot
Dr_Erema: doesn't show hand 
*** SUMMARY ***
Total pot $0.05 | Rake $0 
Seat 1: Dr_Erema collected ($0.05)
Seat 2: zolf_j folded before Flop (didn't bet)
Seat 3: 4opl1a (button) folded before Flop (didn't bet)
Seat 4: kreator1984 (small blind) folded before Flop
Seat 6: droctagon101 (big blind) folded before Flop
Seat 7: Gelovek folded before Flop (didn't bet)
Seat 8: Dorex2007 folded before Flop (didn't bet)



PokerStars Hand #228370170116:  Hold'em No Limit ($0.01/$0.02 USD) - 2021/07/17 16:45:24 PT [2021/07/17 19:45:24 ET]
Table 'Jessonda' 9-max Seat #4 is the button
Seat 1: Dr_Erema ($3.22 in chips) 
Seat 2: zolf_j ($2.05 in chips) 
Seat 3: 4opl1a ($2.15 in chips) 
Seat 4: kreator1984 ($3.26 in chips) 
Seat 6: droctagon101 ($2.58 in chips) 
Seat 7: Gelovek ($1.89 in chips) 
Seat 8: Dorex2007 ($2 in chips) 
droctagon101: posts small blind $0.01
Gelovek: posts big blind $0.02
trueJamaican: sits out 
*** HOLE CARDS ***
Dealt to Dorex2007 [5d 8d]
Dorex2007: folds 
Dr_Erema: folds 
zolf_j: folds 
4opl1a: folds 
kreator1984: folds 
droctagon101: folds 
Uncalled bet ($0.01) returned to Gelovek
Gelovek collected $0.02 from pot
*** SUMMARY ***
Total pot $0.02 | Rake $0 
Seat 1: Dr_Erema folded before Flop (didn't bet)
Seat 2: zolf_j folded before Flop (didn't bet)
Seat 3: 4opl1a folded before Flop (didn't bet)
Seat 4: kreator1984 (button) folded before Flop (didn't bet)
Seat 6: droctagon101 (small blind) folded before Flop
Seat 7: Gelovek (big blind) collected ($0.02)
Seat 8: Dorex2007 folded before Flop (didn't bet)



PokerStars Hand #228370174200:  Hold'em No Limit ($0.01/$0.02 USD) - 2021/07/17 16:45:37 PT [2021/07/17 19:45:37 ET]
Table 'Jessonda' 9-max Seat #6 is the button
Seat 1: Dr_Erema ($3.22 in chips) 
Seat 2: zolf_j ($2.05 in chips) 
Seat 3: 4opl1a ($2.15 in chips) 
Seat 4: kreator1984 ($3.26 in chips) 
Seat 6: droctagon101 ($2.57 in chips) 
Seat 7: Gelovek ($1.90 in chips) 
Seat 8: Dorex2007 ($2 in chips) 
Gelovek: posts small blind $0.01
Dorex2007: posts big blind $0.02
trueJamaican: sits out 
*** HOLE CARDS ***
Dealt to Dorex2007 [Jh 5h]
Dr_Erema: raises $0.03 to $0.05
zolf_j: folds 
4opl1a: folds 
kreator1984: folds 
droctagon101: folds 
Gelovek: calls $0.04
Dorex2007: folds 
*** FLOP *** [Td Js 9d]
Gelovek: checks 
Dr_Erema: bets $0.06
trueJamaican leaves the table
Gelovek: raises $0.12 to $0.18
Dr_Erema: calls $0.12
*** TURN *** [Td Js 9d] [2d]
Gelovek: bets $0.23
Dr_Erema: calls $0.23
*** RIVER *** [Td Js 9d 2d] [Th]
Gelovek: bets $0.48
Dr_Erema: calls $0.48
*** SHOW DOWN ***
Gelovek: shows [Qs Kd] (a straight, Nine to King)
Dr_Erema: mucks hand 
droctagon101 is disconnected 
Gelovek collected $1.83 from pot
*** SUMMARY ***
Total pot $1.90 | Rake $0.07 
Board [Td Js 9d 2d Th]
Seat 1: Dr_Erema mucked [Ad 9c]
Seat 2: zolf_j folded before Flop (didn't bet)
Seat 3: 4opl1a folded before Flop (didn't bet)
Seat 4: kreator1984 folded before Flop (didn't bet)
Seat 6: droctagon101 (button) folded before Flop (didn't bet)
Seat 7: Gelovek (small blind) showed [Qs Kd] and won ($1.83) with a straight, Nine to King
Seat 8: Dorex2007 (big blind) folded before Flop



PokerStars Hand #228370185850:  Hold'em No Limit ($0.01/$0.02 USD) - 2021/07/17 16:46:15 PT [2021/07/17 19:46:15 ET]
Table 'Jessonda' 9-max Seat #7 is the button
Seat 1: Dr_Erema ($2.28 in chips) 
Seat 2: zolf_j ($2.05 in chips) 
Seat 3: 4opl1a ($2.15 in chips) 
Seat 4: kreator1984 ($3.26 in chips) 
Seat 6: droctagon101 ($2.57 in chips) 
Seat 7: Gelovek ($2.79 in chips) 
Seat 8: Dorex2007 ($1.98 in chips) 
Dorex2007: posts small blind $0.01
Dr_Erema: posts big blind $0.02
*** HOLE CARDS ***
Dealt to Dorex2007 [2h 5h]
zolf_j: folds 
4opl1a: folds 
kreator1984: folds 
droctagon101: folds 
Gelovek: folds 
Dorex2007: folds 
Uncalled bet ($0.01) returned to Dr_Erema
Dr_Erema collected $0.02 from pot
Dr_Erema: doesn't show hand 
*** SUMMARY ***
Total pot $0.02 | Rake $0 
Seat 1: Dr_Erema (big blind) collected ($0.02)
Seat 2: zolf_j folded before Flop (didn't bet)
Seat 3: 4opl1a folded before Flop (didn't bet)
Seat 4: kreator1984 folded before Flop (didn't bet)
Seat 6: droctagon101 folded before Flop (didn't bet)
Seat 7: Gelovek (button) folded before Flop (didn't bet)
Seat 8: Dorex2007 (small blind) folded before Flop



PokerStars Hand #228370189592:  Hold'em No Limit ($0.01/$0.02 USD) - 2021/07/17 16:46:27 PT [2021/07/17 19:46:27 ET]
Table 'Jessonda' 9-max Seat #8 is the button
Seat 1: Dr_Erema ($2.29 in chips) 
Seat 2: zolf_j ($2.05 in chips) 
Seat 3: 4opl1a ($2.15 in chips) 
Seat 4: kreator1984 ($3.26 in chips) 
Seat 6: droctagon101 ($2.57 in chips) 
Seat 7: Gelovek ($2.79 in chips) 
Seat 8: Dorex2007 ($1.97 in chips) 
Dr_Erema: posts small blind $0.01
zolf_j: posts big blind $0.02
*** HOLE CARDS ***
Dealt to Dorex2007 [Jh Ts]
4opl1a: folds 
kreator1984: folds 
droctagon101: folds 
Gelovek: folds 
Dorex2007: raises $0.02 to $0.04
Dr_Erema: raises $0.08 to $0.12
zolf_j: folds 
Dorex2007: calls $0.08
*** FLOP *** [2c 8d Qh]
Dr_Erema: bets $0.11
Dorex2007: folds 
Uncalled bet ($0.11) returned to Dr_Erema
Dr_Erema collected $0.25 from pot
Dr_Erema: doesn't show hand 
*** SUMMARY ***
Total pot $0.26 | Rake $0.01 
Board [2c 8d Qh]
Seat 1: Dr_Erema (small blind) collected ($0.25)
Seat 2: zolf_j (big blind) folded before Flop
Seat 3: 4opl1a folded before Flop (didn't bet)
Seat 4: kreator1984 folded before Flop (didn't bet)
Seat 6: droctagon101 folded before Flop (didn't bet)
Seat 7: Gelovek folded before Flop (didn't bet)
Seat 8: Dorex2007 (button) folded on the Flop



PokerStars Hand #228370204771:  Hold'em No Limit ($0.01/$0.02 USD) - 2021/07/17 16:47:00 PT [2021/07/17 19:47:00 ET]
Table 'Jessonda' 9-max Seat #1 is the button
Seat 1: Dr_Erema ($2.42 in chips) 
Seat 2: zolf_j ($2.03 in chips) 
Seat 3: 4opl1a ($2.15 in chips) 
Seat 4: kreator1984 ($3.26 in chips) 
Seat 6: droctagon101 ($2.57 in chips) 
Seat 7: Gelovek ($2.79 in chips) 
Seat 8: Dorex2007 ($1.85 in chips) 
zolf_j: posts small blind $0.01
4opl1a: posts big blind $0.02
*** HOLE CARDS ***
Dealt to Dorex2007 [Ac Kh]
kreator1984: raises $0.04 to $0.06
droctagon101: folds 
Gelovek: folds 
Dorex2007: calls $0.06
Dr_Erema: calls $0.06
zolf_j: folds 
4opl1a: folds 
*** FLOP *** [Kd Js Qs]
kreator1984: bets $0.11
Dorex2007: calls $0.11
Dr_Erema: folds 
*** TURN *** [Kd Js Qs] [2s]
kreator1984: bets $0.15
Dorex2007: calls $0.15
*** RIVER *** [Kd Js Qs 2s] [Ah]
kreator1984: checks 
Dorex2007: checks 
*** SHOW DOWN ***
kreator1984: shows [As Qh] (two pair, Aces and Queens)
Dorex2007: shows [Ac Kh] (two pair, Aces and Kings)
Dorex2007 collected $0.70 from pot
*** SUMMARY ***
Total pot $0.73 | Rake $0.03 
Board [Kd Js Qs 2s Ah]
Seat 1: Dr_Erema (button) folded on the Flop
Seat 2: zolf_j (small blind) folded before Flop
Seat 3: 4opl1a (big blind) folded before Flop
Seat 4: kreator1984 showed [As Qh] and lost with two pair, Aces and Queens
Seat 6: droctagon101 folded before Flop (didn't bet)
Seat 7: Gelovek folded before Flop (didn't bet)
Seat 8: Dorex2007 showed [Ac Kh] and won ($0.70) with two pair, Aces and Kings



PokerStars Hand #228370218684:  Hold'em No Limit ($0.01/$0.02 USD) - 2021/07/17 16:47:46 PT [2021/07/17 19:47:46 ET]
Table 'Jessonda' 9-max Seat #2 is the button
Seat 1: Dr_Erema ($2.36 in chips) 
Seat 2: zolf_j ($2.02 in chips) 
Seat 3: 4opl1a ($2.13 in chips) 
Seat 6: droctagon101 ($2.57 in chips) 
Seat 7: Gelovek ($2.79 in chips) 
Seat 8: Dorex2007 ($2.23 in chips) 
4opl1a: posts small blind $0.01
droctagon101: posts big blind $0.02
*** HOLE CARDS ***
Dealt to Dorex2007 [9d 3d]
Gelovek: folds 
kreator1984 leaves the table
Dorex2007: folds 
Dr_Erema: calls $0.02
Gelovek leaves the table
zolf_j: folds 
4opl1a: folds 
droctagon101: checks 
*** FLOP *** [Kc Ks 6s]
droctagon101: checks 
Dr_Erema: bets $0.05
droctagon101: folds 
Uncalled bet ($0.05) returned to Dr_Erema
Dr_Erema collected $0.05 from pot
Dr_Erema: doesn't show hand 
*** SUMMARY ***
Total pot $0.05 | Rake $0 
Board [Kc Ks 6s]
Seat 1: Dr_Erema collected ($0.05)
Seat 2: zolf_j (button) folded before Flop (didn't bet)
Seat 3: 4opl1a (small blind) folded before Flop
Seat 6: droctagon101 (big blind) folded on the Flop
Seat 7: Gelovek folded before Flop (didn't bet)
Seat 8: Dorex2007 folded before Flop (didn't bet)



PokerStars Hand #228370229163:  Hold'em No Limit ($0.01/$0.02 USD) - 2021/07/17 16:48:20 PT [2021/07/17 19:48:20 ET]
Table 'Jessonda' 9-max Seat #3 is the button
Seat 1: Dr_Erema ($2.39 in chips) 
Seat 2: zolf_j ($2.02 in chips) 
Seat 3: 4opl1a ($2.12 in chips) 
Seat 6: droctagon101 ($2.55 in chips) 
Seat 8: Dorex2007 ($2.23 in chips) 
droctagon101: posts small blind $0.01
Dorex2007: posts big blind $0.02
*** HOLE CARDS ***
Dealt to Dorex2007 [Th Jd]
Dr_Erema: raises $0.03 to $0.05
zolf_j: folds 
4opl1a: folds 
droctagon101: folds 
Dorex2007: calls $0.03
*** FLOP *** [7h As Kc]
Dorex2007: checks 
Dr_Erema: bets $0.06
Dorex2007: calls $0.06
*** TURN *** [7h As Kc] [Jh]
Dorex2007: checks 
Dr_Erema: bets $0.11
Dorex2007: calls $0.11
*** RIVER *** [7h As Kc Jh] [5s]
Dorex2007: checks 
Dr_Erema: bets $0.30
Dorex2007: folds 
Uncalled bet ($0.30) returned to Dr_Erema
Dr_Erema collected $0.43 from pot
Dr_Erema: doesn't show hand 
*** SUMMARY ***
Total pot $0.45 | Rake $0.02 
Board [7h As Kc Jh 5s]
Seat 1: Dr_Erema collected ($0.43)
Seat 2: zolf_j folded before Flop (didn't bet)
Seat 3: 4opl1a (button) folded before Flop (didn't bet)
Seat 6: droctagon101 (small blind) folded before Flop
Seat 8: Dorex2007 (big blind) folded on the River



