PokerStars Hand #232132247705:  Hold'em No Limit ($0.01/$0.02 USD) - 2021/12/11 10:27:26 PT [2021/12/11 13:27:26 ET]
Table 'Matar' 9-max Seat #8 is the button
Seat 1: nitramjr420 ($0.80 in chips) 
Seat 2: pinbotani ($2.08 in chips) 
Seat 3: Benny_M_13 ($1.45 in chips) 
Seat 4: BezDopinga ($1.28 in chips) 
Seat 5: Prince Mantis ($7.38 in chips) 
Seat 6: J@hR@st@f@ri ($1 in chips) 
Seat 7: Dorex2007 ($2 in chips) 
Seat 8: tweetyteewt ($4.25 in chips) 
Seat 9: Sandslug ($2.01 in chips) 
Sandslug: posts small blind $0.01
nitramjr420: posts big blind $0.02
Dorex2007: posts big blind $0.02
*** HOLE CARDS ***
Dealt to Dorex2007 [Ac 3h]
pinbotani: folds 
Benny_M_13: folds 
BezDopinga: folds 
Prince Mantis: folds 
J@hR@st@f@ri: folds 
Dorex2007: raises $0.04 to $0.06
tweetyteewt: folds 
Sandslug: folds 
nitramjr420: folds 
Uncalled bet ($0.04) returned to Dorex2007
Dorex2007 collected $0.05 from pot
Dorex2007: doesn't show hand 
*** SUMMARY ***
Total pot $0.05 | Rake $0 
Seat 1: nitramjr420 (big blind) folded before Flop
Seat 2: pinbotani folded before Flop (didn't bet)
Seat 3: Benny_M_13 folded before Flop (didn't bet)
Seat 4: BezDopinga folded before Flop (didn't bet)
Seat 5: Prince Mantis folded before Flop (didn't bet)
Seat 6: J@hR@st@f@ri folded before Flop (didn't bet)
Seat 7: Dorex2007 collected ($0.05)
Seat 8: tweetyteewt (button) folded before Flop (didn't bet)
Seat 9: Sandslug (small blind) folded before Flop



PokerStars Hand #232132262047:  Hold'em No Limit ($0.01/$0.02 USD) - 2021/12/11 10:27:52 PT [2021/12/11 13:27:52 ET]
Table 'Matar' 9-max Seat #9 is the button
Seat 1: nitramjr420 ($0.78 in chips) 
Seat 2: pinbotani ($2.08 in chips) 
Seat 3: Benny_M_13 ($1.45 in chips) 
Seat 4: BezDopinga ($1.28 in chips) 
Seat 5: Prince Mantis ($7.38 in chips) 
Seat 6: J@hR@st@f@ri ($1 in chips) 
Seat 7: Dorex2007 ($2.03 in chips) 
Seat 8: tweetyteewt ($4.25 in chips) 
Seat 9: Sandslug ($2 in chips) 
nitramjr420: posts small blind $0.01
pinbotani: posts big blind $0.02
*** HOLE CARDS ***
Dealt to Dorex2007 [Jh 6c]
Benny_M_13: folds 
BezDopinga: folds 
Prince Mantis: folds 
J@hR@st@f@ri: raises $0.02 to $0.04
Dorex2007: folds 
tweetyteewt: folds 
Sandslug: calls $0.04
nitramjr420: calls $0.03
pinbotani: calls $0.02
*** FLOP *** [Js As 3s]
nitramjr420: checks 
pinbotani: bets $0.08
J@hR@st@f@ri: folds 
Sandslug: folds 
nitramjr420: raises $0.08 to $0.16
pinbotani: raises $1.88 to $2.04 and is all-in
nitramjr420: calls $0.58 and is all-in
Uncalled bet ($1.30) returned to pinbotani
*** TURN *** [Js As 3s] [Ac]
*** RIVER *** [Js As 3s Ac] [5s]
*** SHOW DOWN ***
nitramjr420: shows [Ks Qs] (a flush, Ace high)
pinbotani: shows [7s 8s] (a flush, Ace high - lower cards)
nitramjr420 collected $1.58 from pot
*** SUMMARY ***
Total pot $1.64 | Rake $0.06 
Board [Js As 3s Ac 5s]
Seat 1: nitramjr420 (small blind) showed [Ks Qs] and won ($1.58) with a flush, Ace high
Seat 2: pinbotani (big blind) showed [7s 8s] and lost with a flush, Ace high
Seat 3: Benny_M_13 folded before Flop (didn't bet)
Seat 4: BezDopinga folded before Flop (didn't bet)
Seat 5: Prince Mantis folded before Flop (didn't bet)
Seat 6: J@hR@st@f@ri folded on the Flop
Seat 7: Dorex2007 folded before Flop (didn't bet)
Seat 8: tweetyteewt folded before Flop (didn't bet)
Seat 9: Sandslug (button) folded on the Flop



PokerStars Hand #232132295250:  Hold'em No Limit ($0.01/$0.02 USD) - 2021/12/11 10:28:53 PT [2021/12/11 13:28:53 ET]
Table 'Matar' 9-max Seat #1 is the button
Seat 1: nitramjr420 ($1.58 in chips) 
Seat 2: pinbotani ($2 in chips) 
Seat 3: Benny_M_13 ($1.45 in chips) 
Seat 4: BezDopinga ($1.28 in chips) 
Seat 5: Prince Mantis ($7.38 in chips) 
Seat 6: J@hR@st@f@ri ($0.96 in chips) 
Seat 7: Dorex2007 ($2.03 in chips) 
Seat 8: tweetyteewt ($4.25 in chips) 
Seat 9: Sandslug ($2 in chips) 
pinbotani: posts small blind $0.01
Benny_M_13: posts big blind $0.02
*** HOLE CARDS ***
Dealt to Dorex2007 [3c 4d]
BezDopinga: raises $0.04 to $0.06
Prince Mantis: folds 
J@hR@st@f@ri: folds 
Dorex2007: folds 
tweetyteewt: folds 
Sandslug: folds 
nitramjr420: folds 
pinbotani: folds 
Benny_M_13: calls $0.04
*** FLOP *** [Jd 5h As]
Benny_M_13: bets $0.04
BezDopinga: raises $0.09 to $0.13
Benny_M_13: calls $0.09
*** TURN *** [Jd 5h As] [7h]
Benny_M_13: bets $0.08
BezDopinga: calls $0.08
*** RIVER *** [Jd 5h As 7h] [8h]
Benny_M_13: bets $0.08
BezDopinga: folds 
Uncalled bet ($0.08) returned to Benny_M_13
Benny_M_13 collected $0.53 from pot
Benny_M_13: doesn't show hand 
*** SUMMARY ***
Total pot $0.55 | Rake $0.02 
Board [Jd 5h As 7h 8h]
Seat 1: nitramjr420 (button) folded before Flop (didn't bet)
Seat 2: pinbotani (small blind) folded before Flop
Seat 3: Benny_M_13 (big blind) collected ($0.53)
Seat 4: BezDopinga folded on the River
Seat 5: Prince Mantis folded before Flop (didn't bet)
Seat 6: J@hR@st@f@ri folded before Flop (didn't bet)
Seat 7: Dorex2007 folded before Flop (didn't bet)
Seat 8: tweetyteewt folded before Flop (didn't bet)
Seat 9: Sandslug folded before Flop (didn't bet)



PokerStars Hand #232132328315:  Hold'em No Limit ($0.01/$0.02 USD) - 2021/12/11 10:29:55 PT [2021/12/11 13:29:55 ET]
Table 'Matar' 9-max Seat #2 is the button
Seat 1: nitramjr420 ($1.58 in chips) 
Seat 2: pinbotani ($2 in chips) 
Seat 3: Benny_M_13 ($1.71 in chips) 
Seat 4: BezDopinga ($1.01 in chips) 
Seat 5: Prince Mantis ($7.38 in chips) 
Seat 6: J@hR@st@f@ri ($0.96 in chips) 
Seat 7: Dorex2007 ($2.03 in chips) 
Seat 8: tweetyteewt ($4.25 in chips) 
Seat 9: Sandslug ($2 in chips) 
Benny_M_13: posts small blind $0.01
BezDopinga: posts big blind $0.02
*** HOLE CARDS ***
Dealt to Dorex2007 [4c 8d]
Prince Mantis: folds 
J@hR@st@f@ri: calls $0.02
Dorex2007: folds 
tweetyteewt: folds 
Sandslug: folds 
nitramjr420: folds 
pinbotani: folds 
Benny_M_13: folds 
BezDopinga: checks 
*** FLOP *** [6c Jc 2d]
BezDopinga: checks 
J@hR@st@f@ri: bets $0.02
BezDopinga: folds 
Uncalled bet ($0.02) returned to J@hR@st@f@ri
J@hR@st@f@ri collected $0.05 from pot
J@hR@st@f@ri: doesn't show hand 
*** SUMMARY ***
Total pot $0.05 | Rake $0 
Board [6c Jc 2d]
Seat 1: nitramjr420 folded before Flop (didn't bet)
Seat 2: pinbotani (button) folded before Flop (didn't bet)
Seat 3: Benny_M_13 (small blind) folded before Flop
Seat 4: BezDopinga (big blind) folded on the Flop
Seat 5: Prince Mantis folded before Flop (didn't bet)
Seat 6: J@hR@st@f@ri collected ($0.05)
Seat 7: Dorex2007 folded before Flop (didn't bet)
Seat 8: tweetyteewt folded before Flop (didn't bet)
Seat 9: Sandslug folded before Flop (didn't bet)



PokerStars Hand #232132339246:  Hold'em No Limit ($0.01/$0.02 USD) - 2021/12/11 10:30:15 PT [2021/12/11 13:30:15 ET]
Table 'Matar' 9-max Seat #3 is the button
Seat 1: nitramjr420 ($1.58 in chips) 
Seat 2: pinbotani ($2 in chips) 
Seat 3: Benny_M_13 ($1.70 in chips) 
Seat 4: BezDopinga ($0.99 in chips) 
Seat 5: Prince Mantis ($7.38 in chips) 
Seat 6: J@hR@st@f@ri ($0.99 in chips) 
Seat 7: Dorex2007 ($2.03 in chips) 
Seat 8: tweetyteewt ($4.25 in chips) 
Seat 9: Sandslug ($2 in chips) 
BezDopinga: posts small blind $0.01
Prince Mantis: posts big blind $0.02
*** HOLE CARDS ***
Dealt to Dorex2007 [7h 9h]
J@hR@st@f@ri: calls $0.02
Dorex2007: folds 
tweetyteewt: folds 
Sandslug: raises $0.02 to $0.04
nitramjr420: folds 
pinbotani: folds 
Benny_M_13: folds 
BezDopinga: calls $0.03
Prince Mantis: calls $0.02
J@hR@st@f@ri: calls $0.02
*** FLOP *** [Qd 6h 3c]
BezDopinga: checks 
Prince Mantis: checks 
J@hR@st@f@ri: bets $0.04
Sandslug: calls $0.04
BezDopinga: folds 
Prince Mantis: calls $0.04
*** TURN *** [Qd 6h 3c] [4h]
Prince Mantis: checks 
J@hR@st@f@ri: checks 
Sandslug: checks 
*** RIVER *** [Qd 6h 3c 4h] [Js]
Prince Mantis: bets $0.17
J@hR@st@f@ri: folds 
Sandslug: folds 
Uncalled bet ($0.17) returned to Prince Mantis
Prince Mantis collected $0.27 from pot
Prince Mantis: doesn't show hand 
*** SUMMARY ***
Total pot $0.28 | Rake $0.01 
Board [Qd 6h 3c 4h Js]
Seat 1: nitramjr420 folded before Flop (didn't bet)
Seat 2: pinbotani folded before Flop (didn't bet)
Seat 3: Benny_M_13 (button) folded before Flop (didn't bet)
Seat 4: BezDopinga (small blind) folded on the Flop
Seat 5: Prince Mantis (big blind) collected ($0.27)
Seat 6: J@hR@st@f@ri folded on the River
Seat 7: Dorex2007 folded before Flop (didn't bet)
Seat 8: tweetyteewt folded before Flop (didn't bet)
Seat 9: Sandslug folded on the River



PokerStars Hand #232132371277:  Hold'em No Limit ($0.01/$0.02 USD) - 2021/12/11 10:31:13 PT [2021/12/11 13:31:13 ET]
Table 'Matar' 9-max Seat #4 is the button
Seat 1: nitramjr420 ($1.58 in chips) 
Seat 2: pinbotani ($2 in chips) 
Seat 3: Benny_M_13 ($1.70 in chips) 
Seat 4: BezDopinga ($0.95 in chips) 
Seat 5: Prince Mantis ($7.57 in chips) 
Seat 6: J@hR@st@f@ri ($0.91 in chips) 
Seat 7: Dorex2007 ($2.03 in chips) 
Seat 8: tweetyteewt ($4.25 in chips) 
Seat 9: Sandslug ($2 in chips) 
Prince Mantis: posts small blind $0.01
J@hR@st@f@ri: posts big blind $0.02
*** HOLE CARDS ***
Dealt to Dorex2007 [7s 8c]
Dorex2007: folds 
tweetyteewt: folds 
Sandslug: folds 
nitramjr420: folds 
pinbotani: folds 
Benny_M_13: folds 
BezDopinga: folds 
Prince Mantis: folds 
Uncalled bet ($0.01) returned to J@hR@st@f@ri
J@hR@st@f@ri collected $0.02 from pot
J@hR@st@f@ri: doesn't show hand 
*** SUMMARY ***
Total pot $0.02 | Rake $0 
Seat 1: nitramjr420 folded before Flop (didn't bet)
Seat 2: pinbotani folded before Flop (didn't bet)
Seat 3: Benny_M_13 folded before Flop (didn't bet)
Seat 4: BezDopinga (button) folded before Flop (didn't bet)
Seat 5: Prince Mantis (small blind) folded before Flop
Seat 6: J@hR@st@f@ri (big blind) collected ($0.02)
Seat 7: Dorex2007 folded before Flop (didn't bet)
Seat 8: tweetyteewt folded before Flop (didn't bet)
Seat 9: Sandslug folded before Flop (didn't bet)



PokerStars Hand #232132376894:  Hold'em No Limit ($0.01/$0.02 USD) - 2021/12/11 10:31:24 PT [2021/12/11 13:31:24 ET]
Table 'Matar' 9-max Seat #5 is the button
Seat 1: nitramjr420 ($1.58 in chips) 
Seat 2: pinbotani ($2 in chips) 
Seat 3: Benny_M_13 ($1.70 in chips) 
Seat 4: BezDopinga ($0.95 in chips) 
Seat 5: Prince Mantis ($7.56 in chips) 
Seat 6: J@hR@st@f@ri ($0.92 in chips) 
Seat 7: Dorex2007 ($2.03 in chips) 
Seat 8: tweetyteewt ($4.25 in chips) 
Seat 9: Sandslug ($2 in chips) 
J@hR@st@f@ri: posts small blind $0.01
Dorex2007: posts big blind $0.02
*** HOLE CARDS ***
Dealt to Dorex2007 [9c Js]
tweetyteewt has timed out
tweetyteewt: folds 
Sandslug: folds 
nitramjr420: raises $0.05 to $0.07
pinbotani: folds 
Benny_M_13: raises $0.07 to $0.14
BezDopinga: folds 
Prince Mantis: folds 
J@hR@st@f@ri: calls $0.13
Dorex2007: folds 
nitramjr420: calls $0.07
*** FLOP *** [Td Qs 6c]
J@hR@st@f@ri: checks 
nitramjr420: bets $1.44 and is all-in
Benny_M_13: calls $1.44
J@hR@st@f@ri: folds 
*** TURN *** [Td Qs 6c] [3c]
*** RIVER *** [Td Qs 6c 3c] [9h]
*** SHOW DOWN ***
nitramjr420: shows [Kh Qc] (a pair of Queens)
Benny_M_13: shows [Ad Qh] (a pair of Queens - Ace kicker)
Benny_M_13 cashed out the hand for $2.71 | Cash Out Fee $0.03
*** SUMMARY ***
Total pot $3.32 | Rake $0.12 
Board [Td Qs 6c 3c 9h]
Seat 1: nitramjr420 showed [Kh Qc] and lost with a pair of Queens
Seat 2: pinbotani folded before Flop (didn't bet)
Seat 3: Benny_M_13 showed [Ad Qh] and won ($3.20) with a pair of Queens (pot not awarded as player cashed out)
Seat 4: BezDopinga folded before Flop (didn't bet)
Seat 5: Prince Mantis (button) folded before Flop (didn't bet)
Seat 6: J@hR@st@f@ri (small blind) folded on the Flop
Seat 7: Dorex2007 (big blind) folded before Flop
Seat 8: tweetyteewt folded before Flop (didn't bet)
Seat 9: Sandslug folded before Flop (didn't bet)



PokerStars Hand #232132416833:  Hold'em No Limit ($0.01/$0.02 USD) - 2021/12/11 10:32:18 PT [2021/12/11 13:32:18 ET]
Table 'Matar' 9-max Seat #6 is the button
Seat 2: pinbotani ($2 in chips) 
Seat 3: Benny_M_13 ($2.83 in chips) 
Seat 4: BezDopinga ($0.95 in chips) 
Seat 5: Prince Mantis ($7.56 in chips) 
Seat 6: J@hR@st@f@ri ($0.78 in chips) 
Seat 7: Dorex2007 ($2.01 in chips) 
Seat 8: tweetyteewt ($4.25 in chips) 
Seat 9: Sandslug ($2 in chips) 
Dorex2007: posts small blind $0.01
tweetyteewt: posts big blind $0.02
*** HOLE CARDS ***
Dealt to Dorex2007 [Jc Qh]
Sandslug: folds 
pinbotani: folds 
Benny_M_13: raises $0.02 to $0.04
BezDopinga: calls $0.04
Prince Mantis: folds 
J@hR@st@f@ri: calls $0.04
Dorex2007: raises $0.16 to $0.20
tweetyteewt: folds 
Benny_M_13: folds 
BezDopinga: folds 
J@hR@st@f@ri: folds 
Uncalled bet ($0.16) returned to Dorex2007
Dorex2007 collected $0.18 from pot
Dorex2007: doesn't show hand 
*** SUMMARY ***
Total pot $0.18 | Rake $0 
Seat 2: pinbotani folded before Flop (didn't bet)
Seat 3: Benny_M_13 folded before Flop
Seat 4: BezDopinga folded before Flop
Seat 5: Prince Mantis folded before Flop (didn't bet)
Seat 6: J@hR@st@f@ri (button) folded before Flop
Seat 7: Dorex2007 (small blind) collected ($0.18)
Seat 8: tweetyteewt (big blind) folded before Flop
Seat 9: Sandslug folded before Flop (didn't bet)



PokerStars Hand #232132436997:  Hold'em No Limit ($0.01/$0.02 USD) - 2021/12/11 10:32:55 PT [2021/12/11 13:32:55 ET]
Table 'Matar' 9-max Seat #7 is the button
Seat 1: nitramjr420 ($0.80 in chips) 
Seat 2: pinbotani ($2 in chips) 
Seat 3: Benny_M_13 ($2.79 in chips) 
Seat 4: BezDopinga ($0.91 in chips) 
Seat 5: Prince Mantis ($7.56 in chips) 
Seat 6: J@hR@st@f@ri ($0.74 in chips) 
Seat 7: Dorex2007 ($2.15 in chips) 
Seat 8: tweetyteewt ($4.23 in chips) 
Seat 9: Sandslug ($2 in chips) 
tweetyteewt: posts small blind $0.01
Sandslug: posts big blind $0.02
*** HOLE CARDS ***
Dealt to Dorex2007 [7h Ts]
nitramjr420: folds 
pinbotani: folds 
Benny_M_13: folds 
BezDopinga: folds 
Prince Mantis: raises $0.04 to $0.06
J@hR@st@f@ri: folds 
Dorex2007: folds 
tweetyteewt: calls $0.05
Sandslug: folds 
*** FLOP *** [9s Kc Kh]
tweetyteewt: checks 
Prince Mantis: checks 
*** TURN *** [9s Kc Kh] [Th]
tweetyteewt: checks 
Prince Mantis: checks 
*** RIVER *** [9s Kc Kh Th] [Jd]
tweetyteewt: checks 
Prince Mantis: checks 
*** SHOW DOWN ***
tweetyteewt: shows [As 2s] (a pair of Kings)
Prince Mantis: shows [Ah 8h] (a pair of Kings)
tweetyteewt collected $0.07 from pot
Prince Mantis collected $0.07 from pot
*** SUMMARY ***
Total pot $0.14 | Rake $0 
Board [9s Kc Kh Th Jd]
Seat 1: nitramjr420 folded before Flop (didn't bet)
Seat 2: pinbotani folded before Flop (didn't bet)
Seat 3: Benny_M_13 folded before Flop (didn't bet)
Seat 4: BezDopinga folded before Flop (didn't bet)
Seat 5: Prince Mantis showed [Ah 8h] and won ($0.07) with a pair of Kings
Seat 6: J@hR@st@f@ri folded before Flop (didn't bet)
Seat 7: Dorex2007 (button) folded before Flop (didn't bet)
Seat 8: tweetyteewt (small blind) showed [As 2s] and won ($0.07) with a pair of Kings
Seat 9: Sandslug (big blind) folded before Flop



PokerStars Hand #232132471383:  Hold'em No Limit ($0.01/$0.02 USD) - 2021/12/11 10:33:57 PT [2021/12/11 13:33:57 ET]
Table 'Matar' 9-max Seat #8 is the button
Seat 1: nitramjr420 ($0.80 in chips) 
Seat 2: pinbotani ($2 in chips) 
Seat 3: Benny_M_13 ($2.79 in chips) 
Seat 4: BezDopinga ($0.91 in chips) 
Seat 5: Prince Mantis ($7.57 in chips) 
Seat 6: J@hR@st@f@ri ($0.74 in chips) 
Seat 7: Dorex2007 ($2.15 in chips) 
Seat 8: tweetyteewt ($4.24 in chips) 
Seat 9: Sandslug ($2 in chips) 
Sandslug: posts small blind $0.01
nitramjr420: posts big blind $0.02
*** HOLE CARDS ***
Dealt to Dorex2007 [2d Ah]
pinbotani: folds 
Benny_M_13: folds 
BezDopinga: folds 
Prince Mantis: folds 
J@hR@st@f@ri: calls $0.02
Dorex2007: folds 
tweetyteewt: folds 
Sandslug: calls $0.01
nitramjr420: checks 
*** FLOP *** [9s 6d Jh]
Sandslug: bets $0.03
nitramjr420: folds 
J@hR@st@f@ri: calls $0.03
*** TURN *** [9s 6d Jh] [5d]
Sandslug: bets $0.06
J@hR@st@f@ri: calls $0.06
*** RIVER *** [9s 6d Jh 5d] [Kc]
Sandslug: bets $0.23
J@hR@st@f@ri: calls $0.23
*** SHOW DOWN ***
Sandslug: shows [7s 8s] (a straight, Five to Nine)
J@hR@st@f@ri: mucks hand 
Sandslug collected $0.68 from pot
*** SUMMARY ***
Total pot $0.70 | Rake $0.02 
Board [9s 6d Jh 5d Kc]
Seat 1: nitramjr420 (big blind) folded on the Flop
Seat 2: pinbotani folded before Flop (didn't bet)
Seat 3: Benny_M_13 folded before Flop (didn't bet)
Seat 4: BezDopinga folded before Flop (didn't bet)
Seat 5: Prince Mantis folded before Flop (didn't bet)
Seat 6: J@hR@st@f@ri mucked [Jd Ad]
Seat 7: Dorex2007 folded before Flop (didn't bet)
Seat 8: tweetyteewt (button) folded before Flop (didn't bet)
Seat 9: Sandslug (small blind) showed [7s 8s] and won ($0.68) with a straight, Five to Nine



PokerStars Hand #232132495058:  Hold'em No Limit ($0.01/$0.02 USD) - 2021/12/11 10:34:40 PT [2021/12/11 13:34:40 ET]
Table 'Matar' 9-max Seat #9 is the button
Seat 1: nitramjr420 ($0.78 in chips) 
Seat 2: pinbotani ($2 in chips) 
Seat 3: Benny_M_13 ($2.79 in chips) 
Seat 4: BezDopinga ($0.91 in chips) 
Seat 5: Prince Mantis ($7.57 in chips) 
Seat 6: J@hR@st@f@ri ($0.40 in chips) 
Seat 7: Dorex2007 ($2.15 in chips) 
Seat 8: tweetyteewt ($4.24 in chips) 
Seat 9: Sandslug ($2.34 in chips) 
nitramjr420: posts small blind $0.01
pinbotani: posts big blind $0.02
*** HOLE CARDS ***
Dealt to Dorex2007 [9h 9d]
Benny_M_13: raises $0.06 to $0.08
BezDopinga: calls $0.08
Prince Mantis: folds 
J@hR@st@f@ri: calls $0.08
Dorex2007: folds 
tweetyteewt: folds 
Sandslug: folds 
nitramjr420: folds 
pinbotani: folds 
*** FLOP *** [3h 7c 2d]
Benny_M_13: bets $0.06
BezDopinga: calls $0.06
J@hR@st@f@ri: calls $0.06
*** TURN *** [3h 7c 2d] [3s]
Benny_M_13: bets $0.08
BezDopinga: folds 
J@hR@st@f@ri: raises $0.18 to $0.26 and is all-in
Benny_M_13: calls $0.18
*** RIVER *** [3h 7c 2d 3s] [6d]
*** SHOW DOWN ***
Benny_M_13: shows [Qd Qs] (two pair, Queens and Threes)
J@hR@st@f@ri: shows [4d Ad] (a pair of Threes)
Benny_M_13 cashed out the hand for $0.79 | Cash Out Fee $0.01
*** SUMMARY ***
Total pot $0.97 | Rake $0.03 
Board [3h 7c 2d 3s 6d]
Seat 1: nitramjr420 (small blind) folded before Flop
Seat 2: pinbotani (big blind) folded before Flop
Seat 3: Benny_M_13 showed [Qd Qs] and won ($0.94) with two pair, Queens and Threes (pot not awarded as player cashed out)
Seat 4: BezDopinga folded on the Turn
Seat 5: Prince Mantis folded before Flop (didn't bet)
Seat 6: J@hR@st@f@ri showed [4d Ad] and lost with a pair of Threes
Seat 7: Dorex2007 folded before Flop (didn't bet)
Seat 8: tweetyteewt folded before Flop (didn't bet)
Seat 9: Sandslug (button) folded before Flop (didn't bet)



PokerStars Hand #232132527631:  Hold'em No Limit ($0.01/$0.02 USD) - 2021/12/11 10:35:37 PT [2021/12/11 13:35:37 ET]
Table 'Matar' 9-max Seat #1 is the button
Seat 1: nitramjr420 ($0.77 in chips) 
Seat 2: pinbotani ($2 in chips) 
Seat 3: Benny_M_13 ($3.18 in chips) 
Seat 4: BezDopinga ($0.77 in chips) 
Seat 5: Prince Mantis ($7.57 in chips) 
Seat 7: Dorex2007 ($2.15 in chips) 
Seat 8: tweetyteewt ($4.24 in chips) 
Seat 9: Sandslug ($2.34 in chips) 
pinbotani: posts small blind $0.01
Benny_M_13: posts big blind $0.02
*** HOLE CARDS ***
Dealt to Dorex2007 [Qs Td]
BezDopinga: folds 
Prince Mantis: folds 
Dorex2007: folds 
tweetyteewt: folds 
Sandslug: folds 
nitramjr420: folds 
pinbotani: folds 
Uncalled bet ($0.01) returned to Benny_M_13
Benny_M_13 collected $0.02 from pot
Benny_M_13: doesn't show hand 
*** SUMMARY ***
Total pot $0.02 | Rake $0 
Seat 1: nitramjr420 (button) folded before Flop (didn't bet)
Seat 2: pinbotani (small blind) folded before Flop
Seat 3: Benny_M_13 (big blind) collected ($0.02)
Seat 4: BezDopinga folded before Flop (didn't bet)
Seat 5: Prince Mantis folded before Flop (didn't bet)
Seat 7: Dorex2007 folded before Flop (didn't bet)
Seat 8: tweetyteewt folded before Flop (didn't bet)
Seat 9: Sandslug folded before Flop (didn't bet)



PokerStars Hand #232132532715:  Hold'em No Limit ($0.01/$0.02 USD) - 2021/12/11 10:35:46 PT [2021/12/11 13:35:46 ET]
Table 'Matar' 9-max Seat #2 is the button
Seat 1: nitramjr420 ($0.77 in chips) 
Seat 2: pinbotani ($2 in chips) 
Seat 3: Benny_M_13 ($3.19 in chips) 
Seat 4: BezDopinga ($0.77 in chips) 
Seat 5: Prince Mantis ($7.57 in chips) 
Seat 7: Dorex2007 ($2.15 in chips) 
Seat 8: tweetyteewt ($4.24 in chips) 
Seat 9: Sandslug ($2.34 in chips) 
Benny_M_13: posts small blind $0.01
BezDopinga: posts big blind $0.02
*** HOLE CARDS ***
Dealt to Dorex2007 [6c 8c]
J@hR@st@f@ri leaves the table
Prince Mantis: folds 
Dorex2007: folds 
tweetyteewt: folds 
Sandslug: folds 
nitramjr420: folds 
pinbotani: raises $0.04 to $0.06
Benny_M_13: folds 
weverson315 joins the table at seat #6 
BezDopinga: folds 
Uncalled bet ($0.04) returned to pinbotani
pinbotani collected $0.05 from pot
pinbotani: doesn't show hand 
*** SUMMARY ***
Total pot $0.05 | Rake $0 
Seat 1: nitramjr420 folded before Flop (didn't bet)
Seat 2: pinbotani (button) collected ($0.05)
Seat 3: Benny_M_13 (small blind) folded before Flop
Seat 4: BezDopinga (big blind) folded before Flop
Seat 5: Prince Mantis folded before Flop (didn't bet)
Seat 7: Dorex2007 folded before Flop (didn't bet)
Seat 8: tweetyteewt folded before Flop (didn't bet)
Seat 9: Sandslug folded before Flop (didn't bet)



PokerStars Hand #232132540677:  Hold'em No Limit ($0.01/$0.02 USD) - 2021/12/11 10:36:00 PT [2021/12/11 13:36:00 ET]
Table 'Matar' 9-max Seat #3 is the button
Seat 1: nitramjr420 ($0.77 in chips) 
Seat 2: pinbotani ($2.03 in chips) 
Seat 3: Benny_M_13 ($3.18 in chips) 
Seat 4: BezDopinga ($0.75 in chips) 
Seat 5: Prince Mantis ($7.57 in chips) 
Seat 7: Dorex2007 ($2.15 in chips) 
Seat 8: tweetyteewt ($4.24 in chips) 
Seat 9: Sandslug ($2.34 in chips) 
BezDopinga: posts small blind $0.01
Prince Mantis: posts big blind $0.02
weverson315: sits out 
*** HOLE CARDS ***
Dealt to Dorex2007 [9h 3h]
Dorex2007: folds 
tweetyteewt: folds 
Sandslug: raises $0.04 to $0.06
nitramjr420: folds 
pinbotani: folds 
Benny_M_13: folds 
BezDopinga: folds 
Prince Mantis: folds 
Uncalled bet ($0.04) returned to Sandslug
Sandslug collected $0.05 from pot
*** SUMMARY ***
Total pot $0.05 | Rake $0 
Seat 1: nitramjr420 folded before Flop (didn't bet)
Seat 2: pinbotani folded before Flop (didn't bet)
Seat 3: Benny_M_13 (button) folded before Flop (didn't bet)
Seat 4: BezDopinga (small blind) folded before Flop
Seat 5: Prince Mantis (big blind) folded before Flop
Seat 7: Dorex2007 folded before Flop (didn't bet)
Seat 8: tweetyteewt folded before Flop (didn't bet)
Seat 9: Sandslug collected ($0.05)



PokerStars Hand #232132554121:  Hold'em No Limit ($0.01/$0.02 USD) - 2021/12/11 10:36:25 PT [2021/12/11 13:36:25 ET]
Table 'Matar' 9-max Seat #4 is the button
Seat 1: nitramjr420 ($0.77 in chips) 
Seat 2: pinbotani ($2.03 in chips) 
Seat 3: Benny_M_13 ($3.18 in chips) 
Seat 4: BezDopinga ($0.74 in chips) 
Seat 5: Prince Mantis ($7.55 in chips) 
Seat 6: weverson315 ($2 in chips) 
Seat 7: Dorex2007 ($2.15 in chips) 
Seat 8: tweetyteewt ($4.24 in chips) 
Seat 9: Sandslug ($2.37 in chips) 
Prince Mantis: posts small blind $0.01
weverson315: posts big blind $0.02
*** HOLE CARDS ***
Dealt to Dorex2007 [Ad 7c]
Dorex2007: folds 
tweetyteewt: folds 
Sandslug: raises $0.02 to $0.04
nitramjr420: calls $0.04
pinbotani: folds 
Benny_M_13: folds 
BezDopinga: folds 
Prince Mantis: raises $0.18 to $0.22
weverson315: folds 
Sandslug: folds 
nitramjr420: calls $0.18
*** FLOP *** [Jh 2s 8s]
Prince Mantis: bets $7.33 and is all-in
nitramjr420: folds 
Uncalled bet ($7.33) returned to Prince Mantis
Prince Mantis collected $0.48 from pot
Prince Mantis: doesn't show hand 
*** SUMMARY ***
Total pot $0.50 | Rake $0.02 
Board [Jh 2s 8s]
Seat 1: nitramjr420 folded on the Flop
Seat 2: pinbotani folded before Flop (didn't bet)
Seat 3: Benny_M_13 folded before Flop (didn't bet)
Seat 4: BezDopinga (button) folded before Flop (didn't bet)
Seat 5: Prince Mantis (small blind) collected ($0.48)
Seat 6: weverson315 (big blind) folded before Flop
Seat 7: Dorex2007 folded before Flop (didn't bet)
Seat 8: tweetyteewt folded before Flop (didn't bet)
Seat 9: Sandslug folded before Flop



PokerStars Hand #232132577976:  Hold'em No Limit ($0.01/$0.02 USD) - 2021/12/11 10:37:08 PT [2021/12/11 13:37:08 ET]
Table 'Matar' 9-max Seat #5 is the button
Seat 1: nitramjr420 ($0.55 in chips) 
Seat 2: pinbotani ($2.03 in chips) 
Seat 3: Benny_M_13 ($3.18 in chips) 
Seat 4: BezDopinga ($0.74 in chips) 
Seat 5: Prince Mantis ($7.81 in chips) 
Seat 6: weverson315 ($1.98 in chips) 
Seat 7: Dorex2007 ($2.15 in chips) 
Seat 8: tweetyteewt ($4.24 in chips) 
Seat 9: Sandslug ($2.33 in chips) 
weverson315: posts small blind $0.01
Dorex2007: posts big blind $0.02
*** HOLE CARDS ***
Dealt to Dorex2007 [9h 9c]
tweetyteewt: raises $0.02 to $0.04
Sandslug: folds 
nitramjr420: folds 
pinbotani: folds 
Benny_M_13: folds 
BezDopinga: folds 
Prince Mantis: calls $0.04
weverson315: calls $0.03
Dorex2007: calls $0.02
*** FLOP *** [Th Kh 7h]
weverson315: checks 
Dorex2007: checks 
tweetyteewt: checks 
Prince Mantis: bets $0.09
weverson315: calls $0.09
Dorex2007: calls $0.09
tweetyteewt: folds 
*** TURN *** [Th Kh 7h] [Ah]
weverson315: checks 
Dorex2007: checks 
Prince Mantis: checks 
*** RIVER *** [Th Kh 7h Ah] [Jh]
weverson315: checks 
Dorex2007: bets $0.41
Prince Mantis: folds 
weverson315: folds 
Uncalled bet ($0.41) returned to Dorex2007
Dorex2007 collected $0.41 from pot
Dorex2007: doesn't show hand 
*** SUMMARY ***
Total pot $0.43 | Rake $0.02 
Board [Th Kh 7h Ah Jh]
Seat 1: nitramjr420 folded before Flop (didn't bet)
Seat 2: pinbotani folded before Flop (didn't bet)
Seat 3: Benny_M_13 folded before Flop (didn't bet)
Seat 4: BezDopinga folded before Flop (didn't bet)
Seat 5: Prince Mantis (button) folded on the River
Seat 6: weverson315 (small blind) folded on the River
Seat 7: Dorex2007 (big blind) collected ($0.41)
Seat 8: tweetyteewt folded on the Flop
Seat 9: Sandslug folded before Flop (didn't bet)



PokerStars Hand #232132619897:  Hold'em No Limit ($0.01/$0.02 USD) - 2021/12/11 10:38:24 PT [2021/12/11 13:38:24 ET]
Table 'Matar' 9-max Seat #6 is the button
Seat 1: nitramjr420 ($0.55 in chips) 
Seat 2: pinbotani ($2.03 in chips) 
Seat 3: Benny_M_13 ($3.18 in chips) 
Seat 4: BezDopinga ($0.74 in chips) 
Seat 5: Prince Mantis ($7.68 in chips) 
Seat 6: weverson315 ($1.85 in chips) 
Seat 7: Dorex2007 ($2.43 in chips) 
Seat 8: tweetyteewt ($4.20 in chips) 
Seat 9: Sandslug ($2.33 in chips) 
Dorex2007: posts small blind $0.01
tweetyteewt: posts big blind $0.02
*** HOLE CARDS ***
Dealt to Dorex2007 [6h Jd]
Sandslug has timed out
Sandslug: folds 
nitramjr420: folds 
pinbotani: folds 
Benny_M_13: raises $0.06 to $0.08
BezDopinga: folds 
Prince Mantis: calls $0.08
weverson315: calls $0.08
Dorex2007: folds 
tweetyteewt: folds 
*** FLOP *** [Tc Qd Ks]
Benny_M_13: checks 
Prince Mantis: checks 
weverson315: checks 
*** TURN *** [Tc Qd Ks] [9h]
Benny_M_13: bets $0.26
Prince Mantis: folds 
weverson315: folds 
Uncalled bet ($0.26) returned to Benny_M_13
Benny_M_13 collected $0.26 from pot
Benny_M_13: doesn't show hand 
*** SUMMARY ***
Total pot $0.27 | Rake $0.01 
Board [Tc Qd Ks 9h]
Seat 1: nitramjr420 folded before Flop (didn't bet)
Seat 2: pinbotani folded before Flop (didn't bet)
Seat 3: Benny_M_13 collected ($0.26)
Seat 4: BezDopinga folded before Flop (didn't bet)
Seat 5: Prince Mantis folded on the Turn
Seat 6: weverson315 (button) folded on the Turn
Seat 7: Dorex2007 (small blind) folded before Flop
Seat 8: tweetyteewt (big blind) folded before Flop
Seat 9: Sandslug folded before Flop (didn't bet)



PokerStars Hand #232132646531:  Hold'em No Limit ($0.01/$0.02 USD) - 2021/12/11 10:39:13 PT [2021/12/11 13:39:13 ET]
Table 'Matar' 9-max Seat #7 is the button
Seat 1: nitramjr420 ($0.55 in chips) 
Seat 2: pinbotani ($2.03 in chips) 
Seat 3: Benny_M_13 ($3.36 in chips) 
Seat 4: BezDopinga ($0.74 in chips) 
Seat 5: Prince Mantis ($7.60 in chips) 
Seat 6: weverson315 ($1.77 in chips) 
Seat 7: Dorex2007 ($2.42 in chips) 
Seat 8: tweetyteewt ($4.18 in chips) 
Seat 9: Sandslug ($2.33 in chips) 
tweetyteewt: posts small blind $0.01
Sandslug: posts big blind $0.02
*** HOLE CARDS ***
Dealt to Dorex2007 [3h 5d]
nitramjr420: folds 
pinbotani: folds 
Benny_M_13: folds 
BezDopinga: folds 
Prince Mantis: folds 
weverson315: folds 
Dorex2007: folds 
tweetyteewt: raises $0.02 to $0.04
Sandslug: folds 
Uncalled bet ($0.02) returned to tweetyteewt
tweetyteewt collected $0.04 from pot
tweetyteewt: doesn't show hand 
*** SUMMARY ***
Total pot $0.04 | Rake $0 
Seat 1: nitramjr420 folded before Flop (didn't bet)
Seat 2: pinbotani folded before Flop (didn't bet)
Seat 3: Benny_M_13 folded before Flop (didn't bet)
Seat 4: BezDopinga folded before Flop (didn't bet)
Seat 5: Prince Mantis folded before Flop (didn't bet)
Seat 6: weverson315 folded before Flop (didn't bet)
Seat 7: Dorex2007 (button) folded before Flop (didn't bet)
Seat 8: tweetyteewt (small blind) collected ($0.04)
Seat 9: Sandslug (big blind) folded before Flop



PokerStars Hand #232132655832:  Hold'em No Limit ($0.01/$0.02 USD) - 2021/12/11 10:39:30 PT [2021/12/11 13:39:30 ET]
Table 'Matar' 9-max Seat #8 is the button
Seat 1: nitramjr420 ($0.55 in chips) 
Seat 2: pinbotani ($2.03 in chips) 
Seat 3: Benny_M_13 ($3.36 in chips) 
Seat 4: BezDopinga ($0.74 in chips) 
Seat 5: Prince Mantis ($7.60 in chips) 
Seat 6: weverson315 ($1.77 in chips) 
Seat 7: Dorex2007 ($2.42 in chips) 
Seat 8: tweetyteewt ($4.20 in chips) 
Seat 9: Sandslug ($2.31 in chips) 
Sandslug: posts small blind $0.01
nitramjr420: posts big blind $0.02
*** HOLE CARDS ***
Dealt to Dorex2007 [6s Ah]
pinbotani: raises $0.04 to $0.06
Benny_M_13: folds 
BezDopinga: folds 
Prince Mantis: folds 
weverson315: folds 
Dorex2007: folds 
tweetyteewt: folds 
Sandslug: folds 
nitramjr420: folds 
Uncalled bet ($0.04) returned to pinbotani
pinbotani collected $0.05 from pot
pinbotani: doesn't show hand 
*** SUMMARY ***
Total pot $0.05 | Rake $0 
Seat 1: nitramjr420 (big blind) folded before Flop
Seat 2: pinbotani collected ($0.05)
Seat 3: Benny_M_13 folded before Flop (didn't bet)
Seat 4: BezDopinga folded before Flop (didn't bet)
Seat 5: Prince Mantis folded before Flop (didn't bet)
Seat 6: weverson315 folded before Flop (didn't bet)
Seat 7: Dorex2007 folded before Flop (didn't bet)
Seat 8: tweetyteewt (button) folded before Flop (didn't bet)
Seat 9: Sandslug (small blind) folded before Flop



PokerStars Hand #232132665143:  Hold'em No Limit ($0.01/$0.02 USD) - 2021/12/11 10:39:47 PT [2021/12/11 13:39:47 ET]
Table 'Matar' 9-max Seat #9 is the button
Seat 1: nitramjr420 ($0.53 in chips) 
Seat 2: pinbotani ($2.06 in chips) 
Seat 3: Benny_M_13 ($3.36 in chips) 
Seat 4: BezDopinga ($0.74 in chips) 
Seat 5: Prince Mantis ($7.60 in chips) 
Seat 6: weverson315 ($1.77 in chips) 
Seat 7: Dorex2007 ($2.42 in chips) 
Seat 8: tweetyteewt ($4.20 in chips) 
Seat 9: Sandslug ($2.30 in chips) 
nitramjr420: posts small blind $0.01
pinbotani: posts big blind $0.02
*** HOLE CARDS ***
Dealt to Dorex2007 [Jh Ts]
Benny_M_13: folds 
BezDopinga: folds 
Prince Mantis: folds 
weverson315: calls $0.02
Dorex2007: folds 
tweetyteewt: folds 
Sandslug: folds 
nitramjr420: folds 
pinbotani: checks 
*** FLOP *** [Qc Th 6s]
pinbotani: checks 
weverson315: checks 
*** TURN *** [Qc Th 6s] [7s]
pinbotani: checks 
weverson315: checks 
*** RIVER *** [Qc Th 6s 7s] [8d]
pinbotani: checks 
weverson315: bets $0.02
pinbotani: folds 
Uncalled bet ($0.02) returned to weverson315
weverson315 collected $0.05 from pot
weverson315: doesn't show hand 
*** SUMMARY ***
Total pot $0.05 | Rake $0 
Board [Qc Th 6s 7s 8d]
Seat 1: nitramjr420 (small blind) folded before Flop
Seat 2: pinbotani (big blind) folded on the River
Seat 3: Benny_M_13 folded before Flop (didn't bet)
Seat 4: BezDopinga folded before Flop (didn't bet)
Seat 5: Prince Mantis folded before Flop (didn't bet)
Seat 6: weverson315 collected ($0.05)
Seat 7: Dorex2007 folded before Flop (didn't bet)
Seat 8: tweetyteewt folded before Flop (didn't bet)
Seat 9: Sandslug (button) folded before Flop (didn't bet)



PokerStars Hand #232132684206:  Hold'em No Limit ($0.01/$0.02 USD) - 2021/12/11 10:40:19 PT [2021/12/11 13:40:19 ET]
Table 'Matar' 9-max Seat #1 is the button
Seat 1: nitramjr420 ($0.52 in chips) 
Seat 2: pinbotani ($2.04 in chips) 
Seat 3: Benny_M_13 ($3.36 in chips) 
Seat 4: BezDopinga ($0.74 in chips) 
Seat 5: Prince Mantis ($7.60 in chips) 
Seat 6: weverson315 ($1.80 in chips) 
Seat 7: Dorex2007 ($2.42 in chips) 
Seat 8: tweetyteewt ($4.20 in chips) 
Seat 9: Sandslug ($2.30 in chips) 
pinbotani: posts small blind $0.01
Benny_M_13: posts big blind $0.02
*** HOLE CARDS ***
Dealt to Dorex2007 [4d Qs]
BezDopinga: folds 
Prince Mantis: raises $0.04 to $0.06
weverson315: folds 
Dorex2007: folds 
tweetyteewt: folds 
Sandslug: folds 
nitramjr420: folds 
pinbotani: folds 
Benny_M_13: folds 
Uncalled bet ($0.04) returned to Prince Mantis
Prince Mantis collected $0.05 from pot
Prince Mantis: doesn't show hand 
*** SUMMARY ***
Total pot $0.05 | Rake $0 
Seat 1: nitramjr420 (button) folded before Flop (didn't bet)
Seat 2: pinbotani (small blind) folded before Flop
Seat 3: Benny_M_13 (big blind) folded before Flop
Seat 4: BezDopinga folded before Flop (didn't bet)
Seat 5: Prince Mantis collected ($0.05)
Seat 6: weverson315 folded before Flop (didn't bet)
Seat 7: Dorex2007 folded before Flop (didn't bet)
Seat 8: tweetyteewt folded before Flop (didn't bet)
Seat 9: Sandslug folded before Flop (didn't bet)



PokerStars Hand #232132698614:  Hold'em No Limit ($0.01/$0.02 USD) - 2021/12/11 10:40:45 PT [2021/12/11 13:40:45 ET]
Table 'Matar' 9-max Seat #2 is the button
Seat 1: nitramjr420 ($0.52 in chips) 
Seat 2: pinbotani ($2.03 in chips) 
Seat 3: Benny_M_13 ($3.34 in chips) 
Seat 4: BezDopinga ($0.74 in chips) 
Seat 5: Prince Mantis ($7.63 in chips) 
Seat 6: weverson315 ($1.80 in chips) 
Seat 7: Dorex2007 ($2.42 in chips) 
Seat 8: tweetyteewt ($4.20 in chips) 
Seat 9: Sandslug ($2.30 in chips) 
Benny_M_13: posts small blind $0.01
BezDopinga: posts big blind $0.02
*** HOLE CARDS ***
Dealt to Dorex2007 [Qs Ah]
Prince Mantis: folds 
weverson315: calls $0.02
Dorex2007: raises $0.04 to $0.06
tweetyteewt: folds 
Sandslug: folds 
nitramjr420: folds 
pinbotani: raises $0.16 to $0.22
Benny_M_13: folds 
BezDopinga: folds 
weverson315: folds 
Dorex2007: folds 
Uncalled bet ($0.16) returned to pinbotani
pinbotani collected $0.17 from pot
pinbotani: doesn't show hand 
*** SUMMARY ***
Total pot $0.17 | Rake $0 
Seat 1: nitramjr420 folded before Flop (didn't bet)
Seat 2: pinbotani (button) collected ($0.17)
Seat 3: Benny_M_13 (small blind) folded before Flop
Seat 4: BezDopinga (big blind) folded before Flop
Seat 5: Prince Mantis folded before Flop (didn't bet)
Seat 6: weverson315 folded before Flop
Seat 7: Dorex2007 folded before Flop
Seat 8: tweetyteewt folded before Flop (didn't bet)
Seat 9: Sandslug folded before Flop (didn't bet)



PokerStars Hand #232132721695:  Hold'em No Limit ($0.01/$0.02 USD) - 2021/12/11 10:41:28 PT [2021/12/11 13:41:28 ET]
Table 'Matar' 9-max Seat #3 is the button
Seat 1: nitramjr420 ($0.52 in chips) 
Seat 2: pinbotani ($2.14 in chips) 
Seat 3: Benny_M_13 ($3.33 in chips) 
Seat 4: BezDopinga ($0.72 in chips) 
Seat 5: Prince Mantis ($7.63 in chips) 
Seat 6: weverson315 ($1.78 in chips) 
Seat 7: Dorex2007 ($2.36 in chips) 
Seat 8: tweetyteewt ($4.20 in chips) 
Seat 9: Sandslug ($2.30 in chips) 
BezDopinga: posts small blind $0.01
Prince Mantis: posts big blind $0.02
*** HOLE CARDS ***
Dealt to Dorex2007 [5c As]
weverson315: calls $0.02
Dorex2007: folds 
tweetyteewt: folds 
Sandslug: folds 
nitramjr420: folds 
pinbotani: folds 
Benny_M_13: calls $0.02
BezDopinga: folds 
Prince Mantis: checks 
*** FLOP *** [7h Qs Js]
Prince Mantis: checks 
weverson315: checks 
Benny_M_13: bets $0.04
Prince Mantis: folds 
weverson315: calls $0.04
*** TURN *** [7h Qs Js] [7d]
weverson315: checks 
Benny_M_13: bets $0.04
weverson315: raises $0.04 to $0.08
Benny_M_13: calls $0.04
*** RIVER *** [7h Qs Js 7d] [6c]
weverson315: checks 
Benny_M_13: checks 
*** SHOW DOWN ***
weverson315: shows [7s 6s] (a full house, Sevens full of Sixes)
Benny_M_13: mucks hand 
weverson315 collected $0.30 from pot
*** SUMMARY ***
Total pot $0.31 | Rake $0.01 
Board [7h Qs Js 7d 6c]
Seat 1: nitramjr420 folded before Flop (didn't bet)
Seat 2: pinbotani folded before Flop (didn't bet)
Seat 3: Benny_M_13 (button) mucked [Jd Kc]
Seat 4: BezDopinga (small blind) folded before Flop
Seat 5: Prince Mantis (big blind) folded on the Flop
Seat 6: weverson315 showed [7s 6s] and won ($0.30) with a full house, Sevens full of Sixes
Seat 7: Dorex2007 folded before Flop (didn't bet)
Seat 8: tweetyteewt folded before Flop (didn't bet)
Seat 9: Sandslug folded before Flop (didn't bet)



PokerStars Hand #232132750812:  Hold'em No Limit ($0.01/$0.02 USD) - 2021/12/11 10:42:21 PT [2021/12/11 13:42:21 ET]
Table 'Matar' 9-max Seat #4 is the button
Seat 1: nitramjr420 ($0.52 in chips) 
Seat 2: pinbotani ($2.14 in chips) 
Seat 3: Benny_M_13 ($3.19 in chips) 
Seat 4: BezDopinga ($0.71 in chips) 
Seat 5: Prince Mantis ($7.61 in chips) 
Seat 6: weverson315 ($1.94 in chips) 
Seat 7: Dorex2007 ($2.36 in chips) 
Seat 8: tweetyteewt ($4.20 in chips) 
Seat 9: Sandslug ($2.30 in chips) 
Prince Mantis: posts small blind $0.01
weverson315: posts big blind $0.02
*** HOLE CARDS ***
Dealt to Dorex2007 [Jh 2c]
Dorex2007: folds 
tweetyteewt: raises $0.02 to $0.04
Sandslug: calls $0.04
nitramjr420: folds 
pinbotani: folds 
Benny_M_13: calls $0.04
BezDopinga: folds 
Prince Mantis: folds 
weverson315: calls $0.02
*** FLOP *** [5c 7c As]
weverson315: checks 
tweetyteewt: bets $0.09
Sandslug: folds 
Benny_M_13: calls $0.09
weverson315: calls $0.09
*** TURN *** [5c 7c As] [3h]
weverson315: checks 
tweetyteewt: bets $0.23
Benny_M_13: folds 
weverson315: calls $0.23
*** RIVER *** [5c 7c As 3h] [Js]
weverson315: checks 
tweetyteewt: checks 
*** SHOW DOWN ***
weverson315: shows [Tc 9c] (high card Ace)
tweetyteewt: shows [Ah Ks] (a pair of Aces)
tweetyteewt collected $0.87 from pot
*** SUMMARY ***
Total pot $0.90 | Rake $0.03 
Board [5c 7c As 3h Js]
Seat 1: nitramjr420 folded before Flop (didn't bet)
Seat 2: pinbotani folded before Flop (didn't bet)
Seat 3: Benny_M_13 folded on the Turn
Seat 4: BezDopinga (button) folded before Flop (didn't bet)
Seat 5: Prince Mantis (small blind) folded before Flop
Seat 6: weverson315 (big blind) showed [Tc 9c] and lost with high card Ace
Seat 7: Dorex2007 folded before Flop (didn't bet)
Seat 8: tweetyteewt showed [Ah Ks] and won ($0.87) with a pair of Aces
Seat 9: Sandslug folded on the Flop



PokerStars Hand #232132778246:  Hold'em No Limit ($0.01/$0.02 USD) - 2021/12/11 10:43:11 PT [2021/12/11 13:43:11 ET]
Table 'Matar' 9-max Seat #5 is the button
Seat 1: nitramjr420 ($0.52 in chips) 
Seat 2: pinbotani ($2.14 in chips) 
Seat 3: Benny_M_13 ($3.06 in chips) 
Seat 4: BezDopinga ($0.71 in chips) 
Seat 5: Prince Mantis ($7.60 in chips) 
Seat 6: weverson315 ($1.58 in chips) 
Seat 7: Dorex2007 ($2.36 in chips) 
Seat 8: tweetyteewt ($4.71 in chips) 
Seat 9: Sandslug ($2.26 in chips) 
weverson315: posts small blind $0.01
Dorex2007: posts big blind $0.02
*** HOLE CARDS ***
Dealt to Dorex2007 [2s Ad]
tweetyteewt: folds 
Sandslug: folds 
nitramjr420: folds 
pinbotani: folds 
Benny_M_13: folds 
BezDopinga: folds 
Prince Mantis: raises $0.03 to $0.05
weverson315: calls $0.04
Dorex2007: folds 
*** FLOP *** [Ts 3d As]
weverson315: checks 
Prince Mantis: checks 
*** TURN *** [Ts 3d As] [9h]
weverson315: bets $0.10
Prince Mantis: calls $0.10
*** RIVER *** [Ts 3d As 9h] [Qh]
weverson315: bets $0.20
Prince Mantis: calls $0.20
*** SHOW DOWN ***
weverson315: shows [3s Ac] (two pair, Aces and Threes)
Prince Mantis: mucks hand 
weverson315 collected $0.69 from pot
*** SUMMARY ***
Total pot $0.72 | Rake $0.03 
Board [Ts 3d As 9h Qh]
Seat 1: nitramjr420 folded before Flop (didn't bet)
Seat 2: pinbotani folded before Flop (didn't bet)
Seat 3: Benny_M_13 folded before Flop (didn't bet)
Seat 4: BezDopinga folded before Flop (didn't bet)
Seat 5: Prince Mantis (button) mucked [Td Jh]
Seat 6: weverson315 (small blind) showed [3s Ac] and won ($0.69) with two pair, Aces and Threes
Seat 7: Dorex2007 (big blind) folded before Flop
Seat 8: tweetyteewt folded before Flop (didn't bet)
Seat 9: Sandslug folded before Flop (didn't bet)



PokerStars Hand #232132831965:  Hold'em No Limit ($0.01/$0.02 USD) - 2021/12/11 10:44:49 PT [2021/12/11 13:44:49 ET]
Table 'Matar' 9-max Seat #6 is the button
Seat 1: nitramjr420 ($0.52 in chips) 
Seat 2: pinbotani ($2.14 in chips) 
Seat 3: Benny_M_13 ($3.06 in chips) 
Seat 4: BezDopinga ($0.71 in chips) 
Seat 5: Prince Mantis ($7.25 in chips) 
Seat 6: weverson315 ($1.92 in chips) 
Seat 7: Dorex2007 ($2.34 in chips) 
Seat 8: tweetyteewt ($4.71 in chips) 
Seat 9: Sandslug ($2.26 in chips) 
Dorex2007: posts small blind $0.01
tweetyteewt: posts big blind $0.02
*** HOLE CARDS ***
Dealt to Dorex2007 [Jh Qh]
Sandslug: folds 
nitramjr420: folds 
pinbotani: raises $0.04 to $0.06
Benny_M_13: calls $0.06
BezDopinga: folds 
Prince Mantis: folds 
weverson315: folds 
Dorex2007: calls $0.05
tweetyteewt: folds 
*** FLOP *** [9c 5h 3s]
Dorex2007: checks 
pinbotani: checks 
Benny_M_13: bets $0.10
Dorex2007: folds 
pinbotani: folds 
Uncalled bet ($0.10) returned to Benny_M_13
Benny_M_13 collected $0.19 from pot
Benny_M_13: doesn't show hand 
*** SUMMARY ***
Total pot $0.20 | Rake $0.01 
Board [9c 5h 3s]
Seat 1: nitramjr420 folded before Flop (didn't bet)
Seat 2: pinbotani folded on the Flop
Seat 3: Benny_M_13 collected ($0.19)
Seat 4: BezDopinga folded before Flop (didn't bet)
Seat 5: Prince Mantis folded before Flop (didn't bet)
Seat 6: weverson315 (button) folded before Flop (didn't bet)
Seat 7: Dorex2007 (small blind) folded on the Flop
Seat 8: tweetyteewt (big blind) folded before Flop
Seat 9: Sandslug folded before Flop (didn't bet)



PokerStars Hand #232132853387:  Hold'em No Limit ($0.01/$0.02 USD) - 2021/12/11 10:45:22 PT [2021/12/11 13:45:22 ET]
Table 'Matar' 9-max Seat #7 is the button
Seat 1: nitramjr420 ($0.52 in chips) 
Seat 2: pinbotani ($2.08 in chips) 
Seat 3: Benny_M_13 ($3.19 in chips) 
Seat 4: BezDopinga ($0.71 in chips) 
Seat 5: Prince Mantis ($7.25 in chips) 
Seat 6: weverson315 ($1.92 in chips) 
Seat 7: Dorex2007 ($2.28 in chips) 
Seat 8: tweetyteewt ($4.69 in chips) 
Seat 9: Sandslug ($2.26 in chips) 
tweetyteewt: posts small blind $0.01
Sandslug: posts big blind $0.02
*** HOLE CARDS ***
Dealt to Dorex2007 [5h 8c]
nitramjr420: folds 
pinbotani: folds 
Benny_M_13: folds 
BezDopinga: calls $0.02
Prince Mantis: folds 
weverson315: calls $0.02
Dorex2007: folds 
tweetyteewt: folds 
Sandslug: checks 
*** FLOP *** [5s Ad 9s]
Sandslug: checks 
BezDopinga: checks 
weverson315: checks 
*** TURN *** [5s Ad 9s] [7h]
Sandslug: checks 
BezDopinga: checks 
weverson315: checks 
*** RIVER *** [5s Ad 9s 7h] [As]
Sandslug: checks 
BezDopinga: checks 
weverson315: checks 
*** SHOW DOWN ***
Sandslug: shows [3c 8h] (a pair of Aces)
BezDopinga: shows [Tc Ks] (a pair of Aces - King kicker)
weverson315: mucks hand 
BezDopinga collected $0.07 from pot
*** SUMMARY ***
Total pot $0.07 | Rake $0 
Board [5s Ad 9s 7h As]
Seat 1: nitramjr420 folded before Flop (didn't bet)
Seat 2: pinbotani folded before Flop (didn't bet)
Seat 3: Benny_M_13 folded before Flop (didn't bet)
Seat 4: BezDopinga showed [Tc Ks] and won ($0.07) with a pair of Aces
Seat 5: Prince Mantis folded before Flop (didn't bet)
Seat 6: weverson315 mucked [Jc Qs]
Seat 7: Dorex2007 (button) folded before Flop (didn't bet)
Seat 8: tweetyteewt (small blind) folded before Flop
Seat 9: Sandslug (big blind) showed [3c 8h] and lost with a pair of Aces



PokerStars Hand #232132876043:  Hold'em No Limit ($0.01/$0.02 USD) - 2021/12/11 10:46:04 PT [2021/12/11 13:46:04 ET]
Table 'Matar' 9-max Seat #8 is the button
Seat 1: nitramjr420 ($0.52 in chips) 
Seat 2: pinbotani ($2.08 in chips) 
Seat 3: Benny_M_13 ($3.19 in chips) 
Seat 4: BezDopinga ($0.76 in chips) 
Seat 5: Prince Mantis ($7.25 in chips) 
Seat 6: weverson315 ($1.90 in chips) 
Seat 7: Dorex2007 ($2.28 in chips) 
Seat 8: tweetyteewt ($4.68 in chips) 
Seat 9: Sandslug ($2.24 in chips) 
Sandslug: posts small blind $0.01
nitramjr420: posts big blind $0.02
*** HOLE CARDS ***
Dealt to Dorex2007 [3s 4s]
pinbotani: folds 
Benny_M_13: folds 
BezDopinga: folds 
Prince Mantis: raises $0.04 to $0.06
weverson315: calls $0.06
Dorex2007: folds 
tweetyteewt: folds 
Sandslug: folds 
nitramjr420: folds 
*** FLOP *** [2d Tc 4c]
Prince Mantis: bets $0.08
weverson315: calls $0.08
*** TURN *** [2d Tc 4c] [5h]
Prince Mantis: bets $0.18
weverson315: calls $0.18
*** RIVER *** [2d Tc 4c 5h] [8s]
Prince Mantis: bets $6.93 and is all-in
weverson315: calls $1.58 and is all-in
Uncalled bet ($5.35) returned to Prince Mantis
*** SHOW DOWN ***
Prince Mantis: shows [8h 8c] (three of a kind, Eights)
weverson315: shows [Td As] (a pair of Tens)
Prince Mantis collected $3.70 from pot
*** SUMMARY ***
Total pot $3.83 | Rake $0.13 
Board [2d Tc 4c 5h 8s]
Seat 1: nitramjr420 (big blind) folded before Flop
Seat 2: pinbotani folded before Flop (didn't bet)
Seat 3: Benny_M_13 folded before Flop (didn't bet)
Seat 4: BezDopinga folded before Flop (didn't bet)
Seat 5: Prince Mantis showed [8h 8c] and won ($3.70) with three of a kind, Eights
Seat 6: weverson315 showed [Td As] and lost with a pair of Tens
Seat 7: Dorex2007 folded before Flop (didn't bet)
Seat 8: tweetyteewt (button) folded before Flop (didn't bet)
Seat 9: Sandslug (small blind) folded before Flop



PokerStars Hand #232132911522:  Hold'em No Limit ($0.01/$0.02 USD) - 2021/12/11 10:47:09 PT [2021/12/11 13:47:09 ET]
Table 'Matar' 9-max Seat #9 is the button
Seat 1: nitramjr420 ($0.50 in chips) 
Seat 2: pinbotani ($2.08 in chips) 
Seat 3: Benny_M_13 ($3.19 in chips) 
Seat 4: BezDopinga ($0.76 in chips) 
Seat 5: Prince Mantis ($9.05 in chips) 
Seat 7: Dorex2007 ($2.28 in chips) 
Seat 8: tweetyteewt ($4.68 in chips) 
Seat 9: Sandslug ($2.23 in chips) 
nitramjr420: posts small blind $0.01
pinbotani: posts big blind $0.02
*** HOLE CARDS ***
Dealt to Dorex2007 [Jh 4d]
Benny_M_13: folds 
BezDopinga: folds 
Prince Mantis: raises $0.04 to $0.06
Dorex2007: folds 
weverson315 leaves the table
tweetyteewt: folds 
Sandslug: calls $0.06
nitramjr420: folds 
pinbotani: folds 
*** FLOP *** [Ac Ts 3d]
Acetime72 joins the table at seat #6 
Prince Mantis: bets $0.05
Sandslug: calls $0.05
*** TURN *** [Ac Ts 3d] [Th]
Prince Mantis: checks 
Sandslug: checks 
*** RIVER *** [Ac Ts 3d Th] [Qc]
Prince Mantis: bets $0.11
Sandslug: folds 
Uncalled bet ($0.11) returned to Prince Mantis
Prince Mantis collected $0.24 from pot
Prince Mantis: doesn't show hand 
*** SUMMARY ***
Total pot $0.25 | Rake $0.01 
Board [Ac Ts 3d Th Qc]
Seat 1: nitramjr420 (small blind) folded before Flop
Seat 2: pinbotani (big blind) folded before Flop
Seat 3: Benny_M_13 folded before Flop (didn't bet)
Seat 4: BezDopinga folded before Flop (didn't bet)
Seat 5: Prince Mantis collected ($0.24)
Seat 7: Dorex2007 folded before Flop (didn't bet)
Seat 8: tweetyteewt folded before Flop (didn't bet)
Seat 9: Sandslug (button) folded on the River



PokerStars Hand #232132931674:  Hold'em No Limit ($0.01/$0.02 USD) - 2021/12/11 10:47:45 PT [2021/12/11 13:47:45 ET]
Table 'Matar' 9-max Seat #1 is the button
Seat 1: nitramjr420 ($0.49 in chips) 
Seat 2: pinbotani ($2.06 in chips) 
Seat 3: Benny_M_13 ($3.19 in chips) 
Seat 4: BezDopinga ($0.76 in chips) 
Seat 5: Prince Mantis ($9.18 in chips) 
Seat 7: Dorex2007 ($2.28 in chips) 
Seat 8: tweetyteewt ($4.68 in chips) 
Seat 9: Sandslug ($2.12 in chips) 
pinbotani: posts small blind $0.01
Benny_M_13: posts big blind $0.02
Acetime72: sits out 
*** HOLE CARDS ***
Dealt to Dorex2007 [7c Jh]
BezDopinga: folds 
Prince Mantis: folds 
Dorex2007: folds 
tweetyteewt: folds 
Sandslug: folds 
nitramjr420: folds 
pinbotani: folds 
Uncalled bet ($0.01) returned to Benny_M_13
Benny_M_13 collected $0.02 from pot
Benny_M_13: doesn't show hand 
*** SUMMARY ***
Total pot $0.02 | Rake $0 
Seat 1: nitramjr420 (button) folded before Flop (didn't bet)
Seat 2: pinbotani (small blind) folded before Flop
Seat 3: Benny_M_13 (big blind) collected ($0.02)
Seat 4: BezDopinga folded before Flop (didn't bet)
Seat 5: Prince Mantis folded before Flop (didn't bet)
Seat 7: Dorex2007 folded before Flop (didn't bet)
Seat 8: tweetyteewt folded before Flop (didn't bet)
Seat 9: Sandslug folded before Flop (didn't bet)



PokerStars Hand #232132938528:  Hold'em No Limit ($0.01/$0.02 USD) - 2021/12/11 10:47:58 PT [2021/12/11 13:47:58 ET]
Table 'Matar' 9-max Seat #2 is the button
Seat 1: nitramjr420 ($0.49 in chips) 
Seat 2: pinbotani ($2.05 in chips) 
Seat 3: Benny_M_13 ($3.20 in chips) 
Seat 4: BezDopinga ($0.76 in chips) 
Seat 5: Prince Mantis ($9.18 in chips) 
Seat 7: Dorex2007 ($2.28 in chips) 
Seat 8: tweetyteewt ($4.68 in chips) 
Seat 9: Sandslug ($2.12 in chips) 
Benny_M_13: posts small blind $0.01
BezDopinga: posts big blind $0.02
Acetime72: sits out 
*** HOLE CARDS ***
Dealt to Dorex2007 [Ad Kh]
Prince Mantis: folds 
Dorex2007: raises $0.04 to $0.06
tweetyteewt: folds 
Sandslug: folds 
nitramjr420: folds 
pinbotani: folds 
Benny_M_13: folds 
BezDopinga: folds 
Uncalled bet ($0.04) returned to Dorex2007
Dorex2007 collected $0.05 from pot
Dorex2007: doesn't show hand 
*** SUMMARY ***
Total pot $0.05 | Rake $0 
Seat 1: nitramjr420 folded before Flop (didn't bet)
Seat 2: pinbotani (button) folded before Flop (didn't bet)
Seat 3: Benny_M_13 (small blind) folded before Flop
Seat 4: BezDopinga (big blind) folded before Flop
Seat 5: Prince Mantis folded before Flop (didn't bet)
Seat 7: Dorex2007 collected ($0.05)
Seat 8: tweetyteewt folded before Flop (didn't bet)
Seat 9: Sandslug folded before Flop (didn't bet)



PokerStars Hand #232132946973:  Hold'em No Limit ($0.01/$0.02 USD) - 2021/12/11 10:48:13 PT [2021/12/11 13:48:13 ET]
Table 'Matar' 9-max Seat #3 is the button
Seat 1: nitramjr420 ($0.49 in chips) 
Seat 2: pinbotani ($2.05 in chips) 
Seat 3: Benny_M_13 ($3.19 in chips) 
Seat 4: BezDopinga ($0.74 in chips) 
Seat 5: Prince Mantis ($9.18 in chips) 
Seat 7: Dorex2007 ($2.31 in chips) 
Seat 8: tweetyteewt ($4.68 in chips) 
Seat 9: Sandslug ($2.12 in chips) 
BezDopinga: posts small blind $0.01
Prince Mantis: posts big blind $0.02
Acetime72: sits out 
*** HOLE CARDS ***
Dealt to Dorex2007 [4s 2c]
Dorex2007: folds 
tweetyteewt: folds 
Sandslug: folds 
nitramjr420: raises $0.02 to $0.04
pinbotani: calls $0.04
Benny_M_13: calls $0.04
BezDopinga: folds 
Prince Mantis: calls $0.02
*** FLOP *** [5h 3d 9h]
Prince Mantis: checks 
nitramjr420: checks 
pinbotani: checks 
Benny_M_13: bets $0.04
Prince Mantis: folds 
nitramjr420: folds 
pinbotani: folds 
Uncalled bet ($0.04) returned to Benny_M_13
Benny_M_13 collected $0.16 from pot
Benny_M_13: doesn't show hand 
*** SUMMARY ***
Total pot $0.17 | Rake $0.01 
Board [5h 3d 9h]
Seat 1: nitramjr420 folded on the Flop
Seat 2: pinbotani folded on the Flop
Seat 3: Benny_M_13 (button) collected ($0.16)
Seat 4: BezDopinga (small blind) folded before Flop
Seat 5: Prince Mantis (big blind) folded on the Flop
Seat 7: Dorex2007 folded before Flop (didn't bet)
Seat 8: tweetyteewt folded before Flop (didn't bet)
Seat 9: Sandslug folded before Flop (didn't bet)



PokerStars Hand #232132981626:  Hold'em No Limit ($0.01/$0.02 USD) - 2021/12/11 10:49:17 PT [2021/12/11 13:49:17 ET]
Table 'Matar' 9-max Seat #4 is the button
Seat 1: nitramjr420 ($0.45 in chips) 
Seat 2: pinbotani ($2.01 in chips) 
Seat 3: Benny_M_13 ($3.31 in chips) 
Seat 4: BezDopinga ($0.73 in chips) 
Seat 5: Prince Mantis ($9.14 in chips) 
Seat 6: Acetime72 ($1.60 in chips) 
Seat 7: Dorex2007 ($2.31 in chips) 
Seat 8: tweetyteewt ($4.68 in chips) 
Seat 9: Sandslug ($2.12 in chips) 
Prince Mantis: posts small blind $0.01
Acetime72: posts big blind $0.02
*** HOLE CARDS ***
Dealt to Dorex2007 [5s 6d]
Dorex2007: folds 
tweetyteewt: folds 
Sandslug: folds 
nitramjr420: calls $0.02
pinbotani: folds 
Benny_M_13: folds 
BezDopinga: folds 
Prince Mantis: folds 
Acetime72: checks 
*** FLOP *** [3d 6s 9c]
Acetime72: bets $0.05
nitramjr420: raises $0.38 to $0.43 and is all-in
Acetime72: calls $0.38
*** TURN *** [3d 6s 9c] [Kd]
*** RIVER *** [3d 6s 9c Kd] [Ad]
*** SHOW DOWN ***
Acetime72: shows [6c 3h] (two pair, Sixes and Threes)
nitramjr420: shows [8d 8h] (a pair of Eights)
Acetime72 collected $0.88 from pot
*** SUMMARY ***
Total pot $0.91 | Rake $0.03 
Board [3d 6s 9c Kd Ad]
Seat 1: nitramjr420 showed [8d 8h] and lost with a pair of Eights
Seat 2: pinbotani folded before Flop (didn't bet)
Seat 3: Benny_M_13 folded before Flop (didn't bet)
Seat 4: BezDopinga (button) folded before Flop (didn't bet)
Seat 5: Prince Mantis (small blind) folded before Flop
Seat 6: Acetime72 (big blind) showed [6c 3h] and won ($0.88) with two pair, Sixes and Threes
Seat 7: Dorex2007 folded before Flop (didn't bet)
Seat 8: tweetyteewt folded before Flop (didn't bet)
Seat 9: Sandslug folded before Flop (didn't bet)



PokerStars Hand #232133000808:  Hold'em No Limit ($0.01/$0.02 USD) - 2021/12/11 10:49:52 PT [2021/12/11 13:49:52 ET]
Table 'Matar' 9-max Seat #5 is the button
Seat 2: pinbotani ($2.01 in chips) 
Seat 3: Benny_M_13 ($3.31 in chips) 
Seat 4: BezDopinga ($0.73 in chips) 
Seat 5: Prince Mantis ($9.13 in chips) 
Seat 6: Acetime72 ($2.03 in chips) 
Seat 7: Dorex2007 ($2.31 in chips) 
Seat 8: tweetyteewt ($4.68 in chips) 
Seat 9: Sandslug ($2.12 in chips) 
Acetime72: posts small blind $0.01
Dorex2007: posts big blind $0.02
*** HOLE CARDS ***
Dealt to Dorex2007 [4d Ad]
tweetyteewt: folds 
Sandslug: folds 
pinbotani: folds 
Benny_M_13: folds 
BezDopinga: folds 
Prince Mantis: raises $0.03 to $0.05
Acetime72: folds 
Dorex2007: calls $0.03
*** FLOP *** [Kd 8s 5c]
Dorex2007: checks 
Prince Mantis: bets $0.07
Dorex2007: folds 
Uncalled bet ($0.07) returned to Prince Mantis
Prince Mantis collected $0.11 from pot
Prince Mantis: doesn't show hand 
*** SUMMARY ***
Total pot $0.11 | Rake $0 
Board [Kd 8s 5c]
Seat 2: pinbotani folded before Flop (didn't bet)
Seat 3: Benny_M_13 folded before Flop (didn't bet)
Seat 4: BezDopinga folded before Flop (didn't bet)
Seat 5: Prince Mantis (button) collected ($0.11)
Seat 6: Acetime72 (small blind) folded before Flop
Seat 7: Dorex2007 (big blind) folded on the Flop
Seat 8: tweetyteewt folded before Flop (didn't bet)
Seat 9: Sandslug folded before Flop (didn't bet)



PokerStars Hand #232133014320:  Hold'em No Limit ($0.01/$0.02 USD) - 2021/12/11 10:50:16 PT [2021/12/11 13:50:16 ET]
Table 'Matar' 9-max Seat #6 is the button
Seat 2: pinbotani ($2.01 in chips) 
Seat 3: Benny_M_13 ($3.31 in chips) 
Seat 4: BezDopinga ($0.73 in chips) 
Seat 5: Prince Mantis ($9.19 in chips) 
Seat 6: Acetime72 ($2.02 in chips) 
Seat 7: Dorex2007 ($2.26 in chips) 
Seat 8: tweetyteewt ($4.68 in chips) 
Seat 9: Sandslug ($2.12 in chips) 
Dorex2007: posts small blind $0.01
tweetyteewt: posts big blind $0.02
*** HOLE CARDS ***
Dealt to Dorex2007 [4c Qh]
Sandslug: folds 
pinbotani: folds 
Benny_M_13: folds 
BezDopinga: folds 
Prince Mantis: raises $0.03 to $0.05
Acetime72: folds 
Dorex2007: folds 
tweetyteewt: folds 
Uncalled bet ($0.03) returned to Prince Mantis
Prince Mantis collected $0.05 from pot
Prince Mantis: doesn't show hand 
*** SUMMARY ***
Total pot $0.05 | Rake $0 
Seat 2: pinbotani folded before Flop (didn't bet)
Seat 3: Benny_M_13 folded before Flop (didn't bet)
Seat 4: BezDopinga folded before Flop (didn't bet)
Seat 5: Prince Mantis collected ($0.05)
Seat 6: Acetime72 (button) folded before Flop (didn't bet)
Seat 7: Dorex2007 (small blind) folded before Flop
Seat 8: tweetyteewt (big blind) folded before Flop
Seat 9: Sandslug folded before Flop (didn't bet)



PokerStars Hand #232133023643:  Hold'em No Limit ($0.01/$0.02 USD) - 2021/12/11 10:50:33 PT [2021/12/11 13:50:33 ET]
Table 'Matar' 9-max Seat #7 is the button
Seat 2: pinbotani ($2.01 in chips) 
Seat 3: Benny_M_13 ($3.31 in chips) 
Seat 4: BezDopinga ($0.73 in chips) 
Seat 5: Prince Mantis ($9.22 in chips) 
Seat 6: Acetime72 ($2.02 in chips) 
Seat 7: Dorex2007 ($2.25 in chips) 
Seat 8: tweetyteewt ($4.66 in chips) 
Seat 9: Sandslug ($2.12 in chips) 
tweetyteewt: posts small blind $0.01
Sandslug: posts big blind $0.02
*** HOLE CARDS ***
Dealt to Dorex2007 [9s 2c]
pinbotani: folds 
Benny_M_13: folds 
BezDopinga: folds 
Prince Mantis: folds 
Acetime72: folds 
Dorex2007: folds 
tweetyteewt: raises $0.02 to $0.04
Sandslug: folds 
Uncalled bet ($0.02) returned to tweetyteewt
tweetyteewt collected $0.04 from pot
tweetyteewt: doesn't show hand 
*** SUMMARY ***
Total pot $0.04 | Rake $0 
Seat 2: pinbotani folded before Flop (didn't bet)
Seat 3: Benny_M_13 folded before Flop (didn't bet)
Seat 4: BezDopinga folded before Flop (didn't bet)
Seat 5: Prince Mantis folded before Flop (didn't bet)
Seat 6: Acetime72 folded before Flop (didn't bet)
Seat 7: Dorex2007 (button) folded before Flop (didn't bet)
Seat 8: tweetyteewt (small blind) collected ($0.04)
Seat 9: Sandslug (big blind) folded before Flop



PokerStars Hand #232133032165:  Hold'em No Limit ($0.01/$0.02 USD) - 2021/12/11 10:50:49 PT [2021/12/11 13:50:49 ET]
Table 'Matar' 9-max Seat #8 is the button
Seat 2: pinbotani ($2.01 in chips) 
Seat 3: Benny_M_13 ($3.31 in chips) 
Seat 4: BezDopinga ($0.73 in chips) 
Seat 5: Prince Mantis ($9.22 in chips) 
Seat 6: Acetime72 ($2.02 in chips) 
Seat 7: Dorex2007 ($2.25 in chips) 
Seat 8: tweetyteewt ($4.68 in chips) 
Seat 9: Sandslug ($2.10 in chips) 
Sandslug: posts small blind $0.01
pinbotani: posts big blind $0.02
*** HOLE CARDS ***
Dealt to Dorex2007 [Qh Ks]
Benny_M_13: folds 
BezDopinga: folds 
Prince Mantis: folds 
Acetime72: raises $0.04 to $0.06
Dorex2007: calls $0.06
tweetyteewt: folds 
Sandslug: folds 
pinbotani: folds 
*** FLOP *** [3d 4s Js]
Acetime72: bets $0.07
Dorex2007: calls $0.07
*** TURN *** [3d 4s Js] [6h]
Acetime72: bets $0.14
Dorex2007: calls $0.14
*** RIVER *** [3d 4s Js 6h] [8h]
Acetime72: bets $0.28
Dorex2007: folds 
Uncalled bet ($0.28) returned to Acetime72
Acetime72 collected $0.55 from pot
Acetime72: doesn't show hand 
*** SUMMARY ***
Total pot $0.57 | Rake $0.02 
Board [3d 4s Js 6h 8h]
Seat 2: pinbotani (big blind) folded before Flop
Seat 3: Benny_M_13 folded before Flop (didn't bet)
Seat 4: BezDopinga folded before Flop (didn't bet)
Seat 5: Prince Mantis folded before Flop (didn't bet)
Seat 6: Acetime72 collected ($0.55)
Seat 7: Dorex2007 folded on the River
Seat 8: tweetyteewt (button) folded before Flop (didn't bet)
Seat 9: Sandslug (small blind) folded before Flop



PokerStars Hand #232133053616:  Hold'em No Limit ($0.01/$0.02 USD) - 2021/12/11 10:51:28 PT [2021/12/11 13:51:28 ET]
Table 'Matar' 9-max Seat #9 is the button
Seat 2: pinbotani ($2 in chips) 
Seat 3: Benny_M_13 ($3.31 in chips) 
Seat 4: BezDopinga ($0.73 in chips) 
Seat 5: Prince Mantis ($9.22 in chips) 
Seat 6: Acetime72 ($2.30 in chips) 
Seat 7: Dorex2007 ($2 in chips) 
Seat 8: tweetyteewt ($4.68 in chips) 
Seat 9: Sandslug ($2.09 in chips) 
pinbotani: posts small blind $0.01
Benny_M_13: posts big blind $0.02
*** HOLE CARDS ***
Dealt to Dorex2007 [3c Qs]
BezDopinga: folds 
Prince Mantis: folds 
Acetime72: folds 
Dorex2007: folds 
tweetyteewt: folds 
Sandslug: folds 
pinbotani: folds 
Uncalled bet ($0.01) returned to Benny_M_13
Benny_M_13 collected $0.02 from pot
Benny_M_13: doesn't show hand 
*** SUMMARY ***
Total pot $0.02 | Rake $0 
Seat 2: pinbotani (small blind) folded before Flop
Seat 3: Benny_M_13 (big blind) collected ($0.02)
Seat 4: BezDopinga folded before Flop (didn't bet)
Seat 5: Prince Mantis folded before Flop (didn't bet)
Seat 6: Acetime72 folded before Flop (didn't bet)
Seat 7: Dorex2007 folded before Flop (didn't bet)
Seat 8: tweetyteewt folded before Flop (didn't bet)
Seat 9: Sandslug (button) folded before Flop (didn't bet)



PokerStars Hand #232133058669:  Hold'em No Limit ($0.01/$0.02 USD) - 2021/12/11 10:51:38 PT [2021/12/11 13:51:38 ET]
Table 'Matar' 9-max Seat #2 is the button
Seat 2: pinbotani ($2 in chips) 
Seat 3: Benny_M_13 ($3.32 in chips) 
Seat 4: BezDopinga ($0.73 in chips) 
Seat 5: Prince Mantis ($9.22 in chips) 
Seat 6: Acetime72 ($2.30 in chips) 
Seat 7: Dorex2007 ($2 in chips) 
Seat 8: tweetyteewt ($4.68 in chips) 
Seat 9: Sandslug ($2.09 in chips) 
Benny_M_13: posts small blind $0.01
BezDopinga: posts big blind $0.02
*** HOLE CARDS ***
Dealt to Dorex2007 [7d Ks]
Prince Mantis: folds 
Acetime72: folds 
Dorex2007: folds 
tweetyteewt: raises $0.02 to $0.04
Sandslug: calls $0.04
pinbotani: folds 
Benny_M_13: folds 
BezDopinga: calls $0.02
*** FLOP *** [3s Ad Qd]
BezDopinga: bets $0.13
tweetyteewt: raises $0.39 to $0.52
Sandslug: folds 
BezDopinga: folds 
Uncalled bet ($0.39) returned to tweetyteewt
tweetyteewt collected $0.38 from pot
tweetyteewt: doesn't show hand 
*** SUMMARY ***
Total pot $0.39 | Rake $0.01 
Board [3s Ad Qd]
Seat 2: pinbotani (button) folded before Flop (didn't bet)
Seat 3: Benny_M_13 (small blind) folded before Flop
Seat 4: BezDopinga (big blind) folded on the Flop
Seat 5: Prince Mantis folded before Flop (didn't bet)
Seat 6: Acetime72 folded before Flop (didn't bet)
Seat 7: Dorex2007 folded before Flop (didn't bet)
Seat 8: tweetyteewt collected ($0.38)
Seat 9: Sandslug folded on the Flop



PokerStars Hand #232133078888:  Hold'em No Limit ($0.01/$0.02 USD) - 2021/12/11 10:52:15 PT [2021/12/11 13:52:15 ET]
Table 'Matar' 9-max Seat #3 is the button
Seat 2: pinbotani ($2 in chips) 
Seat 3: Benny_M_13 ($3.31 in chips) 
Seat 4: BezDopinga ($0.56 in chips) 
Seat 5: Prince Mantis ($9.22 in chips) 
Seat 6: Acetime72 ($2.30 in chips) 
Seat 7: Dorex2007 ($2 in chips) 
Seat 8: tweetyteewt ($4.89 in chips) 
Seat 9: Sandslug ($2.05 in chips) 
BezDopinga: posts small blind $0.01
Prince Mantis: posts big blind $0.02
*** HOLE CARDS ***
Dealt to Dorex2007 [4s 6h]
Acetime72: folds 
Dorex2007: folds 
tweetyteewt: folds 
Sandslug: folds 
pinbotani: raises $0.04 to $0.06
Benny_M_13: folds 
BezDopinga: folds 
Prince Mantis: folds 
Uncalled bet ($0.04) returned to pinbotani
pinbotani collected $0.05 from pot
pinbotani: doesn't show hand 
*** SUMMARY ***
Total pot $0.05 | Rake $0 
Seat 2: pinbotani collected ($0.05)
Seat 3: Benny_M_13 (button) folded before Flop (didn't bet)
Seat 4: BezDopinga (small blind) folded before Flop
Seat 5: Prince Mantis (big blind) folded before Flop
Seat 6: Acetime72 folded before Flop (didn't bet)
Seat 7: Dorex2007 folded before Flop (didn't bet)
Seat 8: tweetyteewt folded before Flop (didn't bet)
Seat 9: Sandslug folded before Flop (didn't bet)



PokerStars Hand #232133093700:  Hold'em No Limit ($0.01/$0.02 USD) - 2021/12/11 10:52:42 PT [2021/12/11 13:52:42 ET]
Table 'Matar' 9-max Seat #4 is the button
Seat 2: pinbotani ($2.03 in chips) 
Seat 3: Benny_M_13 ($3.31 in chips) 
Seat 4: BezDopinga ($0.55 in chips) 
Seat 5: Prince Mantis ($9.20 in chips) 
Seat 6: Acetime72 ($2.30 in chips) 
Seat 7: Dorex2007 ($2 in chips) 
Seat 8: tweetyteewt ($4.89 in chips) 
Seat 9: Sandslug ($2.05 in chips) 
Prince Mantis: posts small blind $0.01
Acetime72: posts big blind $0.02
*** HOLE CARDS ***
Dealt to Dorex2007 [6c Jd]
Dorex2007: folds 
tweetyteewt: raises $0.02 to $0.04
Sandslug: folds 
pinbotani: folds 
Benny_M_13: folds 
BezDopinga: folds 
Prince Mantis: folds 
Acetime72: calls $0.02
*** FLOP *** [7d Kc Kd]
Acetime72: checks 
tweetyteewt: checks 
*** TURN *** [7d Kc Kd] [Js]
Acetime72: bets $0.05
tweetyteewt: folds 
Uncalled bet ($0.05) returned to Acetime72
Acetime72 collected $0.09 from pot
Acetime72: doesn't show hand 
*** SUMMARY ***
Total pot $0.09 | Rake $0 
Board [7d Kc Kd Js]
Seat 2: pinbotani folded before Flop (didn't bet)
Seat 3: Benny_M_13 folded before Flop (didn't bet)
Seat 4: BezDopinga (button) folded before Flop (didn't bet)
Seat 5: Prince Mantis (small blind) folded before Flop
Seat 6: Acetime72 (big blind) collected ($0.09)
Seat 7: Dorex2007 folded before Flop (didn't bet)
Seat 8: tweetyteewt folded on the Turn
Seat 9: Sandslug folded before Flop (didn't bet)



PokerStars Hand #232133112919:  Hold'em No Limit ($0.01/$0.02 USD) - 2021/12/11 10:53:17 PT [2021/12/11 13:53:17 ET]
Table 'Matar' 9-max Seat #5 is the button
Seat 2: pinbotani ($2.03 in chips) 
Seat 3: Benny_M_13 ($3.31 in chips) 
Seat 4: BezDopinga ($0.55 in chips) 
Seat 5: Prince Mantis ($9.19 in chips) 
Seat 6: Acetime72 ($2.35 in chips) 
Seat 7: Dorex2007 ($2 in chips) 
Seat 8: tweetyteewt ($4.85 in chips) 
Seat 9: Sandslug ($2.05 in chips) 
Acetime72: posts small blind $0.01
Dorex2007: posts big blind $0.02
*** HOLE CARDS ***
Dealt to Dorex2007 [Th 6d]
tweetyteewt: folds 
Sandslug: folds 
pinbotani: folds 
Benny_M_13: folds 
BezDopinga: folds 
Prince Mantis: folds 
Acetime72: raises $0.04 to $0.06
Dorex2007: folds 
Uncalled bet ($0.04) returned to Acetime72
Acetime72 collected $0.04 from pot
Acetime72: doesn't show hand 
*** SUMMARY ***
Total pot $0.04 | Rake $0 
Seat 2: pinbotani folded before Flop (didn't bet)
Seat 3: Benny_M_13 folded before Flop (didn't bet)
Seat 4: BezDopinga folded before Flop (didn't bet)
Seat 5: Prince Mantis (button) folded before Flop (didn't bet)
Seat 6: Acetime72 (small blind) collected ($0.04)
Seat 7: Dorex2007 (big blind) folded before Flop
Seat 8: tweetyteewt folded before Flop (didn't bet)
Seat 9: Sandslug folded before Flop (didn't bet)



PokerStars Hand #232133122276:  Hold'em No Limit ($0.01/$0.02 USD) - 2021/12/11 10:53:34 PT [2021/12/11 13:53:34 ET]
Table 'Matar' 9-max Seat #6 is the button
Seat 2: pinbotani ($2.03 in chips) 
Seat 3: Benny_M_13 ($3.31 in chips) 
Seat 4: BezDopinga ($0.55 in chips) 
Seat 5: Prince Mantis ($9.19 in chips) 
Seat 6: Acetime72 ($2.37 in chips) 
Seat 7: Dorex2007 ($2 in chips) 
Seat 8: tweetyteewt ($4.85 in chips) 
Seat 9: Sandslug ($2.05 in chips) 
Dorex2007: posts small blind $0.01
tweetyteewt: posts big blind $0.02
*** HOLE CARDS ***
Dealt to Dorex2007 [4s 5s]
Sandslug: folds 
pinbotani: folds 
Benny_M_13: folds 
BezDopinga: folds 
Prince Mantis: folds 
Acetime72: folds 
Dorex2007: raises $0.02 to $0.04
tweetyteewt: folds 
Uncalled bet ($0.02) returned to Dorex2007
Dorex2007 collected $0.04 from pot
Dorex2007: doesn't show hand 
*** SUMMARY ***
Total pot $0.04 | Rake $0 
Seat 2: pinbotani folded before Flop (didn't bet)
Seat 3: Benny_M_13 folded before Flop (didn't bet)
Seat 4: BezDopinga folded before Flop (didn't bet)
Seat 5: Prince Mantis folded before Flop (didn't bet)
Seat 6: Acetime72 (button) folded before Flop (didn't bet)
Seat 7: Dorex2007 (small blind) collected ($0.04)
Seat 8: tweetyteewt (big blind) folded before Flop
Seat 9: Sandslug folded before Flop (didn't bet)



PokerStars Hand #232133130204:  Hold'em No Limit ($0.01/$0.02 USD) - 2021/12/11 10:53:49 PT [2021/12/11 13:53:49 ET]
Table 'Matar' 9-max Seat #7 is the button
Seat 2: pinbotani ($2.03 in chips) 
Seat 3: Benny_M_13 ($3.31 in chips) 
Seat 4: BezDopinga ($0.55 in chips) 
Seat 5: Prince Mantis ($9.19 in chips) 
Seat 6: Acetime72 ($2.37 in chips) 
Seat 7: Dorex2007 ($2.02 in chips) 
Seat 8: tweetyteewt ($4.83 in chips) 
Seat 9: Sandslug ($2.05 in chips) 
tweetyteewt: posts small blind $0.01
Sandslug: posts big blind $0.02
*** HOLE CARDS ***
Dealt to Dorex2007 [Jc Td]
pinbotani: folds 
Benny_M_13: raises $0.06 to $0.08
BezDopinga: folds 
Prince Mantis: folds 
Acetime72: calls $0.08
Dorex2007: folds 
tweetyteewt: folds 
Sandslug: folds 
*** FLOP *** [Kc Kd 9d]
Benny_M_13: bets $0.06
Acetime72: raises $0.06 to $0.12
Benny_M_13: calls $0.06
*** TURN *** [Kc Kd 9d] [Ad]
Benny_M_13: checks 
Acetime72: bets $0.22
Benny_M_13: folds 
Uncalled bet ($0.22) returned to Acetime72
Acetime72 collected $0.41 from pot
Acetime72: doesn't show hand 
*** SUMMARY ***
Total pot $0.43 | Rake $0.02 
Board [Kc Kd 9d Ad]
Seat 2: pinbotani folded before Flop (didn't bet)
Seat 3: Benny_M_13 folded on the Turn
Seat 4: BezDopinga folded before Flop (didn't bet)
Seat 5: Prince Mantis folded before Flop (didn't bet)
Seat 6: Acetime72 collected ($0.41)
Seat 7: Dorex2007 (button) folded before Flop (didn't bet)
Seat 8: tweetyteewt (small blind) folded before Flop
Seat 9: Sandslug (big blind) folded before Flop



PokerStars Hand #232133149989:  Hold'em No Limit ($0.01/$0.02 USD) - 2021/12/11 10:54:25 PT [2021/12/11 13:54:25 ET]
Table 'Matar' 9-max Seat #8 is the button
Seat 2: pinbotani ($2.03 in chips) 
Seat 3: Benny_M_13 ($3.11 in chips) 
Seat 4: BezDopinga ($0.55 in chips) 
Seat 5: Prince Mantis ($9.19 in chips) 
Seat 6: Acetime72 ($2.58 in chips) 
Seat 7: Dorex2007 ($2.02 in chips) 
Seat 8: tweetyteewt ($4.82 in chips) 
Seat 9: Sandslug ($2.03 in chips) 
Sandslug: posts small blind $0.01
pinbotani: posts big blind $0.02
*** HOLE CARDS ***
Dealt to Dorex2007 [Jh Qh]
Benny_M_13: folds 
BezDopinga: folds 
Prince Mantis: folds 
Acetime72: folds 
Dorex2007: raises $0.04 to $0.06
tweetyteewt: folds 
Sandslug: folds 
pinbotani: folds 
Uncalled bet ($0.04) returned to Dorex2007
Dorex2007 collected $0.05 from pot
Dorex2007: doesn't show hand 
*** SUMMARY ***
Total pot $0.05 | Rake $0 
Seat 2: pinbotani (big blind) folded before Flop
Seat 3: Benny_M_13 folded before Flop (didn't bet)
Seat 4: BezDopinga folded before Flop (didn't bet)
Seat 5: Prince Mantis folded before Flop (didn't bet)
Seat 6: Acetime72 folded before Flop (didn't bet)
Seat 7: Dorex2007 collected ($0.05)
Seat 8: tweetyteewt (button) folded before Flop (didn't bet)
Seat 9: Sandslug (small blind) folded before Flop



PokerStars Hand #232133159372:  Hold'em No Limit ($0.01/$0.02 USD) - 2021/12/11 10:54:42 PT [2021/12/11 13:54:42 ET]
Table 'Matar' 9-max Seat #9 is the button
Seat 2: pinbotani ($2.01 in chips) 
Seat 3: Benny_M_13 ($3.11 in chips) 
Seat 4: BezDopinga ($0.55 in chips) 
Seat 5: Prince Mantis ($9.19 in chips) 
Seat 6: Acetime72 ($2.58 in chips) 
Seat 7: Dorex2007 ($2.05 in chips) 
Seat 8: tweetyteewt ($4.82 in chips) 
Seat 9: Sandslug ($2.02 in chips) 
pinbotani: posts small blind $0.01
Benny_M_13: posts big blind $0.02
*** HOLE CARDS ***
Dealt to Dorex2007 [4h 4s]
BezDopinga: folds 
Prince Mantis: folds 
Acetime72: folds 
Dorex2007: raises $0.02 to $0.04
tweetyteewt: folds 
Sandslug: folds 
pinbotani: folds 
Benny_M_13: calls $0.02
*** FLOP *** [Jh Ac 5d]
Benny_M_13: checks 
Dorex2007: bets $0.06
Benny_M_13: folds 
Uncalled bet ($0.06) returned to Dorex2007
Dorex2007 collected $0.09 from pot
Dorex2007: doesn't show hand 
*** SUMMARY ***
Total pot $0.09 | Rake $0 
Board [Jh Ac 5d]
Seat 2: pinbotani (small blind) folded before Flop
Seat 3: Benny_M_13 (big blind) folded on the Flop
Seat 4: BezDopinga folded before Flop (didn't bet)
Seat 5: Prince Mantis folded before Flop (didn't bet)
Seat 6: Acetime72 folded before Flop (didn't bet)
Seat 7: Dorex2007 collected ($0.09)
Seat 8: tweetyteewt folded before Flop (didn't bet)
Seat 9: Sandslug (button) folded before Flop (didn't bet)



PokerStars Hand #232133181610:  Hold'em No Limit ($0.01/$0.02 USD) - 2021/12/11 10:55:08 PT [2021/12/11 13:55:08 ET]
Table 'Matar' 9-max Seat #2 is the button
Seat 2: pinbotani ($2 in chips) 
Seat 3: Benny_M_13 ($3.07 in chips) 
Seat 4: BezDopinga ($0.55 in chips) 
Seat 5: Prince Mantis ($9.19 in chips) 
Seat 6: Acetime72 ($2.58 in chips) 
Seat 7: Dorex2007 ($2.10 in chips) 
Seat 8: tweetyteewt ($4.82 in chips) 
Seat 9: Sandslug ($2.02 in chips) 
Benny_M_13: posts small blind $0.01
BezDopinga: posts big blind $0.02
*** HOLE CARDS ***
Dealt to Dorex2007 [3s Js]
Prince Mantis: folds 
Acetime72: folds 
Dorex2007: folds 
tweetyteewt: raises $0.02 to $0.04
Sandslug: folds 
pinbotani: raises $0.14 to $0.18
Benny_M_13: folds 
BezDopinga: folds 
tweetyteewt: folds 
Uncalled bet ($0.14) returned to pinbotani
pinbotani collected $0.11 from pot
pinbotani: doesn't show hand 
*** SUMMARY ***
Total pot $0.11 | Rake $0 
Seat 2: pinbotani (button) collected ($0.11)
Seat 3: Benny_M_13 (small blind) folded before Flop
Seat 4: BezDopinga (big blind) folded before Flop
Seat 5: Prince Mantis folded before Flop (didn't bet)
Seat 6: Acetime72 folded before Flop (didn't bet)
Seat 7: Dorex2007 folded before Flop (didn't bet)
Seat 8: tweetyteewt folded before Flop
Seat 9: Sandslug folded before Flop (didn't bet)



PokerStars Hand #232133189052:  Hold'em No Limit ($0.01/$0.02 USD) - 2021/12/11 10:55:30 PT [2021/12/11 13:55:30 ET]
Table 'Matar' 9-max Seat #3 is the button
Seat 2: pinbotani ($2.07 in chips) 
Seat 3: Benny_M_13 ($3.06 in chips) 
Seat 4: BezDopinga ($0.53 in chips) 
Seat 6: Acetime72 ($2.58 in chips) 
Seat 7: Dorex2007 ($2.10 in chips) 
Seat 8: tweetyteewt ($4.78 in chips) 
Seat 9: Sandslug ($2.02 in chips) 
BezDopinga: posts small blind $0.01
Acetime72: posts big blind $0.02
*** HOLE CARDS ***
Dealt to Dorex2007 [Tc Kc]
Prince Mantis leaves the table
Dorex2007: raises $0.02 to $0.04
tweetyteewt: folds 
Sandslug: folds 
pinbotani: folds 
Benny_M_13: folds 
ikai78 joins the table at seat #5 
BezDopinga: folds 
Acetime72: calls $0.02
*** FLOP *** [Qd 3s 4c]
Acetime72: checks 
Dorex2007: checks 
*** TURN *** [Qd 3s 4c] [Kd]
Acetime72: checks 
Dorex2007: checks 
*** RIVER *** [Qd 3s 4c Kd] [6h]
Acetime72: checks 
Dorex2007: checks 
*** SHOW DOWN ***
Acetime72: shows [8c 7h] (high card King)
Dorex2007: shows [Tc Kc] (a pair of Kings)
Dorex2007 collected $0.09 from pot
*** SUMMARY ***
Total pot $0.09 | Rake $0 
Board [Qd 3s 4c Kd 6h]
Seat 2: pinbotani folded before Flop (didn't bet)
Seat 3: Benny_M_13 (button) folded before Flop (didn't bet)
Seat 4: BezDopinga (small blind) folded before Flop
Seat 6: Acetime72 (big blind) showed [8c 7h] and lost with high card King
Seat 7: Dorex2007 showed [Tc Kc] and won ($0.09) with a pair of Kings
Seat 8: tweetyteewt folded before Flop (didn't bet)
Seat 9: Sandslug folded before Flop (didn't bet)



PokerStars Hand #232133199526:  Hold'em No Limit ($0.01/$0.02 USD) - 2021/12/11 10:56:00 PT [2021/12/11 13:56:00 ET]
Table 'Matar' 9-max Seat #4 is the button
Seat 2: pinbotani ($2.07 in chips) 
Seat 3: Benny_M_13 ($3.06 in chips) 
Seat 4: BezDopinga ($0.52 in chips) 
Seat 6: Acetime72 ($2.54 in chips) 
Seat 7: Dorex2007 ($2.15 in chips) 
Seat 8: tweetyteewt ($4.78 in chips) 
Seat 9: Sandslug ($2.02 in chips) 
Acetime72: posts small blind $0.01
Dorex2007: posts big blind $0.02
*** HOLE CARDS ***
Dealt to Dorex2007 [9h Qh]
tweetyteewt: folds 
Sandslug: folds 
pinbotani: folds 
Benny_M_13: folds 
BezDopinga: folds 
Acetime72: folds 
Uncalled bet ($0.01) returned to Dorex2007
Dorex2007 collected $0.02 from pot
Dorex2007: doesn't show hand 
*** SUMMARY ***
Total pot $0.02 | Rake $0 
Seat 2: pinbotani folded before Flop (didn't bet)
Seat 3: Benny_M_13 folded before Flop (didn't bet)
Seat 4: BezDopinga (button) folded before Flop (didn't bet)
Seat 6: Acetime72 (small blind) folded before Flop
Seat 7: Dorex2007 (big blind) collected ($0.02)
Seat 8: tweetyteewt folded before Flop (didn't bet)
Seat 9: Sandslug folded before Flop (didn't bet)



PokerStars Hand #232133202031:  Hold'em No Limit ($0.01/$0.02 USD) - 2021/12/11 10:56:07 PT [2021/12/11 13:56:07 ET]
Table 'Matar' 9-max Seat #6 is the button
Seat 2: pinbotani ($2.07 in chips) 
Seat 3: Benny_M_13 ($3.06 in chips) 
Seat 4: BezDopinga ($0.52 in chips) 
Seat 5: ikai78 ($0.80 in chips) 
Seat 6: Acetime72 ($2.53 in chips) 
Seat 7: Dorex2007 ($2.16 in chips) 
Seat 8: tweetyteewt ($4.78 in chips) 
Seat 9: Sandslug ($2.02 in chips) 
Dorex2007: posts small blind $0.01
tweetyteewt: posts big blind $0.02
ikai78: posts big blind $0.02
*** HOLE CARDS ***
Dealt to Dorex2007 [7h 5s]
Sandslug: folds 
pinbotani: folds 
Benny_M_13: folds 
BezDopinga: folds 
ikai78: checks 
Acetime72: folds 
Dorex2007: folds 
tweetyteewt: checks 
*** FLOP *** [6d 9d 5d]
tweetyteewt: checks 
ikai78: bets $0.03
tweetyteewt: folds 
Uncalled bet ($0.03) returned to ikai78
ikai78 collected $0.05 from pot
*** SUMMARY ***
Total pot $0.05 | Rake $0 
Board [6d 9d 5d]
Seat 2: pinbotani folded before Flop (didn't bet)
Seat 3: Benny_M_13 folded before Flop (didn't bet)
Seat 4: BezDopinga folded before Flop (didn't bet)
Seat 5: ikai78 collected ($0.05)
Seat 6: Acetime72 (button) folded before Flop (didn't bet)
Seat 7: Dorex2007 (small blind) folded before Flop
Seat 8: tweetyteewt (big blind) folded on the Flop
Seat 9: Sandslug folded before Flop (didn't bet)



PokerStars Hand #232133210455:  Hold'em No Limit ($0.01/$0.02 USD) - 2021/12/11 10:56:31 PT [2021/12/11 13:56:31 ET]
Table 'Matar' 9-max Seat #7 is the button
Seat 2: pinbotani ($2.07 in chips) 
Seat 4: BezDopinga ($0.52 in chips) 
Seat 5: ikai78 ($0.83 in chips) 
Seat 6: Acetime72 ($2.53 in chips) 
Seat 7: Dorex2007 ($2.15 in chips) 
Seat 8: tweetyteewt ($4.76 in chips) 
Seat 9: Sandslug ($2.02 in chips) 
tweetyteewt: posts small blind $0.01
Sandslug: posts big blind $0.02
nitramjr420: sits out 
*** HOLE CARDS ***
Dealt to Dorex2007 [5c Kc]
pinbotani: folds 
BezDopinga: raises $0.04 to $0.06
ikai78: calls $0.06
Acetime72: folds 
Dorex2007: folds 
tweetyteewt: folds 
Sandslug: folds 
*** FLOP *** [Tc 8c 3c]
BezDopinga: bets $0.14
ikai78: folds 
Uncalled bet ($0.14) returned to BezDopinga
BezDopinga collected $0.14 from pot
BezDopinga: doesn't show hand 
*** SUMMARY ***
Total pot $0.15 | Rake $0.01 
Board [Tc 8c 3c]
Seat 2: pinbotani folded before Flop (didn't bet)
Seat 4: BezDopinga collected ($0.14)
Seat 5: ikai78 folded on the Flop
Seat 6: Acetime72 folded before Flop (didn't bet)
Seat 7: Dorex2007 (button) folded before Flop (didn't bet)
Seat 8: tweetyteewt (small blind) folded before Flop
Seat 9: Sandslug (big blind) folded before Flop



PokerStars Hand #232133219202:  Hold'em No Limit ($0.01/$0.02 USD) - 2021/12/11 10:56:56 PT [2021/12/11 13:56:56 ET]
Table 'Matar' 9-max Seat #8 is the button
Seat 1: nitramjr420 ($0.80 in chips) 
Seat 2: pinbotani ($2.07 in chips) 
Seat 4: BezDopinga ($0.60 in chips) 
Seat 5: ikai78 ($0.77 in chips) 
Seat 6: Acetime72 ($2.53 in chips) 
Seat 7: Dorex2007 ($2.15 in chips) 
Seat 8: tweetyteewt ($4.75 in chips) 
Seat 9: Sandslug ($2 in chips) 
Sandslug: posts small blind $0.01
nitramjr420: posts big blind $0.02
*** HOLE CARDS ***
Dealt to Dorex2007 [5s 5c]
pinbotani: raises $0.04 to $0.06
BezDopinga: folds 
ikai78: raises $0.71 to $0.77 and is all-in
Acetime72: folds 
Dorex2007: folds 
tweetyteewt: folds 
Sandslug: folds 
nitramjr420: folds 
pinbotani: folds 
Uncalled bet ($0.71) returned to ikai78
ikai78 collected $0.15 from pot
*** SUMMARY ***
Total pot $0.15 | Rake $0 
Seat 1: nitramjr420 (big blind) folded before Flop
Seat 2: pinbotani folded before Flop
Seat 4: BezDopinga folded before Flop (didn't bet)
Seat 5: ikai78 collected ($0.15)
Seat 6: Acetime72 folded before Flop (didn't bet)
Seat 7: Dorex2007 folded before Flop (didn't bet)
Seat 8: tweetyteewt (button) folded before Flop (didn't bet)
Seat 9: Sandslug (small blind) folded before Flop



PokerStars Hand #232133225589:  Hold'em No Limit ($0.01/$0.02 USD) - 2021/12/11 10:57:15 PT [2021/12/11 13:57:15 ET]
Table 'Matar' 9-max Seat #9 is the button
Seat 1: nitramjr420 ($0.78 in chips) 
Seat 2: pinbotani ($2.01 in chips) 
Seat 4: BezDopinga ($0.60 in chips) 
Seat 5: ikai78 ($0.86 in chips) 
Seat 6: Acetime72 ($2.53 in chips) 
Seat 7: Dorex2007 ($2.15 in chips) 
Seat 8: tweetyteewt ($4.75 in chips) 
Seat 9: Sandslug ($2 in chips) 
nitramjr420: posts small blind $0.01
pinbotani: posts big blind $0.02
*** HOLE CARDS ***
Dealt to Dorex2007 [Kd Kc]
BezDopinga: folds 
ikai78: folds 
Acetime72: raises $0.04 to $0.06
Benny_M_13 leaves the table
Dorex2007: raises $0.04 to $0.10
tweetyteewt: folds 
Sandslug: folds 
nitramjr420: folds 
pinbotani: folds 
Acetime72: calls $0.04
*** FLOP *** [3s Td Ad]
Acetime72: checks 
Dorex2007: checks 
*** TURN *** [3s Td Ad] [Jh]
Acetime72: checks 
Dorex2007: bets $0.11
Abonka joins the table at seat #3 
Acetime72: folds 
Uncalled bet ($0.11) returned to Dorex2007
Dorex2007 collected $0.22 from pot
Dorex2007: doesn't show hand 
*** SUMMARY ***
Total pot $0.23 | Rake $0.01 
Board [3s Td Ad Jh]
Seat 1: nitramjr420 (small blind) folded before Flop
Seat 2: pinbotani (big blind) folded before Flop
Seat 4: BezDopinga folded before Flop (didn't bet)
Seat 5: ikai78 folded before Flop (didn't bet)
Seat 6: Acetime72 folded on the Turn
Seat 7: Dorex2007 collected ($0.22)
Seat 8: tweetyteewt folded before Flop (didn't bet)
Seat 9: Sandslug (button) folded before Flop (didn't bet)



PokerStars Hand #232133239931:  Hold'em No Limit ($0.01/$0.02 USD) - 2021/12/11 10:57:55 PT [2021/12/11 13:57:55 ET]
Table 'Matar' 9-max Seat #1 is the button
Seat 1: nitramjr420 ($0.77 in chips) 
Seat 2: pinbotani ($2 in chips) 
Seat 3: Abonka ($1.60 in chips) 
Seat 4: BezDopinga ($0.60 in chips) 
Seat 5: ikai78 ($0.86 in chips) 
Seat 6: Acetime72 ($2.43 in chips) 
Seat 7: Dorex2007 ($2.27 in chips) 
Seat 8: tweetyteewt ($4.75 in chips) 
Seat 9: Sandslug ($2 in chips) 
pinbotani: posts small blind $0.01
Abonka: posts big blind $0.02
*** HOLE CARDS ***
Dealt to Dorex2007 [3d 7c]
BezDopinga: folds 
ikai78: raises $0.04 to $0.06
Acetime72: folds 
Dorex2007: folds 
tweetyteewt: folds 
Sandslug: folds 
nitramjr420: calls $0.06
pinbotani: folds 
Abonka: calls $0.04
*** FLOP *** [8d Jd 9s]
Abonka: checks 
ikai78: bets $0.09
nitramjr420: folds 
Abonka: folds 
Uncalled bet ($0.09) returned to ikai78
ikai78 collected $0.18 from pot
*** SUMMARY ***
Total pot $0.19 | Rake $0.01 
Board [8d Jd 9s]
Seat 1: nitramjr420 (button) folded on the Flop
Seat 2: pinbotani (small blind) folded before Flop
Seat 3: Abonka (big blind) folded on the Flop
Seat 4: BezDopinga folded before Flop (didn't bet)
Seat 5: ikai78 collected ($0.18)
Seat 6: Acetime72 folded before Flop (didn't bet)
Seat 7: Dorex2007 folded before Flop (didn't bet)
Seat 8: tweetyteewt folded before Flop (didn't bet)
Seat 9: Sandslug folded before Flop (didn't bet)



PokerStars Hand #232133251018:  Hold'em No Limit ($0.01/$0.02 USD) - 2021/12/11 10:58:26 PT [2021/12/11 13:58:26 ET]
Table 'Matar' 9-max Seat #2 is the button
Seat 1: nitramjr420 ($0.71 in chips) 
Seat 2: pinbotani ($2 in chips) 
Seat 3: Abonka ($1.54 in chips) 
Seat 4: BezDopinga ($0.60 in chips) 
Seat 5: ikai78 ($0.98 in chips) 
Seat 6: Acetime72 ($2.43 in chips) 
Seat 7: Dorex2007 ($2.27 in chips) 
Seat 8: tweetyteewt ($4.75 in chips) 
Seat 9: Sandslug ($2 in chips) 
Abonka: posts small blind $0.01
BezDopinga: posts big blind $0.02
*** HOLE CARDS ***
Dealt to Dorex2007 [Th 2c]
ikai78: folds 
Acetime72: folds 
Dorex2007: folds 
tweetyteewt: folds 
Sandslug: folds 
nitramjr420: folds 
pinbotani: folds 
Abonka: folds 
Uncalled bet ($0.01) returned to BezDopinga
BezDopinga collected $0.02 from pot
BezDopinga: doesn't show hand 
*** SUMMARY ***
Total pot $0.02 | Rake $0 
Seat 1: nitramjr420 folded before Flop (didn't bet)
Seat 2: pinbotani (button) folded before Flop (didn't bet)
Seat 3: Abonka (small blind) folded before Flop
Seat 4: BezDopinga (big blind) collected ($0.02)
Seat 5: ikai78 folded before Flop (didn't bet)
Seat 6: Acetime72 folded before Flop (didn't bet)
Seat 7: Dorex2007 folded before Flop (didn't bet)
Seat 8: tweetyteewt folded before Flop (didn't bet)
Seat 9: Sandslug folded before Flop (didn't bet)



PokerStars Hand #232133256904:  Hold'em No Limit ($0.01/$0.02 USD) - 2021/12/11 10:58:43 PT [2021/12/11 13:58:43 ET]
Table 'Matar' 9-max Seat #3 is the button
Seat 1: nitramjr420 ($0.71 in chips) 
Seat 2: pinbotani ($2 in chips) 
Seat 3: Abonka ($1.53 in chips) 
Seat 4: BezDopinga ($0.61 in chips) 
Seat 5: ikai78 ($0.98 in chips) 
Seat 6: Acetime72 ($2.43 in chips) 
Seat 7: Dorex2007 ($2.27 in chips) 
Seat 8: tweetyteewt ($4.75 in chips) 
Seat 9: Sandslug ($2 in chips) 
BezDopinga: posts small blind $0.01
ikai78: posts big blind $0.02
*** HOLE CARDS ***
Dealt to Dorex2007 [6h 5s]
Acetime72: folds 
Dorex2007: folds 
tweetyteewt: folds 
Sandslug: folds 
nitramjr420: calls $0.02
pinbotani: folds 
Abonka: calls $0.02
BezDopinga: calls $0.01
ikai78: checks 
*** FLOP *** [Ks 8s 8c]
BezDopinga: checks 
ikai78: checks 
nitramjr420: checks 
Abonka: checks 
*** TURN *** [Ks 8s 8c] [Qh]
BezDopinga: checks 
ikai78: bets $0.04
nitramjr420: calls $0.04
Abonka: folds 
BezDopinga: folds 
*** RIVER *** [Ks 8s 8c Qh] [4d]
ikai78: bets $0.08
nitramjr420: folds 
Uncalled bet ($0.08) returned to ikai78
ikai78 collected $0.15 from pot
ikai78: doesn't show hand 
*** SUMMARY ***
Total pot $0.16 | Rake $0.01 
Board [Ks 8s 8c Qh 4d]
Seat 1: nitramjr420 folded on the River
Seat 2: pinbotani folded before Flop (didn't bet)
Seat 3: Abonka (button) folded on the Turn
Seat 4: BezDopinga (small blind) folded on the Turn
Seat 5: ikai78 (big blind) collected ($0.15)
Seat 6: Acetime72 folded before Flop (didn't bet)
Seat 7: Dorex2007 folded before Flop (didn't bet)
Seat 8: tweetyteewt folded before Flop (didn't bet)
Seat 9: Sandslug folded before Flop (didn't bet)



PokerStars Hand #232133279551:  Hold'em No Limit ($0.01/$0.02 USD) - 2021/12/11 10:59:47 PT [2021/12/11 13:59:47 ET]
Table 'Matar' 9-max Seat #4 is the button
Seat 1: nitramjr420 ($0.65 in chips) 
Seat 2: pinbotani ($2 in chips) 
Seat 3: Abonka ($1.51 in chips) 
Seat 4: BezDopinga ($0.59 in chips) 
Seat 5: ikai78 ($1.07 in chips) 
Seat 6: Acetime72 ($2.43 in chips) 
Seat 7: Dorex2007 ($2.27 in chips) 
Seat 8: tweetyteewt ($4.75 in chips) 
Seat 9: Sandslug ($2 in chips) 
ikai78: posts small blind $0.01
Acetime72: posts big blind $0.02
*** HOLE CARDS ***
Dealt to Dorex2007 [Kc Jh]
Dorex2007: folds 
tweetyteewt: folds 
Sandslug: folds 
nitramjr420: folds 
pinbotani: folds 
Abonka: folds 
BezDopinga: folds 
ikai78: raises $0.04 to $0.06
Acetime72: calls $0.04
*** FLOP *** [4c As 9s]
ikai78: bets $0.06
Acetime72: folds 
Uncalled bet ($0.06) returned to ikai78
ikai78 collected $0.12 from pot
*** SUMMARY ***
Total pot $0.12 | Rake $0 
Board [4c As 9s]
Seat 1: nitramjr420 folded before Flop (didn't bet)
Seat 2: pinbotani folded before Flop (didn't bet)
Seat 3: Abonka folded before Flop (didn't bet)
Seat 4: BezDopinga (button) folded before Flop (didn't bet)
Seat 5: ikai78 (small blind) collected ($0.12)
Seat 6: Acetime72 (big blind) folded on the Flop
Seat 7: Dorex2007 folded before Flop (didn't bet)
Seat 8: tweetyteewt folded before Flop (didn't bet)
Seat 9: Sandslug folded before Flop (didn't bet)



PokerStars Hand #232133287527:  Hold'em No Limit ($0.01/$0.02 USD) - 2021/12/11 11:00:09 PT [2021/12/11 14:00:09 ET]
Table 'Matar' 9-max Seat #5 is the button
Seat 1: nitramjr420 ($0.65 in chips) 
Seat 2: pinbotani ($2 in chips) 
Seat 3: Abonka ($1.51 in chips) 
Seat 5: ikai78 ($1.13 in chips) 
Seat 6: Acetime72 ($2.37 in chips) 
Seat 7: Dorex2007 ($2.27 in chips) 
Seat 8: tweetyteewt ($4.75 in chips) 
Seat 9: Sandslug ($2 in chips) 
Acetime72: posts small blind $0.01
Dorex2007: posts big blind $0.02
*** HOLE CARDS ***
Dealt to Dorex2007 [Ks Jd]
tweetyteewt: folds 
Sandslug: raises $0.04 to $0.06
nitramjr420: raises $0.15 to $0.21
pinbotani: folds 
Abonka: folds 
ikai78: folds 
Acetime72: folds 
Dorex2007: folds 
Sandslug: raises $1.79 to $2 and is all-in
nitramjr420: calls $0.44 and is all-in
Uncalled bet ($1.35) returned to Sandslug
*** FLOP *** [6h Ah 7d]
*** TURN *** [6h Ah 7d] [4d]
*** RIVER *** [6h Ah 7d 4d] [8c]
*** SHOW DOWN ***
Sandslug: shows [Qs Qh] (a pair of Queens)
nitramjr420: shows [Kd As] (a pair of Aces)
nitramjr420 collected $1.28 from pot
*** SUMMARY ***
Total pot $1.33 | Rake $0.05 
Board [6h Ah 7d 4d 8c]
Seat 1: nitramjr420 showed [Kd As] and won ($1.28) with a pair of Aces
Seat 2: pinbotani folded before Flop (didn't bet)
Seat 3: Abonka folded before Flop (didn't bet)
Seat 5: ikai78 (button) folded before Flop (didn't bet)
Seat 6: Acetime72 (small blind) folded before Flop
Seat 7: Dorex2007 (big blind) folded before Flop
Seat 8: tweetyteewt folded before Flop (didn't bet)
Seat 9: Sandslug showed [Qs Qh] and lost with a pair of Queens



PokerStars Hand #232133302842:  Hold'em No Limit ($0.01/$0.02 USD) - 2021/12/11 11:00:49 PT [2021/12/11 14:00:49 ET]
Table 'Matar' 9-max Seat #6 is the button
Seat 1: nitramjr420 ($1.28 in chips) 
Seat 2: pinbotani ($2 in chips) 
Seat 3: Abonka ($1.51 in chips) 
Seat 5: ikai78 ($1.13 in chips) 
Seat 6: Acetime72 ($2.36 in chips) 
Seat 7: Dorex2007 ($2.25 in chips) 
Seat 8: tweetyteewt ($4.75 in chips) 
Seat 9: Sandslug ($2 in chips) 
Dorex2007: posts small blind $0.01
tweetyteewt: posts big blind $0.02
*** HOLE CARDS ***
Dealt to Dorex2007 [Qc Ah]
Sandslug: raises $0.04 to $0.06
nitramjr420 has timed out
nitramjr420: folds 
pinbotani: folds 
Abonka: folds 
ikai78: folds 
Acetime72: folds 
Dorex2007: calls $0.05
tweetyteewt: folds 
*** FLOP *** [7h 2d Ad]
Dorex2007: checks 
Sandslug: bets $0.06
Dorex2007: raises $0.06 to $0.12
Sandslug: calls $0.06
*** TURN *** [7h 2d Ad] [9h]
Dorex2007: bets $0.19
Sandslug: folds 
Uncalled bet ($0.19) returned to Dorex2007
Dorex2007 collected $0.37 from pot
Dorex2007: doesn't show hand 
*** SUMMARY ***
Total pot $0.38 | Rake $0.01 
Board [7h 2d Ad 9h]
Seat 1: nitramjr420 folded before Flop (didn't bet)
Seat 2: pinbotani folded before Flop (didn't bet)
Seat 3: Abonka folded before Flop (didn't bet)
Seat 5: ikai78 folded before Flop (didn't bet)
Seat 6: Acetime72 (button) folded before Flop (didn't bet)
Seat 7: Dorex2007 (small blind) collected ($0.37)
Seat 8: tweetyteewt (big blind) folded before Flop
Seat 9: Sandslug folded on the Turn



PokerStars Hand #232133327815:  Hold'em No Limit ($0.01/$0.02 USD) - 2021/12/11 11:01:43 PT [2021/12/11 14:01:43 ET]
Table 'Matar' 9-max Seat #7 is the button
Seat 2: pinbotani ($2 in chips) 
Seat 3: Abonka ($1.51 in chips) 
Seat 4: BezDopinga ($0.59 in chips) 
Seat 5: ikai78 ($1.13 in chips) 
Seat 6: Acetime72 ($2.36 in chips) 
Seat 7: Dorex2007 ($2.44 in chips) 
Seat 8: tweetyteewt ($4.73 in chips) 
Seat 9: Sandslug ($2 in chips) 
tweetyteewt: posts small blind $0.01
Sandslug: posts big blind $0.02
*** HOLE CARDS ***
Dealt to Dorex2007 [7s Qs]
pinbotani: folds 
Abonka: folds 
BezDopinga: folds 
ikai78: folds 
Acetime72: raises $0.04 to $0.06
Dorex2007: folds 
tweetyteewt: folds 
Sandslug: calls $0.04
*** FLOP *** [Jd 6h Qd]
Sandslug: checks 
Acetime72: bets $0.07
Sandslug: calls $0.07
*** TURN *** [Jd 6h Qd] [8c]
Sandslug: checks 
Acetime72: bets $0.14
Sandslug: calls $0.14
*** RIVER *** [Jd 6h Qd 8c] [Qh]
Sandslug: checks 
Acetime72: bets $0.53
Sandslug: raises $1.20 to $1.73 and is all-in
Acetime72: calls $1.20
*** SHOW DOWN ***
Sandslug: shows [Th Qc] (three of a kind, Queens)
Acetime72: shows [Jh Jc] (a full house, Jacks full of Queens)
Acetime72 collected $3.87 from pot
*** SUMMARY ***
Total pot $4.01 | Rake $0.14 
Board [Jd 6h Qd 8c Qh]
Seat 2: pinbotani folded before Flop (didn't bet)
Seat 3: Abonka folded before Flop (didn't bet)
Seat 4: BezDopinga folded before Flop (didn't bet)
Seat 5: ikai78 folded before Flop (didn't bet)
Seat 6: Acetime72 showed [Jh Jc] and won ($3.87) with a full house, Jacks full of Queens
Seat 7: Dorex2007 (button) folded before Flop (didn't bet)
Seat 8: tweetyteewt (small blind) folded before Flop
Seat 9: Sandslug (big blind) showed [Th Qc] and lost with three of a kind, Queens



PokerStars Hand #232133353268:  Hold'em No Limit ($0.01/$0.02 USD) - 2021/12/11 11:02:31 PT [2021/12/11 14:02:31 ET]
Table 'Matar' 9-max Seat #8 is the button
Seat 1: nitramjr420 ($1.28 in chips) 
Seat 2: pinbotani ($2 in chips) 
Seat 3: Abonka ($1.51 in chips) 
Seat 4: BezDopinga ($0.59 in chips) 
Seat 5: ikai78 ($1.13 in chips) 
Seat 6: Acetime72 ($4.23 in chips) 
Seat 7: Dorex2007 ($2.44 in chips) 
Seat 8: tweetyteewt ($4.72 in chips) 
Seat 9: Sandslug ($2 in chips) 
Sandslug: posts small blind $0.01
nitramjr420: posts big blind $0.02
*** HOLE CARDS ***
Dealt to Dorex2007 [9c 2d]
pinbotani: folds 
Abonka: folds 
BezDopinga: folds 
ikai78: raises $0.04 to $0.06
Acetime72: folds 
Dorex2007: folds 
tweetyteewt: folds 
Sandslug: calls $0.05
nitramjr420: folds 
*** FLOP *** [2h 4s 5d]
Sandslug: checks 
ikai78: bets $0.07
Sandslug: calls $0.07
*** TURN *** [2h 4s 5d] [Jc]
Sandslug: checks 
ikai78: bets $0.14
Sandslug: folds 
Uncalled bet ($0.14) returned to ikai78
ikai78 collected $0.27 from pot
ikai78: doesn't show hand 
*** SUMMARY ***
Total pot $0.28 | Rake $0.01 
Board [2h 4s 5d Jc]
Seat 1: nitramjr420 (big blind) folded before Flop
Seat 2: pinbotani folded before Flop (didn't bet)
Seat 3: Abonka folded before Flop (didn't bet)
Seat 4: BezDopinga folded before Flop (didn't bet)
Seat 5: ikai78 collected ($0.27)
Seat 6: Acetime72 folded before Flop (didn't bet)
Seat 7: Dorex2007 folded before Flop (didn't bet)
Seat 8: tweetyteewt (button) folded before Flop (didn't bet)
Seat 9: Sandslug (small blind) folded on the Turn



PokerStars Hand #232133371153:  Hold'em No Limit ($0.01/$0.02 USD) - 2021/12/11 11:03:05 PT [2021/12/11 14:03:05 ET]
Table 'Matar' 9-max Seat #9 is the button
Seat 1: nitramjr420 ($1.26 in chips) 
Seat 2: pinbotani ($2 in chips) 
Seat 3: Abonka ($1.51 in chips) 
Seat 4: BezDopinga ($0.59 in chips) 
Seat 5: ikai78 ($1.27 in chips) 
Seat 6: Acetime72 ($4.23 in chips) 
Seat 7: Dorex2007 ($2.44 in chips) 
Seat 8: tweetyteewt ($4.72 in chips) 
Seat 9: Sandslug ($2 in chips) 
nitramjr420: posts small blind $0.01
pinbotani: posts big blind $0.02
*** HOLE CARDS ***
Dealt to Dorex2007 [As Qh]
Abonka: folds 
BezDopinga: folds 
ikai78: raises $0.04 to $0.06
Acetime72: folds 
Dorex2007: calls $0.06
tweetyteewt: folds 
Sandslug: calls $0.06
nitramjr420: folds 
pinbotani: folds 
*** FLOP *** [Ad 5c 2d]
ikai78: checks 
Dorex2007: checks 
Sandslug: bets $0.10
ikai78: folds 
Dorex2007: raises $0.10 to $0.20
Sandslug: raises $1.74 to $1.94 and is all-in
Dorex2007: calls $1.74
*** TURN *** [Ad 5c 2d] [Kd]
*** RIVER *** [Ad 5c 2d Kd] [6h]
*** SHOW DOWN ***
Dorex2007: shows [As Qh] (a pair of Aces)
Sandslug: shows [4s Ac] (a pair of Aces - lower kicker)
Dorex2007 cashed out the hand for $2.80 | Cash Out Fee $0.03
*** SUMMARY ***
Total pot $4.09 | Rake $0.14 
Board [Ad 5c 2d Kd 6h]
Seat 1: nitramjr420 (small blind) folded before Flop
Seat 2: pinbotani (big blind) folded before Flop
Seat 3: Abonka folded before Flop (didn't bet)
Seat 4: BezDopinga folded before Flop (didn't bet)
Seat 5: ikai78 folded on the Flop
Seat 6: Acetime72 folded before Flop (didn't bet)
Seat 7: Dorex2007 showed [As Qh] and won ($3.95) with a pair of Aces (pot not awarded as player cashed out)
Seat 8: tweetyteewt folded before Flop (didn't bet)
Seat 9: Sandslug (button) showed [4s Ac] and lost with a pair of Aces



PokerStars Hand #232133399455:  Hold'em No Limit ($0.01/$0.02 USD) - 2021/12/11 11:03:55 PT [2021/12/11 14:03:55 ET]
Table 'Matar' 9-max Seat #1 is the button
Seat 1: nitramjr420 ($1.25 in chips) 
Seat 2: pinbotani ($2 in chips) 
Seat 3: Abonka ($1.51 in chips) 
Seat 4: BezDopinga ($0.59 in chips) 
Seat 5: ikai78 ($1.21 in chips) 
Seat 6: Acetime72 ($4.23 in chips) 
Seat 7: Dorex2007 ($3.24 in chips) 
Seat 8: tweetyteewt ($4.72 in chips) 
Seat 9: Sandslug ($2 in chips) 
pinbotani: posts small blind $0.01
Abonka: posts big blind $0.02
*** HOLE CARDS ***
Dealt to Dorex2007 [8s 9h]
BezDopinga: calls $0.02
ikai78: folds 
Acetime72: folds 
Dorex2007: folds 
tweetyteewt: folds 
Sandslug: folds 
nitramjr420: folds 
pinbotani: calls $0.01
Abonka: checks 
*** FLOP *** [4h Qd 8d]
pinbotani: checks 
Abonka: checks 
BezDopinga: bets $0.06
pinbotani: folds 
Abonka: calls $0.06
*** TURN *** [4h Qd 8d] [2s]
Abonka: checks 
BezDopinga: bets $0.17
Abonka: calls $0.17
*** RIVER *** [4h Qd 8d 2s] [7c]
Abonka: checks 
BezDopinga: checks 
*** SHOW DOWN ***
Abonka: shows [Th Qc] (a pair of Queens)
BezDopinga: shows [Js Qh] (a pair of Queens - Jack kicker)
BezDopinga collected $0.50 from pot
*** SUMMARY ***
Total pot $0.52 | Rake $0.02 
Board [4h Qd 8d 2s 7c]
Seat 1: nitramjr420 (button) folded before Flop (didn't bet)
Seat 2: pinbotani (small blind) folded on the Flop
Seat 3: Abonka (big blind) showed [Th Qc] and lost with a pair of Queens
Seat 4: BezDopinga showed [Js Qh] and won ($0.50) with a pair of Queens
Seat 5: ikai78 folded before Flop (didn't bet)
Seat 6: Acetime72 folded before Flop (didn't bet)
Seat 7: Dorex2007 folded before Flop (didn't bet)
Seat 8: tweetyteewt folded before Flop (didn't bet)
Seat 9: Sandslug folded before Flop (didn't bet)



PokerStars Hand #232133425141:  Hold'em No Limit ($0.01/$0.02 USD) - 2021/12/11 11:04:42 PT [2021/12/11 14:04:42 ET]
Table 'Matar' 9-max Seat #2 is the button
Seat 1: nitramjr420 ($1.25 in chips) 
Seat 2: pinbotani ($2 in chips) 
Seat 3: Abonka ($1.26 in chips) 
Seat 4: BezDopinga ($0.84 in chips) 
Seat 5: ikai78 ($1.21 in chips) 
Seat 6: Acetime72 ($4.23 in chips) 
Seat 7: Dorex2007 ($3.24 in chips) 
Seat 8: tweetyteewt ($4.72 in chips) 
Seat 9: Sandslug ($2 in chips) 
Abonka: posts small blind $0.01
BezDopinga: posts big blind $0.02
*** HOLE CARDS ***
Dealt to Dorex2007 [Jc Ac]
ikai78: raises $0.04 to $0.06
Acetime72: folds 
Dorex2007: calls $0.06
tweetyteewt: folds 
Sandslug: folds 
nitramjr420: folds 
pinbotani: folds 
Abonka: calls $0.05
BezDopinga: folds 
*** FLOP *** [Js Th 9h]
Abonka: bets $0.18
ikai78: calls $0.18
Dorex2007: folds 
*** TURN *** [Js Th 9h] [7h]
Abonka: bets $1.02 and is all-in
ikai78: calls $0.97 and is all-in
Uncalled bet ($0.05) returned to Abonka
*** RIVER *** [Js Th 9h 7h] [Tc]
*** SHOW DOWN ***
Abonka: shows [Kd Qc] (a straight, Nine to King)
ikai78: shows [Jh As] (two pair, Jacks and Tens)
Abonka cashed out the hand for $1.90 | Cash Out Fee $0.02
*** SUMMARY ***
Total pot $2.50 | Rake $0.09 
Board [Js Th 9h 7h Tc]
Seat 1: nitramjr420 folded before Flop (didn't bet)
Seat 2: pinbotani (button) folded before Flop (didn't bet)
Seat 3: Abonka (small blind) showed [Kd Qc] and won ($2.41) with a straight, Nine to King (pot not awarded as player cashed out)
Seat 4: BezDopinga (big blind) folded before Flop
Seat 5: ikai78 showed [Jh As] and lost with two pair, Jacks and Tens
Seat 6: Acetime72 folded before Flop (didn't bet)
Seat 7: Dorex2007 folded on the Flop
Seat 8: tweetyteewt folded before Flop (didn't bet)
Seat 9: Sandslug folded before Flop (didn't bet)



PokerStars Hand #232133458692:  Hold'em No Limit ($0.01/$0.02 USD) - 2021/12/11 11:05:42 PT [2021/12/11 14:05:42 ET]
Table 'Matar' 9-max Seat #3 is the button
Seat 1: nitramjr420 ($1.25 in chips) 
Seat 2: pinbotani ($2 in chips) 
Seat 3: Abonka ($1.95 in chips) 
Seat 4: BezDopinga ($0.82 in chips) 
Seat 7: Dorex2007 ($3.18 in chips) 
Seat 8: tweetyteewt ($4.72 in chips) 
Seat 9: Sandslug ($2 in chips) 
BezDopinga: posts small blind $0.01
Acetime72: is sitting out 
Dorex2007: posts big blind $0.02
*** HOLE CARDS ***
Dealt to Dorex2007 [Td Kh]
tweetyteewt: raises $0.02 to $0.04
Sandslug: folds 
ikai78 leaves the table
nitramjr420: calls $0.04
pinbotani: raises $0.18 to $0.22
Abonka: folds 
BezDopinga: folds 
Dorex2007: folds 
Acetime72 leaves the table
tweetyteewt: folds 
nitramjr420: folds 
Uncalled bet ($0.18) returned to pinbotani
pinbotani collected $0.15 from pot
pinbotani: doesn't show hand 
*** SUMMARY ***
Total pot $0.15 | Rake $0 
Seat 1: nitramjr420 folded before Flop
Seat 2: pinbotani collected ($0.15)
Seat 3: Abonka (button) folded before Flop (didn't bet)
Seat 4: BezDopinga (small blind) folded before Flop
Seat 7: Dorex2007 (big blind) folded before Flop
Seat 8: tweetyteewt folded before Flop
Seat 9: Sandslug folded before Flop (didn't bet)



PokerStars Hand #232133477688:  Hold'em No Limit ($0.01/$0.02 USD) - 2021/12/11 11:06:16 PT [2021/12/11 14:06:16 ET]
Table 'Matar' 9-max Seat #4 is the button
Seat 1: nitramjr420 ($1.21 in chips) 
Seat 2: pinbotani ($2.11 in chips) 
Seat 3: Abonka ($1.95 in chips) 
Seat 4: BezDopinga ($0.81 in chips) 
Seat 7: Dorex2007 ($3.16 in chips) 
Seat 8: tweetyteewt ($4.68 in chips) 
Seat 9: Sandslug ($2 in chips) 
Dorex2007: posts small blind $0.01
tweetyteewt: posts big blind $0.02
*** HOLE CARDS ***
Dealt to Dorex2007 [2c Ah]
Sandslug: folds 
nitramjr420: calls $0.02
pinbotani: folds 
Abonka: folds 
BezDopinga: raises $0.08 to $0.10
Dorex2007: folds 
tweetyteewt: folds 
nitramjr420: calls $0.08
*** FLOP *** [9d 8c 6h]
nitramjr420: checks 
BezDopinga: bets $0.71 and is all-in
nitramjr420: folds 
Uncalled bet ($0.71) returned to BezDopinga
BezDopinga collected $0.22 from pot
BezDopinga: doesn't show hand 
*** SUMMARY ***
Total pot $0.23 | Rake $0.01 
Board [9d 8c 6h]
Seat 1: nitramjr420 folded on the Flop
Seat 2: pinbotani folded before Flop (didn't bet)
Seat 3: Abonka folded before Flop (didn't bet)
Seat 4: BezDopinga (button) collected ($0.22)
Seat 7: Dorex2007 (small blind) folded before Flop
Seat 8: tweetyteewt (big blind) folded before Flop
Seat 9: Sandslug folded before Flop (didn't bet)



PokerStars Hand #232133545291:  Hold'em No Limit ($0.01/$0.02 USD) - 2021/12/11 11:08:03 PT [2021/12/11 14:08:03 ET]
Table 'Matar' 9-max Seat #7 is the button
Seat 7: Dorex2007 ($3.15 in chips) 
Seat 8: tweetyteewt ($4.65 in chips) 
Dorex2007: posts small blind $0.01
tweetyteewt: posts big blind $0.02
*** HOLE CARDS ***
Dealt to Dorex2007 [Ts 8d]
Dorex2007: raises $0.02 to $0.04
tweetyteewt: folds 
Uncalled bet ($0.02) returned to Dorex2007
Dorex2007 collected $0.04 from pot
Dorex2007: doesn't show hand 
*** SUMMARY ***
Total pot $0.04 | Rake $0 
Seat 7: Dorex2007 (button) (small blind) collected ($0.04)
Seat 8: tweetyteewt (big blind) folded before Flop



PokerStars Hand #232133549711:  Hold'em No Limit ($0.01/$0.02 USD) - 2021/12/11 11:08:11 PT [2021/12/11 14:08:11 ET]
Table 'Matar' 9-max Seat #8 is the button
Seat 7: Dorex2007 ($3.17 in chips) 
Seat 8: tweetyteewt ($4.63 in chips) 
tweetyteewt: posts small blind $0.01
Dorex2007: posts big blind $0.02
*** HOLE CARDS ***
Dealt to Dorex2007 [Js 5h]
tweetyteewt: raises $0.02 to $0.04
Dorex2007: folds 
Uncalled bet ($0.02) returned to tweetyteewt
tweetyteewt collected $0.04 from pot
tweetyteewt: doesn't show hand 
*** SUMMARY ***
Total pot $0.04 | Rake $0 
Seat 7: Dorex2007 (big blind) folded before Flop
Seat 8: tweetyteewt (button) (small blind) collected ($0.04)



PokerStars Hand #232133552624:  Hold'em No Limit ($0.01/$0.02 USD) - 2021/12/11 11:08:16 PT [2021/12/11 14:08:16 ET]
Table 'Matar' 9-max Seat #7 is the button
Seat 7: Dorex2007 ($3.15 in chips) 
Seat 8: tweetyteewt ($4.65 in chips) 
Dorex2007: posts small blind $0.01
tweetyteewt: posts big blind $0.02
*** HOLE CARDS ***
Dealt to Dorex2007 [5h As]
Dorex2007: folds 
Uncalled bet ($0.01) returned to tweetyteewt
tweetyteewt collected $0.02 from pot
tweetyteewt: doesn't show hand 
*** SUMMARY ***
Total pot $0.02 | Rake $0 
Seat 7: Dorex2007 (button) (small blind) folded before Flop
Seat 8: tweetyteewt (big blind) collected ($0.02)



PokerStars Hand #232133555472:  Hold'em No Limit ($0.01/$0.02 USD) - 2021/12/11 11:08:22 PT [2021/12/11 14:08:22 ET]
Table 'Matar' 9-max Seat #8 is the button
Seat 7: Dorex2007 ($3.14 in chips) 
Seat 8: tweetyteewt ($4.66 in chips) 
tweetyteewt: posts small blind $0.01
Dorex2007: posts big blind $0.02
*** HOLE CARDS ***
Dealt to Dorex2007 [3c 2d]
tweetyteewt: folds 
Uncalled bet ($0.01) returned to Dorex2007
Dorex2007 collected $0.02 from pot
Dorex2007: doesn't show hand 
*** SUMMARY ***
Total pot $0.02 | Rake $0 
Seat 7: Dorex2007 (big blind) collected ($0.02)
Seat 8: tweetyteewt (button) (small blind) folded before Flop



PokerStars Hand #232133558123:  Hold'em No Limit ($0.01/$0.02 USD) - 2021/12/11 11:08:26 PT [2021/12/11 14:08:26 ET]
Table 'Matar' 9-max Seat #7 is the button
Seat 7: Dorex2007 ($3.15 in chips) 
Seat 8: tweetyteewt ($4.65 in chips) 
Dorex2007: posts small blind $0.01
tweetyteewt: posts big blind $0.02
*** HOLE CARDS ***
Dealt to Dorex2007 [Jh 3s]
Dorex2007: folds 
Uncalled bet ($0.01) returned to tweetyteewt
tweetyteewt collected $0.02 from pot
tweetyteewt: doesn't show hand 
*** SUMMARY ***
Total pot $0.02 | Rake $0 
Seat 7: Dorex2007 (button) (small blind) folded before Flop
Seat 8: tweetyteewt (big blind) collected ($0.02)



PokerStars Hand #232133561116:  Hold'em No Limit ($0.01/$0.02 USD) - 2021/12/11 11:08:32 PT [2021/12/11 14:08:32 ET]
Table 'Matar' 9-max Seat #8 is the button
Seat 7: Dorex2007 ($3.14 in chips) 
Seat 8: tweetyteewt ($4.66 in chips) 
tweetyteewt: posts small blind $0.01
Dorex2007: posts big blind $0.02
*** HOLE CARDS ***
Dealt to Dorex2007 [Ac 5s]
tweetyteewt: raises $0.02 to $0.04
Dorex2007: folds 
Uncalled bet ($0.02) returned to tweetyteewt
tweetyteewt collected $0.04 from pot
tweetyteewt: doesn't show hand 
*** SUMMARY ***
Total pot $0.04 | Rake $0 
Seat 7: Dorex2007 (big blind) folded before Flop
Seat 8: tweetyteewt (button) (small blind) collected ($0.04)



