PokerStars Hand #232148520669:  Hold'em No Limit ($0.01/$0.02 USD) - 2021/12/11 23:47:52 PT [2021/12/12 2:47:52 ET]
Table 'Porzia' 9-max Seat #6 is the button
Seat 1: aRS911t ($1.80 in chips) 
Seat 3: xxxxxl80 ($2.97 in chips) 
Seat 4: Belli Baster ($3.61 in chips) 
Seat 5: Dorex2007 ($2 in chips) 
Seat 6: Vasya175 ($2.67 in chips) 
Seat 7: Guachancho_O ($2.16 in chips) 
Seat 8: geniuss ($2.13 in chips) 
Seat 9: Dimitar5502 ($2.05 in chips) 
Guachancho_O: posts small blind $0.01
geniuss: posts big blind $0.02
gn4444: sits out 
Dorex2007: posts big blind $0.02
*** HOLE CARDS ***
Dealt to Dorex2007 [Ts 9d]
Dimitar5502: raises $0.02 to $0.04
aRS911t: folds 
xxxxxl80: calls $0.04
Belli Baster: folds 
Dorex2007: folds 
Vasya175: folds 
Guachancho_O: folds 
geniuss: folds 
*** FLOP *** [5d Td Qs]
Dimitar5502: bets $0.07
xxxxxl80: folds 
Uncalled bet ($0.07) returned to Dimitar5502
Dimitar5502 collected $0.13 from pot
*** SUMMARY ***
Total pot $0.13 | Rake $0 
Board [5d Td Qs]
Seat 1: aRS911t folded before Flop (didn't bet)
Seat 3: xxxxxl80 folded on the Flop
Seat 4: Belli Baster folded before Flop (didn't bet)
Seat 5: Dorex2007 folded before Flop (didn't bet)
Seat 6: Vasya175 (button) folded before Flop (didn't bet)
Seat 7: Guachancho_O (small blind) folded before Flop
Seat 8: geniuss (big blind) folded before Flop
Seat 9: Dimitar5502 collected ($0.13)



PokerStars Hand #232148526781:  Hold'em No Limit ($0.01/$0.02 USD) - 2021/12/11 23:48:31 PT [2021/12/12 2:48:31 ET]
Table 'Porzia' 9-max Seat #7 is the button
Seat 1: aRS911t ($1.80 in chips) 
Seat 3: xxxxxl80 ($2.93 in chips) 
Seat 4: Belli Baster ($3.61 in chips) 
Seat 5: Dorex2007 ($2 in chips) 
Seat 6: Vasya175 ($2.67 in chips) 
Seat 7: Guachancho_O ($2.15 in chips) 
Seat 8: geniuss ($2.11 in chips) 
Seat 9: Dimitar5502 ($2.14 in chips) 
geniuss: posts small blind $0.01
Dimitar5502: posts big blind $0.02
gn4444: sits out 
*** HOLE CARDS ***
Dealt to Dorex2007 [3s 5d]
aRS911t: folds 
xxxxxl80: folds 
Belli Baster: folds 
Dorex2007: folds 
Vasya175: calls $0.02
Guachancho_O: raises $0.06 to $0.08
geniuss: folds 
Dimitar5502: folds 
Vasya175: folds 
Uncalled bet ($0.06) returned to Guachancho_O
Guachancho_O collected $0.07 from pot
Guachancho_O: doesn't show hand 
*** SUMMARY ***
Total pot $0.07 | Rake $0 
Seat 1: aRS911t folded before Flop (didn't bet)
Seat 3: xxxxxl80 folded before Flop (didn't bet)
Seat 4: Belli Baster folded before Flop (didn't bet)
Seat 5: Dorex2007 folded before Flop (didn't bet)
Seat 6: Vasya175 folded before Flop
Seat 7: Guachancho_O (button) collected ($0.07)
Seat 8: geniuss (small blind) folded before Flop
Seat 9: Dimitar5502 (big blind) folded before Flop



PokerStars Hand #232148531785:  Hold'em No Limit ($0.01/$0.02 USD) - 2021/12/11 23:49:03 PT [2021/12/12 2:49:03 ET]
Table 'Porzia' 9-max Seat #8 is the button
Seat 1: aRS911t ($1.80 in chips) 
Seat 3: xxxxxl80 ($2.93 in chips) 
Seat 4: Belli Baster ($3.61 in chips) 
Seat 5: Dorex2007 ($2 in chips) 
Seat 6: Vasya175 ($2.65 in chips) 
Seat 7: Guachancho_O ($2.20 in chips) 
Seat 8: geniuss ($2.10 in chips) 
Seat 9: Dimitar5502 ($2.12 in chips) 
Dimitar5502: posts small blind $0.01
aRS911t: posts big blind $0.02
gn4444: sits out 
*** HOLE CARDS ***
Dealt to Dorex2007 [Ts Qs]
xxxxxl80 has timed out
xxxxxl80: folds 
Belli Baster: calls $0.02
Dorex2007: calls $0.02
Vasya175: raises $0.09 to $0.11
Guachancho_O: folds 
geniuss: folds 
Dimitar5502: folds 
aRS911t: folds 
Belli Baster: folds 
Dorex2007: folds 
Uncalled bet ($0.09) returned to Vasya175
Vasya175 collected $0.09 from pot
Vasya175: doesn't show hand 
*** SUMMARY ***
Total pot $0.09 | Rake $0 
Seat 1: aRS911t (big blind) folded before Flop
Seat 3: xxxxxl80 folded before Flop (didn't bet)
Seat 4: Belli Baster folded before Flop
Seat 5: Dorex2007 folded before Flop
Seat 6: Vasya175 collected ($0.09)
Seat 7: Guachancho_O folded before Flop (didn't bet)
Seat 8: geniuss (button) folded before Flop (didn't bet)
Seat 9: Dimitar5502 (small blind) folded before Flop



PokerStars Hand #232148537625:  Hold'em No Limit ($0.01/$0.02 USD) - 2021/12/11 23:49:41 PT [2021/12/12 2:49:41 ET]
Table 'Porzia' 9-max Seat #9 is the button
Seat 1: aRS911t ($1.78 in chips) 
Seat 2: gn4444 ($2 in chips) 
Seat 3: xxxxxl80 ($2.93 in chips) 
Seat 4: Belli Baster ($3.59 in chips) 
Seat 5: Dorex2007 ($2 in chips) 
Seat 6: Vasya175 ($2.72 in chips) 
Seat 7: Guachancho_O ($2.20 in chips) 
Seat 8: geniuss ($2.10 in chips) 
Seat 9: Dimitar5502 ($2.11 in chips) 
aRS911t: posts small blind $0.01
gn4444: posts big blind $0.02
*** HOLE CARDS ***
Dealt to Dorex2007 [6c As]
xxxxxl80 has timed out
xxxxxl80: folds 
Belli Baster: folds 
Dorex2007 has timed out
Dorex2007: folds 
Vasya175: folds 
Guachancho_O: folds 
geniuss: folds 
Dimitar5502: folds 
aRS911t: raises $0.04 to $0.06
gn4444: folds 
Uncalled bet ($0.04) returned to aRS911t
aRS911t collected $0.04 from pot
aRS911t: doesn't show hand 
*** SUMMARY ***
Total pot $0.04 | Rake $0 
Seat 1: aRS911t (small blind) collected ($0.04)
Seat 2: gn4444 (big blind) folded before Flop
Seat 3: xxxxxl80 folded before Flop (didn't bet)
Seat 4: Belli Baster folded before Flop (didn't bet)
Seat 5: Dorex2007 folded before Flop (didn't bet)
Seat 6: Vasya175 folded before Flop (didn't bet)
Seat 7: Guachancho_O folded before Flop (didn't bet)
Seat 8: geniuss folded before Flop (didn't bet)
Seat 9: Dimitar5502 (button) folded before Flop (didn't bet)



PokerStars Hand #232148544388:  Hold'em No Limit ($0.01/$0.02 USD) - 2021/12/11 23:50:24 PT [2021/12/12 2:50:24 ET]
Table 'Porzia' 9-max Seat #1 is the button
Seat 1: aRS911t ($1.80 in chips) 
Seat 2: gn4444 ($1.98 in chips) 
Seat 3: xxxxxl80 ($2.93 in chips) 
Seat 4: Belli Baster ($3.59 in chips) 
Seat 5: Dorex2007 ($2 in chips) 
Seat 6: Vasya175 ($2.72 in chips) 
Seat 7: Guachancho_O ($2.20 in chips) 
Seat 8: geniuss ($2.10 in chips) 
Seat 9: Dimitar5502 ($2.11 in chips) 
gn4444: posts small blind $0.01
xxxxxl80: posts big blind $0.02
*** HOLE CARDS ***
Dealt to Dorex2007 [3d Jh]
Belli Baster: folds 
Dorex2007: folds 
Vasya175: calls $0.02
Guachancho_O: folds 
geniuss: folds 
Dimitar5502: folds 
aRS911t: folds 
gn4444: folds 
xxxxxl80: checks 
*** FLOP *** [9s 4s Qs]
xxxxxl80: checks 
Vasya175: checks 
*** TURN *** [9s 4s Qs] [7c]
xxxxxl80: bets $0.02
Vasya175: calls $0.02
*** RIVER *** [9s 4s Qs 7c] [3c]
xxxxxl80: bets $0.02
Vasya175: folds 
Uncalled bet ($0.02) returned to xxxxxl80
xxxxxl80 collected $0.09 from pot
*** SUMMARY ***
Total pot $0.09 | Rake $0 
Board [9s 4s Qs 7c 3c]
Seat 1: aRS911t (button) folded before Flop (didn't bet)
Seat 2: gn4444 (small blind) folded before Flop
Seat 3: xxxxxl80 (big blind) collected ($0.09)
Seat 4: Belli Baster folded before Flop (didn't bet)
Seat 5: Dorex2007 folded before Flop (didn't bet)
Seat 6: Vasya175 folded on the River
Seat 7: Guachancho_O folded before Flop (didn't bet)
Seat 8: geniuss folded before Flop (didn't bet)
Seat 9: Dimitar5502 folded before Flop (didn't bet)



PokerStars Hand #232148552205:  Hold'em No Limit ($0.01/$0.02 USD) - 2021/12/11 23:51:14 PT [2021/12/12 2:51:14 ET]
Table 'Porzia' 9-max Seat #2 is the button
Seat 1: aRS911t ($1.80 in chips) 
Seat 2: gn4444 ($1.97 in chips) 
Seat 3: xxxxxl80 ($2.98 in chips) 
Seat 4: Belli Baster ($3.59 in chips) 
Seat 5: Dorex2007 ($2 in chips) 
Seat 6: Vasya175 ($2.68 in chips) 
Seat 7: Guachancho_O ($2.20 in chips) 
Seat 8: geniuss ($2.10 in chips) 
Seat 9: Dimitar5502 ($2.11 in chips) 
xxxxxl80: posts small blind $0.01
Belli Baster: posts big blind $0.02
*** HOLE CARDS ***
Dealt to Dorex2007 [2c 7s]
Dorex2007: folds 
Vasya175: folds 
Guachancho_O: folds 
geniuss: calls $0.02
Dimitar5502: folds 
aRS911t: folds 
gn4444: folds 
xxxxxl80: calls $0.01
Belli Baster: checks 
*** FLOP *** [7d 6d 4s]
xxxxxl80: checks 
Belli Baster: checks 
geniuss: checks 
*** TURN *** [7d 6d 4s] [2h]
xxxxxl80: checks 
Belli Baster: bets $0.02
geniuss: folds 
xxxxxl80: calls $0.02
*** RIVER *** [7d 6d 4s 2h] [Jc]
xxxxxl80: checks 
Belli Baster: bets $0.04
xxxxxl80: folds 
Uncalled bet ($0.04) returned to Belli Baster
Belli Baster collected $0.10 from pot
Belli Baster: doesn't show hand 
*** SUMMARY ***
Total pot $0.10 | Rake $0 
Board [7d 6d 4s 2h Jc]
Seat 1: aRS911t folded before Flop (didn't bet)
Seat 2: gn4444 (button) folded before Flop (didn't bet)
Seat 3: xxxxxl80 (small blind) folded on the River
Seat 4: Belli Baster (big blind) collected ($0.10)
Seat 5: Dorex2007 folded before Flop (didn't bet)
Seat 6: Vasya175 folded before Flop (didn't bet)
Seat 7: Guachancho_O folded before Flop (didn't bet)
Seat 8: geniuss folded on the Turn
Seat 9: Dimitar5502 folded before Flop (didn't bet)



PokerStars Hand #232148561889:  Hold'em No Limit ($0.01/$0.02 USD) - 2021/12/11 23:52:15 PT [2021/12/12 2:52:15 ET]
Table 'Porzia' 9-max Seat #3 is the button
Seat 1: aRS911t ($1.80 in chips) 
Seat 2: gn4444 ($1.97 in chips) 
Seat 3: xxxxxl80 ($2.94 in chips) 
Seat 4: Belli Baster ($3.65 in chips) 
Seat 5: Dorex2007 ($2 in chips) 
Seat 6: Vasya175 ($2.68 in chips) 
Seat 7: Guachancho_O ($2.20 in chips) 
Seat 8: geniuss ($2.08 in chips) 
Seat 9: Dimitar5502 ($2.11 in chips) 
Belli Baster: posts small blind $0.01
Dorex2007: posts big blind $0.02
*** HOLE CARDS ***
Dealt to Dorex2007 [3s 4c]
Vasya175: folds 
Guachancho_O: folds 
geniuss: folds 
Dimitar5502: calls $0.02
aRS911t: folds 
gn4444: folds 
xxxxxl80: calls $0.02
Belli Baster: calls $0.01
Dorex2007: checks 
*** FLOP *** [9h 8h As]
Belli Baster: checks 
Dorex2007: checks 
Dimitar5502: checks 
xxxxxl80: bets $0.02
Belli Baster: folds 
Dorex2007: folds 
Dimitar5502: calls $0.02
*** TURN *** [9h 8h As] [8s]
Dimitar5502: checks 
xxxxxl80: bets $0.02
Dimitar5502: calls $0.02
*** RIVER *** [9h 8h As 8s] [2h]
Dimitar5502: checks 
xxxxxl80: bets $0.02
Dimitar5502: calls $0.02
*** SHOW DOWN ***
xxxxxl80: shows [Ah Qh] (a flush, Ace high)
Dimitar5502: mucks hand 
xxxxxl80 collected $0.19 from pot
*** SUMMARY ***
Total pot $0.20 | Rake $0.01 
Board [9h 8h As 8s 2h]
Seat 1: aRS911t folded before Flop (didn't bet)
Seat 2: gn4444 folded before Flop (didn't bet)
Seat 3: xxxxxl80 (button) showed [Ah Qh] and won ($0.19) with a flush, Ace high
Seat 4: Belli Baster (small blind) folded on the Flop
Seat 5: Dorex2007 (big blind) folded on the Flop
Seat 6: Vasya175 folded before Flop (didn't bet)
Seat 7: Guachancho_O folded before Flop (didn't bet)
Seat 8: geniuss folded before Flop (didn't bet)
Seat 9: Dimitar5502 mucked [Qs 9c]



PokerStars Hand #232148572770:  Hold'em No Limit ($0.01/$0.02 USD) - 2021/12/11 23:53:24 PT [2021/12/12 2:53:24 ET]
Table 'Porzia' 9-max Seat #4 is the button
Seat 1: aRS911t ($1.80 in chips) 
Seat 2: gn4444 ($1.97 in chips) 
Seat 3: xxxxxl80 ($3.05 in chips) 
Seat 4: Belli Baster ($3.63 in chips) 
Seat 5: Dorex2007 ($2 in chips) 
Seat 6: Vasya175 ($2.68 in chips) 
Seat 7: Guachancho_O ($2.20 in chips) 
Seat 8: geniuss ($2.08 in chips) 
Seat 9: Dimitar5502 ($2.03 in chips) 
Dorex2007: posts small blind $0.01
Vasya175: posts big blind $0.02
*** HOLE CARDS ***
Dealt to Dorex2007 [2h Qs]
Guachancho_O: folds 
geniuss: folds 
Dimitar5502: folds 
aRS911t: folds 
gn4444: folds 
xxxxxl80: calls $0.02
Belli Baster: folds 
Dorex2007: calls $0.01
Vasya175: checks 
*** FLOP *** [Jh 7d Ac]
Dorex2007: checks 
Vasya175: bets $0.02
xxxxxl80: folds 
Dorex2007: folds 
Uncalled bet ($0.02) returned to Vasya175
Vasya175 collected $0.06 from pot
Vasya175: doesn't show hand 
*** SUMMARY ***
Total pot $0.06 | Rake $0 
Board [Jh 7d Ac]
Seat 1: aRS911t folded before Flop (didn't bet)
Seat 2: gn4444 folded before Flop (didn't bet)
Seat 3: xxxxxl80 folded on the Flop
Seat 4: Belli Baster (button) folded before Flop (didn't bet)
Seat 5: Dorex2007 (small blind) folded on the Flop
Seat 6: Vasya175 (big blind) collected ($0.06)
Seat 7: Guachancho_O folded before Flop (didn't bet)
Seat 8: geniuss folded before Flop (didn't bet)
Seat 9: Dimitar5502 folded before Flop (didn't bet)



PokerStars Hand #232148579595:  Hold'em No Limit ($0.01/$0.02 USD) - 2021/12/11 23:54:07 PT [2021/12/12 2:54:07 ET]
Table 'Porzia' 9-max Seat #5 is the button
Seat 1: aRS911t ($1.80 in chips) 
Seat 2: gn4444 ($1.97 in chips) 
Seat 3: xxxxxl80 ($3.03 in chips) 
Seat 4: Belli Baster ($3.63 in chips) 
Seat 5: Dorex2007 ($2 in chips) 
Seat 6: Vasya175 ($2.72 in chips) 
Seat 7: Guachancho_O ($2.20 in chips) 
Seat 8: geniuss ($2.08 in chips) 
Seat 9: Dimitar5502 ($2.03 in chips) 
Vasya175: posts small blind $0.01
Guachancho_O: posts big blind $0.02
*** HOLE CARDS ***
Dealt to Dorex2007 [8h Th]
geniuss: folds 
Dimitar5502: calls $0.02
aRS911t: folds 
gn4444: folds 
xxxxxl80: folds 
Belli Baster: folds 
Dorex2007: calls $0.02
Vasya175: calls $0.01
Guachancho_O: checks 
*** FLOP *** [4c Ac Qh]
Vasya175: checks 
aRS911t leaves the table
Guachancho_O: checks 
Dimitar5502: bets $0.22
Dorex2007: folds 
Vasya175: folds 
Guachancho_O: folds 
Uncalled bet ($0.22) returned to Dimitar5502
Dimitar5502 collected $0.08 from pot
*** SUMMARY ***
Total pot $0.08 | Rake $0 
Board [4c Ac Qh]
Seat 1: aRS911t folded before Flop (didn't bet)
Seat 2: gn4444 folded before Flop (didn't bet)
Seat 3: xxxxxl80 folded before Flop (didn't bet)
Seat 4: Belli Baster folded before Flop (didn't bet)
Seat 5: Dorex2007 (button) folded on the Flop
Seat 6: Vasya175 (small blind) folded on the Flop
Seat 7: Guachancho_O (big blind) folded on the Flop
Seat 8: geniuss folded before Flop (didn't bet)
Seat 9: Dimitar5502 collected ($0.08)



PokerStars Hand #232148587593:  Hold'em No Limit ($0.01/$0.02 USD) - 2021/12/11 23:54:57 PT [2021/12/12 2:54:57 ET]
Table 'Porzia' 9-max Seat #6 is the button
Seat 2: gn4444 ($1.97 in chips) 
Seat 3: xxxxxl80 ($3.03 in chips) 
Seat 4: Belli Baster ($3.63 in chips) 
Seat 5: Dorex2007 ($2 in chips) 
Seat 6: Vasya175 ($2.70 in chips) 
Seat 7: Guachancho_O ($2.18 in chips) 
Seat 8: geniuss ($2.08 in chips) 
Seat 9: Dimitar5502 ($2.09 in chips) 
Guachancho_O: posts small blind $0.01
geniuss: posts big blind $0.02
*** HOLE CARDS ***
Dealt to Dorex2007 [3c 7h]
Dimitar5502: calls $0.02
gn4444: folds 
xxxxxl80: calls $0.02
Belli Baster: folds 
Dorex2007: folds 
Vasya175: folds 
Guachancho_O: folds 
geniuss: checks 
*** FLOP *** [Jd 4d Ac]
geniuss: checks 
Dimitar5502: checks 
xxxxxl80: checks 
*** TURN *** [Jd 4d Ac] [Jh]
geniuss: checks 
Dimitar5502: checks 
xxxxxl80: checks 
*** RIVER *** [Jd 4d Ac Jh] [Qd]
geniuss: checks 
Dimitar5502: checks 
xxxxxl80: bets $0.02
geniuss: folds 
Dimitar5502: folds 
Uncalled bet ($0.02) returned to xxxxxl80
xxxxxl80 collected $0.07 from pot
*** SUMMARY ***
Total pot $0.07 | Rake $0 
Board [Jd 4d Ac Jh Qd]
Seat 2: gn4444 folded before Flop (didn't bet)
Seat 3: xxxxxl80 collected ($0.07)
Seat 4: Belli Baster folded before Flop (didn't bet)
Seat 5: Dorex2007 folded before Flop (didn't bet)
Seat 6: Vasya175 (button) folded before Flop (didn't bet)
Seat 7: Guachancho_O (small blind) folded before Flop
Seat 8: geniuss (big blind) folded on the River
Seat 9: Dimitar5502 folded on the River



PokerStars Hand #232148594810:  Hold'em No Limit ($0.01/$0.02 USD) - 2021/12/11 23:55:48 PT [2021/12/12 2:55:48 ET]
Table 'Porzia' 9-max Seat #7 is the button
Seat 2: gn4444 ($1.97 in chips) 
Seat 3: xxxxxl80 ($3.08 in chips) 
Seat 4: Belli Baster ($3.63 in chips) 
Seat 5: Dorex2007 ($2 in chips) 
Seat 6: Vasya175 ($2.70 in chips) 
Seat 7: Guachancho_O ($2.17 in chips) 
Seat 8: geniuss ($2.06 in chips) 
Seat 9: Dimitar5502 ($2.07 in chips) 
geniuss: posts small blind $0.01
Dimitar5502: posts big blind $0.02
*** HOLE CARDS ***
Dealt to Dorex2007 [9s 2c]
gn4444: folds 
xxxxxl80: calls $0.02
Belli Baster: folds 
Dorex2007: folds 
Vasya175: raises $0.04 to $0.06
Guachancho_O: calls $0.06
geniuss: folds 
Dimitar5502: calls $0.04
xxxxxl80: calls $0.04
*** FLOP *** [3s Qd Js]
zsizsik2 joins the table at seat #1 
Dimitar5502: checks 
xxxxxl80: checks 
Vasya175: bets $0.10
Guachancho_O: calls $0.10
Dimitar5502: folds 
xxxxxl80: calls $0.10
*** TURN *** [3s Qd Js] [5s]
xxxxxl80: checks 
Vasya175: bets $0.12
Guachancho_O: folds 
xxxxxl80: calls $0.12
*** RIVER *** [3s Qd Js 5s] [Jc]
xxxxxl80: bets $0.38
Vasya175: folds 
Uncalled bet ($0.38) returned to xxxxxl80
xxxxxl80 collected $0.76 from pot
*** SUMMARY ***
Total pot $0.79 | Rake $0.03 
Board [3s Qd Js 5s Jc]
Seat 2: gn4444 folded before Flop (didn't bet)
Seat 3: xxxxxl80 collected ($0.76)
Seat 4: Belli Baster folded before Flop (didn't bet)
Seat 5: Dorex2007 folded before Flop (didn't bet)
Seat 6: Vasya175 folded on the River
Seat 7: Guachancho_O (button) folded on the Turn
Seat 8: geniuss (small blind) folded before Flop
Seat 9: Dimitar5502 (big blind) folded on the Flop



PokerStars Hand #232148611738:  Hold'em No Limit ($0.01/$0.02 USD) - 2021/12/11 23:57:47 PT [2021/12/12 2:57:47 ET]
Table 'Porzia' 9-max Seat #8 is the button
Seat 1: zsizsik2 ($1.60 in chips) 
Seat 2: gn4444 ($1.97 in chips) 
Seat 3: xxxxxl80 ($3.56 in chips) 
Seat 4: Belli Baster ($3.63 in chips) 
Seat 5: Dorex2007 ($2 in chips) 
Seat 6: Vasya175 ($2.42 in chips) 
Seat 7: Guachancho_O ($2.01 in chips) 
Seat 8: geniuss ($2.05 in chips) 
Seat 9: Dimitar5502 ($2.01 in chips) 
Dimitar5502: posts small blind $0.01
zsizsik2: posts big blind $0.02
*** HOLE CARDS ***
Dealt to Dorex2007 [Qd 6c]
gn4444: folds 
xxxxxl80: calls $0.02
Belli Baster: folds 
Dorex2007: folds 
Vasya175: folds 
Guachancho_O: folds 
geniuss: folds 
Dimitar5502: folds 
zsizsik2: checks 
*** FLOP *** [4d Td As]
zsizsik2: checks 
xxxxxl80: bets $0.02
zsizsik2: folds 
Uncalled bet ($0.02) returned to xxxxxl80
xxxxxl80 collected $0.05 from pot
*** SUMMARY ***
Total pot $0.05 | Rake $0 
Board [4d Td As]
Seat 1: zsizsik2 (big blind) folded on the Flop
Seat 2: gn4444 folded before Flop (didn't bet)
Seat 3: xxxxxl80 collected ($0.05)
Seat 4: Belli Baster folded before Flop (didn't bet)
Seat 5: Dorex2007 folded before Flop (didn't bet)
Seat 6: Vasya175 folded before Flop (didn't bet)
Seat 7: Guachancho_O folded before Flop (didn't bet)
Seat 8: geniuss (button) folded before Flop (didn't bet)
Seat 9: Dimitar5502 (small blind) folded before Flop



PokerStars Hand #232148616346:  Hold'em No Limit ($0.01/$0.02 USD) - 2021/12/11 23:58:20 PT [2021/12/12 2:58:20 ET]
Table 'Porzia' 9-max Seat #9 is the button
Seat 1: zsizsik2 ($1.58 in chips) 
Seat 2: gn4444 ($1.97 in chips) 
Seat 3: xxxxxl80 ($3.59 in chips) 
Seat 4: Belli Baster ($3.63 in chips) 
Seat 5: Dorex2007 ($2 in chips) 
Seat 6: Vasya175 ($2.42 in chips) 
Seat 7: Guachancho_O ($2.01 in chips) 
Seat 8: geniuss ($2.05 in chips) 
Seat 9: Dimitar5502 ($2 in chips) 
zsizsik2: posts small blind $0.01
gn4444: posts big blind $0.02
*** HOLE CARDS ***
Dealt to Dorex2007 [2h As]
xxxxxl80: folds 
Belli Baster: folds 
Dorex2007: folds 
Vasya175: calls $0.02
Guachancho_O: calls $0.02
geniuss: folds 
Dimitar5502: folds 
zsizsik2: calls $0.01
gn4444: checks 
*** FLOP *** [6h 6c 2d]
zsizsik2: bets $0.02
gn4444: folds 
Vasya175: calls $0.02
Guachancho_O: calls $0.02
*** TURN *** [6h 6c 2d] [Jc]
zsizsik2: bets $0.02
Vasya175: raises $0.06 to $0.08
Guachancho_O: calls $0.08
zsizsik2: folds 
*** RIVER *** [6h 6c 2d Jc] [9c]
Vasya175: bets $0.08
Guachancho_O: raises $0.62 to $0.70
Vasya175: folds 
Uncalled bet ($0.62) returned to Guachancho_O
Guachancho_O collected $0.46 from pot
Guachancho_O: doesn't show hand 
*** SUMMARY ***
Total pot $0.48 | Rake $0.02 
Board [6h 6c 2d Jc 9c]
Seat 1: zsizsik2 (small blind) folded on the Turn
Seat 2: gn4444 (big blind) folded on the Flop
Seat 3: xxxxxl80 folded before Flop (didn't bet)
Seat 4: Belli Baster folded before Flop (didn't bet)
Seat 5: Dorex2007 folded before Flop (didn't bet)
Seat 6: Vasya175 folded on the River
Seat 7: Guachancho_O collected ($0.46)
Seat 8: geniuss folded before Flop (didn't bet)
Seat 9: Dimitar5502 (button) folded before Flop (didn't bet)



PokerStars Hand #232148628857:  Hold'em No Limit ($0.01/$0.02 USD) - 2021/12/11 23:59:48 PT [2021/12/12 2:59:48 ET]
Table 'Porzia' 9-max Seat #1 is the button
Seat 1: zsizsik2 ($1.52 in chips) 
Seat 2: gn4444 ($2 in chips) 
Seat 3: xxxxxl80 ($3.59 in chips) 
Seat 4: Belli Baster ($3.63 in chips) 
Seat 5: Dorex2007 ($2 in chips) 
Seat 6: Vasya175 ($2.22 in chips) 
Seat 7: Guachancho_O ($2.27 in chips) 
Seat 8: geniuss ($2.05 in chips) 
Seat 9: Dimitar5502 ($2 in chips) 
gn4444: posts small blind $0.01
xxxxxl80: posts big blind $0.02
*** HOLE CARDS ***
Dealt to Dorex2007 [3h Th]
Belli Baster: folds 
Dorex2007: folds 
Vasya175: folds 
Guachancho_O: folds 
geniuss: folds 
Dimitar5502: calls $0.02
zsizsik2: calls $0.02
gn4444: calls $0.01
xxxxxl80: checks 
*** FLOP *** [Ks 2d 5s]
gn4444: checks 
xxxxxl80: checks 
Dimitar5502: checks 
zsizsik2: checks 
*** TURN *** [Ks 2d 5s] [Ad]
gn4444: checks 
xxxxxl80: checks 
Dimitar5502: bets $0.14
zsizsik2: folds 
gn4444: folds 
xxxxxl80: folds 
Uncalled bet ($0.14) returned to Dimitar5502
Dimitar5502 collected $0.08 from pot
*** SUMMARY ***
Total pot $0.08 | Rake $0 
Board [Ks 2d 5s Ad]
Seat 1: zsizsik2 (button) folded on the Turn
Seat 2: gn4444 (small blind) folded on the Turn
Seat 3: xxxxxl80 (big blind) folded on the Turn
Seat 4: Belli Baster folded before Flop (didn't bet)
Seat 5: Dorex2007 folded before Flop (didn't bet)
Seat 6: Vasya175 folded before Flop (didn't bet)
Seat 7: Guachancho_O folded before Flop (didn't bet)
Seat 8: geniuss folded before Flop (didn't bet)
Seat 9: Dimitar5502 collected ($0.08)



PokerStars Hand #232148639131:  Hold'em No Limit ($0.01/$0.02 USD) - 2021/12/12 0:00:57 PT [2021/12/12 3:00:57 ET]
Table 'Porzia' 9-max Seat #2 is the button
Seat 1: zsizsik2 ($1.50 in chips) 
Seat 2: gn4444 ($1.98 in chips) 
Seat 3: xxxxxl80 ($3.57 in chips) 
Seat 4: Belli Baster ($3.63 in chips) 
Seat 5: Dorex2007 ($2 in chips) 
Seat 6: Vasya175 ($2.22 in chips) 
Seat 7: Guachancho_O ($2.27 in chips) 
Seat 8: geniuss ($2.05 in chips) 
Seat 9: Dimitar5502 ($2.06 in chips) 
xxxxxl80: posts small blind $0.01
Belli Baster: posts big blind $0.02
*** HOLE CARDS ***
Dealt to Dorex2007 [4h Ad]
Dorex2007: folds 
Vasya175 has timed out
Vasya175: folds 
Guachancho_O: folds 
geniuss: folds 
Dimitar5502: calls $0.02
zsizsik2: folds 
gn4444: folds 
xxxxxl80: calls $0.01
Belli Baster: checks 
*** FLOP *** [9d Jc Ah]
xxxxxl80: checks 
Belli Baster: checks 
Dimitar5502: checks 
*** TURN *** [9d Jc Ah] [8d]
xxxxxl80: checks 
Belli Baster: checks 
Dimitar5502: checks 
*** RIVER *** [9d Jc Ah 8d] [Js]
xxxxxl80: bets $0.02
Belli Baster: calls $0.02
Dimitar5502: folds 
*** SHOW DOWN ***
xxxxxl80: shows [5c 2d] (a pair of Jacks)
Belli Baster: shows [6h 9s] (two pair, Jacks and Nines)
Belli Baster collected $0.10 from pot
*** SUMMARY ***
Total pot $0.10 | Rake $0 
Board [9d Jc Ah 8d Js]
Seat 1: zsizsik2 folded before Flop (didn't bet)
Seat 2: gn4444 (button) folded before Flop (didn't bet)
Seat 3: xxxxxl80 (small blind) showed [5c 2d] and lost with a pair of Jacks
Seat 4: Belli Baster (big blind) showed [6h 9s] and won ($0.10) with two pair, Jacks and Nines
Seat 5: Dorex2007 folded before Flop (didn't bet)
Seat 6: Vasya175 folded before Flop (didn't bet)
Seat 7: Guachancho_O folded before Flop (didn't bet)
Seat 8: geniuss folded before Flop (didn't bet)
Seat 9: Dimitar5502 folded on the River



PokerStars Hand #232148647976:  Hold'em No Limit ($0.01/$0.02 USD) - 2021/12/12 0:01:54 PT [2021/12/12 3:01:54 ET]
Table 'Porzia' 9-max Seat #3 is the button
Seat 1: zsizsik2 ($1.50 in chips) 
Seat 2: gn4444 ($1.98 in chips) 
Seat 3: xxxxxl80 ($3.53 in chips) 
Seat 4: Belli Baster ($3.69 in chips) 
Seat 5: Dorex2007 ($2 in chips) 
Seat 6: Vasya175 ($2.22 in chips) 
Seat 7: Guachancho_O ($2.27 in chips) 
Seat 8: geniuss ($2.05 in chips) 
Seat 9: Dimitar5502 ($2.04 in chips) 
Belli Baster: posts small blind $0.01
Dorex2007: posts big blind $0.02
*** HOLE CARDS ***
Dealt to Dorex2007 [Jc 9s]
Vasya175: folds 
Guachancho_O: folds 
geniuss: folds 
Dimitar5502: folds 
zsizsik2: folds 
gn4444: raises $0.04 to $0.06
xxxxxl80: folds 
Belli Baster: folds 
Dorex2007: folds 
Uncalled bet ($0.04) returned to gn4444
gn4444 collected $0.05 from pot
gn4444: doesn't show hand 
*** SUMMARY ***
Total pot $0.05 | Rake $0 
Seat 1: zsizsik2 folded before Flop (didn't bet)
Seat 2: gn4444 collected ($0.05)
Seat 3: xxxxxl80 (button) folded before Flop (didn't bet)
Seat 4: Belli Baster (small blind) folded before Flop
Seat 5: Dorex2007 (big blind) folded before Flop
Seat 6: Vasya175 folded before Flop (didn't bet)
Seat 7: Guachancho_O folded before Flop (didn't bet)
Seat 8: geniuss folded before Flop (didn't bet)
Seat 9: Dimitar5502 folded before Flop (didn't bet)



PokerStars Hand #232148652539:  Hold'em No Limit ($0.01/$0.02 USD) - 2021/12/12 0:02:23 PT [2021/12/12 3:02:23 ET]
Table 'Porzia' 9-max Seat #4 is the button
Seat 1: zsizsik2 ($1.50 in chips) 
Seat 2: gn4444 ($2.01 in chips) 
Seat 3: xxxxxl80 ($3.53 in chips) 
Seat 4: Belli Baster ($3.68 in chips) 
Seat 5: Dorex2007 ($2 in chips) 
Seat 6: Vasya175 ($2.22 in chips) 
Seat 7: Guachancho_O ($2.27 in chips) 
Seat 8: geniuss ($2.05 in chips) 
Seat 9: Dimitar5502 ($2.04 in chips) 
Dorex2007: posts small blind $0.01
Vasya175: posts big blind $0.02
*** HOLE CARDS ***
Dealt to Dorex2007 [3c Ks]
Guachancho_O has timed out
Guachancho_O: folds 
geniuss: folds 
Dimitar5502: folds 
zsizsik2: folds 
gn4444: folds 
xxxxxl80: folds 
Belli Baster: folds 
Dorex2007: folds 
Uncalled bet ($0.01) returned to Vasya175
Vasya175 collected $0.02 from pot
Vasya175: doesn't show hand 
*** SUMMARY ***
Total pot $0.02 | Rake $0 
Seat 1: zsizsik2 folded before Flop (didn't bet)
Seat 2: gn4444 folded before Flop (didn't bet)
Seat 3: xxxxxl80 folded before Flop (didn't bet)
Seat 4: Belli Baster (button) folded before Flop (didn't bet)
Seat 5: Dorex2007 (small blind) folded before Flop
Seat 6: Vasya175 (big blind) collected ($0.02)
Seat 7: Guachancho_O folded before Flop (didn't bet)
Seat 8: geniuss folded before Flop (didn't bet)
Seat 9: Dimitar5502 folded before Flop (didn't bet)



PokerStars Hand #232148656837:  Hold'em No Limit ($0.01/$0.02 USD) - 2021/12/12 0:02:49 PT [2021/12/12 3:02:49 ET]
Table 'Porzia' 9-max Seat #5 is the button
Seat 1: zsizsik2 ($1.50 in chips) 
Seat 2: gn4444 ($2.01 in chips) 
Seat 3: xxxxxl80 ($3.53 in chips) 
Seat 4: Belli Baster ($3.68 in chips) 
Seat 5: Dorex2007 ($2 in chips) 
Seat 6: Vasya175 ($2.23 in chips) 
Seat 7: Guachancho_O ($2.27 in chips) 
Seat 8: geniuss ($2.05 in chips) 
Seat 9: Dimitar5502 ($2.04 in chips) 
Vasya175: posts small blind $0.01
Guachancho_O: posts big blind $0.02
*** HOLE CARDS ***
Dealt to Dorex2007 [Ah 8c]
geniuss: folds 
Dimitar5502: folds 
zsizsik2: calls $0.02
gn4444: folds 
xxxxxl80: calls $0.02
Belli Baster: folds 
Dorex2007: folds 
Vasya175: folds 
Guachancho_O: checks 
*** FLOP *** [8s Jd Jh]
Guachancho_O: bets $0.06
zsizsik2: folds 
xxxxxl80: calls $0.06
*** TURN *** [8s Jd Jh] [Kh]
Guachancho_O: bets $0.10
xxxxxl80: calls $0.10
*** RIVER *** [8s Jd Jh Kh] [3c]
Guachancho_O: checks 
xxxxxl80: bets $0.19
Guachancho_O: folds 
Uncalled bet ($0.19) returned to xxxxxl80
xxxxxl80 collected $0.38 from pot
*** SUMMARY ***
Total pot $0.39 | Rake $0.01 
Board [8s Jd Jh Kh 3c]
Seat 1: zsizsik2 folded on the Flop
Seat 2: gn4444 folded before Flop (didn't bet)
Seat 3: xxxxxl80 collected ($0.38)
Seat 4: Belli Baster folded before Flop (didn't bet)
Seat 5: Dorex2007 (button) folded before Flop (didn't bet)
Seat 6: Vasya175 (small blind) folded before Flop
Seat 7: Guachancho_O (big blind) folded on the River
Seat 8: geniuss folded before Flop (didn't bet)
Seat 9: Dimitar5502 folded before Flop (didn't bet)



PokerStars Hand #232148675328:  Hold'em No Limit ($0.01/$0.02 USD) - 2021/12/12 0:04:25 PT [2021/12/12 3:04:25 ET]
Table 'Porzia' 9-max Seat #6 is the button
Seat 1: zsizsik2 ($1.48 in chips) 
Seat 2: gn4444 ($2.01 in chips) 
Seat 3: xxxxxl80 ($3.73 in chips) 
Seat 4: Belli Baster ($3.68 in chips) 
Seat 5: Dorex2007 ($2 in chips) 
Seat 6: Vasya175 ($2.22 in chips) 
Seat 7: Guachancho_O ($2.09 in chips) 
Seat 8: geniuss ($2.05 in chips) 
Seat 9: Dimitar5502 ($2.04 in chips) 
Guachancho_O: posts small blind $0.01
geniuss: posts big blind $0.02
*** HOLE CARDS ***
Dealt to Dorex2007 [6s 4c]
Dimitar5502: raises $0.04 to $0.06
zsizsik2: folds 
gn4444: folds 
xxxxxl80: calls $0.06
Belli Baster: calls $0.06
Dorex2007: folds 
Vasya175: calls $0.06
Guachancho_O: folds 
geniuss: calls $0.04
*** FLOP *** [6d 6h 2d]
geniuss: checks 
Dimitar5502: checks 
xxxxxl80: checks 
Belli Baster: checks 
Vasya175: bets $0.08
geniuss: folds 
Dimitar5502: folds 
xxxxxl80: folds 
Dimitar5502 leaves the table
docthedoc66 joins the table at seat #9 
Belli Baster: folds 
Uncalled bet ($0.08) returned to Vasya175
Vasya175 collected $0.30 from pot
Vasya175: doesn't show hand 
*** SUMMARY ***
Total pot $0.31 | Rake $0.01 
Board [6d 6h 2d]
Seat 1: zsizsik2 folded before Flop (didn't bet)
Seat 2: gn4444 folded before Flop (didn't bet)
Seat 3: xxxxxl80 folded on the Flop
Seat 4: Belli Baster folded on the Flop
Seat 5: Dorex2007 folded before Flop (didn't bet)
Seat 6: Vasya175 (button) collected ($0.30)
Seat 7: Guachancho_O (small blind) folded before Flop
Seat 8: geniuss (big blind) folded on the Flop
Seat 9: Dimitar5502 folded on the Flop



PokerStars Hand #232148686786:  Hold'em No Limit ($0.01/$0.02 USD) - 2021/12/12 0:05:34 PT [2021/12/12 3:05:34 ET]
Table 'Porzia' 9-max Seat #7 is the button
Seat 1: zsizsik2 ($1.48 in chips) 
Seat 2: gn4444 ($2.01 in chips) 
Seat 3: xxxxxl80 ($3.67 in chips) 
Seat 4: Belli Baster ($3.62 in chips) 
Seat 5: Dorex2007 ($2 in chips) 
Seat 6: Vasya175 ($2.46 in chips) 
Seat 7: Guachancho_O ($2.08 in chips) 
Seat 8: geniuss ($2 in chips) 
Seat 9: docthedoc66 ($2 in chips) 
geniuss: posts small blind $0.01
docthedoc66: posts big blind $0.02
*** HOLE CARDS ***
Dealt to Dorex2007 [Tc Th]
zsizsik2: folds 
gn4444: calls $0.02
xxxxxl80: calls $0.02
Belli Baster: folds 
Dorex2007: calls $0.02
Vasya175: calls $0.02
Guachancho_O: raises $0.18 to $0.20
geniuss: folds 
docthedoc66: folds 
gn4444: folds 
xxxxxl80: folds 
Dorex2007: folds 
Vasya175: folds 
Uncalled bet ($0.18) returned to Guachancho_O
Guachancho_O collected $0.13 from pot
Guachancho_O: doesn't show hand 
*** SUMMARY ***
Total pot $0.13 | Rake $0 
Seat 1: zsizsik2 folded before Flop (didn't bet)
Seat 2: gn4444 folded before Flop
Seat 3: xxxxxl80 folded before Flop
Seat 4: Belli Baster folded before Flop (didn't bet)
Seat 5: Dorex2007 folded before Flop
Seat 6: Vasya175 folded before Flop
Seat 7: Guachancho_O (button) collected ($0.13)
Seat 8: geniuss (small blind) folded before Flop
Seat 9: docthedoc66 (big blind) folded before Flop



PokerStars Hand #232148696067:  Hold'em No Limit ($0.01/$0.02 USD) - 2021/12/12 0:06:30 PT [2021/12/12 3:06:30 ET]
Table 'Porzia' 9-max Seat #8 is the button
Seat 1: zsizsik2 ($1.48 in chips) 
Seat 2: gn4444 ($1.99 in chips) 
Seat 3: xxxxxl80 ($3.65 in chips) 
Seat 4: Belli Baster ($3.62 in chips) 
Seat 5: Dorex2007 ($2 in chips) 
Seat 6: Vasya175 ($2.44 in chips) 
Seat 7: Guachancho_O ($2.19 in chips) 
Seat 8: geniuss ($2 in chips) 
Seat 9: docthedoc66 ($2 in chips) 
docthedoc66: posts small blind $0.01
zsizsik2: posts big blind $0.02
*** HOLE CARDS ***
Dealt to Dorex2007 [Jd Kh]
gn4444: folds 
xxxxxl80: folds 
Belli Baster: folds 
Dorex2007: raises $0.02 to $0.04
Vasya175: folds 
Guachancho_O: folds 
geniuss: folds 
docthedoc66: calls $0.03
zsizsik2: calls $0.02
*** FLOP *** [2c 3s Jc]
docthedoc66: checks 
zsizsik2: checks 
Dorex2007: bets $0.12
docthedoc66: folds 
zsizsik2: folds 
Uncalled bet ($0.12) returned to Dorex2007
Dorex2007 collected $0.12 from pot
Dorex2007: doesn't show hand 
*** SUMMARY ***
Total pot $0.12 | Rake $0 
Board [2c 3s Jc]
Seat 1: zsizsik2 (big blind) folded on the Flop
Seat 2: gn4444 folded before Flop (didn't bet)
Seat 3: xxxxxl80 folded before Flop (didn't bet)
Seat 4: Belli Baster folded before Flop (didn't bet)
Seat 5: Dorex2007 collected ($0.12)
Seat 6: Vasya175 folded before Flop (didn't bet)
Seat 7: Guachancho_O folded before Flop (didn't bet)
Seat 8: geniuss (button) folded before Flop (didn't bet)
Seat 9: docthedoc66 (small blind) folded on the Flop



PokerStars Hand #232148703913:  Hold'em No Limit ($0.01/$0.02 USD) - 2021/12/12 0:07:18 PT [2021/12/12 3:07:18 ET]
Table 'Porzia' 9-max Seat #9 is the button
Seat 1: zsizsik2 ($1.44 in chips) 
Seat 2: gn4444 ($1.99 in chips) 
Seat 3: xxxxxl80 ($3.65 in chips) 
Seat 4: Belli Baster ($3.62 in chips) 
Seat 5: Dorex2007 ($2.08 in chips) 
Seat 6: Vasya175 ($2.44 in chips) 
Seat 7: Guachancho_O ($2.19 in chips) 
Seat 8: geniuss ($2 in chips) 
Seat 9: docthedoc66 ($2 in chips) 
zsizsik2: posts small blind $0.01
gn4444: posts big blind $0.02
*** HOLE CARDS ***
Dealt to Dorex2007 [9c Th]
xxxxxl80: folds 
Belli Baster: folds 
Dorex2007: folds 
Vasya175 has timed out
Vasya175: folds 
Guachancho_O: folds 
geniuss: folds 
docthedoc66: folds 
zsizsik2: folds 
Uncalled bet ($0.01) returned to gn4444
gn4444 collected $0.02 from pot
gn4444: doesn't show hand 
*** SUMMARY ***
Total pot $0.02 | Rake $0 
Seat 1: zsizsik2 (small blind) folded before Flop
Seat 2: gn4444 (big blind) collected ($0.02)
Seat 3: xxxxxl80 folded before Flop (didn't bet)
Seat 4: Belli Baster folded before Flop (didn't bet)
Seat 5: Dorex2007 folded before Flop (didn't bet)
Seat 6: Vasya175 folded before Flop (didn't bet)
Seat 7: Guachancho_O folded before Flop (didn't bet)
Seat 8: geniuss folded before Flop (didn't bet)
Seat 9: docthedoc66 (button) folded before Flop (didn't bet)



PokerStars Hand #232148709336:  Hold'em No Limit ($0.01/$0.02 USD) - 2021/12/12 0:07:52 PT [2021/12/12 3:07:52 ET]
Table 'Porzia' 9-max Seat #1 is the button
Seat 1: zsizsik2 ($1.43 in chips) 
Seat 2: gn4444 ($2 in chips) 
Seat 3: xxxxxl80 ($3.65 in chips) 
Seat 4: Belli Baster ($3.62 in chips) 
Seat 5: Dorex2007 ($2.08 in chips) 
Seat 6: Vasya175 ($2.44 in chips) 
Seat 7: Guachancho_O ($2.19 in chips) 
Seat 8: geniuss ($2 in chips) 
Seat 9: docthedoc66 ($2 in chips) 
gn4444: posts small blind $0.01
xxxxxl80: posts big blind $0.02
*** HOLE CARDS ***
Dealt to Dorex2007 [2d Qh]
Belli Baster: raises $0.02 to $0.04
Dorex2007: folds 
Vasya175: folds 
Guachancho_O: folds 
geniuss: folds 
docthedoc66: folds 
zsizsik2: calls $0.04
gn4444: folds 
xxxxxl80: calls $0.02
*** FLOP *** [8c 3c 2s]
xxxxxl80: checks 
Belli Baster: bets $0.13
zsizsik2: calls $0.13
xxxxxl80: folds 
*** TURN *** [8c 3c 2s] [Kc]
Belli Baster: bets $0.38
zsizsik2: folds 
Uncalled bet ($0.38) returned to Belli Baster
Belli Baster collected $0.38 from pot
Belli Baster: doesn't show hand 
*** SUMMARY ***
Total pot $0.39 | Rake $0.01 
Board [8c 3c 2s Kc]
Seat 1: zsizsik2 (button) folded on the Turn
Seat 2: gn4444 (small blind) folded before Flop
Seat 3: xxxxxl80 (big blind) folded on the Flop
Seat 4: Belli Baster collected ($0.38)
Seat 5: Dorex2007 folded before Flop (didn't bet)
Seat 6: Vasya175 folded before Flop (didn't bet)
Seat 7: Guachancho_O folded before Flop (didn't bet)
Seat 8: geniuss folded before Flop (didn't bet)
Seat 9: docthedoc66 folded before Flop (didn't bet)



PokerStars Hand #232148715386:  Hold'em No Limit ($0.01/$0.02 USD) - 2021/12/12 0:08:29 PT [2021/12/12 3:08:29 ET]
Table 'Porzia' 9-max Seat #2 is the button
Seat 1: zsizsik2 ($1.26 in chips) 
Seat 2: gn4444 ($1.99 in chips) 
Seat 3: xxxxxl80 ($3.61 in chips) 
Seat 4: Belli Baster ($3.83 in chips) 
Seat 5: Dorex2007 ($2.08 in chips) 
Seat 6: Vasya175 ($2.44 in chips) 
Seat 7: Guachancho_O ($2.19 in chips) 
Seat 8: geniuss ($2 in chips) 
Seat 9: docthedoc66 ($2 in chips) 
xxxxxl80: posts small blind $0.01
Belli Baster: posts big blind $0.02
*** HOLE CARDS ***
Dealt to Dorex2007 [7d 3h]
Dorex2007: folds 
Vasya175: calls $0.02
Guachancho_O: folds 
geniuss: calls $0.02
docthedoc66: folds 
zsizsik2: raises $0.04 to $0.06
gn4444: folds 
xxxxxl80: folds 
Belli Baster: folds 
Vasya175: folds 
geniuss: calls $0.04
*** FLOP *** [Jd 6c 7h]
xxxxxl80 leaves the table
geniuss: checks 
zsizsik2: bets $0.16
Elrus90 joins the table at seat #3 
geniuss: folds 
Uncalled bet ($0.16) returned to zsizsik2
zsizsik2 collected $0.16 from pot
zsizsik2: doesn't show hand 
*** SUMMARY ***
Total pot $0.17 | Rake $0.01 
Board [Jd 6c 7h]
Seat 1: zsizsik2 collected ($0.16)
Seat 2: gn4444 (button) folded before Flop (didn't bet)
Seat 3: xxxxxl80 (small blind) folded before Flop
Seat 4: Belli Baster (big blind) folded before Flop
Seat 5: Dorex2007 folded before Flop (didn't bet)
Seat 6: Vasya175 folded before Flop
Seat 7: Guachancho_O folded before Flop (didn't bet)
Seat 8: geniuss folded on the Flop
Seat 9: docthedoc66 folded before Flop (didn't bet)



PokerStars Hand #232148725092:  Hold'em No Limit ($0.01/$0.02 USD) - 2021/12/12 0:09:29 PT [2021/12/12 3:09:29 ET]
Table 'Porzia' 9-max Seat #4 is the button
Seat 1: zsizsik2 ($1.36 in chips) 
Seat 2: gn4444 ($1.99 in chips) 
Seat 4: Belli Baster ($3.81 in chips) 
Seat 5: Dorex2007 ($2.08 in chips) 
Seat 6: Vasya175 ($2.42 in chips) 
Seat 7: Guachancho_O ($2.19 in chips) 
Seat 8: geniuss ($2 in chips) 
Seat 9: docthedoc66 ($2 in chips) 
Dorex2007: posts small blind $0.01
Vasya175: posts big blind $0.02
Elrus90: sits out 
*** HOLE CARDS ***
Dealt to Dorex2007 [Ah 2s]
Guachancho_O: folds 
geniuss: folds 
docthedoc66: folds 
zsizsik2: raises $0.02 to $0.04
gn4444: folds 
Belli Baster: folds 
Dorex2007: folds 
Vasya175: folds 
Uncalled bet ($0.02) returned to zsizsik2
zsizsik2 collected $0.05 from pot
zsizsik2: doesn't show hand 
*** SUMMARY ***
Total pot $0.05 | Rake $0 
Seat 1: zsizsik2 collected ($0.05)
Seat 2: gn4444 folded before Flop (didn't bet)
Seat 4: Belli Baster (button) folded before Flop (didn't bet)
Seat 5: Dorex2007 (small blind) folded before Flop
Seat 6: Vasya175 (big blind) folded before Flop
Seat 7: Guachancho_O folded before Flop (didn't bet)
Seat 8: geniuss folded before Flop (didn't bet)
Seat 9: docthedoc66 folded before Flop (didn't bet)



PokerStars Hand #232148735116:  Hold'em No Limit ($0.01/$0.02 USD) - 2021/12/12 0:10:30 PT [2021/12/12 3:10:30 ET]
Table 'Porzia' 9-max Seat #5 is the button
Seat 1: zsizsik2 ($1.39 in chips) 
Seat 2: gn4444 ($1.99 in chips) 
Seat 4: Belli Baster ($3.81 in chips) 
Seat 5: Dorex2007 ($2.07 in chips) 
Seat 6: Vasya175 ($2.40 in chips) 
Seat 7: Guachancho_O ($2.19 in chips) 
Seat 8: geniuss ($2 in chips) 
Seat 9: docthedoc66 ($2 in chips) 
Vasya175: posts small blind $0.01
Guachancho_O: posts big blind $0.02
Elrus90: sits out 
*** HOLE CARDS ***
Dealt to Dorex2007 [7h 2s]
geniuss: folds 
docthedoc66: raises $0.04 to $0.06
zsizsik2: folds 
gn4444: folds 
Belli Baster: folds 
Dorex2007: folds 
Vasya175: calls $0.05
Guachancho_O: calls $0.04
*** FLOP *** [Ts 3h Qc]
Vasya175: checks 
Guachancho_O: bets $0.12
docthedoc66: folds 
Vasya175: folds 
Uncalled bet ($0.12) returned to Guachancho_O
Guachancho_O collected $0.17 from pot
Guachancho_O: doesn't show hand 
*** SUMMARY ***
Total pot $0.18 | Rake $0.01 
Board [Ts 3h Qc]
Seat 1: zsizsik2 folded before Flop (didn't bet)
Seat 2: gn4444 folded before Flop (didn't bet)
Seat 4: Belli Baster folded before Flop (didn't bet)
Seat 5: Dorex2007 (button) folded before Flop (didn't bet)
Seat 6: Vasya175 (small blind) folded on the Flop
Seat 7: Guachancho_O (big blind) collected ($0.17)
Seat 8: geniuss folded before Flop (didn't bet)
Seat 9: docthedoc66 folded on the Flop



PokerStars Hand #232148744727:  Hold'em No Limit ($0.01/$0.02 USD) - 2021/12/12 0:11:30 PT [2021/12/12 3:11:30 ET]
Table 'Porzia' 9-max Seat #6 is the button
Seat 1: zsizsik2 ($1.39 in chips) 
Seat 2: gn4444 ($1.99 in chips) 
Seat 4: Belli Baster ($3.81 in chips) 
Seat 5: Dorex2007 ($2.07 in chips) 
Seat 6: Vasya175 ($2.34 in chips) 
Seat 7: Guachancho_O ($2.30 in chips) 
Seat 9: docthedoc66 ($2 in chips) 
Guachancho_O: posts small blind $0.01
geniuss: is sitting out 
docthedoc66: posts big blind $0.02
Elrus90: sits out 
*** HOLE CARDS ***
Dealt to Dorex2007 [Th 4d]
zsizsik2: folds 
gn4444: folds 
Belli Baster: folds 
Dorex2007: folds 
Vasya175: folds 
Guachancho_O: raises $0.04 to $0.06
docthedoc66: folds 
Uncalled bet ($0.04) returned to Guachancho_O
Guachancho_O collected $0.04 from pot
Guachancho_O: doesn't show hand 
*** SUMMARY ***
Total pot $0.04 | Rake $0 
Seat 1: zsizsik2 folded before Flop (didn't bet)
Seat 2: gn4444 folded before Flop (didn't bet)
Seat 4: Belli Baster folded before Flop (didn't bet)
Seat 5: Dorex2007 folded before Flop (didn't bet)
Seat 6: Vasya175 (button) folded before Flop (didn't bet)
Seat 7: Guachancho_O (small blind) collected ($0.04)
Seat 9: docthedoc66 (big blind) folded before Flop



PokerStars Hand #232148749476:  Hold'em No Limit ($0.01/$0.02 USD) - 2021/12/12 0:11:59 PT [2021/12/12 3:11:59 ET]
Table 'Porzia' 9-max Seat #7 is the button
Seat 1: zsizsik2 ($1.39 in chips) 
Seat 2: gn4444 ($1.99 in chips) 
Seat 4: Belli Baster ($3.81 in chips) 
Seat 5: Dorex2007 ($2.07 in chips) 
Seat 6: Vasya175 ($2.34 in chips) 
Seat 7: Guachancho_O ($2.32 in chips) 
Seat 9: docthedoc66 ($2 in chips) 
docthedoc66: posts small blind $0.01
zsizsik2: posts big blind $0.02
Elrus90: sits out 
*** HOLE CARDS ***
Dealt to Dorex2007 [4c 2s]
gn4444: folds 
Belli Baster: folds 
Dorex2007: folds 
Vasya175: folds 
Guachancho_O: folds 
docthedoc66: folds 
Uncalled bet ($0.01) returned to zsizsik2
zsizsik2 collected $0.02 from pot
zsizsik2: doesn't show hand 
*** SUMMARY ***
Total pot $0.02 | Rake $0 
Seat 1: zsizsik2 (big blind) collected ($0.02)
Seat 2: gn4444 folded before Flop (didn't bet)
Seat 4: Belli Baster folded before Flop (didn't bet)
Seat 5: Dorex2007 folded before Flop (didn't bet)
Seat 6: Vasya175 folded before Flop (didn't bet)
Seat 7: Guachancho_O (button) folded before Flop (didn't bet)
Seat 9: docthedoc66 (small blind) folded before Flop



PokerStars Hand #232148753580:  Hold'em No Limit ($0.01/$0.02 USD) - 2021/12/12 0:12:23 PT [2021/12/12 3:12:23 ET]
Table 'Porzia' 9-max Seat #9 is the button
Seat 1: zsizsik2 ($1.40 in chips) 
Seat 3: Elrus90 ($2 in chips) 
Seat 4: Belli Baster ($3.81 in chips) 
Seat 5: Dorex2007 ($2.07 in chips) 
Seat 6: Vasya175 ($2.34 in chips) 
Seat 7: Guachancho_O ($2.32 in chips) 
Seat 9: docthedoc66 ($2 in chips) 
zsizsik2: posts small blind $0.01
gn4444: is sitting out 
Elrus90: posts big blind $0.02
*** HOLE CARDS ***
Dealt to Dorex2007 [Ah 7c]
Belli Baster: folds 
Dorex2007: folds 
Vasya175: calls $0.02
Guachancho_O: folds 
docthedoc66: folds 
zsizsik2: calls $0.01
Elrus90: checks 
*** FLOP *** [As Jc 8s]
zsizsik2: checks 
Elrus90: checks 
Vasya175: checks 
*** TURN *** [As Jc 8s] [6c]
zsizsik2: checks 
gn4444 leaves the table
Elrus90: checks 
Vasya175: checks 
*** RIVER *** [As Jc 8s 6c] [Qd]
geniuss leaves the table
zsizsik2: checks 
Elrus90: checks 
Vasya175: checks 
*** SHOW DOWN ***
zsizsik2: shows [4h Td] (high card Ace)
Elrus90: shows [Tc 8d] (a pair of Eights)
Vasya175: mucks hand 
Elrus90 collected $0.06 from pot
*** SUMMARY ***
Total pot $0.06 | Rake $0 
Board [As Jc 8s 6c Qd]
Seat 1: zsizsik2 (small blind) showed [4h Td] and lost with high card Ace
Seat 3: Elrus90 (big blind) showed [Tc 8d] and won ($0.06) with a pair of Eights
Seat 4: Belli Baster folded before Flop (didn't bet)
Seat 5: Dorex2007 folded before Flop (didn't bet)
Seat 6: Vasya175 mucked [9s Ks]
Seat 7: Guachancho_O folded before Flop (didn't bet)
Seat 9: docthedoc66 (button) folded before Flop (didn't bet)



PokerStars Hand #232148763285:  Hold'em No Limit ($0.01/$0.02 USD) - 2021/12/12 0:13:22 PT [2021/12/12 3:13:22 ET]
Table 'Porzia' 9-max Seat #1 is the button
Seat 1: zsizsik2 ($1.38 in chips) 
Seat 3: Elrus90 ($2.04 in chips) 
Seat 4: Belli Baster ($3.81 in chips) 
Seat 5: Dorex2007 ($2.07 in chips) 
Seat 6: Vasya175 ($2.32 in chips) 
Seat 7: Guachancho_O ($2.32 in chips) 
Seat 9: docthedoc66 ($2 in chips) 
Elrus90: posts small blind $0.01
Belli Baster: posts big blind $0.02
*** HOLE CARDS ***
Dealt to Dorex2007 [7c 5s]
Dorex2007: folds 
Vasya175: raises $0.02 to $0.04
Guachancho_O: folds 
docthedoc66: folds 
zsizsik2: folds 
Elrus90: folds 
Belli Baster: calls $0.02
*** FLOP *** [5d Td 8d]
Belli Baster: bets $0.04
Vasya175: calls $0.04
*** TURN *** [5d Td 8d] [Qd]
Belli Baster: checks 
Vasya175: bets $0.08
Belli Baster: folds 
Uncalled bet ($0.08) returned to Vasya175
Vasya175 collected $0.16 from pot
Vasya175: doesn't show hand 
*** SUMMARY ***
Total pot $0.17 | Rake $0.01 
Board [5d Td 8d Qd]
Seat 1: zsizsik2 (button) folded before Flop (didn't bet)
Seat 3: Elrus90 (small blind) folded before Flop
Seat 4: Belli Baster (big blind) folded on the Turn
Seat 5: Dorex2007 folded before Flop (didn't bet)
Seat 6: Vasya175 collected ($0.16)
Seat 7: Guachancho_O folded before Flop (didn't bet)
Seat 9: docthedoc66 folded before Flop (didn't bet)



PokerStars Hand #232148770299:  Hold'em No Limit ($0.01/$0.02 USD) - 2021/12/12 0:14:05 PT [2021/12/12 3:14:05 ET]
Table 'Porzia' 9-max Seat #3 is the button
Seat 1: zsizsik2 ($1.38 in chips) 
Seat 3: Elrus90 ($2.03 in chips) 
Seat 4: Belli Baster ($3.73 in chips) 
Seat 5: Dorex2007 ($2.07 in chips) 
Seat 6: Vasya175 ($2.40 in chips) 
Seat 7: Guachancho_O ($2.32 in chips) 
Seat 9: docthedoc66 ($2 in chips) 
Belli Baster: posts small blind $0.01
Dorex2007: posts big blind $0.02
*** HOLE CARDS ***
Dealt to Dorex2007 [5s Th]
Vasya175 has timed out
Vasya175: folds 
Guachancho_O: folds 
docthedoc66: folds 
zsizsik2: calls $0.02
Guachancho_O leaves the table
Elrus90: folds 
Belli Baster: folds 
Dorex2007: checks 
*** FLOP *** [8h Ah Ks]
Dorex2007: checks 
zsizsik2: checks 
*** TURN *** [8h Ah Ks] [Ac]
Dorex2007: checks 
zsizsik2: checks 
*** RIVER *** [8h Ah Ks Ac] [8d]
Dorex2007: bets $0.05
zsizsik2: calls $0.05
*** SHOW DOWN ***
Dorex2007: shows [5s Th] (two pair, Aces and Eights)
zsizsik2: shows [Jh Tc] (two pair, Aces and Eights)
Dorex2007 collected $0.07 from pot
zsizsik2 collected $0.07 from pot
*** SUMMARY ***
Total pot $0.15 | Rake $0.01 
Board [8h Ah Ks Ac 8d]
Seat 1: zsizsik2 showed [Jh Tc] and won ($0.07) with two pair, Aces and Eights
Seat 3: Elrus90 (button) folded before Flop (didn't bet)
Seat 4: Belli Baster (small blind) folded before Flop
Seat 5: Dorex2007 (big blind) showed [5s Th] and won ($0.07) with two pair, Aces and Eights
Seat 6: Vasya175 folded before Flop (didn't bet)
Seat 7: Guachancho_O folded before Flop (didn't bet)
Seat 9: docthedoc66 folded before Flop (didn't bet)



PokerStars Hand #232148777604:  Hold'em No Limit ($0.01/$0.02 USD) - 2021/12/12 0:14:50 PT [2021/12/12 3:14:50 ET]
Table 'Porzia' 9-max Seat #4 is the button
Seat 1: zsizsik2 ($1.38 in chips) 
Seat 3: Elrus90 ($2.03 in chips) 
Seat 4: Belli Baster ($3.72 in chips) 
Seat 5: Dorex2007 ($2.07 in chips) 
Seat 9: docthedoc66 ($2 in chips) 
Dorex2007: posts small blind $0.01
docthedoc66: posts big blind $0.02
*** HOLE CARDS ***
Dealt to Dorex2007 [9d 4c]
zsizsik2: folds 
Elrus90: folds 
Belli Baster: folds 
Dorex2007: folds 
Uncalled bet ($0.01) returned to docthedoc66
docthedoc66 collected $0.02 from pot
docthedoc66: doesn't show hand 
*** SUMMARY ***
Total pot $0.02 | Rake $0 
Seat 1: zsizsik2 folded before Flop (didn't bet)
Seat 3: Elrus90 folded before Flop (didn't bet)
Seat 4: Belli Baster (button) folded before Flop (didn't bet)
Seat 5: Dorex2007 (small blind) folded before Flop
Seat 9: docthedoc66 (big blind) collected ($0.02)



PokerStars Hand #232148779311:  Hold'em No Limit ($0.01/$0.02 USD) - 2021/12/12 0:15:00 PT [2021/12/12 3:15:00 ET]
Table 'Porzia' 9-max Seat #5 is the button
Seat 1: zsizsik2 ($1.38 in chips) 
Seat 3: Elrus90 ($2.03 in chips) 
Seat 4: Belli Baster ($3.72 in chips) 
Seat 5: Dorex2007 ($2.06 in chips) 
Seat 9: docthedoc66 ($2.01 in chips) 
docthedoc66: posts small blind $0.01
zsizsik2: posts big blind $0.02
*** HOLE CARDS ***
Dealt to Dorex2007 [3c Tc]
Elrus90: folds 
Belli Baster: folds 
Dorex2007: folds 
docthedoc66: calls $0.01
zsizsik2: checks 
*** FLOP *** [Ts 7h Qs]
Andreas Klukha joins the table at seat #2 
docthedoc66: checks 
zsizsik2: checks 
*** TURN *** [Ts 7h Qs] [Ah]
docthedoc66: checks 
zsizsik2: checks 
*** RIVER *** [Ts 7h Qs Ah] [3h]
docthedoc66: bets $0.02
zsizsik2: folds 
Uncalled bet ($0.02) returned to docthedoc66
docthedoc66 collected $0.04 from pot
docthedoc66: doesn't show hand 
*** SUMMARY ***
Total pot $0.04 | Rake $0 
Board [Ts 7h Qs Ah 3h]
Seat 1: zsizsik2 (big blind) folded on the River
Seat 3: Elrus90 folded before Flop (didn't bet)
Seat 4: Belli Baster folded before Flop (didn't bet)
Seat 5: Dorex2007 (button) folded before Flop (didn't bet)
Seat 9: docthedoc66 (small blind) collected ($0.04)



PokerStars Hand #232148784258:  Hold'em No Limit ($0.01/$0.02 USD) - 2021/12/12 0:15:29 PT [2021/12/12 3:15:29 ET]
Table 'Porzia' 9-max Seat #9 is the button
Seat 1: zsizsik2 ($1.36 in chips) 
Seat 2: Andreas Klukha ($1.60 in chips) 
Seat 3: Elrus90 ($2.03 in chips) 
Seat 4: Belli Baster ($3.72 in chips) 
Seat 5: Dorex2007 ($2.06 in chips) 
Seat 9: docthedoc66 ($2.03 in chips) 
zsizsik2: posts small blind $0.01
Andreas Klukha: posts big blind $0.02
Vasya175: sits out 
*** HOLE CARDS ***
Dealt to Dorex2007 [8h Tc]
Elrus90: folds 
Belli Baster: folds 
Dorex2007: folds 
docthedoc66: folds 
zsizsik2: calls $0.01
Andreas Klukha: checks 
*** FLOP *** [As 8d 2h]
zsizsik2: bets $0.04
Andreas Klukha: calls $0.04
*** TURN *** [As 8d 2h] [5h]
zsizsik2: bets $0.06
Andreas Klukha: calls $0.06
*** RIVER *** [As 8d 2h 5h] [Ts]
zsizsik2: bets $0.06
Andreas Klukha: folds 
Uncalled bet ($0.06) returned to zsizsik2
zsizsik2 collected $0.23 from pot
zsizsik2: doesn't show hand 
*** SUMMARY ***
Total pot $0.24 | Rake $0.01 
Board [As 8d 2h 5h Ts]
Seat 1: zsizsik2 (small blind) collected ($0.23)
Seat 2: Andreas Klukha (big blind) folded on the River
Seat 3: Elrus90 folded before Flop (didn't bet)
Seat 4: Belli Baster folded before Flop (didn't bet)
Seat 5: Dorex2007 folded before Flop (didn't bet)
Seat 9: docthedoc66 (button) folded before Flop (didn't bet)



PokerStars Hand #232148789600:  Hold'em No Limit ($0.01/$0.02 USD) - 2021/12/12 0:16:02 PT [2021/12/12 3:16:02 ET]
Table 'Porzia' 9-max Seat #1 is the button
Seat 1: zsizsik2 ($1.47 in chips) 
Seat 2: Andreas Klukha ($1.48 in chips) 
Seat 3: Elrus90 ($2.03 in chips) 
Seat 4: Belli Baster ($3.72 in chips) 
Seat 5: Dorex2007 ($2.06 in chips) 
Seat 9: docthedoc66 ($2.03 in chips) 
Andreas Klukha: posts small blind $0.01
Elrus90: posts big blind $0.02
Vasya175: sits out 
*** HOLE CARDS ***
Dealt to Dorex2007 [6h Qc]
Belli Baster: folds 
Dorex2007: folds 
docthedoc66: folds 
zsizsik2: folds 
Andreas Klukha: calls $0.01
Elrus90: raises $0.06 to $0.08
Andreas Klukha: calls $0.06
*** FLOP *** [8d Kd 2d]
Andreas Klukha: checks 
Elrus90: bets $0.07
Andreas Klukha: folds 
Uncalled bet ($0.07) returned to Elrus90
Elrus90 collected $0.15 from pot
Elrus90: doesn't show hand 
*** SUMMARY ***
Total pot $0.16 | Rake $0.01 
Board [8d Kd 2d]
Seat 1: zsizsik2 (button) folded before Flop (didn't bet)
Seat 2: Andreas Klukha (small blind) folded on the Flop
Seat 3: Elrus90 (big blind) collected ($0.15)
Seat 4: Belli Baster folded before Flop (didn't bet)
Seat 5: Dorex2007 folded before Flop (didn't bet)
Seat 9: docthedoc66 folded before Flop (didn't bet)



PokerStars Hand #232148797006:  Hold'em No Limit ($0.01/$0.02 USD) - 2021/12/12 0:16:45 PT [2021/12/12 3:16:45 ET]
Table 'Porzia' 9-max Seat #2 is the button
Seat 1: zsizsik2 ($1.47 in chips) 
Seat 2: Andreas Klukha ($1.40 in chips) 
Seat 3: Elrus90 ($2.10 in chips) 
Seat 4: Belli Baster ($3.72 in chips) 
Seat 5: Dorex2007 ($2.06 in chips) 
Seat 9: docthedoc66 ($2.03 in chips) 
Elrus90: posts small blind $0.01
Belli Baster: posts big blind $0.02
Vasya175: sits out 
*** HOLE CARDS ***
Dealt to Dorex2007 [4c 2s]
Dorex2007: folds 
docthedoc66: folds 
zsizsik2: folds 
Andreas Klukha: calls $0.02
Elrus90: folds 
Belli Baster: checks 
*** FLOP *** [As 6s 3h]
Belli Baster: checks 
Andreas Klukha: checks 
*** TURN *** [As 6s 3h] [Ac]
Belli Baster: checks 
Andreas Klukha: checks 
*** RIVER *** [As 6s 3h Ac] [7h]
Missmyboat joins the table at seat #7 
Belli Baster: checks 
Andreas Klukha: checks 
*** SHOW DOWN ***
Belli Baster: shows [9d Qh] (a pair of Aces)
Andreas Klukha: shows [2d 7d] (two pair, Aces and Sevens)
Andreas Klukha collected $0.05 from pot
*** SUMMARY ***
Total pot $0.05 | Rake $0 
Board [As 6s 3h Ac 7h]
Seat 1: zsizsik2 folded before Flop (didn't bet)
Seat 2: Andreas Klukha (button) showed [2d 7d] and won ($0.05) with two pair, Aces and Sevens
Seat 3: Elrus90 (small blind) folded before Flop
Seat 4: Belli Baster (big blind) showed [9d Qh] and lost with a pair of Aces
Seat 5: Dorex2007 folded before Flop (didn't bet)
Seat 9: docthedoc66 folded before Flop (didn't bet)



PokerStars Hand #232148805441:  Hold'em No Limit ($0.01/$0.02 USD) - 2021/12/12 0:17:36 PT [2021/12/12 3:17:36 ET]
Table 'Porzia' 9-max Seat #3 is the button
Seat 1: zsizsik2 ($1.47 in chips) 
Seat 2: Andreas Klukha ($1.43 in chips) 
Seat 3: Elrus90 ($2.09 in chips) 
Seat 4: Belli Baster ($3.70 in chips) 
Seat 5: Dorex2007 ($2.06 in chips) 
Seat 9: docthedoc66 ($2.03 in chips) 
Belli Baster: posts small blind $0.01
Dorex2007: posts big blind $0.02
Vasya175: sits out 
Missmyboat: sits out 
*** HOLE CARDS ***
Dealt to Dorex2007 [4h Qs]
docthedoc66: folds 
zsizsik2: calls $0.02
pjm00 joins the table at seat #8 
Andreas Klukha: calls $0.02
Elrus90: folds 
Belli Baster: calls $0.01
Dorex2007: checks 
*** FLOP *** [4c As Ks]
Belli Baster: checks 
Dorex2007: checks 
zsizsik2: checks 
Andreas Klukha: checks 
*** TURN *** [4c As Ks] [7c]
Belli Baster: checks 
Dorex2007: checks 
zsizsik2: bets $0.04
Andreas Klukha: calls $0.04
Belli Baster: folds 
Dorex2007: folds 
*** RIVER *** [4c As Ks 7c] [Qc]
zsizsik2: bets $0.04
Andreas Klukha: calls $0.04
*** SHOW DOWN ***
zsizsik2: shows [4d 7d] (two pair, Sevens and Fours)
Andreas Klukha: shows [7h Qd] (two pair, Queens and Sevens)
Andreas Klukha collected $0.23 from pot
*** SUMMARY ***
Total pot $0.24 | Rake $0.01 
Board [4c As Ks 7c Qc]
Seat 1: zsizsik2 showed [4d 7d] and lost with two pair, Sevens and Fours
Seat 2: Andreas Klukha showed [7h Qd] and won ($0.23) with two pair, Queens and Sevens
Seat 3: Elrus90 (button) folded before Flop (didn't bet)
Seat 4: Belli Baster (small blind) folded on the Turn
Seat 5: Dorex2007 (big blind) folded on the Turn
Seat 9: docthedoc66 folded before Flop (didn't bet)



PokerStars Hand #232148815057:  Hold'em No Limit ($0.01/$0.02 USD) - 2021/12/12 0:18:33 PT [2021/12/12 3:18:33 ET]
Table 'Porzia' 9-max Seat #4 is the button
Seat 1: zsizsik2 ($1.37 in chips) 
Seat 2: Andreas Klukha ($1.56 in chips) 
Seat 3: Elrus90 ($2.09 in chips) 
Seat 4: Belli Baster ($3.68 in chips) 
Seat 5: Dorex2007 ($2.04 in chips) 
Seat 6: Vasya175 ($2.40 in chips) 
Seat 7: Missmyboat ($2 in chips) 
Seat 9: docthedoc66 ($2.03 in chips) 
Dorex2007: posts small blind $0.01
Vasya175: posts big blind $0.02
Missmyboat: posts big blind $0.02
pjm00: sits out 
*** HOLE CARDS ***
Dealt to Dorex2007 [5d 6h]
Missmyboat: checks 
docthedoc66: folds 
zsizsik2: calls $0.02
Andreas Klukha: calls $0.02
Elrus90: folds 
Belli Baster: folds 
Dorex2007: calls $0.01
Vasya175: checks 
*** FLOP *** [Tc 3h 2h]
Dorex2007: checks 
Vasya175: checks 
Missmyboat: checks 
zsizsik2: checks 
Andreas Klukha: checks 
*** TURN *** [Tc 3h 2h] [Qd]
Dorex2007: checks 
Vasya175: checks 
Missmyboat: checks 
zsizsik2: bets $0.05
Andreas Klukha: folds 
Dorex2007: folds 
Vasya175: folds 
Missmyboat: folds 
Uncalled bet ($0.05) returned to zsizsik2
zsizsik2 collected $0.10 from pot
zsizsik2: doesn't show hand 
*** SUMMARY ***
Total pot $0.10 | Rake $0 
Board [Tc 3h 2h Qd]
Seat 1: zsizsik2 collected ($0.10)
Seat 2: Andreas Klukha folded on the Turn
Seat 3: Elrus90 folded before Flop (didn't bet)
Seat 4: Belli Baster (button) folded before Flop (didn't bet)
Seat 5: Dorex2007 (small blind) folded on the Turn
Seat 6: Vasya175 (big blind) folded on the Turn
Seat 7: Missmyboat folded on the Turn (didn't bet)
Seat 9: docthedoc66 folded before Flop (didn't bet)



PokerStars Hand #232148825671:  Hold'em No Limit ($0.01/$0.02 USD) - 2021/12/12 0:19:35 PT [2021/12/12 3:19:35 ET]
Table 'Porzia' 9-max Seat #5 is the button
Seat 1: zsizsik2 ($1.45 in chips) 
Seat 2: Andreas Klukha ($1.54 in chips) 
Seat 3: Elrus90 ($2.09 in chips) 
Seat 4: Belli Baster ($3.68 in chips) 
Seat 5: Dorex2007 ($2.02 in chips) 
Seat 6: Vasya175 ($2.38 in chips) 
Seat 7: Missmyboat ($1.98 in chips) 
Seat 9: docthedoc66 ($2.03 in chips) 
Vasya175: posts small blind $0.01
Missmyboat: posts big blind $0.02
pjm00: sits out 
*** HOLE CARDS ***
Dealt to Dorex2007 [4c 6c]
docthedoc66: raises $0.04 to $0.06
zsizsik2: calls $0.06
Andreas Klukha: calls $0.06
Elrus90: folds 
Belli Baster: folds 
Dorex2007: folds 
Vasya175: folds 
Missmyboat: calls $0.04
*** FLOP *** [2d 9h 5h]
Missmyboat: checks 
docthedoc66: checks 
zsizsik2: bets $0.08
Andreas Klukha: folds 
Missmyboat: raises $0.40 to $0.48
docthedoc66: folds 
zsizsik2: folds 
Uncalled bet ($0.40) returned to Missmyboat
Missmyboat collected $0.40 from pot
*** SUMMARY ***
Total pot $0.41 | Rake $0.01 
Board [2d 9h 5h]
Seat 1: zsizsik2 folded on the Flop
Seat 2: Andreas Klukha folded on the Flop
Seat 3: Elrus90 folded before Flop (didn't bet)
Seat 4: Belli Baster folded before Flop (didn't bet)
Seat 5: Dorex2007 (button) folded before Flop (didn't bet)
Seat 6: Vasya175 (small blind) folded before Flop
Seat 7: Missmyboat (big blind) collected ($0.40)
Seat 9: docthedoc66 folded on the Flop



PokerStars Hand #232148834556:  Hold'em No Limit ($0.01/$0.02 USD) - 2021/12/12 0:20:28 PT [2021/12/12 3:20:28 ET]
Table 'Porzia' 9-max Seat #6 is the button
Seat 1: zsizsik2 ($1.31 in chips) 
Seat 2: Andreas Klukha ($1.48 in chips) 
Seat 3: Elrus90 ($2.09 in chips) 
Seat 4: Belli Baster ($3.68 in chips) 
Seat 5: Dorex2007 ($2.02 in chips) 
Seat 6: Vasya175 ($2.37 in chips) 
Seat 7: Missmyboat ($2.24 in chips) 
Seat 8: pjm00 ($0.80 in chips) 
Seat 9: docthedoc66 ($2 in chips) 
Missmyboat: posts small blind $0.01
pjm00: posts big blind $0.02
*** HOLE CARDS ***
Dealt to Dorex2007 [Qh 5d]
docthedoc66: calls $0.02
zsizsik2: folds 
Andreas Klukha: calls $0.02
Elrus90: folds 
Belli Baster: raises $0.02 to $0.04
Dorex2007: folds 
Vasya175: calls $0.04
Missmyboat: calls $0.03
pjm00: calls $0.02
docthedoc66: calls $0.02
Andreas Klukha: calls $0.02
*** FLOP *** [Jh Ac 3h]
Missmyboat: checks 
pjm00: bets $0.10
docthedoc66: calls $0.10
Andreas Klukha: folds 
Belli Baster: folds 
Vasya175: folds 
Missmyboat: folds 
*** TURN *** [Jh Ac 3h] [9d]
pjm00: checks 
docthedoc66: checks 
*** RIVER *** [Jh Ac 3h 9d] [2h]
pjm00: bets $0.21
docthedoc66: raises $0.42 to $0.63
pjm00: calls $0.42
*** SHOW DOWN ***
docthedoc66: shows [Ah 5h] (a flush, Ace high)
pjm00: mucks hand 
docthedoc66 collected $1.64 from pot
*** SUMMARY ***
Total pot $1.70 | Rake $0.06 
Board [Jh Ac 3h 9d 2h]
Seat 1: zsizsik2 folded before Flop (didn't bet)
Seat 2: Andreas Klukha folded on the Flop
Seat 3: Elrus90 folded before Flop (didn't bet)
Seat 4: Belli Baster folded on the Flop
Seat 5: Dorex2007 folded before Flop (didn't bet)
Seat 6: Vasya175 (button) folded on the Flop
Seat 7: Missmyboat (small blind) folded on the Flop
Seat 8: pjm00 (big blind) mucked [Kh Th]
Seat 9: docthedoc66 showed [Ah 5h] and won ($1.64) with a flush, Ace high



PokerStars Hand #232148848086:  Hold'em No Limit ($0.01/$0.02 USD) - 2021/12/12 0:21:47 PT [2021/12/12 3:21:47 ET]
Table 'Porzia' 9-max Seat #7 is the button
Seat 1: zsizsik2 ($1.31 in chips) 
Seat 2: Andreas Klukha ($1.44 in chips) 
Seat 3: Elrus90 ($2.09 in chips) 
Seat 4: Belli Baster ($3.64 in chips) 
Seat 5: Dorex2007 ($2.02 in chips) 
Seat 6: Vasya175 ($2.33 in chips) 
Seat 7: Missmyboat ($2.20 in chips) 
Seat 8: pjm00 ($0.03 in chips) 
Seat 9: docthedoc66 ($2.87 in chips) 
pjm00: posts small blind $0.01
docthedoc66: posts big blind $0.02
*** HOLE CARDS ***
Dealt to Dorex2007 [5d 8d]
zsizsik2: folds 
Andreas Klukha: calls $0.02
Elrus90: folds 
Belli Baster: folds 
Dorex2007: folds 
Vasya175: folds 
Missmyboat: calls $0.02
pjm00: calls $0.01
docthedoc66: checks 
*** FLOP *** [7c 3c Ac]
Belli Baster leaves the table
pjm00: bets $0.01 and is all-in
docthedoc66: folds 
Andreas Klukha: calls $0.01
Missmyboat: raises $0.11 to $0.12
Andreas Klukha: calls $0.11
*** TURN *** [7c 3c Ac] [Kc]
Andreas Klukha: checks 
Missmyboat: checks 
*** RIVER *** [7c 3c Ac Kc] [5s]
Andreas Klukha: checks 
Hockeist777 joins the table at seat #4 
Missmyboat: checks 
*** SHOW DOWN ***
Andreas Klukha: shows [7h 6h] (a pair of Sevens)
Missmyboat: shows [3s 3h] (three of a kind, Threes)
Missmyboat collected $0.21 from side pot
pjm00: shows [4c As] (a flush, Ace high)
pjm00 collected $0.11 from main pot
*** SUMMARY ***
Total pot $0.33 Main pot $0.11. Side pot $0.21. | Rake $0.01 
Board [7c 3c Ac Kc 5s]
Seat 1: zsizsik2 folded before Flop (didn't bet)
Seat 2: Andreas Klukha showed [7h 6h] and lost with a pair of Sevens
Seat 3: Elrus90 folded before Flop (didn't bet)
Seat 4: Belli Baster folded before Flop (didn't bet)
Seat 5: Dorex2007 folded before Flop (didn't bet)
Seat 6: Vasya175 folded before Flop (didn't bet)
Seat 7: Missmyboat (button) showed [3s 3h] and won ($0.21) with three of a kind, Threes
Seat 8: pjm00 (small blind) showed [4c As] and won ($0.11) with a flush, Ace high
Seat 9: docthedoc66 (big blind) folded on the Flop



PokerStars Hand #232148859298:  Hold'em No Limit ($0.01/$0.02 USD) - 2021/12/12 0:22:53 PT [2021/12/12 3:22:53 ET]
Table 'Porzia' 9-max Seat #8 is the button
Seat 1: zsizsik2 ($1.31 in chips) 
Seat 2: Andreas Klukha ($1.30 in chips) 
Seat 3: Elrus90 ($2.09 in chips) 
Seat 5: Dorex2007 ($2.02 in chips) 
Seat 6: Vasya175 ($2.33 in chips) 
Seat 7: Missmyboat ($2.27 in chips) 
Seat 8: pjm00 ($0.11 in chips) 
Seat 9: docthedoc66 ($2.85 in chips) 
docthedoc66: posts small blind $0.01
zsizsik2: posts big blind $0.02
Hockeist777: sits out 
*** HOLE CARDS ***
Dealt to Dorex2007 [Ad 6h]
Andreas Klukha: calls $0.02
Elrus90: folds 
Dorex2007: folds 
Vasya175: folds 
Missmyboat: folds 
pjm00: folds 
docthedoc66: folds 
zsizsik2: checks 
*** FLOP *** [2h As 6d]
zsizsik2: checks 
Andreas Klukha: bets $0.02
zsizsik2: folds 
Uncalled bet ($0.02) returned to Andreas Klukha
Andreas Klukha collected $0.05 from pot
*** SUMMARY ***
Total pot $0.05 | Rake $0 
Board [2h As 6d]
Seat 1: zsizsik2 (big blind) folded on the Flop
Seat 2: Andreas Klukha collected ($0.05)
Seat 3: Elrus90 folded before Flop (didn't bet)
Seat 5: Dorex2007 folded before Flop (didn't bet)
Seat 6: Vasya175 folded before Flop (didn't bet)
Seat 7: Missmyboat folded before Flop (didn't bet)
Seat 8: pjm00 (button) folded before Flop (didn't bet)
Seat 9: docthedoc66 (small blind) folded before Flop



PokerStars Hand #232148863271:  Hold'em No Limit ($0.01/$0.02 USD) - 2021/12/12 0:23:16 PT [2021/12/12 3:23:16 ET]
Table 'Porzia' 9-max Seat #9 is the button
Seat 1: zsizsik2 ($1.29 in chips) 
Seat 2: Andreas Klukha ($1.33 in chips) 
Seat 3: Elrus90 ($2.09 in chips) 
Seat 5: Dorex2007 ($2.02 in chips) 
Seat 6: Vasya175 ($2.33 in chips) 
Seat 7: Missmyboat ($2.27 in chips) 
Seat 8: pjm00 ($0.11 in chips) 
Seat 9: docthedoc66 ($2.84 in chips) 
zsizsik2: posts small blind $0.01
Andreas Klukha: posts big blind $0.02
Hockeist777: sits out 
*** HOLE CARDS ***
Dealt to Dorex2007 [7d 8s]
Elrus90: folds 
Dorex2007: folds 
Vasya175: folds 
Missmyboat: folds 
pjm00: folds 
docthedoc66: folds 
zsizsik2: calls $0.01
Andreas Klukha: checks 
*** FLOP *** [Jc Qh 5h]
zsizsik2: checks 
Andreas Klukha: checks 
*** TURN *** [Jc Qh 5h] [3s]
zsizsik2: bets $0.02
Andreas Klukha: calls $0.02
*** RIVER *** [Jc Qh 5h 3s] [7h]
zsizsik2: checks 
Andreas Klukha: bets $0.02
zsizsik2: folds 
Uncalled bet ($0.02) returned to Andreas Klukha
Andreas Klukha collected $0.08 from pot
*** SUMMARY ***
Total pot $0.08 | Rake $0 
Board [Jc Qh 5h 3s 7h]
Seat 1: zsizsik2 (small blind) folded on the River
Seat 2: Andreas Klukha (big blind) collected ($0.08)
Seat 3: Elrus90 folded before Flop (didn't bet)
Seat 5: Dorex2007 folded before Flop (didn't bet)
Seat 6: Vasya175 folded before Flop (didn't bet)
Seat 7: Missmyboat folded before Flop (didn't bet)
Seat 8: pjm00 folded before Flop (didn't bet)
Seat 9: docthedoc66 (button) folded before Flop (didn't bet)



PokerStars Hand #232148869375:  Hold'em No Limit ($0.01/$0.02 USD) - 2021/12/12 0:23:52 PT [2021/12/12 3:23:52 ET]
Table 'Porzia' 9-max Seat #1 is the button
Seat 1: zsizsik2 ($1.25 in chips) 
Seat 2: Andreas Klukha ($1.37 in chips) 
Seat 3: Elrus90 ($2.09 in chips) 
Seat 5: Dorex2007 ($2.02 in chips) 
Seat 6: Vasya175 ($2.33 in chips) 
Seat 7: Missmyboat ($2.27 in chips) 
Seat 8: pjm00 ($0.11 in chips) 
Seat 9: docthedoc66 ($2.84 in chips) 
Andreas Klukha: posts small blind $0.01
Elrus90: posts big blind $0.02
Hockeist777: sits out 
*** HOLE CARDS ***
Dealt to Dorex2007 [5s Qh]
Dorex2007: folds 
Vasya175: folds 
Missmyboat: folds 
pjm00: folds 
docthedoc66: folds 
zsizsik2: folds 
Andreas Klukha: calls $0.01
Elrus90: checks 
*** FLOP *** [5d 4h 2c]
Andreas Klukha: checks 
Elrus90: checks 
*** TURN *** [5d 4h 2c] [Kd]
Andreas Klukha: checks 
Elrus90: checks 
*** RIVER *** [5d 4h 2c Kd] [7d]
Andreas Klukha: bets $0.10
Elrus90: raises $0.10 to $0.20
Andreas Klukha: raises $0.10 to $0.30
Elrus90: calls $0.10
*** SHOW DOWN ***
Andreas Klukha: shows [Ac Ad] (a pair of Aces)
Elrus90: shows [Jd Td] (a flush, King high)
Elrus90 collected $0.62 from pot
*** SUMMARY ***
Total pot $0.64 | Rake $0.02 
Board [5d 4h 2c Kd 7d]
Seat 1: zsizsik2 (button) folded before Flop (didn't bet)
Seat 2: Andreas Klukha (small blind) showed [Ac Ad] and lost with a pair of Aces
Seat 3: Elrus90 (big blind) showed [Jd Td] and won ($0.62) with a flush, King high
Seat 5: Dorex2007 folded before Flop (didn't bet)
Seat 6: Vasya175 folded before Flop (didn't bet)
Seat 7: Missmyboat folded before Flop (didn't bet)
Seat 8: pjm00 folded before Flop (didn't bet)
Seat 9: docthedoc66 folded before Flop (didn't bet)



PokerStars Hand #232148874958:  Hold'em No Limit ($0.01/$0.02 USD) - 2021/12/12 0:24:25 PT [2021/12/12 3:24:25 ET]
Table 'Porzia' 9-max Seat #2 is the button
Seat 1: zsizsik2 ($1.25 in chips) 
Seat 2: Andreas Klukha ($1.05 in chips) 
Seat 3: Elrus90 ($2.39 in chips) 
Seat 4: Hockeist777 ($1.60 in chips) 
Seat 5: Dorex2007 ($2.02 in chips) 
Seat 6: Vasya175 ($2.33 in chips) 
Seat 7: Missmyboat ($2.27 in chips) 
Seat 8: pjm00 ($0.11 in chips) 
Seat 9: docthedoc66 ($2.84 in chips) 
Elrus90: posts small blind $0.01
Hockeist777: posts big blind $0.02
*** HOLE CARDS ***
Dealt to Dorex2007 [4h Kh]
Dorex2007: folds 
Vasya175: calls $0.02
Missmyboat: folds 
pjm00: folds 
docthedoc66: folds 
zsizsik2: folds 
Andreas Klukha: calls $0.02
Elrus90: calls $0.01
zsizsik2 leaves the table
Hockeist777: checks 
*** FLOP *** [Kd 2h 3s]
Elrus90: checks 
Hockeist777: checks 
VagnerAndry joins the table at seat #1 
Vasya175: bets $0.08
Andreas Klukha: folds 
Elrus90: folds 
Hockeist777: folds 
Uncalled bet ($0.08) returned to Vasya175
Vasya175 collected $0.08 from pot
Vasya175: doesn't show hand 
*** SUMMARY ***
Total pot $0.08 | Rake $0 
Board [Kd 2h 3s]
Seat 1: zsizsik2 folded before Flop (didn't bet)
Seat 2: Andreas Klukha (button) folded on the Flop
Seat 3: Elrus90 (small blind) folded on the Flop
Seat 4: Hockeist777 (big blind) folded on the Flop
Seat 5: Dorex2007 folded before Flop (didn't bet)
Seat 6: Vasya175 collected ($0.08)
Seat 7: Missmyboat folded before Flop (didn't bet)
Seat 8: pjm00 folded before Flop (didn't bet)
Seat 9: docthedoc66 folded before Flop (didn't bet)



PokerStars Hand #232148885868:  Hold'em No Limit ($0.01/$0.02 USD) - 2021/12/12 0:25:30 PT [2021/12/12 3:25:30 ET]
Table 'Porzia' 9-max Seat #3 is the button
Seat 2: Andreas Klukha ($1.03 in chips) 
Seat 3: Elrus90 ($2.37 in chips) 
Seat 4: Hockeist777 ($1.58 in chips) 
Seat 5: Dorex2007 ($2.02 in chips) 
Seat 6: Vasya175 ($2.39 in chips) 
Seat 7: Missmyboat ($2.27 in chips) 
Seat 8: pjm00 ($0.11 in chips) 
Seat 9: docthedoc66 ($2.84 in chips) 
Hockeist777: posts small blind $0.01
Dorex2007: posts big blind $0.02
VagnerAndry: sits out 
*** HOLE CARDS ***
Dealt to Dorex2007 [As 6h]
Vasya175 has timed out
Vasya175: folds 
Missmyboat: folds 
pjm00: folds 
docthedoc66: raises $0.04 to $0.06
Andreas Klukha: calls $0.06
Elrus90: folds 
Hockeist777: folds 
Dorex2007: folds 
*** FLOP *** [7h 9s 4c]
docthedoc66: bets $0.07
Andreas Klukha: raises $0.07 to $0.14
docthedoc66: calls $0.07
*** TURN *** [7h 9s 4c] [5d]
docthedoc66: checks 
Andreas Klukha: bets $0.10
docthedoc66: calls $0.10
*** RIVER *** [7h 9s 4c 5d] [Ks]
docthedoc66: checks 
Andreas Klukha: bets $0.02
docthedoc66: calls $0.02
*** SHOW DOWN ***
Andreas Klukha: shows [9h 8h] (a pair of Nines)
docthedoc66: shows [Qs Qd] (a pair of Queens)
docthedoc66 collected $0.65 from pot
*** SUMMARY ***
Total pot $0.67 | Rake $0.02 
Board [7h 9s 4c 5d Ks]
Seat 2: Andreas Klukha showed [9h 8h] and lost with a pair of Nines
Seat 3: Elrus90 (button) folded before Flop (didn't bet)
Seat 4: Hockeist777 (small blind) folded before Flop
Seat 5: Dorex2007 (big blind) folded before Flop
Seat 6: Vasya175 folded before Flop (didn't bet)
Seat 7: Missmyboat folded before Flop (didn't bet)
Seat 8: pjm00 folded before Flop (didn't bet)
Seat 9: docthedoc66 showed [Qs Qd] and won ($0.65) with a pair of Queens



PokerStars Hand #232148904931:  Hold'em No Limit ($0.01/$0.02 USD) - 2021/12/12 0:26:24 PT [2021/12/12 3:26:24 ET]
Table 'Porzia' 9-max Seat #4 is the button
Seat 2: Andreas Klukha ($0.71 in chips) 
Seat 3: Elrus90 ($2.37 in chips) 
Seat 4: Hockeist777 ($1.57 in chips) 
Seat 5: Dorex2007 ($2 in chips) 
Seat 6: Vasya175 ($2.39 in chips) 
Seat 7: Missmyboat ($2.27 in chips) 
Seat 8: pjm00 ($0.11 in chips) 
Seat 9: docthedoc66 ($3.17 in chips) 
Dorex2007: posts small blind $0.01
Vasya175: posts big blind $0.02
VagnerAndry: sits out 
*** HOLE CARDS ***
Dealt to Dorex2007 [Qd Js]
Missmyboat: raises $0.02 to $0.04
pjm00: raises $0.07 to $0.11 and is all-in
docthedoc66: folds 
Andreas Klukha: calls $0.11
Elrus90: folds 
Hockeist777: folds 
Dorex2007: folds 
Vasya175: folds 
Missmyboat: calls $0.07
*** FLOP *** [5h 2c 8d]
Missmyboat: bets $0.18
Andreas Klukha: calls $0.18
*** TURN *** [5h 2c 8d] [As]
Missmyboat: checks 
Andreas Klukha: checks 
*** RIVER *** [5h 2c 8d As] [2d]
Missmyboat: checks 
Andreas Klukha: checks 
*** SHOW DOWN ***
Missmyboat: shows [Ac Qc] (two pair, Aces and Deuces)
Andreas Klukha: mucks hand 
Missmyboat collected $0.34 from side pot
pjm00: mucks hand 
Missmyboat collected $0.35 from main pot
*** SUMMARY ***
Total pot $0.72 Main pot $0.35. Side pot $0.34. | Rake $0.03 
Board [5h 2c 8d As 2d]
Seat 2: Andreas Klukha mucked [5d Tc]
Seat 3: Elrus90 folded before Flop (didn't bet)
Seat 4: Hockeist777 (button) folded before Flop (didn't bet)
Seat 5: Dorex2007 (small blind) folded before Flop
Seat 6: Vasya175 (big blind) folded before Flop
Seat 7: Missmyboat showed [Ac Qc] and won ($0.69) with two pair, Aces and Deuces
Seat 8: pjm00 mucked [Kd Ks]
Seat 9: docthedoc66 folded before Flop (didn't bet)



PokerStars Hand #232148913458:  Hold'em No Limit ($0.01/$0.02 USD) - 2021/12/12 0:27:14 PT [2021/12/12 3:27:14 ET]
Table 'Porzia' 9-max Seat #5 is the button
Seat 2: Andreas Klukha ($0.42 in chips) 
Seat 3: Elrus90 ($2.37 in chips) 
Seat 4: Hockeist777 ($1.57 in chips) 
Seat 5: Dorex2007 ($2 in chips) 
Seat 6: Vasya175 ($2.37 in chips) 
Seat 7: Missmyboat ($2.67 in chips) 
Seat 9: docthedoc66 ($3.17 in chips) 
Vasya175: posts small blind $0.01
Missmyboat: posts big blind $0.02
VagnerAndry: sits out 
*** HOLE CARDS ***
Dealt to Dorex2007 [Jh 7c]
docthedoc66: folds 
Andreas Klukha: calls $0.02
Elrus90: calls $0.02
Hockeist777: folds 
Dorex2007: folds 
Vasya175: calls $0.01
Missmyboat: checks 
*** FLOP *** [3d Ad Kd]
Vasya175: checks 
Missmyboat: checks 
Andreas Klukha: checks 
Elrus90: bets $0.03
Vasya175: folds 
Missmyboat: calls $0.03
Andreas Klukha: folds 
*** TURN *** [3d Ad Kd] [Qh]
Missmyboat: checks 
Elrus90: checks 
*** RIVER *** [3d Ad Kd Qh] [8c]
Missmyboat: checks 
Elrus90: bets $0.06
Missmyboat: calls $0.06
*** SHOW DOWN ***
Elrus90: shows [Ac 3c] (two pair, Aces and Threes)
Missmyboat: mucks hand 
Elrus90 collected $0.25 from pot
*** SUMMARY ***
Total pot $0.26 | Rake $0.01 
Board [3d Ad Kd Qh 8c]
Seat 2: Andreas Klukha folded on the Flop
Seat 3: Elrus90 showed [Ac 3c] and won ($0.25) with two pair, Aces and Threes
Seat 4: Hockeist777 folded before Flop (didn't bet)
Seat 5: Dorex2007 (button) folded before Flop (didn't bet)
Seat 6: Vasya175 (small blind) folded on the Flop
Seat 7: Missmyboat (big blind) mucked [Qd 8h]
Seat 9: docthedoc66 folded before Flop (didn't bet)



PokerStars Hand #232148923874:  Hold'em No Limit ($0.01/$0.02 USD) - 2021/12/12 0:28:15 PT [2021/12/12 3:28:15 ET]
Table 'Porzia' 9-max Seat #6 is the button
Seat 2: Andreas Klukha ($0.40 in chips) 
Seat 3: Elrus90 ($2.51 in chips) 
Seat 4: Hockeist777 ($1.57 in chips) 
Seat 5: Dorex2007 ($2 in chips) 
Seat 6: Vasya175 ($2.35 in chips) 
Seat 7: Missmyboat ($2.56 in chips) 
Seat 8: pjm00 ($0.80 in chips) 
Seat 9: docthedoc66 ($3.17 in chips) 
Missmyboat: posts small blind $0.01
pjm00: posts big blind $0.02
VagnerAndry: sits out 
*** HOLE CARDS ***
Dealt to Dorex2007 [7d 3s]
docthedoc66: folds 
Andreas Klukha: calls $0.02
Elrus90: folds 
Hockeist777: folds 
Dorex2007: folds 
Vasya175: folds 
Missmyboat: calls $0.01
pjm00: checks 
*** FLOP *** [7h Kh 7c]
Missmyboat: checks 
pjm00: checks 
Andreas Klukha: bets $0.38 and is all-in
Missmyboat: folds 
pjm00: folds 
Uncalled bet ($0.38) returned to Andreas Klukha
Andreas Klukha collected $0.06 from pot
*** SUMMARY ***
Total pot $0.06 | Rake $0 
Board [7h Kh 7c]
Seat 2: Andreas Klukha collected ($0.06)
Seat 3: Elrus90 folded before Flop (didn't bet)
Seat 4: Hockeist777 folded before Flop (didn't bet)
Seat 5: Dorex2007 folded before Flop (didn't bet)
Seat 6: Vasya175 (button) folded before Flop (didn't bet)
Seat 7: Missmyboat (small blind) folded on the Flop
Seat 8: pjm00 (big blind) folded on the Flop
Seat 9: docthedoc66 folded before Flop (didn't bet)



PokerStars Hand #232148928800:  Hold'em No Limit ($0.01/$0.02 USD) - 2021/12/12 0:28:44 PT [2021/12/12 3:28:44 ET]
Table 'Porzia' 9-max Seat #7 is the button
Seat 2: Andreas Klukha ($0.44 in chips) 
Seat 3: Elrus90 ($2.51 in chips) 
Seat 4: Hockeist777 ($1.57 in chips) 
Seat 5: Dorex2007 ($2 in chips) 
Seat 6: Vasya175 ($2.35 in chips) 
Seat 7: Missmyboat ($2.54 in chips) 
Seat 8: pjm00 ($0.78 in chips) 
Seat 9: docthedoc66 ($3.17 in chips) 
pjm00: posts small blind $0.01
docthedoc66: posts big blind $0.02
VagnerAndry: sits out 
*** HOLE CARDS ***
Dealt to Dorex2007 [Ts Qc]
Andreas Klukha: calls $0.02
Elrus90: raises $0.07 to $0.09
Hockeist777: folds 
Dorex2007: folds 
Vasya175: folds 
Missmyboat: folds 
pjm00: folds 
docthedoc66: folds 
Andreas Klukha: calls $0.07
*** FLOP *** [Tc Ah Jd]
Andreas Klukha: checks 
Elrus90: bets $0.09
Andreas Klukha: raises $0.26 to $0.35 and is all-in
Elrus90: calls $0.26
*** TURN *** [Tc Ah Jd] [Kc]
*** RIVER *** [Tc Ah Jd Kc] [7s]
*** SHOW DOWN ***
Andreas Klukha: shows [Th 9d] (a pair of Tens)
Elrus90: shows [Ac Kh] (two pair, Aces and Kings)
Elrus90 collected $0.88 from pot
*** SUMMARY ***
Total pot $0.91 | Rake $0.03 
Board [Tc Ah Jd Kc 7s]
Seat 2: Andreas Klukha showed [Th 9d] and lost with a pair of Tens
Seat 3: Elrus90 showed [Ac Kh] and won ($0.88) with two pair, Aces and Kings
Seat 4: Hockeist777 folded before Flop (didn't bet)
Seat 5: Dorex2007 folded before Flop (didn't bet)
Seat 6: Vasya175 folded before Flop (didn't bet)
Seat 7: Missmyboat (button) folded before Flop (didn't bet)
Seat 8: pjm00 (small blind) folded before Flop
Seat 9: docthedoc66 (big blind) folded before Flop



PokerStars Hand #232148936509:  Hold'em No Limit ($0.01/$0.02 USD) - 2021/12/12 0:29:30 PT [2021/12/12 3:29:30 ET]
Table 'Porzia' 9-max Seat #8 is the button
Seat 1: VagnerAndry ($0.80 in chips) 
Seat 3: Elrus90 ($2.95 in chips) 
Seat 4: Hockeist777 ($1.57 in chips) 
Seat 5: Dorex2007 ($2 in chips) 
Seat 6: Vasya175 ($2.35 in chips) 
Seat 7: Missmyboat ($2.54 in chips) 
Seat 8: pjm00 ($0.77 in chips) 
Seat 9: docthedoc66 ($3.15 in chips) 
docthedoc66: posts small blind $0.01
VagnerAndry: posts big blind $0.02
*** HOLE CARDS ***
Dealt to Dorex2007 [Jh 3h]
Elrus90: folds 
Hockeist777: folds 
Dorex2007: folds 
Vasya175: raises $0.02 to $0.04
Missmyboat: calls $0.04
pjm00: calls $0.04
docthedoc66: folds 
VagnerAndry: folds 
*** FLOP *** [Qc 6d 4h]
Vasya175: checks 
Missmyboat: checks 
pjm00: bets $0.07
Vasya175: folds 
Missmyboat: folds 
Uncalled bet ($0.07) returned to pjm00
pjm00 collected $0.14 from pot
pjm00: doesn't show hand 
*** SUMMARY ***
Total pot $0.15 | Rake $0.01 
Board [Qc 6d 4h]
Seat 1: VagnerAndry (big blind) folded before Flop
Seat 3: Elrus90 folded before Flop (didn't bet)
Seat 4: Hockeist777 folded before Flop (didn't bet)
Seat 5: Dorex2007 folded before Flop (didn't bet)
Seat 6: Vasya175 folded on the Flop
Seat 7: Missmyboat folded on the Flop
Seat 8: pjm00 (button) collected ($0.14)
Seat 9: docthedoc66 (small blind) folded before Flop



PokerStars Hand #232148945310:  Hold'em No Limit ($0.01/$0.02 USD) - 2021/12/12 0:30:22 PT [2021/12/12 3:30:22 ET]
Table 'Porzia' 9-max Seat #9 is the button
Seat 1: VagnerAndry ($0.78 in chips) 
Seat 2: Andreas Klukha ($1.30 in chips) 
Seat 3: Elrus90 ($2.95 in chips) 
Seat 4: Hockeist777 ($1.57 in chips) 
Seat 5: Dorex2007 ($2 in chips) 
Seat 6: Vasya175 ($2.31 in chips) 
Seat 7: Missmyboat ($2.50 in chips) 
Seat 8: pjm00 ($0.87 in chips) 
Seat 9: docthedoc66 ($3.14 in chips) 
VagnerAndry: posts small blind $0.01
Andreas Klukha: posts big blind $0.02
*** HOLE CARDS ***
Dealt to Dorex2007 [Ks Ad]
Elrus90: folds 
Hockeist777: folds 
Dorex2007: raises $0.04 to $0.06
Vasya175: folds 
Missmyboat: calls $0.06
pjm00: folds 
docthedoc66: folds 
VagnerAndry: folds 
Andreas Klukha: folds 
*** FLOP *** [2s 8h 5s]
Dorex2007: checks 
Missmyboat: checks 
*** TURN *** [2s 8h 5s] [Jd]
Dorex2007: bets $0.09
Missmyboat: folds 
Uncalled bet ($0.09) returned to Dorex2007
Dorex2007 collected $0.14 from pot
Dorex2007: doesn't show hand 
*** SUMMARY ***
Total pot $0.15 | Rake $0.01 
Board [2s 8h 5s Jd]
Seat 1: VagnerAndry (small blind) folded before Flop
Seat 2: Andreas Klukha (big blind) folded before Flop
Seat 3: Elrus90 folded before Flop (didn't bet)
Seat 4: Hockeist777 folded before Flop (didn't bet)
Seat 5: Dorex2007 collected ($0.14)
Seat 6: Vasya175 folded before Flop (didn't bet)
Seat 7: Missmyboat folded on the Turn
Seat 8: pjm00 folded before Flop (didn't bet)
Seat 9: docthedoc66 (button) folded before Flop (didn't bet)



PokerStars Hand #232148953008:  Hold'em No Limit ($0.01/$0.02 USD) - 2021/12/12 0:31:07 PT [2021/12/12 3:31:07 ET]
Table 'Porzia' 9-max Seat #1 is the button
Seat 1: VagnerAndry ($0.77 in chips) 
Seat 2: Andreas Klukha ($1.28 in chips) 
Seat 3: Elrus90 ($2.95 in chips) 
Seat 4: Hockeist777 ($1.57 in chips) 
Seat 5: Dorex2007 ($2.08 in chips) 
Seat 6: Vasya175 ($2.31 in chips) 
Seat 7: Missmyboat ($2.44 in chips) 
Seat 8: pjm00 ($0.87 in chips) 
Seat 9: docthedoc66 ($3.14 in chips) 
Andreas Klukha: posts small blind $0.01
Elrus90: posts big blind $0.02
*** HOLE CARDS ***
Dealt to Dorex2007 [Td Qs]
Hockeist777 has timed out
Hockeist777: folds 
Dorex2007: folds 
Vasya175: folds 
Missmyboat: calls $0.02
pjm00: folds 
docthedoc66: folds 
VagnerAndry: calls $0.02
Andreas Klukha: calls $0.01
Elrus90: checks 
*** FLOP *** [Qd Jh Js]
Andreas Klukha: checks 
Elrus90: checks 
Missmyboat: bets $0.08
VagnerAndry: folds 
Andreas Klukha: calls $0.08
Elrus90: folds 
*** TURN *** [Qd Jh Js] [7h]
Andreas Klukha: checks 
Missmyboat: checks 
*** RIVER *** [Qd Jh Js 7h] [4d]
Andreas Klukha: bets $0.14
Missmyboat: raises $0.14 to $0.28
Andreas Klukha: calls $0.14
*** SHOW DOWN ***
Missmyboat: shows [Jc 8c] (three of a kind, Jacks)
Andreas Klukha: mucks hand 
Missmyboat collected $0.77 from pot
*** SUMMARY ***
Total pot $0.80 | Rake $0.03 
Board [Qd Jh Js 7h 4d]
Seat 1: VagnerAndry (button) folded on the Flop
Seat 2: Andreas Klukha (small blind) mucked [Kc Kd]
Seat 3: Elrus90 (big blind) folded on the Flop
Seat 4: Hockeist777 folded before Flop (didn't bet)
Seat 5: Dorex2007 folded before Flop (didn't bet)
Seat 6: Vasya175 folded before Flop (didn't bet)
Seat 7: Missmyboat showed [Jc 8c] and won ($0.77) with three of a kind, Jacks
Seat 8: pjm00 folded before Flop (didn't bet)
Seat 9: docthedoc66 folded before Flop (didn't bet)



PokerStars Hand #232148963979:  Hold'em No Limit ($0.01/$0.02 USD) - 2021/12/12 0:32:11 PT [2021/12/12 3:32:11 ET]
Table 'Porzia' 9-max Seat #2 is the button
Seat 1: VagnerAndry ($0.75 in chips) 
Seat 2: Andreas Klukha ($0.90 in chips) 
Seat 3: Elrus90 ($2.93 in chips) 
Seat 4: Hockeist777 ($1.57 in chips) 
Seat 5: Dorex2007 ($2.08 in chips) 
Seat 6: Vasya175 ($2.31 in chips) 
Seat 7: Missmyboat ($2.83 in chips) 
Seat 8: pjm00 ($0.87 in chips) 
Seat 9: docthedoc66 ($3.14 in chips) 
Elrus90: posts small blind $0.01
Hockeist777: posts big blind $0.02
*** HOLE CARDS ***
Dealt to Dorex2007 [Tc 4c]
Dorex2007: folds 
Vasya175: folds 
Missmyboat: raises $0.02 to $0.04
pjm00: folds 
docthedoc66: folds 
VagnerAndry: folds 
Andreas Klukha: calls $0.04
Elrus90: folds 
Hockeist777: folds 
*** FLOP *** [Qc 8h 4d]
Missmyboat: checks 
Andreas Klukha: checks 
*** TURN *** [Qc 8h 4d] [6s]
Missmyboat: bets $0.06
Andreas Klukha: folds 
Uncalled bet ($0.06) returned to Missmyboat
Missmyboat collected $0.11 from pot
Missmyboat: doesn't show hand 
*** SUMMARY ***
Total pot $0.11 | Rake $0 
Board [Qc 8h 4d 6s]
Seat 1: VagnerAndry folded before Flop (didn't bet)
Seat 2: Andreas Klukha (button) folded on the Turn
Seat 3: Elrus90 (small blind) folded before Flop
Seat 4: Hockeist777 (big blind) folded before Flop
Seat 5: Dorex2007 folded before Flop (didn't bet)
Seat 6: Vasya175 folded before Flop (didn't bet)
Seat 7: Missmyboat collected ($0.11)
Seat 8: pjm00 folded before Flop (didn't bet)
Seat 9: docthedoc66 folded before Flop (didn't bet)



PokerStars Hand #232148971197:  Hold'em No Limit ($0.01/$0.02 USD) - 2021/12/12 0:32:53 PT [2021/12/12 3:32:53 ET]
Table 'Porzia' 9-max Seat #3 is the button
Seat 1: VagnerAndry ($0.75 in chips) 
Seat 2: Andreas Klukha ($0.86 in chips) 
Seat 3: Elrus90 ($2.92 in chips) 
Seat 4: Hockeist777 ($1.55 in chips) 
Seat 5: Dorex2007 ($2.08 in chips) 
Seat 6: Vasya175 ($2.31 in chips) 
Seat 7: Missmyboat ($2.90 in chips) 
Seat 8: pjm00 ($0.87 in chips) 
Seat 9: docthedoc66 ($3.14 in chips) 
Hockeist777: posts small blind $0.01
Dorex2007: posts big blind $0.02
*** HOLE CARDS ***
Dealt to Dorex2007 [Ad Qd]
Vasya175: folds 
Missmyboat: folds 
pjm00: folds 
docthedoc66: folds 
VagnerAndry: folds 
Andreas Klukha: calls $0.02
Elrus90: folds 
Hockeist777: raises $0.04 to $0.06
Dorex2007: calls $0.04
Andreas Klukha: calls $0.04
*** FLOP *** [7s 5h 8d]
Hockeist777: bets $0.08
Dorex2007: calls $0.08
Andreas Klukha: calls $0.08
*** TURN *** [7s 5h 8d] [Tc]
Hockeist777: bets $0.20
Dorex2007: folds 
Andreas Klukha: raises $0.52 to $0.72 and is all-in
Hockeist777: calls $0.52
*** RIVER *** [7s 5h 8d Tc] [Qh]
*** SHOW DOWN ***
Hockeist777: shows [Td Ts] (three of a kind, Tens)
Andreas Klukha: shows [Th 5c] (two pair, Tens and Fives)
Hockeist777 collected $1.79 from pot
*** SUMMARY ***
Total pot $1.86 | Rake $0.07 
Board [7s 5h 8d Tc Qh]
Seat 1: VagnerAndry folded before Flop (didn't bet)
Seat 2: Andreas Klukha showed [Th 5c] and lost with two pair, Tens and Fives
Seat 3: Elrus90 (button) folded before Flop (didn't bet)
Seat 4: Hockeist777 (small blind) showed [Td Ts] and won ($1.79) with three of a kind, Tens
Seat 5: Dorex2007 (big blind) folded on the Turn
Seat 6: Vasya175 folded before Flop (didn't bet)
Seat 7: Missmyboat folded before Flop (didn't bet)
Seat 8: pjm00 folded before Flop (didn't bet)
Seat 9: docthedoc66 folded before Flop (didn't bet)



PokerStars Hand #232148981912:  Hold'em No Limit ($0.01/$0.02 USD) - 2021/12/12 0:33:55 PT [2021/12/12 3:33:55 ET]
Table 'Porzia' 9-max Seat #4 is the button
Seat 1: VagnerAndry ($0.75 in chips) 
Seat 3: Elrus90 ($2.92 in chips) 
Seat 4: Hockeist777 ($2.48 in chips) 
Seat 5: Dorex2007 ($2 in chips) 
Seat 6: Vasya175 ($2.31 in chips) 
Seat 7: Missmyboat ($2.90 in chips) 
Seat 8: pjm00 ($0.87 in chips) 
Seat 9: docthedoc66 ($3.14 in chips) 
Dorex2007: posts small blind $0.01
Vasya175: posts big blind $0.02
*** HOLE CARDS ***
Dealt to Dorex2007 [6d 2h]
Missmyboat: folds 
pjm00: folds 
Andreas Klukha leaves the table
docthedoc66: raises $0.04 to $0.06
VagnerAndry: folds 
Elrus90: folds 
Hockeist777: calls $0.06
Dorex2007: folds 
Vasya175: calls $0.04
*** FLOP *** [Jd Ts Tc]
Vasya175: checks 
docthedoc66: checks 
Hockeist777: checks 
*** TURN *** [Jd Ts Tc] [6c]
Vasya175: bets $0.09
docthedoc66: calls $0.09
Hockeist777: folds 
*** RIVER *** [Jd Ts Tc 6c] [Ah]
Vasya175: bets $0.10
radioXhead1 joins the table at seat #2 
docthedoc66: calls $0.10
*** SHOW DOWN ***
Vasya175: shows [Qh Jh] (two pair, Jacks and Tens)
docthedoc66: shows [Js Kh] (two pair, Jacks and Tens)
Vasya175 collected $0.28 from pot
docthedoc66 collected $0.27 from pot
*** SUMMARY ***
Total pot $0.57 | Rake $0.02 
Board [Jd Ts Tc 6c Ah]
Seat 1: VagnerAndry folded before Flop (didn't bet)
Seat 3: Elrus90 folded before Flop (didn't bet)
Seat 4: Hockeist777 (button) folded on the Turn
Seat 5: Dorex2007 (small blind) folded before Flop
Seat 6: Vasya175 (big blind) showed [Qh Jh] and won ($0.28) with two pair, Jacks and Tens
Seat 7: Missmyboat folded before Flop (didn't bet)
Seat 8: pjm00 folded before Flop (didn't bet)
Seat 9: docthedoc66 showed [Js Kh] and won ($0.27) with two pair, Jacks and Tens



PokerStars Hand #232148996793:  Hold'em No Limit ($0.01/$0.02 USD) - 2021/12/12 0:35:22 PT [2021/12/12 3:35:22 ET]
Table 'Porzia' 9-max Seat #5 is the button
Seat 1: VagnerAndry ($0.75 in chips) 
Seat 3: Elrus90 ($2.92 in chips) 
Seat 4: Hockeist777 ($2.42 in chips) 
Seat 5: Dorex2007 ($2 in chips) 
Seat 6: Vasya175 ($2.34 in chips) 
Seat 7: Missmyboat ($2.90 in chips) 
Seat 8: pjm00 ($0.87 in chips) 
Seat 9: docthedoc66 ($3.16 in chips) 
Vasya175: posts small blind $0.01
Missmyboat: posts big blind $0.02
radioXhead1: sits out 
*** HOLE CARDS ***
Dealt to Dorex2007 [Ah Jc]
pjm00: folds 
docthedoc66: folds 
VagnerAndry: folds 
Elrus90: folds 
Hockeist777: folds 
Dorex2007: raises $0.04 to $0.06
Vasya175: calls $0.05
Missmyboat: folds 
*** FLOP *** [5s 6c 7s]
Vasya175: bets $0.07
Dorex2007: calls $0.07
*** TURN *** [5s 6c 7s] [Ks]
Vasya175: bets $0.14
Dorex2007: calls $0.14
*** RIVER *** [5s 6c 7s Ks] [9c]
Vasya175: bets $0.27
Dorex2007: folds 
Uncalled bet ($0.27) returned to Vasya175
Vasya175 collected $0.54 from pot
Vasya175: doesn't show hand 
*** SUMMARY ***
Total pot $0.56 | Rake $0.02 
Board [5s 6c 7s Ks 9c]
Seat 1: VagnerAndry folded before Flop (didn't bet)
Seat 3: Elrus90 folded before Flop (didn't bet)
Seat 4: Hockeist777 folded before Flop (didn't bet)
Seat 5: Dorex2007 (button) folded on the River
Seat 6: Vasya175 (small blind) collected ($0.54)
Seat 7: Missmyboat (big blind) folded before Flop
Seat 8: pjm00 folded before Flop (didn't bet)
Seat 9: docthedoc66 folded before Flop (didn't bet)



PokerStars Hand #232149007585:  Hold'em No Limit ($0.01/$0.02 USD) - 2021/12/12 0:36:25 PT [2021/12/12 3:36:25 ET]
Table 'Porzia' 9-max Seat #6 is the button
Seat 1: VagnerAndry ($0.75 in chips) 
Seat 2: radioXhead1 ($0.80 in chips) 
Seat 3: Elrus90 ($2.92 in chips) 
Seat 4: Hockeist777 ($2.42 in chips) 
Seat 5: Dorex2007 ($2 in chips) 
Seat 6: Vasya175 ($2.61 in chips) 
Seat 7: Missmyboat ($2.88 in chips) 
Seat 8: pjm00 ($0.87 in chips) 
Seat 9: docthedoc66 ($3.16 in chips) 
Missmyboat: posts small blind $0.01
pjm00: posts big blind $0.02
radioXhead1: posts big blind $0.02
*** HOLE CARDS ***
Dealt to Dorex2007 [8h Js]
docthedoc66: folds 
VagnerAndry: raises $0.04 to $0.06
radioXhead1: folds 
Elrus90: folds 
Hockeist777: folds 
Dorex2007: folds 
Vasya175: calls $0.06
Missmyboat: folds 
pjm00: folds 
*** FLOP *** [Qc 6s 5c]
VagnerAndry: bets $0.06
Vasya175: calls $0.06
*** TURN *** [Qc 6s 5c] [6c]
VagnerAndry: bets $0.06
Vasya175: calls $0.06
*** RIVER *** [Qc 6s 5c 6c] [Jh]
VagnerAndry: bets $0.06
Vasya175: raises $0.26 to $0.32
VagnerAndry: folds 
Uncalled bet ($0.26) returned to Vasya175
Vasya175 collected $0.51 from pot
Vasya175: doesn't show hand 
*** SUMMARY ***
Total pot $0.53 | Rake $0.02 
Board [Qc 6s 5c 6c Jh]
Seat 1: VagnerAndry folded on the River
Seat 2: radioXhead1 folded before Flop (didn't bet)
Seat 3: Elrus90 folded before Flop (didn't bet)
Seat 4: Hockeist777 folded before Flop (didn't bet)
Seat 5: Dorex2007 folded before Flop (didn't bet)
Seat 6: Vasya175 (button) collected ($0.51)
Seat 7: Missmyboat (small blind) folded before Flop
Seat 8: pjm00 (big blind) folded before Flop
Seat 9: docthedoc66 folded before Flop (didn't bet)



PokerStars Hand #232149019815:  Hold'em No Limit ($0.01/$0.02 USD) - 2021/12/12 0:37:36 PT [2021/12/12 3:37:36 ET]
Table 'Porzia' 9-max Seat #7 is the button
Seat 1: VagnerAndry ($0.51 in chips) 
Seat 2: radioXhead1 ($0.78 in chips) 
Seat 3: Elrus90 ($2.92 in chips) 
Seat 4: Hockeist777 ($2.42 in chips) 
Seat 5: Dorex2007 ($2 in chips) 
Seat 6: Vasya175 ($2.88 in chips) 
Seat 7: Missmyboat ($2.87 in chips) 
Seat 8: pjm00 ($0.85 in chips) 
Seat 9: docthedoc66 ($3.16 in chips) 
pjm00: posts small blind $0.01
docthedoc66: posts big blind $0.02
*** HOLE CARDS ***
Dealt to Dorex2007 [6d 2h]
VagnerAndry: folds 
radioXhead1: calls $0.02
Elrus90: folds 
Hockeist777: folds 
Dorex2007: folds 
Hockeist777 leaves the table
Vasya175 has timed out
Vasya175: folds 
Missmyboat: folds 
tati_tao1992 joins the table at seat #4 
pjm00: calls $0.01
docthedoc66: checks 
*** FLOP *** [Th Kh 9s]
pjm00: checks 
docthedoc66: checks 
radioXhead1: checks 
*** TURN *** [Th Kh 9s] [4s]
pjm00: checks 
docthedoc66: checks 
radioXhead1: checks 
*** RIVER *** [Th Kh 9s 4s] [8h]
pjm00: checks 
docthedoc66: checks 
radioXhead1: bets $0.06
pjm00: folds 
docthedoc66: folds 
Uncalled bet ($0.06) returned to radioXhead1
radioXhead1 collected $0.06 from pot
radioXhead1: doesn't show hand 
*** SUMMARY ***
Total pot $0.06 | Rake $0 
Board [Th Kh 9s 4s 8h]
Seat 1: VagnerAndry folded before Flop (didn't bet)
Seat 2: radioXhead1 collected ($0.06)
Seat 3: Elrus90 folded before Flop (didn't bet)
Seat 4: Hockeist777 folded before Flop (didn't bet)
Seat 5: Dorex2007 folded before Flop (didn't bet)
Seat 6: Vasya175 folded before Flop (didn't bet)
Seat 7: Missmyboat (button) folded before Flop (didn't bet)
Seat 8: pjm00 (small blind) folded on the River
Seat 9: docthedoc66 (big blind) folded on the River



PokerStars Hand #232149031053:  Hold'em No Limit ($0.01/$0.02 USD) - 2021/12/12 0:38:39 PT [2021/12/12 3:38:39 ET]
Table 'Porzia' 9-max Seat #8 is the button
Seat 1: VagnerAndry ($0.51 in chips) 
Seat 2: radioXhead1 ($0.82 in chips) 
Seat 3: Elrus90 ($2.92 in chips) 
Seat 5: Dorex2007 ($2 in chips) 
Seat 6: Vasya175 ($2.88 in chips) 
Seat 7: Missmyboat ($2.87 in chips) 
Seat 8: pjm00 ($0.83 in chips) 
Seat 9: docthedoc66 ($3.14 in chips) 
docthedoc66: posts small blind $0.01
VagnerAndry: posts big blind $0.02
tati_tao1992: sits out 
*** HOLE CARDS ***
Dealt to Dorex2007 [Ks Js]
radioXhead1: calls $0.02
Elrus90: raises $0.04 to $0.06
Dorex2007: calls $0.06
Vasya175: folds 
Missmyboat: folds 
pjm00: folds 
docthedoc66: folds 
VagnerAndry: calls $0.04
radioXhead1: calls $0.04
*** FLOP *** [Qd 5h Th]
VagnerAndry: checks 
radioXhead1: checks 
Elrus90: bets $0.10
Dorex2007: calls $0.10
VagnerAndry: calls $0.10
radioXhead1: folds 
*** TURN *** [Qd 5h Th] [5c]
VagnerAndry: checks 
Elrus90: checks 
Dorex2007: bets $0.27
VagnerAndry: calls $0.27
Elrus90: calls $0.27
*** RIVER *** [Qd 5h Th 5c] [8s]
VagnerAndry: checks 
Elrus90: checks 
Dorex2007: checks 
*** SHOW DOWN ***
VagnerAndry: shows [Ah 9h] (a pair of Fives)
Elrus90: shows [Ts Qs] (two pair, Queens and Tens)
Dorex2007: mucks hand 
Elrus90 collected $1.31 from pot
*** SUMMARY ***
Total pot $1.36 | Rake $0.05 
Board [Qd 5h Th 5c 8s]
Seat 1: VagnerAndry (big blind) showed [Ah 9h] and lost with a pair of Fives
Seat 2: radioXhead1 folded on the Flop
Seat 3: Elrus90 showed [Ts Qs] and won ($1.31) with two pair, Queens and Tens
Seat 5: Dorex2007 mucked [Ks Js]
Seat 6: Vasya175 folded before Flop (didn't bet)
Seat 7: Missmyboat folded before Flop (didn't bet)
Seat 8: pjm00 (button) folded before Flop (didn't bet)
Seat 9: docthedoc66 (small blind) folded before Flop



PokerStars Hand #232149048710:  Hold'em No Limit ($0.01/$0.02 USD) - 2021/12/12 0:40:20 PT [2021/12/12 3:40:20 ET]
Table 'Porzia' 9-max Seat #9 is the button
Seat 1: VagnerAndry ($0.08 in chips) 
Seat 2: radioXhead1 ($0.76 in chips) 
Seat 3: Elrus90 ($3.80 in chips) 
Seat 5: Dorex2007 ($2 in chips) 
Seat 6: Vasya175 ($2.88 in chips) 
Seat 7: Missmyboat ($2.87 in chips) 
Seat 8: pjm00 ($0.83 in chips) 
Seat 9: docthedoc66 ($3.13 in chips) 
VagnerAndry: posts small blind $0.01
radioXhead1: posts big blind $0.02
tati_tao1992: sits out 
*** HOLE CARDS ***
Dealt to Dorex2007 [6h Tc]
Elrus90: folds 
Dorex2007: folds 
Vasya175: folds 
Missmyboat: calls $0.02
pjm00: raises $0.04 to $0.06
docthedoc66: folds 
VagnerAndry: folds 
radioXhead1: calls $0.04
Missmyboat: calls $0.04
*** FLOP *** [7d Kc 3c]
radioXhead1: checks 
Missmyboat: bets $0.09
pjm00: folds 
radioXhead1: calls $0.09
*** TURN *** [7d Kc 3c] [7c]
radioXhead1: checks 
Missmyboat: checks 
*** RIVER *** [7d Kc 3c 7c] [Jh]
radioXhead1: bets $0.18
Missmyboat: calls $0.18
*** SHOW DOWN ***
radioXhead1: shows [8c 7h] (three of a kind, Sevens)
Missmyboat: mucks hand 
radioXhead1 collected $0.70 from pot
*** SUMMARY ***
Total pot $0.73 | Rake $0.03 
Board [7d Kc 3c 7c Jh]
Seat 1: VagnerAndry (small blind) folded before Flop
Seat 2: radioXhead1 (big blind) showed [8c 7h] and won ($0.70) with three of a kind, Sevens
Seat 3: Elrus90 folded before Flop (didn't bet)
Seat 5: Dorex2007 folded before Flop (didn't bet)
Seat 6: Vasya175 folded before Flop (didn't bet)
Seat 7: Missmyboat mucked [Ks Qh]
Seat 8: pjm00 folded on the Flop
Seat 9: docthedoc66 (button) folded before Flop (didn't bet)



PokerStars Hand #232149061974:  Hold'em No Limit ($0.01/$0.02 USD) - 2021/12/12 0:41:35 PT [2021/12/12 3:41:35 ET]
Table 'Porzia' 9-max Seat #1 is the button
Seat 1: VagnerAndry ($0.07 in chips) 
Seat 2: radioXhead1 ($1.13 in chips) 
Seat 3: Elrus90 ($3.80 in chips) 
Seat 5: Dorex2007 ($2 in chips) 
Seat 6: Vasya175 ($2.88 in chips) 
Seat 7: Missmyboat ($2.54 in chips) 
Seat 8: pjm00 ($0.77 in chips) 
Seat 9: docthedoc66 ($3.13 in chips) 
radioXhead1: posts small blind $0.01
Elrus90: posts big blind $0.02
tati_tao1992: sits out 
*** HOLE CARDS ***
Dealt to Dorex2007 [8d Qd]
Dorex2007: folds 
Vasya175: folds 
Missmyboat: calls $0.02
pjm00: raises $0.02 to $0.04
docthedoc66: folds 
VagnerAndry: raises $0.03 to $0.07 and is all-in
radioXhead1: calls $0.06
Elrus90: folds 
Missmyboat: calls $0.05
pjm00: calls $0.03
*** FLOP *** [6h Ts 7h]
radioXhead1: checks 
Missmyboat: checks 
pjm00: checks 
*** TURN *** [6h Ts 7h] [5c]
radioXhead1: checks 
Missmyboat: checks 
pjm00: checks 
*** RIVER *** [6h Ts 7h 5c] [Ad]
radioXhead1: bets $0.02
Missmyboat: folds 
pjm00: folds 
Uncalled bet ($0.02) returned to radioXhead1
*** SHOW DOWN ***
radioXhead1: shows [As 8s] (a pair of Aces)
VagnerAndry: shows [Ks Qs] (high card Ace)
radioXhead1 collected $0.29 from pot
*** SUMMARY ***
Total pot $0.30 | Rake $0.01 
Board [6h Ts 7h 5c Ad]
Seat 1: VagnerAndry (button) showed [Ks Qs] and lost with high card Ace
Seat 2: radioXhead1 (small blind) showed [As 8s] and won ($0.29) with a pair of Aces
Seat 3: Elrus90 (big blind) folded before Flop
Seat 5: Dorex2007 folded before Flop (didn't bet)
Seat 6: Vasya175 folded before Flop (didn't bet)
Seat 7: Missmyboat folded on the River
Seat 8: pjm00 folded on the River
Seat 9: docthedoc66 folded before Flop (didn't bet)



PokerStars Hand #232149072434:  Hold'em No Limit ($0.01/$0.02 USD) - 2021/12/12 0:42:35 PT [2021/12/12 3:42:35 ET]
Table 'Porzia' 9-max Seat #2 is the button
Seat 2: radioXhead1 ($1.35 in chips) 
Seat 3: Elrus90 ($3.78 in chips) 
Seat 4: tati_tao1992 ($2 in chips) 
Seat 5: Dorex2007 ($2 in chips) 
Seat 6: Vasya175 ($2.88 in chips) 
Seat 7: Missmyboat ($2.47 in chips) 
Seat 8: pjm00 ($0.70 in chips) 
Seat 9: docthedoc66 ($3.13 in chips) 
Elrus90: posts small blind $0.01
tati_tao1992: posts big blind $0.02
*** HOLE CARDS ***
Dealt to Dorex2007 [Ks 9s]
Dorex2007: folds 
Vasya175: calls $0.02
Missmyboat: raises $0.02 to $0.04
pjm00: folds 
docthedoc66: folds 
radioXhead1: calls $0.04
Elrus90: folds 
tati_tao1992: folds 
Vasya175: calls $0.02
*** FLOP *** [Jh 4c 6h]
Vasya175: checks 
Missmyboat: bets $0.07
radioXhead1: calls $0.07
Vasya175: calls $0.07
*** TURN *** [Jh 4c 6h] [Qh]
Vasya175: checks 
Missmyboat: checks 
radioXhead1: checks 
*** RIVER *** [Jh 4c 6h Qh] [Td]
Vasya175: bets $0.18
Missmyboat: folds 
radioXhead1: folds 
Uncalled bet ($0.18) returned to Vasya175
Vasya175 collected $0.35 from pot
Vasya175: doesn't show hand 
*** SUMMARY ***
Total pot $0.36 | Rake $0.01 
Board [Jh 4c 6h Qh Td]
Seat 2: radioXhead1 (button) folded on the River
Seat 3: Elrus90 (small blind) folded before Flop
Seat 4: tati_tao1992 (big blind) folded before Flop
Seat 5: Dorex2007 folded before Flop (didn't bet)
Seat 6: Vasya175 collected ($0.35)
Seat 7: Missmyboat folded on the River
Seat 8: pjm00 folded before Flop (didn't bet)
Seat 9: docthedoc66 folded before Flop (didn't bet)



PokerStars Hand #232149085135:  Hold'em No Limit ($0.01/$0.02 USD) - 2021/12/12 0:43:48 PT [2021/12/12 3:43:48 ET]
Table 'Porzia' 9-max Seat #3 is the button
Seat 2: radioXhead1 ($1.24 in chips) 
Seat 3: Elrus90 ($3.77 in chips) 
Seat 4: tati_tao1992 ($2 in chips) 
Seat 5: Dorex2007 ($2 in chips) 
Seat 6: Vasya175 ($3.12 in chips) 
Seat 7: Missmyboat ($2.36 in chips) 
Seat 8: pjm00 ($0.70 in chips) 
Seat 9: docthedoc66 ($3.13 in chips) 
tati_tao1992: posts small blind $0.01
Dorex2007: posts big blind $0.02
*** HOLE CARDS ***
Dealt to Dorex2007 [Kc 9h]
Vasya175: folds 
Missmyboat: folds 
pjm00: folds 
docthedoc66: folds 
radioXhead1: calls $0.02
Elrus90: folds 
tati_tao1992: calls $0.01
Dorex2007: checks 
*** FLOP *** [Qh Ad Jh]
tati_tao1992: checks 
Dorex2007: checks 
radioXhead1: checks 
*** TURN *** [Qh Ad Jh] [Qd]
tati_tao1992: checks 
Dorex2007: checks 
radioXhead1: checks 
*** RIVER *** [Qh Ad Jh Qd] [6s]
tati_tao1992: checks 
Dorex2007: checks 
radioXhead1: checks 
*** SHOW DOWN ***
tati_tao1992: shows [Jc Ts] (two pair, Queens and Jacks)
Dorex2007: mucks hand 
radioXhead1: mucks hand 
tati_tao1992 collected $0.06 from pot
*** SUMMARY ***
Total pot $0.06 | Rake $0 
Board [Qh Ad Jh Qd 6s]
Seat 2: radioXhead1 mucked [3h Kh]
Seat 3: Elrus90 (button) folded before Flop (didn't bet)
Seat 4: tati_tao1992 (small blind) showed [Jc Ts] and won ($0.06) with two pair, Queens and Jacks
Seat 5: Dorex2007 (big blind) mucked [Kc 9h]
Seat 6: Vasya175 folded before Flop (didn't bet)
Seat 7: Missmyboat folded before Flop (didn't bet)
Seat 8: pjm00 folded before Flop (didn't bet)
Seat 9: docthedoc66 folded before Flop (didn't bet)



PokerStars Hand #232149092400:  Hold'em No Limit ($0.01/$0.02 USD) - 2021/12/12 0:44:30 PT [2021/12/12 3:44:30 ET]
Table 'Porzia' 9-max Seat #4 is the button
Seat 2: radioXhead1 ($1.22 in chips) 
Seat 3: Elrus90 ($3.77 in chips) 
Seat 4: tati_tao1992 ($2.04 in chips) 
Seat 5: Dorex2007 ($2 in chips) 
Seat 6: Vasya175 ($3.12 in chips) 
Seat 7: Missmyboat ($2.36 in chips) 
Seat 8: pjm00 ($0.70 in chips) 
Seat 9: docthedoc66 ($3.13 in chips) 
Dorex2007: posts small blind $0.01
Vasya175: posts big blind $0.02
*** HOLE CARDS ***
Dealt to Dorex2007 [4s 3d]
Missmyboat: folds 
pjm00: folds 
docthedoc66: calls $0.02
radioXhead1: folds 
Elrus90: folds 
tati_tao1992: folds 
Dorex2007: calls $0.01
Vasya175: checks 
*** FLOP *** [As 8s Tc]
Dorex2007: checks 
Vasya175: checks 
docthedoc66: checks 
*** TURN *** [As 8s Tc] [5c]
Dorex2007: checks 
Vasya175: checks 
docthedoc66: checks 
*** RIVER *** [As 8s Tc 5c] [Qc]
Dorex2007: checks 
Vasya175: bets $0.04
docthedoc66: calls $0.04
Dorex2007: folds 
*** SHOW DOWN ***
Vasya175: shows [Jc Qh] (a pair of Queens)
docthedoc66: shows [Ks Jh] (a straight, Ten to Ace)
docthedoc66 collected $0.14 from pot
*** SUMMARY ***
Total pot $0.14 | Rake $0 
Board [As 8s Tc 5c Qc]
Seat 2: radioXhead1 folded before Flop (didn't bet)
Seat 3: Elrus90 folded before Flop (didn't bet)
Seat 4: tati_tao1992 (button) folded before Flop (didn't bet)
Seat 5: Dorex2007 (small blind) folded on the River
Seat 6: Vasya175 (big blind) showed [Jc Qh] and lost with a pair of Queens
Seat 7: Missmyboat folded before Flop (didn't bet)
Seat 8: pjm00 folded before Flop (didn't bet)
Seat 9: docthedoc66 showed [Ks Jh] and won ($0.14) with a straight, Ten to Ace



PokerStars Hand #232149107154:  Hold'em No Limit ($0.01/$0.02 USD) - 2021/12/12 0:45:52 PT [2021/12/12 3:45:52 ET]
Table 'Porzia' 9-max Seat #5 is the button
Seat 1: VagnerAndry ($0.80 in chips) 
Seat 2: radioXhead1 ($1.22 in chips) 
Seat 3: Elrus90 ($3.77 in chips) 
Seat 4: tati_tao1992 ($2.04 in chips) 
Seat 5: Dorex2007 ($2 in chips) 
Seat 6: Vasya175 ($3.06 in chips) 
Seat 7: Missmyboat ($2.36 in chips) 
Seat 8: pjm00 ($0.70 in chips) 
Seat 9: docthedoc66 ($3.21 in chips) 
Vasya175: posts small blind $0.01
Missmyboat: posts big blind $0.02
*** HOLE CARDS ***
Dealt to Dorex2007 [2d 9s]
pjm00: folds 
docthedoc66: folds 
VagnerAndry: folds 
radioXhead1 has timed out
radioXhead1: folds 
Elrus90: folds 
tati_tao1992: folds 
Dorex2007: folds 
Vasya175: calls $0.01
Missmyboat: checks 
*** FLOP *** [Qh 7h Ac]
Vasya175: checks 
Missmyboat: bets $0.04
Vasya175: folds 
Uncalled bet ($0.04) returned to Missmyboat
Missmyboat collected $0.04 from pot
*** SUMMARY ***
Total pot $0.04 | Rake $0 
Board [Qh 7h Ac]
Seat 1: VagnerAndry folded before Flop (didn't bet)
Seat 2: radioXhead1 folded before Flop (didn't bet)
Seat 3: Elrus90 folded before Flop (didn't bet)
Seat 4: tati_tao1992 folded before Flop (didn't bet)
Seat 5: Dorex2007 (button) folded before Flop (didn't bet)
Seat 6: Vasya175 (small blind) folded on the Flop
Seat 7: Missmyboat (big blind) collected ($0.04)
Seat 8: pjm00 folded before Flop (didn't bet)
Seat 9: docthedoc66 folded before Flop (didn't bet)



PokerStars Hand #232149117098:  Hold'em No Limit ($0.01/$0.02 USD) - 2021/12/12 0:46:49 PT [2021/12/12 3:46:49 ET]
Table 'Porzia' 9-max Seat #6 is the button
Seat 1: VagnerAndry ($0.80 in chips) 
Seat 2: radioXhead1 ($1.22 in chips) 
Seat 3: Elrus90 ($3.77 in chips) 
Seat 4: tati_tao1992 ($2.04 in chips) 
Seat 5: Dorex2007 ($2 in chips) 
Seat 6: Vasya175 ($3.04 in chips) 
Seat 7: Missmyboat ($2.38 in chips) 
Seat 8: pjm00 ($0.70 in chips) 
Seat 9: docthedoc66 ($3.21 in chips) 
Missmyboat: posts small blind $0.01
pjm00: posts big blind $0.02
*** HOLE CARDS ***
Dealt to Dorex2007 [8d Kd]
docthedoc66: folds 
VagnerAndry: folds 
radioXhead1: folds 
Elrus90: folds 
tati_tao1992: folds 
Dorex2007: raises $0.02 to $0.04
Vasya175: folds 
Missmyboat: folds 
pjm00: folds 
Uncalled bet ($0.02) returned to Dorex2007
Dorex2007 collected $0.05 from pot
Dorex2007: doesn't show hand 
*** SUMMARY ***
Total pot $0.05 | Rake $0 
Seat 1: VagnerAndry folded before Flop (didn't bet)
Seat 2: radioXhead1 folded before Flop (didn't bet)
Seat 3: Elrus90 folded before Flop (didn't bet)
Seat 4: tati_tao1992 folded before Flop (didn't bet)
Seat 5: Dorex2007 collected ($0.05)
Seat 6: Vasya175 (button) folded before Flop (didn't bet)
Seat 7: Missmyboat (small blind) folded before Flop
Seat 8: pjm00 (big blind) folded before Flop
Seat 9: docthedoc66 folded before Flop (didn't bet)



PokerStars Hand #232149121607:  Hold'em No Limit ($0.01/$0.02 USD) - 2021/12/12 0:47:15 PT [2021/12/12 3:47:15 ET]
Table 'Porzia' 9-max Seat #7 is the button
Seat 1: VagnerAndry ($0.80 in chips) 
Seat 2: radioXhead1 ($1.22 in chips) 
Seat 3: Elrus90 ($3.77 in chips) 
Seat 4: tati_tao1992 ($2.04 in chips) 
Seat 5: Dorex2007 ($2.03 in chips) 
Seat 6: Vasya175 ($3.04 in chips) 
Seat 7: Missmyboat ($2.37 in chips) 
Seat 8: pjm00 ($0.68 in chips) 
Seat 9: docthedoc66 ($3.21 in chips) 
pjm00: posts small blind $0.01
docthedoc66: posts big blind $0.02
*** HOLE CARDS ***
Dealt to Dorex2007 [3h Ac]
VagnerAndry: folds 
radioXhead1 has timed out
radioXhead1: folds 
Elrus90: folds 
tati_tao1992: folds 
Dorex2007: folds 
Vasya175: folds 
Missmyboat: calls $0.02
pjm00: raises $0.02 to $0.04
docthedoc66: folds 
Missmyboat: calls $0.02
*** FLOP *** [Jc 5c Ah]
pjm00: checks 
Missmyboat: checks 
*** TURN *** [Jc 5c Ah] [Kd]
pjm00: checks 
Missmyboat: checks 
*** RIVER *** [Jc 5c Ah Kd] [9h]
pjm00: checks 
Missmyboat: checks 
*** SHOW DOWN ***
pjm00: shows [6s 6d] (a pair of Sixes)
Missmyboat: shows [9s 7c] (a pair of Nines)
Missmyboat collected $0.10 from pot
*** SUMMARY ***
Total pot $0.10 | Rake $0 
Board [Jc 5c Ah Kd 9h]
Seat 1: VagnerAndry folded before Flop (didn't bet)
Seat 2: radioXhead1 folded before Flop (didn't bet)
Seat 3: Elrus90 folded before Flop (didn't bet)
Seat 4: tati_tao1992 folded before Flop (didn't bet)
Seat 5: Dorex2007 folded before Flop (didn't bet)
Seat 6: Vasya175 folded before Flop (didn't bet)
Seat 7: Missmyboat (button) showed [9s 7c] and won ($0.10) with a pair of Nines
Seat 8: pjm00 (small blind) showed [6s 6d] and lost with a pair of Sixes
Seat 9: docthedoc66 (big blind) folded before Flop



PokerStars Hand #232149131405:  Hold'em No Limit ($0.01/$0.02 USD) - 2021/12/12 0:48:10 PT [2021/12/12 3:48:10 ET]
Table 'Porzia' 9-max Seat #8 is the button
Seat 1: VagnerAndry ($0.80 in chips) 
Seat 2: radioXhead1 ($1.22 in chips) 
Seat 3: Elrus90 ($3.77 in chips) 
Seat 4: tati_tao1992 ($2.04 in chips) 
Seat 5: Dorex2007 ($2.03 in chips) 
Seat 6: Vasya175 ($3.04 in chips) 
Seat 7: Missmyboat ($2.43 in chips) 
Seat 8: pjm00 ($0.64 in chips) 
Seat 9: docthedoc66 ($3.19 in chips) 
docthedoc66: posts small blind $0.01
VagnerAndry: posts big blind $0.02
*** HOLE CARDS ***
Dealt to Dorex2007 [4s 3h]
radioXhead1: calls $0.02
Elrus90: folds 
tati_tao1992: folds 
Dorex2007: folds 
Vasya175: calls $0.02
Missmyboat: folds 
pjm00: folds 
docthedoc66: folds 
VagnerAndry: checks 
*** FLOP *** [6d 5d 5h]
VagnerAndry: checks 
radioXhead1: checks 
Vasya175: checks 
*** TURN *** [6d 5d 5h] [6h]
VagnerAndry: checks 
radioXhead1: checks 
Vasya175: checks 
*** RIVER *** [6d 5d 5h 6h] [7s]
VagnerAndry: checks 
radioXhead1: checks 
Vasya175: checks 
*** SHOW DOWN ***
VagnerAndry: shows [Ah Jc] (two pair, Sixes and Fives)
radioXhead1: shows [Td Ad] (two pair, Sixes and Fives)
Vasya175: mucks hand 
VagnerAndry collected $0.04 from pot
radioXhead1 collected $0.03 from pot
*** SUMMARY ***
Total pot $0.07 | Rake $0 
Board [6d 5d 5h 6h 7s]
Seat 1: VagnerAndry (big blind) showed [Ah Jc] and won ($0.04) with two pair, Sixes and Fives
Seat 2: radioXhead1 showed [Td Ad] and won ($0.03) with two pair, Sixes and Fives
Seat 3: Elrus90 folded before Flop (didn't bet)
Seat 4: tati_tao1992 folded before Flop (didn't bet)
Seat 5: Dorex2007 folded before Flop (didn't bet)
Seat 6: Vasya175 mucked [Th Ks]
Seat 7: Missmyboat folded before Flop (didn't bet)
Seat 8: pjm00 (button) folded before Flop (didn't bet)
Seat 9: docthedoc66 (small blind) folded before Flop



PokerStars Hand #232149139911:  Hold'em No Limit ($0.01/$0.02 USD) - 2021/12/12 0:48:58 PT [2021/12/12 3:48:58 ET]
Table 'Porzia' 9-max Seat #9 is the button
Seat 1: VagnerAndry ($0.82 in chips) 
Seat 2: radioXhead1 ($1.23 in chips) 
Seat 3: Elrus90 ($3.77 in chips) 
Seat 4: tati_tao1992 ($2.04 in chips) 
Seat 5: Dorex2007 ($2.03 in chips) 
Seat 6: Vasya175 ($3.02 in chips) 
Seat 7: Missmyboat ($2.43 in chips) 
Seat 8: pjm00 ($0.64 in chips) 
Seat 9: docthedoc66 ($3.18 in chips) 
VagnerAndry: posts small blind $0.01
radioXhead1: posts big blind $0.02
*** HOLE CARDS ***
Dealt to Dorex2007 [Ah Jd]
Elrus90: folds 
tati_tao1992: raises $0.04 to $0.06
Dorex2007: calls $0.06
Vasya175: folds 
Missmyboat: folds 
pjm00: folds 
docthedoc66: folds 
VagnerAndry: folds 
radioXhead1: calls $0.04
*** FLOP *** [4d 8h Js]
radioXhead1: checks 
tati_tao1992: checks 
Dorex2007: bets $0.12
radioXhead1: folds 
tati_tao1992: folds 
Uncalled bet ($0.12) returned to Dorex2007
Dorex2007 collected $0.18 from pot
Dorex2007: doesn't show hand 
*** SUMMARY ***
Total pot $0.19 | Rake $0.01 
Board [4d 8h Js]
Seat 1: VagnerAndry (small blind) folded before Flop
Seat 2: radioXhead1 (big blind) folded on the Flop
Seat 3: Elrus90 folded before Flop (didn't bet)
Seat 4: tati_tao1992 folded on the Flop
Seat 5: Dorex2007 collected ($0.18)
Seat 6: Vasya175 folded before Flop (didn't bet)
Seat 7: Missmyboat folded before Flop (didn't bet)
Seat 8: pjm00 folded before Flop (didn't bet)
Seat 9: docthedoc66 (button) folded before Flop (didn't bet)



PokerStars Hand #232149146287:  Hold'em No Limit ($0.01/$0.02 USD) - 2021/12/12 0:49:34 PT [2021/12/12 3:49:34 ET]
Table 'Porzia' 9-max Seat #1 is the button
Seat 1: VagnerAndry ($0.81 in chips) 
Seat 2: radioXhead1 ($1.17 in chips) 
Seat 3: Elrus90 ($3.77 in chips) 
Seat 4: tati_tao1992 ($2 in chips) 
Seat 5: Dorex2007 ($2.15 in chips) 
Seat 6: Vasya175 ($3.02 in chips) 
Seat 7: Missmyboat ($2.43 in chips) 
Seat 8: pjm00 ($0.64 in chips) 
Seat 9: docthedoc66 ($3.18 in chips) 
radioXhead1: posts small blind $0.01
Elrus90: posts big blind $0.02
*** HOLE CARDS ***
Dealt to Dorex2007 [Ad Qh]
tati_tao1992: folds 
Dorex2007: raises $0.02 to $0.04
Vasya175: calls $0.04
Missmyboat: calls $0.04
pjm00: folds 
docthedoc66: folds 
VagnerAndry: calls $0.04
radioXhead1: calls $0.03
Elrus90: folds 
*** FLOP *** [7d 9d 8s]
radioXhead1: checks 
Dorex2007: checks 
Vasya175: bets $0.08
Missmyboat: folds 
VagnerAndry: folds 
radioXhead1: folds 
Dorex2007: folds 
Uncalled bet ($0.08) returned to Vasya175
Vasya175 collected $0.21 from pot
Vasya175: doesn't show hand 
*** SUMMARY ***
Total pot $0.22 | Rake $0.01 
Board [7d 9d 8s]
Seat 1: VagnerAndry (button) folded on the Flop
Seat 2: radioXhead1 (small blind) folded on the Flop
Seat 3: Elrus90 (big blind) folded before Flop
Seat 4: tati_tao1992 folded before Flop (didn't bet)
Seat 5: Dorex2007 folded on the Flop
Seat 6: Vasya175 collected ($0.21)
Seat 7: Missmyboat folded on the Flop
Seat 8: pjm00 folded before Flop (didn't bet)
Seat 9: docthedoc66 folded before Flop (didn't bet)



PokerStars Hand #232149156106:  Hold'em No Limit ($0.01/$0.02 USD) - 2021/12/12 0:50:28 PT [2021/12/12 3:50:28 ET]
Table 'Porzia' 9-max Seat #2 is the button
Seat 1: VagnerAndry ($0.77 in chips) 
Seat 2: radioXhead1 ($1.13 in chips) 
Seat 3: Elrus90 ($3.75 in chips) 
Seat 4: tati_tao1992 ($2 in chips) 
Seat 5: Dorex2007 ($2.11 in chips) 
Seat 6: Vasya175 ($3.19 in chips) 
Seat 7: Missmyboat ($2.39 in chips) 
Seat 8: pjm00 ($0.64 in chips) 
Seat 9: docthedoc66 ($3.18 in chips) 
Elrus90: posts small blind $0.01
tati_tao1992: posts big blind $0.02
*** HOLE CARDS ***
Dealt to Dorex2007 [9d 4h]
Dorex2007: folds 
Vasya175: folds 
Missmyboat: raises $0.02 to $0.04
pjm00: raises $0.04 to $0.08
docthedoc66: folds 
VagnerAndry: folds 
radioXhead1: calls $0.08
Elrus90: folds 
tati_tao1992: folds 
Missmyboat: calls $0.04
*** FLOP *** [Td 3d 6d]
Missmyboat: checks 
pjm00: bets $0.13
radioXhead1: folds 
Missmyboat: folds 
Uncalled bet ($0.13) returned to pjm00
pjm00 collected $0.26 from pot
pjm00: doesn't show hand 
*** SUMMARY ***
Total pot $0.27 | Rake $0.01 
Board [Td 3d 6d]
Seat 1: VagnerAndry folded before Flop (didn't bet)
Seat 2: radioXhead1 (button) folded on the Flop
Seat 3: Elrus90 (small blind) folded before Flop
Seat 4: tati_tao1992 (big blind) folded before Flop
Seat 5: Dorex2007 folded before Flop (didn't bet)
Seat 6: Vasya175 folded before Flop (didn't bet)
Seat 7: Missmyboat folded on the Flop
Seat 8: pjm00 collected ($0.26)
Seat 9: docthedoc66 folded before Flop (didn't bet)



PokerStars Hand #232149163683:  Hold'em No Limit ($0.01/$0.02 USD) - 2021/12/12 0:51:10 PT [2021/12/12 3:51:10 ET]
Table 'Porzia' 9-max Seat #3 is the button
Seat 1: VagnerAndry ($0.77 in chips) 
Seat 2: radioXhead1 ($1.05 in chips) 
Seat 3: Elrus90 ($3.74 in chips) 
Seat 4: tati_tao1992 ($2 in chips) 
Seat 5: Dorex2007 ($2.11 in chips) 
Seat 6: Vasya175 ($3.19 in chips) 
Seat 7: Missmyboat ($2.31 in chips) 
Seat 8: pjm00 ($0.82 in chips) 
Seat 9: docthedoc66 ($3.18 in chips) 
tati_tao1992: posts small blind $0.01
Dorex2007: posts big blind $0.02
*** HOLE CARDS ***
Dealt to Dorex2007 [8s 7h]
Vasya175: calls $0.02
Missmyboat: calls $0.02
pjm00: folds 
docthedoc66: folds 
VagnerAndry: folds 
radioXhead1: calls $0.02
Elrus90: folds 
tati_tao1992: calls $0.01
Dorex2007: checks 
*** FLOP *** [2d Js Kc]
tati_tao1992: checks 
Dorex2007: checks 
Vasya175: checks 
Missmyboat: checks 
radioXhead1: checks 
*** TURN *** [2d Js Kc] [Ac]
tati_tao1992: checks 
Dorex2007: checks 
Vasya175: checks 
Missmyboat: checks 
radioXhead1: checks 
*** RIVER *** [2d Js Kc Ac] [6d]
tati_tao1992: checks 
Dorex2007: checks 
Vasya175: checks 
Missmyboat: bets $0.05
radioXhead1: folds 
tati_tao1992: folds 
Dorex2007: folds 
Vasya175: folds 
Uncalled bet ($0.05) returned to Missmyboat
Missmyboat collected $0.10 from pot
*** SUMMARY ***
Total pot $0.10 | Rake $0 
Board [2d Js Kc Ac 6d]
Seat 1: VagnerAndry folded before Flop (didn't bet)
Seat 2: radioXhead1 folded on the River
Seat 3: Elrus90 (button) folded before Flop (didn't bet)
Seat 4: tati_tao1992 (small blind) folded on the River
Seat 5: Dorex2007 (big blind) folded on the River
Seat 6: Vasya175 folded on the River
Seat 7: Missmyboat collected ($0.10)
Seat 8: pjm00 folded before Flop (didn't bet)
Seat 9: docthedoc66 folded before Flop (didn't bet)



PokerStars Hand #232149182318:  Hold'em No Limit ($0.01/$0.02 USD) - 2021/12/12 0:52:52 PT [2021/12/12 3:52:52 ET]
Table 'Porzia' 9-max Seat #4 is the button
Seat 1: VagnerAndry ($0.77 in chips) 
Seat 2: radioXhead1 ($1.03 in chips) 
Seat 3: Elrus90 ($3.74 in chips) 
Seat 4: tati_tao1992 ($2 in chips) 
Seat 5: Dorex2007 ($2.09 in chips) 
Seat 6: Vasya175 ($3.17 in chips) 
Seat 7: Missmyboat ($2.39 in chips) 
Seat 8: pjm00 ($0.82 in chips) 
Seat 9: docthedoc66 ($3.18 in chips) 
Dorex2007: posts small blind $0.01
Vasya175: posts big blind $0.02
*** HOLE CARDS ***
Dealt to Dorex2007 [5c 8c]
Missmyboat: folds 
pjm00: folds 
docthedoc66: folds 
VagnerAndry: folds 
radioXhead1: calls $0.02
Elrus90: folds 
tati_tao1992: folds 
Dorex2007: calls $0.01
Vasya175: checks 
*** FLOP *** [Jh 9c Tc]
Dorex2007: bets $0.04
Vasya175: calls $0.04
radioXhead1: calls $0.04
*** TURN *** [Jh 9c Tc] [8s]
Dorex2007: checks 
Vasya175: bets $0.09
radioXhead1: calls $0.09
Dorex2007: folds 
*** RIVER *** [Jh 9c Tc 8s] [Qh]
Vasya175: bets $0.18
radioXhead1: calls $0.18
*** SHOW DOWN ***
Vasya175: shows [Ts Qs] (a straight, Eight to Queen)
radioXhead1: shows [Td 9h] (a straight, Eight to Queen)
Vasya175 collected $0.35 from pot
radioXhead1 collected $0.34 from pot
*** SUMMARY ***
Total pot $0.72 | Rake $0.03 
Board [Jh 9c Tc 8s Qh]
Seat 1: VagnerAndry folded before Flop (didn't bet)
Seat 2: radioXhead1 showed [Td 9h] and won ($0.34) with a straight, Eight to Queen
Seat 3: Elrus90 folded before Flop (didn't bet)
Seat 4: tati_tao1992 (button) folded before Flop (didn't bet)
Seat 5: Dorex2007 (small blind) folded on the Turn
Seat 6: Vasya175 (big blind) showed [Ts Qs] and won ($0.35) with a straight, Eight to Queen
Seat 7: Missmyboat folded before Flop (didn't bet)
Seat 8: pjm00 folded before Flop (didn't bet)
Seat 9: docthedoc66 folded before Flop (didn't bet)



PokerStars Hand #232149195319:  Hold'em No Limit ($0.01/$0.02 USD) - 2021/12/12 0:54:03 PT [2021/12/12 3:54:03 ET]
Table 'Porzia' 9-max Seat #5 is the button
Seat 1: VagnerAndry ($0.77 in chips) 
Seat 2: radioXhead1 ($1.04 in chips) 
Seat 3: Elrus90 ($3.74 in chips) 
Seat 4: tati_tao1992 ($2 in chips) 
Seat 5: Dorex2007 ($2.03 in chips) 
Seat 6: Vasya175 ($3.19 in chips) 
Seat 7: Missmyboat ($2.39 in chips) 
Seat 8: pjm00 ($0.82 in chips) 
Seat 9: docthedoc66 ($3.18 in chips) 
Vasya175: posts small blind $0.01
Missmyboat: posts big blind $0.02
*** HOLE CARDS ***
Dealt to Dorex2007 [Js 3d]
pjm00: raises $0.02 to $0.04
docthedoc66: folds 
VagnerAndry: folds 
radioXhead1: calls $0.04
Elrus90: folds 
tati_tao1992: folds 
Dorex2007: folds 
Vasya175: calls $0.03
Missmyboat: folds 
*** FLOP *** [2h 3c 6s]
Vasya175: checks 
pjm00: bets $0.04
radioXhead1: calls $0.04
Vasya175: folds 
*** TURN *** [2h 3c 6s] [Ah]
pjm00: bets $0.04
radioXhead1: calls $0.04
*** RIVER *** [2h 3c 6s Ah] [5s]
pjm00: bets $0.15
radioXhead1: calls $0.15
*** SHOW DOWN ***
pjm00: shows [4c 4h] (a straight, Deuce to Six)
radioXhead1: mucks hand 
pjm00 collected $0.58 from pot
*** SUMMARY ***
Total pot $0.60 | Rake $0.02 
Board [2h 3c 6s Ah 5s]
Seat 1: VagnerAndry folded before Flop (didn't bet)
Seat 2: radioXhead1 mucked [Ad Td]
Seat 3: Elrus90 folded before Flop (didn't bet)
Seat 4: tati_tao1992 folded before Flop (didn't bet)
Seat 5: Dorex2007 (button) folded before Flop (didn't bet)
Seat 6: Vasya175 (small blind) folded on the Flop
Seat 7: Missmyboat (big blind) folded before Flop
Seat 8: pjm00 showed [4c 4h] and won ($0.58) with a straight, Deuce to Six
Seat 9: docthedoc66 folded before Flop (didn't bet)



PokerStars Hand #232149205600:  Hold'em No Limit ($0.01/$0.02 USD) - 2021/12/12 0:55:00 PT [2021/12/12 3:55:00 ET]
Table 'Porzia' 9-max Seat #6 is the button
Seat 1: VagnerAndry ($0.77 in chips) 
Seat 2: radioXhead1 ($0.77 in chips) 
Seat 3: Elrus90 ($3.74 in chips) 
Seat 4: tati_tao1992 ($2 in chips) 
Seat 5: Dorex2007 ($2.03 in chips) 
Seat 6: Vasya175 ($3.15 in chips) 
Seat 7: Missmyboat ($2.37 in chips) 
Seat 8: pjm00 ($1.13 in chips) 
Seat 9: docthedoc66 ($3.18 in chips) 
Missmyboat: posts small blind $0.01
pjm00: posts big blind $0.02
*** HOLE CARDS ***
Dealt to Dorex2007 [Qc 6h]
docthedoc66: folds 
VagnerAndry: folds 
radioXhead1: calls $0.02
Elrus90: raises $0.04 to $0.06
tati_tao1992: folds 
Dorex2007: folds 
Vasya175: folds 
Missmyboat: folds 
pjm00: folds 
radioXhead1: calls $0.04
*** FLOP *** [6c Th As]
radioXhead1: checks 
Elrus90: checks 
*** TURN *** [6c Th As] [Tc]
radioXhead1: checks 
Elrus90: bets $0.06
radioXhead1: folds 
Uncalled bet ($0.06) returned to Elrus90
Elrus90 collected $0.14 from pot
Elrus90: doesn't show hand 
*** SUMMARY ***
Total pot $0.15 | Rake $0.01 
Board [6c Th As Tc]
Seat 1: VagnerAndry folded before Flop (didn't bet)
Seat 2: radioXhead1 folded on the Turn
Seat 3: Elrus90 collected ($0.14)
Seat 4: tati_tao1992 folded before Flop (didn't bet)
Seat 5: Dorex2007 folded before Flop (didn't bet)
Seat 6: Vasya175 (button) folded before Flop (didn't bet)
Seat 7: Missmyboat (small blind) folded before Flop
Seat 8: pjm00 (big blind) folded before Flop
Seat 9: docthedoc66 folded before Flop (didn't bet)



PokerStars Hand #232149215038:  Hold'em No Limit ($0.01/$0.02 USD) - 2021/12/12 0:55:58 PT [2021/12/12 3:55:58 ET]
Table 'Porzia' 9-max Seat #7 is the button
Seat 1: VagnerAndry ($0.77 in chips) 
Seat 2: radioXhead1 ($0.71 in chips) 
Seat 3: Elrus90 ($3.82 in chips) 
Seat 5: Dorex2007 ($2.03 in chips) 
Seat 6: Vasya175 ($3.15 in chips) 
Seat 7: Missmyboat ($2.36 in chips) 
Seat 8: pjm00 ($1.11 in chips) 
Seat 9: docthedoc66 ($3.18 in chips) 
pjm00: posts small blind $0.01
docthedoc66: posts big blind $0.02
*** HOLE CARDS ***
Dealt to Dorex2007 [Jc Qd]
VagnerAndry: folds 
radioXhead1: calls $0.02
Elrus90: folds 
Dorex2007: calls $0.02
Vasya175: folds 
Missmyboat: calls $0.02
pjm00: calls $0.01
docthedoc66: checks 
*** FLOP *** [Jh 2h 5d]
pjm00: checks 
docthedoc66: checks 
radioXhead1: checks 
Dorex2007: bets $0.10
Missmyboat: folds 
pjm00: folds 
docthedoc66: folds 
radioXhead1: calls $0.10
*** TURN *** [Jh 2h 5d] [Ac]
radioXhead1: checks 
Dorex2007: checks 
*** RIVER *** [Jh 2h 5d Ac] [Kd]
radioXhead1: bets $0.29
Dorex2007: folds 
Uncalled bet ($0.29) returned to radioXhead1
radioXhead1 collected $0.29 from pot
radioXhead1: doesn't show hand 
*** SUMMARY ***
Total pot $0.30 | Rake $0.01 
Board [Jh 2h 5d Ac Kd]
Seat 1: VagnerAndry folded before Flop (didn't bet)
Seat 2: radioXhead1 collected ($0.29)
Seat 3: Elrus90 folded before Flop (didn't bet)
Seat 5: Dorex2007 folded on the River
Seat 6: Vasya175 folded before Flop (didn't bet)
Seat 7: Missmyboat (button) folded on the Flop
Seat 8: pjm00 (small blind) folded on the Flop
Seat 9: docthedoc66 (big blind) folded on the Flop



PokerStars Hand #232149225609:  Hold'em No Limit ($0.01/$0.02 USD) - 2021/12/12 0:57:04 PT [2021/12/12 3:57:04 ET]
Table 'Porzia' 9-max Seat #8 is the button
Seat 1: VagnerAndry ($0.77 in chips) 
Seat 2: radioXhead1 ($0.88 in chips) 
Seat 3: Elrus90 ($3.82 in chips) 
Seat 5: Dorex2007 ($2 in chips) 
Seat 6: Vasya175 ($3.15 in chips) 
Seat 7: Missmyboat ($2.34 in chips) 
Seat 8: pjm00 ($1.09 in chips) 
Seat 9: docthedoc66 ($3.16 in chips) 
docthedoc66: posts small blind $0.01
VagnerAndry: posts big blind $0.02
*** HOLE CARDS ***
Dealt to Dorex2007 [2s 8s]
radioXhead1: calls $0.02
Elrus90: folds 
Dorex2007: folds 
Vasya175: folds 
Missmyboat: folds 
pjm00: raises $0.04 to $0.06
docthedoc66: folds 
VagnerAndry: folds 
radioXhead1: calls $0.04
*** FLOP *** [Kc 9c Jh]
radioXhead1: checks 
pjm00: bets $0.06
radioXhead1: folds 
Uncalled bet ($0.06) returned to pjm00
pjm00 collected $0.14 from pot
pjm00: doesn't show hand 
*** SUMMARY ***
Total pot $0.15 | Rake $0.01 
Board [Kc 9c Jh]
Seat 1: VagnerAndry (big blind) folded before Flop
Seat 2: radioXhead1 folded on the Flop
Seat 3: Elrus90 folded before Flop (didn't bet)
Seat 5: Dorex2007 folded before Flop (didn't bet)
Seat 6: Vasya175 folded before Flop (didn't bet)
Seat 7: Missmyboat folded before Flop (didn't bet)
Seat 8: pjm00 (button) collected ($0.14)
Seat 9: docthedoc66 (small blind) folded before Flop



PokerStars Hand #232149233260:  Hold'em No Limit ($0.01/$0.02 USD) - 2021/12/12 0:57:52 PT [2021/12/12 3:57:52 ET]
Table 'Porzia' 9-max Seat #9 is the button
Seat 1: VagnerAndry ($0.75 in chips) 
Seat 2: radioXhead1 ($0.82 in chips) 
Seat 3: Elrus90 ($3.82 in chips) 
Seat 5: Dorex2007 ($2 in chips) 
Seat 6: Vasya175 ($3.15 in chips) 
Seat 7: Missmyboat ($2.34 in chips) 
Seat 8: pjm00 ($1.17 in chips) 
Seat 9: docthedoc66 ($3.15 in chips) 
VagnerAndry: posts small blind $0.01
radioXhead1: posts big blind $0.02
*** HOLE CARDS ***
Dealt to Dorex2007 [2s 4h]
Elrus90: raises $0.04 to $0.06
Dorex2007: folds 
Vasya175: folds 
Missmyboat: folds 
pjm00: folds 
docthedoc66: calls $0.06
Missmyboat leaves the table
VagnerAndry: folds 
radioXhead1: folds 
*** FLOP *** [Qs 9s 3c]
Elrus90: checks 
Dragut-Reis joins the table at seat #7 
docthedoc66: checks 
*** TURN *** [Qs 9s 3c] [2h]
Elrus90: checks 
docthedoc66: checks 
*** RIVER *** [Qs 9s 3c 2h] [Qh]
Elrus90: checks 
docthedoc66: checks 
*** SHOW DOWN ***
Elrus90: shows [Jc As] (a pair of Queens)
docthedoc66: mucks hand 
Elrus90 collected $0.14 from pot
*** SUMMARY ***
Total pot $0.15 | Rake $0.01 
Board [Qs 9s 3c 2h Qh]
Seat 1: VagnerAndry (small blind) folded before Flop
Seat 2: radioXhead1 (big blind) folded before Flop
Seat 3: Elrus90 showed [Jc As] and won ($0.14) with a pair of Queens
Seat 5: Dorex2007 folded before Flop (didn't bet)
Seat 6: Vasya175 folded before Flop (didn't bet)
Seat 7: Missmyboat folded before Flop (didn't bet)
Seat 8: pjm00 folded before Flop (didn't bet)
Seat 9: docthedoc66 (button) mucked [8c Tc]



PokerStars Hand #232149238840:  Hold'em No Limit ($0.01/$0.02 USD) - 2021/12/12 0:58:27 PT [2021/12/12 3:58:27 ET]
Table 'Porzia' 9-max Seat #1 is the button
Seat 1: VagnerAndry ($0.74 in chips) 
Seat 2: radioXhead1 ($0.80 in chips) 
Seat 3: Elrus90 ($3.90 in chips) 
Seat 5: Dorex2007 ($2 in chips) 
Seat 6: Vasya175 ($3.15 in chips) 
Seat 8: pjm00 ($1.17 in chips) 
Seat 9: docthedoc66 ($3.09 in chips) 
radioXhead1: posts small blind $0.01
Elrus90: posts big blind $0.02
Dragut-Reis: sits out 
*** HOLE CARDS ***
Dealt to Dorex2007 [9d 4s]
Dorex2007: folds 
Vasya175: folds 
pjm00: folds 
docthedoc66: folds 
VagnerAndry: folds 
radioXhead1: folds 
Uncalled bet ($0.01) returned to Elrus90
Elrus90 collected $0.02 from pot
Elrus90: doesn't show hand 
*** SUMMARY ***
Total pot $0.02 | Rake $0 
Seat 1: VagnerAndry (button) folded before Flop (didn't bet)
Seat 2: radioXhead1 (small blind) folded before Flop
Seat 3: Elrus90 (big blind) collected ($0.02)
Seat 5: Dorex2007 folded before Flop (didn't bet)
Seat 6: Vasya175 folded before Flop (didn't bet)
Seat 8: pjm00 folded before Flop (didn't bet)
Seat 9: docthedoc66 folded before Flop (didn't bet)



PokerStars Hand #232149241268:  Hold'em No Limit ($0.01/$0.02 USD) - 2021/12/12 0:58:42 PT [2021/12/12 3:58:42 ET]
Table 'Porzia' 9-max Seat #2 is the button
Seat 1: VagnerAndry ($0.74 in chips) 
Seat 2: radioXhead1 ($0.79 in chips) 
Seat 3: Elrus90 ($3.91 in chips) 
Seat 5: Dorex2007 ($2 in chips) 
Seat 6: Vasya175 ($3.15 in chips) 
Seat 8: pjm00 ($1.17 in chips) 
Seat 9: docthedoc66 ($3.09 in chips) 
Elrus90: posts small blind $0.01
Dorex2007: posts big blind $0.02
Dragut-Reis: sits out 
*** HOLE CARDS ***
Dealt to Dorex2007 [8c Qc]
Vasya175: calls $0.02
pjm00: folds 
docthedoc66: folds 
VagnerAndry: folds 
radioXhead1: calls $0.02
Elrus90: folds 
Dorex2007: checks 
*** FLOP *** [7c 4c 8h]
Dorex2007: bets $0.07
Vasya175: folds 
radioXhead1: calls $0.07
*** TURN *** [7c 4c 8h] [9s]
Dorex2007: checks 
radioXhead1: checks 
*** RIVER *** [7c 4c 8h 9s] [Ks]
Dorex2007: bets $0.10
radioXhead1: folds 
Uncalled bet ($0.10) returned to Dorex2007
Dorex2007 collected $0.20 from pot
Dorex2007: doesn't show hand 
*** SUMMARY ***
Total pot $0.21 | Rake $0.01 
Board [7c 4c 8h 9s Ks]
Seat 1: VagnerAndry folded before Flop (didn't bet)
Seat 2: radioXhead1 (button) folded on the River
Seat 3: Elrus90 (small blind) folded before Flop
Seat 5: Dorex2007 (big blind) collected ($0.20)
Seat 6: Vasya175 folded on the Flop
Seat 8: pjm00 folded before Flop (didn't bet)
Seat 9: docthedoc66 folded before Flop (didn't bet)



PokerStars Hand #232149250804:  Hold'em No Limit ($0.01/$0.02 USD) - 2021/12/12 0:59:41 PT [2021/12/12 3:59:41 ET]
Table 'Porzia' 9-max Seat #3 is the button
Seat 1: VagnerAndry ($0.74 in chips) 
Seat 2: radioXhead1 ($0.70 in chips) 
Seat 3: Elrus90 ($3.90 in chips) 
Seat 5: Dorex2007 ($2.11 in chips) 
Seat 6: Vasya175 ($3.13 in chips) 
Seat 8: pjm00 ($1.17 in chips) 
Seat 9: docthedoc66 ($3.09 in chips) 
Dorex2007: posts small blind $0.01
Vasya175: posts big blind $0.02
Dragut-Reis: sits out 
*** HOLE CARDS ***
Dealt to Dorex2007 [Ac Qh]
pjm00: folds 
docthedoc66: calls $0.02
VagnerAndry: folds 
radioXhead1 has timed out
radioXhead1: folds 
Elrus90: folds 
Dorex2007: calls $0.01
Vasya175: checks 
*** FLOP *** [Kc 8h 7h]
Dorex2007: checks 
Vasya175: checks 
docthedoc66: checks 
*** TURN *** [Kc 8h 7h] [Ks]
Dorex2007: checks 
Vasya175: bets $0.06
docthedoc66: folds 
Dorex2007: folds 
Uncalled bet ($0.06) returned to Vasya175
Vasya175 collected $0.06 from pot
Vasya175: doesn't show hand 
*** SUMMARY ***
Total pot $0.06 | Rake $0 
Board [Kc 8h 7h Ks]
Seat 1: VagnerAndry folded before Flop (didn't bet)
Seat 2: radioXhead1 folded before Flop (didn't bet)
Seat 3: Elrus90 (button) folded before Flop (didn't bet)
Seat 5: Dorex2007 (small blind) folded on the Turn
Seat 6: Vasya175 (big blind) collected ($0.06)
Seat 8: pjm00 folded before Flop (didn't bet)
Seat 9: docthedoc66 folded on the Turn



PokerStars Hand #232149258310:  Hold'em No Limit ($0.01/$0.02 USD) - 2021/12/12 1:00:27 PT [2021/12/12 4:00:27 ET]
Table 'Porzia' 9-max Seat #5 is the button
Seat 1: VagnerAndry ($0.74 in chips) 
Seat 2: radioXhead1 ($0.70 in chips) 
Seat 3: Elrus90 ($3.90 in chips) 
Seat 5: Dorex2007 ($2.09 in chips) 
Seat 6: Vasya175 ($3.17 in chips) 
Seat 7: Dragut-Reis ($2 in chips) 
Seat 8: pjm00 ($1.17 in chips) 
Seat 9: docthedoc66 ($3.07 in chips) 
Vasya175: posts small blind $0.01
Dragut-Reis: posts big blind $0.02
tati_tao1992: sits out 
*** HOLE CARDS ***
Dealt to Dorex2007 [Qs 7c]
pjm00: folds 
docthedoc66: folds 
VagnerAndry: folds 
radioXhead1: calls $0.02
Elrus90: folds 
Dorex2007: folds 
Vasya175: calls $0.01
Dragut-Reis: checks 
*** FLOP *** [6s 5d Ks]
Vasya175: checks 
Dragut-Reis: checks 
radioXhead1: checks 
*** TURN *** [6s 5d Ks] [Ac]
Vasya175: checks 
Dragut-Reis: checks 
radioXhead1: checks 
*** RIVER *** [6s 5d Ks Ac] [Qc]
Vasya175: checks 
Dragut-Reis: checks 
radioXhead1: checks 
*** SHOW DOWN ***
Vasya175: shows [9s Jh] (high card Ace)
Dragut-Reis: shows [4d 6d] (a pair of Sixes)
radioXhead1: mucks hand 
Dragut-Reis collected $0.06 from pot
*** SUMMARY ***
Total pot $0.06 | Rake $0 
Board [6s 5d Ks Ac Qc]
Seat 1: VagnerAndry folded before Flop (didn't bet)
Seat 2: radioXhead1 mucked [2c 3c]
Seat 3: Elrus90 folded before Flop (didn't bet)
Seat 5: Dorex2007 (button) folded before Flop (didn't bet)
Seat 6: Vasya175 (small blind) showed [9s Jh] and lost with high card Ace
Seat 7: Dragut-Reis (big blind) showed [4d 6d] and won ($0.06) with a pair of Sixes
Seat 8: pjm00 folded before Flop (didn't bet)
Seat 9: docthedoc66 folded before Flop (didn't bet)



PokerStars Hand #232149267023:  Hold'em No Limit ($0.01/$0.02 USD) - 2021/12/12 1:01:15 PT [2021/12/12 4:01:15 ET]
Table 'Porzia' 9-max Seat #6 is the button
Seat 1: VagnerAndry ($0.74 in chips) 
Seat 2: radioXhead1 ($0.68 in chips) 
Seat 3: Elrus90 ($3.90 in chips) 
Seat 5: Dorex2007 ($2.09 in chips) 
Seat 6: Vasya175 ($3.15 in chips) 
Seat 7: Dragut-Reis ($2.04 in chips) 
Seat 8: pjm00 ($1.17 in chips) 
Seat 9: docthedoc66 ($3.07 in chips) 
Dragut-Reis: posts small blind $0.01
pjm00: posts big blind $0.02
tati_tao1992: sits out 
*** HOLE CARDS ***
Dealt to Dorex2007 [Ks Kd]
docthedoc66: folds 
VagnerAndry: folds 
radioXhead1: calls $0.02
Elrus90: folds 
Dorex2007: raises $0.06 to $0.08
Vasya175: folds 
Dragut-Reis: folds 
pjm00: folds 
radioXhead1: folds 
Uncalled bet ($0.06) returned to Dorex2007
Dorex2007 collected $0.07 from pot
Dorex2007: doesn't show hand 
*** SUMMARY ***
Total pot $0.07 | Rake $0 
Seat 1: VagnerAndry folded before Flop (didn't bet)
Seat 2: radioXhead1 folded before Flop
Seat 3: Elrus90 folded before Flop (didn't bet)
Seat 5: Dorex2007 collected ($0.07)
Seat 6: Vasya175 (button) folded before Flop (didn't bet)
Seat 7: Dragut-Reis (small blind) folded before Flop
Seat 8: pjm00 (big blind) folded before Flop
Seat 9: docthedoc66 folded before Flop (didn't bet)



PokerStars Hand #232149271076:  Hold'em No Limit ($0.01/$0.02 USD) - 2021/12/12 1:01:37 PT [2021/12/12 4:01:37 ET]
Table 'Porzia' 9-max Seat #7 is the button
Seat 1: VagnerAndry ($0.74 in chips) 
Seat 2: radioXhead1 ($0.66 in chips) 
Seat 3: Elrus90 ($3.90 in chips) 
Seat 5: Dorex2007 ($2.14 in chips) 
Seat 6: Vasya175 ($3.15 in chips) 
Seat 7: Dragut-Reis ($2.03 in chips) 
Seat 8: pjm00 ($1.15 in chips) 
Seat 9: docthedoc66 ($3.07 in chips) 
pjm00: posts small blind $0.01
docthedoc66: posts big blind $0.02
tati_tao1992: sits out 
*** HOLE CARDS ***
Dealt to Dorex2007 [2c 7d]
VagnerAndry: folds 
radioXhead1: calls $0.02
Elrus90: folds 
Dorex2007: folds 
Vasya175: folds 
Dragut-Reis: folds 
pjm00: folds 
docthedoc66: checks 
*** FLOP *** [Ah As Jd]
docthedoc66: checks 
radioXhead1: checks 
*** TURN *** [Ah As Jd] [8s]
docthedoc66: checks 
radioXhead1: checks 
*** RIVER *** [Ah As Jd 8s] [6d]
docthedoc66: checks 
radioXhead1: checks 
*** SHOW DOWN ***
docthedoc66: shows [Kc 4h] (a pair of Aces)
radioXhead1: shows [5c Kh] (a pair of Aces)
docthedoc66 collected $0.03 from pot
radioXhead1 collected $0.02 from pot
*** SUMMARY ***
Total pot $0.05 | Rake $0 
Board [Ah As Jd 8s 6d]
Seat 1: VagnerAndry folded before Flop (didn't bet)
Seat 2: radioXhead1 showed [5c Kh] and won ($0.02) with a pair of Aces
Seat 3: Elrus90 folded before Flop (didn't bet)
Seat 5: Dorex2007 folded before Flop (didn't bet)
Seat 6: Vasya175 folded before Flop (didn't bet)
Seat 7: Dragut-Reis (button) folded before Flop (didn't bet)
Seat 8: pjm00 (small blind) folded before Flop
Seat 9: docthedoc66 (big blind) showed [Kc 4h] and won ($0.03) with a pair of Aces



PokerStars Hand #232149282166:  Hold'em No Limit ($0.01/$0.02 USD) - 2021/12/12 1:02:37 PT [2021/12/12 4:02:37 ET]
Table 'Porzia' 9-max Seat #8 is the button
Seat 1: VagnerAndry ($0.74 in chips) 
Seat 2: radioXhead1 ($0.66 in chips) 
Seat 3: Elrus90 ($3.90 in chips) 
Seat 5: Dorex2007 ($2.14 in chips) 
Seat 6: Vasya175 ($3.15 in chips) 
Seat 7: Dragut-Reis ($2.03 in chips) 
Seat 8: pjm00 ($1.14 in chips) 
Seat 9: docthedoc66 ($3.08 in chips) 
docthedoc66: posts small blind $0.01
VagnerAndry: posts big blind $0.02
tati_tao1992: sits out 
*** HOLE CARDS ***
Dealt to Dorex2007 [6c 2s]
radioXhead1: calls $0.02
Elrus90: folds 
Dorex2007: folds 
Vasya175: raises $0.02 to $0.04
Dragut-Reis: folds 
pjm00: folds 
docthedoc66: folds 
VagnerAndry: calls $0.02
radioXhead1: calls $0.02
*** FLOP *** [2d 8c 8d]
VagnerAndry: checks 
radioXhead1: checks 
Vasya175: bets $0.13
VagnerAndry: folds 
radioXhead1: folds 
Uncalled bet ($0.13) returned to Vasya175
Vasya175 collected $0.13 from pot
Vasya175: doesn't show hand 
*** SUMMARY ***
Total pot $0.13 | Rake $0 
Board [2d 8c 8d]
Seat 1: VagnerAndry (big blind) folded on the Flop
Seat 2: radioXhead1 folded on the Flop
Seat 3: Elrus90 folded before Flop (didn't bet)
Seat 5: Dorex2007 folded before Flop (didn't bet)
Seat 6: Vasya175 collected ($0.13)
Seat 7: Dragut-Reis folded before Flop (didn't bet)
Seat 8: pjm00 (button) folded before Flop (didn't bet)
Seat 9: docthedoc66 (small blind) folded before Flop



PokerStars Hand #232149288157:  Hold'em No Limit ($0.01/$0.02 USD) - 2021/12/12 1:03:09 PT [2021/12/12 4:03:09 ET]
Table 'Porzia' 9-max Seat #9 is the button
Seat 1: VagnerAndry ($0.70 in chips) 
Seat 2: radioXhead1 ($0.62 in chips) 
Seat 3: Elrus90 ($3.90 in chips) 
Seat 5: Dorex2007 ($2.14 in chips) 
Seat 6: Vasya175 ($3.24 in chips) 
Seat 7: Dragut-Reis ($2.03 in chips) 
Seat 8: pjm00 ($1.14 in chips) 
Seat 9: docthedoc66 ($3.07 in chips) 
VagnerAndry: posts small blind $0.01
radioXhead1: posts big blind $0.02
tati_tao1992: sits out 
*** HOLE CARDS ***
Dealt to Dorex2007 [Js 3s]
Elrus90: folds 
Dorex2007: folds 
Vasya175: calls $0.02
Dragut-Reis: raises $0.06 to $0.08
pjm00: folds 
docthedoc66: folds 
VagnerAndry: folds 
radioXhead1: calls $0.06
Vasya175: calls $0.06
*** FLOP *** [Qd 9d Ah]
radioXhead1: checks 
Vasya175: checks 
Dragut-Reis: bets $0.14
radioXhead1: folds 
Vasya175: calls $0.14
*** TURN *** [Qd 9d Ah] [6d]
Vasya175: checks 
Dragut-Reis: checks 
*** RIVER *** [Qd 9d Ah 6d] [2h]
Vasya175: checks 
Dragut-Reis: checks 
*** SHOW DOWN ***
Vasya175: shows [Jc Tc] (high card Ace)
Dragut-Reis: shows [Qh Jh] (a pair of Queens)
Dragut-Reis collected $0.51 from pot
*** SUMMARY ***
Total pot $0.53 | Rake $0.02 
Board [Qd 9d Ah 6d 2h]
Seat 1: VagnerAndry (small blind) folded before Flop
Seat 2: radioXhead1 (big blind) folded on the Flop
Seat 3: Elrus90 folded before Flop (didn't bet)
Seat 5: Dorex2007 folded before Flop (didn't bet)
Seat 6: Vasya175 showed [Jc Tc] and lost with high card Ace
Seat 7: Dragut-Reis showed [Qh Jh] and won ($0.51) with a pair of Queens
Seat 8: pjm00 folded before Flop (didn't bet)
Seat 9: docthedoc66 (button) folded before Flop (didn't bet)



PokerStars Hand #232149310091:  Hold'em No Limit ($0.01/$0.02 USD) - 2021/12/12 1:05:06 PT [2021/12/12 4:05:06 ET]
Table 'Porzia' 9-max Seat #1 is the button
Seat 1: VagnerAndry ($0.69 in chips) 
Seat 2: radioXhead1 ($0.54 in chips) 
Seat 3: Elrus90 ($3.90 in chips) 
Seat 5: Dorex2007 ($2.14 in chips) 
Seat 6: Vasya175 ($3.02 in chips) 
Seat 7: Dragut-Reis ($2.32 in chips) 
Seat 8: pjm00 ($1.14 in chips) 
Seat 9: docthedoc66 ($3.07 in chips) 
radioXhead1: posts small blind $0.01
Elrus90: posts big blind $0.02
tati_tao1992: sits out 
*** HOLE CARDS ***
Dealt to Dorex2007 [7d Ac]
Dorex2007: folds 
Vasya175: folds 
Dragut-Reis: folds 
pjm00: folds 
docthedoc66: folds 
VagnerAndry: folds 
radioXhead1 has timed out
radioXhead1: folds 
Uncalled bet ($0.01) returned to Elrus90
Elrus90 collected $0.02 from pot
Elrus90: doesn't show hand 
*** SUMMARY ***
Total pot $0.02 | Rake $0 
Seat 1: VagnerAndry (button) folded before Flop (didn't bet)
Seat 2: radioXhead1 (small blind) folded before Flop
Seat 3: Elrus90 (big blind) collected ($0.02)
Seat 5: Dorex2007 folded before Flop (didn't bet)
Seat 6: Vasya175 folded before Flop (didn't bet)
Seat 7: Dragut-Reis folded before Flop (didn't bet)
Seat 8: pjm00 folded before Flop (didn't bet)
Seat 9: docthedoc66 folded before Flop (didn't bet)



PokerStars Hand #232149320205:  Hold'em No Limit ($0.01/$0.02 USD) - 2021/12/12 1:05:58 PT [2021/12/12 4:05:58 ET]
Table 'Porzia' 9-max Seat #3 is the button
Seat 1: VagnerAndry ($0.69 in chips) 
Seat 3: Elrus90 ($3.91 in chips) 
Seat 5: Dorex2007 ($2.14 in chips) 
Seat 6: Vasya175 ($3.02 in chips) 
Seat 7: Dragut-Reis ($2.32 in chips) 
Seat 8: pjm00 ($1.14 in chips) 
Seat 9: docthedoc66 ($3.07 in chips) 
Dorex2007: posts small blind $0.01
Vasya175: posts big blind $0.02
*** HOLE CARDS ***
Dealt to Dorex2007 [6h 6s]
Dragut-Reis: folds 
pjm00: folds 
docthedoc66: raises $0.04 to $0.06
VagnerAndry: folds 
Elrus90: folds 
Dorex2007: calls $0.05
Vasya175: folds 
*** FLOP *** [Qh 9c 6c]
Dorex2007: bets $0.14
docthedoc66: folds 
Uncalled bet ($0.14) returned to Dorex2007
Dorex2007 collected $0.14 from pot
Dorex2007: doesn't show hand 
*** SUMMARY ***
Total pot $0.14 | Rake $0 
Board [Qh 9c 6c]
Seat 1: VagnerAndry folded before Flop (didn't bet)
Seat 3: Elrus90 (button) folded before Flop (didn't bet)
Seat 5: Dorex2007 (small blind) collected ($0.14)
Seat 6: Vasya175 (big blind) folded before Flop
Seat 7: Dragut-Reis folded before Flop (didn't bet)
Seat 8: pjm00 folded before Flop (didn't bet)
Seat 9: docthedoc66 folded on the Flop



PokerStars Hand #232149326067:  Hold'em No Limit ($0.01/$0.02 USD) - 2021/12/12 1:06:29 PT [2021/12/12 4:06:29 ET]
Table 'Porzia' 9-max Seat #5 is the button
Seat 1: VagnerAndry ($0.69 in chips) 
Seat 2: radioXhead1 ($0.53 in chips) 
Seat 3: Elrus90 ($3.91 in chips) 
Seat 5: Dorex2007 ($2.22 in chips) 
Seat 6: Vasya175 ($3 in chips) 
Seat 7: Dragut-Reis ($2.32 in chips) 
Seat 8: pjm00 ($1.14 in chips) 
Seat 9: docthedoc66 ($3.01 in chips) 
Vasya175: posts small blind $0.01
Dragut-Reis: posts big blind $0.02
tati_tao1992: sits out 
*** HOLE CARDS ***
Dealt to Dorex2007 [5h Ac]
pjm00: folds 
docthedoc66: calls $0.02
VagnerAndry: folds 
radioXhead1: calls $0.02
Elrus90: raises $0.04 to $0.06
Dorex2007: folds 
Vasya175: folds 
Dragut-Reis: calls $0.04
docthedoc66: calls $0.04
radioXhead1: calls $0.04
*** FLOP *** [Ks 2h 6h]
Dragut-Reis: checks 
docthedoc66: checks 
radioXhead1: bets $0.04
Elrus90: calls $0.04
Dragut-Reis: folds 
docthedoc66: calls $0.04
*** TURN *** [Ks 2h 6h] [8d]
docthedoc66: checks 
radioXhead1: checks 
Elrus90: checks 
*** RIVER *** [Ks 2h 6h 8d] [4s]
docthedoc66: checks 
radioXhead1: bets $0.06
Elrus90: folds 
docthedoc66: calls $0.06
*** SHOW DOWN ***
radioXhead1: shows [3s Kd] (a pair of Kings)
docthedoc66: mucks hand 
radioXhead1 collected $0.47 from pot
*** SUMMARY ***
Total pot $0.49 | Rake $0.02 
Board [Ks 2h 6h 8d 4s]
Seat 1: VagnerAndry folded before Flop (didn't bet)
Seat 2: radioXhead1 showed [3s Kd] and won ($0.47) with a pair of Kings
Seat 3: Elrus90 folded on the River
Seat 5: Dorex2007 (button) folded before Flop (didn't bet)
Seat 6: Vasya175 (small blind) folded before Flop
Seat 7: Dragut-Reis (big blind) folded on the Flop
Seat 8: pjm00 folded before Flop (didn't bet)
Seat 9: docthedoc66 mucked [7h 8h]



PokerStars Hand #232149343175:  Hold'em No Limit ($0.01/$0.02 USD) - 2021/12/12 1:08:00 PT [2021/12/12 4:08:00 ET]
Table 'Porzia' 9-max Seat #6 is the button
Seat 1: VagnerAndry ($0.69 in chips) 
Seat 2: radioXhead1 ($0.84 in chips) 
Seat 3: Elrus90 ($3.81 in chips) 
Seat 5: Dorex2007 ($2.22 in chips) 
Seat 6: Vasya175 ($2.99 in chips) 
Seat 7: Dragut-Reis ($2.26 in chips) 
Seat 8: pjm00 ($1.14 in chips) 
Seat 9: docthedoc66 ($2.85 in chips) 
Dragut-Reis: posts small blind $0.01
pjm00: posts big blind $0.02
tati_tao1992: sits out 
*** HOLE CARDS ***
Dealt to Dorex2007 [7c 5s]
docthedoc66: folds 
VagnerAndry: folds 
radioXhead1: calls $0.02
Elrus90: folds 
Dorex2007: folds 
Vasya175: folds 
Dragut-Reis: folds 
pjm00: checks 
*** FLOP *** [4d 2d 7d]
pjm00: checks 
radioXhead1: bets $0.02
pjm00: folds 
Uncalled bet ($0.02) returned to radioXhead1
radioXhead1 collected $0.05 from pot
radioXhead1: doesn't show hand 
*** SUMMARY ***
Total pot $0.05 | Rake $0 
Board [4d 2d 7d]
Seat 1: VagnerAndry folded before Flop (didn't bet)
Seat 2: radioXhead1 collected ($0.05)
Seat 3: Elrus90 folded before Flop (didn't bet)
Seat 5: Dorex2007 folded before Flop (didn't bet)
Seat 6: Vasya175 (button) folded before Flop (didn't bet)
Seat 7: Dragut-Reis (small blind) folded before Flop
Seat 8: pjm00 (big blind) folded on the Flop
Seat 9: docthedoc66 folded before Flop (didn't bet)



PokerStars Hand #232149348773:  Hold'em No Limit ($0.01/$0.02 USD) - 2021/12/12 1:08:30 PT [2021/12/12 4:08:30 ET]
Table 'Porzia' 9-max Seat #7 is the button
Seat 1: VagnerAndry ($0.69 in chips) 
Seat 2: radioXhead1 ($0.87 in chips) 
Seat 3: Elrus90 ($3.81 in chips) 
Seat 5: Dorex2007 ($2.22 in chips) 
Seat 6: Vasya175 ($2.99 in chips) 
Seat 7: Dragut-Reis ($2.25 in chips) 
Seat 8: pjm00 ($1.12 in chips) 
Seat 9: docthedoc66 ($2.85 in chips) 
pjm00: posts small blind $0.01
docthedoc66: posts big blind $0.02
tati_tao1992: sits out 
*** HOLE CARDS ***
Dealt to Dorex2007 [Jd Jc]
VagnerAndry: folds 
radioXhead1: calls $0.02
Elrus90: folds 
Dorex2007: raises $0.08 to $0.10
Vasya175: calls $0.10
Dragut-Reis: folds 
pjm00: folds 
docthedoc66: folds 
radioXhead1: folds 
*** FLOP *** [8s 3s Ad]
Dorex2007: checks 
Vasya175: bets $0.12
Dorex2007: calls $0.12
*** TURN *** [8s 3s Ad] [9h]
Dorex2007: checks 
Vasya175: bets $0.12
Dorex2007: calls $0.12
*** RIVER *** [8s 3s Ad 9h] [7c]
Dorex2007: bets $0.35
Vasya175: calls $0.35
*** SHOW DOWN ***
Dorex2007: shows [Jd Jc] (a pair of Jacks)
Vasya175: shows [Qc Ac] (a pair of Aces)
Vasya175 collected $1.38 from pot
*** SUMMARY ***
Total pot $1.43 | Rake $0.05 
Board [8s 3s Ad 9h 7c]
Seat 1: VagnerAndry folded before Flop (didn't bet)
Seat 2: radioXhead1 folded before Flop
Seat 3: Elrus90 folded before Flop (didn't bet)
Seat 5: Dorex2007 showed [Jd Jc] and lost with a pair of Jacks
Seat 6: Vasya175 showed [Qc Ac] and won ($1.38) with a pair of Aces
Seat 7: Dragut-Reis (button) folded before Flop (didn't bet)
Seat 8: pjm00 (small blind) folded before Flop
Seat 9: docthedoc66 (big blind) folded before Flop



PokerStars Hand #232149363509:  Hold'em No Limit ($0.01/$0.02 USD) - 2021/12/12 1:09:42 PT [2021/12/12 4:09:42 ET]
Table 'Porzia' 9-max Seat #8 is the button
Seat 1: VagnerAndry ($0.69 in chips) 
Seat 2: radioXhead1 ($0.85 in chips) 
Seat 3: Elrus90 ($3.81 in chips) 
Seat 5: Dorex2007 ($2 in chips) 
Seat 6: Vasya175 ($3.68 in chips) 
Seat 7: Dragut-Reis ($2.25 in chips) 
Seat 8: pjm00 ($1.11 in chips) 
Seat 9: docthedoc66 ($2.83 in chips) 
docthedoc66: posts small blind $0.01
VagnerAndry: posts big blind $0.02
tati_tao1992: sits out 
*** HOLE CARDS ***
Dealt to Dorex2007 [7c Ah]
radioXhead1: calls $0.02
Elrus90: folds 
Dorex2007: folds 
Vasya175: folds 
Dragut-Reis: folds 
pjm00: folds 
docthedoc66: calls $0.01
VagnerAndry: checks 
*** FLOP *** [7s Qh As]
docthedoc66: bets $0.02
VagnerAndry: folds 
radioXhead1: folds 
Uncalled bet ($0.02) returned to docthedoc66
docthedoc66 collected $0.06 from pot
docthedoc66: doesn't show hand 
*** SUMMARY ***
Total pot $0.06 | Rake $0 
Board [7s Qh As]
Seat 1: VagnerAndry (big blind) folded on the Flop
Seat 2: radioXhead1 folded on the Flop
Seat 3: Elrus90 folded before Flop (didn't bet)
Seat 5: Dorex2007 folded before Flop (didn't bet)
Seat 6: Vasya175 folded before Flop (didn't bet)
Seat 7: Dragut-Reis folded before Flop (didn't bet)
Seat 8: pjm00 (button) folded before Flop (didn't bet)
Seat 9: docthedoc66 (small blind) collected ($0.06)



PokerStars Hand #232149367880:  Hold'em No Limit ($0.01/$0.02 USD) - 2021/12/12 1:10:05 PT [2021/12/12 4:10:05 ET]
Table 'Porzia' 9-max Seat #9 is the button
Seat 1: VagnerAndry ($0.67 in chips) 
Seat 2: radioXhead1 ($0.83 in chips) 
Seat 3: Elrus90 ($3.81 in chips) 
Seat 5: Dorex2007 ($2 in chips) 
Seat 6: Vasya175 ($3.68 in chips) 
Seat 7: Dragut-Reis ($2.25 in chips) 
Seat 8: pjm00 ($1.11 in chips) 
Seat 9: docthedoc66 ($2.87 in chips) 
VagnerAndry: posts small blind $0.01
radioXhead1: posts big blind $0.02
tati_tao1992: sits out 
*** HOLE CARDS ***
Dealt to Dorex2007 [9c Ks]
Elrus90: folds 
Dorex2007: folds 
Vasya175: folds 
Dragut-Reis: folds 
pjm00: folds 
docthedoc66: folds 
VagnerAndry: folds 
Uncalled bet ($0.01) returned to radioXhead1
radioXhead1 collected $0.02 from pot
radioXhead1: doesn't show hand 
*** SUMMARY ***
Total pot $0.02 | Rake $0 
Seat 1: VagnerAndry (small blind) folded before Flop
Seat 2: radioXhead1 (big blind) collected ($0.02)
Seat 3: Elrus90 folded before Flop (didn't bet)
Seat 5: Dorex2007 folded before Flop (didn't bet)
Seat 6: Vasya175 folded before Flop (didn't bet)
Seat 7: Dragut-Reis folded before Flop (didn't bet)
Seat 8: pjm00 folded before Flop (didn't bet)
Seat 9: docthedoc66 (button) folded before Flop (didn't bet)



PokerStars Hand #232149370613:  Hold'em No Limit ($0.01/$0.02 USD) - 2021/12/12 1:10:19 PT [2021/12/12 4:10:19 ET]
Table 'Porzia' 9-max Seat #1 is the button
Seat 1: VagnerAndry ($0.66 in chips) 
Seat 2: radioXhead1 ($0.84 in chips) 
Seat 3: Elrus90 ($3.81 in chips) 
Seat 5: Dorex2007 ($2 in chips) 
Seat 6: Vasya175 ($3.68 in chips) 
Seat 7: Dragut-Reis ($2.25 in chips) 
Seat 8: pjm00 ($1.11 in chips) 
Seat 9: docthedoc66 ($2.87 in chips) 
radioXhead1: posts small blind $0.01
Elrus90: posts big blind $0.02
tati_tao1992: sits out 
*** HOLE CARDS ***
Dealt to Dorex2007 [Th Ah]
Dorex2007: raises $0.02 to $0.04
Vasya175: folds 
Dragut-Reis: folds 
pjm00: folds 
docthedoc66: folds 
VagnerAndry: calls $0.04
radioXhead1: calls $0.03
Elrus90: folds 
*** FLOP *** [3c Kc Td]
radioXhead1: bets $0.02
Dorex2007: raises $0.12 to $0.14
VagnerAndry: calls $0.14
radioXhead1: folds 
*** TURN *** [3c Kc Td] [Ad]
Dorex2007: checks 
VagnerAndry: bets $0.16
Dorex2007: raises $0.49 to $0.65
VagnerAndry: calls $0.32 and is all-in
Uncalled bet ($0.17) returned to Dorex2007
*** RIVER *** [3c Kc Td Ad] [4c]
*** SHOW DOWN ***
Dorex2007: shows [Th Ah] (two pair, Aces and Tens)
VagnerAndry: shows [Kd Ac] (two pair, Aces and Kings)
VagnerAndry collected $1.35 from pot
*** SUMMARY ***
Total pot $1.40 | Rake $0.05 
Board [3c Kc Td Ad 4c]
Seat 1: VagnerAndry (button) showed [Kd Ac] and won ($1.35) with two pair, Aces and Kings
Seat 2: radioXhead1 (small blind) folded on the Flop
Seat 3: Elrus90 (big blind) folded before Flop
Seat 5: Dorex2007 showed [Th Ah] and lost with two pair, Aces and Tens
Seat 6: Vasya175 folded before Flop (didn't bet)
Seat 7: Dragut-Reis folded before Flop (didn't bet)
Seat 8: pjm00 folded before Flop (didn't bet)
Seat 9: docthedoc66 folded before Flop (didn't bet)



PokerStars Hand #232149383589:  Hold'em No Limit ($0.01/$0.02 USD) - 2021/12/12 1:11:26 PT [2021/12/12 4:11:26 ET]
Table 'Porzia' 9-max Seat #2 is the button
Seat 1: VagnerAndry ($1.35 in chips) 
Seat 2: radioXhead1 ($0.78 in chips) 
Seat 3: Elrus90 ($3.79 in chips) 
Seat 4: tati_tao1992 ($2 in chips) 
Seat 5: Dorex2007 ($2 in chips) 
Seat 6: Vasya175 ($3.68 in chips) 
Seat 7: Dragut-Reis ($2.25 in chips) 
Seat 8: pjm00 ($1.11 in chips) 
Seat 9: docthedoc66 ($2.87 in chips) 
Elrus90: posts small blind $0.01
tati_tao1992: posts big blind $0.02
*** HOLE CARDS ***
Dealt to Dorex2007 [Jh 8s]
Dorex2007: folds 
Vasya175: calls $0.02
Dragut-Reis: folds 
pjm00: folds 
docthedoc66: folds 
VagnerAndry: folds 
radioXhead1: calls $0.02
Elrus90: folds 
tati_tao1992: checks 
*** FLOP *** [5s 5d 3c]
tati_tao1992: checks 
Vasya175: bets $0.07
radioXhead1: calls $0.07
tati_tao1992: folds 
*** TURN *** [5s 5d 3c] [5h]
Vasya175: bets $0.08
radioXhead1: calls $0.08
*** RIVER *** [5s 5d 3c 5h] [7c]
Vasya175: bets $0.18
radioXhead1: folds 
Uncalled bet ($0.18) returned to Vasya175
Vasya175 collected $0.36 from pot
Vasya175: doesn't show hand 
*** SUMMARY ***
Total pot $0.37 | Rake $0.01 
Board [5s 5d 3c 5h 7c]
Seat 1: VagnerAndry folded before Flop (didn't bet)
Seat 2: radioXhead1 (button) folded on the River
Seat 3: Elrus90 (small blind) folded before Flop
Seat 4: tati_tao1992 (big blind) folded on the Flop
Seat 5: Dorex2007 folded before Flop (didn't bet)
Seat 6: Vasya175 collected ($0.36)
Seat 7: Dragut-Reis folded before Flop (didn't bet)
Seat 8: pjm00 folded before Flop (didn't bet)
Seat 9: docthedoc66 folded before Flop (didn't bet)



PokerStars Hand #232149395476:  Hold'em No Limit ($0.01/$0.02 USD) - 2021/12/12 1:12:28 PT [2021/12/12 4:12:28 ET]
Table 'Porzia' 9-max Seat #3 is the button
Seat 1: VagnerAndry ($1.35 in chips) 
Seat 2: radioXhead1 ($0.61 in chips) 
Seat 3: Elrus90 ($3.78 in chips) 
Seat 4: tati_tao1992 ($2 in chips) 
Seat 5: Dorex2007 ($2 in chips) 
Seat 6: Vasya175 ($3.87 in chips) 
Seat 7: Dragut-Reis ($2.25 in chips) 
Seat 8: pjm00 ($1.11 in chips) 
Seat 9: docthedoc66 ($2.87 in chips) 
tati_tao1992: posts small blind $0.01
Dorex2007: posts big blind $0.02
*** HOLE CARDS ***
Dealt to Dorex2007 [Qh Js]
Vasya175: folds 
Dragut-Reis: folds 
pjm00: raises $0.04 to $0.06
docthedoc66: folds 
VagnerAndry: folds 
radioXhead1: calls $0.06
Elrus90: folds 
tati_tao1992: calls $0.05
Dorex2007: calls $0.04
*** FLOP *** [2d Jc Ad]
tati_tao1992: checks 
Dorex2007: checks 
pjm00: checks 
radioXhead1: checks 
*** TURN *** [2d Jc Ad] [8h]
tati_tao1992: checks 
Dorex2007: bets $0.12
pjm00: folds 
radioXhead1: folds 
tati_tao1992: calls $0.12
*** RIVER *** [2d Jc Ad 8h] [Td]
tati_tao1992: checks 
Dorex2007: checks 
*** SHOW DOWN ***
tati_tao1992: shows [Kd Jd] (a flush, Ace high)
Dorex2007: mucks hand 
tati_tao1992 collected $0.46 from pot
*** SUMMARY ***
Total pot $0.48 | Rake $0.02 
Board [2d Jc Ad 8h Td]
Seat 1: VagnerAndry folded before Flop (didn't bet)
Seat 2: radioXhead1 folded on the Turn
Seat 3: Elrus90 (button) folded before Flop (didn't bet)
Seat 4: tati_tao1992 (small blind) showed [Kd Jd] and won ($0.46) with a flush, Ace high
Seat 5: Dorex2007 (big blind) mucked [Qh Js]
Seat 6: Vasya175 folded before Flop (didn't bet)
Seat 7: Dragut-Reis folded before Flop (didn't bet)
Seat 8: pjm00 folded on the Turn
Seat 9: docthedoc66 folded before Flop (didn't bet)



PokerStars Hand #232149407441:  Hold'em No Limit ($0.01/$0.02 USD) - 2021/12/12 1:13:29 PT [2021/12/12 4:13:29 ET]
Table 'Porzia' 9-max Seat #4 is the button
Seat 1: VagnerAndry ($1.35 in chips) 
Seat 2: radioXhead1 ($0.55 in chips) 
Seat 3: Elrus90 ($3.78 in chips) 
Seat 4: tati_tao1992 ($2.28 in chips) 
Seat 5: Dorex2007 ($2 in chips) 
Seat 6: Vasya175 ($3.87 in chips) 
Seat 7: Dragut-Reis ($2.25 in chips) 
Seat 8: pjm00 ($1.05 in chips) 
Seat 9: docthedoc66 ($2.87 in chips) 
Dorex2007: posts small blind $0.01
Vasya175: posts big blind $0.02
*** HOLE CARDS ***
Dealt to Dorex2007 [8d 8c]
Dragut-Reis: folds 
pjm00: folds 
docthedoc66: folds 
VagnerAndry: folds 
radioXhead1: calls $0.02
Elrus90: folds 
tati_tao1992: folds 
Dorex2007: calls $0.01
Vasya175: checks 
*** FLOP *** [Qs 9d 5c]
Dorex2007: checks 
Vasya175: checks 
radioXhead1: bets $0.04
Dorex2007: folds 
Vasya175: folds 
Uncalled bet ($0.04) returned to radioXhead1
radioXhead1 collected $0.06 from pot
radioXhead1: doesn't show hand 
*** SUMMARY ***
Total pot $0.06 | Rake $0 
Board [Qs 9d 5c]
Seat 1: VagnerAndry folded before Flop (didn't bet)
Seat 2: radioXhead1 collected ($0.06)
Seat 3: Elrus90 folded before Flop (didn't bet)
Seat 4: tati_tao1992 (button) folded before Flop (didn't bet)
Seat 5: Dorex2007 (small blind) folded on the Flop
Seat 6: Vasya175 (big blind) folded on the Flop
Seat 7: Dragut-Reis folded before Flop (didn't bet)
Seat 8: pjm00 folded before Flop (didn't bet)
Seat 9: docthedoc66 folded before Flop (didn't bet)



PokerStars Hand #232149414181:  Hold'em No Limit ($0.01/$0.02 USD) - 2021/12/12 1:14:03 PT [2021/12/12 4:14:03 ET]
Table 'Porzia' 9-max Seat #5 is the button
Seat 1: VagnerAndry ($1.35 in chips) 
Seat 2: radioXhead1 ($0.59 in chips) 
Seat 3: Elrus90 ($3.78 in chips) 
Seat 4: tati_tao1992 ($2.28 in chips) 
Seat 5: Dorex2007 ($2 in chips) 
Seat 6: Vasya175 ($3.85 in chips) 
Seat 7: Dragut-Reis ($2.25 in chips) 
Seat 8: pjm00 ($1.05 in chips) 
Seat 9: docthedoc66 ($2.87 in chips) 
Vasya175: posts small blind $0.01
Dragut-Reis: posts big blind $0.02
*** HOLE CARDS ***
Dealt to Dorex2007 [8s 2c]
pjm00: folds 
docthedoc66: raises $0.04 to $0.06
VagnerAndry: folds 
radioXhead1: calls $0.06
Elrus90: folds 
tati_tao1992: folds 
Dorex2007: folds 
Vasya175: folds 
Dragut-Reis: folds 
*** FLOP *** [Qd 6s 6d]
docthedoc66: checks 
radioXhead1: bets $0.04
docthedoc66: folds 
Uncalled bet ($0.04) returned to radioXhead1
radioXhead1 collected $0.14 from pot
radioXhead1: doesn't show hand 
*** SUMMARY ***
Total pot $0.15 | Rake $0.01 
Board [Qd 6s 6d]
Seat 1: VagnerAndry folded before Flop (didn't bet)
Seat 2: radioXhead1 collected ($0.14)
Seat 3: Elrus90 folded before Flop (didn't bet)
Seat 4: tati_tao1992 folded before Flop (didn't bet)
Seat 5: Dorex2007 (button) folded before Flop (didn't bet)
Seat 6: Vasya175 (small blind) folded before Flop
Seat 7: Dragut-Reis (big blind) folded before Flop
Seat 8: pjm00 folded before Flop (didn't bet)
Seat 9: docthedoc66 folded on the Flop



PokerStars Hand #232149420204:  Hold'em No Limit ($0.01/$0.02 USD) - 2021/12/12 1:14:35 PT [2021/12/12 4:14:35 ET]
Table 'Porzia' 9-max Seat #6 is the button
Seat 1: VagnerAndry ($1.35 in chips) 
Seat 2: radioXhead1 ($0.67 in chips) 
Seat 3: Elrus90 ($3.78 in chips) 
Seat 4: tati_tao1992 ($2.28 in chips) 
Seat 5: Dorex2007 ($2 in chips) 
Seat 6: Vasya175 ($3.84 in chips) 
Seat 7: Dragut-Reis ($2.23 in chips) 
Seat 8: pjm00 ($1.05 in chips) 
Seat 9: docthedoc66 ($2.81 in chips) 
Dragut-Reis: posts small blind $0.01
pjm00: posts big blind $0.02
*** HOLE CARDS ***
Dealt to Dorex2007 [Kc 5d]
docthedoc66: folds 
VagnerAndry: folds 
radioXhead1: calls $0.02
Elrus90: folds 
tati_tao1992: raises $0.06 to $0.08
Dorex2007: folds 
Vasya175: folds 
Dragut-Reis: folds 
pjm00: folds 
radioXhead1: calls $0.06
*** FLOP *** [Jd 4s Jc]
radioXhead1: checks 
tati_tao1992: bets $0.09
radioXhead1: folds 
Uncalled bet ($0.09) returned to tati_tao1992
tati_tao1992 collected $0.18 from pot
tati_tao1992: doesn't show hand 
*** SUMMARY ***
Total pot $0.19 | Rake $0.01 
Board [Jd 4s Jc]
Seat 1: VagnerAndry folded before Flop (didn't bet)
Seat 2: radioXhead1 folded on the Flop
Seat 3: Elrus90 folded before Flop (didn't bet)
Seat 4: tati_tao1992 collected ($0.18)
Seat 5: Dorex2007 folded before Flop (didn't bet)
Seat 6: Vasya175 (button) folded before Flop (didn't bet)
Seat 7: Dragut-Reis (small blind) folded before Flop
Seat 8: pjm00 (big blind) folded before Flop
Seat 9: docthedoc66 folded before Flop (didn't bet)



PokerStars Hand #232149426466:  Hold'em No Limit ($0.01/$0.02 USD) - 2021/12/12 1:15:07 PT [2021/12/12 4:15:07 ET]
Table 'Porzia' 9-max Seat #7 is the button
Seat 1: VagnerAndry ($1.35 in chips) 
Seat 2: radioXhead1 ($0.59 in chips) 
Seat 3: Elrus90 ($3.78 in chips) 
Seat 4: tati_tao1992 ($2.38 in chips) 
Seat 5: Dorex2007 ($2 in chips) 
Seat 6: Vasya175 ($3.84 in chips) 
Seat 7: Dragut-Reis ($2.22 in chips) 
Seat 8: pjm00 ($1.03 in chips) 
Seat 9: docthedoc66 ($2.81 in chips) 
pjm00: posts small blind $0.01
docthedoc66: posts big blind $0.02
*** HOLE CARDS ***
Dealt to Dorex2007 [Qd 4h]
VagnerAndry: folds 
radioXhead1: calls $0.02
Elrus90: folds 
tati_tao1992: folds 
Dorex2007: folds 
Vasya175: calls $0.02
Dragut-Reis: calls $0.02
pjm00: folds 
docthedoc66: checks 
*** FLOP *** [Ad 5h 3c]
docthedoc66: checks 
radioXhead1: checks 
Vasya175: bets $0.05
Dragut-Reis: folds 
docthedoc66: folds 
radioXhead1: calls $0.05
*** TURN *** [Ad 5h 3c] [8s]
radioXhead1: checks 
Vasya175: bets $0.08
radioXhead1: calls $0.08
*** RIVER *** [Ad 5h 3c 8s] [Qs]
radioXhead1: checks 
Vasya175: bets $0.17
radioXhead1: folds 
Uncalled bet ($0.17) returned to Vasya175
Vasya175 collected $0.34 from pot
Vasya175: doesn't show hand 
*** SUMMARY ***
Total pot $0.35 | Rake $0.01 
Board [Ad 5h 3c 8s Qs]
Seat 1: VagnerAndry folded before Flop (didn't bet)
Seat 2: radioXhead1 folded on the River
Seat 3: Elrus90 folded before Flop (didn't bet)
Seat 4: tati_tao1992 folded before Flop (didn't bet)
Seat 5: Dorex2007 folded before Flop (didn't bet)
Seat 6: Vasya175 collected ($0.34)
Seat 7: Dragut-Reis (button) folded on the Flop
Seat 8: pjm00 (small blind) folded before Flop
Seat 9: docthedoc66 (big blind) folded on the Flop



PokerStars Hand #232149436686:  Hold'em No Limit ($0.01/$0.02 USD) - 2021/12/12 1:16:01 PT [2021/12/12 4:16:01 ET]
Table 'Porzia' 9-max Seat #8 is the button
Seat 1: VagnerAndry ($1.35 in chips) 
Seat 3: Elrus90 ($3.78 in chips) 
Seat 4: tati_tao1992 ($2.38 in chips) 
Seat 5: Dorex2007 ($2 in chips) 
Seat 6: Vasya175 ($4.03 in chips) 
Seat 7: Dragut-Reis ($2.20 in chips) 
Seat 8: pjm00 ($1.02 in chips) 
Seat 9: docthedoc66 ($2.79 in chips) 
docthedoc66: posts small blind $0.01
VagnerAndry: posts big blind $0.02
*** HOLE CARDS ***
Dealt to Dorex2007 [4s 5d]
Elrus90: folds 
tati_tao1992: raises $0.04 to $0.06
Dorex2007: folds 
Vasya175: folds 
Dragut-Reis: folds 
pjm00: folds 
docthedoc66: raises $0.06 to $0.12
VagnerAndry: folds 
tati_tao1992: calls $0.06
*** FLOP *** [8d 7h Ac]
docthedoc66: checks 
tati_tao1992: checks 
*** TURN *** [8d 7h Ac] [6c]
docthedoc66: checks 
tati_tao1992: checks 
*** RIVER *** [8d 7h Ac 6c] [Kh]
docthedoc66: checks 
tati_tao1992: checks 
*** SHOW DOWN ***
docthedoc66: shows [Qs Qc] (a pair of Queens)
tati_tao1992: mucks hand 
docthedoc66 collected $0.25 from pot
*** SUMMARY ***
Total pot $0.26 | Rake $0.01 
Board [8d 7h Ac 6c Kh]
Seat 1: VagnerAndry (big blind) folded before Flop
Seat 3: Elrus90 folded before Flop (didn't bet)
Seat 4: tati_tao1992 mucked [9d 9s]
Seat 5: Dorex2007 folded before Flop (didn't bet)
Seat 6: Vasya175 folded before Flop (didn't bet)
Seat 7: Dragut-Reis folded before Flop (didn't bet)
Seat 8: pjm00 (button) folded before Flop (didn't bet)
Seat 9: docthedoc66 (small blind) showed [Qs Qc] and won ($0.25) with a pair of Queens



PokerStars Hand #232149445167:  Hold'em No Limit ($0.01/$0.02 USD) - 2021/12/12 1:16:44 PT [2021/12/12 4:16:44 ET]
Table 'Porzia' 9-max Seat #9 is the button
Seat 1: VagnerAndry ($1.33 in chips) 
Seat 4: tati_tao1992 ($2.26 in chips) 
Seat 5: Dorex2007 ($2 in chips) 
Seat 6: Vasya175 ($4.03 in chips) 
Seat 7: Dragut-Reis ($2.20 in chips) 
Seat 8: pjm00 ($1.02 in chips) 
Seat 9: docthedoc66 ($2.92 in chips) 
VagnerAndry: posts small blind $0.01
Elrus90: is sitting out 
tati_tao1992: posts big blind $0.02
*** HOLE CARDS ***
Dealt to Dorex2007 [2c 8h]
Dorex2007: folds 
Vasya175: calls $0.02
Dragut-Reis: folds 
pjm00: calls $0.02
docthedoc66: folds 
VagnerAndry: folds 
tati_tao1992: checks 
*** FLOP *** [9c 9h 8c]
tati_tao1992: checks 
Vasya175: bets $0.02
pjm00: calls $0.02
tati_tao1992: folds 
*** TURN *** [9c 9h 8c] [4d]
Vasya175: bets $0.02
pjm00: calls $0.02
*** RIVER *** [9c 9h 8c 4d] [2s]
Vasya175: bets $0.02
pjm00: calls $0.02
*** SHOW DOWN ***
Vasya175: shows [Qd 8d] (two pair, Nines and Eights)
pjm00: mucks hand 
Vasya175 collected $0.18 from pot
*** SUMMARY ***
Total pot $0.19 | Rake $0.01 
Board [9c 9h 8c 4d 2s]
Seat 1: VagnerAndry (small blind) folded before Flop
Seat 4: tati_tao1992 (big blind) folded on the Flop
Seat 5: Dorex2007 folded before Flop (didn't bet)
Seat 6: Vasya175 showed [Qd 8d] and won ($0.18) with two pair, Nines and Eights
Seat 7: Dragut-Reis folded before Flop (didn't bet)
Seat 8: pjm00 mucked [7h 7d]
Seat 9: docthedoc66 (button) folded before Flop (didn't bet)



PokerStars Hand #232149453564:  Hold'em No Limit ($0.01/$0.02 USD) - 2021/12/12 1:17:28 PT [2021/12/12 4:17:28 ET]
Table 'Porzia' 9-max Seat #1 is the button
Seat 1: VagnerAndry ($1.32 in chips) 
Seat 4: tati_tao1992 ($2.24 in chips) 
Seat 5: Dorex2007 ($2 in chips) 
Seat 6: Vasya175 ($4.13 in chips) 
Seat 7: Dragut-Reis ($2.20 in chips) 
Seat 8: pjm00 ($0.94 in chips) 
Seat 9: docthedoc66 ($2.92 in chips) 
tati_tao1992: posts small blind $0.01
Dorex2007: posts big blind $0.02
*** HOLE CARDS ***
Dealt to Dorex2007 [4d 5s]
Vasya175: folds 
Dragut-Reis: folds 
pjm00: folds 
docthedoc66: folds 
pjm00 leaves the table
VagnerAndry: folds 
tati_tao1992: folds 
Uncalled bet ($0.01) returned to Dorex2007
Dorex2007 collected $0.02 from pot
Dorex2007: doesn't show hand 
*** SUMMARY ***
Total pot $0.02 | Rake $0 
Seat 1: VagnerAndry (button) folded before Flop (didn't bet)
Seat 4: tati_tao1992 (small blind) folded before Flop
Seat 5: Dorex2007 (big blind) collected ($0.02)
Seat 6: Vasya175 folded before Flop (didn't bet)
Seat 7: Dragut-Reis folded before Flop (didn't bet)
Seat 8: pjm00 folded before Flop (didn't bet)
Seat 9: docthedoc66 folded before Flop (didn't bet)



PokerStars Hand #232149458620:  Hold'em No Limit ($0.01/$0.02 USD) - 2021/12/12 1:17:54 PT [2021/12/12 4:17:54 ET]
Table 'Porzia' 9-max Seat #4 is the button
Seat 1: VagnerAndry ($1.32 in chips) 
Seat 4: tati_tao1992 ($2.23 in chips) 
Seat 5: Dorex2007 ($2.01 in chips) 
Seat 6: Vasya175 ($4.13 in chips) 
Seat 7: Dragut-Reis ($2.20 in chips) 
Seat 9: docthedoc66 ($2.92 in chips) 
Dorex2007: posts small blind $0.01
Vasya175: posts big blind $0.02
*** HOLE CARDS ***
Dealt to Dorex2007 [6d Qs]
Dragut-Reis: folds 
docthedoc66: folds 
VagnerAndry: folds 
tati_tao1992: folds 
Dorex2007: raises $0.02 to $0.04
Vasya175: calls $0.02
*** FLOP *** [4s 8h 2s]
Dorex2007: checks 
Vasya175: bets $0.08
Dorex2007: folds 
Uncalled bet ($0.08) returned to Vasya175
Vasya175 collected $0.08 from pot
Vasya175: doesn't show hand 
*** SUMMARY ***
Total pot $0.08 | Rake $0 
Board [4s 8h 2s]
Seat 1: VagnerAndry folded before Flop (didn't bet)
Seat 4: tati_tao1992 (button) folded before Flop (didn't bet)
Seat 5: Dorex2007 (small blind) folded on the Flop
Seat 6: Vasya175 (big blind) collected ($0.08)
Seat 7: Dragut-Reis folded before Flop (didn't bet)
Seat 9: docthedoc66 folded before Flop (didn't bet)



PokerStars Hand #232149464054:  Hold'em No Limit ($0.01/$0.02 USD) - 2021/12/12 1:18:22 PT [2021/12/12 4:18:22 ET]
Table 'Porzia' 9-max Seat #5 is the button
Seat 1: VagnerAndry ($1.32 in chips) 
Seat 4: tati_tao1992 ($2.23 in chips) 
Seat 5: Dorex2007 ($2 in chips) 
Seat 6: Vasya175 ($4.17 in chips) 
Seat 7: Dragut-Reis ($2.20 in chips) 
Seat 9: docthedoc66 ($2.92 in chips) 
Vasya175: posts small blind $0.01
Dragut-Reis: posts big blind $0.02
*** HOLE CARDS ***
Dealt to Dorex2007 [Tc Qh]
docthedoc66: folds 
VagnerAndry: folds 
tati_tao1992: folds 
Dorex2007: raises $0.02 to $0.04
Vasya175: calls $0.03
Dragut-Reis: folds 
*** FLOP *** [5c 4d 3d]
Vasya175: bets $0.04
Dorex2007: calls $0.04
*** TURN *** [5c 4d 3d] [7d]
VagnerAndry leaves the table
Vasya175: checks 
Dorex2007: bets $0.09
Vasya175: folds 
Uncalled bet ($0.09) returned to Dorex2007
Dorex2007 collected $0.17 from pot
Dorex2007: doesn't show hand 
*** SUMMARY ***
Total pot $0.18 | Rake $0.01 
Board [5c 4d 3d 7d]
Seat 1: VagnerAndry folded before Flop (didn't bet)
Seat 4: tati_tao1992 folded before Flop (didn't bet)
Seat 5: Dorex2007 (button) collected ($0.17)
Seat 6: Vasya175 (small blind) folded on the Turn
Seat 7: Dragut-Reis (big blind) folded before Flop
Seat 9: docthedoc66 folded before Flop (didn't bet)



PokerStars Hand #232149474664:  Hold'em No Limit ($0.01/$0.02 USD) - 2021/12/12 1:19:16 PT [2021/12/12 4:19:16 ET]
Table 'Porzia' 9-max Seat #6 is the button
Seat 4: tati_tao1992 ($2.23 in chips) 
Seat 5: Dorex2007 ($2.09 in chips) 
Seat 6: Vasya175 ($4.09 in chips) 
Seat 7: Dragut-Reis ($2.18 in chips) 
Seat 9: docthedoc66 ($2.92 in chips) 
Dragut-Reis: posts small blind $0.01
docthedoc66: posts big blind $0.02
*** HOLE CARDS ***
Dealt to Dorex2007 [6s Th]
tati_tao1992: folds 
Dorex2007: folds 
Vasya175: raises $0.04 to $0.06
Dragut-Reis: folds 
docthedoc66: folds 
Uncalled bet ($0.04) returned to Vasya175
Vasya175 collected $0.05 from pot
Vasya175: doesn't show hand 
*** SUMMARY ***
Total pot $0.05 | Rake $0 
Seat 4: tati_tao1992 folded before Flop (didn't bet)
Seat 5: Dorex2007 folded before Flop (didn't bet)
Seat 6: Vasya175 (button) collected ($0.05)
Seat 7: Dragut-Reis (small blind) folded before Flop
Seat 9: docthedoc66 (big blind) folded before Flop



PokerStars Hand #232149477216:  Hold'em No Limit ($0.01/$0.02 USD) - 2021/12/12 1:19:29 PT [2021/12/12 4:19:29 ET]
Table 'Porzia' 9-max Seat #7 is the button
Seat 4: tati_tao1992 ($2.23 in chips) 
Seat 5: Dorex2007 ($2.09 in chips) 
Seat 6: Vasya175 ($4.12 in chips) 
Seat 7: Dragut-Reis ($2.17 in chips) 
Seat 9: docthedoc66 ($2.90 in chips) 
docthedoc66: posts small blind $0.01
tati_tao1992: posts big blind $0.02
*** HOLE CARDS ***
Dealt to Dorex2007 [7h 8s]
Dorex2007: folds 
Vasya175: raises $0.02 to $0.04
Dragut-Reis: folds 
docthedoc66: calls $0.03
tati_tao1992: folds 
*** FLOP *** [Ks 5d Ts]
docthedoc66: checks 
tati_tao1992 leaves the table
Vasya175: checks 
*** TURN *** [Ks 5d Ts] [Th]
docthedoc66: bets $0.02
Vasya175: calls $0.02
*** RIVER *** [Ks 5d Ts Th] [Td]
docthedoc66: bets $0.02
Vasya175: calls $0.02
*** SHOW DOWN ***
docthedoc66: shows [Kc Js] (a full house, Tens full of Kings)
Vasya175: mucks hand 
docthedoc66 collected $0.17 from pot
*** SUMMARY ***
Total pot $0.18 | Rake $0.01 
Board [Ks 5d Ts Th Td]
Seat 4: tati_tao1992 (big blind) folded before Flop
Seat 5: Dorex2007 folded before Flop (didn't bet)
Seat 6: Vasya175 mucked [As 3h]
Seat 7: Dragut-Reis (button) folded before Flop (didn't bet)
Seat 9: docthedoc66 (small blind) showed [Kc Js] and won ($0.17) with a full house, Tens full of Kings



PokerStars Hand #232149483575:  Hold'em No Limit ($0.01/$0.02 USD) - 2021/12/12 1:20:00 PT [2021/12/12 4:20:00 ET]
Table 'Porzia' 9-max Seat #9 is the button
Seat 5: Dorex2007 ($2.09 in chips) 
Seat 6: Vasya175 ($4.04 in chips) 
Seat 7: Dragut-Reis ($2.17 in chips) 
Seat 9: docthedoc66 ($2.99 in chips) 
Dorex2007: posts small blind $0.01
Vasya175: posts big blind $0.02
*** HOLE CARDS ***
Dealt to Dorex2007 [Ks 8d]
Dragut-Reis: folds 
docthedoc66: folds 
Dragut-Reis leaves the table
Dorex2007: folds 
Uncalled bet ($0.01) returned to Vasya175
Vasya175 collected $0.02 from pot
Vasya175: doesn't show hand 
*** SUMMARY ***
Total pot $0.02 | Rake $0 
Seat 5: Dorex2007 (small blind) folded before Flop
Seat 6: Vasya175 (big blind) collected ($0.02)
Seat 7: Dragut-Reis folded before Flop (didn't bet)
Seat 9: docthedoc66 (button) folded before Flop (didn't bet)



PokerStars Hand #232149486520:  Hold'em No Limit ($0.01/$0.02 USD) - 2021/12/12 1:20:15 PT [2021/12/12 4:20:15 ET]
Table 'Porzia' 9-max Seat #5 is the button
Seat 5: Dorex2007 ($2.08 in chips) 
Seat 6: Vasya175 ($4.05 in chips) 
Seat 9: docthedoc66 ($2.99 in chips) 
Vasya175: posts small blind $0.01
docthedoc66: posts big blind $0.02
*** HOLE CARDS ***
Dealt to Dorex2007 [9h 8d]
Dorex2007: folds 
Vasya175: folds 
Uncalled bet ($0.01) returned to docthedoc66
docthedoc66 collected $0.02 from pot
docthedoc66: doesn't show hand 
*** SUMMARY ***
Total pot $0.02 | Rake $0 
Seat 5: Dorex2007 (button) folded before Flop (didn't bet)
Seat 6: Vasya175 (small blind) folded before Flop
Seat 9: docthedoc66 (big blind) collected ($0.02)



