PokerStars Hand #227636614086:  Hold'em No Limit ($0.01/$0.02 USD) - 2021/06/16 18:41:38 PT [2021/06/16 21:41:38 ET]
Table 'Juhani' 9-max Seat #2 is the button
Seat 1: gaudenbn ($2 in chips) 
Seat 2: Aaagata ($3.79 in chips) 
Seat 3: YUAN.jr ($2.47 in chips) 
Seat 4: Victor151886 ($2 in chips) 
Seat 6: david84477 ($1.12 in chips) 
Seat 7: jorge171119 ($0.77 in chips) 
Seat 8: Frosty346 ($1.36 in chips) 
Seat 9: Dorex2007 ($2 in chips) 
YUAN.jr: posts small blind $0.01
Victor151886: posts big blind $0.02
Dorex2007: posts big blind $0.02
gaudenbn: posts big blind $0.02
*** HOLE CARDS ***
Dealt to Dorex2007 [4c Qh]
david84477: calls $0.02
jorge171119: raises $0.06 to $0.08
Frosty346: calls $0.08
Dorex2007: folds 
gaudenbn: folds 
Aaagata: folds 
YUAN.jr: calls $0.07
Victor151886: folds 
david84477: calls $0.06
*** FLOP *** [Kh Ac 2h]
YUAN.jr: checks 
gaudenbn leaves the table
david84477: bets $0.37
jorge171119: folds 
Frosty346: raises $0.45 to $0.82
YUAN.jr: folds 
david84477: raises $0.22 to $1.04 and is all-in
Frosty346: calls $0.22
*** TURN *** [Kh Ac 2h] [3s]
*** RIVER *** [Kh Ac 2h 3s] [3d]
*** SHOW DOWN ***
david84477: shows [Jc Ad] (two pair, Aces and Threes)
Frosty346: shows [6h Ah] (two pair, Aces and Threes)
david84477 collected $1.19 from pot
Frosty346 collected $1.18 from pot
*** SUMMARY ***
Total pot $2.46 | Rake $0.09 
Board [Kh Ac 2h 3s 3d]
Seat 1: gaudenbn folded before Flop (didn't bet)
Seat 2: Aaagata (button) folded before Flop (didn't bet)
Seat 3: YUAN.jr (small blind) folded on the Flop
Seat 4: Victor151886 (big blind) folded before Flop
Seat 6: david84477 showed [Jc Ad] and won ($1.19) with two pair, Aces and Threes
Seat 7: jorge171119 folded on the Flop
Seat 8: Frosty346 showed [6h Ah] and won ($1.18) with two pair, Aces and Threes
Seat 9: Dorex2007 folded before Flop (didn't bet)



PokerStars Hand #227636629643:  Hold'em No Limit ($0.01/$0.02 USD) - 2021/06/16 18:42:45 PT [2021/06/16 21:42:45 ET]
Table 'Juhani' 9-max Seat #3 is the button
Seat 2: Aaagata ($3.79 in chips) 
Seat 3: YUAN.jr ($2.39 in chips) 
Seat 4: Victor151886 ($2 in chips) 
Seat 6: david84477 ($1.19 in chips) 
Seat 7: jorge171119 ($0.69 in chips) 
Seat 8: Frosty346 ($1.42 in chips) 
Seat 9: Dorex2007 ($1.98 in chips) 
Victor151886: posts small blind $0.01
david84477: posts big blind $0.02
*** HOLE CARDS ***
Dealt to Dorex2007 [3c 7c]
jorge171119: calls $0.02
Frosty346: folds 
Dorex2007: folds 
Aaagata: folds 
YUAN.jr: folds 
Victor151886: folds 
david84477: checks 
*** FLOP *** [8c 6s 3d]
david84477: checks 
jorge171119: bets $0.04
david84477: calls $0.04
*** TURN *** [8c 6s 3d] [9h]
david84477: checks 
jorge171119: bets $0.04
david84477: folds 
Uncalled bet ($0.04) returned to jorge171119
jorge171119 collected $0.13 from pot
jorge171119: doesn't show hand 
*** SUMMARY ***
Total pot $0.13 | Rake $0 
Board [8c 6s 3d 9h]
Seat 2: Aaagata folded before Flop (didn't bet)
Seat 3: YUAN.jr (button) folded before Flop (didn't bet)
Seat 4: Victor151886 (small blind) folded before Flop
Seat 6: david84477 (big blind) folded on the Turn
Seat 7: jorge171119 collected ($0.13)
Seat 8: Frosty346 folded before Flop (didn't bet)
Seat 9: Dorex2007 folded before Flop (didn't bet)



PokerStars Hand #227636638694:  Hold'em No Limit ($0.01/$0.02 USD) - 2021/06/16 18:43:24 PT [2021/06/16 21:43:24 ET]
Table 'Juhani' 9-max Seat #4 is the button
Seat 2: Aaagata ($3.79 in chips) 
Seat 3: YUAN.jr ($2.39 in chips) 
Seat 4: Victor151886 ($2 in chips) 
Seat 6: david84477 ($1.13 in chips) 
Seat 7: jorge171119 ($0.76 in chips) 
Seat 8: Frosty346 ($1.42 in chips) 
Seat 9: Dorex2007 ($1.98 in chips) 
david84477: posts small blind $0.01
jorge171119: posts big blind $0.02
*** HOLE CARDS ***
Dealt to Dorex2007 [7s Jh]
Frosty346: folds 
Dorex2007: folds 
Aaagata: folds 
YUAN.jr: raises $0.05 to $0.07
Victor151886: calls $0.07
david84477: calls $0.06
jorge171119: calls $0.05
*** FLOP *** [6s 4d 5h]
david84477: checks 
jorge171119: bets $0.10
YUAN.jr: calls $0.10
Victor151886: calls $0.10
david84477: folds 
*** TURN *** [6s 4d 5h] [4c]
jorge171119: bets $0.28
YUAN.jr: folds 
Victor151886: folds 
Uncalled bet ($0.28) returned to jorge171119
jorge171119 collected $0.56 from pot
jorge171119: doesn't show hand 
*** SUMMARY ***
Total pot $0.58 | Rake $0.02 
Board [6s 4d 5h 4c]
Seat 2: Aaagata folded before Flop (didn't bet)
Seat 3: YUAN.jr folded on the Turn
Seat 4: Victor151886 (button) folded on the Turn
Seat 6: david84477 (small blind) folded on the Flop
Seat 7: jorge171119 (big blind) collected ($0.56)
Seat 8: Frosty346 folded before Flop (didn't bet)
Seat 9: Dorex2007 folded before Flop (didn't bet)



PokerStars Hand #227636663983:  Hold'em No Limit ($0.01/$0.02 USD) - 2021/06/16 18:44:27 PT [2021/06/16 21:44:27 ET]
Table 'Juhani' 9-max Seat #6 is the button
Seat 2: Aaagata ($3.79 in chips) 
Seat 3: YUAN.jr ($2.22 in chips) 
Seat 4: Victor151886 ($2 in chips) 
Seat 6: david84477 ($1.06 in chips) 
Seat 7: jorge171119 ($1.15 in chips) 
Seat 8: Frosty346 ($1.42 in chips) 
Seat 9: Dorex2007 ($1.98 in chips) 
jorge171119: posts small blind $0.01
Frosty346: posts big blind $0.02
DAMAGER99: sits out 
*** HOLE CARDS ***
Dealt to Dorex2007 [9c Jh]
Dorex2007: folds 
Aaagata: folds 
YUAN.jr: raises $0.05 to $0.07
Victor151886: folds 
david84477: calls $0.07
jorge171119: calls $0.06
Frosty346: folds 
*** FLOP *** [2c 8c 5c]
jorge171119: checks 
YUAN.jr: bets $0.11
david84477: calls $0.11
jorge171119: calls $0.11
*** TURN *** [2c 8c 5c] [Jd]
jorge171119: checks 
YUAN.jr: checks 
david84477: bets $0.54
jorge171119: folds 
YUAN.jr: folds 
Uncalled bet ($0.54) returned to david84477
david84477 collected $0.54 from pot
david84477: doesn't show hand 
*** SUMMARY ***
Total pot $0.56 | Rake $0.02 
Board [2c 8c 5c Jd]
Seat 2: Aaagata folded before Flop (didn't bet)
Seat 3: YUAN.jr folded on the Turn
Seat 4: Victor151886 folded before Flop (didn't bet)
Seat 6: david84477 (button) collected ($0.54)
Seat 7: jorge171119 (small blind) folded on the Turn
Seat 8: Frosty346 (big blind) folded before Flop
Seat 9: Dorex2007 folded before Flop (didn't bet)



PokerStars Hand #227636677250:  Hold'em No Limit ($0.01/$0.02 USD) - 2021/06/16 18:45:24 PT [2021/06/16 21:45:24 ET]
Table 'Juhani' 9-max Seat #7 is the button
Seat 2: Aaagata ($3.79 in chips) 
Seat 3: YUAN.jr ($2.04 in chips) 
Seat 4: Victor151886 ($2 in chips) 
Seat 6: david84477 ($1.42 in chips) 
Seat 7: jorge171119 ($0.97 in chips) 
Seat 8: Frosty346 ($1.40 in chips) 
Seat 9: Dorex2007 ($1.98 in chips) 
Frosty346: posts small blind $0.01
Dorex2007: posts big blind $0.02
DAMAGER99: sits out 
*** HOLE CARDS ***
Dealt to Dorex2007 [9h 5s]
Aaagata: folds 
YUAN.jr: calls $0.02
Victor151886: folds 
david84477: calls $0.02
jorge171119: folds 
Frosty346: calls $0.01
Dorex2007: checks 
*** FLOP *** [8h Th 8d]
Frosty346: checks 
Dorex2007: checks 
YUAN.jr: checks 
david84477: checks 
*** TURN *** [8h Th 8d] [5h]
Frosty346: checks 
Dorex2007: checks 
YUAN.jr: checks 
david84477: bets $0.06
Frosty346: folds 
Dorex2007: folds 
YUAN.jr: folds 
Uncalled bet ($0.06) returned to david84477
david84477 collected $0.08 from pot
david84477: doesn't show hand 
*** SUMMARY ***
Total pot $0.08 | Rake $0 
Board [8h Th 8d 5h]
Seat 2: Aaagata folded before Flop (didn't bet)
Seat 3: YUAN.jr folded on the Turn
Seat 4: Victor151886 folded before Flop (didn't bet)
Seat 6: david84477 collected ($0.08)
Seat 7: jorge171119 (button) folded before Flop (didn't bet)
Seat 8: Frosty346 (small blind) folded on the Turn
Seat 9: Dorex2007 (big blind) folded on the Turn



PokerStars Hand #227636688635:  Hold'em No Limit ($0.01/$0.02 USD) - 2021/06/16 18:46:13 PT [2021/06/16 21:46:13 ET]
Table 'Juhani' 9-max Seat #8 is the button
Seat 2: Aaagata ($3.79 in chips) 
Seat 3: YUAN.jr ($2.02 in chips) 
Seat 4: Victor151886 ($2 in chips) 
Seat 6: david84477 ($1.48 in chips) 
Seat 7: jorge171119 ($0.97 in chips) 
Seat 8: Frosty346 ($1.38 in chips) 
Seat 9: Dorex2007 ($1.96 in chips) 
Dorex2007: posts small blind $0.01
Aaagata: posts big blind $0.02
DAMAGER99: sits out 
*** HOLE CARDS ***
Dealt to Dorex2007 [7s 5h]
YUAN.jr: folds 
Victor151886: folds 
david84477: folds 
jorge171119: raises $0.06 to $0.08
pablomonzo joins the table at seat #1 
Frosty346: folds 
Dorex2007: folds 
Aaagata: folds 
Uncalled bet ($0.06) returned to jorge171119
jorge171119 collected $0.05 from pot
jorge171119: doesn't show hand 
*** SUMMARY ***
Total pot $0.05 | Rake $0 
Seat 2: Aaagata (big blind) folded before Flop
Seat 3: YUAN.jr folded before Flop (didn't bet)
Seat 4: Victor151886 folded before Flop (didn't bet)
Seat 6: david84477 folded before Flop (didn't bet)
Seat 7: jorge171119 collected ($0.05)
Seat 8: Frosty346 (button) folded before Flop (didn't bet)
Seat 9: Dorex2007 (small blind) folded before Flop



PokerStars Hand #227636693194:  Hold'em No Limit ($0.01/$0.02 USD) - 2021/06/16 18:46:32 PT [2021/06/16 21:46:32 ET]
Table 'Juhani' 9-max Seat #9 is the button
Seat 2: Aaagata ($3.77 in chips) 
Seat 3: YUAN.jr ($2.02 in chips) 
Seat 4: Victor151886 ($2 in chips) 
Seat 6: david84477 ($1.48 in chips) 
Seat 7: jorge171119 ($1 in chips) 
Seat 8: Frosty346 ($1.38 in chips) 
Seat 9: Dorex2007 ($1.95 in chips) 
Aaagata: posts small blind $0.01
YUAN.jr: posts big blind $0.02
DAMAGER99: sits out 
*** HOLE CARDS ***
Dealt to Dorex2007 [6d 2h]
Victor151886: raises $0.04 to $0.06
david84477: folds 
jorge171119: calls $0.06
Frosty346: folds 
Dorex2007: folds 
Aaagata: folds 
YUAN.jr: calls $0.04
*** FLOP *** [5c 5h Kh]
YUAN.jr: checks 
Victor151886: bets $0.09
jorge171119: calls $0.09
YUAN.jr: folds 
*** TURN *** [5c 5h Kh] [Ah]
Victor151886: checks 
jorge171119: checks 
*** RIVER *** [5c 5h Kh Ah] [2d]
Victor151886: bets $0.18
jorge171119: calls $0.18
*** SHOW DOWN ***
Victor151886: shows [8c 8d] (two pair, Eights and Fives)
jorge171119: shows [Ks 7s] (two pair, Kings and Fives)
jorge171119 collected $0.70 from pot
*** SUMMARY ***
Total pot $0.73 | Rake $0.03 
Board [5c 5h Kh Ah 2d]
Seat 2: Aaagata (small blind) folded before Flop
Seat 3: YUAN.jr (big blind) folded on the Flop
Seat 4: Victor151886 showed [8c 8d] and lost with two pair, Eights and Fives
Seat 6: david84477 folded before Flop (didn't bet)
Seat 7: jorge171119 showed [Ks 7s] and won ($0.70) with two pair, Kings and Fives
Seat 8: Frosty346 folded before Flop (didn't bet)
Seat 9: Dorex2007 (button) folded before Flop (didn't bet)



PokerStars Hand #227636706185:  Hold'em No Limit ($0.01/$0.02 USD) - 2021/06/16 18:47:27 PT [2021/06/16 21:47:27 ET]
Table 'Juhani' 9-max Seat #2 is the button
Seat 1: pablomonzo ($0.96 in chips) 
Seat 2: Aaagata ($3.76 in chips) 
Seat 3: YUAN.jr ($1.96 in chips) 
Seat 4: Victor151886 ($2 in chips) 
Seat 5: DAMAGER99 ($2 in chips) 
Seat 6: david84477 ($1.48 in chips) 
Seat 7: jorge171119 ($1.37 in chips) 
Seat 8: Frosty346 ($1.38 in chips) 
Seat 9: Dorex2007 ($1.95 in chips) 
YUAN.jr: posts small blind $0.01
Victor151886: posts big blind $0.02
DAMAGER99: posts small & big blinds $0.03
pablomonzo: posts big blind $0.02
*** HOLE CARDS ***
Dealt to Dorex2007 [6h 6s]
DAMAGER99: checks 
david84477: folds 
jorge171119: calls $0.02
Frosty346: folds 
Dorex2007: calls $0.02
pablomonzo: checks 
Aaagata: folds 
YUAN.jr: calls $0.01
Victor151886: checks 
*** FLOP *** [Th Qs 4h]
YUAN.jr: checks 
Victor151886: checks 
DAMAGER99: checks 
jorge171119: bets $0.04
Dorex2007: folds 
pablomonzo: folds 
YUAN.jr: calls $0.04
Victor151886: folds 
DAMAGER99: folds 
*** TURN *** [Th Qs 4h] [5c]
YUAN.jr: checks 
Victor151886 leaves the table
jorge171119: bets $0.10
YUAN.jr: folds 
Uncalled bet ($0.10) returned to jorge171119
jorge171119 collected $0.20 from pot
jorge171119: doesn't show hand 
*** SUMMARY ***
Total pot $0.21 | Rake $0.01 
Board [Th Qs 4h 5c]
Seat 1: pablomonzo folded on the Flop (didn't bet)
Seat 2: Aaagata (button) folded before Flop (didn't bet)
Seat 3: YUAN.jr (small blind) folded on the Turn
Seat 4: Victor151886 (big blind) folded on the Flop
Seat 5: DAMAGER99 folded on the Flop (didn't bet)
Seat 6: david84477 folded before Flop (didn't bet)
Seat 7: jorge171119 collected ($0.20)
Seat 8: Frosty346 folded before Flop (didn't bet)
Seat 9: Dorex2007 folded on the Flop



PokerStars Hand #227636719637:  Hold'em No Limit ($0.01/$0.02 USD) - 2021/06/16 18:48:25 PT [2021/06/16 21:48:25 ET]
Table 'Juhani' 9-max Seat #3 is the button
Seat 1: pablomonzo ($0.94 in chips) 
Seat 2: Aaagata ($3.76 in chips) 
Seat 3: YUAN.jr ($1.90 in chips) 
Seat 5: DAMAGER99 ($1.97 in chips) 
Seat 6: david84477 ($1.48 in chips) 
Seat 7: jorge171119 ($1.51 in chips) 
Seat 8: Frosty346 ($1.38 in chips) 
Seat 9: Dorex2007 ($1.93 in chips) 
DAMAGER99: posts small blind $0.01
david84477: posts big blind $0.02
*** HOLE CARDS ***
Dealt to Dorex2007 [2h Ah]
jorge171119: calls $0.02
Frosty346: folds 
Dorex2007: folds 
pablomonzo: calls $0.02
Aaagata: calls $0.02
YUAN.jr: calls $0.02
DAMAGER99: folds 
david84477: checks 
*** FLOP *** [3c 6d 4s]
JohnyB1111 joins the table at seat #4 
david84477: checks 
jorge171119: checks 
pablomonzo: checks 
Aaagata: bets $0.07
YUAN.jr: calls $0.07
david84477: folds 
jorge171119: folds 
pablomonzo: folds 
*** TURN *** [3c 6d 4s] [4h]
Aaagata: bets $0.12
YUAN.jr: folds 
Uncalled bet ($0.12) returned to Aaagata
Aaagata collected $0.24 from pot
Aaagata: doesn't show hand 
*** SUMMARY ***
Total pot $0.25 | Rake $0.01 
Board [3c 6d 4s 4h]
Seat 1: pablomonzo folded on the Flop
Seat 2: Aaagata collected ($0.24)
Seat 3: YUAN.jr (button) folded on the Turn
Seat 5: DAMAGER99 (small blind) folded before Flop
Seat 6: david84477 (big blind) folded on the Flop
Seat 7: jorge171119 folded on the Flop
Seat 8: Frosty346 folded before Flop (didn't bet)
Seat 9: Dorex2007 folded before Flop (didn't bet)



PokerStars Hand #227636739868:  Hold'em No Limit ($0.01/$0.02 USD) - 2021/06/16 18:49:34 PT [2021/06/16 21:49:34 ET]
Table 'Juhani' 9-max Seat #5 is the button
Seat 1: pablomonzo ($0.92 in chips) 
Seat 2: Aaagata ($3.91 in chips) 
Seat 3: YUAN.jr ($1.81 in chips) 
Seat 4: JohnyB1111 ($2 in chips) 
Seat 5: DAMAGER99 ($1.96 in chips) 
Seat 6: david84477 ($1.46 in chips) 
Seat 7: jorge171119 ($1.49 in chips) 
Seat 8: Frosty346 ($1.38 in chips) 
Seat 9: Dorex2007 ($1.93 in chips) 
david84477: posts small blind $0.01
jorge171119: posts big blind $0.02
JohnyB1111: posts big blind $0.02
*** HOLE CARDS ***
Dealt to Dorex2007 [Qh 2c]
Frosty346: folds 
Dorex2007: folds 
pablomonzo: calls $0.02
Aaagata: folds 
YUAN.jr: calls $0.02
JohnyB1111: raises $0.10 to $0.12
DAMAGER99: folds 
david84477: folds 
jorge171119: folds 
pablomonzo: folds 
YUAN.jr: calls $0.10
*** FLOP *** [7s 8c 6h]
YUAN.jr: checks 
JohnyB1111: checks 
*** TURN *** [7s 8c 6h] [9d]
YUAN.jr: checks 
JohnyB1111: bets $0.12
YUAN.jr: folds 
Uncalled bet ($0.12) returned to JohnyB1111
JohnyB1111 collected $0.28 from pot
JohnyB1111: doesn't show hand 
*** SUMMARY ***
Total pot $0.29 | Rake $0.01 
Board [7s 8c 6h 9d]
Seat 1: pablomonzo folded before Flop
Seat 2: Aaagata folded before Flop (didn't bet)
Seat 3: YUAN.jr folded on the Turn
Seat 4: JohnyB1111 collected ($0.28)
Seat 5: DAMAGER99 (button) folded before Flop (didn't bet)
Seat 6: david84477 (small blind) folded before Flop
Seat 7: jorge171119 (big blind) folded before Flop
Seat 8: Frosty346 folded before Flop (didn't bet)
Seat 9: Dorex2007 folded before Flop (didn't bet)



PokerStars Hand #227636764640:  Hold'em No Limit ($0.01/$0.02 USD) - 2021/06/16 18:50:42 PT [2021/06/16 21:50:42 ET]
Table 'Juhani' 9-max Seat #6 is the button
Seat 1: pablomonzo ($0.90 in chips) 
Seat 2: Aaagata ($3.91 in chips) 
Seat 3: YUAN.jr ($1.69 in chips) 
Seat 4: JohnyB1111 ($2.16 in chips) 
Seat 5: DAMAGER99 ($1.96 in chips) 
Seat 6: david84477 ($1.45 in chips) 
Seat 7: jorge171119 ($1.47 in chips) 
Seat 8: Frosty346 ($1.38 in chips) 
Seat 9: Dorex2007 ($1.93 in chips) 
jorge171119: posts small blind $0.01
Frosty346: posts big blind $0.02
*** HOLE CARDS ***
Dealt to Dorex2007 [Ks 6h]
Dorex2007: folds 
pablomonzo: calls $0.02
Aaagata: folds 
YUAN.jr: folds 
JohnyB1111: folds 
DAMAGER99: calls $0.02
david84477: calls $0.02
jorge171119: calls $0.01
Frosty346: checks 
*** FLOP *** [4h 2d 7d]
jorge171119: checks 
Frosty346: bets $0.04
pablomonzo: folds 
DAMAGER99: folds 
david84477: calls $0.04
jorge171119: folds 
*** TURN *** [4h 2d 7d] [Kc]
Frosty346: checks 
david84477: checks 
*** RIVER *** [4h 2d 7d Kc] [Ah]
Frosty346: checks 
david84477: bets $0.17
Frosty346: folds 
Uncalled bet ($0.17) returned to david84477
david84477 collected $0.17 from pot
david84477: doesn't show hand 
*** SUMMARY ***
Total pot $0.18 | Rake $0.01 
Board [4h 2d 7d Kc Ah]
Seat 1: pablomonzo folded on the Flop
Seat 2: Aaagata folded before Flop (didn't bet)
Seat 3: YUAN.jr folded before Flop (didn't bet)
Seat 4: JohnyB1111 folded before Flop (didn't bet)
Seat 5: DAMAGER99 folded on the Flop
Seat 6: david84477 (button) collected ($0.17)
Seat 7: jorge171119 (small blind) folded on the Flop
Seat 8: Frosty346 (big blind) folded on the River
Seat 9: Dorex2007 folded before Flop (didn't bet)



PokerStars Hand #227636782649:  Hold'em No Limit ($0.01/$0.02 USD) - 2021/06/16 18:51:59 PT [2021/06/16 21:51:59 ET]
Table 'Juhani' 9-max Seat #7 is the button
Seat 1: pablomonzo ($0.88 in chips) 
Seat 2: Aaagata ($3.91 in chips) 
Seat 3: YUAN.jr ($1.69 in chips) 
Seat 4: JohnyB1111 ($2.16 in chips) 
Seat 5: DAMAGER99 ($1.94 in chips) 
Seat 6: david84477 ($1.56 in chips) 
Seat 7: jorge171119 ($1.45 in chips) 
Seat 8: Frosty346 ($1.32 in chips) 
Seat 9: Dorex2007 ($1.93 in chips) 
Frosty346: posts small blind $0.01
Dorex2007: posts big blind $0.02
*** HOLE CARDS ***
Dealt to Dorex2007 [Qc 5h]
pablomonzo: calls $0.02
Aaagata: folds 
YUAN.jr: folds 
JohnyB1111: raises $0.04 to $0.06
DAMAGER99: folds 
david84477: calls $0.06
jorge171119: raises $0.20 to $0.26
Frosty346: folds 
Dorex2007: folds 
pablomonzo: folds 
JohnyB1111: folds 
david84477: folds [9d 9c]
Uncalled bet ($0.20) returned to jorge171119
jorge171119 collected $0.23 from pot
jorge171119: doesn't show hand 
*** SUMMARY ***
Total pot $0.23 | Rake $0 
Seat 1: pablomonzo folded before Flop
Seat 2: Aaagata folded before Flop (didn't bet)
Seat 3: YUAN.jr folded before Flop (didn't bet)
Seat 4: JohnyB1111 folded before Flop
Seat 5: DAMAGER99 folded before Flop (didn't bet)
Seat 6: david84477 folded before Flop
Seat 7: jorge171119 (button) collected ($0.23)
Seat 8: Frosty346 (small blind) folded before Flop
Seat 9: Dorex2007 (big blind) folded before Flop



PokerStars Hand #227636796336:  Hold'em No Limit ($0.01/$0.02 USD) - 2021/06/16 18:52:58 PT [2021/06/16 21:52:58 ET]
Table 'Juhani' 9-max Seat #8 is the button
Seat 1: pablomonzo ($0.86 in chips) 
Seat 2: Aaagata ($3.91 in chips) 
Seat 3: YUAN.jr ($1.69 in chips) 
Seat 4: JohnyB1111 ($2.10 in chips) 
Seat 5: DAMAGER99 ($1.94 in chips) 
Seat 6: david84477 ($1.50 in chips) 
Seat 7: jorge171119 ($1.62 in chips) 
Seat 8: Frosty346 ($1.31 in chips) 
Seat 9: Dorex2007 ($1.91 in chips) 
Dorex2007: posts small blind $0.01
pablomonzo: posts big blind $0.02
*** HOLE CARDS ***
Dealt to Dorex2007 [Jd 4h]
Aaagata: folds 
YUAN.jr: folds 
JohnyB1111: raises $0.04 to $0.06
jorge171119 said, "QQ"
DAMAGER99: folds 
david84477: folds 
jorge171119: calls $0.06
Frosty346: folds 
Dorex2007: folds 
pablomonzo: calls $0.04
*** FLOP *** [Ts 4d Qd]
pablomonzo: bets $0.02
JohnyB1111: raises $0.11 to $0.13
jorge171119: folds 
pablomonzo: calls $0.11
*** TURN *** [Ts 4d Qd] [5h]
pablomonzo: bets $0.16
JohnyB1111: folds 
Uncalled bet ($0.16) returned to pablomonzo
pablomonzo collected $0.43 from pot
pablomonzo: doesn't show hand 
*** SUMMARY ***
Total pot $0.45 | Rake $0.02 
Board [Ts 4d Qd 5h]
Seat 1: pablomonzo (big blind) collected ($0.43)
Seat 2: Aaagata folded before Flop (didn't bet)
Seat 3: YUAN.jr folded before Flop (didn't bet)
Seat 4: JohnyB1111 folded on the Turn
Seat 5: DAMAGER99 folded before Flop (didn't bet)
Seat 6: david84477 folded before Flop (didn't bet)
Seat 7: jorge171119 folded on the Flop
Seat 8: Frosty346 (button) folded before Flop (didn't bet)
Seat 9: Dorex2007 (small blind) folded before Flop



PokerStars Hand #227636812017:  Hold'em No Limit ($0.01/$0.02 USD) - 2021/06/16 18:54:06 PT [2021/06/16 21:54:06 ET]
Table 'Juhani' 9-max Seat #9 is the button
Seat 1: pablomonzo ($1.10 in chips) 
Seat 3: YUAN.jr ($1.69 in chips) 
Seat 4: JohnyB1111 ($1.91 in chips) 
Seat 5: DAMAGER99 ($1.94 in chips) 
Seat 6: david84477 ($1.50 in chips) 
Seat 7: jorge171119 ($1.56 in chips) 
Seat 8: Frosty346 ($1.31 in chips) 
Seat 9: Dorex2007 ($1.90 in chips) 
pablomonzo: posts small blind $0.01
YUAN.jr: posts big blind $0.02
*** HOLE CARDS ***
Dealt to Dorex2007 [9h 6h]
JohnyB1111 has timed out
JohnyB1111: folds 
DAMAGER99: folds 
david84477 has timed out
david84477: folds 
jorge171119: calls $0.02
Frosty346: calls $0.02
Dorex2007: folds 
pablomonzo: calls $0.01
YUAN.jr: checks 
*** FLOP *** [Ac 7s Qc]
pablomonzo: checks 
YUAN.jr: checks 
jorge171119: bets $0.04
Frosty346: calls $0.04
pablomonzo: folds 
YUAN.jr: folds 
*** TURN *** [Ac 7s Qc] [2s]
jorge171119: bets $0.06
pablomonzo leaves the table
Frosty346: calls $0.06
*** RIVER *** [Ac 7s Qc 2s] [4h]
jorge171119: checks 
Frosty346: checks 
*** SHOW DOWN ***
jorge171119: shows [8c Tc] (high card Ace)
Frosty346: shows [9c Qh] (a pair of Queens)
Frosty346 collected $0.27 from pot
*** SUMMARY ***
Total pot $0.28 | Rake $0.01 
Board [Ac 7s Qc 2s 4h]
Seat 1: pablomonzo (small blind) folded on the Flop
Seat 3: YUAN.jr (big blind) folded on the Flop
Seat 4: JohnyB1111 folded before Flop (didn't bet)
Seat 5: DAMAGER99 folded before Flop (didn't bet)
Seat 6: david84477 folded before Flop (didn't bet)
Seat 7: jorge171119 showed [8c Tc] and lost with high card Ace
Seat 8: Frosty346 showed [9c Qh] and won ($0.27) with a pair of Queens
Seat 9: Dorex2007 (button) folded before Flop (didn't bet)



PokerStars Hand #227636827373:  Hold'em No Limit ($0.01/$0.02 USD) - 2021/06/16 18:55:16 PT [2021/06/16 21:55:16 ET]
Table 'Juhani' 9-max Seat #3 is the button
Seat 2: Aaagata ($3.91 in chips) 
Seat 3: YUAN.jr ($1.67 in chips) 
Seat 4: JohnyB1111 ($1.91 in chips) 
Seat 5: DAMAGER99 ($1.94 in chips) 
Seat 6: david84477 ($1.50 in chips) 
Seat 7: jorge171119 ($1.44 in chips) 
Seat 8: Frosty346 ($1.46 in chips) 
Seat 9: Dorex2007 ($1.90 in chips) 
JohnyB1111: posts small blind $0.01
DAMAGER99: posts big blind $0.02
Aaagata: posts big blind $0.02
*** HOLE CARDS ***
Dealt to Dorex2007 [6s 8h]
david84477: folds 
jorge171119: calls $0.02
Frosty346: calls $0.02
Dorex2007: folds 
Aaagata: checks 
YUAN.jr: calls $0.02
JohnyB1111: folds 
DAMAGER99: checks 
*** FLOP *** [Qs 4d Jd]
DAMAGER99: checks 
jorge171119: bets $0.05
Frosty346: folds 
Aaagata: folds 
YUAN.jr: folds 
DAMAGER99: folds 
Uncalled bet ($0.05) returned to jorge171119
jorge171119 collected $0.11 from pot
jorge171119: doesn't show hand 
*** SUMMARY ***
Total pot $0.11 | Rake $0 
Board [Qs 4d Jd]
Seat 2: Aaagata folded on the Flop (didn't bet)
Seat 3: YUAN.jr (button) folded on the Flop
Seat 4: JohnyB1111 (small blind) folded before Flop
Seat 5: DAMAGER99 (big blind) folded on the Flop
Seat 6: david84477 folded before Flop (didn't bet)
Seat 7: jorge171119 collected ($0.11)
Seat 8: Frosty346 folded on the Flop
Seat 9: Dorex2007 folded before Flop (didn't bet)



PokerStars Hand #227636834524:  Hold'em No Limit ($0.01/$0.02 USD) - 2021/06/16 18:55:56 PT [2021/06/16 21:55:56 ET]
Table 'Juhani' 9-max Seat #4 is the button
Seat 2: Aaagata ($3.89 in chips) 
Seat 3: YUAN.jr ($1.65 in chips) 
Seat 4: JohnyB1111 ($1.90 in chips) 
Seat 5: DAMAGER99 ($1.92 in chips) 
Seat 6: david84477 ($1.50 in chips) 
Seat 7: jorge171119 ($1.53 in chips) 
Seat 8: Frosty346 ($1.44 in chips) 
Seat 9: Dorex2007 ($1.90 in chips) 
DAMAGER99: posts small blind $0.01
david84477: posts big blind $0.02
*** HOLE CARDS ***
Dealt to Dorex2007 [Ts 2h]
jorge171119: calls $0.02
Frosty346: folds 
adam1xavier joins the table at seat #1 
Dorex2007: folds 
Aaagata: folds 
YUAN.jr: calls $0.02
JohnyB1111: folds 
DAMAGER99: folds 
david84477: checks 
*** FLOP *** [Kh 6c 7c]
david84477: checks 
jorge171119: checks 
YUAN.jr: bets $0.07
david84477: folds 
jorge171119: folds 
Uncalled bet ($0.07) returned to YUAN.jr
YUAN.jr collected $0.07 from pot
*** SUMMARY ***
Total pot $0.07 | Rake $0 
Board [Kh 6c 7c]
Seat 2: Aaagata folded before Flop (didn't bet)
Seat 3: YUAN.jr collected ($0.07)
Seat 4: JohnyB1111 (button) folded before Flop (didn't bet)
Seat 5: DAMAGER99 (small blind) folded before Flop
Seat 6: david84477 (big blind) folded on the Flop
Seat 7: jorge171119 folded on the Flop
Seat 8: Frosty346 folded before Flop (didn't bet)
Seat 9: Dorex2007 folded before Flop (didn't bet)



PokerStars Hand #227636842183:  Hold'em No Limit ($0.01/$0.02 USD) - 2021/06/16 18:56:22 PT [2021/06/16 21:56:22 ET]
Table 'Juhani' 9-max Seat #5 is the button
Seat 2: Aaagata ($3.89 in chips) 
Seat 3: YUAN.jr ($1.70 in chips) 
Seat 4: JohnyB1111 ($1.90 in chips) 
Seat 5: DAMAGER99 ($1.91 in chips) 
Seat 6: david84477 ($1.48 in chips) 
Seat 7: jorge171119 ($1.51 in chips) 
Seat 8: Frosty346 ($1.44 in chips) 
Seat 9: Dorex2007 ($1.90 in chips) 
david84477: posts small blind $0.01
jorge171119: posts big blind $0.02
adam1xavier: sits out 
*** HOLE CARDS ***
Dealt to Dorex2007 [3s Jc]
Frosty346: folds 
Dorex2007: folds 
Aaagata: folds 
YUAN.jr: calls $0.02
JohnyB1111: raises $0.07 to $0.09
DAMAGER99: folds 
david84477: calls $0.08
jorge171119: folds 
YUAN.jr: calls $0.07
*** FLOP *** [5d 6s Kh]
david84477: bets $0.02
YUAN.jr: calls $0.02
JohnyB1111: calls $0.02
*** TURN *** [5d 6s Kh] [Jd]
david84477: bets $0.04
YUAN.jr: calls $0.04
JohnyB1111: calls $0.04
*** RIVER *** [5d 6s Kh Jd] [Qs]
david84477: bets $0.45
YUAN.jr: folds 
JohnyB1111: folds 
Uncalled bet ($0.45) returned to david84477
david84477 collected $0.45 from pot
david84477: doesn't show hand 
*** SUMMARY ***
Total pot $0.47 | Rake $0.02 
Board [5d 6s Kh Jd Qs]
Seat 2: Aaagata folded before Flop (didn't bet)
Seat 3: YUAN.jr folded on the River
Seat 4: JohnyB1111 folded on the River
Seat 5: DAMAGER99 (button) folded before Flop (didn't bet)
Seat 6: david84477 (small blind) collected ($0.45)
Seat 7: jorge171119 (big blind) folded before Flop
Seat 8: Frosty346 folded before Flop (didn't bet)
Seat 9: Dorex2007 folded before Flop (didn't bet)



PokerStars Hand #227636854290:  Hold'em No Limit ($0.01/$0.02 USD) - 2021/06/16 18:57:28 PT [2021/06/16 21:57:28 ET]
Table 'Juhani' 9-max Seat #6 is the button
Seat 2: Aaagata ($3.89 in chips) 
Seat 3: YUAN.jr ($1.55 in chips) 
Seat 4: JohnyB1111 ($1.75 in chips) 
Seat 5: DAMAGER99 ($1.91 in chips) 
Seat 6: david84477 ($1.78 in chips) 
Seat 7: jorge171119 ($1.49 in chips) 
Seat 8: Frosty346 ($1.44 in chips) 
Seat 9: Dorex2007 ($1.90 in chips) 
jorge171119: posts small blind $0.01
Frosty346: posts big blind $0.02
adam1xavier: sits out 
*** HOLE CARDS ***
Dealt to Dorex2007 [5c 2s]
Dorex2007: folds 
Aaagata: folds 
YUAN.jr: folds 
JohnyB1111: raises $0.04 to $0.06
DAMAGER99: folds 
david84477: folds 
jorge171119: calls $0.05
Frosty346: calls $0.04
*** FLOP *** [9h 6h 2h]
jorge171119: checks 
Frosty346: bets $0.06
JohnyB1111: raises $0.29 to $0.35
jorge171119: folds 
Frosty346: calls $0.29
*** TURN *** [9h 6h 2h] [6d]
Frosty346: checks 
JohnyB1111: checks 
*** RIVER *** [9h 6h 2h 6d] [Qd]
Frosty346: bets $0.12
JohnyB1111: calls $0.12
*** SHOW DOWN ***
Frosty346: shows [Ah 6s] (three of a kind, Sixes)
JohnyB1111: mucks hand 
Frosty346 collected $1.08 from pot
*** SUMMARY ***
Total pot $1.12 | Rake $0.04 
Board [9h 6h 2h 6d Qd]
Seat 2: Aaagata folded before Flop (didn't bet)
Seat 3: YUAN.jr folded before Flop (didn't bet)
Seat 4: JohnyB1111 mucked [3c 3s]
Seat 5: DAMAGER99 folded before Flop (didn't bet)
Seat 6: david84477 (button) folded before Flop (didn't bet)
Seat 7: jorge171119 (small blind) folded on the Flop
Seat 8: Frosty346 (big blind) showed [Ah 6s] and won ($1.08) with three of a kind, Sixes
Seat 9: Dorex2007 folded before Flop (didn't bet)



PokerStars Hand #227636867615:  Hold'em No Limit ($0.01/$0.02 USD) - 2021/06/16 18:58:41 PT [2021/06/16 21:58:41 ET]
Table 'Juhani' 9-max Seat #7 is the button
Seat 2: Aaagata ($3.89 in chips) 
Seat 3: YUAN.jr ($1.55 in chips) 
Seat 4: JohnyB1111 ($1.22 in chips) 
Seat 5: DAMAGER99 ($1.91 in chips) 
Seat 6: david84477 ($1.78 in chips) 
Seat 7: jorge171119 ($1.43 in chips) 
Seat 8: Frosty346 ($1.99 in chips) 
Seat 9: Dorex2007 ($1.90 in chips) 
Frosty346: posts small blind $0.01
Dorex2007: posts big blind $0.02
adam1xavier: sits out 
*** HOLE CARDS ***
Dealt to Dorex2007 [9c 7s]
Aaagata: folds 
YUAN.jr: folds 
JohnyB1111: raises $0.02 to $0.04
DAMAGER99: folds 
david84477: calls $0.04
jorge171119: calls $0.04
Frosty346: calls $0.03
Dorex2007: folds 
*** FLOP *** [4d Kd 4h]
Frosty346: checks 
JohnyB1111: bets $0.08
david84477: calls $0.08
jorge171119: folds 
Frosty346: folds 
*** TURN *** [4d Kd 4h] [Ah]
JohnyB1111: checks 
david84477: bets $0.08
JohnyB1111: calls $0.08
*** RIVER *** [4d Kd 4h Ah] [5h]
JohnyB1111: bets $0.25
david84477: calls $0.25
*** SHOW DOWN ***
JohnyB1111: shows [9d 5d] (two pair, Fives and Fours)
david84477: shows [Td Ad] (two pair, Aces and Fours)
david84477 collected $0.96 from pot
*** SUMMARY ***
Total pot $1 | Rake $0.04 
Board [4d Kd 4h Ah 5h]
Seat 2: Aaagata folded before Flop (didn't bet)
Seat 3: YUAN.jr folded before Flop (didn't bet)
Seat 4: JohnyB1111 showed [9d 5d] and lost with two pair, Fives and Fours
Seat 5: DAMAGER99 folded before Flop (didn't bet)
Seat 6: david84477 showed [Td Ad] and won ($0.96) with two pair, Aces and Fours
Seat 7: jorge171119 (button) folded on the Flop
Seat 8: Frosty346 (small blind) folded on the Flop
Seat 9: Dorex2007 (big blind) folded before Flop



PokerStars Hand #227636880196:  Hold'em No Limit ($0.01/$0.02 USD) - 2021/06/16 18:59:50 PT [2021/06/16 21:59:50 ET]
Table 'Juhani' 9-max Seat #8 is the button
Seat 1: adam1xavier ($2 in chips) 
Seat 2: Aaagata ($3.89 in chips) 
Seat 3: YUAN.jr ($1.55 in chips) 
Seat 4: JohnyB1111 ($0.77 in chips) 
Seat 5: DAMAGER99 ($1.91 in chips) 
Seat 6: david84477 ($2.29 in chips) 
Seat 7: jorge171119 ($1.39 in chips) 
Seat 8: Frosty346 ($1.95 in chips) 
Seat 9: Dorex2007 ($1.88 in chips) 
Dorex2007: posts small blind $0.01
adam1xavier: posts big blind $0.02
*** HOLE CARDS ***
Dealt to Dorex2007 [3d 4h]
Aaagata: folds 
YUAN.jr: folds 
JohnyB1111: raises $0.05 to $0.07
DAMAGER99: folds 
david84477: folds 
jorge171119: folds 
Frosty346: folds 
Dorex2007: folds 
david84477 leaves the table
adam1xavier: folds 
Uncalled bet ($0.05) returned to JohnyB1111
JohnyB1111 collected $0.05 from pot
JohnyB1111: doesn't show hand 
*** SUMMARY ***
Total pot $0.05 | Rake $0 
Seat 1: adam1xavier (big blind) folded before Flop
Seat 2: Aaagata folded before Flop (didn't bet)
Seat 3: YUAN.jr folded before Flop (didn't bet)
Seat 4: JohnyB1111 collected ($0.05)
Seat 5: DAMAGER99 folded before Flop (didn't bet)
Seat 6: david84477 folded before Flop (didn't bet)
Seat 7: jorge171119 folded before Flop (didn't bet)
Seat 8: Frosty346 (button) folded before Flop (didn't bet)
Seat 9: Dorex2007 (small blind) folded before Flop



PokerStars Hand #227636885014:  Hold'em No Limit ($0.01/$0.02 USD) - 2021/06/16 19:00:15 PT [2021/06/16 22:00:15 ET]
Table 'Juhani' 9-max Seat #9 is the button
Seat 1: adam1xavier ($2 in chips) 
Seat 2: Aaagata ($3.89 in chips) 
Seat 3: YUAN.jr ($1.55 in chips) 
Seat 4: JohnyB1111 ($0.80 in chips) 
Seat 5: DAMAGER99 ($1.91 in chips) 
Seat 7: jorge171119 ($1.39 in chips) 
Seat 8: Frosty346 ($1.95 in chips) 
Seat 9: Dorex2007 ($1.87 in chips) 
adam1xavier: posts small blind $0.01
Aaagata: posts big blind $0.02
*** HOLE CARDS ***
Dealt to Dorex2007 [Ts 6c]
YUAN.jr: folds 
JohnyB1111: raises $0.05 to $0.07
DAMAGER99: folds 
maxkxi joins the table at seat #6 
jorge171119: calls $0.07
Frosty346: folds 
Dorex2007: folds 
adam1xavier: raises $0.23 to $0.30
Aaagata: raises $0.31 to $0.61
JohnyB1111: raises $0.19 to $0.80 and is all-in
jorge171119: folds 
adam1xavier: calls $0.50
Aaagata: calls $0.19
*** FLOP *** [9s 4h 8d]
adam1xavier: checks 
Aaagata: bets $1.21
adam1xavier: calls $1.20 and is all-in
Uncalled bet ($0.01) returned to Aaagata
JohnyB1111 has timed out
*** TURN *** [9s 4h 8d] [6h]
*** RIVER *** [9s 4h 8d 6h] [Qc]
*** SHOW DOWN ***
adam1xavier: shows [Qd Ad] (a pair of Queens)
Aaagata: shows [Kd Kh] (a pair of Kings)
Aaagata collected $2.32 from side pot
JohnyB1111: shows [7s 7h] (a pair of Sevens)
Aaagata collected $2.38 from main pot
*** SUMMARY ***
Total pot $4.87 Main pot $2.38. Side pot $2.32. | Rake $0.17 
Board [9s 4h 8d 6h Qc]
Seat 1: adam1xavier (small blind) showed [Qd Ad] and lost with a pair of Queens
Seat 2: Aaagata (big blind) showed [Kd Kh] and won ($4.70) with a pair of Kings
Seat 3: YUAN.jr folded before Flop (didn't bet)
Seat 4: JohnyB1111 showed [7s 7h] and lost with a pair of Sevens
Seat 5: DAMAGER99 folded before Flop (didn't bet)
Seat 7: jorge171119 folded before Flop
Seat 8: Frosty346 folded before Flop (didn't bet)
Seat 9: Dorex2007 (button) folded before Flop (didn't bet)



PokerStars Hand #227636908196:  Hold'em No Limit ($0.01/$0.02 USD) - 2021/06/16 19:02:01 PT [2021/06/16 22:02:01 ET]
Table 'Juhani' 9-max Seat #1 is the button
Seat 1: adam1xavier ($2 in chips) 
Seat 2: Aaagata ($6.59 in chips) 
Seat 3: YUAN.jr ($1.55 in chips) 
Seat 5: DAMAGER99 ($1.91 in chips) 
Seat 6: maxkxi ($1.20 in chips) 
Seat 7: jorge171119 ($1.32 in chips) 
Seat 8: Frosty346 ($1.95 in chips) 
Seat 9: Dorex2007 ($1.87 in chips) 
Aaagata: posts small blind $0.01
YUAN.jr: posts big blind $0.02
maxkxi: posts big blind $0.02
*** HOLE CARDS ***
Dealt to Dorex2007 [5s 3h]
DAMAGER99: folds 
maxkxi: checks 
jorge171119: folds 
Frosty346: folds 
Dorex2007: folds 
JohnyB1111 leaves the table
adam1xavier: raises $0.07 to $0.09
Aaagata: folds 
YUAN.jr: calls $0.07
maxkxi: calls $0.07
*** FLOP *** [7d 9s 6c]
YUAN.jr: checks 
maxkxi: bets $0.08
adam1xavier: raises $0.43 to $0.51
YUAN.jr: folds 
maxkxi: calls $0.43
*** TURN *** [7d 9s 6c] [3d]
maxkxi: checks 
adam1xavier: bets $0.62
maxkxi: calls $0.60 and is all-in
Uncalled bet ($0.02) returned to adam1xavier
*** RIVER *** [7d 9s 6c 3d] [4s]
*** SHOW DOWN ***
maxkxi: shows [Th 7h] (a pair of Sevens)
adam1xavier: shows [As Ac] (a pair of Aces)
adam1xavier collected $2.41 from pot
*** SUMMARY ***
Total pot $2.50 | Rake $0.09 
Board [7d 9s 6c 3d 4s]
Seat 1: adam1xavier (button) showed [As Ac] and won ($2.41) with a pair of Aces
Seat 2: Aaagata (small blind) folded before Flop
Seat 3: YUAN.jr (big blind) folded on the Flop
Seat 5: DAMAGER99 folded before Flop (didn't bet)
Seat 6: maxkxi showed [Th 7h] and lost with a pair of Sevens
Seat 7: jorge171119 folded before Flop (didn't bet)
Seat 8: Frosty346 folded before Flop (didn't bet)
Seat 9: Dorex2007 folded before Flop (didn't bet)



PokerStars Hand #227636930298:  Hold'em No Limit ($0.01/$0.02 USD) - 2021/06/16 19:03:08 PT [2021/06/16 22:03:08 ET]
Table 'Juhani' 9-max Seat #2 is the button
Seat 1: adam1xavier ($3.21 in chips) 
Seat 2: Aaagata ($6.58 in chips) 
Seat 3: YUAN.jr ($1.46 in chips) 
Seat 5: DAMAGER99 ($1.91 in chips) 
Seat 7: jorge171119 ($1.32 in chips) 
Seat 8: Frosty346 ($1.95 in chips) 
Seat 9: Dorex2007 ($2 in chips) 
YUAN.jr: posts small blind $0.01
DAMAGER99: posts big blind $0.02
*** HOLE CARDS ***
Dealt to Dorex2007 [Jh 7s]
j+sch1977 joins the table at seat #4 
jorge171119: folds 
Frosty346: folds 
Dorex2007: folds 
adam1xavier: raises $0.04 to $0.06
Aaagata: folds 
YUAN.jr: folds 
DAMAGER99: folds 
Uncalled bet ($0.04) returned to adam1xavier
adam1xavier collected $0.05 from pot
adam1xavier: doesn't show hand 
*** SUMMARY ***
Total pot $0.05 | Rake $0 
Seat 1: adam1xavier collected ($0.05)
Seat 2: Aaagata (button) folded before Flop (didn't bet)
Seat 3: YUAN.jr (small blind) folded before Flop
Seat 5: DAMAGER99 (big blind) folded before Flop
Seat 7: jorge171119 folded before Flop (didn't bet)
Seat 8: Frosty346 folded before Flop (didn't bet)
Seat 9: Dorex2007 folded before Flop (didn't bet)



PokerStars Hand #227636933476:  Hold'em No Limit ($0.01/$0.02 USD) - 2021/06/16 19:03:22 PT [2021/06/16 22:03:22 ET]
Table 'Juhani' 9-max Seat #3 is the button
Seat 1: adam1xavier ($3.24 in chips) 
Seat 2: Aaagata ($6.58 in chips) 
Seat 3: YUAN.jr ($1.45 in chips) 
Seat 5: DAMAGER99 ($1.89 in chips) 
Seat 7: jorge171119 ($1.32 in chips) 
Seat 8: Frosty346 ($1.95 in chips) 
Seat 9: Dorex2007 ($2 in chips) 
DAMAGER99: posts small blind $0.01
jorge171119: posts big blind $0.02
*** HOLE CARDS ***
Dealt to Dorex2007 [9d Ac]
maxkxi leaves the table
Frosty346: calls $0.02
Dorex2007: folds 
adam1xavier: folds 
Aaagata: folds 
YUAN.jr: raises $0.07 to $0.09
DAMAGER99: folds 
leopoker1 joins the table at seat #6 
jorge171119: calls $0.07
Frosty346: folds 
*** FLOP *** [2d Ad 2h]
jorge171119: checks 
YUAN.jr: checks 
*** TURN *** [2d Ad 2h] [9c]
jorge171119: bets $0.10
YUAN.jr: calls $0.10
*** RIVER *** [2d Ad 2h 9c] [5h]
jorge171119: checks 
YUAN.jr: checks 
*** SHOW DOWN ***
jorge171119: shows [Kh Jh] (a pair of Deuces)
YUAN.jr: shows [7c 7s] (two pair, Sevens and Deuces)
YUAN.jr collected $0.40 from pot
*** SUMMARY ***
Total pot $0.41 | Rake $0.01 
Board [2d Ad 2h 9c 5h]
Seat 1: adam1xavier folded before Flop (didn't bet)
Seat 2: Aaagata folded before Flop (didn't bet)
Seat 3: YUAN.jr (button) showed [7c 7s] and won ($0.40) with two pair, Sevens and Deuces
Seat 5: DAMAGER99 (small blind) folded before Flop
Seat 7: jorge171119 (big blind) showed [Kh Jh] and lost with a pair of Deuces
Seat 8: Frosty346 folded before Flop
Seat 9: Dorex2007 folded before Flop (didn't bet)



PokerStars Hand #227636942551:  Hold'em No Limit ($0.01/$0.02 USD) - 2021/06/16 19:04:01 PT [2021/06/16 22:04:01 ET]
Table 'Juhani' 9-max Seat #5 is the button
Seat 1: adam1xavier ($3.24 in chips) 
Seat 2: Aaagata ($6.58 in chips) 
Seat 3: YUAN.jr ($1.66 in chips) 
Seat 5: DAMAGER99 ($1.88 in chips) 
Seat 7: jorge171119 ($1.13 in chips) 
Seat 8: Frosty346 ($1.93 in chips) 
Seat 9: Dorex2007 ($2 in chips) 
jorge171119: posts small blind $0.01
Frosty346: posts big blind $0.02
j+sch1977: sits out 
*** HOLE CARDS ***
Dealt to Dorex2007 [7h Qc]
Dorex2007: folds 
adam1xavier: folds 
Aaagata: folds 
YUAN.jr: folds 
DAMAGER99: folds 
jorge171119: calls $0.01
Frosty346: raises $0.04 to $0.06
jorge171119: calls $0.04
*** FLOP *** [5h 4c Ts]
jorge171119: checks 
Frosty346: bets $0.08
jorge171119: calls $0.08
*** TURN *** [5h 4c Ts] [Qs]
jorge171119: checks 
Frosty346: bets $0.10
jorge171119: calls $0.10
*** RIVER *** [5h 4c Ts Qs] [7d]
jorge171119: checks 
Frosty346: checks 
*** SHOW DOWN ***
jorge171119: shows [3s Ah] (high card Ace)
Frosty346: shows [Jh Jd] (a pair of Jacks)
Frosty346 collected $0.46 from pot
*** SUMMARY ***
Total pot $0.48 | Rake $0.02 
Board [5h 4c Ts Qs 7d]
Seat 1: adam1xavier folded before Flop (didn't bet)
Seat 2: Aaagata folded before Flop (didn't bet)
Seat 3: YUAN.jr folded before Flop (didn't bet)
Seat 5: DAMAGER99 (button) folded before Flop (didn't bet)
Seat 7: jorge171119 (small blind) showed [3s Ah] and lost with high card Ace
Seat 8: Frosty346 (big blind) showed [Jh Jd] and won ($0.46) with a pair of Jacks
Seat 9: Dorex2007 folded before Flop (didn't bet)



PokerStars Hand #227636953132:  Hold'em No Limit ($0.01/$0.02 USD) - 2021/06/16 19:04:47 PT [2021/06/16 22:04:47 ET]
Table 'Juhani' 9-max Seat #7 is the button
Seat 1: adam1xavier ($3.24 in chips) 
Seat 2: Aaagata ($6.58 in chips) 
Seat 3: YUAN.jr ($1.66 in chips) 
Seat 5: DAMAGER99 ($1.88 in chips) 
Seat 7: jorge171119 ($0.89 in chips) 
Seat 8: Frosty346 ($2.15 in chips) 
Seat 9: Dorex2007 ($2 in chips) 
Frosty346: posts small blind $0.01
Dorex2007: posts big blind $0.02
j+sch1977: sits out 
leopoker1: sits out 
*** HOLE CARDS ***
Dealt to Dorex2007 [7d Kd]
adam1xavier: folds 
Aaagata: folds 
YUAN.jr: folds 
DAMAGER99: folds 
jorge171119: calls $0.02
Frosty346: calls $0.01
Dorex2007: checks 
*** FLOP *** [8d 9h 7c]
Frosty346: checks 
Dorex2007: bets $0.04
jorge171119: folds 
Frosty346: calls $0.04
*** TURN *** [8d 9h 7c] [6d]
Frosty346: checks 
Dorex2007: bets $0.09
Frosty346: calls $0.09
*** RIVER *** [8d 9h 7c 6d] [9s]
Frosty346: bets $0.06
Dorex2007: folds 
Uncalled bet ($0.06) returned to Frosty346
Frosty346 collected $0.31 from pot
Frosty346: doesn't show hand 
*** SUMMARY ***
Total pot $0.32 | Rake $0.01 
Board [8d 9h 7c 6d 9s]
Seat 1: adam1xavier folded before Flop (didn't bet)
Seat 2: Aaagata folded before Flop (didn't bet)
Seat 3: YUAN.jr folded before Flop (didn't bet)
Seat 5: DAMAGER99 folded before Flop (didn't bet)
Seat 7: jorge171119 (button) folded on the Flop
Seat 8: Frosty346 (small blind) collected ($0.31)
Seat 9: Dorex2007 (big blind) folded on the River



PokerStars Hand #227636967245:  Hold'em No Limit ($0.01/$0.02 USD) - 2021/06/16 19:05:47 PT [2021/06/16 22:05:47 ET]
Table 'Juhani' 9-max Seat #8 is the button
Seat 1: adam1xavier ($3.24 in chips) 
Seat 2: Aaagata ($6.58 in chips) 
Seat 3: YUAN.jr ($1.66 in chips) 
Seat 7: jorge171119 ($0.87 in chips) 
Seat 8: Frosty346 ($2.31 in chips) 
Seat 9: Dorex2007 ($1.85 in chips) 
Dorex2007: posts small blind $0.01
adam1xavier: posts big blind $0.02
j+sch1977: sits out 
leopoker1: sits out 
*** HOLE CARDS ***
Dealt to Dorex2007 [Kd Ks]
Aaagata: folds 
DAMAGER99 leaves the table
YUAN.jr: raises $0.08 to $0.10
yjqian23 joins the table at seat #5 
jorge171119: calls $0.10
Frosty346: folds 
Dorex2007: calls $0.09
adam1xavier: folds 
*** FLOP *** [3c 6d 9h]
Dorex2007: checks 
YUAN.jr: bets $0.31
Frosty346 leaves the table
jorge171119: raises $0.46 to $0.77 and is all-in
Dorex2007: raises $0.98 to $1.75 and is all-in
YUAN.jr: folds 
Uncalled bet ($0.98) returned to Dorex2007
*** TURN *** [3c 6d 9h] [Qd]
*** RIVER *** [3c 6d 9h Qd] [9d]
*** SHOW DOWN ***
Dorex2007: shows [Kd Ks] (two pair, Kings and Nines)
jorge171119: shows [Js Jc] (two pair, Jacks and Nines)
Dorex2007 collected $2.09 from pot
*** SUMMARY ***
Total pot $2.17 | Rake $0.08 
Board [3c 6d 9h Qd 9d]
Seat 1: adam1xavier (big blind) folded before Flop
Seat 2: Aaagata folded before Flop (didn't bet)
Seat 3: YUAN.jr folded on the Flop
Seat 7: jorge171119 showed [Js Jc] and lost with two pair, Jacks and Nines
Seat 8: Frosty346 (button) folded before Flop (didn't bet)
Seat 9: Dorex2007 (small blind) showed [Kd Ks] and won ($2.09) with two pair, Kings and Nines



PokerStars Hand #227636979633:  Hold'em No Limit ($0.01/$0.02 USD) - 2021/06/16 19:06:41 PT [2021/06/16 22:06:41 ET]
Table 'Juhani' 9-max Seat #9 is the button
Seat 1: adam1xavier ($3.22 in chips) 
Seat 3: YUAN.jr ($1.25 in chips) 
Seat 5: yjqian23 ($2 in chips) 
Seat 9: Dorex2007 ($3.07 in chips) 
adam1xavier: posts small blind $0.01
Aaagata: is sitting out 
YUAN.jr: posts big blind $0.02
j+sch1977: sits out 
yjqian23: posts big blind $0.02
leopoker1: sits out 
*** HOLE CARDS ***
Dealt to Dorex2007 [3h Ad]
yjqian23: checks 
Dorex2007: folds 
adam1xavier: folds 
YUAN.jr: checks 
*** FLOP *** [4s 9d Ac]
YUAN.jr: checks 
yjqian23: bets $0.02
jorge171119 leaves the table
YUAN.jr: calls $0.02
*** TURN *** [4s 9d Ac] [6d]
YUAN.jr: bets $0.09
yjqian23: calls $0.09
*** RIVER *** [4s 9d Ac 6d] [7s]
YUAN.jr: bets $0.26
yjqian23: calls $0.26
*** SHOW DOWN ***
YUAN.jr: shows [4h 6s] (two pair, Sixes and Fours)
yjqian23: mucks hand 
YUAN.jr collected $0.76 from pot
*** SUMMARY ***
Total pot $0.79 | Rake $0.03 
Board [4s 9d Ac 6d 7s]
Seat 1: adam1xavier (small blind) folded before Flop
Seat 3: YUAN.jr (big blind) showed [4h 6s] and won ($0.76) with two pair, Sixes and Fours
Seat 5: yjqian23 mucked [Ah 2s]
Seat 9: Dorex2007 (button) folded before Flop (didn't bet)



PokerStars Hand #227637000467:  Hold'em No Limit ($0.01/$0.02 USD) - 2021/06/16 19:07:30 PT [2021/06/16 22:07:30 ET]
Table 'Juhani' 9-max Seat #1 is the button
Seat 1: adam1xavier ($3.21 in chips) 
Seat 3: YUAN.jr ($1.62 in chips) 
Seat 4: j+sch1977 ($2 in chips) 
Seat 5: yjqian23 ($1.61 in chips) 
Seat 9: Dorex2007 ($3.07 in chips) 
YUAN.jr: posts small blind $0.01
j+sch1977: posts big blind $0.02
leopoker1: sits out 
*** HOLE CARDS ***
Dealt to Dorex2007 [Th Jd]
yjqian23: calls $0.02
Dorex2007: folds 
adam1xavier: folds 
Aaagata leaves the table
YUAN.jr: calls $0.01
j+sch1977: checks 
*** FLOP *** [Ks Td 7s]
YUAN.jr: checks 
j+sch1977: checks 
yjqian23: bets $0.06
YUAN.jr: folds 
j+sch1977: folds 
Uncalled bet ($0.06) returned to yjqian23
yjqian23 collected $0.06 from pot
*** SUMMARY ***
Total pot $0.06 | Rake $0 
Board [Ks Td 7s]
Seat 1: adam1xavier (button) folded before Flop (didn't bet)
Seat 3: YUAN.jr (small blind) folded on the Flop
Seat 4: j+sch1977 (big blind) folded on the Flop
Seat 5: yjqian23 collected ($0.06)
Seat 9: Dorex2007 folded before Flop (didn't bet)



PokerStars Hand #227637007142:  Hold'em No Limit ($0.01/$0.02 USD) - 2021/06/16 19:07:59 PT [2021/06/16 22:07:59 ET]
Table 'Juhani' 9-max Seat #3 is the button
Seat 1: adam1xavier ($3.21 in chips) 
Seat 3: YUAN.jr ($1.60 in chips) 
Seat 4: j+sch1977 ($1.98 in chips) 
Seat 5: yjqian23 ($1.65 in chips) 
Seat 9: Dorex2007 ($3.07 in chips) 
j+sch1977: posts small blind $0.01
yjqian23: posts big blind $0.02
leopoker1: sits out 
*** HOLE CARDS ***
Dealt to Dorex2007 [Ts 8h]
Dorex2007: folds 
adam1xavier: raises $0.04 to $0.06
YUAN.jr: folds 
j+sch1977: calls $0.05
yjqian23: folds 
*** FLOP *** [4c 8c Tc]
j+sch1977: checks 
adam1xavier: bets $0.07
j+sch1977: calls $0.07
*** TURN *** [4c 8c Tc] [9h]
j+sch1977: checks 
adam1xavier: checks 
*** RIVER *** [4c 8c Tc 9h] [5s]
j+sch1977: checks 
adam1xavier: checks 
*** SHOW DOWN ***
j+sch1977: shows [Jc Ks] (high card King)
adam1xavier: shows [3d Ad] (high card Ace)
adam1xavier collected $0.27 from pot
*** SUMMARY ***
Total pot $0.28 | Rake $0.01 
Board [4c 8c Tc 9h 5s]
Seat 1: adam1xavier showed [3d Ad] and won ($0.27) with high card Ace
Seat 3: YUAN.jr (button) folded before Flop (didn't bet)
Seat 4: j+sch1977 (small blind) showed [Jc Ks] and lost with high card King
Seat 5: yjqian23 (big blind) folded before Flop
Seat 9: Dorex2007 folded before Flop (didn't bet)



PokerStars Hand #227637018960:  Hold'em No Limit ($0.01/$0.02 USD) - 2021/06/16 19:08:51 PT [2021/06/16 22:08:51 ET]
Table 'Juhani' 9-max Seat #4 is the button
Seat 1: adam1xavier ($3.35 in chips) 
Seat 3: YUAN.jr ($1.60 in chips) 
Seat 4: j+sch1977 ($1.85 in chips) 
Seat 5: yjqian23 ($1.63 in chips) 
Seat 6: leopoker1 ($2 in chips) 
Seat 9: Dorex2007 ($3.07 in chips) 
yjqian23: posts small blind $0.01
leopoker1: posts big blind $0.02
*** HOLE CARDS ***
Dealt to Dorex2007 [Ac 3h]
Dorex2007: folds 
adam1xavier: folds 
YUAN.jr: raises $0.08 to $0.10
j+sch1977: folds 
yjqian23: folds 
leopoker1: folds 
Uncalled bet ($0.08) returned to YUAN.jr
YUAN.jr collected $0.05 from pot
*** SUMMARY ***
Total pot $0.05 | Rake $0 
Seat 1: adam1xavier folded before Flop (didn't bet)
Seat 3: YUAN.jr collected ($0.05)
Seat 4: j+sch1977 (button) folded before Flop (didn't bet)
Seat 5: yjqian23 (small blind) folded before Flop
Seat 6: leopoker1 (big blind) folded before Flop
Seat 9: Dorex2007 folded before Flop (didn't bet)



PokerStars Hand #227637024268:  Hold'em No Limit ($0.01/$0.02 USD) - 2021/06/16 19:09:14 PT [2021/06/16 22:09:14 ET]
Table 'Juhani' 9-max Seat #5 is the button
Seat 1: adam1xavier ($3.35 in chips) 
Seat 3: YUAN.jr ($1.63 in chips) 
Seat 4: j+sch1977 ($1.85 in chips) 
Seat 5: yjqian23 ($1.62 in chips) 
Seat 6: leopoker1 ($2 in chips) 
Seat 9: Dorex2007 ($3.07 in chips) 
leopoker1: posts small blind $0.01
Dorex2007: posts big blind $0.02
*** HOLE CARDS ***
Dealt to Dorex2007 [Jh Th]
adam1xavier: folds 
YUAN.jr: calls $0.02
j+sch1977: folds 
yjqian23: folds 
leopoker1: calls $0.01
Dorex2007: checks 
*** FLOP *** [8c Qd 2s]
leopoker1: checks 
Dorex2007: bets $0.04
YUAN.jr: folds 
leopoker1: folds 
Uncalled bet ($0.04) returned to Dorex2007
Dorex2007 collected $0.06 from pot
Dorex2007: doesn't show hand 
*** SUMMARY ***
Total pot $0.06 | Rake $0 
Board [8c Qd 2s]
Seat 1: adam1xavier folded before Flop (didn't bet)
Seat 3: YUAN.jr folded on the Flop
Seat 4: j+sch1977 folded before Flop (didn't bet)
Seat 5: yjqian23 (button) folded before Flop (didn't bet)
Seat 6: leopoker1 (small blind) folded on the Flop
Seat 9: Dorex2007 (big blind) collected ($0.06)



PokerStars Hand #227637032021:  Hold'em No Limit ($0.01/$0.02 USD) - 2021/06/16 19:09:48 PT [2021/06/16 22:09:48 ET]
Table 'Juhani' 9-max Seat #6 is the button
Seat 1: adam1xavier ($3.35 in chips) 
Seat 3: YUAN.jr ($1.61 in chips) 
Seat 4: j+sch1977 ($1.85 in chips) 
Seat 5: yjqian23 ($1.62 in chips) 
Seat 6: leopoker1 ($2 in chips) 
Seat 9: Dorex2007 ($3.11 in chips) 
Dorex2007: posts small blind $0.01
adam1xavier: posts big blind $0.02
*** HOLE CARDS ***
Dealt to Dorex2007 [2c 2d]
YUAN.jr: raises $0.06 to $0.08
j+sch1977: folds 
yjqian23: folds 
leopoker1 has timed out
leopoker1: folds 
Dorex2007: calls $0.07
adam1xavier: folds 
*** FLOP *** [6s 3d 5d]
Dorex2007: bets $0.17
YUAN.jr: calls $0.17
*** TURN *** [6s 3d 5d] [6d]
Dorex2007: checks 
YUAN.jr: bets $0.25
Dorex2007: folds 
Uncalled bet ($0.25) returned to YUAN.jr
YUAN.jr collected $0.50 from pot
*** SUMMARY ***
Total pot $0.52 | Rake $0.02 
Board [6s 3d 5d 6d]
Seat 1: adam1xavier (big blind) folded before Flop
Seat 3: YUAN.jr collected ($0.50)
Seat 4: j+sch1977 folded before Flop (didn't bet)
Seat 5: yjqian23 folded before Flop (didn't bet)
Seat 6: leopoker1 (button) folded before Flop (didn't bet)
Seat 9: Dorex2007 (small blind) folded on the Turn



PokerStars Hand #227637044127:  Hold'em No Limit ($0.01/$0.02 USD) - 2021/06/16 19:10:42 PT [2021/06/16 22:10:42 ET]
Table 'Juhani' 9-max Seat #9 is the button
Seat 1: adam1xavier ($3.33 in chips) 
Seat 3: YUAN.jr ($1.86 in chips) 
Seat 4: j+sch1977 ($1.85 in chips) 
Seat 5: yjqian23 ($1.62 in chips) 
Seat 6: leopoker1 ($2 in chips) 
Seat 9: Dorex2007 ($2.86 in chips) 
adam1xavier: posts small blind $0.01
YUAN.jr: posts big blind $0.02
*** HOLE CARDS ***
Dealt to Dorex2007 [8c 7s]
j+sch1977: folds 
j+sch1977 leaves the table
yjqian23: calls $0.02
leopoker1: folds 
Dorex2007: folds 
adam1xavier: folds 
YUAN.jr: checks 
*** FLOP *** [2s Tc Kd]
YUAN.jr: checks 
yjqian23: bets $0.02
YUAN.jr: calls $0.02
*** TURN *** [2s Tc Kd] [8h]
YUAN.jr: checks 
yjqian23: bets $0.02
YUAN.jr: calls $0.02
*** RIVER *** [2s Tc Kd 8h] [9h]
YUAN.jr: checks 
yjqian23: checks 
*** SHOW DOWN ***
YUAN.jr: shows [4d Td] (a pair of Tens)
yjqian23: shows [Jc Jd] (a pair of Jacks)
yjqian23 collected $0.13 from pot
*** SUMMARY ***
Total pot $0.13 | Rake $0 
Board [2s Tc Kd 8h 9h]
Seat 1: adam1xavier (small blind) folded before Flop
Seat 3: YUAN.jr (big blind) showed [4d Td] and lost with a pair of Tens
Seat 4: j+sch1977 folded before Flop (didn't bet)
Seat 5: yjqian23 showed [Jc Jd] and won ($0.13) with a pair of Jacks
Seat 6: leopoker1 folded before Flop (didn't bet)
Seat 9: Dorex2007 (button) folded before Flop (didn't bet)



