PokerStars Hand #224124663437:  Hold'em No Limit ($0.01/$0.02 USD) - 2021/02/22 18:37:00 PT [2021/02/22 21:37:00 ET]
Table 'Amphitrite VII' 9-max Seat #4 is the button
Seat 1: Sticky514 ($4.37 in chips) 
Seat 2: Gustavok10 ($2 in chips) 
Seat 3: Bradley166 ($3.05 in chips) 
Seat 4: jokel85 ($1.94 in chips) 
Seat 5: bidan77 ($3.92 in chips) 
Seat 6: Dorex2007 ($1.50 in chips) 
Seat 7: joao pedro48 ($1.59 in chips) 
Seat 8: valera_9696@ ($2.31 in chips) 
Seat 9: kontakis13 ($0.32 in chips) 
bidan77: posts small blind $0.01
Dorex2007: posts big blind $0.02
*** HOLE CARDS ***
Dealt to Dorex2007 [2c As]
joao pedro48: calls $0.02
valera_9696@: folds 
kontakis13: raises $0.04 to $0.06
Sticky514: folds 
Gustavok10: folds 
Bradley166: folds 
jokel85: folds 
bidan77: folds 
Dorex2007: calls $0.04
joao pedro48: calls $0.04
*** FLOP *** [4h Jd 6s]
Dorex2007: checks 
joao pedro48: checks 
kontakis13: checks 
*** TURN *** [4h Jd 6s] [Js]
Dorex2007: checks 
joao pedro48: checks 
kontakis13: bets $0.08
Dorex2007: folds 
joao pedro48: folds 
Uncalled bet ($0.08) returned to kontakis13
kontakis13 collected $0.18 from pot
kontakis13: doesn't show hand 
*** SUMMARY ***
Total pot $0.19 | Rake $0.01 
Board [4h Jd 6s Js]
Seat 1: Sticky514 folded before Flop (didn't bet)
Seat 2: Gustavok10 folded before Flop (didn't bet)
Seat 3: Bradley166 folded before Flop (didn't bet)
Seat 4: jokel85 (button) folded before Flop (didn't bet)
Seat 5: bidan77 (small blind) folded before Flop
Seat 6: Dorex2007 (big blind) folded on the Turn
Seat 7: joao pedro48 folded on the Turn
Seat 8: valera_9696@ folded before Flop (didn't bet)
Seat 9: kontakis13 collected ($0.18)



PokerStars Hand #224124681779:  Hold'em No Limit ($0.01/$0.02 USD) - 2021/02/22 18:38:02 PT [2021/02/22 21:38:02 ET]
Table 'Amphitrite VII' 9-max Seat #5 is the button
Seat 1: Sticky514 ($4.37 in chips) 
Seat 2: Gustavok10 ($2 in chips) 
Seat 3: Bradley166 ($3.05 in chips) 
Seat 4: jokel85 ($1.94 in chips) 
Seat 5: bidan77 ($3.91 in chips) 
Seat 6: Dorex2007 ($1.44 in chips) 
Seat 7: joao pedro48 ($1.53 in chips) 
Seat 8: valera_9696@ ($2.31 in chips) 
Seat 9: kontakis13 ($0.44 in chips) 
Dorex2007: posts small blind $0.01
joao pedro48: posts big blind $0.02
*** HOLE CARDS ***
Dealt to Dorex2007 [7h Jc]
valera_9696@: folds 
kontakis13: raises $0.02 to $0.04
Sticky514: folds 
Gustavok10: calls $0.04
Bradley166: folds 
jokel85: folds 
bidan77: folds 
Dorex2007: folds 
joao pedro48: calls $0.02
*** FLOP *** [9c 8c 6c]
joao pedro48: bets $0.04
kontakis13: raises $0.36 to $0.40 and is all-in
Gustavok10: folds 
joao pedro48: folds 
Uncalled bet ($0.36) returned to kontakis13
kontakis13 collected $0.20 from pot
kontakis13: doesn't show hand 
*** SUMMARY ***
Total pot $0.21 | Rake $0.01 
Board [9c 8c 6c]
Seat 1: Sticky514 folded before Flop (didn't bet)
Seat 2: Gustavok10 folded on the Flop
Seat 3: Bradley166 folded before Flop (didn't bet)
Seat 4: jokel85 folded before Flop (didn't bet)
Seat 5: bidan77 (button) folded before Flop (didn't bet)
Seat 6: Dorex2007 (small blind) folded before Flop
Seat 7: joao pedro48 (big blind) folded on the Flop
Seat 8: valera_9696@ folded before Flop (didn't bet)
Seat 9: kontakis13 collected ($0.20)



PokerStars Hand #224124697698:  Hold'em No Limit ($0.01/$0.02 USD) - 2021/02/22 18:38:46 PT [2021/02/22 21:38:46 ET]
Table 'Amphitrite VII' 9-max Seat #6 is the button
Seat 1: Sticky514 ($4.37 in chips) 
Seat 2: Gustavok10 ($1.96 in chips) 
Seat 3: Bradley166 ($3.05 in chips) 
Seat 4: jokel85 ($1.94 in chips) 
Seat 5: bidan77 ($3.91 in chips) 
Seat 6: Dorex2007 ($1.43 in chips) 
Seat 7: joao pedro48 ($1.45 in chips) 
Seat 8: valera_9696@ ($2.31 in chips) 
Seat 9: kontakis13 ($0.56 in chips) 
joao pedro48: posts small blind $0.01
valera_9696@: posts big blind $0.02
*** HOLE CARDS ***
Dealt to Dorex2007 [7d 8s]
kontakis13: folds 
Sticky514: calls $0.02
Gustavok10: folds 
Bradley166: raises $0.04 to $0.06
jokel85: folds 
bidan77: folds 
Dorex2007: folds 
joao pedro48: folds 
valera_9696@: folds 
Sticky514: calls $0.04
*** FLOP *** [8h 2d Tc]
Sticky514: checks 
Bradley166: bets $0.14
Sticky514: folds 
Uncalled bet ($0.14) returned to Bradley166
Bradley166 collected $0.14 from pot
*** SUMMARY ***
Total pot $0.15 | Rake $0.01 
Board [8h 2d Tc]
Seat 1: Sticky514 folded on the Flop
Seat 2: Gustavok10 folded before Flop (didn't bet)
Seat 3: Bradley166 collected ($0.14)
Seat 4: jokel85 folded before Flop (didn't bet)
Seat 5: bidan77 folded before Flop (didn't bet)
Seat 6: Dorex2007 (button) folded before Flop (didn't bet)
Seat 7: joao pedro48 (small blind) folded before Flop
Seat 8: valera_9696@ (big blind) folded before Flop
Seat 9: kontakis13 folded before Flop (didn't bet)



PokerStars Hand #224124708694:  Hold'em No Limit ($0.01/$0.02 USD) - 2021/02/22 18:39:23 PT [2021/02/22 21:39:23 ET]
Table 'Amphitrite VII' 9-max Seat #7 is the button
Seat 1: Sticky514 ($4.31 in chips) 
Seat 2: Gustavok10 ($1.96 in chips) 
Seat 3: Bradley166 ($3.13 in chips) 
Seat 4: jokel85 ($1.94 in chips) 
Seat 5: bidan77 ($3.91 in chips) 
Seat 6: Dorex2007 ($1.43 in chips) 
Seat 7: joao pedro48 ($1.44 in chips) 
Seat 8: valera_9696@ ($2.29 in chips) 
Seat 9: kontakis13 ($0.56 in chips) 
valera_9696@: posts small blind $0.01
kontakis13: posts big blind $0.02
*** HOLE CARDS ***
Dealt to Dorex2007 [2d 2h]
Sticky514: folds 
Gustavok10: folds 
Bradley166: folds 
jokel85: folds 
bidan77: raises $0.04 to $0.06
Dorex2007: calls $0.06
joao pedro48: folds 
valera_9696@: folds 
kontakis13: raises $0.50 to $0.56 and is all-in
bidan77: folds 
Dorex2007: folds 
Uncalled bet ($0.50) returned to kontakis13
kontakis13 collected $0.19 from pot
kontakis13: doesn't show hand 
*** SUMMARY ***
Total pot $0.19 | Rake $0 
Seat 1: Sticky514 folded before Flop (didn't bet)
Seat 2: Gustavok10 folded before Flop (didn't bet)
Seat 3: Bradley166 folded before Flop (didn't bet)
Seat 4: jokel85 folded before Flop (didn't bet)
Seat 5: bidan77 folded before Flop
Seat 6: Dorex2007 folded before Flop
Seat 7: joao pedro48 (button) folded before Flop (didn't bet)
Seat 8: valera_9696@ (small blind) folded before Flop
Seat 9: kontakis13 (big blind) collected ($0.19)



PokerStars Hand #224124715860:  Hold'em No Limit ($0.01/$0.02 USD) - 2021/02/22 18:39:48 PT [2021/02/22 21:39:48 ET]
Table 'Amphitrite VII' 9-max Seat #8 is the button
Seat 1: Sticky514 ($4.31 in chips) 
Seat 2: Gustavok10 ($1.96 in chips) 
Seat 3: Bradley166 ($3.13 in chips) 
Seat 4: jokel85 ($1.94 in chips) 
Seat 5: bidan77 ($3.85 in chips) 
Seat 6: Dorex2007 ($1.37 in chips) 
Seat 7: joao pedro48 ($1.44 in chips) 
Seat 8: valera_9696@ ($2.28 in chips) 
Seat 9: kontakis13 ($0.69 in chips) 
kontakis13: posts small blind $0.01
Sticky514: posts big blind $0.02
*** HOLE CARDS ***
Dealt to Dorex2007 [6c 9s]
Gustavok10: folds 
Bradley166: folds 
jokel85: folds 
bidan77: folds 
Dorex2007: folds 
joao pedro48: calls $0.02
valera_9696@: folds 
kontakis13: folds 
Sticky514: checks 
*** FLOP *** [2s 5s 4c]
Sticky514: checks 
joao pedro48: checks 
*** TURN *** [2s 5s 4c] [6h]
Sticky514: checks 
joao pedro48: checks 
*** RIVER *** [2s 5s 4c 6h] [Ks]
Sticky514: checks 
joao pedro48: checks 
*** SHOW DOWN ***
Sticky514: shows [8s Tc] (high card King)
joao pedro48: shows [Ts 8d] (high card King)
Sticky514 collected $0.03 from pot
joao pedro48 collected $0.02 from pot
*** SUMMARY ***
Total pot $0.05 | Rake $0 
Board [2s 5s 4c 6h Ks]
Seat 1: Sticky514 (big blind) showed [8s Tc] and won ($0.03) with high card King
Seat 2: Gustavok10 folded before Flop (didn't bet)
Seat 3: Bradley166 folded before Flop (didn't bet)
Seat 4: jokel85 folded before Flop (didn't bet)
Seat 5: bidan77 folded before Flop (didn't bet)
Seat 6: Dorex2007 folded before Flop (didn't bet)
Seat 7: joao pedro48 showed [Ts 8d] and won ($0.02) with high card King
Seat 8: valera_9696@ (button) folded before Flop (didn't bet)
Seat 9: kontakis13 (small blind) folded before Flop



PokerStars Hand #224124736272:  Hold'em No Limit ($0.01/$0.02 USD) - 2021/02/22 18:40:47 PT [2021/02/22 21:40:47 ET]
Table 'Amphitrite VII' 9-max Seat #9 is the button
Seat 1: Sticky514 ($4.32 in chips) 
Seat 2: Gustavok10 ($1.96 in chips) 
Seat 3: Bradley166 ($3.13 in chips) 
Seat 4: jokel85 ($1.94 in chips) 
Seat 5: bidan77 ($3.85 in chips) 
Seat 6: Dorex2007 ($1.37 in chips) 
Seat 7: joao pedro48 ($1.44 in chips) 
Seat 8: valera_9696@ ($2.28 in chips) 
Seat 9: kontakis13 ($0.68 in chips) 
Sticky514: posts small blind $0.01
Gustavok10: posts big blind $0.02
*** HOLE CARDS ***
Dealt to Dorex2007 [4h 7d]
Bradley166: calls $0.02
jokel85: calls $0.02
bidan77: folds 
Dorex2007: folds 
joao pedro48: folds 
valera_9696@: raises $0.10 to $0.12
kontakis13: folds 
Sticky514: folds 
Gustavok10: folds 
Bradley166: calls $0.10
jokel85: calls $0.10
*** FLOP *** [Kh 7h Kc]
Bradley166: checks 
jokel85: checks 
valera_9696@: bets $0.13
Bradley166: calls $0.13
jokel85: folds 
*** TURN *** [Kh 7h Kc] [Kd]
Bradley166: checks 
valera_9696@: checks 
*** RIVER *** [Kh 7h Kc Kd] [6h]
Bradley166: checks 
valera_9696@: checks 
*** SHOW DOWN ***
Bradley166: shows [9h 8h] (a flush, King high)
valera_9696@: mucks hand 
Bradley166 collected $0.63 from pot
*** SUMMARY ***
Total pot $0.65 | Rake $0.02 
Board [Kh 7h Kc Kd 6h]
Seat 1: Sticky514 (small blind) folded before Flop
Seat 2: Gustavok10 (big blind) folded before Flop
Seat 3: Bradley166 showed [9h 8h] and won ($0.63) with a flush, King high
Seat 4: jokel85 folded on the Flop
Seat 5: bidan77 folded before Flop (didn't bet)
Seat 6: Dorex2007 folded before Flop (didn't bet)
Seat 7: joao pedro48 folded before Flop (didn't bet)
Seat 8: valera_9696@ mucked [Jh As]
Seat 9: kontakis13 (button) folded before Flop (didn't bet)



PokerStars Hand #224124759997:  Hold'em No Limit ($0.01/$0.02 USD) - 2021/02/22 18:42:08 PT [2021/02/22 21:42:08 ET]
Table 'Amphitrite VII' 9-max Seat #1 is the button
Seat 1: Sticky514 ($4.31 in chips) 
Seat 2: Gustavok10 ($1.94 in chips) 
Seat 3: Bradley166 ($3.51 in chips) 
Seat 4: jokel85 ($1.82 in chips) 
Seat 5: bidan77 ($3.85 in chips) 
Seat 6: Dorex2007 ($1.37 in chips) 
Seat 7: joao pedro48 ($1.44 in chips) 
Seat 8: valera_9696@ ($2.03 in chips) 
Seat 9: kontakis13 ($0.68 in chips) 
Gustavok10: posts small blind $0.01
Bradley166: posts big blind $0.02
*** HOLE CARDS ***
Dealt to Dorex2007 [9s 4d]
jokel85: folds 
bidan77: folds 
Dorex2007: folds 
joao pedro48: folds 
valera_9696@: folds 
kontakis13: folds 
Sticky514: folds 
Gustavok10: calls $0.01
Bradley166: checks 
*** FLOP *** [3h Kc 2s]
Gustavok10: checks 
Bradley166: bets $0.04
Gustavok10: calls $0.04
*** TURN *** [3h Kc 2s] [7c]
Gustavok10: checks 
Bradley166: bets $0.06
Gustavok10: raises $0.06 to $0.12
Bradley166: calls $0.06
*** RIVER *** [3h Kc 2s 7c] [7h]
Gustavok10: checks 
Bradley166: checks 
*** SHOW DOWN ***
Gustavok10: shows [2c 3d] (two pair, Sevens and Threes)
Bradley166: shows [2d 3s] (two pair, Sevens and Threes)
Gustavok10 collected $0.18 from pot
Bradley166 collected $0.17 from pot
*** SUMMARY ***
Total pot $0.36 | Rake $0.01 
Board [3h Kc 2s 7c 7h]
Seat 1: Sticky514 (button) folded before Flop (didn't bet)
Seat 2: Gustavok10 (small blind) showed [2c 3d] and won ($0.18) with two pair, Sevens and Threes
Seat 3: Bradley166 (big blind) showed [2d 3s] and won ($0.17) with two pair, Sevens and Threes
Seat 4: jokel85 folded before Flop (didn't bet)
Seat 5: bidan77 folded before Flop (didn't bet)
Seat 6: Dorex2007 folded before Flop (didn't bet)
Seat 7: joao pedro48 folded before Flop (didn't bet)
Seat 8: valera_9696@ folded before Flop (didn't bet)
Seat 9: kontakis13 folded before Flop (didn't bet)



PokerStars Hand #224124786449:  Hold'em No Limit ($0.01/$0.02 USD) - 2021/02/22 18:43:25 PT [2021/02/22 21:43:25 ET]
Table 'Amphitrite VII' 9-max Seat #2 is the button
Seat 1: Sticky514 ($4.31 in chips) 
Seat 2: Gustavok10 ($1.94 in chips) 
Seat 3: Bradley166 ($3.50 in chips) 
Seat 4: jokel85 ($1.82 in chips) 
Seat 5: bidan77 ($3.85 in chips) 
Seat 6: Dorex2007 ($1.37 in chips) 
Seat 7: joao pedro48 ($1.44 in chips) 
Seat 8: valera_9696@ ($2.03 in chips) 
Seat 9: kontakis13 ($0.68 in chips) 
Bradley166: posts small blind $0.01
jokel85: posts big blind $0.02
*** HOLE CARDS ***
Dealt to Dorex2007 [Ks 9d]
bidan77: folds 
Dorex2007: folds 
joao pedro48: folds 
valera_9696@: folds 
kontakis13: raises $0.02 to $0.04
Sticky514: calls $0.04
Gustavok10: calls $0.04
Bradley166: calls $0.03
jokel85: folds 
*** FLOP *** [6s 3d 3h]
Bradley166: checks 
kontakis13: bets $0.10
Sticky514: folds 
Gustavok10: folds 
Bradley166: folds 
Uncalled bet ($0.10) returned to kontakis13
kontakis13 collected $0.17 from pot
kontakis13: doesn't show hand 
*** SUMMARY ***
Total pot $0.18 | Rake $0.01 
Board [6s 3d 3h]
Seat 1: Sticky514 folded on the Flop
Seat 2: Gustavok10 (button) folded on the Flop
Seat 3: Bradley166 (small blind) folded on the Flop
Seat 4: jokel85 (big blind) folded before Flop
Seat 5: bidan77 folded before Flop (didn't bet)
Seat 6: Dorex2007 folded before Flop (didn't bet)
Seat 7: joao pedro48 folded before Flop (didn't bet)
Seat 8: valera_9696@ folded before Flop (didn't bet)
Seat 9: kontakis13 collected ($0.17)



PokerStars Hand #224124798147:  Hold'em No Limit ($0.01/$0.02 USD) - 2021/02/22 18:44:05 PT [2021/02/22 21:44:05 ET]
Table 'Amphitrite VII' 9-max Seat #3 is the button
Seat 1: Sticky514 ($4.27 in chips) 
Seat 2: Gustavok10 ($1.90 in chips) 
Seat 3: Bradley166 ($3.46 in chips) 
Seat 4: jokel85 ($1.80 in chips) 
Seat 5: bidan77 ($3.85 in chips) 
Seat 6: Dorex2007 ($1.37 in chips) 
Seat 7: joao pedro48 ($1.44 in chips) 
Seat 8: valera_9696@ ($2.03 in chips) 
Seat 9: kontakis13 ($0.81 in chips) 
jokel85: posts small blind $0.01
bidan77: posts big blind $0.02
*** HOLE CARDS ***
Dealt to Dorex2007 [As 3s]
Dorex2007: folds 
joao pedro48: raises $0.02 to $0.04
valera_9696@: folds 
kontakis13: folds 
Sticky514: calls $0.04
Gustavok10: calls $0.04
Bradley166: folds 
jokel85: folds 
bidan77: calls $0.02
*** FLOP *** [9s Qd 2c]
bidan77: checks 
joao pedro48: checks 
Sticky514: checks 
Gustavok10: checks 
*** TURN *** [9s Qd 2c] [2h]
bidan77: checks 
joao pedro48: checks 
Sticky514: checks 
Gustavok10: checks 
*** RIVER *** [9s Qd 2c 2h] [Jc]
bidan77: checks 
joao pedro48: bets $0.10
Sticky514: calls $0.10
Gustavok10: folds 
bidan77: folds 
*** SHOW DOWN ***
joao pedro48: shows [Ah Jd] (two pair, Jacks and Deuces)
Sticky514: mucks hand 
joao pedro48 collected $0.36 from pot
*** SUMMARY ***
Total pot $0.37 | Rake $0.01 
Board [9s Qd 2c 2h Jc]
Seat 1: Sticky514 mucked [Jh 7h]
Seat 2: Gustavok10 folded on the River
Seat 3: Bradley166 (button) folded before Flop (didn't bet)
Seat 4: jokel85 (small blind) folded before Flop
Seat 5: bidan77 (big blind) folded on the River
Seat 6: Dorex2007 folded before Flop (didn't bet)
Seat 7: joao pedro48 showed [Ah Jd] and won ($0.36) with two pair, Jacks and Deuces
Seat 8: valera_9696@ folded before Flop (didn't bet)
Seat 9: kontakis13 folded before Flop (didn't bet)



PokerStars Hand #224124828926:  Hold'em No Limit ($0.01/$0.02 USD) - 2021/02/22 18:45:29 PT [2021/02/22 21:45:29 ET]
Table 'Amphitrite VII' 9-max Seat #4 is the button
Seat 1: Sticky514 ($4.13 in chips) 
Seat 2: Gustavok10 ($1.86 in chips) 
Seat 3: Bradley166 ($3.46 in chips) 
Seat 4: jokel85 ($1.79 in chips) 
Seat 5: bidan77 ($3.81 in chips) 
Seat 6: Dorex2007 ($1.37 in chips) 
Seat 7: joao pedro48 ($1.66 in chips) 
Seat 8: valera_9696@ ($2.03 in chips) 
Seat 9: kontakis13 ($0.81 in chips) 
bidan77: posts small blind $0.01
Dorex2007: posts big blind $0.02
*** HOLE CARDS ***
Dealt to Dorex2007 [Qc Kh]
joao pedro48: calls $0.02
valera_9696@: folds 
kontakis13: folds 
Sticky514: calls $0.02
Gustavok10: folds 
Bradley166: calls $0.02
jokel85: raises $0.10 to $0.12
bidan77: calls $0.11
Dorex2007: calls $0.10
joao pedro48: calls $0.10
Sticky514: folds 
Bradley166: folds 
*** FLOP *** [9h 6c Kd]
bidan77: checks 
Dorex2007: bets $0.50
joao pedro48: folds 
jokel85: folds 
bidan77: folds 
Uncalled bet ($0.50) returned to Dorex2007
Dorex2007 collected $0.50 from pot
Dorex2007: doesn't show hand 
*** SUMMARY ***
Total pot $0.52 | Rake $0.02 
Board [9h 6c Kd]
Seat 1: Sticky514 folded before Flop
Seat 2: Gustavok10 folded before Flop (didn't bet)
Seat 3: Bradley166 folded before Flop
Seat 4: jokel85 (button) folded on the Flop
Seat 5: bidan77 (small blind) folded on the Flop
Seat 6: Dorex2007 (big blind) collected ($0.50)
Seat 7: joao pedro48 folded on the Flop
Seat 8: valera_9696@ folded before Flop (didn't bet)
Seat 9: kontakis13 folded before Flop (didn't bet)



PokerStars Hand #224124847594:  Hold'em No Limit ($0.01/$0.02 USD) - 2021/02/22 18:46:33 PT [2021/02/22 21:46:33 ET]
Table 'Amphitrite VII' 9-max Seat #5 is the button
Seat 1: Sticky514 ($4.11 in chips) 
Seat 2: Gustavok10 ($1.86 in chips) 
Seat 3: Bradley166 ($3.44 in chips) 
Seat 4: jokel85 ($1.67 in chips) 
Seat 5: bidan77 ($3.69 in chips) 
Seat 6: Dorex2007 ($1.75 in chips) 
Seat 7: joao pedro48 ($1.54 in chips) 
Seat 8: valera_9696@ ($2.03 in chips) 
Seat 9: kontakis13 ($0.81 in chips) 
Dorex2007: posts small blind $0.01
joao pedro48: posts big blind $0.02
*** HOLE CARDS ***
Dealt to Dorex2007 [8d Kh]
valera_9696@: folds 
kontakis13: folds 
Sticky514: raises $0.04 to $0.06
Gustavok10: calls $0.06
Bradley166: calls $0.06
jokel85: folds 
bidan77: raises $3.63 to $3.69 and is all-in
Dorex2007: folds 
joao pedro48: folds 
Sticky514: folds 
Gustavok10: folds 
Bradley166: folds 
Uncalled bet ($3.63) returned to bidan77
bidan77 collected $0.27 from pot
bidan77: doesn't show hand 
*** SUMMARY ***
Total pot $0.27 | Rake $0 
Seat 1: Sticky514 folded before Flop
Seat 2: Gustavok10 folded before Flop
Seat 3: Bradley166 folded before Flop
Seat 4: jokel85 folded before Flop (didn't bet)
Seat 5: bidan77 (button) collected ($0.27)
Seat 6: Dorex2007 (small blind) folded before Flop
Seat 7: joao pedro48 (big blind) folded before Flop
Seat 8: valera_9696@ folded before Flop (didn't bet)
Seat 9: kontakis13 folded before Flop (didn't bet)



PokerStars Hand #224124862927:  Hold'em No Limit ($0.01/$0.02 USD) - 2021/02/22 18:47:26 PT [2021/02/22 21:47:26 ET]
Table 'Amphitrite VII' 9-max Seat #6 is the button
Seat 1: Sticky514 ($4.05 in chips) 
Seat 2: Gustavok10 ($1.80 in chips) 
Seat 3: Bradley166 ($3.38 in chips) 
Seat 4: jokel85 ($1.67 in chips) 
Seat 5: bidan77 ($3.90 in chips) 
Seat 6: Dorex2007 ($1.74 in chips) 
Seat 7: joao pedro48 ($1.52 in chips) 
Seat 8: valera_9696@ ($2.03 in chips) 
Seat 9: kontakis13 ($0.81 in chips) 
joao pedro48: posts small blind $0.01
valera_9696@: posts big blind $0.02
*** HOLE CARDS ***
Dealt to Dorex2007 [8d Kh]
kontakis13: folds 
Sticky514: raises $0.06 to $0.08
Gustavok10: folds 
Bradley166: folds 
jokel85: folds 
bidan77: folds 
Dorex2007: folds 
joao pedro48: calls $0.07
valera_9696@: folds 
*** FLOP *** [4h 5h Th]
joao pedro48: checks 
Sticky514: bets $0.08
joao pedro48: calls $0.08
*** TURN *** [4h 5h Th] [3s]
joao pedro48: checks 
Sticky514: bets $0.16
joao pedro48: folds 
Uncalled bet ($0.16) returned to Sticky514
Sticky514 collected $0.33 from pot
Sticky514: doesn't show hand 
*** SUMMARY ***
Total pot $0.34 | Rake $0.01 
Board [4h 5h Th 3s]
Seat 1: Sticky514 collected ($0.33)
Seat 2: Gustavok10 folded before Flop (didn't bet)
Seat 3: Bradley166 folded before Flop (didn't bet)
Seat 4: jokel85 folded before Flop (didn't bet)
Seat 5: bidan77 folded before Flop (didn't bet)
Seat 6: Dorex2007 (button) folded before Flop (didn't bet)
Seat 7: joao pedro48 (small blind) folded on the Turn
Seat 8: valera_9696@ (big blind) folded before Flop
Seat 9: kontakis13 folded before Flop (didn't bet)



PokerStars Hand #224124875332:  Hold'em No Limit ($0.01/$0.02 USD) - 2021/02/22 18:48:03 PT [2021/02/22 21:48:03 ET]
Table 'Amphitrite VII' 9-max Seat #7 is the button
Seat 1: Sticky514 ($4.22 in chips) 
Seat 2: Gustavok10 ($1.80 in chips) 
Seat 3: Bradley166 ($3.38 in chips) 
Seat 4: jokel85 ($1.67 in chips) 
Seat 5: bidan77 ($3.90 in chips) 
Seat 6: Dorex2007 ($1.74 in chips) 
Seat 7: joao pedro48 ($1.36 in chips) 
Seat 8: valera_9696@ ($2.01 in chips) 
Seat 9: kontakis13 ($0.81 in chips) 
valera_9696@: posts small blind $0.01
kontakis13: posts big blind $0.02
*** HOLE CARDS ***
Dealt to Dorex2007 [Ts 3h]
Sticky514: raises $0.02 to $0.04
Gustavok10: folds 
Bradley166: folds 
jokel85: folds 
Gustavok10 leaves the table
bidan77: calls $0.04
Dorex2007: folds 
joao pedro48: folds 
valera_9696@: calls $0.03
kontakis13: folds 
*** FLOP *** [Jc 8d 5s]
valera_9696@: checks 
Sticky514: bets $0.04
bidan77: calls $0.04
valera_9696@: folds 
*** TURN *** [Jc 8d 5s] [4c]
Sticky514: bets $0.06
bidan77: calls $0.06
*** RIVER *** [Jc 8d 5s 4c] [8c]
Sticky514: bets $0.14
eljowy2020 joins the table at seat #2 
bidan77: folds 
Uncalled bet ($0.14) returned to Sticky514
Sticky514 collected $0.33 from pot
Sticky514: doesn't show hand 
*** SUMMARY ***
Total pot $0.34 | Rake $0.01 
Board [Jc 8d 5s 4c 8c]
Seat 1: Sticky514 collected ($0.33)
Seat 2: Gustavok10 folded before Flop (didn't bet)
Seat 3: Bradley166 folded before Flop (didn't bet)
Seat 4: jokel85 folded before Flop (didn't bet)
Seat 5: bidan77 folded on the River
Seat 6: Dorex2007 folded before Flop (didn't bet)
Seat 7: joao pedro48 (button) folded before Flop (didn't bet)
Seat 8: valera_9696@ (small blind) folded on the Flop
Seat 9: kontakis13 (big blind) folded before Flop



PokerStars Hand #224124894419:  Hold'em No Limit ($0.01/$0.02 USD) - 2021/02/22 18:49:09 PT [2021/02/22 21:49:09 ET]
Table 'Amphitrite VII' 9-max Seat #8 is the button
Seat 1: Sticky514 ($4.41 in chips) 
Seat 3: Bradley166 ($3.38 in chips) 
Seat 4: jokel85 ($1.67 in chips) 
Seat 5: bidan77 ($3.76 in chips) 
Seat 6: Dorex2007 ($1.74 in chips) 
Seat 7: joao pedro48 ($1.36 in chips) 
Seat 8: valera_9696@ ($2 in chips) 
Seat 9: kontakis13 ($0.79 in chips) 
kontakis13: posts small blind $0.01
Sticky514: posts big blind $0.02
eljowy2020: sits out 
*** HOLE CARDS ***
Dealt to Dorex2007 [5s 2c]
Bradley166: raises $0.02 to $0.04
jokel85: folds 
bidan77: folds 
Dorex2007: folds 
joao pedro48: calls $0.04
valera_9696@: folds 
kontakis13: calls $0.03
Sticky514: calls $0.02
*** FLOP *** [Ks Ts 6d]
kontakis13: checks 
Sticky514: checks 
Bradley166: bets $0.08
joao pedro48: folds 
kontakis13: calls $0.08
Sticky514: folds 
*** TURN *** [Ks Ts 6d] [Kc]
kontakis13: checks 
Bradley166: checks 
*** RIVER *** [Ks Ts 6d Kc] [3s]
kontakis13: bets $0.08
Bradley166: calls $0.08
*** SHOW DOWN ***
kontakis13: shows [Qd Td] (two pair, Kings and Tens)
Bradley166: shows [Ah Ac] (two pair, Aces and Kings)
Bradley166 collected $0.46 from pot
*** SUMMARY ***
Total pot $0.48 | Rake $0.02 
Board [Ks Ts 6d Kc 3s]
Seat 1: Sticky514 (big blind) folded on the Flop
Seat 3: Bradley166 showed [Ah Ac] and won ($0.46) with two pair, Aces and Kings
Seat 4: jokel85 folded before Flop (didn't bet)
Seat 5: bidan77 folded before Flop (didn't bet)
Seat 6: Dorex2007 folded before Flop (didn't bet)
Seat 7: joao pedro48 folded on the Flop
Seat 8: valera_9696@ (button) folded before Flop (didn't bet)
Seat 9: kontakis13 (small blind) showed [Qd Td] and lost with two pair, Kings and Tens



PokerStars Hand #224124913235:  Hold'em No Limit ($0.01/$0.02 USD) - 2021/02/22 18:50:13 PT [2021/02/22 21:50:13 ET]
Table 'Amphitrite VII' 9-max Seat #9 is the button
Seat 1: Sticky514 ($4.37 in chips) 
Seat 2: eljowy2020 ($2 in chips) 
Seat 3: Bradley166 ($3.64 in chips) 
Seat 4: jokel85 ($1.67 in chips) 
Seat 5: bidan77 ($3.76 in chips) 
Seat 6: Dorex2007 ($1.74 in chips) 
Seat 7: joao pedro48 ($1.32 in chips) 
Seat 8: valera_9696@ ($2 in chips) 
Seat 9: kontakis13 ($0.59 in chips) 
Sticky514: posts small blind $0.01
eljowy2020: posts big blind $0.02
*** HOLE CARDS ***
Dealt to Dorex2007 [Ad 8h]
Bradley166: raises $0.02 to $0.04
jokel85: folds 
bidan77: folds 
Dorex2007: folds 
joao pedro48: folds 
valera_9696@: folds 
kontakis13: calls $0.04
Sticky514: folds 
eljowy2020: calls $0.02
*** FLOP *** [3d 5d 5c]
eljowy2020: checks 
Bradley166: checks 
kontakis13: bets $0.08
eljowy2020: folds 
Bradley166: calls $0.08
*** TURN *** [3d 5d 5c] [4c]
Bradley166: checks 
kontakis13: bets $0.16
Bradley166: calls $0.16
*** RIVER *** [3d 5d 5c 4c] [2d]
Bradley166: checks 
kontakis13: bets $0.31 and is all-in
Bradley166: calls $0.31
*** SHOW DOWN ***
kontakis13: shows [7c 6c] (a straight, Three to Seven)
Bradley166: shows [Jh Js] (two pair, Jacks and Fives)
kontakis13 collected $1.19 from pot
*** SUMMARY ***
Total pot $1.23 | Rake $0.04 
Board [3d 5d 5c 4c 2d]
Seat 1: Sticky514 (small blind) folded before Flop
Seat 2: eljowy2020 (big blind) folded on the Flop
Seat 3: Bradley166 showed [Jh Js] and lost with two pair, Jacks and Fives
Seat 4: jokel85 folded before Flop (didn't bet)
Seat 5: bidan77 folded before Flop (didn't bet)
Seat 6: Dorex2007 folded before Flop (didn't bet)
Seat 7: joao pedro48 folded before Flop (didn't bet)
Seat 8: valera_9696@ folded before Flop (didn't bet)
Seat 9: kontakis13 (button) showed [7c 6c] and won ($1.19) with a straight, Three to Seven



PokerStars Hand #224124934742:  Hold'em No Limit ($0.01/$0.02 USD) - 2021/02/22 18:51:18 PT [2021/02/22 21:51:18 ET]
Table 'Amphitrite VII' 9-max Seat #1 is the button
Seat 1: Sticky514 ($4.36 in chips) 
Seat 2: eljowy2020 ($1.96 in chips) 
Seat 3: Bradley166 ($3.05 in chips) 
Seat 4: jokel85 ($1.67 in chips) 
Seat 5: bidan77 ($3.76 in chips) 
Seat 6: Dorex2007 ($1.74 in chips) 
Seat 7: joao pedro48 ($1.32 in chips) 
Seat 8: valera_9696@ ($2 in chips) 
Seat 9: kontakis13 ($1.19 in chips) 
eljowy2020: posts small blind $0.01
Bradley166: posts big blind $0.02
*** HOLE CARDS ***
Dealt to Dorex2007 [Jd Jc]
jokel85: folds 
bidan77: folds 
Dorex2007: raises $0.04 to $0.06
joao pedro48 has timed out
joao pedro48: folds 
valera_9696@: folds 
kontakis13: folds 
Sticky514: folds 
eljowy2020: folds 
Bradley166: folds 
Uncalled bet ($0.04) returned to Dorex2007
Dorex2007 collected $0.05 from pot
Dorex2007: doesn't show hand 
*** SUMMARY ***
Total pot $0.05 | Rake $0 
Seat 1: Sticky514 (button) folded before Flop (didn't bet)
Seat 2: eljowy2020 (small blind) folded before Flop
Seat 3: Bradley166 (big blind) folded before Flop
Seat 4: jokel85 folded before Flop (didn't bet)
Seat 5: bidan77 folded before Flop (didn't bet)
Seat 6: Dorex2007 collected ($0.05)
Seat 7: joao pedro48 folded before Flop (didn't bet)
Seat 8: valera_9696@ folded before Flop (didn't bet)
Seat 9: kontakis13 folded before Flop (didn't bet)



PokerStars Hand #224124947205:  Hold'em No Limit ($0.01/$0.02 USD) - 2021/02/22 18:52:02 PT [2021/02/22 21:52:02 ET]
Table 'Amphitrite VII' 9-max Seat #2 is the button
Seat 1: Sticky514 ($4.36 in chips) 
Seat 2: eljowy2020 ($1.95 in chips) 
Seat 3: Bradley166 ($3.03 in chips) 
Seat 4: jokel85 ($1.67 in chips) 
Seat 5: bidan77 ($3.76 in chips) 
Seat 6: Dorex2007 ($1.77 in chips) 
Seat 8: valera_9696@ ($2 in chips) 
Seat 9: kontakis13 ($1.19 in chips) 
Bradley166: posts small blind $0.01
jokel85: posts big blind $0.02
*** HOLE CARDS ***
Dealt to Dorex2007 [5d 8d]
bidan77: raises $0.04 to $0.06
Dorex2007: folds 
valera_9696@: folds 
kontakis13: folds 
Sticky514: folds 
eljowy2020: folds 
Bradley166: calls $0.05
jokel85: calls $0.04
*** FLOP *** [Kd 5h 2d]
Bradley166: checks 
jokel85: checks 
bidan77: bets $0.09
Bradley166: folds 
jokel85: folds 
Uncalled bet ($0.09) returned to bidan77
bidan77 collected $0.17 from pot
bidan77: doesn't show hand 
*** SUMMARY ***
Total pot $0.18 | Rake $0.01 
Board [Kd 5h 2d]
Seat 1: Sticky514 folded before Flop (didn't bet)
Seat 2: eljowy2020 (button) folded before Flop (didn't bet)
Seat 3: Bradley166 (small blind) folded on the Flop
Seat 4: jokel85 (big blind) folded on the Flop
Seat 5: bidan77 collected ($0.17)
Seat 6: Dorex2007 folded before Flop (didn't bet)
Seat 8: valera_9696@ folded before Flop (didn't bet)
Seat 9: kontakis13 folded before Flop (didn't bet)



PokerStars Hand #224124965583:  Hold'em No Limit ($0.01/$0.02 USD) - 2021/02/22 18:53:06 PT [2021/02/22 21:53:06 ET]
Table 'Amphitrite VII' 9-max Seat #3 is the button
Seat 1: Sticky514 ($4.36 in chips) 
Seat 2: eljowy2020 ($1.95 in chips) 
Seat 3: Bradley166 ($2.97 in chips) 
Seat 4: jokel85 ($1.61 in chips) 
Seat 5: bidan77 ($3.87 in chips) 
Seat 6: Dorex2007 ($1.77 in chips) 
Seat 7: joao pedro48 ($1.32 in chips) 
Seat 8: valera_9696@ ($2 in chips) 
Seat 9: kontakis13 ($1.19 in chips) 
jokel85: posts small blind $0.01
bidan77: posts big blind $0.02
*** HOLE CARDS ***
Dealt to Dorex2007 [6d 8d]
Dorex2007: folds 
joao pedro48: calls $0.02
valera_9696@: folds 
kontakis13: folds 
Sticky514: folds 
eljowy2020: folds 
Bradley166: folds 
jokel85: calls $0.01
bidan77: checks 
*** FLOP *** [9c Ks 9d]
jokel85: bets $0.04
bidan77: folds 
joao pedro48: folds 
Uncalled bet ($0.04) returned to jokel85
jokel85 collected $0.06 from pot
jokel85: doesn't show hand 
*** SUMMARY ***
Total pot $0.06 | Rake $0 
Board [9c Ks 9d]
Seat 1: Sticky514 folded before Flop (didn't bet)
Seat 2: eljowy2020 folded before Flop (didn't bet)
Seat 3: Bradley166 (button) folded before Flop (didn't bet)
Seat 4: jokel85 (small blind) collected ($0.06)
Seat 5: bidan77 (big blind) folded on the Flop
Seat 6: Dorex2007 folded before Flop (didn't bet)
Seat 7: joao pedro48 folded on the Flop
Seat 8: valera_9696@ folded before Flop (didn't bet)
Seat 9: kontakis13 folded before Flop (didn't bet)



PokerStars Hand #224124976556:  Hold'em No Limit ($0.01/$0.02 USD) - 2021/02/22 18:53:45 PT [2021/02/22 21:53:45 ET]
Table 'Amphitrite VII' 9-max Seat #4 is the button
Seat 1: Sticky514 ($4.36 in chips) 
Seat 2: eljowy2020 ($1.95 in chips) 
Seat 3: Bradley166 ($2.97 in chips) 
Seat 4: jokel85 ($1.65 in chips) 
Seat 5: bidan77 ($3.85 in chips) 
Seat 6: Dorex2007 ($1.77 in chips) 
Seat 7: joao pedro48 ($1.30 in chips) 
Seat 8: valera_9696@ ($2 in chips) 
Seat 9: kontakis13 ($1.19 in chips) 
bidan77: posts small blind $0.01
Dorex2007: posts big blind $0.02
*** HOLE CARDS ***
Dealt to Dorex2007 [Qs Jc]
joao pedro48: raises $0.06 to $0.08
valera_9696@: folds 
kontakis13: folds 
Sticky514: calls $0.08
eljowy2020: folds 
Bradley166: folds 
jokel85: folds 
bidan77: folds 
Dorex2007: calls $0.06
*** FLOP *** [8c 3d As]
Dorex2007: checks 
joao pedro48: checks 
Sticky514: bets $0.10
Dorex2007: folds 
joao pedro48: raises $0.10 to $0.20
Sticky514: calls $0.10
*** TURN *** [8c 3d As] [Ah]
joao pedro48: bets $0.08
Sticky514: raises $0.12 to $0.20
joao pedro48: calls $0.12
*** RIVER *** [8c 3d As Ah] [5d]
joao pedro48: bets $0.16
Sticky514: calls $0.16
*** SHOW DOWN ***
joao pedro48: shows [Ac 3s] (a full house, Aces full of Threes)
Sticky514: mucks hand 
joao pedro48 collected $1.32 from pot
*** SUMMARY ***
Total pot $1.37 | Rake $0.05 
Board [8c 3d As Ah 5d]
Seat 1: Sticky514 mucked [Ts Tc]
Seat 2: eljowy2020 folded before Flop (didn't bet)
Seat 3: Bradley166 folded before Flop (didn't bet)
Seat 4: jokel85 (button) folded before Flop (didn't bet)
Seat 5: bidan77 (small blind) folded before Flop
Seat 6: Dorex2007 (big blind) folded on the Flop
Seat 7: joao pedro48 showed [Ac 3s] and won ($1.32) with a full house, Aces full of Threes
Seat 8: valera_9696@ folded before Flop (didn't bet)
Seat 9: kontakis13 folded before Flop (didn't bet)



PokerStars Hand #224125007636:  Hold'em No Limit ($0.01/$0.02 USD) - 2021/02/22 18:55:23 PT [2021/02/22 21:55:23 ET]
Table 'Amphitrite VII' 9-max Seat #5 is the button
Seat 1: Sticky514 ($3.72 in chips) 
Seat 2: eljowy2020 ($1.95 in chips) 
Seat 3: Bradley166 ($2.97 in chips) 
Seat 4: jokel85 ($1.65 in chips) 
Seat 5: bidan77 ($3.84 in chips) 
Seat 6: Dorex2007 ($1.69 in chips) 
Seat 7: joao pedro48 ($1.98 in chips) 
Seat 8: valera_9696@ ($2 in chips) 
Seat 9: kontakis13 ($1.19 in chips) 
Dorex2007: posts small blind $0.01
joao pedro48: posts big blind $0.02
*** HOLE CARDS ***
Dealt to Dorex2007 [3d Ks]
valera_9696@: folds 
kontakis13: folds 
Sticky514: folds 
eljowy2020: folds 
Bradley166: folds 
jokel85: raises $0.03 to $0.05
bidan77: folds 
Dorex2007: folds 
joao pedro48: folds 
Uncalled bet ($0.03) returned to jokel85
jokel85 collected $0.05 from pot
jokel85: doesn't show hand 
*** SUMMARY ***
Total pot $0.05 | Rake $0 
Seat 1: Sticky514 folded before Flop (didn't bet)
Seat 2: eljowy2020 folded before Flop (didn't bet)
Seat 3: Bradley166 folded before Flop (didn't bet)
Seat 4: jokel85 collected ($0.05)
Seat 5: bidan77 (button) folded before Flop (didn't bet)
Seat 6: Dorex2007 (small blind) folded before Flop
Seat 7: joao pedro48 (big blind) folded before Flop
Seat 8: valera_9696@ folded before Flop (didn't bet)
Seat 9: kontakis13 folded before Flop (didn't bet)



PokerStars Hand #224125011991:  Hold'em No Limit ($0.01/$0.02 USD) - 2021/02/22 18:55:43 PT [2021/02/22 21:55:43 ET]
Table 'Amphitrite VII' 9-max Seat #6 is the button
Seat 1: Sticky514 ($3.72 in chips) 
Seat 2: eljowy2020 ($1.95 in chips) 
Seat 3: Bradley166 ($2.97 in chips) 
Seat 4: jokel85 ($1.68 in chips) 
Seat 5: bidan77 ($3.84 in chips) 
Seat 6: Dorex2007 ($1.68 in chips) 
Seat 7: joao pedro48 ($1.96 in chips) 
Seat 8: valera_9696@ ($2 in chips) 
Seat 9: kontakis13 ($1.19 in chips) 
joao pedro48: posts small blind $0.01
valera_9696@: posts big blind $0.02
*** HOLE CARDS ***
Dealt to Dorex2007 [4h 2h]
kontakis13: folds 
Sticky514: folds 
eljowy2020: raises $0.02 to $0.04
Bradley166: calls $0.04
jokel85: raises $0.12 to $0.16
bidan77: folds 
Dorex2007: folds 
joao pedro48: folds 
valera_9696@: folds 
eljowy2020: folds 
Bradley166: calls $0.12
*** FLOP *** [Ks 7s 2c]
Bradley166: checks 
jokel85: checks 
*** TURN *** [Ks 7s 2c] [Jc]
Bradley166: checks 
jokel85: bets $0.25
Bradley166: folds 
Uncalled bet ($0.25) returned to jokel85
jokel85 collected $0.38 from pot
jokel85: doesn't show hand 
*** SUMMARY ***
Total pot $0.39 | Rake $0.01 
Board [Ks 7s 2c Jc]
Seat 1: Sticky514 folded before Flop (didn't bet)
Seat 2: eljowy2020 folded before Flop
Seat 3: Bradley166 folded on the Turn
Seat 4: jokel85 collected ($0.38)
Seat 5: bidan77 folded before Flop (didn't bet)
Seat 6: Dorex2007 (button) folded before Flop (didn't bet)
Seat 7: joao pedro48 (small blind) folded before Flop
Seat 8: valera_9696@ (big blind) folded before Flop
Seat 9: kontakis13 folded before Flop (didn't bet)



PokerStars Hand #224125028739:  Hold'em No Limit ($0.01/$0.02 USD) - 2021/02/22 18:56:34 PT [2021/02/22 21:56:34 ET]
Table 'Amphitrite VII' 9-max Seat #7 is the button
Seat 1: Sticky514 ($3.72 in chips) 
Seat 2: eljowy2020 ($1.91 in chips) 
Seat 3: Bradley166 ($2.81 in chips) 
Seat 4: jokel85 ($1.90 in chips) 
Seat 5: bidan77 ($3.84 in chips) 
Seat 6: Dorex2007 ($1.68 in chips) 
Seat 7: joao pedro48 ($1.95 in chips) 
Seat 8: valera_9696@ ($2 in chips) 
Seat 9: kontakis13 ($1.19 in chips) 
valera_9696@: posts small blind $0.01
kontakis13: posts big blind $0.02
*** HOLE CARDS ***
Dealt to Dorex2007 [2s Qd]
Sticky514: folds 
eljowy2020: raises $0.02 to $0.04
Bradley166: folds 
jokel85: folds 
bidan77: folds 
Dorex2007: folds 
joao pedro48: calls $0.04
valera_9696@: folds 
kontakis13: calls $0.02
*** FLOP *** [Jd 8d 4s]
kontakis13: checks 
eljowy2020: checks 
joao pedro48: checks 
*** TURN *** [Jd 8d 4s] [5c]
kontakis13: bets $0.12
eljowy2020: folds 
joao pedro48: folds 
Uncalled bet ($0.12) returned to kontakis13
kontakis13 collected $0.13 from pot
kontakis13: doesn't show hand 
*** SUMMARY ***
Total pot $0.13 | Rake $0 
Board [Jd 8d 4s 5c]
Seat 1: Sticky514 folded before Flop (didn't bet)
Seat 2: eljowy2020 folded on the Turn
Seat 3: Bradley166 folded before Flop (didn't bet)
Seat 4: jokel85 folded before Flop (didn't bet)
Seat 5: bidan77 folded before Flop (didn't bet)
Seat 6: Dorex2007 folded before Flop (didn't bet)
Seat 7: joao pedro48 (button) folded on the Turn
Seat 8: valera_9696@ (small blind) folded before Flop
Seat 9: kontakis13 (big blind) collected ($0.13)



PokerStars Hand #224125036787:  Hold'em No Limit ($0.01/$0.02 USD) - 2021/02/22 18:57:10 PT [2021/02/22 21:57:10 ET]
Table 'Amphitrite VII' 9-max Seat #8 is the button
Seat 1: Sticky514 ($3.72 in chips) 
Seat 2: eljowy2020 ($1.87 in chips) 
Seat 3: Bradley166 ($2.81 in chips) 
Seat 4: jokel85 ($1.90 in chips) 
Seat 5: bidan77 ($3.84 in chips) 
Seat 6: Dorex2007 ($1.68 in chips) 
Seat 7: joao pedro48 ($1.91 in chips) 
Seat 8: valera_9696@ ($2 in chips) 
Seat 9: kontakis13 ($1.28 in chips) 
kontakis13: posts small blind $0.01
Sticky514: posts big blind $0.02
*** HOLE CARDS ***
Dealt to Dorex2007 [Qs Ts]
eljowy2020: folds 
Bradley166: calls $0.02
jokel85: folds 
bidan77: folds 
Dorex2007: calls $0.02
joao pedro48: folds 
valera_9696@: raises $0.10 to $0.12
kontakis13: folds 
Sticky514: folds 
Bradley166: folds 
Dorex2007: calls $0.10
*** FLOP *** [6s 7s 6d]
Dorex2007: checks 
valera_9696@: bets $0.18
Dorex2007: calls $0.18
*** TURN *** [6s 7s 6d] [Tc]
Dorex2007: bets $0.63
valera_9696@: calls $0.63
*** RIVER *** [6s 7s 6d Tc] [Jh]
Dorex2007: bets $0.75 and is all-in
valera_9696@: calls $0.75
*** SHOW DOWN ***
Dorex2007: shows [Qs Ts] (two pair, Tens and Sixes)
valera_9696@: shows [Th Td] (a full house, Tens full of Sixes)
valera_9696@ collected $3.29 from pot
*** SUMMARY ***
Total pot $3.41 | Rake $0.12 
Board [6s 7s 6d Tc Jh]
Seat 1: Sticky514 (big blind) folded before Flop
Seat 2: eljowy2020 folded before Flop (didn't bet)
Seat 3: Bradley166 folded before Flop
Seat 4: jokel85 folded before Flop (didn't bet)
Seat 5: bidan77 folded before Flop (didn't bet)
Seat 6: Dorex2007 showed [Qs Ts] and lost with two pair, Tens and Sixes
Seat 7: joao pedro48 folded before Flop (didn't bet)
Seat 8: valera_9696@ (button) showed [Th Td] and won ($3.29) with a full house, Tens full of Sixes
Seat 9: kontakis13 (small blind) folded before Flop



