PokerStars Hand #225784431315:  Hold'em No Limit ($0.01/$0.02 USD) - 2021/04/12 16:35:48 PT [2021/04/12 19:35:48 ET]
Table 'Valentine II' 9-max Seat #8 is the button
Seat 1: RonnyLingott ($1.79 in chips) 
Seat 2: Dorex2007 ($1.50 in chips) 
Seat 4: ArielNBP ($2 in chips) 
Seat 5: Redmag666 ($2.57 in chips) 
Seat 6: RichHol ($1.91 in chips) 
Seat 7: K6 Jari Aarnio ($2.52 in chips) 
Seat 8: Yuri Colmerauer ($2.75 in chips) 
RonnyLingott: posts small blind $0.01
Dorex2007: posts big blind $0.02
*** HOLE CARDS ***
Dealt to Dorex2007 [6h 5d]
ArielNBP: folds 
Redmag666: folds 
RichHol: folds 
K6 Jari Aarnio: folds 
Yuri Colmerauer: folds 
RonnyLingott: folds 
Uncalled bet ($0.01) returned to Dorex2007
Dorex2007 collected $0.02 from pot
Dorex2007: doesn't show hand 
*** SUMMARY ***
Total pot $0.02 | Rake $0 
Seat 1: RonnyLingott (small blind) folded before Flop
Seat 2: Dorex2007 (big blind) collected ($0.02)
Seat 4: ArielNBP folded before Flop (didn't bet)
Seat 5: Redmag666 folded before Flop (didn't bet)
Seat 6: RichHol folded before Flop (didn't bet)
Seat 7: K6 Jari Aarnio folded before Flop (didn't bet)
Seat 8: Yuri Colmerauer (button) folded before Flop (didn't bet)



PokerStars Hand #225784436829:  Hold'em No Limit ($0.01/$0.02 USD) - 2021/04/12 16:36:02 PT [2021/04/12 19:36:02 ET]
Table 'Valentine II' 9-max Seat #1 is the button
Seat 1: RonnyLingott ($1.78 in chips) 
Seat 2: Dorex2007 ($1.51 in chips) 
Seat 4: ArielNBP ($2 in chips) 
Seat 5: Redmag666 ($2.57 in chips) 
Seat 6: RichHol ($1.91 in chips) 
Seat 7: K6 Jari Aarnio ($2.52 in chips) 
Seat 8: Yuri Colmerauer ($2.75 in chips) 
Dorex2007: posts small blind $0.01
ArielNBP: posts big blind $0.02
*** HOLE CARDS ***
Dealt to Dorex2007 [7s 2d]
Redmag666: folds 
RichHol: folds 
K6 Jari Aarnio: folds 
Yuri Colmerauer: folds 
RonnyLingott: folds 
Dorex2007: raises $0.04 to $0.06
ArielNBP: calls $0.04
*** FLOP *** [8d 9s 3c]
Dorex2007: bets $0.06
ArielNBP: calls $0.06
*** TURN *** [8d 9s 3c] [Jd]
Dorex2007: checks 
ArielNBP: checks 
*** RIVER *** [8d 9s 3c Jd] [4s]
Dorex2007: bets $0.12
ArielNBP: calls $0.12
*** SHOW DOWN ***
Dorex2007: shows [7s 2d] (high card Jack)
ArielNBP: shows [Js Ks] (a pair of Jacks)
ArielNBP collected $0.46 from pot
*** SUMMARY ***
Total pot $0.48 | Rake $0.02 
Board [8d 9s 3c Jd 4s]
Seat 1: RonnyLingott (button) folded before Flop (didn't bet)
Seat 2: Dorex2007 (small blind) showed [7s 2d] and lost with high card Jack
Seat 4: ArielNBP (big blind) showed [Js Ks] and won ($0.46) with a pair of Jacks
Seat 5: Redmag666 folded before Flop (didn't bet)
Seat 6: RichHol folded before Flop (didn't bet)
Seat 7: K6 Jari Aarnio folded before Flop (didn't bet)
Seat 8: Yuri Colmerauer folded before Flop (didn't bet)



PokerStars Hand #225784452735:  Hold'em No Limit ($0.01/$0.02 USD) - 2021/04/12 16:36:44 PT [2021/04/12 19:36:44 ET]
Table 'Valentine II' 9-max Seat #2 is the button
Seat 1: RonnyLingott ($1.78 in chips) 
Seat 2: Dorex2007 ($1.27 in chips) 
Seat 4: ArielNBP ($2.22 in chips) 
Seat 5: Redmag666 ($2.57 in chips) 
Seat 6: RichHol ($1.91 in chips) 
Seat 7: K6 Jari Aarnio ($2.52 in chips) 
Seat 8: Yuri Colmerauer ($2.75 in chips) 
ArielNBP: posts small blind $0.01
Redmag666: posts big blind $0.02
*** HOLE CARDS ***
Dealt to Dorex2007 [6s 6c]
RichHol: folds 
K6 Jari Aarnio: calls $0.02
Yuri Colmerauer: raises $0.06 to $0.08
RonnyLingott: folds 
Dorex2007: calls $0.08
ArielNBP: folds 
Redmag666: folds 
K6 Jari Aarnio: calls $0.06
*** FLOP *** [2d Js Kd]
K6 Jari Aarnio: bets $0.10
Yuri Colmerauer: calls $0.10
Dorex2007: folds 
*** TURN *** [2d Js Kd] [9c]
K6 Jari Aarnio: bets $0.12
Pepono101 joins the table at seat #3 
Yuri Colmerauer: calls $0.12
*** RIVER *** [2d Js Kd 9c] [9d]
K6 Jari Aarnio: checks 
Yuri Colmerauer: checks 
*** SHOW DOWN ***
K6 Jari Aarnio: shows [5d Qd] (a flush, King high)
Yuri Colmerauer: mucks hand 
K6 Jari Aarnio collected $0.69 from pot
*** SUMMARY ***
Total pot $0.71 | Rake $0.02 
Board [2d Js Kd 9c 9d]
Seat 1: RonnyLingott folded before Flop (didn't bet)
Seat 2: Dorex2007 (button) folded on the Flop
Seat 4: ArielNBP (small blind) folded before Flop
Seat 5: Redmag666 (big blind) folded before Flop
Seat 6: RichHol folded before Flop (didn't bet)
Seat 7: K6 Jari Aarnio showed [5d Qd] and won ($0.69) with a flush, King high
Seat 8: Yuri Colmerauer mucked [Qh Ad]



PokerStars Hand #225784477866:  Hold'em No Limit ($0.01/$0.02 USD) - 2021/04/12 16:37:51 PT [2021/04/12 19:37:51 ET]
Table 'Valentine II' 9-max Seat #4 is the button
Seat 1: RonnyLingott ($1.78 in chips) 
Seat 2: Dorex2007 ($1.92 in chips) 
Seat 4: ArielNBP ($2.21 in chips) 
Seat 5: Redmag666 ($2.55 in chips) 
Seat 6: RichHol ($1.91 in chips) 
Seat 7: K6 Jari Aarnio ($2.91 in chips) 
Seat 8: Yuri Colmerauer ($2.45 in chips) 
Redmag666: posts small blind $0.01
RichHol: posts big blind $0.02
Pepono101: sits out 
*** HOLE CARDS ***
Dealt to Dorex2007 [9d 3h]
K6 Jari Aarnio: folds 
Yuri Colmerauer: folds 
RonnyLingott: calls $0.02
Dorex2007: folds 
ArielNBP: folds 
Redmag666: calls $0.01
RichHol: checks 
*** FLOP *** [Qh 4c 7h]
Redmag666: checks 
RichHol: bets $0.04
RonnyLingott: folds 
Redmag666: calls $0.04
*** TURN *** [Qh 4c 7h] [2d]
Redmag666: checks 
RichHol: bets $0.08
Redmag666: calls $0.08
*** RIVER *** [Qh 4c 7h 2d] [7d]
Redmag666: checks 
RichHol: bets $0.18
Redmag666: folds 
Uncalled bet ($0.18) returned to RichHol
RichHol collected $0.29 from pot
RichHol: doesn't show hand 
*** SUMMARY ***
Total pot $0.30 | Rake $0.01 
Board [Qh 4c 7h 2d 7d]
Seat 1: RonnyLingott folded on the Flop
Seat 2: Dorex2007 folded before Flop (didn't bet)
Seat 4: ArielNBP (button) folded before Flop (didn't bet)
Seat 5: Redmag666 (small blind) folded on the River
Seat 6: RichHol (big blind) collected ($0.29)
Seat 7: K6 Jari Aarnio folded before Flop (didn't bet)
Seat 8: Yuri Colmerauer folded before Flop (didn't bet)



PokerStars Hand #225784508964:  Hold'em No Limit ($0.01/$0.02 USD) - 2021/04/12 16:39:14 PT [2021/04/12 19:39:14 ET]
Table 'Valentine II' 9-max Seat #5 is the button
Seat 1: RonnyLingott ($1.76 in chips) 
Seat 2: Dorex2007 ($1.92 in chips) 
Seat 3: Pepono101 ($1.96 in chips) 
Seat 4: ArielNBP ($2.21 in chips) 
Seat 5: Redmag666 ($2.41 in chips) 
Seat 6: RichHol ($2.06 in chips) 
Seat 7: K6 Jari Aarnio ($2.91 in chips) 
Seat 8: Yuri Colmerauer ($2.45 in chips) 
RichHol: posts small blind $0.01
K6 Jari Aarnio: posts big blind $0.02
Pepono101: posts big blind $0.02
*** HOLE CARDS ***
Dealt to Dorex2007 [Tc Kc]
Yuri Colmerauer: folds 
RonnyLingott: folds 
Dorex2007: raises $0.04 to $0.06
Pepono101: folds 
ArielNBP: folds 
Redmag666: calls $0.06
RichHol: folds 
K6 Jari Aarnio: calls $0.04
*** FLOP *** [9d 7c 7h]
K6 Jari Aarnio: checks 
Dorex2007: checks 
Redmag666: checks 
*** TURN *** [9d 7c 7h] [2d]
K6 Jari Aarnio: bets $0.08
Dorex2007: folds 
Redmag666: folds 
Uncalled bet ($0.08) returned to K6 Jari Aarnio
K6 Jari Aarnio collected $0.20 from pot
K6 Jari Aarnio: doesn't show hand 
*** SUMMARY ***
Total pot $0.21 | Rake $0.01 
Board [9d 7c 7h 2d]
Seat 1: RonnyLingott folded before Flop (didn't bet)
Seat 2: Dorex2007 folded on the Turn
Seat 3: Pepono101 folded before Flop (didn't bet)
Seat 4: ArielNBP folded before Flop (didn't bet)
Seat 5: Redmag666 (button) folded on the Turn
Seat 6: RichHol (small blind) folded before Flop
Seat 7: K6 Jari Aarnio (big blind) collected ($0.20)
Seat 8: Yuri Colmerauer folded before Flop (didn't bet)



PokerStars Hand #225784533928:  Hold'em No Limit ($0.01/$0.02 USD) - 2021/04/12 16:40:21 PT [2021/04/12 19:40:21 ET]
Table 'Valentine II' 9-max Seat #6 is the button
Seat 1: RonnyLingott ($1.76 in chips) 
Seat 2: Dorex2007 ($1.86 in chips) 
Seat 3: Pepono101 ($1.94 in chips) 
Seat 4: ArielNBP ($2.21 in chips) 
Seat 5: Redmag666 ($2.35 in chips) 
Seat 6: RichHol ($2.05 in chips) 
Seat 7: K6 Jari Aarnio ($3.05 in chips) 
Seat 8: Yuri Colmerauer ($2.45 in chips) 
K6 Jari Aarnio: posts small blind $0.01
Yuri Colmerauer: posts big blind $0.02
*** HOLE CARDS ***
Dealt to Dorex2007 [Kc 7s]
RonnyLingott: folds 
Dorex2007: folds 
Pepono101: folds 
ArielNBP: folds 
Redmag666: folds 
RichHol: folds 
K6 Jari Aarnio: folds 
Uncalled bet ($0.01) returned to Yuri Colmerauer
Yuri Colmerauer collected $0.02 from pot
Yuri Colmerauer: doesn't show hand 
*** SUMMARY ***
Total pot $0.02 | Rake $0 
Seat 1: RonnyLingott folded before Flop (didn't bet)
Seat 2: Dorex2007 folded before Flop (didn't bet)
Seat 3: Pepono101 folded before Flop (didn't bet)
Seat 4: ArielNBP folded before Flop (didn't bet)
Seat 5: Redmag666 folded before Flop (didn't bet)
Seat 6: RichHol (button) folded before Flop (didn't bet)
Seat 7: K6 Jari Aarnio (small blind) folded before Flop
Seat 8: Yuri Colmerauer (big blind) collected ($0.02)



PokerStars Hand #225784538797:  Hold'em No Limit ($0.01/$0.02 USD) - 2021/04/12 16:40:34 PT [2021/04/12 19:40:34 ET]
Table 'Valentine II' 9-max Seat #7 is the button
Seat 1: RonnyLingott ($1.76 in chips) 
Seat 2: Dorex2007 ($1.86 in chips) 
Seat 3: Pepono101 ($1.94 in chips) 
Seat 4: ArielNBP ($2.21 in chips) 
Seat 5: Redmag666 ($2.35 in chips) 
Seat 6: RichHol ($2.05 in chips) 
Seat 7: K6 Jari Aarnio ($3.04 in chips) 
Seat 8: Yuri Colmerauer ($2.46 in chips) 
Yuri Colmerauer: posts small blind $0.01
RonnyLingott: posts big blind $0.02
*** HOLE CARDS ***
Dealt to Dorex2007 [Qd 6c]
Dorex2007: folds 
Pepono101: folds 
ArielNBP: raises $0.03 to $0.05
Redmag666: calls $0.05
RichHol: folds 
K6 Jari Aarnio: calls $0.05
Yuri Colmerauer: folds 
RonnyLingott: folds 
*** FLOP *** [9c 3c 9d]
ArielNBP: bets $0.06
Redmag666: calls $0.06
K6 Jari Aarnio: calls $0.06
*** TURN *** [9c 3c 9d] [5d]
ArielNBP: checks 
Redmag666: checks 
K6 Jari Aarnio: bets $0.22
ArielNBP: calls $0.22
Redmag666: folds 
*** RIVER *** [9c 3c 9d 5d] [2h]
ArielNBP: checks 
K6 Jari Aarnio: checks 
*** SHOW DOWN ***
ArielNBP: shows [9s 9h] (four of a kind, Nines)
K6 Jari Aarnio: mucks hand 
ArielNBP collected $0.77 from pot
*** SUMMARY ***
Total pot $0.80 | Rake $0.03 
Board [9c 3c 9d 5d 2h]
Seat 1: RonnyLingott (big blind) folded before Flop
Seat 2: Dorex2007 folded before Flop (didn't bet)
Seat 3: Pepono101 folded before Flop (didn't bet)
Seat 4: ArielNBP showed [9s 9h] and won ($0.77) with four of a kind, Nines
Seat 5: Redmag666 folded on the Turn
Seat 6: RichHol folded before Flop (didn't bet)
Seat 7: K6 Jari Aarnio (button) mucked [8h Kh]
Seat 8: Yuri Colmerauer (small blind) folded before Flop



PokerStars Hand #225784582242:  Hold'em No Limit ($0.01/$0.02 USD) - 2021/04/12 16:42:06 PT [2021/04/12 19:42:06 ET]
Table 'Valentine II' 9-max Seat #8 is the button
Seat 1: RonnyLingott ($1.74 in chips) 
Seat 2: Dorex2007 ($1.86 in chips) 
Seat 3: Pepono101 ($1.94 in chips) 
Seat 4: ArielNBP ($2.65 in chips) 
Seat 5: Redmag666 ($2.24 in chips) 
Seat 6: RichHol ($2.05 in chips) 
Seat 7: K6 Jari Aarnio ($2.71 in chips) 
Seat 8: Yuri Colmerauer ($2.45 in chips) 
RonnyLingott: posts small blind $0.01
Dorex2007: posts big blind $0.02
*** HOLE CARDS ***
Dealt to Dorex2007 [3c Jh]
Pepono101 has timed out
Pepono101: folds 
ArielNBP: folds 
Redmag666: folds 
RichHol: folds 
K6 Jari Aarnio: folds 
Yuri Colmerauer: raises $0.04 to $0.06
RonnyLingott: calls $0.05
Dorex2007: folds 
*** FLOP *** [Js Qd Kc]
RonnyLingott: checks 
Yuri Colmerauer: checks 
*** TURN *** [Js Qd Kc] [8s]
RonnyLingott: checks 
Yuri Colmerauer: bets $0.07
RonnyLingott: calls $0.07
*** RIVER *** [Js Qd Kc 8s] [9s]
RonnyLingott: checks 
Yuri Colmerauer: checks 
*** SHOW DOWN ***
RonnyLingott: shows [Th Tc] (a straight, Nine to King)
Yuri Colmerauer: mucks hand 
RonnyLingott collected $0.27 from pot
*** SUMMARY ***
Total pot $0.28 | Rake $0.01 
Board [Js Qd Kc 8s 9s]
Seat 1: RonnyLingott (small blind) showed [Th Tc] and won ($0.27) with a straight, Nine to King
Seat 2: Dorex2007 (big blind) folded before Flop
Seat 3: Pepono101 folded before Flop (didn't bet)
Seat 4: ArielNBP folded before Flop (didn't bet)
Seat 5: Redmag666 folded before Flop (didn't bet)
Seat 6: RichHol folded before Flop (didn't bet)
Seat 7: K6 Jari Aarnio folded before Flop (didn't bet)
Seat 8: Yuri Colmerauer (button) mucked [Ad 3d]



PokerStars Hand #225784595999:  Hold'em No Limit ($0.01/$0.02 USD) - 2021/04/12 16:42:44 PT [2021/04/12 19:42:44 ET]
Table 'Valentine II' 9-max Seat #1 is the button
Seat 1: RonnyLingott ($1.88 in chips) 
Seat 2: Dorex2007 ($1.84 in chips) 
Seat 3: Pepono101 ($1.94 in chips) 
Seat 4: ArielNBP ($2.65 in chips) 
Seat 5: Redmag666 ($2.24 in chips) 
Seat 6: RichHol ($2.05 in chips) 
Seat 7: K6 Jari Aarnio ($2.71 in chips) 
Seat 8: Yuri Colmerauer ($2.32 in chips) 
Dorex2007: posts small blind $0.01
Pepono101: posts big blind $0.02
*** HOLE CARDS ***
Dealt to Dorex2007 [5c 5h]
ArielNBP: folds 
Redmag666: folds 
RichHol: folds 
K6 Jari Aarnio: folds 
Yuri Colmerauer: raises $0.04 to $0.06
RonnyLingott: folds 
Dorex2007: folds 
Pepono101: calls $0.04
*** FLOP *** [8c Kd Qc]
Pepono101: checks 
Yuri Colmerauer: bets $0.10
Pepono101: folds 
Uncalled bet ($0.10) returned to Yuri Colmerauer
Yuri Colmerauer collected $0.13 from pot
Yuri Colmerauer: doesn't show hand 
*** SUMMARY ***
Total pot $0.13 | Rake $0 
Board [8c Kd Qc]
Seat 1: RonnyLingott (button) folded before Flop (didn't bet)
Seat 2: Dorex2007 (small blind) folded before Flop
Seat 3: Pepono101 (big blind) folded on the Flop
Seat 4: ArielNBP folded before Flop (didn't bet)
Seat 5: Redmag666 folded before Flop (didn't bet)
Seat 6: RichHol folded before Flop (didn't bet)
Seat 7: K6 Jari Aarnio folded before Flop (didn't bet)
Seat 8: Yuri Colmerauer collected ($0.13)



PokerStars Hand #225784605492:  Hold'em No Limit ($0.01/$0.02 USD) - 2021/04/12 16:43:10 PT [2021/04/12 19:43:10 ET]
Table 'Valentine II' 9-max Seat #2 is the button
Seat 1: RonnyLingott ($1.88 in chips) 
Seat 2: Dorex2007 ($1.83 in chips) 
Seat 3: Pepono101 ($1.88 in chips) 
Seat 4: ArielNBP ($2.65 in chips) 
Seat 5: Redmag666 ($2.24 in chips) 
Seat 6: RichHol ($2.05 in chips) 
Seat 7: K6 Jari Aarnio ($2.71 in chips) 
Seat 8: Yuri Colmerauer ($2.39 in chips) 
Pepono101: posts small blind $0.01
ArielNBP: posts big blind $0.02
*** HOLE CARDS ***
Dealt to Dorex2007 [8h Ac]
Redmag666: folds 
RichHol: folds 
K6 Jari Aarnio: calls $0.02
Yuri Colmerauer: folds 
RonnyLingott: folds 
Dorex2007: raises $0.04 to $0.06
Pepono101: calls $0.05
ArielNBP: folds 
K6 Jari Aarnio: calls $0.04
*** FLOP *** [Ks 6s 3c]
Pepono101: checks 
K6 Jari Aarnio: bets $0.06
Dorex2007: calls $0.06
Pepono101: folds 
*** TURN *** [Ks 6s 3c] [5s]
K6 Jari Aarnio: bets $0.12
Dorex2007: raises $0.12 to $0.24
K6 Jari Aarnio: calls $0.12
*** RIVER *** [Ks 6s 3c 5s] [3h]
K6 Jari Aarnio: checks 
Dorex2007: bets $0.77
K6 Jari Aarnio: calls $0.77
*** SHOW DOWN ***
Dorex2007: shows [8h Ac] (a pair of Threes)
K6 Jari Aarnio: shows [9s 8s] (a flush, King high)
K6 Jari Aarnio collected $2.26 from pot
*** SUMMARY ***
Total pot $2.34 | Rake $0.08 
Board [Ks 6s 3c 5s 3h]
Seat 1: RonnyLingott folded before Flop (didn't bet)
Seat 2: Dorex2007 (button) showed [8h Ac] and lost with a pair of Threes
Seat 3: Pepono101 (small blind) folded on the Flop
Seat 4: ArielNBP (big blind) folded before Flop
Seat 5: Redmag666 folded before Flop (didn't bet)
Seat 6: RichHol folded before Flop (didn't bet)
Seat 7: K6 Jari Aarnio showed [9s 8s] and won ($2.26) with a flush, King high
Seat 8: Yuri Colmerauer folded before Flop (didn't bet)



PokerStars Hand #225784631439:  Hold'em No Limit ($0.01/$0.02 USD) - 2021/04/12 16:44:22 PT [2021/04/12 19:44:22 ET]
Table 'Valentine II' 9-max Seat #3 is the button
Seat 1: RonnyLingott ($1.88 in chips) 
Seat 2: Dorex2007 ($0.70 in chips) 
Seat 3: Pepono101 ($1.82 in chips) 
Seat 4: ArielNBP ($2.63 in chips) 
Seat 5: Redmag666 ($2.24 in chips) 
Seat 6: RichHol ($2.05 in chips) 
Seat 7: K6 Jari Aarnio ($3.84 in chips) 
Seat 8: Yuri Colmerauer ($2.39 in chips) 
ArielNBP: posts small blind $0.01
Redmag666: posts big blind $0.02
*** HOLE CARDS ***
Dealt to Dorex2007 [7s 8h]
RichHol: folds 
K6 Jari Aarnio: raises $0.04 to $0.06
Yuri Colmerauer: folds 
RonnyLingott: calls $0.06
Dorex2007: folds 
Pepono101: folds 
ArielNBP: folds 
Redmag666: folds 
*** FLOP *** [7c Js 5s]
K6 Jari Aarnio: checks 
RonnyLingott: checks 
*** TURN *** [7c Js 5s] [4d]
K6 Jari Aarnio: checks 
RonnyLingott: bets $0.06
K6 Jari Aarnio: folds 
Uncalled bet ($0.06) returned to RonnyLingott
RonnyLingott collected $0.14 from pot
*** SUMMARY ***
Total pot $0.15 | Rake $0.01 
Board [7c Js 5s 4d]
Seat 1: RonnyLingott collected ($0.14)
Seat 2: Dorex2007 folded before Flop (didn't bet)
Seat 3: Pepono101 (button) folded before Flop (didn't bet)
Seat 4: ArielNBP (small blind) folded before Flop
Seat 5: Redmag666 (big blind) folded before Flop
Seat 6: RichHol folded before Flop (didn't bet)
Seat 7: K6 Jari Aarnio folded on the Turn
Seat 8: Yuri Colmerauer folded before Flop (didn't bet)



PokerStars Hand #225784643460:  Hold'em No Limit ($0.01/$0.02 USD) - 2021/04/12 16:44:56 PT [2021/04/12 19:44:56 ET]
Table 'Valentine II' 9-max Seat #4 is the button
Seat 1: RonnyLingott ($1.96 in chips) 
Seat 2: Dorex2007 ($1.50 in chips) 
Seat 3: Pepono101 ($1.82 in chips) 
Seat 4: ArielNBP ($2.62 in chips) 
Seat 5: Redmag666 ($2.22 in chips) 
Seat 6: RichHol ($2.05 in chips) 
Seat 7: K6 Jari Aarnio ($3.78 in chips) 
Seat 8: Yuri Colmerauer ($2.39 in chips) 
Redmag666: posts small blind $0.01
RichHol: posts big blind $0.02
*** HOLE CARDS ***
Dealt to Dorex2007 [4h Qh]
K6 Jari Aarnio: folds 
Yuri Colmerauer: folds 
RonnyLingott: calls $0.02
Dorex2007: folds 
Pepono101: raises $0.04 to $0.06
ArielNBP: folds 
Redmag666: folds 
RichHol: folds 
RonnyLingott: calls $0.04
*** FLOP *** [Qs 5d Js]
RonnyLingott: checks 
Pepono101: checks 
*** TURN *** [Qs 5d Js] [4d]
RonnyLingott: checks 
Pepono101: bets $0.06
RonnyLingott: folds 
Uncalled bet ($0.06) returned to Pepono101
Pepono101 collected $0.14 from pot
Pepono101: doesn't show hand 
*** SUMMARY ***
Total pot $0.15 | Rake $0.01 
Board [Qs 5d Js 4d]
Seat 1: RonnyLingott folded on the Turn
Seat 2: Dorex2007 folded before Flop (didn't bet)
Seat 3: Pepono101 collected ($0.14)
Seat 4: ArielNBP (button) folded before Flop (didn't bet)
Seat 5: Redmag666 (small blind) folded before Flop
Seat 6: RichHol (big blind) folded before Flop
Seat 7: K6 Jari Aarnio folded before Flop (didn't bet)
Seat 8: Yuri Colmerauer folded before Flop (didn't bet)



PokerStars Hand #225784657730:  Hold'em No Limit ($0.01/$0.02 USD) - 2021/04/12 16:45:36 PT [2021/04/12 19:45:36 ET]
Table 'Valentine II' 9-max Seat #5 is the button
Seat 1: RonnyLingott ($1.90 in chips) 
Seat 2: Dorex2007 ($1.50 in chips) 
Seat 3: Pepono101 ($1.90 in chips) 
Seat 4: ArielNBP ($2.62 in chips) 
Seat 5: Redmag666 ($2.21 in chips) 
Seat 6: RichHol ($2.03 in chips) 
Seat 7: K6 Jari Aarnio ($3.78 in chips) 
Seat 8: Yuri Colmerauer ($2.39 in chips) 
RichHol: posts small blind $0.01
K6 Jari Aarnio: posts big blind $0.02
thrmsix: sits out 
*** HOLE CARDS ***
Dealt to Dorex2007 [2h Ah]
Yuri Colmerauer: folds 
RonnyLingott: folds 
Dorex2007: raises $0.04 to $0.06
Pepono101: folds 
ArielNBP: folds 
Redmag666: folds 
RichHol: folds 
K6 Jari Aarnio: calls $0.04
*** FLOP *** [9c 6s Ac]
K6 Jari Aarnio: checks 
Dorex2007: checks 
*** TURN *** [9c 6s Ac] [Kh]
K6 Jari Aarnio: bets $0.04
Dorex2007: calls $0.04
*** RIVER *** [9c 6s Ac Kh] [7h]
K6 Jari Aarnio: checks 
Dorex2007: checks 
*** SHOW DOWN ***
K6 Jari Aarnio: shows [Jh 9h] (a pair of Nines)
Dorex2007: shows [2h Ah] (a pair of Aces)
Dorex2007 collected $0.20 from pot
*** SUMMARY ***
Total pot $0.21 | Rake $0.01 
Board [9c 6s Ac Kh 7h]
Seat 1: RonnyLingott folded before Flop (didn't bet)
Seat 2: Dorex2007 showed [2h Ah] and won ($0.20) with a pair of Aces
Seat 3: Pepono101 folded before Flop (didn't bet)
Seat 4: ArielNBP folded before Flop (didn't bet)
Seat 5: Redmag666 (button) folded before Flop (didn't bet)
Seat 6: RichHol (small blind) folded before Flop
Seat 7: K6 Jari Aarnio (big blind) showed [Jh 9h] and lost with a pair of Nines
Seat 8: Yuri Colmerauer folded before Flop (didn't bet)



PokerStars Hand #225784672706:  Hold'em No Limit ($0.01/$0.02 USD) - 2021/04/12 16:46:17 PT [2021/04/12 19:46:17 ET]
Table 'Valentine II' 9-max Seat #6 is the button
Seat 1: RonnyLingott ($1.90 in chips) 
Seat 2: Dorex2007 ($1.60 in chips) 
Seat 3: Pepono101 ($1.90 in chips) 
Seat 4: ArielNBP ($2.62 in chips) 
Seat 5: Redmag666 ($2.21 in chips) 
Seat 6: RichHol ($2.02 in chips) 
Seat 7: K6 Jari Aarnio ($3.68 in chips) 
Seat 8: Yuri Colmerauer ($2.39 in chips) 
K6 Jari Aarnio: posts small blind $0.01
Yuri Colmerauer: posts big blind $0.02
thrmsix: sits out 
*** HOLE CARDS ***
Dealt to Dorex2007 [8h 2d]
RonnyLingott: calls $0.02
Dorex2007: folds 
Pepono101: folds 
ArielNBP: folds 
Redmag666: raises $0.04 to $0.06
RichHol: calls $0.06
K6 Jari Aarnio: folds 
Yuri Colmerauer: folds 
RonnyLingott: calls $0.04
*** FLOP *** [Tc 6h Js]
RonnyLingott: checks 
Redmag666: checks 
RichHol: checks 
*** TURN *** [Tc 6h Js] [Ks]
RonnyLingott: bets $0.06
Redmag666: folds 
RichHol: folds 
Uncalled bet ($0.06) returned to RonnyLingott
RonnyLingott collected $0.20 from pot
*** SUMMARY ***
Total pot $0.21 | Rake $0.01 
Board [Tc 6h Js Ks]
Seat 1: RonnyLingott collected ($0.20)
Seat 2: Dorex2007 folded before Flop (didn't bet)
Seat 3: Pepono101 folded before Flop (didn't bet)
Seat 4: ArielNBP folded before Flop (didn't bet)
Seat 5: Redmag666 folded on the Turn
Seat 6: RichHol (button) folded on the Turn
Seat 7: K6 Jari Aarnio (small blind) folded before Flop
Seat 8: Yuri Colmerauer (big blind) folded before Flop



PokerStars Hand #225784699367:  Hold'em No Limit ($0.01/$0.02 USD) - 2021/04/12 16:47:06 PT [2021/04/12 19:47:06 ET]
Table 'Valentine II' 9-max Seat #7 is the button
Seat 1: RonnyLingott ($2.04 in chips) 
Seat 2: Dorex2007 ($1.60 in chips) 
Seat 3: Pepono101 ($1.90 in chips) 
Seat 4: ArielNBP ($2.62 in chips) 
Seat 5: Redmag666 ($2.15 in chips) 
Seat 6: RichHol ($1.96 in chips) 
Seat 7: K6 Jari Aarnio ($3.67 in chips) 
Seat 8: Yuri Colmerauer ($2.37 in chips) 
Seat 9: thrmsix ($2 in chips) 
Yuri Colmerauer: posts small blind $0.01
thrmsix: posts big blind $0.02
*** HOLE CARDS ***
Dealt to Dorex2007 [Th 4h]
RonnyLingott: folds 
Dorex2007: folds 
Pepono101: folds 
ArielNBP: folds 
Redmag666: folds 
RichHol: folds 
K6 Jari Aarnio: folds 
Yuri Colmerauer: folds 
Uncalled bet ($0.01) returned to thrmsix
thrmsix collected $0.02 from pot
thrmsix: doesn't show hand 
*** SUMMARY ***
Total pot $0.02 | Rake $0 
Seat 1: RonnyLingott folded before Flop (didn't bet)
Seat 2: Dorex2007 folded before Flop (didn't bet)
Seat 3: Pepono101 folded before Flop (didn't bet)
Seat 4: ArielNBP folded before Flop (didn't bet)
Seat 5: Redmag666 folded before Flop (didn't bet)
Seat 6: RichHol folded before Flop (didn't bet)
Seat 7: K6 Jari Aarnio (button) folded before Flop (didn't bet)
Seat 8: Yuri Colmerauer (small blind) folded before Flop
Seat 9: thrmsix (big blind) collected ($0.02)



PokerStars Hand #225784706980:  Hold'em No Limit ($0.01/$0.02 USD) - 2021/04/12 16:47:27 PT [2021/04/12 19:47:27 ET]
Table 'Valentine II' 9-max Seat #8 is the button
Seat 1: RonnyLingott ($2.04 in chips) 
Seat 2: Dorex2007 ($1.60 in chips) 
Seat 3: Pepono101 ($1.90 in chips) 
Seat 4: ArielNBP ($2.62 in chips) 
Seat 5: Redmag666 ($2.15 in chips) 
Seat 6: RichHol ($1.96 in chips) 
Seat 7: K6 Jari Aarnio ($3.67 in chips) 
Seat 8: Yuri Colmerauer ($2.36 in chips) 
Seat 9: thrmsix ($2.01 in chips) 
thrmsix: posts small blind $0.01
RonnyLingott: posts big blind $0.02
*** HOLE CARDS ***
Dealt to Dorex2007 [7c 9c]
Dorex2007: folds 
Pepono101: raises $0.04 to $0.06
ArielNBP: folds 
Redmag666: folds 
RichHol: folds 
K6 Jari Aarnio: raises $0.16 to $0.22
Yuri Colmerauer: folds 
thrmsix: folds 
RonnyLingott: folds 
Pepono101: folds 
Uncalled bet ($0.16) returned to K6 Jari Aarnio
K6 Jari Aarnio collected $0.15 from pot
K6 Jari Aarnio: doesn't show hand 
*** SUMMARY ***
Total pot $0.15 | Rake $0 
Seat 1: RonnyLingott (big blind) folded before Flop
Seat 2: Dorex2007 folded before Flop (didn't bet)
Seat 3: Pepono101 folded before Flop
Seat 4: ArielNBP folded before Flop (didn't bet)
Seat 5: Redmag666 folded before Flop (didn't bet)
Seat 6: RichHol folded before Flop (didn't bet)
Seat 7: K6 Jari Aarnio collected ($0.15)
Seat 8: Yuri Colmerauer (button) folded before Flop (didn't bet)
Seat 9: thrmsix (small blind) folded before Flop



PokerStars Hand #225784720153:  Hold'em No Limit ($0.01/$0.02 USD) - 2021/04/12 16:48:04 PT [2021/04/12 19:48:04 ET]
Table 'Valentine II' 9-max Seat #9 is the button
Seat 1: RonnyLingott ($2.02 in chips) 
Seat 2: Dorex2007 ($1.60 in chips) 
Seat 3: Pepono101 ($1.84 in chips) 
Seat 4: ArielNBP ($2.62 in chips) 
Seat 5: Redmag666 ($2.15 in chips) 
Seat 6: RichHol ($1.96 in chips) 
Seat 7: K6 Jari Aarnio ($3.76 in chips) 
Seat 8: Yuri Colmerauer ($2.36 in chips) 
Seat 9: thrmsix ($2 in chips) 
RonnyLingott: posts small blind $0.01
Dorex2007: posts big blind $0.02
*** HOLE CARDS ***
Dealt to Dorex2007 [6c Ac]
Pepono101: folds 
ArielNBP: folds 
Redmag666: folds 
RichHol: folds 
K6 Jari Aarnio: calls $0.02
Yuri Colmerauer: folds 
thrmsix: raises $0.07 to $0.09
RonnyLingott: calls $0.08
Dorex2007: calls $0.07
K6 Jari Aarnio: calls $0.07
*** FLOP *** [4h Td Th]
RonnyLingott: bets $0.10
Dorex2007: folds 
K6 Jari Aarnio: folds 
thrmsix: folds 
Uncalled bet ($0.10) returned to RonnyLingott
RonnyLingott collected $0.35 from pot
*** SUMMARY ***
Total pot $0.36 | Rake $0.01 
Board [4h Td Th]
Seat 1: RonnyLingott (small blind) collected ($0.35)
Seat 2: Dorex2007 (big blind) folded on the Flop
Seat 3: Pepono101 folded before Flop (didn't bet)
Seat 4: ArielNBP folded before Flop (didn't bet)
Seat 5: Redmag666 folded before Flop (didn't bet)
Seat 6: RichHol folded before Flop (didn't bet)
Seat 7: K6 Jari Aarnio folded on the Flop
Seat 8: Yuri Colmerauer folded before Flop (didn't bet)
Seat 9: thrmsix (button) folded on the Flop



PokerStars Hand #225784734629:  Hold'em No Limit ($0.01/$0.02 USD) - 2021/04/12 16:48:45 PT [2021/04/12 19:48:45 ET]
Table 'Valentine II' 9-max Seat #1 is the button
Seat 1: RonnyLingott ($2.28 in chips) 
Seat 2: Dorex2007 ($1.51 in chips) 
Seat 3: Pepono101 ($1.84 in chips) 
Seat 4: ArielNBP ($2.62 in chips) 
Seat 5: Redmag666 ($2.15 in chips) 
Seat 6: RichHol ($1.96 in chips) 
Seat 7: K6 Jari Aarnio ($3.67 in chips) 
Seat 8: Yuri Colmerauer ($2.36 in chips) 
Seat 9: thrmsix ($1.91 in chips) 
Dorex2007: posts small blind $0.01
Pepono101: posts big blind $0.02
*** HOLE CARDS ***
Dealt to Dorex2007 [6d 3d]
ArielNBP: folds 
Redmag666: folds 
RichHol: folds 
K6 Jari Aarnio: folds 
Yuri Colmerauer: folds 
thrmsix: folds 
RonnyLingott: folds 
Dorex2007: calls $0.01
Pepono101: checks 
*** FLOP *** [Ac As 8h]
Dorex2007: checks 
Pepono101: checks 
*** TURN *** [Ac As 8h] [2c]
Dorex2007: checks 
Pepono101: checks 
*** RIVER *** [Ac As 8h 2c] [4c]
Dorex2007: bets $0.06
Pepono101: calls $0.06
*** SHOW DOWN ***
Dorex2007: shows [6d 3d] (a pair of Aces)
Pepono101: shows [Kd 8d] (two pair, Aces and Eights)
Pepono101 collected $0.15 from pot
*** SUMMARY ***
Total pot $0.16 | Rake $0.01 
Board [Ac As 8h 2c 4c]
Seat 1: RonnyLingott (button) folded before Flop (didn't bet)
Seat 2: Dorex2007 (small blind) showed [6d 3d] and lost with a pair of Aces
Seat 3: Pepono101 (big blind) showed [Kd 8d] and won ($0.15) with two pair, Aces and Eights
Seat 4: ArielNBP folded before Flop (didn't bet)
Seat 5: Redmag666 folded before Flop (didn't bet)
Seat 6: RichHol folded before Flop (didn't bet)
Seat 7: K6 Jari Aarnio folded before Flop (didn't bet)
Seat 8: Yuri Colmerauer folded before Flop (didn't bet)
Seat 9: thrmsix folded before Flop (didn't bet)



PokerStars Hand #225784747120:  Hold'em No Limit ($0.01/$0.02 USD) - 2021/04/12 16:49:20 PT [2021/04/12 19:49:20 ET]
Table 'Valentine II' 9-max Seat #2 is the button
Seat 1: RonnyLingott ($2.28 in chips) 
Seat 2: Dorex2007 ($1.43 in chips) 
Seat 3: Pepono101 ($1.91 in chips) 
Seat 4: ArielNBP ($2.62 in chips) 
Seat 5: Redmag666 ($2.15 in chips) 
Seat 6: RichHol ($1.96 in chips) 
Seat 7: K6 Jari Aarnio ($3.67 in chips) 
Seat 8: Yuri Colmerauer ($2.36 in chips) 
Seat 9: thrmsix ($1.91 in chips) 
Pepono101: posts small blind $0.01
ArielNBP: posts big blind $0.02
*** HOLE CARDS ***
Dealt to Dorex2007 [3s Js]
Redmag666: folds 
RichHol: folds 
K6 Jari Aarnio: folds 
Yuri Colmerauer: folds 
thrmsix: folds 
RonnyLingott: calls $0.02
Dorex2007: folds 
Pepono101: calls $0.01
ArielNBP: checks 
*** FLOP *** [Ac Td 9h]
Pepono101: checks 
ArielNBP: checks 
RonnyLingott: checks 
*** TURN *** [Ac Td 9h] [2s]
Pepono101: checks 
ArielNBP: checks 
RonnyLingott: checks 
*** RIVER *** [Ac Td 9h 2s] [Qd]
Pepono101: checks 
ArielNBP: checks 
RonnyLingott: checks 
*** SHOW DOWN ***
Pepono101: shows [4s Jc] (high card Ace)
ArielNBP: mucks hand 
RonnyLingott: shows [Qc 8c] (a pair of Queens)
RonnyLingott collected $0.06 from pot
*** SUMMARY ***
Total pot $0.06 | Rake $0 
Board [Ac Td 9h 2s Qd]
Seat 1: RonnyLingott showed [Qc 8c] and won ($0.06) with a pair of Queens
Seat 2: Dorex2007 (button) folded before Flop (didn't bet)
Seat 3: Pepono101 (small blind) showed [4s Jc] and lost with high card Ace
Seat 4: ArielNBP (big blind) mucked [5h 6h]
Seat 5: Redmag666 folded before Flop (didn't bet)
Seat 6: RichHol folded before Flop (didn't bet)
Seat 7: K6 Jari Aarnio folded before Flop (didn't bet)
Seat 8: Yuri Colmerauer folded before Flop (didn't bet)
Seat 9: thrmsix folded before Flop (didn't bet)



PokerStars Hand #225784762754:  Hold'em No Limit ($0.01/$0.02 USD) - 2021/04/12 16:50:04 PT [2021/04/12 19:50:04 ET]
Table 'Valentine II' 9-max Seat #3 is the button
Seat 1: RonnyLingott ($2.32 in chips) 
Seat 2: Dorex2007 ($1.43 in chips) 
Seat 3: Pepono101 ($1.89 in chips) 
Seat 4: ArielNBP ($2.60 in chips) 
Seat 5: Redmag666 ($2.15 in chips) 
Seat 6: RichHol ($1.96 in chips) 
Seat 7: K6 Jari Aarnio ($3.67 in chips) 
Seat 8: Yuri Colmerauer ($2.36 in chips) 
Seat 9: thrmsix ($1.91 in chips) 
ArielNBP: posts small blind $0.01
Redmag666: posts big blind $0.02
*** HOLE CARDS ***
Dealt to Dorex2007 [5h Jh]
RichHol: folds 
K6 Jari Aarnio: raises $0.04 to $0.06
Yuri Colmerauer: folds 
thrmsix: calls $0.06
RonnyLingott: folds 
Dorex2007: folds 
Pepono101: folds 
ArielNBP: folds 
Redmag666: folds 
*** FLOP *** [5c 2h 4d]
K6 Jari Aarnio: bets $0.12
thrmsix: calls $0.12
*** TURN *** [5c 2h 4d] [Th]
K6 Jari Aarnio: bets $0.14
thrmsix: calls $0.14
*** RIVER *** [5c 2h 4d Th] [Qs]
K6 Jari Aarnio: checks 
thrmsix: checks 
*** SHOW DOWN ***
K6 Jari Aarnio: shows [7d Kd] (high card King)
thrmsix: shows [3c 3h] (a pair of Threes)
thrmsix collected $0.65 from pot
*** SUMMARY ***
Total pot $0.67 | Rake $0.02 
Board [5c 2h 4d Th Qs]
Seat 1: RonnyLingott folded before Flop (didn't bet)
Seat 2: Dorex2007 folded before Flop (didn't bet)
Seat 3: Pepono101 (button) folded before Flop (didn't bet)
Seat 4: ArielNBP (small blind) folded before Flop
Seat 5: Redmag666 (big blind) folded before Flop
Seat 6: RichHol folded before Flop (didn't bet)
Seat 7: K6 Jari Aarnio showed [7d Kd] and lost with high card King
Seat 8: Yuri Colmerauer folded before Flop (didn't bet)
Seat 9: thrmsix showed [3c 3h] and won ($0.65) with a pair of Threes



PokerStars Hand #225784783381:  Hold'em No Limit ($0.01/$0.02 USD) - 2021/04/12 16:51:03 PT [2021/04/12 19:51:03 ET]
Table 'Valentine II' 9-max Seat #4 is the button
Seat 1: RonnyLingott ($2.32 in chips) 
Seat 2: Dorex2007 ($1.43 in chips) 
Seat 3: Pepono101 ($1.89 in chips) 
Seat 4: ArielNBP ($2.59 in chips) 
Seat 5: Redmag666 ($2.13 in chips) 
Seat 6: RichHol ($1.96 in chips) 
Seat 7: K6 Jari Aarnio ($3.35 in chips) 
Seat 8: Yuri Colmerauer ($2.36 in chips) 
Seat 9: thrmsix ($2.24 in chips) 
Redmag666: posts small blind $0.01
RichHol: posts big blind $0.02
*** HOLE CARDS ***
Dealt to Dorex2007 [Qs 5h]
K6 Jari Aarnio: folds 
Yuri Colmerauer: folds 
thrmsix: raises $0.04 to $0.06
RonnyLingott: folds 
Dorex2007: folds 
Pepono101: folds 
ArielNBP: folds 
Redmag666: calls $0.05
RichHol: calls $0.04
*** FLOP *** [6c 9h 2d]
Redmag666: checks 
RichHol: checks 
thrmsix: checks 
*** TURN *** [6c 9h 2d] [Kh]
Redmag666: checks 
RichHol: checks 
thrmsix: checks 
*** RIVER *** [6c 9h 2d Kh] [Jc]
Redmag666: checks 
RichHol: bets $0.04
thrmsix: calls $0.04
Redmag666: folds 
*** SHOW DOWN ***
RichHol: shows [Jd Ad] (a pair of Jacks)
thrmsix: shows [As Kd] (a pair of Kings)
thrmsix collected $0.25 from pot
*** SUMMARY ***
Total pot $0.26 | Rake $0.01 
Board [6c 9h 2d Kh Jc]
Seat 1: RonnyLingott folded before Flop (didn't bet)
Seat 2: Dorex2007 folded before Flop (didn't bet)
Seat 3: Pepono101 folded before Flop (didn't bet)
Seat 4: ArielNBP (button) folded before Flop (didn't bet)
Seat 5: Redmag666 (small blind) folded on the River
Seat 6: RichHol (big blind) showed [Jd Ad] and lost with a pair of Jacks
Seat 7: K6 Jari Aarnio folded before Flop (didn't bet)
Seat 8: Yuri Colmerauer folded before Flop (didn't bet)
Seat 9: thrmsix showed [As Kd] and won ($0.25) with a pair of Kings



PokerStars Hand #225784805485:  Hold'em No Limit ($0.01/$0.02 USD) - 2021/04/12 16:52:07 PT [2021/04/12 19:52:07 ET]
Table 'Valentine II' 9-max Seat #5 is the button
Seat 1: RonnyLingott ($2.32 in chips) 
Seat 2: Dorex2007 ($1.43 in chips) 
Seat 3: Pepono101 ($1.89 in chips) 
Seat 4: ArielNBP ($2.59 in chips) 
Seat 5: Redmag666 ($2.07 in chips) 
Seat 6: RichHol ($1.86 in chips) 
Seat 7: K6 Jari Aarnio ($3.35 in chips) 
Seat 8: Yuri Colmerauer ($2.36 in chips) 
Seat 9: thrmsix ($2.39 in chips) 
RichHol: posts small blind $0.01
K6 Jari Aarnio: posts big blind $0.02
*** HOLE CARDS ***
Dealt to Dorex2007 [5c Kh]
Yuri Colmerauer: folds 
thrmsix: raises $0.04 to $0.06
RonnyLingott: folds 
Dorex2007: folds 
Pepono101: folds 
ArielNBP: folds 
Redmag666: folds 
RichHol: folds 
K6 Jari Aarnio: calls $0.04
*** FLOP *** [2s Tc 5d]
K6 Jari Aarnio: checks 
thrmsix: bets $0.06
K6 Jari Aarnio: calls $0.06
*** TURN *** [2s Tc 5d] [6c]
K6 Jari Aarnio: checks 
thrmsix: bets $0.10
K6 Jari Aarnio: calls $0.10
*** RIVER *** [2s Tc 5d 6c] [4h]
K6 Jari Aarnio: checks 
thrmsix: bets $0.20
K6 Jari Aarnio: calls $0.20
*** SHOW DOWN ***
thrmsix: shows [9d 9s] (a pair of Nines)
K6 Jari Aarnio: mucks hand 
thrmsix collected $0.82 from pot
*** SUMMARY ***
Total pot $0.85 | Rake $0.03 
Board [2s Tc 5d 6c 4h]
Seat 1: RonnyLingott folded before Flop (didn't bet)
Seat 2: Dorex2007 folded before Flop (didn't bet)
Seat 3: Pepono101 folded before Flop (didn't bet)
Seat 4: ArielNBP folded before Flop (didn't bet)
Seat 5: Redmag666 (button) folded before Flop (didn't bet)
Seat 6: RichHol (small blind) folded before Flop
Seat 7: K6 Jari Aarnio (big blind) mucked [5s Ks]
Seat 8: Yuri Colmerauer folded before Flop (didn't bet)
Seat 9: thrmsix showed [9d 9s] and won ($0.82) with a pair of Nines



PokerStars Hand #225784824125:  Hold'em No Limit ($0.01/$0.02 USD) - 2021/04/12 16:53:00 PT [2021/04/12 19:53:00 ET]
Table 'Valentine II' 9-max Seat #6 is the button
Seat 1: RonnyLingott ($2.32 in chips) 
Seat 2: Dorex2007 ($1.43 in chips) 
Seat 3: Pepono101 ($1.89 in chips) 
Seat 4: ArielNBP ($2.59 in chips) 
Seat 5: Redmag666 ($2.07 in chips) 
Seat 6: RichHol ($1.85 in chips) 
Seat 7: K6 Jari Aarnio ($2.93 in chips) 
Seat 8: Yuri Colmerauer ($2.36 in chips) 
Seat 9: thrmsix ($2.79 in chips) 
K6 Jari Aarnio: posts small blind $0.01
Yuri Colmerauer: posts big blind $0.02
*** HOLE CARDS ***
Dealt to Dorex2007 [As 3d]
thrmsix: folds 
RonnyLingott: folds 
Dorex2007: folds 
Pepono101: raises $0.02 to $0.04
ArielNBP: folds 
Redmag666: folds 
RichHol: folds 
K6 Jari Aarnio: folds 
Yuri Colmerauer: folds 
Uncalled bet ($0.02) returned to Pepono101
Pepono101 collected $0.05 from pot
Pepono101: doesn't show hand 
*** SUMMARY ***
Total pot $0.05 | Rake $0 
Seat 1: RonnyLingott folded before Flop (didn't bet)
Seat 2: Dorex2007 folded before Flop (didn't bet)
Seat 3: Pepono101 collected ($0.05)
Seat 4: ArielNBP folded before Flop (didn't bet)
Seat 5: Redmag666 folded before Flop (didn't bet)
Seat 6: RichHol (button) folded before Flop (didn't bet)
Seat 7: K6 Jari Aarnio (small blind) folded before Flop
Seat 8: Yuri Colmerauer (big blind) folded before Flop
Seat 9: thrmsix folded before Flop (didn't bet)



PokerStars Hand #225784830717:  Hold'em No Limit ($0.01/$0.02 USD) - 2021/04/12 16:53:19 PT [2021/04/12 19:53:19 ET]
Table 'Valentine II' 9-max Seat #7 is the button
Seat 1: RonnyLingott ($2.32 in chips) 
Seat 2: Dorex2007 ($1.43 in chips) 
Seat 3: Pepono101 ($1.92 in chips) 
Seat 4: ArielNBP ($2.59 in chips) 
Seat 5: Redmag666 ($2.07 in chips) 
Seat 6: RichHol ($1.85 in chips) 
Seat 7: K6 Jari Aarnio ($2.92 in chips) 
Seat 8: Yuri Colmerauer ($2.34 in chips) 
Seat 9: thrmsix ($2.79 in chips) 
Yuri Colmerauer: posts small blind $0.01
thrmsix: posts big blind $0.02
*** HOLE CARDS ***
Dealt to Dorex2007 [5c Th]
RonnyLingott: folds 
Dorex2007: folds 
Pepono101: folds 
ArielNBP: folds 
Redmag666: folds 
RichHol: folds 
K6 Jari Aarnio: calls $0.02
Yuri Colmerauer: calls $0.01
thrmsix: checks 
*** FLOP *** [Ah 7h Qd]
Yuri Colmerauer: checks 
thrmsix: checks 
K6 Jari Aarnio: checks 
*** TURN *** [Ah 7h Qd] [Kh]
Yuri Colmerauer: checks 
thrmsix: checks 
K6 Jari Aarnio: bets $0.02
Yuri Colmerauer: calls $0.02
thrmsix: folds 
*** RIVER *** [Ah 7h Qd Kh] [6h]
Yuri Colmerauer: checks 
K6 Jari Aarnio: checks 
*** SHOW DOWN ***
Yuri Colmerauer: shows [Td 9d] (high card Ace)
K6 Jari Aarnio: shows [Jc 8c] (high card Ace - King+Queen+Jack kicker)
K6 Jari Aarnio collected $0.10 from pot
*** SUMMARY ***
Total pot $0.10 | Rake $0 
Board [Ah 7h Qd Kh 6h]
Seat 1: RonnyLingott folded before Flop (didn't bet)
Seat 2: Dorex2007 folded before Flop (didn't bet)
Seat 3: Pepono101 folded before Flop (didn't bet)
Seat 4: ArielNBP folded before Flop (didn't bet)
Seat 5: Redmag666 folded before Flop (didn't bet)
Seat 6: RichHol folded before Flop (didn't bet)
Seat 7: K6 Jari Aarnio (button) showed [Jc 8c] and won ($0.10) with high card Ace
Seat 8: Yuri Colmerauer (small blind) showed [Td 9d] and lost with high card Ace
Seat 9: thrmsix (big blind) folded on the Turn



PokerStars Hand #225784849658:  Hold'em No Limit ($0.01/$0.02 USD) - 2021/04/12 16:54:14 PT [2021/04/12 19:54:14 ET]
Table 'Valentine II' 9-max Seat #8 is the button
Seat 1: RonnyLingott ($2.32 in chips) 
Seat 2: Dorex2007 ($1.43 in chips) 
Seat 3: Pepono101 ($1.92 in chips) 
Seat 4: ArielNBP ($2.59 in chips) 
Seat 5: Redmag666 ($2.07 in chips) 
Seat 6: RichHol ($1.85 in chips) 
Seat 7: K6 Jari Aarnio ($2.98 in chips) 
Seat 8: Yuri Colmerauer ($2.30 in chips) 
Seat 9: thrmsix ($2.77 in chips) 
thrmsix: posts small blind $0.01
RonnyLingott: posts big blind $0.02
*** HOLE CARDS ***
Dealt to Dorex2007 [As 7s]
Dorex2007: folds 
Pepono101: folds 
ArielNBP: folds 
Redmag666: folds 
RichHol: folds 
K6 Jari Aarnio: folds 
Yuri Colmerauer: folds 
thrmsix: calls $0.01
RonnyLingott: checks 
*** FLOP *** [5c 4d 2h]
thrmsix: checks 
RonnyLingott: checks 
*** TURN *** [5c 4d 2h] [Tc]
thrmsix: checks 
RonnyLingott: checks 
*** RIVER *** [5c 4d 2h Tc] [2d]
thrmsix: bets $0.06
RonnyLingott: calls $0.06
*** SHOW DOWN ***
thrmsix: shows [Jc Qs] (a pair of Deuces)
RonnyLingott: shows [Td 7d] (two pair, Tens and Deuces)
RonnyLingott collected $0.15 from pot
*** SUMMARY ***
Total pot $0.16 | Rake $0.01 
Board [5c 4d 2h Tc 2d]
Seat 1: RonnyLingott (big blind) showed [Td 7d] and won ($0.15) with two pair, Tens and Deuces
Seat 2: Dorex2007 folded before Flop (didn't bet)
Seat 3: Pepono101 folded before Flop (didn't bet)
Seat 4: ArielNBP folded before Flop (didn't bet)
Seat 5: Redmag666 folded before Flop (didn't bet)
Seat 6: RichHol folded before Flop (didn't bet)
Seat 7: K6 Jari Aarnio folded before Flop (didn't bet)
Seat 8: Yuri Colmerauer (button) folded before Flop (didn't bet)
Seat 9: thrmsix (small blind) showed [Jc Qs] and lost with a pair of Deuces



PokerStars Hand #225784864674:  Hold'em No Limit ($0.01/$0.02 USD) - 2021/04/12 16:54:57 PT [2021/04/12 19:54:57 ET]
Table 'Valentine II' 9-max Seat #9 is the button
Seat 1: RonnyLingott ($2.39 in chips) 
Seat 2: Dorex2007 ($1.43 in chips) 
Seat 3: Pepono101 ($1.92 in chips) 
Seat 4: ArielNBP ($2.59 in chips) 
Seat 5: Redmag666 ($2.07 in chips) 
Seat 6: RichHol ($1.85 in chips) 
Seat 7: K6 Jari Aarnio ($2.98 in chips) 
Seat 8: Yuri Colmerauer ($2.30 in chips) 
Seat 9: thrmsix ($2.69 in chips) 
RonnyLingott: posts small blind $0.01
Dorex2007: posts big blind $0.02
*** HOLE CARDS ***
Dealt to Dorex2007 [7d 3s]
Pepono101: raises $0.04 to $0.06
ArielNBP: folds 
Redmag666: folds 
RichHol: calls $0.06
K6 Jari Aarnio: folds 
Yuri Colmerauer: folds 
thrmsix: folds 
RonnyLingott: folds 
Dorex2007: folds 
*** FLOP *** [5c 4s Th]
Pepono101: checks 
RichHol: checks 
*** TURN *** [5c 4s Th] [Jd]
Pepono101: bets $0.14
RichHol: calls $0.14
*** RIVER *** [5c 4s Th Jd] [2s]
Pepono101: checks 
RichHol: checks 
*** SHOW DOWN ***
Pepono101: shows [Kh Jc] (a pair of Jacks)
RichHol: mucks hand 
Pepono101 collected $0.41 from pot
*** SUMMARY ***
Total pot $0.43 | Rake $0.02 
Board [5c 4s Th Jd 2s]
Seat 1: RonnyLingott (small blind) folded before Flop
Seat 2: Dorex2007 (big blind) folded before Flop
Seat 3: Pepono101 showed [Kh Jc] and won ($0.41) with a pair of Jacks
Seat 4: ArielNBP folded before Flop (didn't bet)
Seat 5: Redmag666 folded before Flop (didn't bet)
Seat 6: RichHol mucked [Ac Kc]
Seat 7: K6 Jari Aarnio folded before Flop (didn't bet)
Seat 8: Yuri Colmerauer folded before Flop (didn't bet)
Seat 9: thrmsix (button) folded before Flop (didn't bet)



PokerStars Hand #225784874546:  Hold'em No Limit ($0.01/$0.02 USD) - 2021/04/12 16:55:30 PT [2021/04/12 19:55:30 ET]
Table 'Valentine II' 9-max Seat #1 is the button
Seat 1: RonnyLingott ($2.38 in chips) 
Seat 2: Dorex2007 ($1.41 in chips) 
Seat 3: Pepono101 ($2.13 in chips) 
Seat 4: ArielNBP ($2.59 in chips) 
Seat 5: Redmag666 ($2.07 in chips) 
Seat 6: RichHol ($1.65 in chips) 
Seat 7: K6 Jari Aarnio ($2.98 in chips) 
Seat 8: Yuri Colmerauer ($2.30 in chips) 
Seat 9: thrmsix ($2.69 in chips) 
Dorex2007: posts small blind $0.01
Pepono101: posts big blind $0.02
*** HOLE CARDS ***
Dealt to Dorex2007 [Ks 3c]
ArielNBP: folds 
Redmag666: folds 
RichHol: folds 
K6 Jari Aarnio: folds 
Yuri Colmerauer: raises $0.04 to $0.06
thrmsix: folds 
RonnyLingott: folds 
Dorex2007: folds 
Pepono101: calls $0.04
*** FLOP *** [Tc Ac Kh]
Pepono101: checks 
Yuri Colmerauer: bets $0.10
Pepono101: calls $0.10
*** TURN *** [Tc Ac Kh] [5d]
Pepono101: checks 
Yuri Colmerauer: bets $0.20
Pepono101: calls $0.20
*** RIVER *** [Tc Ac Kh 5d] [Jh]
Pepono101: checks 
Yuri Colmerauer: checks 
*** SHOW DOWN ***
Pepono101: shows [4c Qc] (a straight, Ten to Ace)
Yuri Colmerauer: mucks hand 
Pepono101 collected $0.70 from pot
*** SUMMARY ***
Total pot $0.73 | Rake $0.03 
Board [Tc Ac Kh 5d Jh]
Seat 1: RonnyLingott (button) folded before Flop (didn't bet)
Seat 2: Dorex2007 (small blind) folded before Flop
Seat 3: Pepono101 (big blind) showed [4c Qc] and won ($0.70) with a straight, Ten to Ace
Seat 4: ArielNBP folded before Flop (didn't bet)
Seat 5: Redmag666 folded before Flop (didn't bet)
Seat 6: RichHol folded before Flop (didn't bet)
Seat 7: K6 Jari Aarnio folded before Flop (didn't bet)
Seat 8: Yuri Colmerauer mucked [Ad Jd]
Seat 9: thrmsix folded before Flop (didn't bet)



PokerStars Hand #225784894577:  Hold'em No Limit ($0.01/$0.02 USD) - 2021/04/12 16:56:15 PT [2021/04/12 19:56:15 ET]
Table 'Valentine II' 9-max Seat #2 is the button
Seat 1: RonnyLingott ($2.38 in chips) 
Seat 2: Dorex2007 ($1.40 in chips) 
Seat 3: Pepono101 ($2.47 in chips) 
Seat 4: ArielNBP ($2.59 in chips) 
Seat 5: Redmag666 ($2.07 in chips) 
Seat 6: RichHol ($2 in chips) 
Seat 7: K6 Jari Aarnio ($2.98 in chips) 
Seat 8: Yuri Colmerauer ($2 in chips) 
Seat 9: thrmsix ($2.69 in chips) 
Pepono101: posts small blind $0.01
ArielNBP: posts big blind $0.02
*** HOLE CARDS ***
Dealt to Dorex2007 [Jc 6s]
Redmag666: folds 
RichHol: folds 
K6 Jari Aarnio: folds 
Yuri Colmerauer: folds 
thrmsix: folds 
RonnyLingott: folds 
Dorex2007: folds 
Pepono101: calls $0.01
ArielNBP: checks 
*** FLOP *** [3h Qc Ah]
Pepono101: checks 
ArielNBP: checks 
*** TURN *** [3h Qc Ah] [6c]
Pepono101: bets $0.06
ArielNBP: folds 
Uncalled bet ($0.06) returned to Pepono101
Pepono101 collected $0.04 from pot
Pepono101: doesn't show hand 
*** SUMMARY ***
Total pot $0.04 | Rake $0 
Board [3h Qc Ah 6c]
Seat 1: RonnyLingott folded before Flop (didn't bet)
Seat 2: Dorex2007 (button) folded before Flop (didn't bet)
Seat 3: Pepono101 (small blind) collected ($0.04)
Seat 4: ArielNBP (big blind) folded on the Turn
Seat 5: Redmag666 folded before Flop (didn't bet)
Seat 6: RichHol folded before Flop (didn't bet)
Seat 7: K6 Jari Aarnio folded before Flop (didn't bet)
Seat 8: Yuri Colmerauer folded before Flop (didn't bet)
Seat 9: thrmsix folded before Flop (didn't bet)



PokerStars Hand #225784905405:  Hold'em No Limit ($0.01/$0.02 USD) - 2021/04/12 16:56:54 PT [2021/04/12 19:56:54 ET]
Table 'Valentine II' 9-max Seat #3 is the button
Seat 1: RonnyLingott ($2.38 in chips) 
Seat 2: Dorex2007 ($1.40 in chips) 
Seat 3: Pepono101 ($2.49 in chips) 
Seat 4: ArielNBP ($2.57 in chips) 
Seat 5: Redmag666 ($2.07 in chips) 
Seat 6: RichHol ($2 in chips) 
Seat 7: K6 Jari Aarnio ($2.98 in chips) 
Seat 8: Yuri Colmerauer ($2 in chips) 
Seat 9: thrmsix ($2.69 in chips) 
ArielNBP: posts small blind $0.01
Redmag666: posts big blind $0.02
*** HOLE CARDS ***
Dealt to Dorex2007 [Jc 7h]
RichHol: folds 
K6 Jari Aarnio: folds 
Yuri Colmerauer: folds 
thrmsix: folds 
RonnyLingott: folds 
Dorex2007: folds 
Pepono101: raises $0.04 to $0.06
ArielNBP: folds 
Redmag666: folds 
Uncalled bet ($0.04) returned to Pepono101
Pepono101 collected $0.05 from pot
Pepono101: doesn't show hand 
*** SUMMARY ***
Total pot $0.05 | Rake $0 
Seat 1: RonnyLingott folded before Flop (didn't bet)
Seat 2: Dorex2007 folded before Flop (didn't bet)
Seat 3: Pepono101 (button) collected ($0.05)
Seat 4: ArielNBP (small blind) folded before Flop
Seat 5: Redmag666 (big blind) folded before Flop
Seat 6: RichHol folded before Flop (didn't bet)
Seat 7: K6 Jari Aarnio folded before Flop (didn't bet)
Seat 8: Yuri Colmerauer folded before Flop (didn't bet)
Seat 9: thrmsix folded before Flop (didn't bet)



PokerStars Hand #225784910626:  Hold'em No Limit ($0.01/$0.02 USD) - 2021/04/12 16:57:12 PT [2021/04/12 19:57:12 ET]
Table 'Valentine II' 9-max Seat #4 is the button
Seat 1: RonnyLingott ($2.38 in chips) 
Seat 2: Dorex2007 ($1.40 in chips) 
Seat 3: Pepono101 ($2.52 in chips) 
Seat 4: ArielNBP ($2.56 in chips) 
Seat 5: Redmag666 ($2.05 in chips) 
Seat 6: RichHol ($2 in chips) 
Seat 7: K6 Jari Aarnio ($2.98 in chips) 
Seat 8: Yuri Colmerauer ($2 in chips) 
Seat 9: thrmsix ($2.69 in chips) 
Redmag666: posts small blind $0.01
RichHol: posts big blind $0.02
*** HOLE CARDS ***
Dealt to Dorex2007 [Ac 5d]
K6 Jari Aarnio: folds 
Yuri Colmerauer: folds 
thrmsix: folds 
RonnyLingott: folds 
Dorex2007: folds 
Pepono101: folds 
ArielNBP: folds 
Redmag666: folds 
Uncalled bet ($0.01) returned to RichHol
RichHol collected $0.02 from pot
*** SUMMARY ***
Total pot $0.02 | Rake $0 
Seat 1: RonnyLingott folded before Flop (didn't bet)
Seat 2: Dorex2007 folded before Flop (didn't bet)
Seat 3: Pepono101 folded before Flop (didn't bet)
Seat 4: ArielNBP (button) folded before Flop (didn't bet)
Seat 5: Redmag666 (small blind) folded before Flop
Seat 6: RichHol (big blind) collected ($0.02)
Seat 7: K6 Jari Aarnio folded before Flop (didn't bet)
Seat 8: Yuri Colmerauer folded before Flop (didn't bet)
Seat 9: thrmsix folded before Flop (didn't bet)



PokerStars Hand #225784915942:  Hold'em No Limit ($0.01/$0.02 USD) - 2021/04/12 16:57:31 PT [2021/04/12 19:57:31 ET]
Table 'Valentine II' 9-max Seat #5 is the button
Seat 1: RonnyLingott ($2.38 in chips) 
Seat 2: Dorex2007 ($1.40 in chips) 
Seat 3: Pepono101 ($2.52 in chips) 
Seat 4: ArielNBP ($2.56 in chips) 
Seat 5: Redmag666 ($2.04 in chips) 
Seat 6: RichHol ($2.01 in chips) 
Seat 7: K6 Jari Aarnio ($2.98 in chips) 
Seat 8: Yuri Colmerauer ($2 in chips) 
Seat 9: thrmsix ($2.69 in chips) 
RichHol: posts small blind $0.01
K6 Jari Aarnio: posts big blind $0.02
*** HOLE CARDS ***
Dealt to Dorex2007 [Jc 8h]
Yuri Colmerauer: raises $0.04 to $0.06
thrmsix: folds 
RonnyLingott: folds 
Dorex2007: folds 
Pepono101: calls $0.06
ArielNBP: folds 
Redmag666: folds 
RichHol: calls $0.05
K6 Jari Aarnio: calls $0.04
*** FLOP *** [Kh Ah 2c]
RichHol: checks 
K6 Jari Aarnio: checks 
Yuri Colmerauer: bets $0.14
Pepono101: calls $0.14
RichHol: folds 
K6 Jari Aarnio: folds 
*** TURN *** [Kh Ah 2c] [6c]
Yuri Colmerauer: bets $0.50
Pepono101: calls $0.50
*** RIVER *** [Kh Ah 2c 6c] [2h]
Yuri Colmerauer: bets $1.30 and is all-in
Pepono101: calls $1.30
*** SHOW DOWN ***
Yuri Colmerauer: shows [Ac Kd] (two pair, Aces and Kings)
Pepono101: shows [9h Qh] (a flush, Ace high)
Pepono101 collected $3.98 from pot
*** SUMMARY ***
Total pot $4.12 | Rake $0.14 
Board [Kh Ah 2c 6c 2h]
Seat 1: RonnyLingott folded before Flop (didn't bet)
Seat 2: Dorex2007 folded before Flop (didn't bet)
Seat 3: Pepono101 showed [9h Qh] and won ($3.98) with a flush, Ace high
Seat 4: ArielNBP folded before Flop (didn't bet)
Seat 5: Redmag666 (button) folded before Flop (didn't bet)
Seat 6: RichHol (small blind) folded on the Flop
Seat 7: K6 Jari Aarnio (big blind) folded on the Flop
Seat 8: Yuri Colmerauer showed [Ac Kd] and lost with two pair, Aces and Kings
Seat 9: thrmsix folded before Flop (didn't bet)



PokerStars Hand #225784929542:  Hold'em No Limit ($0.01/$0.02 USD) - 2021/04/12 16:58:20 PT [2021/04/12 19:58:20 ET]
Table 'Valentine II' 9-max Seat #6 is the button
Seat 1: RonnyLingott ($2.38 in chips) 
Seat 2: Dorex2007 ($1.40 in chips) 
Seat 3: Pepono101 ($4.50 in chips) 
Seat 4: ArielNBP ($2.56 in chips) 
Seat 5: Redmag666 ($2.04 in chips) 
Seat 6: RichHol ($1.95 in chips) 
Seat 7: K6 Jari Aarnio ($2.92 in chips) 
Seat 8: Yuri Colmerauer ($2 in chips) 
Seat 9: thrmsix ($2.69 in chips) 
K6 Jari Aarnio: posts small blind $0.01
Yuri Colmerauer: posts big blind $0.02
*** HOLE CARDS ***
Dealt to Dorex2007 [6s 7c]
thrmsix: folds 
RonnyLingott: folds 
Dorex2007: folds 
Pepono101: calls $0.02
ArielNBP: folds 
Redmag666: folds 
RichHol: folds 
K6 Jari Aarnio: raises $0.04 to $0.06
Yuri Colmerauer: folds 
Pepono101: calls $0.04
*** FLOP *** [Jc 7d Qs]
K6 Jari Aarnio: bets $0.06
Pepono101: calls $0.06
*** TURN *** [Jc 7d Qs] [4h]
K6 Jari Aarnio: checks 
Pepono101: bets $0.14
K6 Jari Aarnio: folds 
Uncalled bet ($0.14) returned to Pepono101
Pepono101 collected $0.25 from pot
Pepono101: doesn't show hand 
*** SUMMARY ***
Total pot $0.26 | Rake $0.01 
Board [Jc 7d Qs 4h]
Seat 1: RonnyLingott folded before Flop (didn't bet)
Seat 2: Dorex2007 folded before Flop (didn't bet)
Seat 3: Pepono101 collected ($0.25)
Seat 4: ArielNBP folded before Flop (didn't bet)
Seat 5: Redmag666 folded before Flop (didn't bet)
Seat 6: RichHol (button) folded before Flop (didn't bet)
Seat 7: K6 Jari Aarnio (small blind) folded on the Turn
Seat 8: Yuri Colmerauer (big blind) folded before Flop
Seat 9: thrmsix folded before Flop (didn't bet)



PokerStars Hand #225784941610:  Hold'em No Limit ($0.01/$0.02 USD) - 2021/04/12 16:59:03 PT [2021/04/12 19:59:03 ET]
Table 'Valentine II' 9-max Seat #7 is the button
Seat 1: RonnyLingott ($2.38 in chips) 
Seat 2: Dorex2007 ($1.40 in chips) 
Seat 3: Pepono101 ($4.63 in chips) 
Seat 4: ArielNBP ($2.56 in chips) 
Seat 5: Redmag666 ($2.04 in chips) 
Seat 6: RichHol ($1.95 in chips) 
Seat 7: K6 Jari Aarnio ($2.80 in chips) 
Seat 8: Yuri Colmerauer ($2 in chips) 
Seat 9: thrmsix ($2.69 in chips) 
Yuri Colmerauer: posts small blind $0.01
thrmsix: posts big blind $0.02
*** HOLE CARDS ***
Dealt to Dorex2007 [6c 7c]
RonnyLingott: folds 
Dorex2007: folds 
Pepono101: raises $0.02 to $0.04
ArielNBP: folds 
Redmag666: calls $0.04
RichHol: folds 
K6 Jari Aarnio: calls $0.04
Yuri Colmerauer: calls $0.03
thrmsix: folds 
*** FLOP *** [8h 8s 5s]
Yuri Colmerauer: checks 
Pepono101: checks 
Redmag666: checks 
K6 Jari Aarnio: checks 
*** TURN *** [8h 8s 5s] [8c]
Yuri Colmerauer: checks 
Pepono101: checks 
Redmag666: bets $0.06
K6 Jari Aarnio: folds 
Yuri Colmerauer: folds 
Pepono101: calls $0.06
*** RIVER *** [8h 8s 5s 8c] [Qs]
Pepono101: checks 
Redmag666: checks 
*** SHOW DOWN ***
Pepono101: shows [2s 2h] (a full house, Eights full of Deuces)
Redmag666: shows [3s 3c] (a full house, Eights full of Threes)
Redmag666 collected $0.29 from pot
*** SUMMARY ***
Total pot $0.30 | Rake $0.01 
Board [8h 8s 5s 8c Qs]
Seat 1: RonnyLingott folded before Flop (didn't bet)
Seat 2: Dorex2007 folded before Flop (didn't bet)
Seat 3: Pepono101 showed [2s 2h] and lost with a full house, Eights full of Deuces
Seat 4: ArielNBP folded before Flop (didn't bet)
Seat 5: Redmag666 showed [3s 3c] and won ($0.29) with a full house, Eights full of Threes
Seat 6: RichHol folded before Flop (didn't bet)
Seat 7: K6 Jari Aarnio (button) folded on the Turn
Seat 8: Yuri Colmerauer (small blind) folded on the Turn
Seat 9: thrmsix (big blind) folded before Flop



PokerStars Hand #225785081747:  Hold'em No Limit ($0.01/$0.02 USD) - 2021/04/12 17:06:13 PT [2021/04/12 20:06:13 ET]
Table 'Valentine II' 9-max Seat #9 is the button
Seat 1: RonnyLingott ($2.28 in chips) 
Seat 2: Dorex2007 ($1.40 in chips) 
Seat 3: Pepono101 ($4.21 in chips) 
Seat 4: ArielNBP ($2.53 in chips) 
Seat 5: Redmag666 ($2.91 in chips) 
Seat 6: RichHol ($1.99 in chips) 
Seat 7: K6 Jari Aarnio ($2.73 in chips) 
Seat 8: Yuri Colmerauer ($2 in chips) 
Seat 9: thrmsix ($2.56 in chips) 
RonnyLingott: posts small blind $0.01
Dorex2007: posts big blind $0.02
*** HOLE CARDS ***
Dealt to Dorex2007 [7s 3h]
Pepono101: folds 
ArielNBP: folds 
Redmag666: folds 
RichHol: folds 
K6 Jari Aarnio: folds 
Yuri Colmerauer: folds 
thrmsix: folds 
RonnyLingott: folds 
Uncalled bet ($0.01) returned to Dorex2007
Dorex2007 collected $0.02 from pot
Dorex2007: doesn't show hand 
*** SUMMARY ***
Total pot $0.02 | Rake $0 
Seat 1: RonnyLingott (small blind) folded before Flop
Seat 2: Dorex2007 (big blind) collected ($0.02)
Seat 3: Pepono101 folded before Flop (didn't bet)
Seat 4: ArielNBP folded before Flop (didn't bet)
Seat 5: Redmag666 folded before Flop (didn't bet)
Seat 6: RichHol folded before Flop (didn't bet)
Seat 7: K6 Jari Aarnio folded before Flop (didn't bet)
Seat 8: Yuri Colmerauer folded before Flop (didn't bet)
Seat 9: thrmsix (button) folded before Flop (didn't bet)



PokerStars Hand #225785086231:  Hold'em No Limit ($0.01/$0.02 USD) - 2021/04/12 17:06:26 PT [2021/04/12 20:06:26 ET]
Table 'Valentine II' 9-max Seat #1 is the button
Seat 1: RonnyLingott ($2.27 in chips) 
Seat 2: Dorex2007 ($1.41 in chips) 
Seat 3: Pepono101 ($4.21 in chips) 
Seat 4: ArielNBP ($2.53 in chips) 
Seat 5: Redmag666 ($2.91 in chips) 
Seat 6: RichHol ($1.99 in chips) 
Seat 7: K6 Jari Aarnio ($2.73 in chips) 
Seat 8: Yuri Colmerauer ($2 in chips) 
Seat 9: thrmsix ($2.56 in chips) 
Dorex2007: posts small blind $0.01
Pepono101: posts big blind $0.02
*** HOLE CARDS ***
Dealt to Dorex2007 [5d 4s]
ArielNBP: folds 
Redmag666: folds 
RichHol: folds 
K6 Jari Aarnio: raises $0.04 to $0.06
Yuri Colmerauer: folds 
thrmsix: folds 
RonnyLingott has timed out
RonnyLingott: folds 
Dorex2007: folds 
Pepono101: folds 
Uncalled bet ($0.04) returned to K6 Jari Aarnio
K6 Jari Aarnio collected $0.05 from pot
K6 Jari Aarnio: doesn't show hand 
*** SUMMARY ***
Total pot $0.05 | Rake $0 
Seat 1: RonnyLingott (button) folded before Flop (didn't bet)
Seat 2: Dorex2007 (small blind) folded before Flop
Seat 3: Pepono101 (big blind) folded before Flop
Seat 4: ArielNBP folded before Flop (didn't bet)
Seat 5: Redmag666 folded before Flop (didn't bet)
Seat 6: RichHol folded before Flop (didn't bet)
Seat 7: K6 Jari Aarnio collected ($0.05)
Seat 8: Yuri Colmerauer folded before Flop (didn't bet)
Seat 9: thrmsix folded before Flop (didn't bet)



PokerStars Hand #225785105008:  Hold'em No Limit ($0.01/$0.02 USD) - 2021/04/12 17:07:15 PT [2021/04/12 20:07:15 ET]
Table 'Valentine II' 9-max Seat #2 is the button
Seat 2: Dorex2007 ($1.40 in chips) 
Seat 3: Pepono101 ($4.19 in chips) 
Seat 4: ArielNBP ($2.53 in chips) 
Seat 5: Redmag666 ($2.91 in chips) 
Seat 6: RichHol ($1.99 in chips) 
Seat 7: K6 Jari Aarnio ($2.76 in chips) 
Seat 8: Yuri Colmerauer ($2 in chips) 
Seat 9: thrmsix ($2.56 in chips) 
Pepono101: posts small blind $0.01
ArielNBP: posts big blind $0.02
*** HOLE CARDS ***
Dealt to Dorex2007 [Tc Jc]
Redmag666: raises $0.04 to $0.06
RichHol: folds 
K6 Jari Aarnio: folds 
Yuri Colmerauer: folds 
thrmsix: folds 
Dorex2007: calls $0.06
Pepono101: folds 
ArielNBP: folds 
*** FLOP *** [7s Qc 2c]
Redmag666: checks 
Dorex2007: checks 
*** TURN *** [7s Qc 2c] [8s]
Redmag666: checks 
Dorex2007: checks 
*** RIVER *** [7s Qc 2c 8s] [Qd]
Redmag666: checks 
Dorex2007: bets $0.10
Redmag666: folds 
Uncalled bet ($0.10) returned to Dorex2007
Dorex2007 collected $0.14 from pot
Dorex2007: doesn't show hand 
*** SUMMARY ***
Total pot $0.15 | Rake $0.01 
Board [7s Qc 2c 8s Qd]
Seat 2: Dorex2007 (button) collected ($0.14)
Seat 3: Pepono101 (small blind) folded before Flop
Seat 4: ArielNBP (big blind) folded before Flop
Seat 5: Redmag666 folded on the River
Seat 6: RichHol folded before Flop (didn't bet)
Seat 7: K6 Jari Aarnio folded before Flop (didn't bet)
Seat 8: Yuri Colmerauer folded before Flop (didn't bet)
Seat 9: thrmsix folded before Flop (didn't bet)



PokerStars Hand #225785126286:  Hold'em No Limit ($0.01/$0.02 USD) - 2021/04/12 17:08:18 PT [2021/04/12 20:08:18 ET]
Table 'Valentine II' 9-max Seat #3 is the button
Seat 1: RonnyLingott ($2.27 in chips) 
Seat 2: Dorex2007 ($1.48 in chips) 
Seat 3: Pepono101 ($4.18 in chips) 
Seat 4: ArielNBP ($2.51 in chips) 
Seat 5: Redmag666 ($2.85 in chips) 
Seat 6: RichHol ($1.99 in chips) 
Seat 7: K6 Jari Aarnio ($2.76 in chips) 
Seat 8: Yuri Colmerauer ($2 in chips) 
Seat 9: thrmsix ($2.56 in chips) 
ArielNBP: posts small blind $0.01
Redmag666: posts big blind $0.02
*** HOLE CARDS ***
Dealt to Dorex2007 [Qs Qh]
RichHol: folds 
K6 Jari Aarnio: folds 
Yuri Colmerauer: folds 
thrmsix: folds 
RonnyLingott: folds 
Dorex2007: raises $0.04 to $0.06
Pepono101: folds 
ArielNBP: folds 
Redmag666: folds 
Uncalled bet ($0.04) returned to Dorex2007
Dorex2007 collected $0.05 from pot
Dorex2007: doesn't show hand 
*** SUMMARY ***
Total pot $0.05 | Rake $0 
Seat 1: RonnyLingott folded before Flop (didn't bet)
Seat 2: Dorex2007 collected ($0.05)
Seat 3: Pepono101 (button) folded before Flop (didn't bet)
Seat 4: ArielNBP (small blind) folded before Flop
Seat 5: Redmag666 (big blind) folded before Flop
Seat 6: RichHol folded before Flop (didn't bet)
Seat 7: K6 Jari Aarnio folded before Flop (didn't bet)
Seat 8: Yuri Colmerauer folded before Flop (didn't bet)
Seat 9: thrmsix folded before Flop (didn't bet)



PokerStars Hand #225785143765:  Hold'em No Limit ($0.01/$0.02 USD) - 2021/04/12 17:08:53 PT [2021/04/12 20:08:53 ET]
Table 'Valentine II' 9-max Seat #4 is the button
Seat 1: RonnyLingott ($2.27 in chips) 
Seat 2: Dorex2007 ($1.51 in chips) 
Seat 3: Pepono101 ($4.18 in chips) 
Seat 4: ArielNBP ($2.50 in chips) 
Seat 5: Redmag666 ($2.83 in chips) 
Seat 6: RichHol ($1.99 in chips) 
Seat 7: K6 Jari Aarnio ($2.76 in chips) 
Seat 8: Yuri Colmerauer ($2 in chips) 
Seat 9: thrmsix ($2.56 in chips) 
Redmag666: posts small blind $0.01
RichHol: posts big blind $0.02
*** HOLE CARDS ***
Dealt to Dorex2007 [4s Ks]
K6 Jari Aarnio: raises $0.04 to $0.06
Yuri Colmerauer: folds 
thrmsix: folds 
RonnyLingott: calls $0.06
Dorex2007: folds 
Pepono101: folds 
ArielNBP: folds 
Redmag666: calls $0.05
RichHol: folds 
*** FLOP *** [7s Jh Jd]
Redmag666: checks 
K6 Jari Aarnio: bets $0.06
RonnyLingott: calls $0.06
Redmag666: calls $0.06
*** TURN *** [7s Jh Jd] [Td]
Redmag666: checks 
K6 Jari Aarnio: bets $0.12
RonnyLingott: calls $0.12
Redmag666: calls $0.12
*** RIVER *** [7s Jh Jd Td] [3c]
Redmag666: checks 
K6 Jari Aarnio: checks 
RonnyLingott: checks 
*** SHOW DOWN ***
Redmag666: shows [Jc Ac] (three of a kind, Jacks)
K6 Jari Aarnio: mucks hand 
RonnyLingott: mucks hand 
Redmag666 collected $0.71 from pot
*** SUMMARY ***
Total pot $0.74 | Rake $0.03 
Board [7s Jh Jd Td 3c]
Seat 1: RonnyLingott mucked [Ad Kh]
Seat 2: Dorex2007 folded before Flop (didn't bet)
Seat 3: Pepono101 folded before Flop (didn't bet)
Seat 4: ArielNBP (button) folded before Flop (didn't bet)
Seat 5: Redmag666 (small blind) showed [Jc Ac] and won ($0.71) with three of a kind, Jacks
Seat 6: RichHol (big blind) folded before Flop
Seat 7: K6 Jari Aarnio mucked [3d 2d]
Seat 8: Yuri Colmerauer folded before Flop (didn't bet)
Seat 9: thrmsix folded before Flop (didn't bet)



PokerStars Hand #225785162647:  Hold'em No Limit ($0.01/$0.02 USD) - 2021/04/12 17:09:49 PT [2021/04/12 20:09:49 ET]
Table 'Valentine II' 9-max Seat #5 is the button
Seat 1: RonnyLingott ($2.03 in chips) 
Seat 2: Dorex2007 ($1.51 in chips) 
Seat 3: Pepono101 ($4.18 in chips) 
Seat 4: ArielNBP ($2.50 in chips) 
Seat 5: Redmag666 ($3.30 in chips) 
Seat 6: RichHol ($1.97 in chips) 
Seat 7: K6 Jari Aarnio ($2.52 in chips) 
Seat 8: Yuri Colmerauer ($2 in chips) 
Seat 9: thrmsix ($2.56 in chips) 
RichHol: posts small blind $0.01
K6 Jari Aarnio: posts big blind $0.02
*** HOLE CARDS ***
Dealt to Dorex2007 [8h 8s]
Yuri Colmerauer: folds 
thrmsix: folds 
RonnyLingott: calls $0.02
Dorex2007: calls $0.02
Pepono101: raises $0.02 to $0.04
ArielNBP: folds 
Redmag666: calls $0.04
RichHol: folds 
K6 Jari Aarnio: folds 
RonnyLingott: calls $0.02
Dorex2007: calls $0.02
*** FLOP *** [Jc Qh 7h]
RonnyLingott: checks 
Dorex2007: checks 
Pepono101: checks 
Redmag666: checks 
*** TURN *** [Jc Qh 7h] [Ks]
RonnyLingott: checks 
Dorex2007: checks 
Pepono101: checks 
Redmag666: checks 
*** RIVER *** [Jc Qh 7h Ks] [8c]
RonnyLingott: checks 
Dorex2007: bets $0.18
Pepono101: folds 
Redmag666: folds 
RonnyLingott: folds 
Uncalled bet ($0.18) returned to Dorex2007
Dorex2007 collected $0.18 from pot
Dorex2007: doesn't show hand 
*** SUMMARY ***
Total pot $0.19 | Rake $0.01 
Board [Jc Qh 7h Ks 8c]
Seat 1: RonnyLingott folded on the River
Seat 2: Dorex2007 collected ($0.18)
Seat 3: Pepono101 folded on the River
Seat 4: ArielNBP folded before Flop (didn't bet)
Seat 5: Redmag666 (button) folded on the River
Seat 6: RichHol (small blind) folded before Flop
Seat 7: K6 Jari Aarnio (big blind) folded before Flop
Seat 8: Yuri Colmerauer folded before Flop (didn't bet)
Seat 9: thrmsix folded before Flop (didn't bet)



PokerStars Hand #225785184467:  Hold'em No Limit ($0.01/$0.02 USD) - 2021/04/12 17:10:53 PT [2021/04/12 20:10:53 ET]
Table 'Valentine II' 9-max Seat #6 is the button
Seat 1: RonnyLingott ($1.99 in chips) 
Seat 2: Dorex2007 ($1.65 in chips) 
Seat 3: Pepono101 ($4.14 in chips) 
Seat 4: ArielNBP ($2.50 in chips) 
Seat 5: Redmag666 ($3.26 in chips) 
Seat 6: RichHol ($1.96 in chips) 
Seat 7: K6 Jari Aarnio ($2.50 in chips) 
Seat 8: Yuri Colmerauer ($2 in chips) 
Seat 9: thrmsix ($2.56 in chips) 
K6 Jari Aarnio: posts small blind $0.01
Yuri Colmerauer: posts big blind $0.02
*** HOLE CARDS ***
Dealt to Dorex2007 [Kd 8c]
thrmsix: folds 
RonnyLingott has timed out
RonnyLingott: folds 
Dorex2007: folds 
Pepono101: folds 
ArielNBP: folds 
Redmag666: folds 
RichHol: folds 
K6 Jari Aarnio: calls $0.01
Yuri Colmerauer: checks 
*** FLOP *** [3s As Ad]
K6 Jari Aarnio: bets $0.02
Yuri Colmerauer: folds 
Uncalled bet ($0.02) returned to K6 Jari Aarnio
K6 Jari Aarnio collected $0.04 from pot
K6 Jari Aarnio: doesn't show hand 
*** SUMMARY ***
Total pot $0.04 | Rake $0 
Board [3s As Ad]
Seat 1: RonnyLingott folded before Flop (didn't bet)
Seat 2: Dorex2007 folded before Flop (didn't bet)
Seat 3: Pepono101 folded before Flop (didn't bet)
Seat 4: ArielNBP folded before Flop (didn't bet)
Seat 5: Redmag666 folded before Flop (didn't bet)
Seat 6: RichHol (button) folded before Flop (didn't bet)
Seat 7: K6 Jari Aarnio (small blind) collected ($0.04)
Seat 8: Yuri Colmerauer (big blind) folded on the Flop
Seat 9: thrmsix folded before Flop (didn't bet)



PokerStars Hand #225785202967:  Hold'em No Limit ($0.01/$0.02 USD) - 2021/04/12 17:11:24 PT [2021/04/12 20:11:24 ET]
Table 'Valentine II' 9-max Seat #7 is the button
Seat 1: RonnyLingott ($1.99 in chips) 
Seat 2: Dorex2007 ($1.65 in chips) 
Seat 3: Pepono101 ($4.14 in chips) 
Seat 4: ArielNBP ($2.50 in chips) 
Seat 5: Redmag666 ($3.26 in chips) 
Seat 6: RichHol ($1.96 in chips) 
Seat 7: K6 Jari Aarnio ($2.52 in chips) 
Seat 8: Yuri Colmerauer ($2 in chips) 
Seat 9: thrmsix ($2.56 in chips) 
Yuri Colmerauer: posts small blind $0.01
thrmsix: posts big blind $0.02
*** HOLE CARDS ***
Dealt to Dorex2007 [Td 7c]
RonnyLingott: folds 
Dorex2007: folds 
Pepono101: raises $0.02 to $0.04
ArielNBP: folds 
Redmag666: calls $0.04
RichHol: folds 
K6 Jari Aarnio: calls $0.04
Yuri Colmerauer: folds 
thrmsix: calls $0.02
*** FLOP *** [Kh 4c 5h]
thrmsix: checks 
Pepono101: checks 
Redmag666: checks 
K6 Jari Aarnio: checks 
*** TURN *** [Kh 4c 5h] [Kd]
thrmsix: checks 
Pepono101: checks 
Redmag666: checks 
K6 Jari Aarnio: bets $0.04
thrmsix: raises $0.12 to $0.16
Pepono101: folds 
Redmag666: folds 
K6 Jari Aarnio: folds 
Uncalled bet ($0.12) returned to thrmsix
thrmsix collected $0.24 from pot
thrmsix: doesn't show hand 
*** SUMMARY ***
Total pot $0.25 | Rake $0.01 
Board [Kh 4c 5h Kd]
Seat 1: RonnyLingott folded before Flop (didn't bet)
Seat 2: Dorex2007 folded before Flop (didn't bet)
Seat 3: Pepono101 folded on the Turn
Seat 4: ArielNBP folded before Flop (didn't bet)
Seat 5: Redmag666 folded on the Turn
Seat 6: RichHol folded before Flop (didn't bet)
Seat 7: K6 Jari Aarnio (button) folded on the Turn
Seat 8: Yuri Colmerauer (small blind) folded before Flop
Seat 9: thrmsix (big blind) collected ($0.24)



PokerStars Hand #225785227091:  Hold'em No Limit ($0.01/$0.02 USD) - 2021/04/12 17:12:36 PT [2021/04/12 20:12:36 ET]
Table 'Valentine II' 9-max Seat #8 is the button
Seat 1: RonnyLingott ($1.99 in chips) 
Seat 2: Dorex2007 ($1.65 in chips) 
Seat 3: Pepono101 ($4.10 in chips) 
Seat 4: ArielNBP ($2.50 in chips) 
Seat 5: Redmag666 ($3.22 in chips) 
Seat 6: RichHol ($1.96 in chips) 
Seat 7: K6 Jari Aarnio ($2.44 in chips) 
Seat 8: Yuri Colmerauer ($2 in chips) 
Seat 9: thrmsix ($2.72 in chips) 
thrmsix: posts small blind $0.01
RonnyLingott: posts big blind $0.02
*** HOLE CARDS ***
Dealt to Dorex2007 [5c 7c]
Dorex2007: folds 
Pepono101: folds 
ArielNBP: raises $0.03 to $0.05
Redmag666: folds 
RichHol: folds 
K6 Jari Aarnio: folds 
Yuri Colmerauer: folds 
thrmsix: folds 
RonnyLingott: folds 
Uncalled bet ($0.03) returned to ArielNBP
ArielNBP collected $0.05 from pot
*** SUMMARY ***
Total pot $0.05 | Rake $0 
Seat 1: RonnyLingott (big blind) folded before Flop
Seat 2: Dorex2007 folded before Flop (didn't bet)
Seat 3: Pepono101 folded before Flop (didn't bet)
Seat 4: ArielNBP collected ($0.05)
Seat 5: Redmag666 folded before Flop (didn't bet)
Seat 6: RichHol folded before Flop (didn't bet)
Seat 7: K6 Jari Aarnio folded before Flop (didn't bet)
Seat 8: Yuri Colmerauer (button) folded before Flop (didn't bet)
Seat 9: thrmsix (small blind) folded before Flop



PokerStars Hand #225785234814:  Hold'em No Limit ($0.01/$0.02 USD) - 2021/04/12 17:13:00 PT [2021/04/12 20:13:00 ET]
Table 'Valentine II' 9-max Seat #9 is the button
Seat 1: RonnyLingott ($1.97 in chips) 
Seat 2: Dorex2007 ($1.65 in chips) 
Seat 3: Pepono101 ($4.10 in chips) 
Seat 4: ArielNBP ($2.53 in chips) 
Seat 5: Redmag666 ($3.22 in chips) 
Seat 6: RichHol ($1.96 in chips) 
Seat 7: K6 Jari Aarnio ($2.44 in chips) 
Seat 8: Yuri Colmerauer ($2 in chips) 
Seat 9: thrmsix ($2.71 in chips) 
RonnyLingott: posts small blind $0.01
Dorex2007: posts big blind $0.02
*** HOLE CARDS ***
Dealt to Dorex2007 [5c Ks]
Pepono101: raises $0.02 to $0.04
ArielNBP: folds 
Redmag666: folds 
RichHol: folds 
K6 Jari Aarnio: folds 
Yuri Colmerauer: folds 
thrmsix: folds 
RonnyLingott: folds 
Dorex2007: calls $0.02
*** FLOP *** [8c 6d 4c]
Dorex2007: checks 
Pepono101: checks 
*** TURN *** [8c 6d 4c] [Qd]
Dorex2007: checks 
Pepono101: bets $0.04
Dorex2007: folds 
Uncalled bet ($0.04) returned to Pepono101
Pepono101 collected $0.09 from pot
Pepono101: doesn't show hand 
*** SUMMARY ***
Total pot $0.09 | Rake $0 
Board [8c 6d 4c Qd]
Seat 1: RonnyLingott (small blind) folded before Flop
Seat 2: Dorex2007 (big blind) folded on the Turn
Seat 3: Pepono101 collected ($0.09)
Seat 4: ArielNBP folded before Flop (didn't bet)
Seat 5: Redmag666 folded before Flop (didn't bet)
Seat 6: RichHol folded before Flop (didn't bet)
Seat 7: K6 Jari Aarnio folded before Flop (didn't bet)
Seat 8: Yuri Colmerauer folded before Flop (didn't bet)
Seat 9: thrmsix (button) folded before Flop (didn't bet)



PokerStars Hand #225785248665:  Hold'em No Limit ($0.01/$0.02 USD) - 2021/04/12 17:13:42 PT [2021/04/12 20:13:42 ET]
Table 'Valentine II' 9-max Seat #1 is the button
Seat 1: RonnyLingott ($1.96 in chips) 
Seat 2: Dorex2007 ($1.61 in chips) 
Seat 3: Pepono101 ($4.15 in chips) 
Seat 4: ArielNBP ($2.53 in chips) 
Seat 5: Redmag666 ($3.22 in chips) 
Seat 6: RichHol ($1.96 in chips) 
Seat 7: K6 Jari Aarnio ($2.44 in chips) 
Seat 8: Yuri Colmerauer ($2 in chips) 
Seat 9: thrmsix ($2.71 in chips) 
Dorex2007: posts small blind $0.01
Pepono101: posts big blind $0.02
*** HOLE CARDS ***
Dealt to Dorex2007 [6c 9s]
ArielNBP: folds 
Redmag666: folds 
RichHol: raises $0.04 to $0.06
K6 Jari Aarnio: folds 
Yuri Colmerauer: folds 
thrmsix: folds 
RonnyLingott: calls $0.06
Dorex2007: folds 
Pepono101: calls $0.04
*** FLOP *** [2d As 2h]
Pepono101: checks 
RichHol: checks 
RonnyLingott: checks 
*** TURN *** [2d As 2h] [5h]
Pepono101: checks 
RichHol: checks 
RonnyLingott: checks 
*** RIVER *** [2d As 2h 5h] [Td]
Pepono101: checks 
RichHol: bets $0.06
RonnyLingott: folds 
Pepono101: folds 
Uncalled bet ($0.06) returned to RichHol
RichHol collected $0.18 from pot
*** SUMMARY ***
Total pot $0.19 | Rake $0.01 
Board [2d As 2h 5h Td]
Seat 1: RonnyLingott (button) folded on the River
Seat 2: Dorex2007 (small blind) folded before Flop
Seat 3: Pepono101 (big blind) folded on the River
Seat 4: ArielNBP folded before Flop (didn't bet)
Seat 5: Redmag666 folded before Flop (didn't bet)
Seat 6: RichHol collected ($0.18)
Seat 7: K6 Jari Aarnio folded before Flop (didn't bet)
Seat 8: Yuri Colmerauer folded before Flop (didn't bet)
Seat 9: thrmsix folded before Flop (didn't bet)



PokerStars Hand #225785260577:  Hold'em No Limit ($0.01/$0.02 USD) - 2021/04/12 17:14:18 PT [2021/04/12 20:14:18 ET]
Table 'Valentine II' 9-max Seat #2 is the button
Seat 1: RonnyLingott ($1.90 in chips) 
Seat 2: Dorex2007 ($1.60 in chips) 
Seat 3: Pepono101 ($4.09 in chips) 
Seat 4: ArielNBP ($2.53 in chips) 
Seat 5: Redmag666 ($3.22 in chips) 
Seat 6: RichHol ($2.08 in chips) 
Seat 7: K6 Jari Aarnio ($2.44 in chips) 
Seat 8: Yuri Colmerauer ($2 in chips) 
Seat 9: thrmsix ($2.71 in chips) 
Pepono101: posts small blind $0.01
ArielNBP: posts big blind $0.02
*** HOLE CARDS ***
Dealt to Dorex2007 [3d 2s]
Redmag666: folds 
RichHol: folds 
K6 Jari Aarnio: folds 
Yuri Colmerauer: folds 
thrmsix: raises $0.04 to $0.06
RonnyLingott: folds 
Dorex2007: folds 
Pepono101: calls $0.05
ArielNBP: folds 
*** FLOP *** [Jd 8c 8h]
Pepono101: checks 
thrmsix: checks 
*** TURN *** [Jd 8c 8h] [2h]
Pepono101: checks 
thrmsix: bets $0.06
Pepono101: folds 
Uncalled bet ($0.06) returned to thrmsix
thrmsix collected $0.14 from pot
thrmsix: doesn't show hand 
*** SUMMARY ***
Total pot $0.14 | Rake $0 
Board [Jd 8c 8h 2h]
Seat 1: RonnyLingott folded before Flop (didn't bet)
Seat 2: Dorex2007 (button) folded before Flop (didn't bet)
Seat 3: Pepono101 (small blind) folded on the Turn
Seat 4: ArielNBP (big blind) folded before Flop
Seat 5: Redmag666 folded before Flop (didn't bet)
Seat 6: RichHol folded before Flop (didn't bet)
Seat 7: K6 Jari Aarnio folded before Flop (didn't bet)
Seat 8: Yuri Colmerauer folded before Flop (didn't bet)
Seat 9: thrmsix collected ($0.14)



PokerStars Hand #225785274092:  Hold'em No Limit ($0.01/$0.02 USD) - 2021/04/12 17:15:00 PT [2021/04/12 20:15:00 ET]
Table 'Valentine II' 9-max Seat #3 is the button
Seat 1: RonnyLingott ($1.90 in chips) 
Seat 2: Dorex2007 ($1.60 in chips) 
Seat 3: Pepono101 ($4.03 in chips) 
Seat 4: ArielNBP ($2.51 in chips) 
Seat 5: Redmag666 ($3.22 in chips) 
Seat 6: RichHol ($2.08 in chips) 
Seat 7: K6 Jari Aarnio ($2.44 in chips) 
Seat 8: Yuri Colmerauer ($2 in chips) 
Seat 9: thrmsix ($2.79 in chips) 
ArielNBP: posts small blind $0.01
Redmag666: posts big blind $0.02
*** HOLE CARDS ***
Dealt to Dorex2007 [Qh 7c]
RichHol: folds 
K6 Jari Aarnio: folds 
Yuri Colmerauer: folds 
thrmsix: folds 
RonnyLingott: calls $0.02
Dorex2007: folds 
Pepono101: folds 
ArielNBP: calls $0.01
Redmag666: checks 
*** FLOP *** [Th 2s 4s]
ArielNBP: checks 
Redmag666: checks 
RonnyLingott: checks 
*** TURN *** [Th 2s 4s] [2h]
ArielNBP: checks 
Redmag666: checks 
RonnyLingott: checks 
*** RIVER *** [Th 2s 4s 2h] [4d]
ArielNBP: checks 
Redmag666: bets $0.06
RonnyLingott: folds 
ArielNBP: folds 
Uncalled bet ($0.06) returned to Redmag666
Redmag666 collected $0.06 from pot
Redmag666: doesn't show hand 
*** SUMMARY ***
Total pot $0.06 | Rake $0 
Board [Th 2s 4s 2h 4d]
Seat 1: RonnyLingott folded on the River
Seat 2: Dorex2007 folded before Flop (didn't bet)
Seat 3: Pepono101 (button) folded before Flop (didn't bet)
Seat 4: ArielNBP (small blind) folded on the River
Seat 5: Redmag666 (big blind) collected ($0.06)
Seat 6: RichHol folded before Flop (didn't bet)
Seat 7: K6 Jari Aarnio folded before Flop (didn't bet)
Seat 8: Yuri Colmerauer folded before Flop (didn't bet)
Seat 9: thrmsix folded before Flop (didn't bet)



PokerStars Hand #225785296609:  Hold'em No Limit ($0.01/$0.02 USD) - 2021/04/12 17:16:08 PT [2021/04/12 20:16:08 ET]
Table 'Valentine II' 9-max Seat #4 is the button
Seat 1: RonnyLingott ($1.88 in chips) 
Seat 2: Dorex2007 ($1.60 in chips) 
Seat 3: Pepono101 ($4.03 in chips) 
Seat 4: ArielNBP ($2.49 in chips) 
Seat 5: Redmag666 ($3.26 in chips) 
Seat 6: RichHol ($2.08 in chips) 
Seat 7: K6 Jari Aarnio ($2.44 in chips) 
Seat 8: Yuri Colmerauer ($2 in chips) 
Seat 9: thrmsix ($2.79 in chips) 
Redmag666: posts small blind $0.01
RichHol: posts big blind $0.02
*** HOLE CARDS ***
Dealt to Dorex2007 [6s 9s]
K6 Jari Aarnio: raises $0.04 to $0.06
Yuri Colmerauer: folds 
thrmsix: folds 
RonnyLingott: folds 
Dorex2007: folds 
Pepono101: folds 
ArielNBP: calls $0.06
Redmag666: folds 
RichHol: folds 
*** FLOP *** [Ad 3h Ts]
K6 Jari Aarnio: checks 
ArielNBP: bets $0.04
K6 Jari Aarnio: calls $0.04
*** TURN *** [Ad 3h Ts] [As]
K6 Jari Aarnio: checks 
ArielNBP: bets $0.16
K6 Jari Aarnio: folds 
Uncalled bet ($0.16) returned to ArielNBP
ArielNBP collected $0.22 from pot
*** SUMMARY ***
Total pot $0.23 | Rake $0.01 
Board [Ad 3h Ts As]
Seat 1: RonnyLingott folded before Flop (didn't bet)
Seat 2: Dorex2007 folded before Flop (didn't bet)
Seat 3: Pepono101 folded before Flop (didn't bet)
Seat 4: ArielNBP (button) collected ($0.22)
Seat 5: Redmag666 (small blind) folded before Flop
Seat 6: RichHol (big blind) folded before Flop
Seat 7: K6 Jari Aarnio folded on the Turn
Seat 8: Yuri Colmerauer folded before Flop (didn't bet)
Seat 9: thrmsix folded before Flop (didn't bet)



PokerStars Hand #225785316431:  Hold'em No Limit ($0.01/$0.02 USD) - 2021/04/12 17:17:08 PT [2021/04/12 20:17:08 ET]
Table 'Valentine II' 9-max Seat #5 is the button
Seat 1: RonnyLingott ($1.88 in chips) 
Seat 2: Dorex2007 ($1.60 in chips) 
Seat 3: Pepono101 ($4.03 in chips) 
Seat 4: ArielNBP ($2.61 in chips) 
Seat 5: Redmag666 ($3.25 in chips) 
Seat 6: RichHol ($2.06 in chips) 
Seat 7: K6 Jari Aarnio ($2.34 in chips) 
Seat 8: Yuri Colmerauer ($2 in chips) 
Seat 9: thrmsix ($2.79 in chips) 
RichHol: posts small blind $0.01
K6 Jari Aarnio: posts big blind $0.02
*** HOLE CARDS ***
Dealt to Dorex2007 [Jd 3s]
Yuri Colmerauer: folds 
thrmsix: folds 
RonnyLingott: folds 
Dorex2007: folds 
Pepono101: folds 
ArielNBP: raises $0.03 to $0.05
Redmag666: folds 
RichHol: folds 
K6 Jari Aarnio: calls $0.03
*** FLOP *** [3d Jh 4c]
K6 Jari Aarnio: bets $0.04
ArielNBP: calls $0.04
*** TURN *** [3d Jh 4c] [4s]
Pepono101 leaves the table
K6 Jari Aarnio: bets $0.10
ArielNBP: calls $0.10
*** RIVER *** [3d Jh 4c 4s] [Ad]
K6 Jari Aarnio: checks 
ArielNBP: checks 
*** SHOW DOWN ***
K6 Jari Aarnio: shows [2s Kd] (a pair of Fours)
ArielNBP: shows [6c Jc] (two pair, Jacks and Fours)
ArielNBP collected $0.38 from pot
*** SUMMARY ***
Total pot $0.39 | Rake $0.01 
Board [3d Jh 4c 4s Ad]
Seat 1: RonnyLingott folded before Flop (didn't bet)
Seat 2: Dorex2007 folded before Flop (didn't bet)
Seat 3: Pepono101 folded before Flop (didn't bet)
Seat 4: ArielNBP showed [6c Jc] and won ($0.38) with two pair, Jacks and Fours
Seat 5: Redmag666 (button) folded before Flop (didn't bet)
Seat 6: RichHol (small blind) folded before Flop
Seat 7: K6 Jari Aarnio (big blind) showed [2s Kd] and lost with a pair of Fours
Seat 8: Yuri Colmerauer folded before Flop (didn't bet)
Seat 9: thrmsix folded before Flop (didn't bet)



PokerStars Hand #225785344571:  Hold'em No Limit ($0.01/$0.02 USD) - 2021/04/12 17:18:32 PT [2021/04/12 20:18:32 ET]
Table 'Valentine II' 9-max Seat #6 is the button
Seat 1: RonnyLingott ($1.88 in chips) 
Seat 2: Dorex2007 ($1.60 in chips) 
Seat 4: ArielNBP ($2.80 in chips) 
Seat 5: Redmag666 ($3.25 in chips) 
Seat 6: RichHol ($2.05 in chips) 
Seat 7: K6 Jari Aarnio ($2.15 in chips) 
Seat 8: Yuri Colmerauer ($2 in chips) 
Seat 9: thrmsix ($2.79 in chips) 
K6 Jari Aarnio: posts small blind $0.01
Yuri Colmerauer: posts big blind $0.02
*** HOLE CARDS ***
Dealt to Dorex2007 [7c 2c]
thrmsix: folds 
RonnyLingott: calls $0.02
Dorex2007: folds 
ArielNBP: folds 
Redmag666: folds 
RichHol: folds 
escanrew joins the table at seat #3 
K6 Jari Aarnio: raises $0.04 to $0.06
Yuri Colmerauer: folds 
RonnyLingott: calls $0.04
*** FLOP *** [9h 7h 7s]
K6 Jari Aarnio: checks 
RonnyLingott: checks 
*** TURN *** [9h 7h 7s] [Kc]
escanrew leaves the table
K6 Jari Aarnio: bets $0.04
RonnyLingott: calls $0.04
*** RIVER *** [9h 7h 7s Kc] [Kd]
K6 Jari Aarnio: bets $0.22
RonnyLingott: folds 
Uncalled bet ($0.22) returned to K6 Jari Aarnio
K6 Jari Aarnio collected $0.21 from pot
K6 Jari Aarnio: doesn't show hand 
*** SUMMARY ***
Total pot $0.22 | Rake $0.01 
Board [9h 7h 7s Kc Kd]
Seat 1: RonnyLingott folded on the River
Seat 2: Dorex2007 folded before Flop (didn't bet)
Seat 4: ArielNBP folded before Flop (didn't bet)
Seat 5: Redmag666 folded before Flop (didn't bet)
Seat 6: RichHol (button) folded before Flop (didn't bet)
Seat 7: K6 Jari Aarnio (small blind) collected ($0.21)
Seat 8: Yuri Colmerauer (big blind) folded before Flop
Seat 9: thrmsix folded before Flop (didn't bet)



PokerStars Hand #225785361192:  Hold'em No Limit ($0.01/$0.02 USD) - 2021/04/12 17:19:23 PT [2021/04/12 20:19:23 ET]
Table 'Valentine II' 9-max Seat #7 is the button
Seat 1: RonnyLingott ($1.78 in chips) 
Seat 2: Dorex2007 ($1.60 in chips) 
Seat 4: ArielNBP ($2.80 in chips) 
Seat 5: Redmag666 ($3.25 in chips) 
Seat 6: RichHol ($2.05 in chips) 
Seat 7: K6 Jari Aarnio ($2.26 in chips) 
Seat 8: Yuri Colmerauer ($2 in chips) 
Seat 9: thrmsix ($2.79 in chips) 
Yuri Colmerauer: posts small blind $0.01
thrmsix: posts big blind $0.02
*** HOLE CARDS ***
Dealt to Dorex2007 [2s 3s]
RonnyLingott: calls $0.02
Dorex2007: folds 
ArielNBP: folds 
Redmag666: folds 
RichHol: folds 
K6 Jari Aarnio: folds 
Yuri Colmerauer: folds 
thrmsix: checks 
*** FLOP *** [2h Jc 4h]
thrmsix: checks 
RonnyLingott: checks 
*** TURN *** [2h Jc 4h] [Qs]
thrmsix: checks 
RonnyLingott: checks 
*** RIVER *** [2h Jc 4h Qs] [9s]
thrmsix: checks 
RonnyLingott: bets $0.06
thrmsix: folds 
Uncalled bet ($0.06) returned to RonnyLingott
RonnyLingott collected $0.05 from pot
*** SUMMARY ***
Total pot $0.05 | Rake $0 
Board [2h Jc 4h Qs 9s]
Seat 1: RonnyLingott collected ($0.05)
Seat 2: Dorex2007 folded before Flop (didn't bet)
Seat 4: ArielNBP folded before Flop (didn't bet)
Seat 5: Redmag666 folded before Flop (didn't bet)
Seat 6: RichHol folded before Flop (didn't bet)
Seat 7: K6 Jari Aarnio (button) folded before Flop (didn't bet)
Seat 8: Yuri Colmerauer (small blind) folded before Flop
Seat 9: thrmsix (big blind) folded on the River



PokerStars Hand #225785370116:  Hold'em No Limit ($0.01/$0.02 USD) - 2021/04/12 17:19:51 PT [2021/04/12 20:19:51 ET]
Table 'Valentine II' 9-max Seat #8 is the button
Seat 1: RonnyLingott ($1.81 in chips) 
Seat 2: Dorex2007 ($1.60 in chips) 
Seat 4: ArielNBP ($2.80 in chips) 
Seat 5: Redmag666 ($3.25 in chips) 
Seat 6: RichHol ($2.05 in chips) 
Seat 7: K6 Jari Aarnio ($2.26 in chips) 
Seat 8: Yuri Colmerauer ($2 in chips) 
Seat 9: thrmsix ($2.77 in chips) 
thrmsix: posts small blind $0.01
RonnyLingott: posts big blind $0.02
*** HOLE CARDS ***
Dealt to Dorex2007 [5d Tc]
Dorex2007: folds 
ArielNBP: folds 
Redmag666: folds 
RichHol: folds 
K6 Jari Aarnio: folds 
Yuri Colmerauer: folds 
thrmsix: folds 
Uncalled bet ($0.01) returned to RonnyLingott
RonnyLingott collected $0.02 from pot
*** SUMMARY ***
Total pot $0.02 | Rake $0 
Seat 1: RonnyLingott (big blind) collected ($0.02)
Seat 2: Dorex2007 folded before Flop (didn't bet)
Seat 4: ArielNBP folded before Flop (didn't bet)
Seat 5: Redmag666 folded before Flop (didn't bet)
Seat 6: RichHol folded before Flop (didn't bet)
Seat 7: K6 Jari Aarnio folded before Flop (didn't bet)
Seat 8: Yuri Colmerauer (button) folded before Flop (didn't bet)
Seat 9: thrmsix (small blind) folded before Flop



PokerStars Hand #225785374580:  Hold'em No Limit ($0.01/$0.02 USD) - 2021/04/12 17:20:04 PT [2021/04/12 20:20:04 ET]
Table 'Valentine II' 9-max Seat #9 is the button
Seat 1: RonnyLingott ($1.82 in chips) 
Seat 2: Dorex2007 ($1.60 in chips) 
Seat 4: ArielNBP ($2.80 in chips) 
Seat 5: Redmag666 ($3.25 in chips) 
Seat 6: RichHol ($2.05 in chips) 
Seat 7: K6 Jari Aarnio ($2.26 in chips) 
Seat 8: Yuri Colmerauer ($2 in chips) 
Seat 9: thrmsix ($2.76 in chips) 
RonnyLingott: posts small blind $0.01
Dorex2007: posts big blind $0.02
*** HOLE CARDS ***
Dealt to Dorex2007 [Jd 6h]
ArielNBP: folds 
Redmag666: folds 
RichHol: folds 
K6 Jari Aarnio: raises $0.04 to $0.06
Yuri Colmerauer: folds 
thrmsix: folds 
RonnyLingott: calls $0.05
Dorex2007: folds 
*** FLOP *** [Js 4c 3h]
RonnyLingott: checks 
K6 Jari Aarnio: bets $0.04
RonnyLingott: calls $0.04
*** TURN *** [Js 4c 3h] [Ts]
RonnyLingott: checks 
K6 Jari Aarnio: checks 
*** RIVER *** [Js 4c 3h Ts] [8s]
RonnyLingott: checks 
K6 Jari Aarnio: bets $0.10
RonnyLingott: calls $0.10
*** SHOW DOWN ***
K6 Jari Aarnio: shows [Kh Ah] (high card Ace)
RonnyLingott: shows [9h Th] (a pair of Tens)
RonnyLingott collected $0.41 from pot
*** SUMMARY ***
Total pot $0.42 | Rake $0.01 
Board [Js 4c 3h Ts 8s]
Seat 1: RonnyLingott (small blind) showed [9h Th] and won ($0.41) with a pair of Tens
Seat 2: Dorex2007 (big blind) folded before Flop
Seat 4: ArielNBP folded before Flop (didn't bet)
Seat 5: Redmag666 folded before Flop (didn't bet)
Seat 6: RichHol folded before Flop (didn't bet)
Seat 7: K6 Jari Aarnio showed [Kh Ah] and lost with high card Ace
Seat 8: Yuri Colmerauer folded before Flop (didn't bet)
Seat 9: thrmsix (button) folded before Flop (didn't bet)



PokerStars Hand #225785393844:  Hold'em No Limit ($0.01/$0.02 USD) - 2021/04/12 17:20:48 PT [2021/04/12 20:20:48 ET]
Table 'Valentine II' 9-max Seat #1 is the button
Seat 1: RonnyLingott ($2.03 in chips) 
Seat 2: Dorex2007 ($1.58 in chips) 
Seat 4: ArielNBP ($2.80 in chips) 
Seat 5: Redmag666 ($3.25 in chips) 
Seat 6: RichHol ($2.05 in chips) 
Seat 7: K6 Jari Aarnio ($2.06 in chips) 
Seat 8: Yuri Colmerauer ($2 in chips) 
Seat 9: thrmsix ($2.76 in chips) 
Dorex2007: posts small blind $0.01
ArielNBP: posts big blind $0.02
*** HOLE CARDS ***
Dealt to Dorex2007 [2c 3s]
Redmag666: folds 
RichHol: folds 
K6 Jari Aarnio: folds 
Yuri Colmerauer: raises $0.04 to $0.06
thrmsix: folds 
RonnyLingott: calls $0.06
Dorex2007: folds 
ArielNBP: folds 
*** FLOP *** [Td Ac As]
Yuri Colmerauer: bets $0.11
RonnyLingott: folds 
Uncalled bet ($0.11) returned to Yuri Colmerauer
Yuri Colmerauer collected $0.14 from pot
Yuri Colmerauer: doesn't show hand 
*** SUMMARY ***
Total pot $0.15 | Rake $0.01 
Board [Td Ac As]
Seat 1: RonnyLingott (button) folded on the Flop
Seat 2: Dorex2007 (small blind) folded before Flop
Seat 4: ArielNBP (big blind) folded before Flop
Seat 5: Redmag666 folded before Flop (didn't bet)
Seat 6: RichHol folded before Flop (didn't bet)
Seat 7: K6 Jari Aarnio folded before Flop (didn't bet)
Seat 8: Yuri Colmerauer collected ($0.14)
Seat 9: thrmsix folded before Flop (didn't bet)



PokerStars Hand #225785404185:  Hold'em No Limit ($0.01/$0.02 USD) - 2021/04/12 17:21:19 PT [2021/04/12 20:21:19 ET]
Table 'Valentine II' 9-max Seat #2 is the button
Seat 1: RonnyLingott ($1.97 in chips) 
Seat 2: Dorex2007 ($1.57 in chips) 
Seat 4: ArielNBP ($2.78 in chips) 
Seat 5: Redmag666 ($3.25 in chips) 
Seat 6: RichHol ($2.05 in chips) 
Seat 7: K6 Jari Aarnio ($2.06 in chips) 
Seat 8: Yuri Colmerauer ($2.08 in chips) 
Seat 9: thrmsix ($2.76 in chips) 
ArielNBP: posts small blind $0.01
Redmag666: posts big blind $0.02
*** HOLE CARDS ***
Dealt to Dorex2007 [Qs 9d]
RichHol: folds 
K6 Jari Aarnio: folds 
Yuri Colmerauer: folds 
thrmsix: folds 
RonnyLingott: folds 
abufirs joins the table at seat #3 
Dorex2007: raises $0.04 to $0.06
ArielNBP: folds 
Redmag666: folds 
Uncalled bet ($0.04) returned to Dorex2007
Dorex2007 collected $0.05 from pot
Dorex2007: doesn't show hand 
*** SUMMARY ***
Total pot $0.05 | Rake $0 
Seat 1: RonnyLingott folded before Flop (didn't bet)
Seat 2: Dorex2007 (button) collected ($0.05)
Seat 4: ArielNBP (small blind) folded before Flop
Seat 5: Redmag666 (big blind) folded before Flop
Seat 6: RichHol folded before Flop (didn't bet)
Seat 7: K6 Jari Aarnio folded before Flop (didn't bet)
Seat 8: Yuri Colmerauer folded before Flop (didn't bet)
Seat 9: thrmsix folded before Flop (didn't bet)



PokerStars Hand #225785411816:  Hold'em No Limit ($0.01/$0.02 USD) - 2021/04/12 17:21:43 PT [2021/04/12 20:21:43 ET]
Table 'Valentine II' 9-max Seat #4 is the button
Seat 1: RonnyLingott ($1.97 in chips) 
Seat 2: Dorex2007 ($1.60 in chips) 
Seat 4: ArielNBP ($2.77 in chips) 
Seat 5: Redmag666 ($3.23 in chips) 
Seat 6: RichHol ($2.05 in chips) 
Seat 7: K6 Jari Aarnio ($2.06 in chips) 
Seat 8: Yuri Colmerauer ($2.08 in chips) 
Seat 9: thrmsix ($2.76 in chips) 
Redmag666: posts small blind $0.01
RichHol: posts big blind $0.02
abufirs: sits out 
*** HOLE CARDS ***
Dealt to Dorex2007 [2h Th]
K6 Jari Aarnio: folds 
Yuri Colmerauer: folds 
thrmsix: folds 
RonnyLingott: folds 
Dorex2007: folds 
ArielNBP: raises $0.03 to $0.05
Redmag666: calls $0.04
RichHol: calls $0.03
*** FLOP *** [8c Jc Qh]
Redmag666: checks 
RichHol: checks 
ArielNBP: bets $0.05
Redmag666: calls $0.05
RichHol: calls $0.05
*** TURN *** [8c Jc Qh] [9d]
Redmag666: checks 
RichHol: checks 
ArielNBP: checks 
*** RIVER *** [8c Jc Qh 9d] [8d]
Redmag666: bets $0.12
RichHol: calls $0.12
ArielNBP: calls $0.12
*** SHOW DOWN ***
Redmag666: shows [Qs Ts] (a straight, Eight to Queen)
RichHol: shows [Td Ac] (a straight, Eight to Queen)
ArielNBP: mucks hand 
Redmag666 collected $0.32 from pot
RichHol collected $0.32 from pot
*** SUMMARY ***
Total pot $0.66 | Rake $0.02 
Board [8c Jc Qh 9d 8d]
Seat 1: RonnyLingott folded before Flop (didn't bet)
Seat 2: Dorex2007 folded before Flop (didn't bet)
Seat 4: ArielNBP (button) mucked [Jh Qd]
Seat 5: Redmag666 (small blind) showed [Qs Ts] and won ($0.32) with a straight, Eight to Queen
Seat 6: RichHol (big blind) showed [Td Ac] and won ($0.32) with a straight, Eight to Queen
Seat 7: K6 Jari Aarnio folded before Flop (didn't bet)
Seat 8: Yuri Colmerauer folded before Flop (didn't bet)
Seat 9: thrmsix folded before Flop (didn't bet)



PokerStars Hand #225785436218:  Hold'em No Limit ($0.01/$0.02 USD) - 2021/04/12 17:22:57 PT [2021/04/12 20:22:57 ET]
Table 'Valentine II' 9-max Seat #5 is the button
Seat 1: RonnyLingott ($1.97 in chips) 
Seat 2: Dorex2007 ($1.60 in chips) 
Seat 4: ArielNBP ($2.55 in chips) 
Seat 5: Redmag666 ($3.33 in chips) 
Seat 6: RichHol ($2.15 in chips) 
Seat 7: K6 Jari Aarnio ($2.06 in chips) 
Seat 8: Yuri Colmerauer ($2.08 in chips) 
Seat 9: thrmsix ($2.76 in chips) 
RichHol: posts small blind $0.01
K6 Jari Aarnio: posts big blind $0.02
abufirs: sits out 
*** HOLE CARDS ***
Dealt to Dorex2007 [Qs 5d]
Yuri Colmerauer: folds 
thrmsix: folds 
RonnyLingott: raises $0.08 to $0.10
Dorex2007: folds 
ArielNBP: folds 
Redmag666: folds 
RichHol: folds 
K6 Jari Aarnio: calls $0.08
*** FLOP *** [Qc 6h 2d]
K6 Jari Aarnio: checks 
RonnyLingott: bets $0.10
K6 Jari Aarnio: folds 
Uncalled bet ($0.10) returned to RonnyLingott
RonnyLingott collected $0.20 from pot
*** SUMMARY ***
Total pot $0.21 | Rake $0.01 
Board [Qc 6h 2d]
Seat 1: RonnyLingott collected ($0.20)
Seat 2: Dorex2007 folded before Flop (didn't bet)
Seat 4: ArielNBP folded before Flop (didn't bet)
Seat 5: Redmag666 (button) folded before Flop (didn't bet)
Seat 6: RichHol (small blind) folded before Flop
Seat 7: K6 Jari Aarnio (big blind) folded on the Flop
Seat 8: Yuri Colmerauer folded before Flop (didn't bet)
Seat 9: thrmsix folded before Flop (didn't bet)



PokerStars Hand #225785450060:  Hold'em No Limit ($0.01/$0.02 USD) - 2021/04/12 17:23:39 PT [2021/04/12 20:23:39 ET]
Table 'Valentine II' 9-max Seat #6 is the button
Seat 1: RonnyLingott ($2.07 in chips) 
Seat 2: Dorex2007 ($1.60 in chips) 
Seat 4: ArielNBP ($2.55 in chips) 
Seat 5: Redmag666 ($3.33 in chips) 
Seat 6: RichHol ($2.14 in chips) 
Seat 7: K6 Jari Aarnio ($1.96 in chips) 
Seat 8: Yuri Colmerauer ($2.08 in chips) 
Seat 9: thrmsix ($2.76 in chips) 
K6 Jari Aarnio: posts small blind $0.01
Yuri Colmerauer: posts big blind $0.02
abufirs: sits out 
*** HOLE CARDS ***
Dealt to Dorex2007 [3d 4d]
thrmsix: folds 
RonnyLingott: folds 
Dorex2007: folds 
ArielNBP: folds 
Redmag666: folds 
RichHol: folds 
K6 Jari Aarnio: calls $0.01
Yuri Colmerauer: checks 
*** FLOP *** [3c Jc 7d]
K6 Jari Aarnio: checks 
Yuri Colmerauer: checks 
*** TURN *** [3c Jc 7d] [Js]
K6 Jari Aarnio: bets $0.02
Yuri Colmerauer: folds 
Uncalled bet ($0.02) returned to K6 Jari Aarnio
K6 Jari Aarnio collected $0.04 from pot
K6 Jari Aarnio: doesn't show hand 
*** SUMMARY ***
Total pot $0.04 | Rake $0 
Board [3c Jc 7d Js]
Seat 1: RonnyLingott folded before Flop (didn't bet)
Seat 2: Dorex2007 folded before Flop (didn't bet)
Seat 4: ArielNBP folded before Flop (didn't bet)
Seat 5: Redmag666 folded before Flop (didn't bet)
Seat 6: RichHol (button) folded before Flop (didn't bet)
Seat 7: K6 Jari Aarnio (small blind) collected ($0.04)
Seat 8: Yuri Colmerauer (big blind) folded on the Turn
Seat 9: thrmsix folded before Flop (didn't bet)



PokerStars Hand #225785461776:  Hold'em No Limit ($0.01/$0.02 USD) - 2021/04/12 17:24:15 PT [2021/04/12 20:24:15 ET]
Table 'Valentine II' 9-max Seat #7 is the button
Seat 1: RonnyLingott ($2.07 in chips) 
Seat 2: Dorex2007 ($1.60 in chips) 
Seat 4: ArielNBP ($2.55 in chips) 
Seat 5: Redmag666 ($3.33 in chips) 
Seat 6: RichHol ($2.14 in chips) 
Seat 7: K6 Jari Aarnio ($1.98 in chips) 
Seat 8: Yuri Colmerauer ($2.06 in chips) 
Seat 9: thrmsix ($2.76 in chips) 
Yuri Colmerauer: posts small blind $0.01
thrmsix: posts big blind $0.02
abufirs: sits out 
*** HOLE CARDS ***
Dealt to Dorex2007 [Tc As]
RonnyLingott: calls $0.02
Dorex2007: folds 
ArielNBP: folds 
Redmag666: folds 
RichHol: calls $0.02
K6 Jari Aarnio: calls $0.02
Yuri Colmerauer: folds 
thrmsix: checks 
*** FLOP *** [8s 2h Kd]
thrmsix: checks 
RonnyLingott: checks 
RichHol: checks 
K6 Jari Aarnio: bets $0.04
thrmsix: folds 
RonnyLingott: calls $0.04
RichHol: calls $0.04
*** TURN *** [8s 2h Kd] [Ac]
RonnyLingott: checks 
RichHol: checks 
K6 Jari Aarnio: checks 
*** RIVER *** [8s 2h Kd Ac] [2c]
RonnyLingott: checks 
RichHol: bets $0.06
K6 Jari Aarnio: folds 
RonnyLingott: folds 
Uncalled bet ($0.06) returned to RichHol
RichHol collected $0.20 from pot
*** SUMMARY ***
Total pot $0.21 | Rake $0.01 
Board [8s 2h Kd Ac 2c]
Seat 1: RonnyLingott folded on the River
Seat 2: Dorex2007 folded before Flop (didn't bet)
Seat 4: ArielNBP folded before Flop (didn't bet)
Seat 5: Redmag666 folded before Flop (didn't bet)
Seat 6: RichHol collected ($0.20)
Seat 7: K6 Jari Aarnio (button) folded on the River
Seat 8: Yuri Colmerauer (small blind) folded before Flop
Seat 9: thrmsix (big blind) folded on the Flop



PokerStars Hand #225785490523:  Hold'em No Limit ($0.01/$0.02 USD) - 2021/04/12 17:25:44 PT [2021/04/12 20:25:44 ET]
Table 'Valentine II' 9-max Seat #8 is the button
Seat 1: RonnyLingott ($2.01 in chips) 
Seat 2: Dorex2007 ($1.60 in chips) 
Seat 4: ArielNBP ($2.55 in chips) 
Seat 5: Redmag666 ($3.33 in chips) 
Seat 6: RichHol ($2.28 in chips) 
Seat 7: K6 Jari Aarnio ($1.92 in chips) 
Seat 8: Yuri Colmerauer ($2.05 in chips) 
Seat 9: thrmsix ($2.74 in chips) 
thrmsix: posts small blind $0.01
RonnyLingott: posts big blind $0.02
abufirs: sits out 
*** HOLE CARDS ***
Dealt to Dorex2007 [Jc 4d]
Dorex2007: folds 
ArielNBP: folds 
Redmag666: folds 
RichHol: folds 
K6 Jari Aarnio: raises $0.04 to $0.06
Yuri Colmerauer: folds 
thrmsix: folds 
RonnyLingott: folds 
Uncalled bet ($0.04) returned to K6 Jari Aarnio
K6 Jari Aarnio collected $0.05 from pot
K6 Jari Aarnio: doesn't show hand 
*** SUMMARY ***
Total pot $0.05 | Rake $0 
Seat 1: RonnyLingott (big blind) folded before Flop
Seat 2: Dorex2007 folded before Flop (didn't bet)
Seat 4: ArielNBP folded before Flop (didn't bet)
Seat 5: Redmag666 folded before Flop (didn't bet)
Seat 6: RichHol folded before Flop (didn't bet)
Seat 7: K6 Jari Aarnio collected ($0.05)
Seat 8: Yuri Colmerauer (button) folded before Flop (didn't bet)
Seat 9: thrmsix (small blind) folded before Flop



PokerStars Hand #225785498847:  Hold'em No Limit ($0.01/$0.02 USD) - 2021/04/12 17:26:11 PT [2021/04/12 20:26:11 ET]
Table 'Valentine II' 9-max Seat #9 is the button
Seat 1: RonnyLingott ($1.99 in chips) 
Seat 2: Dorex2007 ($1.60 in chips) 
Seat 4: ArielNBP ($2.55 in chips) 
Seat 5: Redmag666 ($3.33 in chips) 
Seat 6: RichHol ($2.28 in chips) 
Seat 7: K6 Jari Aarnio ($1.95 in chips) 
Seat 8: Yuri Colmerauer ($2.05 in chips) 
Seat 9: thrmsix ($2.73 in chips) 
RonnyLingott: posts small blind $0.01
Dorex2007: posts big blind $0.02
abufirs: sits out 
*** HOLE CARDS ***
Dealt to Dorex2007 [9d 2c]
ArielNBP: folds 
Redmag666: folds 
RichHol: folds 
K6 Jari Aarnio: calls $0.02
Yuri Colmerauer: folds 
thrmsix: folds 
RonnyLingott: calls $0.01
Dorex2007: checks 
*** FLOP *** [2s Kc 9h]
RonnyLingott: checks 
Dorex2007: checks 
K6 Jari Aarnio: checks 
*** TURN *** [2s Kc 9h] [Js]
RonnyLingott: checks 
Dorex2007: checks 
K6 Jari Aarnio: bets $0.02
RonnyLingott: folds 
Dorex2007: calls $0.02
*** RIVER *** [2s Kc 9h Js] [6d]
Dorex2007: checks 
K6 Jari Aarnio: bets $0.08
Dorex2007: calls $0.08
*** SHOW DOWN ***
K6 Jari Aarnio: shows [Jh 9s] (two pair, Jacks and Nines)
Dorex2007: mucks hand 
K6 Jari Aarnio collected $0.25 from pot
*** SUMMARY ***
Total pot $0.26 | Rake $0.01 
Board [2s Kc 9h Js 6d]
Seat 1: RonnyLingott (small blind) folded on the Turn
Seat 2: Dorex2007 (big blind) mucked [9d 2c]
Seat 4: ArielNBP folded before Flop (didn't bet)
Seat 5: Redmag666 folded before Flop (didn't bet)
Seat 6: RichHol folded before Flop (didn't bet)
Seat 7: K6 Jari Aarnio showed [Jh 9s] and won ($0.25) with two pair, Jacks and Nines
Seat 8: Yuri Colmerauer folded before Flop (didn't bet)
Seat 9: thrmsix (button) folded before Flop (didn't bet)



PokerStars Hand #225785529441:  Hold'em No Limit ($0.01/$0.02 USD) - 2021/04/12 17:27:18 PT [2021/04/12 20:27:18 ET]
Table 'Valentine II' 9-max Seat #1 is the button
Seat 1: RonnyLingott ($1.97 in chips) 
Seat 2: Dorex2007 ($1.48 in chips) 
Seat 3: abufirs ($1.65 in chips) 
Seat 4: ArielNBP ($2.55 in chips) 
Seat 5: Redmag666 ($3.33 in chips) 
Seat 6: RichHol ($2.28 in chips) 
Seat 7: K6 Jari Aarnio ($2.08 in chips) 
Seat 8: Yuri Colmerauer ($2.05 in chips) 
Seat 9: thrmsix ($2.73 in chips) 
Dorex2007: posts small blind $0.01
abufirs: posts big blind $0.02
*** HOLE CARDS ***
Dealt to Dorex2007 [Kc Jd]
ArielNBP: folds 
Redmag666: folds 
RichHol: raises $0.04 to $0.06
K6 Jari Aarnio: folds 
Yuri Colmerauer: folds 
thrmsix: folds 
RonnyLingott: folds 
Dorex2007: calls $0.05
abufirs: folds 
*** FLOP *** [Js 2s Tc]
Dorex2007: bets $0.14
RichHol: folds 
Uncalled bet ($0.14) returned to Dorex2007
Dorex2007 collected $0.14 from pot
Dorex2007: doesn't show hand 
*** SUMMARY ***
Total pot $0.14 | Rake $0 
Board [Js 2s Tc]
Seat 1: RonnyLingott (button) folded before Flop (didn't bet)
Seat 2: Dorex2007 (small blind) collected ($0.14)
Seat 3: abufirs (big blind) folded before Flop
Seat 4: ArielNBP folded before Flop (didn't bet)
Seat 5: Redmag666 folded before Flop (didn't bet)
Seat 6: RichHol folded on the Flop
Seat 7: K6 Jari Aarnio folded before Flop (didn't bet)
Seat 8: Yuri Colmerauer folded before Flop (didn't bet)
Seat 9: thrmsix folded before Flop (didn't bet)



PokerStars Hand #225785539835:  Hold'em No Limit ($0.01/$0.02 USD) - 2021/04/12 17:27:50 PT [2021/04/12 20:27:50 ET]
Table 'Valentine II' 9-max Seat #2 is the button
Seat 1: RonnyLingott ($1.97 in chips) 
Seat 2: Dorex2007 ($1.56 in chips) 
Seat 3: abufirs ($1.63 in chips) 
Seat 4: ArielNBP ($2.55 in chips) 
Seat 5: Redmag666 ($3.33 in chips) 
Seat 6: RichHol ($2.22 in chips) 
Seat 7: K6 Jari Aarnio ($2.08 in chips) 
Seat 8: Yuri Colmerauer ($2.05 in chips) 
Seat 9: thrmsix ($2.73 in chips) 
abufirs: posts small blind $0.01
ArielNBP: posts big blind $0.02
*** HOLE CARDS ***
Dealt to Dorex2007 [Ah 2s]
Redmag666: folds 
RichHol: raises $0.04 to $0.06
K6 Jari Aarnio: folds 
Yuri Colmerauer: folds 
thrmsix: folds 
RonnyLingott: folds 
Dorex2007: folds 
abufirs: folds 
ArielNBP: folds 
Uncalled bet ($0.04) returned to RichHol
RichHol collected $0.05 from pot
*** SUMMARY ***
Total pot $0.05 | Rake $0 
Seat 1: RonnyLingott folded before Flop (didn't bet)
Seat 2: Dorex2007 (button) folded before Flop (didn't bet)
Seat 3: abufirs (small blind) folded before Flop
Seat 4: ArielNBP (big blind) folded before Flop
Seat 5: Redmag666 folded before Flop (didn't bet)
Seat 6: RichHol collected ($0.05)
Seat 7: K6 Jari Aarnio folded before Flop (didn't bet)
Seat 8: Yuri Colmerauer folded before Flop (didn't bet)
Seat 9: thrmsix folded before Flop (didn't bet)



PokerStars Hand #225785546441:  Hold'em No Limit ($0.01/$0.02 USD) - 2021/04/12 17:28:11 PT [2021/04/12 20:28:11 ET]
Table 'Valentine II' 9-max Seat #3 is the button
Seat 1: RonnyLingott ($1.97 in chips) 
Seat 2: Dorex2007 ($1.56 in chips) 
Seat 3: abufirs ($1.62 in chips) 
Seat 4: ArielNBP ($2.53 in chips) 
Seat 5: Redmag666 ($3.33 in chips) 
Seat 6: RichHol ($2.25 in chips) 
Seat 7: K6 Jari Aarnio ($2.08 in chips) 
Seat 8: Yuri Colmerauer ($2.05 in chips) 
Seat 9: thrmsix ($2.73 in chips) 
ArielNBP: posts small blind $0.01
Redmag666: posts big blind $0.02
*** HOLE CARDS ***
Dealt to Dorex2007 [Jd Qs]
RichHol: folds 
K6 Jari Aarnio: raises $0.04 to $0.06
Yuri Colmerauer: folds 
thrmsix: folds 
RonnyLingott: folds 
Dorex2007: folds 
abufirs: folds 
ArielNBP: folds 
Redmag666: folds 
Uncalled bet ($0.04) returned to K6 Jari Aarnio
K6 Jari Aarnio collected $0.05 from pot
K6 Jari Aarnio: doesn't show hand 
*** SUMMARY ***
Total pot $0.05 | Rake $0 
Seat 1: RonnyLingott folded before Flop (didn't bet)
Seat 2: Dorex2007 folded before Flop (didn't bet)
Seat 3: abufirs (button) folded before Flop (didn't bet)
Seat 4: ArielNBP (small blind) folded before Flop
Seat 5: Redmag666 (big blind) folded before Flop
Seat 6: RichHol folded before Flop (didn't bet)
Seat 7: K6 Jari Aarnio collected ($0.05)
Seat 8: Yuri Colmerauer folded before Flop (didn't bet)
Seat 9: thrmsix folded before Flop (didn't bet)



PokerStars Hand #225785555700:  Hold'em No Limit ($0.01/$0.02 USD) - 2021/04/12 17:28:40 PT [2021/04/12 20:28:40 ET]
Table 'Valentine II' 9-max Seat #4 is the button
Seat 1: RonnyLingott ($1.97 in chips) 
Seat 2: Dorex2007 ($1.56 in chips) 
Seat 3: abufirs ($1.62 in chips) 
Seat 4: ArielNBP ($2.52 in chips) 
Seat 5: Redmag666 ($3.31 in chips) 
Seat 6: RichHol ($2.25 in chips) 
Seat 7: K6 Jari Aarnio ($2.11 in chips) 
Seat 8: Yuri Colmerauer ($2.05 in chips) 
Seat 9: thrmsix ($2.73 in chips) 
Redmag666: posts small blind $0.01
RichHol: posts big blind $0.02
*** HOLE CARDS ***
Dealt to Dorex2007 [8d Td]
K6 Jari Aarnio has timed out
K6 Jari Aarnio: folds 
Yuri Colmerauer: folds 
thrmsix: folds 
RonnyLingott has timed out
RonnyLingott: folds 
Dorex2007: raises $0.04 to $0.06
abufirs: calls $0.06
ArielNBP: folds 
Redmag666: folds 
RichHol: folds 
*** FLOP *** [4s 8h Qs]
Dorex2007: bets $0.14
abufirs: folds 
Uncalled bet ($0.14) returned to Dorex2007
Dorex2007 collected $0.14 from pot
Dorex2007: doesn't show hand 
*** SUMMARY ***
Total pot $0.15 | Rake $0.01 
Board [4s 8h Qs]
Seat 1: RonnyLingott folded before Flop (didn't bet)
Seat 2: Dorex2007 collected ($0.14)
Seat 3: abufirs folded on the Flop
Seat 4: ArielNBP (button) folded before Flop (didn't bet)
Seat 5: Redmag666 (small blind) folded before Flop
Seat 6: RichHol (big blind) folded before Flop
Seat 7: K6 Jari Aarnio folded before Flop (didn't bet)
Seat 8: Yuri Colmerauer folded before Flop (didn't bet)
Seat 9: thrmsix folded before Flop (didn't bet)



PokerStars Hand #225785568460:  Hold'em No Limit ($0.01/$0.02 USD) - 2021/04/12 17:29:20 PT [2021/04/12 20:29:20 ET]
Table 'Valentine II' 9-max Seat #5 is the button
Seat 2: Dorex2007 ($1.64 in chips) 
Seat 3: abufirs ($1.56 in chips) 
Seat 4: ArielNBP ($2.52 in chips) 
Seat 5: Redmag666 ($3.30 in chips) 
Seat 6: RichHol ($2.23 in chips) 
Seat 7: K6 Jari Aarnio ($2.11 in chips) 
Seat 8: Yuri Colmerauer ($2.05 in chips) 
Seat 9: thrmsix ($2.73 in chips) 
RichHol: posts small blind $0.01
K6 Jari Aarnio: posts big blind $0.02
*** HOLE CARDS ***
Dealt to Dorex2007 [7s Js]
Yuri Colmerauer: folds 
thrmsix: folds 
Dorex2007: folds 
abufirs: calls $0.02
ArielNBP: folds 
Redmag666: folds 
RichHol: calls $0.01
K6 Jari Aarnio: checks 
*** FLOP *** [4d Ks Ah]
RichHol: checks 
K6 Jari Aarnio: bets $0.02
abufirs: calls $0.02
RichHol: calls $0.02
*** TURN *** [4d Ks Ah] [Kh]
RichHol: checks 
K6 Jari Aarnio: checks 
abufirs: checks 
*** RIVER *** [4d Ks Ah Kh] [Td]
RichHol: bets $0.04
K6 Jari Aarnio: calls $0.04
abufirs: folds 
*** SHOW DOWN ***
RichHol: shows [As 3d] (two pair, Aces and Kings)
K6 Jari Aarnio: mucks hand 
RichHol collected $0.19 from pot
*** SUMMARY ***
Total pot $0.20 | Rake $0.01 
Board [4d Ks Ah Kh Td]
Seat 2: Dorex2007 folded before Flop (didn't bet)
Seat 3: abufirs folded on the River
Seat 4: ArielNBP folded before Flop (didn't bet)
Seat 5: Redmag666 (button) folded before Flop (didn't bet)
Seat 6: RichHol (small blind) showed [As 3d] and won ($0.19) with two pair, Aces and Kings
Seat 7: K6 Jari Aarnio (big blind) mucked [8d Tc]
Seat 8: Yuri Colmerauer folded before Flop (didn't bet)
Seat 9: thrmsix folded before Flop (didn't bet)



PokerStars Hand #225785592597:  Hold'em No Limit ($0.01/$0.02 USD) - 2021/04/12 17:30:28 PT [2021/04/12 20:30:28 ET]
Table 'Valentine II' 9-max Seat #6 is the button
Seat 1: RonnyLingott ($1.97 in chips) 
Seat 2: Dorex2007 ($1.64 in chips) 
Seat 3: abufirs ($1.52 in chips) 
Seat 4: ArielNBP ($2.52 in chips) 
Seat 5: Redmag666 ($3.30 in chips) 
Seat 6: RichHol ($2.34 in chips) 
Seat 7: K6 Jari Aarnio ($2.03 in chips) 
Seat 8: Yuri Colmerauer ($2.05 in chips) 
Seat 9: thrmsix ($2.73 in chips) 
K6 Jari Aarnio: posts small blind $0.01
Yuri Colmerauer: posts big blind $0.02
*** HOLE CARDS ***
Dealt to Dorex2007 [2d 6c]
thrmsix: folds 
RonnyLingott: folds 
Dorex2007: folds 
thrmsix leaves the table
abufirs: folds 
ArielNBP: raises $0.03 to $0.05
Redmag666: folds 
RichHol: calls $0.05
K6 Jari Aarnio: raises $0.13 to $0.18
Yuri Colmerauer: folds 
ArielNBP: folds 
RichHol: folds 
Uncalled bet ($0.13) returned to K6 Jari Aarnio
K6 Jari Aarnio collected $0.17 from pot
K6 Jari Aarnio: doesn't show hand 
*** SUMMARY ***
Total pot $0.17 | Rake $0 
Seat 1: RonnyLingott folded before Flop (didn't bet)
Seat 2: Dorex2007 folded before Flop (didn't bet)
Seat 3: abufirs folded before Flop (didn't bet)
Seat 4: ArielNBP folded before Flop
Seat 5: Redmag666 folded before Flop (didn't bet)
Seat 6: RichHol (button) folded before Flop
Seat 7: K6 Jari Aarnio (small blind) collected ($0.17)
Seat 8: Yuri Colmerauer (big blind) folded before Flop
Seat 9: thrmsix folded before Flop (didn't bet)



PokerStars Hand #225785604457:  Hold'em No Limit ($0.01/$0.02 USD) - 2021/04/12 17:31:05 PT [2021/04/12 20:31:05 ET]
Table 'Valentine II' 9-max Seat #7 is the button
Seat 1: RonnyLingott ($1.97 in chips) 
Seat 2: Dorex2007 ($1.64 in chips) 
Seat 3: abufirs ($1.52 in chips) 
Seat 4: ArielNBP ($2.47 in chips) 
Seat 5: Redmag666 ($3.30 in chips) 
Seat 6: RichHol ($2.29 in chips) 
Seat 7: K6 Jari Aarnio ($2.15 in chips) 
Seat 8: Yuri Colmerauer ($2.03 in chips) 
Yuri Colmerauer: posts small blind $0.01
RonnyLingott: posts big blind $0.02
*** HOLE CARDS ***
Dealt to Dorex2007 [9d 4c]
Dorex2007: folds 
abufirs: folds 
ArielNBP: folds 
Redmag666: folds 
RichHol: raises $0.04 to $0.06
K6 Jari Aarnio: folds 
Yuri Colmerauer: folds 
RonnyLingott: folds 
Uncalled bet ($0.04) returned to RichHol
RichHol collected $0.05 from pot
*** SUMMARY ***
Total pot $0.05 | Rake $0 
Seat 1: RonnyLingott (big blind) folded before Flop
Seat 2: Dorex2007 folded before Flop (didn't bet)
Seat 3: abufirs folded before Flop (didn't bet)
Seat 4: ArielNBP folded before Flop (didn't bet)
Seat 5: Redmag666 folded before Flop (didn't bet)
Seat 6: RichHol collected ($0.05)
Seat 7: K6 Jari Aarnio (button) folded before Flop (didn't bet)
Seat 8: Yuri Colmerauer (small blind) folded before Flop



PokerStars Hand #225785610014:  Hold'em No Limit ($0.01/$0.02 USD) - 2021/04/12 17:31:22 PT [2021/04/12 20:31:22 ET]
Table 'Valentine II' 9-max Seat #8 is the button
Seat 1: RonnyLingott ($1.95 in chips) 
Seat 2: Dorex2007 ($1.64 in chips) 
Seat 3: abufirs ($1.52 in chips) 
Seat 4: ArielNBP ($2.47 in chips) 
Seat 5: Redmag666 ($3.30 in chips) 
Seat 6: RichHol ($2.32 in chips) 
Seat 7: K6 Jari Aarnio ($2.15 in chips) 
Seat 8: Yuri Colmerauer ($2.02 in chips) 
RonnyLingott: posts small blind $0.01
Dorex2007: posts big blind $0.02
*** HOLE CARDS ***
Dealt to Dorex2007 [Ad Ac]
abufirs: folds 
ArielNBP: folds 
Redmag666: folds 
RichHol: raises $0.04 to $0.06
K6 Jari Aarnio: folds 
Yuri Colmerauer: calls $0.06
RonnyLingott: folds 
Dorex2007: raises $0.06 to $0.12
RichHol: folds 
Yuri Colmerauer: calls $0.06
*** FLOP *** [Ts 5h As]
Dorex2007: checks 
Yuri Colmerauer: checks 
*** TURN *** [Ts 5h As] [4s]
Dorex2007: bets $0.20
Yuri Colmerauer: calls $0.20
*** RIVER *** [Ts 5h As 4s] [Kd]
Dorex2007: bets $0.35
Yuri Colmerauer: folds 
Uncalled bet ($0.35) returned to Dorex2007
Dorex2007 collected $0.69 from pot
Dorex2007: doesn't show hand 
*** SUMMARY ***
Total pot $0.71 | Rake $0.02 
Board [Ts 5h As 4s Kd]
Seat 1: RonnyLingott (small blind) folded before Flop
Seat 2: Dorex2007 (big blind) collected ($0.69)
Seat 3: abufirs folded before Flop (didn't bet)
Seat 4: ArielNBP folded before Flop (didn't bet)
Seat 5: Redmag666 folded before Flop (didn't bet)
Seat 6: RichHol folded before Flop
Seat 7: K6 Jari Aarnio folded before Flop (didn't bet)
Seat 8: Yuri Colmerauer (button) folded on the River



PokerStars Hand #225785623507:  Hold'em No Limit ($0.01/$0.02 USD) - 2021/04/12 17:32:05 PT [2021/04/12 20:32:05 ET]
Table 'Valentine II' 9-max Seat #1 is the button
Seat 1: RonnyLingott ($1.94 in chips) 
Seat 2: Dorex2007 ($2.01 in chips) 
Seat 3: abufirs ($1.52 in chips) 
Seat 4: ArielNBP ($2.47 in chips) 
Seat 5: Redmag666 ($3.30 in chips) 
Seat 6: RichHol ($2.26 in chips) 
Seat 7: K6 Jari Aarnio ($2.15 in chips) 
Seat 8: Yuri Colmerauer ($2 in chips) 
Dorex2007: posts small blind $0.01
abufirs: posts big blind $0.02
*** HOLE CARDS ***
Dealt to Dorex2007 [3c Ts]
ArielNBP: folds 
Redmag666: folds 
RichHol: folds 
K6 Jari Aarnio: raises $0.04 to $0.06
Yuri Colmerauer: folds 
RonnyLingott: calls $0.06
Erickpassarelli joins the table at seat #9 
Dorex2007: folds 
abufirs: calls $0.04
*** FLOP *** [5s Qd 8s]
abufirs: checks 
K6 Jari Aarnio: bets $0.08
RonnyLingott: folds 
abufirs: calls $0.08
*** TURN *** [5s Qd 8s] [3s]
abufirs: checks 
K6 Jari Aarnio: checks 
*** RIVER *** [5s Qd 8s 3s] [Js]
abufirs: bets $0.17
K6 Jari Aarnio: raises $0.33 to $0.50
abufirs: raises $0.88 to $1.38 and is all-in
K6 Jari Aarnio: folds 
Uncalled bet ($0.88) returned to abufirs
abufirs collected $1.30 from pot
*** SUMMARY ***
Total pot $1.35 | Rake $0.05 
Board [5s Qd 8s 3s Js]
Seat 1: RonnyLingott (button) folded on the Flop
Seat 2: Dorex2007 (small blind) folded before Flop
Seat 3: abufirs (big blind) collected ($1.30)
Seat 4: ArielNBP folded before Flop (didn't bet)
Seat 5: Redmag666 folded before Flop (didn't bet)
Seat 6: RichHol folded before Flop (didn't bet)
Seat 7: K6 Jari Aarnio folded on the River
Seat 8: Yuri Colmerauer folded before Flop (didn't bet)



PokerStars Hand #225785652832:  Hold'em No Limit ($0.01/$0.02 USD) - 2021/04/12 17:33:37 PT [2021/04/12 20:33:37 ET]
Table 'Valentine II' 9-max Seat #2 is the button
Seat 1: RonnyLingott ($1.88 in chips) 
Seat 2: Dorex2007 ($2 in chips) 
Seat 3: abufirs ($2.18 in chips) 
Seat 5: Redmag666 ($3.30 in chips) 
Seat 6: RichHol ($2.26 in chips) 
Seat 7: K6 Jari Aarnio ($1.51 in chips) 
Seat 8: Yuri Colmerauer ($2 in chips) 
Seat 9: Erickpassarelli ($0.80 in chips) 
abufirs: posts small blind $0.01
ArielNBP: is sitting out 
Redmag666: posts big blind $0.02
Erickpassarelli: posts big blind $0.02
*** HOLE CARDS ***
Dealt to Dorex2007 [Ad Ks]
ArielNBP leaves the table
RichHol: folds 
K6 Jari Aarnio: folds 
Yuri Colmerauer: folds 
Erickpassarelli: checks 
RonnyLingott: folds 
Pietro_green joins the table at seat #4 
Dorex2007: raises $0.04 to $0.06
abufirs: folds 
Redmag666: folds 
Erickpassarelli: folds 
Uncalled bet ($0.04) returned to Dorex2007
Dorex2007 collected $0.07 from pot
Dorex2007: doesn't show hand 
*** SUMMARY ***
Total pot $0.07 | Rake $0 
Seat 1: RonnyLingott folded before Flop (didn't bet)
Seat 2: Dorex2007 (button) collected ($0.07)
Seat 3: abufirs (small blind) folded before Flop
Seat 5: Redmag666 (big blind) folded before Flop
Seat 6: RichHol folded before Flop (didn't bet)
Seat 7: K6 Jari Aarnio folded before Flop (didn't bet)
Seat 8: Yuri Colmerauer folded before Flop (didn't bet)
Seat 9: Erickpassarelli folded before Flop (didn't bet)



PokerStars Hand #225785658263:  Hold'em No Limit ($0.01/$0.02 USD) - 2021/04/12 17:33:54 PT [2021/04/12 20:33:54 ET]
Table 'Valentine II' 9-max Seat #3 is the button
Seat 1: RonnyLingott ($1.88 in chips) 
Seat 2: Dorex2007 ($2.05 in chips) 
Seat 3: abufirs ($2.17 in chips) 
Seat 5: Redmag666 ($3.28 in chips) 
Seat 6: RichHol ($2.26 in chips) 
Seat 7: K6 Jari Aarnio ($1.51 in chips) 
Seat 8: Yuri Colmerauer ($2 in chips) 
Seat 9: Erickpassarelli ($0.78 in chips) 
Redmag666: posts small blind $0.01
RichHol: posts big blind $0.02
*** HOLE CARDS ***
Dealt to Dorex2007 [Qc 6c]
K6 Jari Aarnio: calls $0.02
Yuri Colmerauer: folds 
Erickpassarelli: folds 
RonnyLingott: folds 
Dorex2007: folds 
abufirs: folds 
Redmag666: folds 
RichHol: checks 
*** FLOP *** [9s 8d 4c]
RichHol: checks 
K6 Jari Aarnio: checks 
*** TURN *** [9s 8d 4c] [9h]
RichHol: checks 
K6 Jari Aarnio: checks 
*** RIVER *** [9s 8d 4c 9h] [Tc]
RichHol: checks 
K6 Jari Aarnio: bets $0.10
RichHol: folds 
Uncalled bet ($0.10) returned to K6 Jari Aarnio
K6 Jari Aarnio collected $0.05 from pot
K6 Jari Aarnio: doesn't show hand 
*** SUMMARY ***
Total pot $0.05 | Rake $0 
Board [9s 8d 4c 9h Tc]
Seat 1: RonnyLingott folded before Flop (didn't bet)
Seat 2: Dorex2007 folded before Flop (didn't bet)
Seat 3: abufirs (button) folded before Flop (didn't bet)
Seat 5: Redmag666 (small blind) folded before Flop
Seat 6: RichHol (big blind) folded on the River
Seat 7: K6 Jari Aarnio collected ($0.05)
Seat 8: Yuri Colmerauer folded before Flop (didn't bet)
Seat 9: Erickpassarelli folded before Flop (didn't bet)



PokerStars Hand #225785672773:  Hold'em No Limit ($0.01/$0.02 USD) - 2021/04/12 17:34:40 PT [2021/04/12 20:34:40 ET]
Table 'Valentine II' 9-max Seat #5 is the button
Seat 1: RonnyLingott ($1.88 in chips) 
Seat 2: Dorex2007 ($2.05 in chips) 
Seat 3: abufirs ($2.17 in chips) 
Seat 4: Pietro_green ($1.34 in chips) 
Seat 5: Redmag666 ($3.27 in chips) 
Seat 6: RichHol ($2.24 in chips) 
Seat 7: K6 Jari Aarnio ($1.54 in chips) 
Seat 8: Yuri Colmerauer ($2 in chips) 
Seat 9: Erickpassarelli ($0.78 in chips) 
RichHol: posts small blind $0.01
K6 Jari Aarnio: posts big blind $0.02
Pietro_green: posts big blind $0.02
*** HOLE CARDS ***
Dealt to Dorex2007 [9d 9h]
Yuri Colmerauer: folds 
Erickpassarelli: raises $0.04 to $0.06
RonnyLingott: folds 
Dorex2007: calls $0.06
abufirs: folds 
Pietro_green: folds 
Redmag666: folds 
RichHol: folds 
K6 Jari Aarnio: calls $0.04
*** FLOP *** [Ac Jc Ad]
K6 Jari Aarnio: checks 
Erickpassarelli: bets $0.08
Dorex2007: raises $0.10 to $0.18
K6 Jari Aarnio: folds 
Erickpassarelli: folds 
Uncalled bet ($0.10) returned to Dorex2007
Dorex2007 collected $0.36 from pot
Dorex2007: doesn't show hand 
*** SUMMARY ***
Total pot $0.37 | Rake $0.01 
Board [Ac Jc Ad]
Seat 1: RonnyLingott folded before Flop (didn't bet)
Seat 2: Dorex2007 collected ($0.36)
Seat 3: abufirs folded before Flop (didn't bet)
Seat 4: Pietro_green folded before Flop (didn't bet)
Seat 5: Redmag666 (button) folded before Flop (didn't bet)
Seat 6: RichHol (small blind) folded before Flop
Seat 7: K6 Jari Aarnio (big blind) folded on the Flop
Seat 8: Yuri Colmerauer folded before Flop (didn't bet)
Seat 9: Erickpassarelli folded on the Flop



PokerStars Hand #225785691341:  Hold'em No Limit ($0.01/$0.02 USD) - 2021/04/12 17:35:34 PT [2021/04/12 20:35:34 ET]
Table 'Valentine II' 9-max Seat #6 is the button
Seat 1: RonnyLingott ($1.88 in chips) 
Seat 2: Dorex2007 ($2.27 in chips) 
Seat 3: abufirs ($2.17 in chips) 
Seat 4: Pietro_green ($1.32 in chips) 
Seat 5: Redmag666 ($3.27 in chips) 
Seat 6: RichHol ($2.23 in chips) 
Seat 7: K6 Jari Aarnio ($1.48 in chips) 
Seat 8: Yuri Colmerauer ($2 in chips) 
Seat 9: Erickpassarelli ($0.64 in chips) 
K6 Jari Aarnio: posts small blind $0.01
Yuri Colmerauer: posts big blind $0.02
*** HOLE CARDS ***
Dealt to Dorex2007 [Js Th]
Erickpassarelli: folds 
RonnyLingott: folds 
Dorex2007: folds 
abufirs: folds 
Pietro_green: folds 
Redmag666: folds 
RichHol: folds 
K6 Jari Aarnio: calls $0.01
Yuri Colmerauer: checks 
*** FLOP *** [8c 6h 3d]
K6 Jari Aarnio: checks 
Yuri Colmerauer: checks 
*** TURN *** [8c 6h 3d] [2h]
K6 Jari Aarnio: bets $0.04
Yuri Colmerauer: calls $0.04
*** RIVER *** [8c 6h 3d 2h] [7c]
K6 Jari Aarnio: checks 
Yuri Colmerauer: checks 
*** SHOW DOWN ***
K6 Jari Aarnio: shows [Jc Ac] (high card Ace)
Yuri Colmerauer: shows [2c 5c] (a pair of Deuces)
Yuri Colmerauer collected $0.12 from pot
*** SUMMARY ***
Total pot $0.12 | Rake $0 
Board [8c 6h 3d 2h 7c]
Seat 1: RonnyLingott folded before Flop (didn't bet)
Seat 2: Dorex2007 folded before Flop (didn't bet)
Seat 3: abufirs folded before Flop (didn't bet)
Seat 4: Pietro_green folded before Flop (didn't bet)
Seat 5: Redmag666 folded before Flop (didn't bet)
Seat 6: RichHol (button) folded before Flop (didn't bet)
Seat 7: K6 Jari Aarnio (small blind) showed [Jc Ac] and lost with high card Ace
Seat 8: Yuri Colmerauer (big blind) showed [2c 5c] and won ($0.12) with a pair of Deuces
Seat 9: Erickpassarelli folded before Flop (didn't bet)



PokerStars Hand #225785704745:  Hold'em No Limit ($0.01/$0.02 USD) - 2021/04/12 17:36:16 PT [2021/04/12 20:36:16 ET]
Table 'Valentine II' 9-max Seat #7 is the button
Seat 1: RonnyLingott ($1.88 in chips) 
Seat 2: Dorex2007 ($2.27 in chips) 
Seat 3: abufirs ($2.17 in chips) 
Seat 4: Pietro_green ($1.32 in chips) 
Seat 5: Redmag666 ($3.27 in chips) 
Seat 6: RichHol ($2.23 in chips) 
Seat 7: K6 Jari Aarnio ($1.42 in chips) 
Seat 8: Yuri Colmerauer ($2.06 in chips) 
Seat 9: Erickpassarelli ($0.64 in chips) 
Yuri Colmerauer: posts small blind $0.01
Erickpassarelli: posts big blind $0.02
*** HOLE CARDS ***
Dealt to Dorex2007 [Qs 8h]
RonnyLingott: calls $0.02
Dorex2007: folds 
abufirs: folds 
Pietro_green: folds 
Redmag666: folds 
RichHol: folds 
K6 Jari Aarnio: folds 
Yuri Colmerauer: folds 
Erickpassarelli: checks 
*** FLOP *** [7h 5c 3h]
Erickpassarelli: checks 
RonnyLingott: checks 
*** TURN *** [7h 5c 3h] [Jd]
Erickpassarelli: checks 
RonnyLingott: checks 
*** RIVER *** [7h 5c 3h Jd] [Ac]
Erickpassarelli: checks 
RonnyLingott: checks 
*** SHOW DOWN ***
Erickpassarelli: shows [Kh Td] (high card Ace)
RonnyLingott: mucks hand 
Erickpassarelli collected $0.05 from pot
*** SUMMARY ***
Total pot $0.05 | Rake $0 
Board [7h 5c 3h Jd Ac]
Seat 1: RonnyLingott mucked [8c Qc]
Seat 2: Dorex2007 folded before Flop (didn't bet)
Seat 3: abufirs folded before Flop (didn't bet)
Seat 4: Pietro_green folded before Flop (didn't bet)
Seat 5: Redmag666 folded before Flop (didn't bet)
Seat 6: RichHol folded before Flop (didn't bet)
Seat 7: K6 Jari Aarnio (button) folded before Flop (didn't bet)
Seat 8: Yuri Colmerauer (small blind) folded before Flop
Seat 9: Erickpassarelli (big blind) showed [Kh Td] and won ($0.05) with high card Ace



PokerStars Hand #225785713750:  Hold'em No Limit ($0.01/$0.02 USD) - 2021/04/12 17:36:44 PT [2021/04/12 20:36:44 ET]
Table 'Valentine II' 9-max Seat #8 is the button
Seat 1: RonnyLingott ($1.86 in chips) 
Seat 2: Dorex2007 ($2.27 in chips) 
Seat 3: abufirs ($2.17 in chips) 
Seat 4: Pietro_green ($1.32 in chips) 
Seat 5: Redmag666 ($3.27 in chips) 
Seat 6: RichHol ($2.23 in chips) 
Seat 7: K6 Jari Aarnio ($1.42 in chips) 
Seat 8: Yuri Colmerauer ($2.05 in chips) 
Seat 9: Erickpassarelli ($0.67 in chips) 
Erickpassarelli: posts small blind $0.01
RonnyLingott: posts big blind $0.02
*** HOLE CARDS ***
Dealt to Dorex2007 [6c 8c]
Dorex2007: folds 
abufirs: calls $0.02
Pietro_green: raises $0.02 to $0.04
Redmag666: calls $0.04
RichHol: folds 
K6 Jari Aarnio: folds 
Yuri Colmerauer: folds 
Erickpassarelli: folds 
RonnyLingott: folds 
abufirs: calls $0.02
*** FLOP *** [8d 4d 2h]
abufirs: checks 
Pietro_green: bets $0.04
Redmag666: folds 
abufirs: calls $0.04
*** TURN *** [8d 4d 2h] [6s]
abufirs: checks 
Pietro_green: checks 
*** RIVER *** [8d 4d 2h 6s] [Qs]
abufirs: bets $0.06
Pietro_green: folds 
Uncalled bet ($0.06) returned to abufirs
abufirs collected $0.22 from pot
*** SUMMARY ***
Total pot $0.23 | Rake $0.01 
Board [8d 4d 2h 6s Qs]
Seat 1: RonnyLingott (big blind) folded before Flop
Seat 2: Dorex2007 folded before Flop (didn't bet)
Seat 3: abufirs collected ($0.22)
Seat 4: Pietro_green folded on the River
Seat 5: Redmag666 folded on the Flop
Seat 6: RichHol folded before Flop (didn't bet)
Seat 7: K6 Jari Aarnio folded before Flop (didn't bet)
Seat 8: Yuri Colmerauer (button) folded before Flop (didn't bet)
Seat 9: Erickpassarelli (small blind) folded before Flop



PokerStars Hand #225785732044:  Hold'em No Limit ($0.01/$0.02 USD) - 2021/04/12 17:37:35 PT [2021/04/12 20:37:35 ET]
Table 'Valentine II' 9-max Seat #9 is the button
Seat 1: RonnyLingott ($1.84 in chips) 
Seat 2: Dorex2007 ($2.27 in chips) 
Seat 3: abufirs ($2.31 in chips) 
Seat 4: Pietro_green ($1.24 in chips) 
Seat 5: Redmag666 ($3.23 in chips) 
Seat 6: RichHol ($2.23 in chips) 
Seat 7: K6 Jari Aarnio ($1.42 in chips) 
Seat 8: Yuri Colmerauer ($2.05 in chips) 
Seat 9: Erickpassarelli ($0.66 in chips) 
RonnyLingott: posts small blind $0.01
Dorex2007: posts big blind $0.02
*** HOLE CARDS ***
Dealt to Dorex2007 [As Kc]
abufirs: folds 
Pietro_green: folds 
Redmag666: raises $0.04 to $0.06
RichHol: folds 
K6 Jari Aarnio: folds 
Yuri Colmerauer: calls $0.06
Erickpassarelli: calls $0.06
RonnyLingott: folds 
Dorex2007: calls $0.04
*** FLOP *** [9s 7s 6s]
Dorex2007: checks 
Redmag666: checks 
Yuri Colmerauer: bets $0.12
Erickpassarelli: folds 
Dorex2007: calls $0.12
Redmag666: folds 
*** TURN *** [9s 7s 6s] [Jc]
Dorex2007: checks 
Yuri Colmerauer: checks 
*** RIVER *** [9s 7s 6s Jc] [7d]
Dorex2007: bets $0.47
Yuri Colmerauer: calls $0.47
*** SHOW DOWN ***
Dorex2007: shows [As Kc] (a pair of Sevens)
Yuri Colmerauer: shows [Ts Qs] (a flush, Queen high)
Yuri Colmerauer collected $1.38 from pot
*** SUMMARY ***
Total pot $1.43 | Rake $0.05 
Board [9s 7s 6s Jc 7d]
Seat 1: RonnyLingott (small blind) folded before Flop
Seat 2: Dorex2007 (big blind) showed [As Kc] and lost with a pair of Sevens
Seat 3: abufirs folded before Flop (didn't bet)
Seat 4: Pietro_green folded before Flop (didn't bet)
Seat 5: Redmag666 folded on the Flop
Seat 6: RichHol folded before Flop (didn't bet)
Seat 7: K6 Jari Aarnio folded before Flop (didn't bet)
Seat 8: Yuri Colmerauer showed [Ts Qs] and won ($1.38) with a flush, Queen high
Seat 9: Erickpassarelli (button) folded on the Flop



PokerStars Hand #225785743475:  Hold'em No Limit ($0.01/$0.02 USD) - 2021/04/12 17:38:19 PT [2021/04/12 20:38:19 ET]
Table 'Valentine II' 9-max Seat #1 is the button
Seat 1: RonnyLingott ($1.83 in chips) 
Seat 2: Dorex2007 ($1.62 in chips) 
Seat 4: Pietro_green ($1.24 in chips) 
Seat 5: Redmag666 ($3.17 in chips) 
Seat 6: RichHol ($2.23 in chips) 
Seat 7: K6 Jari Aarnio ($1.42 in chips) 
Seat 8: Yuri Colmerauer ($2.78 in chips) 
Seat 9: Erickpassarelli ($0.60 in chips) 
Dorex2007: posts small blind $0.01
Pietro_green is disconnected 
abufirs has timed out
abufirs: is sitting out 
abufirs is disconnected 
Pietro_green: posts big blind $0.02
*** HOLE CARDS ***
Dealt to Dorex2007 [Kc 6h]
Redmag666: folds 
RichHol: folds 
K6 Jari Aarnio: raises $0.04 to $0.06
Yuri Colmerauer: folds 
Erickpassarelli: calls $0.06
RonnyLingott: folds 
Dorex2007: folds 
Pietro_green: calls $0.04
*** FLOP *** [Kd 5c 3c]
Pietro_green: checks 
K6 Jari Aarnio: bets $0.06
Erickpassarelli: raises $0.10 to $0.16
Pietro_green: folds 
K6 Jari Aarnio: calls $0.10
*** TURN *** [Kd 5c 3c] [8c]
Pietro_green leaves the table
K6 Jari Aarnio: bets $0.22
Erickpassarelli: raises $0.16 to $0.38 and is all-in
K6 Jari Aarnio: calls $0.16
*** RIVER *** [Kd 5c 3c 8c] [7h]
*** SHOW DOWN ***
K6 Jari Aarnio: shows [Ad Td] (high card Ace)
Erickpassarelli: shows [Kh Jh] (a pair of Kings)
Erickpassarelli collected $1.23 from pot
*** SUMMARY ***
Total pot $1.27 | Rake $0.04 
Board [Kd 5c 3c 8c 7h]
Seat 1: RonnyLingott (button) folded before Flop (didn't bet)
Seat 2: Dorex2007 (small blind) folded before Flop
Seat 4: Pietro_green (big blind) folded on the Flop
Seat 5: Redmag666 folded before Flop (didn't bet)
Seat 6: RichHol folded before Flop (didn't bet)
Seat 7: K6 Jari Aarnio showed [Ad Td] and lost with high card Ace
Seat 8: Yuri Colmerauer folded before Flop (didn't bet)
Seat 9: Erickpassarelli showed [Kh Jh] and won ($1.23) with a pair of Kings



PokerStars Hand #225785773733:  Hold'em No Limit ($0.01/$0.02 USD) - 2021/04/12 17:39:56 PT [2021/04/12 20:39:56 ET]
Table 'Valentine II' 9-max Seat #2 is the button
Seat 1: RonnyLingott ($1.83 in chips) 
Seat 2: Dorex2007 ($1.61 in chips) 
Seat 5: Redmag666 ($3.17 in chips) 
Seat 6: RichHol ($2.23 in chips) 
Seat 7: K6 Jari Aarnio ($0.82 in chips) 
Seat 8: Yuri Colmerauer ($2.78 in chips) 
Seat 9: Erickpassarelli ($1.23 in chips) 
Redmag666: posts small blind $0.01
RichHol: posts big blind $0.02
*** HOLE CARDS ***
Dealt to Dorex2007 [Ah 4s]
K6 Jari Aarnio: folds 
Yuri Colmerauer: folds 
Erickpassarelli: folds 
RonnyLingott: folds 
Lucasdeam joins the table at seat #4 
Dorex2007: calls $0.02
Redmag666: folds 
RichHol: checks 
*** FLOP *** [4h 2d Qd]
RichHol: checks 
Dorex2007: checks 
*** TURN *** [4h 2d Qd] [8c]
RichHol: checks 
Dorex2007: bets $0.05
RichHol: folds 
Uncalled bet ($0.05) returned to Dorex2007
Dorex2007 collected $0.05 from pot
Dorex2007: doesn't show hand 
*** SUMMARY ***
Total pot $0.05 | Rake $0 
Board [4h 2d Qd 8c]
Seat 1: RonnyLingott folded before Flop (didn't bet)
Seat 2: Dorex2007 (button) collected ($0.05)
Seat 5: Redmag666 (small blind) folded before Flop
Seat 6: RichHol (big blind) folded on the Turn
Seat 7: K6 Jari Aarnio folded before Flop (didn't bet)
Seat 8: Yuri Colmerauer folded before Flop (didn't bet)
Seat 9: Erickpassarelli folded before Flop (didn't bet)



PokerStars Hand #225785783740:  Hold'em No Limit ($0.01/$0.02 USD) - 2021/04/12 17:40:28 PT [2021/04/12 20:40:28 ET]
Table 'Valentine II' 9-max Seat #5 is the button
Seat 1: RonnyLingott ($1.83 in chips) 
Seat 2: Dorex2007 ($1.64 in chips) 
Seat 5: Redmag666 ($3.16 in chips) 
Seat 6: RichHol ($2.21 in chips) 
Seat 7: K6 Jari Aarnio ($0.82 in chips) 
Seat 8: Yuri Colmerauer ($2.78 in chips) 
Seat 9: Erickpassarelli ($1.23 in chips) 
RichHol: posts small blind $0.01
K6 Jari Aarnio: posts big blind $0.02
abufirs: sits out 
*** HOLE CARDS ***
Dealt to Dorex2007 [Jc 7s]
Yuri Colmerauer: folds 
Erickpassarelli: folds 
RonnyLingott: folds 
Dorex2007: folds 
Redmag666: folds 
RichHol: folds 
Uncalled bet ($0.01) returned to K6 Jari Aarnio
K6 Jari Aarnio collected $0.02 from pot
K6 Jari Aarnio: doesn't show hand 
*** SUMMARY ***
Total pot $0.02 | Rake $0 
Seat 1: RonnyLingott folded before Flop (didn't bet)
Seat 2: Dorex2007 folded before Flop (didn't bet)
Seat 5: Redmag666 (button) folded before Flop (didn't bet)
Seat 6: RichHol (small blind) folded before Flop
Seat 7: K6 Jari Aarnio (big blind) collected ($0.02)
Seat 8: Yuri Colmerauer folded before Flop (didn't bet)
Seat 9: Erickpassarelli folded before Flop (didn't bet)



PokerStars Hand #225785785829:  Hold'em No Limit ($0.01/$0.02 USD) - 2021/04/12 17:40:34 PT [2021/04/12 20:40:34 ET]
Table 'Valentine II' 9-max Seat #6 is the button
Seat 1: RonnyLingott ($1.83 in chips) 
Seat 2: Dorex2007 ($1.64 in chips) 
Seat 5: Redmag666 ($3.16 in chips) 
Seat 6: RichHol ($2.20 in chips) 
Seat 7: K6 Jari Aarnio ($0.83 in chips) 
Seat 8: Yuri Colmerauer ($2.78 in chips) 
Seat 9: Erickpassarelli ($1.23 in chips) 
K6 Jari Aarnio: posts small blind $0.01
Yuri Colmerauer: posts big blind $0.02
abufirs: sits out 
*** HOLE CARDS ***
Dealt to Dorex2007 [6d 4c]
Erickpassarelli: folds 
RonnyLingott: folds 
Dorex2007: folds 
Redmag666: folds 
RichHol: folds 
K6 Jari Aarnio: folds 
Uncalled bet ($0.01) returned to Yuri Colmerauer
Yuri Colmerauer collected $0.02 from pot
Yuri Colmerauer: doesn't show hand 
*** SUMMARY ***
Total pot $0.02 | Rake $0 
Seat 1: RonnyLingott folded before Flop (didn't bet)
Seat 2: Dorex2007 folded before Flop (didn't bet)
Seat 5: Redmag666 folded before Flop (didn't bet)
Seat 6: RichHol (button) folded before Flop (didn't bet)
Seat 7: K6 Jari Aarnio (small blind) folded before Flop
Seat 8: Yuri Colmerauer (big blind) collected ($0.02)
Seat 9: Erickpassarelli folded before Flop (didn't bet)



PokerStars Hand #225785788365:  Hold'em No Limit ($0.01/$0.02 USD) - 2021/04/12 17:40:42 PT [2021/04/12 20:40:42 ET]
Table 'Valentine II' 9-max Seat #7 is the button
Seat 1: RonnyLingott ($1.83 in chips) 
Seat 2: Dorex2007 ($1.64 in chips) 
Seat 5: Redmag666 ($3.16 in chips) 
Seat 6: RichHol ($2.20 in chips) 
Seat 7: K6 Jari Aarnio ($0.82 in chips) 
Seat 8: Yuri Colmerauer ($2.79 in chips) 
Seat 9: Erickpassarelli ($1.23 in chips) 
Yuri Colmerauer: posts small blind $0.01
Erickpassarelli: posts big blind $0.02
abufirs: sits out 
*** HOLE CARDS ***
Dealt to Dorex2007 [4d 6s]
RonnyLingott: folds 
Dorex2007: folds 
Redmag666: raises $0.04 to $0.06
RichHol: folds 
K6 Jari Aarnio: folds 
Yuri Colmerauer: folds 
Erickpassarelli: folds 
Uncalled bet ($0.04) returned to Redmag666
Redmag666 collected $0.05 from pot
Redmag666: doesn't show hand 
*** SUMMARY ***
Total pot $0.05 | Rake $0 
Seat 1: RonnyLingott folded before Flop (didn't bet)
Seat 2: Dorex2007 folded before Flop (didn't bet)
Seat 5: Redmag666 collected ($0.05)
Seat 6: RichHol folded before Flop (didn't bet)
Seat 7: K6 Jari Aarnio (button) folded before Flop (didn't bet)
Seat 8: Yuri Colmerauer (small blind) folded before Flop
Seat 9: Erickpassarelli (big blind) folded before Flop



PokerStars Hand #225785791564:  Hold'em No Limit ($0.01/$0.02 USD) - 2021/04/12 17:40:52 PT [2021/04/12 20:40:52 ET]
Table 'Valentine II' 9-max Seat #8 is the button
Seat 1: RonnyLingott ($1.83 in chips) 
Seat 2: Dorex2007 ($1.64 in chips) 
Seat 5: Redmag666 ($3.19 in chips) 
Seat 6: RichHol ($2.20 in chips) 
Seat 7: K6 Jari Aarnio ($0.82 in chips) 
Seat 8: Yuri Colmerauer ($2.78 in chips) 
Seat 9: Erickpassarelli ($1.21 in chips) 
Erickpassarelli: posts small blind $0.01
RonnyLingott: posts big blind $0.02
abufirs: sits out 
*** HOLE CARDS ***
Dealt to Dorex2007 [Ks Js]
Dorex2007: raises $0.04 to $0.06
Redmag666: folds 
RichHol: folds 
K6 Jari Aarnio: calls $0.06
Yuri Colmerauer: raises $0.21 to $0.27
Erickpassarelli: folds 
RonnyLingott: folds 
Dorex2007: folds 
K6 Jari Aarnio: calls $0.21
*** FLOP *** [3h Qc 4s]
K6 Jari Aarnio: checks 
Yuri Colmerauer: bets $0.61
K6 Jari Aarnio: folds 
Uncalled bet ($0.61) returned to Yuri Colmerauer
Yuri Colmerauer collected $0.61 from pot
Yuri Colmerauer: doesn't show hand 
*** SUMMARY ***
Total pot $0.63 | Rake $0.02 
Board [3h Qc 4s]
Seat 1: RonnyLingott (big blind) folded before Flop
Seat 2: Dorex2007 folded before Flop
Seat 5: Redmag666 folded before Flop (didn't bet)
Seat 6: RichHol folded before Flop (didn't bet)
Seat 7: K6 Jari Aarnio folded on the Flop
Seat 8: Yuri Colmerauer (button) collected ($0.61)
Seat 9: Erickpassarelli (small blind) folded before Flop



PokerStars Hand #225785800478:  Hold'em No Limit ($0.01/$0.02 USD) - 2021/04/12 17:41:21 PT [2021/04/12 20:41:21 ET]
Table 'Valentine II' 9-max Seat #9 is the button
Seat 1: RonnyLingott ($1.81 in chips) 
Seat 2: Dorex2007 ($1.58 in chips) 
Seat 5: Redmag666 ($3.19 in chips) 
Seat 6: RichHol ($2.20 in chips) 
Seat 7: K6 Jari Aarnio ($0.55 in chips) 
Seat 8: Yuri Colmerauer ($3.12 in chips) 
Seat 9: Erickpassarelli ($1.20 in chips) 
RonnyLingott: posts small blind $0.01
Dorex2007: posts big blind $0.02
abufirs: sits out 
*** HOLE CARDS ***
Dealt to Dorex2007 [Qd 3h]
Redmag666: raises $0.04 to $0.06
RichHol: folds 
K6 Jari Aarnio: folds 
Yuri Colmerauer: folds 
Erickpassarelli: folds 
RonnyLingott: folds 
Dorex2007: folds 
Uncalled bet ($0.04) returned to Redmag666
Redmag666 collected $0.05 from pot
Redmag666: doesn't show hand 
*** SUMMARY ***
Total pot $0.05 | Rake $0 
Seat 1: RonnyLingott (small blind) folded before Flop
Seat 2: Dorex2007 (big blind) folded before Flop
Seat 5: Redmag666 collected ($0.05)
Seat 6: RichHol folded before Flop (didn't bet)
Seat 7: K6 Jari Aarnio folded before Flop (didn't bet)
Seat 8: Yuri Colmerauer folded before Flop (didn't bet)
Seat 9: Erickpassarelli (button) folded before Flop (didn't bet)



PokerStars Hand #225785804141:  Hold'em No Limit ($0.01/$0.02 USD) - 2021/04/12 17:41:33 PT [2021/04/12 20:41:33 ET]
Table 'Valentine II' 9-max Seat #1 is the button
Seat 1: RonnyLingott ($1.80 in chips) 
Seat 2: Dorex2007 ($1.56 in chips) 
Seat 3: abufirs ($2.31 in chips) 
Seat 5: Redmag666 ($3.22 in chips) 
Seat 6: RichHol ($2.20 in chips) 
Seat 7: K6 Jari Aarnio ($0.55 in chips) 
Seat 8: Yuri Colmerauer ($3.12 in chips) 
Seat 9: Erickpassarelli ($1.20 in chips) 
Dorex2007: posts small blind $0.01
abufirs: posts big blind $0.02
*** HOLE CARDS ***
Dealt to Dorex2007 [Kd 3c]
Redmag666: folds 
RichHol: folds 
K6 Jari Aarnio: raises $0.04 to $0.06
Yuri Colmerauer: folds 
Erickpassarelli: calls $0.06
RonnyLingott: calls $0.06
Dorex2007: folds 
abufirs: folds 
*** FLOP *** [Qd 7h Ac]
K6 Jari Aarnio: bets $0.08
Erickpassarelli: raises $0.08 to $0.16
RonnyLingott: folds 
K6 Jari Aarnio: calls $0.08
*** TURN *** [Qd 7h Ac] [3h]
K6 Jari Aarnio: checks 
Erickpassarelli: bets $0.98 and is all-in
K6 Jari Aarnio: calls $0.33 and is all-in
Uncalled bet ($0.65) returned to Erickpassarelli
*** RIVER *** [Qd 7h Ac 3h] [6h]
*** SHOW DOWN ***
K6 Jari Aarnio: shows [8h Ah] (a flush, Ace high)
Erickpassarelli: shows [Js As] (a pair of Aces)
K6 Jari Aarnio collected $1.15 from pot
*** SUMMARY ***
Total pot $1.19 | Rake $0.04 
Board [Qd 7h Ac 3h 6h]
Seat 1: RonnyLingott (button) folded on the Flop
Seat 2: Dorex2007 (small blind) folded before Flop
Seat 3: abufirs (big blind) folded before Flop
Seat 5: Redmag666 folded before Flop (didn't bet)
Seat 6: RichHol folded before Flop (didn't bet)
Seat 7: K6 Jari Aarnio showed [8h Ah] and won ($1.15) with a flush, Ace high
Seat 8: Yuri Colmerauer folded before Flop (didn't bet)
Seat 9: Erickpassarelli showed [Js As] and lost with a pair of Aces



PokerStars Hand #225785827622:  Hold'em No Limit ($0.01/$0.02 USD) - 2021/04/12 17:42:34 PT [2021/04/12 20:42:34 ET]
Table 'Valentine II' 9-max Seat #2 is the button
Seat 1: RonnyLingott ($1.74 in chips) 
Seat 2: Dorex2007 ($1.55 in chips) 
Seat 3: abufirs ($2.29 in chips) 
Seat 4: Lucasdeam ($2 in chips) 
Seat 5: Redmag666 ($3.22 in chips) 
Seat 6: RichHol ($2.20 in chips) 
Seat 7: K6 Jari Aarnio ($1.15 in chips) 
Seat 8: Yuri Colmerauer ($3.12 in chips) 
Seat 9: Erickpassarelli ($0.65 in chips) 
abufirs: posts small blind $0.01
Lucasdeam: posts big blind $0.02
*** HOLE CARDS ***
Dealt to Dorex2007 [Jd 2d]
Redmag666: folds 
RichHol: folds 
K6 Jari Aarnio: calls $0.02
Yuri Colmerauer: folds 
Erickpassarelli: folds 
RonnyLingott: calls $0.02
Dorex2007: folds 
abufirs: folds 
Lucasdeam: raises $0.02 to $0.04
K6 Jari Aarnio: calls $0.02
RonnyLingott: calls $0.02
*** FLOP *** [7h Ac 3d]
Lucasdeam: checks 
K6 Jari Aarnio: checks 
RonnyLingott: checks 
*** TURN *** [7h Ac 3d] [2h]
Lucasdeam: checks 
K6 Jari Aarnio: checks 
RonnyLingott: checks 
*** RIVER *** [7h Ac 3d 2h] [4d]
Lucasdeam: bets $0.07
K6 Jari Aarnio: folds 
RonnyLingott: folds 
Uncalled bet ($0.07) returned to Lucasdeam
Lucasdeam collected $0.13 from pot
Lucasdeam: doesn't show hand 
*** SUMMARY ***
Total pot $0.13 | Rake $0 
Board [7h Ac 3d 2h 4d]
Seat 1: RonnyLingott folded on the River
Seat 2: Dorex2007 (button) folded before Flop (didn't bet)
Seat 3: abufirs (small blind) folded before Flop
Seat 4: Lucasdeam (big blind) collected ($0.13)
Seat 5: Redmag666 folded before Flop (didn't bet)
Seat 6: RichHol folded before Flop (didn't bet)
Seat 7: K6 Jari Aarnio folded on the River
Seat 8: Yuri Colmerauer folded before Flop (didn't bet)
Seat 9: Erickpassarelli folded before Flop (didn't bet)



PokerStars Hand #225785851988:  Hold'em No Limit ($0.01/$0.02 USD) - 2021/04/12 17:43:39 PT [2021/04/12 20:43:39 ET]
Table 'Valentine II' 9-max Seat #3 is the button
Seat 1: RonnyLingott ($1.70 in chips) 
Seat 2: Dorex2007 ($1.55 in chips) 
Seat 3: abufirs ($2.28 in chips) 
Seat 4: Lucasdeam ($2.09 in chips) 
Seat 5: Redmag666 ($3.22 in chips) 
Seat 6: RichHol ($2.20 in chips) 
Seat 7: K6 Jari Aarnio ($1.11 in chips) 
Seat 8: Yuri Colmerauer ($3.12 in chips) 
Seat 9: Erickpassarelli ($0.65 in chips) 
Lucasdeam: posts small blind $0.01
Redmag666: posts big blind $0.02
*** HOLE CARDS ***
Dealt to Dorex2007 [2h Qd]
RichHol: folds 
K6 Jari Aarnio: folds 
Yuri Colmerauer: folds 
Erickpassarelli: folds 
RonnyLingott: raises $0.04 to $0.06
Dorex2007: folds 
abufirs: folds 
Lucasdeam: folds 
Redmag666: folds 
Uncalled bet ($0.04) returned to RonnyLingott
RonnyLingott collected $0.05 from pot
*** SUMMARY ***
Total pot $0.05 | Rake $0 
Seat 1: RonnyLingott collected ($0.05)
Seat 2: Dorex2007 folded before Flop (didn't bet)
Seat 3: abufirs (button) folded before Flop (didn't bet)
Seat 4: Lucasdeam (small blind) folded before Flop
Seat 5: Redmag666 (big blind) folded before Flop
Seat 6: RichHol folded before Flop (didn't bet)
Seat 7: K6 Jari Aarnio folded before Flop (didn't bet)
Seat 8: Yuri Colmerauer folded before Flop (didn't bet)
Seat 9: Erickpassarelli folded before Flop (didn't bet)



PokerStars Hand #225785858818:  Hold'em No Limit ($0.01/$0.02 USD) - 2021/04/12 17:44:02 PT [2021/04/12 20:44:02 ET]
Table 'Valentine II' 9-max Seat #4 is the button
Seat 1: RonnyLingott ($1.73 in chips) 
Seat 2: Dorex2007 ($1.55 in chips) 
Seat 3: abufirs ($2.28 in chips) 
Seat 4: Lucasdeam ($2.08 in chips) 
Seat 5: Redmag666 ($3.20 in chips) 
Seat 6: RichHol ($2.20 in chips) 
Seat 7: K6 Jari Aarnio ($1.11 in chips) 
Seat 8: Yuri Colmerauer ($3.12 in chips) 
Seat 9: Erickpassarelli ($0.65 in chips) 
Redmag666: posts small blind $0.01
RichHol: posts big blind $0.02
*** HOLE CARDS ***
Dealt to Dorex2007 [5c Kc]
K6 Jari Aarnio has timed out
K6 Jari Aarnio: folds 
Yuri Colmerauer: raises $0.04 to $0.06
Erickpassarelli: folds 
RonnyLingott: folds 
Dorex2007: folds 
abufirs: folds 
Lucasdeam: folds 
Redmag666: folds 
RichHol: folds 
Uncalled bet ($0.04) returned to Yuri Colmerauer
Yuri Colmerauer collected $0.05 from pot
Yuri Colmerauer: doesn't show hand 
*** SUMMARY ***
Total pot $0.05 | Rake $0 
Seat 1: RonnyLingott folded before Flop (didn't bet)
Seat 2: Dorex2007 folded before Flop (didn't bet)
Seat 3: abufirs folded before Flop (didn't bet)
Seat 4: Lucasdeam (button) folded before Flop (didn't bet)
Seat 5: Redmag666 (small blind) folded before Flop
Seat 6: RichHol (big blind) folded before Flop
Seat 7: K6 Jari Aarnio folded before Flop (didn't bet)
Seat 8: Yuri Colmerauer collected ($0.05)
Seat 9: Erickpassarelli folded before Flop (didn't bet)



PokerStars Hand #225785868143:  Hold'em No Limit ($0.01/$0.02 USD) - 2021/04/12 17:44:32 PT [2021/04/12 20:44:32 ET]
Table 'Valentine II' 9-max Seat #5 is the button
Seat 1: RonnyLingott ($1.73 in chips) 
Seat 2: Dorex2007 ($1.55 in chips) 
Seat 3: abufirs ($2.28 in chips) 
Seat 4: Lucasdeam ($2.08 in chips) 
Seat 5: Redmag666 ($3.19 in chips) 
Seat 6: RichHol ($2.18 in chips) 
Seat 7: K6 Jari Aarnio ($1.11 in chips) 
Seat 8: Yuri Colmerauer ($3.15 in chips) 
Seat 9: Erickpassarelli ($0.65 in chips) 
RichHol: posts small blind $0.01
K6 Jari Aarnio: posts big blind $0.02
*** HOLE CARDS ***
Dealt to Dorex2007 [2s Tc]
Yuri Colmerauer: folds 
Erickpassarelli: raises $0.04 to $0.06
RonnyLingott: folds 
Dorex2007: folds 
abufirs: folds 
Lucasdeam: calls $0.06
Redmag666: folds 
RichHol: calls $0.05
K6 Jari Aarnio: calls $0.04
*** FLOP *** [7d 4s 2c]
RichHol: checks 
K6 Jari Aarnio: bets $0.06
Erickpassarelli: folds 
Lucasdeam: folds 
RichHol: calls $0.06
*** TURN *** [7d 4s 2c] [Js]
RichHol: checks 
K6 Jari Aarnio: bets $0.22
RichHol: folds 
Uncalled bet ($0.22) returned to K6 Jari Aarnio
K6 Jari Aarnio collected $0.35 from pot
K6 Jari Aarnio: doesn't show hand 
*** SUMMARY ***
Total pot $0.36 | Rake $0.01 
Board [7d 4s 2c Js]
Seat 1: RonnyLingott folded before Flop (didn't bet)
Seat 2: Dorex2007 folded before Flop (didn't bet)
Seat 3: abufirs folded before Flop (didn't bet)
Seat 4: Lucasdeam folded on the Flop
Seat 5: Redmag666 (button) folded before Flop (didn't bet)
Seat 6: RichHol (small blind) folded on the Turn
Seat 7: K6 Jari Aarnio (big blind) collected ($0.35)
Seat 8: Yuri Colmerauer folded before Flop (didn't bet)
Seat 9: Erickpassarelli folded on the Flop



PokerStars Hand #225785891617:  Hold'em No Limit ($0.01/$0.02 USD) - 2021/04/12 17:45:48 PT [2021/04/12 20:45:48 ET]
Table 'Valentine II' 9-max Seat #6 is the button
Seat 1: RonnyLingott ($1.73 in chips) 
Seat 2: Dorex2007 ($1.55 in chips) 
Seat 3: abufirs ($2.28 in chips) 
Seat 4: Lucasdeam ($2.02 in chips) 
Seat 5: Redmag666 ($3.19 in chips) 
Seat 6: RichHol ($2.06 in chips) 
Seat 7: K6 Jari Aarnio ($1.34 in chips) 
Seat 8: Yuri Colmerauer ($3.15 in chips) 
Seat 9: Erickpassarelli ($0.59 in chips) 
K6 Jari Aarnio: posts small blind $0.01
Yuri Colmerauer: posts big blind $0.02
*** HOLE CARDS ***
Dealt to Dorex2007 [Qd As]
Erickpassarelli: folds 
RonnyLingott: folds 
Dorex2007: raises $0.04 to $0.06
abufirs: calls $0.06
Lucasdeam: calls $0.06
Redmag666: folds 
RichHol: folds 
K6 Jari Aarnio: calls $0.05
Yuri Colmerauer: folds 
*** FLOP *** [3c 4c Ah]
K6 Jari Aarnio: checks 
Dorex2007: checks 
abufirs: bets $0.13
Lucasdeam: folds 
K6 Jari Aarnio: calls $0.13
Dorex2007: calls $0.13
*** TURN *** [3c 4c Ah] [9d]
K6 Jari Aarnio: checks 
Dorex2007: checks 
abufirs: checks 
*** RIVER *** [3c 4c Ah 9d] [Qc]
RonnyLingott leaves the table
yjqian23 joins the table at seat #1 
K6 Jari Aarnio: bets $0.20
Dorex2007: raises $0.40 to $0.60
abufirs: raises $1.49 to $2.09 and is all-in
K6 Jari Aarnio: folds 
Dorex2007: calls $0.76 and is all-in
Uncalled bet ($0.73) returned to abufirs
*** SHOW DOWN ***
abufirs: shows [Ac Tc] (a flush, Ace high)
Dorex2007: shows [Qd As] (two pair, Aces and Queens)
abufirs collected $3.45 from pot
*** SUMMARY ***
Total pot $3.57 | Rake $0.12 
Board [3c 4c Ah 9d Qc]
Seat 1: RonnyLingott folded before Flop (didn't bet)
Seat 2: Dorex2007 showed [Qd As] and lost with two pair, Aces and Queens
Seat 3: abufirs showed [Ac Tc] and won ($3.45) with a flush, Ace high
Seat 4: Lucasdeam folded on the Flop
Seat 5: Redmag666 folded before Flop (didn't bet)
Seat 6: RichHol (button) folded before Flop (didn't bet)
Seat 7: K6 Jari Aarnio (small blind) folded on the River
Seat 8: Yuri Colmerauer (big blind) folded before Flop
Seat 9: Erickpassarelli folded before Flop (didn't bet)



