PokerStars Hand #232622881357:  Hold'em No Limit ($0.01/$0.02 USD) - 2021/12/28 22:31:49 PT [2021/12/29 1:31:49 ET]
Table 'Alrai III' 9-max Seat #8 is the button
Seat 1: Siegeable ($2.08 in chips) 
Seat 2: goalie39 ($1.50 in chips) 
Seat 3: TornadeoJim ($2.43 in chips) 
Seat 4: Gorniak A ($2.22 in chips) 
Seat 5: Dorex2007 ($2 in chips) 
Seat 8: taramario ($1.10 in chips) 
Seat 9: MyTHaeBoka ($2.59 in chips) 
MyTHaeBoka: posts small blind $0.01
Siegeable: posts big blind $0.02
Dorex2007: posts big blind $0.02
*** HOLE CARDS ***
Dealt to Dorex2007 [2s Ac]
goalie39: folds 
TornadeoJim: raises $0.04 to $0.06
Gorniak A: folds 
Dorex2007: folds 
taramario: folds 
MyTHaeBoka: folds 
Siegeable: folds 
Uncalled bet ($0.04) returned to TornadeoJim
TornadeoJim collected $0.07 from pot
*** SUMMARY ***
Total pot $0.07 | Rake $0 
Seat 1: Siegeable (big blind) folded before Flop
Seat 2: goalie39 folded before Flop (didn't bet)
Seat 3: TornadeoJim collected ($0.07)
Seat 4: Gorniak A folded before Flop (didn't bet)
Seat 5: Dorex2007 folded before Flop (didn't bet)
Seat 8: taramario (button) folded before Flop (didn't bet)
Seat 9: MyTHaeBoka (small blind) folded before Flop



PokerStars Hand #232622885663:  Hold'em No Limit ($0.01/$0.02 USD) - 2021/12/28 22:32:20 PT [2021/12/29 1:32:20 ET]
Table 'Alrai III' 9-max Seat #9 is the button
Seat 1: Siegeable ($2.06 in chips) 
Seat 2: goalie39 ($1.50 in chips) 
Seat 3: TornadeoJim ($2.48 in chips) 
Seat 4: Gorniak A ($2.22 in chips) 
Seat 5: Dorex2007 ($2 in chips) 
Seat 8: taramario ($1.10 in chips) 
Seat 9: MyTHaeBoka ($2.58 in chips) 
Siegeable: posts small blind $0.01
goalie39: posts big blind $0.02
*** HOLE CARDS ***
Dealt to Dorex2007 [5s 2d]
TornadeoJim: folds 
Gorniak A: folds 
Dorex2007: folds 
taramario: folds 
MyTHaeBoka: raises $0.03 to $0.05
Siegeable: calls $0.04
goalie39: calls $0.03
*** FLOP *** [Qh 7d 6h]
Siegeable: checks 
goalie39: checks 
MyTHaeBoka: checks 
*** TURN *** [Qh 7d 6h] [2s]
Siegeable: checks 
goalie39: bets $0.06
MyTHaeBoka: folds 
Siegeable: folds 
Uncalled bet ($0.06) returned to goalie39
goalie39 collected $0.14 from pot
goalie39: doesn't show hand 
*** SUMMARY ***
Total pot $0.15 | Rake $0.01 
Board [Qh 7d 6h 2s]
Seat 1: Siegeable (small blind) folded on the Turn
Seat 2: goalie39 (big blind) collected ($0.14)
Seat 3: TornadeoJim folded before Flop (didn't bet)
Seat 4: Gorniak A folded before Flop (didn't bet)
Seat 5: Dorex2007 folded before Flop (didn't bet)
Seat 8: taramario folded before Flop (didn't bet)
Seat 9: MyTHaeBoka (button) folded on the Turn



PokerStars Hand #232622892625:  Hold'em No Limit ($0.01/$0.02 USD) - 2021/12/28 22:33:09 PT [2021/12/29 1:33:09 ET]
Table 'Alrai III' 9-max Seat #1 is the button
Seat 1: Siegeable ($2.01 in chips) 
Seat 2: goalie39 ($1.59 in chips) 
Seat 3: TornadeoJim ($2.48 in chips) 
Seat 4: Gorniak A ($2.22 in chips) 
Seat 5: Dorex2007 ($2 in chips) 
Seat 8: taramario ($1.10 in chips) 
Seat 9: MyTHaeBoka ($2.53 in chips) 
goalie39: posts small blind $0.01
TornadeoJim: posts big blind $0.02
*** HOLE CARDS ***
Dealt to Dorex2007 [8s Ad]
Gorniak A: folds 
Dorex2007: folds 
taramario: folds 
MyTHaeBoka: folds 
Siegeable: folds 
goalie39: calls $0.01
TornadeoJim: raises $0.10 to $0.12
goalie39: folds 
Uncalled bet ($0.10) returned to TornadeoJim
TornadeoJim collected $0.04 from pot
*** SUMMARY ***
Total pot $0.04 | Rake $0 
Seat 1: Siegeable (button) folded before Flop (didn't bet)
Seat 2: goalie39 (small blind) folded before Flop
Seat 3: TornadeoJim (big blind) collected ($0.04)
Seat 4: Gorniak A folded before Flop (didn't bet)
Seat 5: Dorex2007 folded before Flop (didn't bet)
Seat 8: taramario folded before Flop (didn't bet)
Seat 9: MyTHaeBoka folded before Flop (didn't bet)



PokerStars Hand #232622896612:  Hold'em No Limit ($0.01/$0.02 USD) - 2021/12/28 22:33:37 PT [2021/12/29 1:33:37 ET]
Table 'Alrai III' 9-max Seat #2 is the button
Seat 1: Siegeable ($2.01 in chips) 
Seat 2: goalie39 ($1.57 in chips) 
Seat 3: TornadeoJim ($2.50 in chips) 
Seat 4: Gorniak A ($2.22 in chips) 
Seat 5: Dorex2007 ($2 in chips) 
Seat 8: taramario ($1.10 in chips) 
Seat 9: MyTHaeBoka ($2.53 in chips) 
TornadeoJim: posts small blind $0.01
Gorniak A: posts big blind $0.02
*** HOLE CARDS ***
Dealt to Dorex2007 [9h Th]
Dorex2007: folds 
taramario: folds 
MyTHaeBoka: folds 
Siegeable: folds 
goalie39: raises $0.04 to $0.06
TornadeoJim: folds 
Gorniak A: folds 
Uncalled bet ($0.04) returned to goalie39
goalie39 collected $0.05 from pot
goalie39: doesn't show hand 
*** SUMMARY ***
Total pot $0.05 | Rake $0 
Seat 1: Siegeable folded before Flop (didn't bet)
Seat 2: goalie39 (button) collected ($0.05)
Seat 3: TornadeoJim (small blind) folded before Flop
Seat 4: Gorniak A (big blind) folded before Flop
Seat 5: Dorex2007 folded before Flop (didn't bet)
Seat 8: taramario folded before Flop (didn't bet)
Seat 9: MyTHaeBoka folded before Flop (didn't bet)



