PokerStars Hand #224261756178:  Hold'em No Limit ($0.01/$0.02 USD) - 2021/02/26 22:17:15 PT [2021/02/27 1:17:15 ET]
Table 'Klare' 9-max Seat #7 is the button
Seat 1: erkiad ($3.61 in chips) 
Seat 2: pinachet77 ($1 in chips) 
Seat 3: TornadeoJim ($3.09 in chips) 
Seat 4: Marchlight ($1.05 in chips) 
Seat 5: dmkallahbee ($3.88 in chips) 
Seat 6: DOREN2008RUS ($2.50 in chips) 
Seat 7: 19ecoboy79 ($0.80 in chips) 
Seat 8: Guss2101 ($2 in chips) 
Seat 9: Dorex2007 ($1.50 in chips) 
Guss2101: posts small blind $0.01
Dorex2007: posts big blind $0.02
*** HOLE CARDS ***
Dealt to Dorex2007 [Jc 6s]
erkiad: folds 
pinachet77: calls $0.02
TornadeoJim: folds 
Marchlight: raises $0.03 to $0.05
dmkallahbee: calls $0.05
DOREN2008RUS: calls $0.05
19ecoboy79: folds 
Guss2101: folds 
Dorex2007: folds 
pinachet77: calls $0.03
*** FLOP *** [7d 4s As]
pinachet77: checks 
Marchlight: checks 
dmkallahbee: bets $0.11
DOREN2008RUS: calls $0.11
pinachet77: folds 
Marchlight: calls $0.11
*** TURN *** [7d 4s As] [2h]
Marchlight: checks 
dmkallahbee: bets $3.72 and is all-in
DOREN2008RUS: folds 
Marchlight: calls $0.89 and is all-in
Uncalled bet ($2.83) returned to dmkallahbee
*** RIVER *** [7d 4s As 2h] [Kc]
*** SHOW DOWN ***
Marchlight: shows [Ac 5c] (a pair of Aces)
dmkallahbee: shows [5d 5s] (a pair of Fives)
Marchlight collected $2.26 from pot
*** SUMMARY ***
Total pot $2.34 | Rake $0.08 
Board [7d 4s As 2h Kc]
Seat 1: erkiad folded before Flop (didn't bet)
Seat 2: pinachet77 folded on the Flop
Seat 3: TornadeoJim folded before Flop (didn't bet)
Seat 4: Marchlight showed [Ac 5c] and won ($2.26) with a pair of Aces
Seat 5: dmkallahbee showed [5d 5s] and lost with a pair of Fives
Seat 6: DOREN2008RUS folded on the Turn
Seat 7: 19ecoboy79 (button) folded before Flop (didn't bet)
Seat 8: Guss2101 (small blind) folded before Flop
Seat 9: Dorex2007 (big blind) folded before Flop



PokerStars Hand #224261777072:  Hold'em No Limit ($0.01/$0.02 USD) - 2021/02/26 22:18:45 PT [2021/02/27 1:18:45 ET]
Table 'Klare' 9-max Seat #8 is the button
Seat 2: pinachet77 ($0.95 in chips) 
Seat 3: TornadeoJim ($3.09 in chips) 
Seat 4: Marchlight ($2.26 in chips) 
Seat 5: dmkallahbee ($2.83 in chips) 
Seat 6: DOREN2008RUS ($2.34 in chips) 
Seat 7: 19ecoboy79 ($0.80 in chips) 
Seat 8: Guss2101 ($2 in chips) 
Seat 9: Dorex2007 ($1.48 in chips) 
Dorex2007: posts small blind $0.01
erkiad: is sitting out 
erkiad leaves the table
pinachet77: posts big blind $0.02
*** HOLE CARDS ***
Dealt to Dorex2007 [Td Ad]
TornadeoJim: folds 
Marchlight: folds 
dmkallahbee: calls $0.02
DOREN2008RUS: calls $0.02
McFly_288 joins the table at seat #1 
19ecoboy79: folds 
Guss2101: folds 
Dorex2007: raises $0.04 to $0.06
pinachet77: folds 
dmkallahbee: calls $0.04
DOREN2008RUS: calls $0.04
*** FLOP *** [8d 9c 6d]
Dorex2007: checks 
dmkallahbee: bets $0.02
DOREN2008RUS: calls $0.02
Dorex2007: calls $0.02
*** TURN *** [8d 9c 6d] [3h]
Dorex2007: checks 
dmkallahbee: bets $0.02
DOREN2008RUS: calls $0.02
Dorex2007: calls $0.02
*** RIVER *** [8d 9c 6d 3h] [4c]
Dorex2007: checks 
dmkallahbee: checks 
DOREN2008RUS: checks 
*** SHOW DOWN ***
Dorex2007: shows [Td Ad] (high card Ace)
dmkallahbee: shows [Qh 8s] (a pair of Eights)
DOREN2008RUS: shows [2s 5c] (a straight, Deuce to Six)
DOREN2008RUS collected $0.31 from pot
*** SUMMARY ***
Total pot $0.32 | Rake $0.01 
Board [8d 9c 6d 3h 4c]
Seat 2: pinachet77 (big blind) folded before Flop
Seat 3: TornadeoJim folded before Flop (didn't bet)
Seat 4: Marchlight folded before Flop (didn't bet)
Seat 5: dmkallahbee showed [Qh 8s] and lost with a pair of Eights
Seat 6: DOREN2008RUS showed [2s 5c] and won ($0.31) with a straight, Deuce to Six
Seat 7: 19ecoboy79 folded before Flop (didn't bet)
Seat 8: Guss2101 (button) folded before Flop (didn't bet)
Seat 9: Dorex2007 (small blind) showed [Td Ad] and lost with high card Ace



PokerStars Hand #224261803618:  Hold'em No Limit ($0.01/$0.02 USD) - 2021/02/26 22:20:08 PT [2021/02/27 1:20:08 ET]
Table 'Klare' 9-max Seat #9 is the button
Seat 2: pinachet77 ($0.93 in chips) 
Seat 3: TornadeoJim ($3.09 in chips) 
Seat 4: Marchlight ($2.26 in chips) 
Seat 5: dmkallahbee ($2.73 in chips) 
Seat 6: DOREN2008RUS ($2.55 in chips) 
Seat 7: 19ecoboy79 ($0.80 in chips) 
Seat 8: Guss2101 ($2 in chips) 
Seat 9: Dorex2007 ($1.38 in chips) 
pinachet77: posts small blind $0.01
TornadeoJim: posts big blind $0.02
*** HOLE CARDS ***
Dealt to Dorex2007 [7d 8d]
Marchlight: folds 
Marchlight leaves the table
dmkallahbee: folds 
DOREN2008RUS: calls $0.02
19ecoboy79: folds 
Guss2101: folds 
tm-online joins the table at seat #4 
Dorex2007: folds 
pinachet77: calls $0.01
TornadeoJim: checks 
*** FLOP *** [3d 7c Jc]
pinachet77: checks 
TornadeoJim: checks 
DOREN2008RUS: checks 
*** TURN *** [3d 7c Jc] [6d]
pinachet77: checks 
TornadeoJim: checks 
DOREN2008RUS: checks 
*** RIVER *** [3d 7c Jc 6d] [6c]
pinachet77: checks 
TornadeoJim: checks 
DOREN2008RUS: checks 
*** SHOW DOWN ***
pinachet77: shows [Ks Qc] (a pair of Sixes)
TornadeoJim: shows [Th As] (a pair of Sixes - Ace kicker)
DOREN2008RUS: mucks hand 
TornadeoJim collected $0.06 from pot
*** SUMMARY ***
Total pot $0.06 | Rake $0 
Board [3d 7c Jc 6d 6c]
Seat 2: pinachet77 (small blind) showed [Ks Qc] and lost with a pair of Sixes
Seat 3: TornadeoJim (big blind) showed [Th As] and won ($0.06) with a pair of Sixes
Seat 4: Marchlight folded before Flop (didn't bet)
Seat 5: dmkallahbee folded before Flop (didn't bet)
Seat 6: DOREN2008RUS mucked [9s 5h]
Seat 7: 19ecoboy79 folded before Flop (didn't bet)
Seat 8: Guss2101 folded before Flop (didn't bet)
Seat 9: Dorex2007 (button) folded before Flop (didn't bet)



PokerStars Hand #224261819696:  Hold'em No Limit ($0.01/$0.02 USD) - 2021/02/26 22:21:17 PT [2021/02/27 1:21:17 ET]
Table 'Klare' 9-max Seat #2 is the button
Seat 1: McFly_288 ($2 in chips) 
Seat 2: pinachet77 ($0.91 in chips) 
Seat 3: TornadeoJim ($3.13 in chips) 
Seat 4: tm-online ($0.80 in chips) 
Seat 5: dmkallahbee ($2.73 in chips) 
Seat 6: DOREN2008RUS ($2.53 in chips) 
Seat 7: 19ecoboy79 ($0.80 in chips) 
Seat 8: Guss2101 ($2 in chips) 
Seat 9: Dorex2007 ($1.38 in chips) 
TornadeoJim: posts small blind $0.01
tm-online: posts big blind $0.02
McFly_288: posts big blind $0.02
*** HOLE CARDS ***
Dealt to Dorex2007 [6c 8c]
dmkallahbee: calls $0.02
DOREN2008RUS: calls $0.02
19ecoboy79: folds 
Guss2101: folds 
Dorex2007: calls $0.02
McFly_288: checks 
pinachet77: folds 
TornadeoJim: calls $0.01
tm-online: checks 
*** FLOP *** [9h 8d 3d]
TornadeoJim: checks 
tm-online: checks 
dmkallahbee: checks 
DOREN2008RUS: checks 
Dorex2007: checks 
McFly_288: checks 
*** TURN *** [9h 8d 3d] [2c]
TornadeoJim: checks 
tm-online: bets $0.04
dmkallahbee: folds 
DOREN2008RUS: calls $0.04
Dorex2007: folds 
McFly_288: calls $0.04
TornadeoJim: folds 
*** RIVER *** [9h 8d 3d 2c] [As]
tm-online: checks 
DOREN2008RUS: checks 
McFly_288: bets $0.23
tm-online: folds 
DOREN2008RUS: folds 
Uncalled bet ($0.23) returned to McFly_288
McFly_288 collected $0.23 from pot
*** SUMMARY ***
Total pot $0.24 | Rake $0.01 
Board [9h 8d 3d 2c As]
Seat 1: McFly_288 collected ($0.23)
Seat 2: pinachet77 (button) folded before Flop (didn't bet)
Seat 3: TornadeoJim (small blind) folded on the Turn
Seat 4: tm-online (big blind) folded on the River
Seat 5: dmkallahbee folded on the Turn
Seat 6: DOREN2008RUS folded on the River
Seat 7: 19ecoboy79 folded before Flop (didn't bet)
Seat 8: Guss2101 folded before Flop (didn't bet)
Seat 9: Dorex2007 folded on the Turn



PokerStars Hand #224261853109:  Hold'em No Limit ($0.01/$0.02 USD) - 2021/02/26 22:23:04 PT [2021/02/27 1:23:04 ET]
Table 'Klare' 9-max Seat #3 is the button
Seat 1: McFly_288 ($2.17 in chips) 
Seat 2: pinachet77 ($0.91 in chips) 
Seat 3: TornadeoJim ($3.11 in chips) 
Seat 4: tm-online ($0.74 in chips) 
Seat 5: dmkallahbee ($2.71 in chips) 
Seat 6: DOREN2008RUS ($2.47 in chips) 
Seat 7: 19ecoboy79 ($0.80 in chips) 
Seat 8: Guss2101 ($2 in chips) 
Seat 9: Dorex2007 ($1.36 in chips) 
tm-online: posts small blind $0.01
dmkallahbee: posts big blind $0.02
*** HOLE CARDS ***
Dealt to Dorex2007 [6d 5c]
DOREN2008RUS: calls $0.02
19ecoboy79: folds 
Guss2101: folds 
Dorex2007: folds 
McFly_288: calls $0.02
pinachet77: folds 
TornadeoJim: folds 
tm-online: folds 
dmkallahbee: checks 
*** FLOP *** [9h 7d Ah]
dmkallahbee: bets $2.69 and is all-in
DOREN2008RUS: folds 
McFly_288: folds 
Uncalled bet ($2.69) returned to dmkallahbee
dmkallahbee collected $0.07 from pot
dmkallahbee: doesn't show hand 
*** SUMMARY ***
Total pot $0.07 | Rake $0 
Board [9h 7d Ah]
Seat 1: McFly_288 folded on the Flop
Seat 2: pinachet77 folded before Flop (didn't bet)
Seat 3: TornadeoJim (button) folded before Flop (didn't bet)
Seat 4: tm-online (small blind) folded before Flop
Seat 5: dmkallahbee (big blind) collected ($0.07)
Seat 6: DOREN2008RUS folded on the Flop
Seat 7: 19ecoboy79 folded before Flop (didn't bet)
Seat 8: Guss2101 folded before Flop (didn't bet)
Seat 9: Dorex2007 folded before Flop (didn't bet)



PokerStars Hand #224261862327:  Hold'em No Limit ($0.01/$0.02 USD) - 2021/02/26 22:23:44 PT [2021/02/27 1:23:44 ET]
Table 'Klare' 9-max Seat #4 is the button
Seat 1: McFly_288 ($2.15 in chips) 
Seat 2: pinachet77 ($0.91 in chips) 
Seat 3: TornadeoJim ($3.11 in chips) 
Seat 4: tm-online ($0.73 in chips) 
Seat 5: dmkallahbee ($2.76 in chips) 
Seat 6: DOREN2008RUS ($2.45 in chips) 
Seat 7: 19ecoboy79 ($0.80 in chips) 
Seat 8: Guss2101 ($2 in chips) 
Seat 9: Dorex2007 ($1.36 in chips) 
dmkallahbee: posts small blind $0.01
DOREN2008RUS: posts big blind $0.02
*** HOLE CARDS ***
Dealt to Dorex2007 [2c 6d]
19ecoboy79: folds 
Guss2101: folds 
Dorex2007: folds 
McFly_288: folds 
pinachet77 has timed out
pinachet77: folds 
TornadeoJim: folds 
tm-online: folds 
dmkallahbee: calls $0.01
DOREN2008RUS: checks 
*** FLOP *** [4d Qh 7d]
dmkallahbee: checks 
DOREN2008RUS: checks 
*** TURN *** [4d Qh 7d] [7h]
dmkallahbee: checks 
DOREN2008RUS: checks 
*** RIVER *** [4d Qh 7d 7h] [8s]
dmkallahbee: bets $0.02
DOREN2008RUS: calls $0.02
*** SHOW DOWN ***
dmkallahbee: shows [8d Ts] (two pair, Eights and Sevens)
DOREN2008RUS: shows [9c 9d] (two pair, Nines and Sevens)
DOREN2008RUS collected $0.08 from pot
*** SUMMARY ***
Total pot $0.08 | Rake $0 
Board [4d Qh 7d 7h 8s]
Seat 1: McFly_288 folded before Flop (didn't bet)
Seat 2: pinachet77 folded before Flop (didn't bet)
Seat 3: TornadeoJim folded before Flop (didn't bet)
Seat 4: tm-online (button) folded before Flop (didn't bet)
Seat 5: dmkallahbee (small blind) showed [8d Ts] and lost with two pair, Eights and Sevens
Seat 6: DOREN2008RUS (big blind) showed [9c 9d] and won ($0.08) with two pair, Nines and Sevens
Seat 7: 19ecoboy79 folded before Flop (didn't bet)
Seat 8: Guss2101 folded before Flop (didn't bet)
Seat 9: Dorex2007 folded before Flop (didn't bet)



PokerStars Hand #224261873974:  Hold'em No Limit ($0.01/$0.02 USD) - 2021/02/26 22:24:34 PT [2021/02/27 1:24:34 ET]
Table 'Klare' 9-max Seat #5 is the button
Seat 1: McFly_288 ($2.15 in chips) 
Seat 2: pinachet77 ($0.91 in chips) 
Seat 3: TornadeoJim ($3.11 in chips) 
Seat 4: tm-online ($0.73 in chips) 
Seat 5: dmkallahbee ($2.72 in chips) 
Seat 6: DOREN2008RUS ($2.49 in chips) 
Seat 7: 19ecoboy79 ($0.80 in chips) 
Seat 8: Guss2101 ($2 in chips) 
Seat 9: Dorex2007 ($1.36 in chips) 
DOREN2008RUS: posts small blind $0.01
19ecoboy79: posts big blind $0.02
*** HOLE CARDS ***
Dealt to Dorex2007 [6s 5s]
Guss2101: folds 
Dorex2007: folds 
McFly_288: calls $0.02
pinachet77: folds 
pinachet77 leaves the table
TornadeoJim: folds 
tm-online: folds 
dmkallahbee has timed out
dmkallahbee: folds 
EnglandBaby4 joins the table at seat #2 
DOREN2008RUS: calls $0.01
19ecoboy79: checks 
*** FLOP *** [Ts 5c 6h]
DOREN2008RUS: bets $0.02
19ecoboy79: folds 
McFly_288: raises $0.06 to $0.08
DOREN2008RUS: calls $0.06
*** TURN *** [Ts 5c 6h] [9s]
DOREN2008RUS: checks 
McFly_288: bets $0.08
DOREN2008RUS: calls $0.08
*** RIVER *** [Ts 5c 6h 9s] [3h]
DOREN2008RUS: checks 
McFly_288: checks 
*** SHOW DOWN ***
DOREN2008RUS: shows [7c 7h] (a pair of Sevens)
McFly_288: shows [Tc Qh] (a pair of Tens)
McFly_288 collected $0.37 from pot
*** SUMMARY ***
Total pot $0.38 | Rake $0.01 
Board [Ts 5c 6h 9s 3h]
Seat 1: McFly_288 showed [Tc Qh] and won ($0.37) with a pair of Tens
Seat 2: pinachet77 folded before Flop (didn't bet)
Seat 3: TornadeoJim folded before Flop (didn't bet)
Seat 4: tm-online folded before Flop (didn't bet)
Seat 5: dmkallahbee (button) folded before Flop (didn't bet)
Seat 6: DOREN2008RUS (small blind) showed [7c 7h] and lost with a pair of Sevens
Seat 7: 19ecoboy79 (big blind) folded on the Flop
Seat 8: Guss2101 folded before Flop (didn't bet)
Seat 9: Dorex2007 folded before Flop (didn't bet)



PokerStars Hand #224261886513:  Hold'em No Limit ($0.01/$0.02 USD) - 2021/02/26 22:25:29 PT [2021/02/27 1:25:29 ET]
Table 'Klare' 9-max Seat #6 is the button
Seat 1: McFly_288 ($2.34 in chips) 
Seat 3: TornadeoJim ($3.11 in chips) 
Seat 4: tm-online ($0.73 in chips) 
Seat 5: dmkallahbee ($2.72 in chips) 
Seat 6: DOREN2008RUS ($2.31 in chips) 
Seat 7: 19ecoboy79 ($0.80 in chips) 
Seat 8: Guss2101 ($2 in chips) 
Seat 9: Dorex2007 ($1.36 in chips) 
19ecoboy79: posts small blind $0.01
Guss2101: posts big blind $0.02
EnglandBaby4: sits out 
*** HOLE CARDS ***
Dealt to Dorex2007 [Ah 9c]
Dorex2007: folds 
McFly_288: folds 
TornadeoJim: folds 
tm-online: folds 
dmkallahbee: raises $0.02 to $0.04
DOREN2008RUS: calls $0.04
19ecoboy79: folds 
Guss2101: folds 
*** FLOP *** [Jh 4h 4s]
dmkallahbee: bets $0.11
DOREN2008RUS: calls $0.11
*** TURN *** [Jh 4h 4s] [Td]
dmkallahbee: bets $2.57 and is all-in
DOREN2008RUS: folds 
Uncalled bet ($2.57) returned to dmkallahbee
dmkallahbee collected $0.32 from pot
dmkallahbee: doesn't show hand 
*** SUMMARY ***
Total pot $0.33 | Rake $0.01 
Board [Jh 4h 4s Td]
Seat 1: McFly_288 folded before Flop (didn't bet)
Seat 3: TornadeoJim folded before Flop (didn't bet)
Seat 4: tm-online folded before Flop (didn't bet)
Seat 5: dmkallahbee collected ($0.32)
Seat 6: DOREN2008RUS (button) folded on the Turn
Seat 7: 19ecoboy79 (small blind) folded before Flop
Seat 8: Guss2101 (big blind) folded before Flop
Seat 9: Dorex2007 folded before Flop (didn't bet)



PokerStars Hand #224261896460:  Hold'em No Limit ($0.01/$0.02 USD) - 2021/02/26 22:26:12 PT [2021/02/27 1:26:12 ET]
Table 'Klare' 9-max Seat #7 is the button
Seat 1: McFly_288 ($2.34 in chips) 
Seat 3: TornadeoJim ($3.11 in chips) 
Seat 4: tm-online ($0.73 in chips) 
Seat 5: dmkallahbee ($2.89 in chips) 
Seat 6: DOREN2008RUS ($2.16 in chips) 
Seat 7: 19ecoboy79 ($0.80 in chips) 
Seat 8: Guss2101 ($2 in chips) 
Seat 9: Dorex2007 ($1.36 in chips) 
Guss2101: posts small blind $0.01
Dorex2007: posts big blind $0.02
EnglandBaby4: sits out 
*** HOLE CARDS ***
Dealt to Dorex2007 [Qs Kc]
McFly_288: calls $0.02
TornadeoJim: folds 
tm-online: folds 
dmkallahbee: folds 
DOREN2008RUS: calls $0.02
19ecoboy79: folds 
Guss2101: folds 
Dorex2007: raises $0.04 to $0.06
McFly_288: calls $0.04
DOREN2008RUS: calls $0.04
*** FLOP *** [Js 8c 5s]
Dorex2007: bets $0.09
McFly_288: calls $0.09
DOREN2008RUS: calls $0.09
*** TURN *** [Js 8c 5s] [Kh]
Dorex2007: checks 
McFly_288: bets $0.16
DOREN2008RUS: calls $0.16
Dorex2007: raises $0.26 to $0.42
McFly_288: folds 
DOREN2008RUS: folds 
Uncalled bet ($0.26) returned to Dorex2007
Dorex2007 collected $0.91 from pot
Dorex2007: doesn't show hand 
*** SUMMARY ***
Total pot $0.94 | Rake $0.03 
Board [Js 8c 5s Kh]
Seat 1: McFly_288 folded on the Turn
Seat 3: TornadeoJim folded before Flop (didn't bet)
Seat 4: tm-online folded before Flop (didn't bet)
Seat 5: dmkallahbee folded before Flop (didn't bet)
Seat 6: DOREN2008RUS folded on the Turn
Seat 7: 19ecoboy79 (button) folded before Flop (didn't bet)
Seat 8: Guss2101 (small blind) folded before Flop
Seat 9: Dorex2007 (big blind) collected ($0.91)



PokerStars Hand #224261917166:  Hold'em No Limit ($0.01/$0.02 USD) - 2021/02/26 22:27:43 PT [2021/02/27 1:27:43 ET]
Table 'Klare' 9-max Seat #8 is the button
Seat 1: McFly_288 ($2.03 in chips) 
Seat 3: TornadeoJim ($3.11 in chips) 
Seat 4: tm-online ($0.73 in chips) 
Seat 5: dmkallahbee ($2.89 in chips) 
Seat 6: DOREN2008RUS ($1.85 in chips) 
Seat 7: 19ecoboy79 ($0.80 in chips) 
Seat 8: Guss2101 ($2 in chips) 
Seat 9: Dorex2007 ($1.96 in chips) 
Dorex2007: posts small blind $0.01
McFly_288: posts big blind $0.02
EnglandBaby4: sits out 
*** HOLE CARDS ***
Dealt to Dorex2007 [Kd 8h]
TornadeoJim: folds 
tm-online: folds 
dmkallahbee: raises $0.02 to $0.04
DOREN2008RUS: calls $0.04
19ecoboy79: folds 
Guss2101: folds 
Dorex2007: calls $0.03
McFly_288: calls $0.02
*** FLOP *** [Kh Qd Jc]
Dorex2007: checks 
McFly_288: checks 
dmkallahbee: bets $2.85 and is all-in
DOREN2008RUS: folds 
Dorex2007: folds 
McFly_288: folds 
Uncalled bet ($2.85) returned to dmkallahbee
dmkallahbee collected $0.15 from pot
dmkallahbee: doesn't show hand 
*** SUMMARY ***
Total pot $0.16 | Rake $0.01 
Board [Kh Qd Jc]
Seat 1: McFly_288 (big blind) folded on the Flop
Seat 3: TornadeoJim folded before Flop (didn't bet)
Seat 4: tm-online folded before Flop (didn't bet)
Seat 5: dmkallahbee collected ($0.15)
Seat 6: DOREN2008RUS folded on the Flop
Seat 7: 19ecoboy79 folded before Flop (didn't bet)
Seat 8: Guss2101 (button) folded before Flop (didn't bet)
Seat 9: Dorex2007 (small blind) folded on the Flop



PokerStars Hand #224261933278:  Hold'em No Limit ($0.01/$0.02 USD) - 2021/02/26 22:28:52 PT [2021/02/27 1:28:52 ET]
Table 'Klare' 9-max Seat #9 is the button
Seat 1: McFly_288 ($1.99 in chips) 
Seat 2: EnglandBaby4 ($2 in chips) 
Seat 3: TornadeoJim ($3.11 in chips) 
Seat 4: tm-online ($0.73 in chips) 
Seat 5: dmkallahbee ($3 in chips) 
Seat 6: DOREN2008RUS ($1.81 in chips) 
Seat 7: 19ecoboy79 ($0.80 in chips) 
Seat 8: Guss2101 ($2 in chips) 
Seat 9: Dorex2007 ($1.92 in chips) 
McFly_288: posts small blind $0.01
EnglandBaby4: posts big blind $0.02
*** HOLE CARDS ***
Dealt to Dorex2007 [8d 8c]
TornadeoJim: folds 
tm-online: folds 
dmkallahbee: calls $0.02
DOREN2008RUS has timed out
DOREN2008RUS: folds 
19ecoboy79: raises $0.07 to $0.09
Guss2101: folds 
Dorex2007: folds 
McFly_288: calls $0.08
EnglandBaby4: calls $0.07
dmkallahbee: calls $0.07
*** FLOP *** [3h 2h 2d]
McFly_288: checks 
EnglandBaby4: checks 
dmkallahbee: checks 
19ecoboy79: checks 
*** TURN *** [3h 2h 2d] [9d]
McFly_288: bets $0.35
EnglandBaby4: folds 
dmkallahbee: calls $0.35
19ecoboy79: folds 
*** RIVER *** [3h 2h 2d 9d] [3d]
McFly_288: bets $0.20
dmkallahbee: folds 
Uncalled bet ($0.20) returned to McFly_288
McFly_288 collected $1.02 from pot
*** SUMMARY ***
Total pot $1.06 | Rake $0.04 
Board [3h 2h 2d 9d 3d]
Seat 1: McFly_288 (small blind) collected ($1.02)
Seat 2: EnglandBaby4 (big blind) folded on the Turn
Seat 3: TornadeoJim folded before Flop (didn't bet)
Seat 4: tm-online folded before Flop (didn't bet)
Seat 5: dmkallahbee folded on the River
Seat 6: DOREN2008RUS folded before Flop (didn't bet)
Seat 7: 19ecoboy79 folded on the Turn
Seat 8: Guss2101 folded before Flop (didn't bet)
Seat 9: Dorex2007 (button) folded before Flop (didn't bet)



PokerStars Hand #224261963514:  Hold'em No Limit ($0.01/$0.02 USD) - 2021/02/26 22:31:03 PT [2021/02/27 1:31:03 ET]
Table 'Klare' 9-max Seat #2 is the button
Seat 1: McFly_288 ($2.57 in chips) 
Seat 2: EnglandBaby4 ($2 in chips) 
Seat 3: TornadeoJim ($3.09 in chips) 
Seat 4: tm-online ($0.73 in chips) 
Seat 5: dmkallahbee ($2.56 in chips) 
Seat 6: DOREN2008RUS ($1.77 in chips) 
Seat 7: 19ecoboy79 ($0.87 in chips) 
Seat 8: Guss2101 ($2 in chips) 
Seat 9: Dorex2007 ($1.92 in chips) 
TornadeoJim: posts small blind $0.01
tm-online: posts big blind $0.02
*** HOLE CARDS ***
Dealt to Dorex2007 [3h 5h]
dmkallahbee: calls $0.02
DOREN2008RUS: calls $0.02
19ecoboy79: raises $0.02 to $0.04
Guss2101: folds 
Dorex2007: folds 
McFly_288: folds 
EnglandBaby4: calls $0.04
TornadeoJim: folds 
tm-online: folds 
dmkallahbee: calls $0.02
DOREN2008RUS: calls $0.02
*** FLOP *** [8h 5d 3c]
dmkallahbee: checks 
DOREN2008RUS: checks 
19ecoboy79: bets $0.09
EnglandBaby4: folds 
dmkallahbee: folds 
DOREN2008RUS: calls $0.09
*** TURN *** [8h 5d 3c] [Qc]
DOREN2008RUS: checks 
19ecoboy79: bets $0.27
DOREN2008RUS: folds 
Uncalled bet ($0.27) returned to 19ecoboy79
19ecoboy79 collected $0.36 from pot
19ecoboy79: doesn't show hand 
*** SUMMARY ***
Total pot $0.37 | Rake $0.01 
Board [8h 5d 3c Qc]
Seat 1: McFly_288 folded before Flop (didn't bet)
Seat 2: EnglandBaby4 (button) folded on the Flop
Seat 3: TornadeoJim (small blind) folded before Flop
Seat 4: tm-online (big blind) folded before Flop
Seat 5: dmkallahbee folded on the Flop
Seat 6: DOREN2008RUS folded on the Turn
Seat 7: 19ecoboy79 collected ($0.36)
Seat 8: Guss2101 folded before Flop (didn't bet)
Seat 9: Dorex2007 folded before Flop (didn't bet)



PokerStars Hand #224261976469:  Hold'em No Limit ($0.01/$0.02 USD) - 2021/02/26 22:31:59 PT [2021/02/27 1:31:59 ET]
Table 'Klare' 9-max Seat #3 is the button
Seat 1: McFly_288 ($2.57 in chips) 
Seat 2: EnglandBaby4 ($2 in chips) 
Seat 3: TornadeoJim ($3.08 in chips) 
Seat 4: tm-online ($0.71 in chips) 
Seat 5: dmkallahbee ($2.52 in chips) 
Seat 6: DOREN2008RUS ($1.64 in chips) 
Seat 7: 19ecoboy79 ($1.10 in chips) 
Seat 8: Guss2101 ($2 in chips) 
Seat 9: Dorex2007 ($1.92 in chips) 
tm-online: posts small blind $0.01
dmkallahbee: posts big blind $0.02
*** HOLE CARDS ***
Dealt to Dorex2007 [8c 7h]
DOREN2008RUS: calls $0.02
19ecoboy79: folds 
Guss2101: folds 
Dorex2007: folds 
McFly_288 has timed out
McFly_288: folds 
EnglandBaby4: raises $0.06 to $0.08
TornadeoJim: folds 
tm-online: folds 
dmkallahbee: folds 
DOREN2008RUS: calls $0.06
*** FLOP *** [2s 8h 5d]
DOREN2008RUS: checks 
EnglandBaby4: bets $0.07
DOREN2008RUS: calls $0.07
*** TURN *** [2s 8h 5d] [Td]
DOREN2008RUS: checks 
EnglandBaby4: checks 
*** RIVER *** [2s 8h 5d Td] [2h]
DOREN2008RUS: checks 
EnglandBaby4: checks 
*** SHOW DOWN ***
DOREN2008RUS: shows [Qh Ts] (two pair, Tens and Deuces)
EnglandBaby4: mucks hand 
DOREN2008RUS collected $0.32 from pot
*** SUMMARY ***
Total pot $0.33 | Rake $0.01 
Board [2s 8h 5d Td 2h]
Seat 1: McFly_288 folded before Flop (didn't bet)
Seat 2: EnglandBaby4 mucked [Ad 8d]
Seat 3: TornadeoJim (button) folded before Flop (didn't bet)
Seat 4: tm-online (small blind) folded before Flop
Seat 5: dmkallahbee (big blind) folded before Flop
Seat 6: DOREN2008RUS showed [Qh Ts] and won ($0.32) with two pair, Tens and Deuces
Seat 7: 19ecoboy79 folded before Flop (didn't bet)
Seat 8: Guss2101 folded before Flop (didn't bet)
Seat 9: Dorex2007 folded before Flop (didn't bet)



PokerStars Hand #224261992063:  Hold'em No Limit ($0.01/$0.02 USD) - 2021/02/26 22:33:07 PT [2021/02/27 1:33:07 ET]
Table 'Klare' 9-max Seat #4 is the button
Seat 1: McFly_288 ($2.57 in chips) 
Seat 2: EnglandBaby4 ($2 in chips) 
Seat 3: TornadeoJim ($3.08 in chips) 
Seat 4: tm-online ($0.70 in chips) 
Seat 5: dmkallahbee ($2.50 in chips) 
Seat 6: DOREN2008RUS ($1.81 in chips) 
Seat 7: 19ecoboy79 ($1.10 in chips) 
Seat 8: Guss2101 ($2 in chips) 
Seat 9: Dorex2007 ($1.92 in chips) 
dmkallahbee: posts small blind $0.01
DOREN2008RUS: posts big blind $0.02
*** HOLE CARDS ***
Dealt to Dorex2007 [Kc 2h]
19ecoboy79: folds 
Guss2101: folds 
Dorex2007: folds 
McFly_288: raises $0.12 to $0.14
EnglandBaby4: calls $0.14
TornadeoJim: folds 
tm-online: folds 
dmkallahbee: folds 
DOREN2008RUS: calls $0.12
*** FLOP *** [6s 9h 5s]
DOREN2008RUS: checks 
McFly_288: bets $0.41
EnglandBaby4: calls $0.41
DOREN2008RUS: folds 
*** TURN *** [6s 9h 5s] [2d]
McFly_288: bets $1.21
EnglandBaby4: calls $1.21
*** RIVER *** [6s 9h 5s 2d] [Ts]
McFly_288: bets $0.26
EnglandBaby4: calls $0.24 and is all-in
Uncalled bet ($0.02) returned to McFly_288
*** SHOW DOWN ***
McFly_288: shows [Qs Qc] (a pair of Queens)
EnglandBaby4: shows [7h 5h] (a pair of Fives)
McFly_288 collected $4 from pot
*** SUMMARY ***
Total pot $4.15 | Rake $0.15 
Board [6s 9h 5s 2d Ts]
Seat 1: McFly_288 showed [Qs Qc] and won ($4) with a pair of Queens
Seat 2: EnglandBaby4 showed [7h 5h] and lost with a pair of Fives
Seat 3: TornadeoJim folded before Flop (didn't bet)
Seat 4: tm-online (button) folded before Flop (didn't bet)
Seat 5: dmkallahbee (small blind) folded before Flop
Seat 6: DOREN2008RUS (big blind) folded on the Flop
Seat 7: 19ecoboy79 folded before Flop (didn't bet)
Seat 8: Guss2101 folded before Flop (didn't bet)
Seat 9: Dorex2007 folded before Flop (didn't bet)



PokerStars Hand #224262010696:  Hold'em No Limit ($0.01/$0.02 USD) - 2021/02/26 22:34:28 PT [2021/02/27 1:34:28 ET]
Table 'Klare' 9-max Seat #5 is the button
Seat 1: McFly_288 ($4.57 in chips) 
Seat 2: EnglandBaby4 ($2 in chips) 
Seat 3: TornadeoJim ($3.08 in chips) 
Seat 4: tm-online ($0.70 in chips) 
Seat 5: dmkallahbee ($2.49 in chips) 
Seat 6: DOREN2008RUS ($1.67 in chips) 
Seat 7: 19ecoboy79 ($1.10 in chips) 
Seat 8: Guss2101 ($2 in chips) 
Seat 9: Dorex2007 ($1.92 in chips) 
DOREN2008RUS: posts small blind $0.01
19ecoboy79: posts big blind $0.02
*** HOLE CARDS ***
Dealt to Dorex2007 [6c 2d]
Guss2101: folds 
Dorex2007: folds 
Guss2101 leaves the table
McFly_288: calls $0.02
sadner joins the table at seat #8 
EnglandBaby4 has timed out
EnglandBaby4: folds 
TornadeoJim has timed out
TornadeoJim: folds 
tm-online: folds 
dmkallahbee: calls $0.02
DOREN2008RUS: calls $0.01
19ecoboy79: checks 
*** FLOP *** [2s Th 9d]
DOREN2008RUS: checks 
19ecoboy79: checks 
McFly_288: checks 
dmkallahbee: bets $0.04
DOREN2008RUS: calls $0.04
19ecoboy79: folds 
McFly_288: calls $0.04
*** TURN *** [2s Th 9d] [2c]
DOREN2008RUS: checks 
McFly_288: checks 
dmkallahbee: bets $0.06
DOREN2008RUS: folds 
McFly_288: calls $0.06
*** RIVER *** [2s Th 9d 2c] [Qs]
McFly_288: checks 
dmkallahbee: bets $0.08
McFly_288: calls $0.08
*** SHOW DOWN ***
dmkallahbee: shows [8d Td] (two pair, Tens and Deuces)
McFly_288: shows [Qh Kc] (two pair, Queens and Deuces)
McFly_288 collected $0.46 from pot
*** SUMMARY ***
Total pot $0.48 | Rake $0.02 
Board [2s Th 9d 2c Qs]
Seat 1: McFly_288 showed [Qh Kc] and won ($0.46) with two pair, Queens and Deuces
Seat 2: EnglandBaby4 folded before Flop (didn't bet)
Seat 3: TornadeoJim folded before Flop (didn't bet)
Seat 4: tm-online folded before Flop (didn't bet)
Seat 5: dmkallahbee (button) showed [8d Td] and lost with two pair, Tens and Deuces
Seat 6: DOREN2008RUS (small blind) folded on the Turn
Seat 7: 19ecoboy79 (big blind) folded on the Flop
Seat 8: Guss2101 folded before Flop (didn't bet)
Seat 9: Dorex2007 folded before Flop (didn't bet)



PokerStars Hand #224262034220:  Hold'em No Limit ($0.01/$0.02 USD) - 2021/02/26 22:36:12 PT [2021/02/27 1:36:12 ET]
Table 'Klare' 9-max Seat #6 is the button
Seat 1: McFly_288 ($4.83 in chips) 
Seat 2: EnglandBaby4 ($2 in chips) 
Seat 3: TornadeoJim ($3.08 in chips) 
Seat 4: tm-online ($0.70 in chips) 
Seat 5: dmkallahbee ($2.29 in chips) 
Seat 6: DOREN2008RUS ($1.61 in chips) 
Seat 7: 19ecoboy79 ($1.08 in chips) 
Seat 8: sadner ($2 in chips) 
Seat 9: Dorex2007 ($1.92 in chips) 
19ecoboy79: posts small blind $0.01
sadner: posts big blind $0.02
*** HOLE CARDS ***
Dealt to Dorex2007 [As 4s]
Dorex2007: folds 
McFly_288: calls $0.02
EnglandBaby4: raises $0.06 to $0.08
TornadeoJim: folds 
tm-online: folds 
dmkallahbee: folds 
DOREN2008RUS: calls $0.08
19ecoboy79: folds 
sadner: folds 
McFly_288: folds 
*** FLOP *** [4d 5c Kc]
EnglandBaby4: checks 
DOREN2008RUS: checks 
*** TURN *** [4d 5c Kc] [9h]
EnglandBaby4: checks 
DOREN2008RUS: checks 
*** RIVER *** [4d 5c Kc 9h] [Qd]
EnglandBaby4: bets $0.07
DOREN2008RUS: folds 
Uncalled bet ($0.07) returned to EnglandBaby4
EnglandBaby4 collected $0.20 from pot
EnglandBaby4: doesn't show hand 
*** SUMMARY ***
Total pot $0.21 | Rake $0.01 
Board [4d 5c Kc 9h Qd]
Seat 1: McFly_288 folded before Flop
Seat 2: EnglandBaby4 collected ($0.20)
Seat 3: TornadeoJim folded before Flop (didn't bet)
Seat 4: tm-online folded before Flop (didn't bet)
Seat 5: dmkallahbee folded before Flop (didn't bet)
Seat 6: DOREN2008RUS (button) folded on the River
Seat 7: 19ecoboy79 (small blind) folded before Flop
Seat 8: sadner (big blind) folded before Flop
Seat 9: Dorex2007 folded before Flop (didn't bet)



PokerStars Hand #224262047603:  Hold'em No Limit ($0.01/$0.02 USD) - 2021/02/26 22:37:10 PT [2021/02/27 1:37:10 ET]
Table 'Klare' 9-max Seat #7 is the button
Seat 1: McFly_288 ($4.81 in chips) 
Seat 2: EnglandBaby4 ($2.12 in chips) 
Seat 3: TornadeoJim ($3.08 in chips) 
Seat 4: tm-online ($0.70 in chips) 
Seat 5: dmkallahbee ($2.29 in chips) 
Seat 6: DOREN2008RUS ($1.53 in chips) 
Seat 7: 19ecoboy79 ($1.07 in chips) 
Seat 8: sadner ($2 in chips) 
Seat 9: Dorex2007 ($1.92 in chips) 
sadner: posts small blind $0.01
Dorex2007: posts big blind $0.02
*** HOLE CARDS ***
Dealt to Dorex2007 [8c Qc]
McFly_288: calls $0.02
EnglandBaby4: raises $0.06 to $0.08
TornadeoJim: folds 
tm-online: folds 
dmkallahbee: calls $0.08
DOREN2008RUS: calls $0.08
19ecoboy79: folds 
sadner: folds 
Dorex2007: folds 
McFly_288: raises $4.73 to $4.81 and is all-in
EnglandBaby4: calls $2.04 and is all-in
dmkallahbee: folds 
DOREN2008RUS: folds 
Uncalled bet ($2.69) returned to McFly_288
*** FLOP *** [Jc 4d 3s]
*** TURN *** [Jc 4d 3s] [Js]
*** RIVER *** [Jc 4d 3s Js] [Qs]
*** SHOW DOWN ***
McFly_288: shows [Ac Kh] (a pair of Jacks)
EnglandBaby4: shows [Jh Jd] (four of a kind, Jacks)
EnglandBaby4 collected $4.27 from pot
*** SUMMARY ***
Total pot $4.43 | Rake $0.16 
Board [Jc 4d 3s Js Qs]
Seat 1: McFly_288 showed [Ac Kh] and lost with a pair of Jacks
Seat 2: EnglandBaby4 showed [Jh Jd] and won ($4.27) with four of a kind, Jacks
Seat 3: TornadeoJim folded before Flop (didn't bet)
Seat 4: tm-online folded before Flop (didn't bet)
Seat 5: dmkallahbee folded before Flop
Seat 6: DOREN2008RUS folded before Flop
Seat 7: 19ecoboy79 (button) folded before Flop (didn't bet)
Seat 8: sadner (small blind) folded before Flop
Seat 9: Dorex2007 (big blind) folded before Flop



PokerStars Hand #224262058393:  Hold'em No Limit ($0.01/$0.02 USD) - 2021/02/26 22:37:57 PT [2021/02/27 1:37:57 ET]
Table 'Klare' 9-max Seat #8 is the button
Seat 1: McFly_288 ($2.69 in chips) 
Seat 2: EnglandBaby4 ($4.27 in chips) 
Seat 3: TornadeoJim ($3.08 in chips) 
Seat 4: tm-online ($0.70 in chips) 
Seat 5: dmkallahbee ($2.21 in chips) 
Seat 6: DOREN2008RUS ($1.45 in chips) 
Seat 7: 19ecoboy79 ($1.07 in chips) 
Seat 8: sadner ($2 in chips) 
Seat 9: Dorex2007 ($1.90 in chips) 
Dorex2007: posts small blind $0.01
McFly_288: posts big blind $0.02
*** HOLE CARDS ***
Dealt to Dorex2007 [Ac Jd]
EnglandBaby4: folds 
TornadeoJim: folds 
tm-online: folds 
dmkallahbee: calls $0.02
DOREN2008RUS: calls $0.02
19ecoboy79: folds 
sadner: raises $0.08 to $0.10
Dorex2007: folds 
McFly_288: folds 
dmkallahbee: calls $0.08
DOREN2008RUS: folds 
*** FLOP *** [5d 4h 7c]
dmkallahbee: checks 
sadner: checks 
*** TURN *** [5d 4h 7c] [8h]
dmkallahbee: checks 
sadner: checks 
*** RIVER *** [5d 4h 7c 8h] [7h]
dmkallahbee: checks 
sadner: checks 
*** SHOW DOWN ***
dmkallahbee: shows [Td 9d] (a pair of Sevens)
sadner: shows [As Ks] (a pair of Sevens - Ace kicker)
sadner collected $0.24 from pot
*** SUMMARY ***
Total pot $0.25 | Rake $0.01 
Board [5d 4h 7c 8h 7h]
Seat 1: McFly_288 (big blind) folded before Flop
Seat 2: EnglandBaby4 folded before Flop (didn't bet)
Seat 3: TornadeoJim folded before Flop (didn't bet)
Seat 4: tm-online folded before Flop (didn't bet)
Seat 5: dmkallahbee showed [Td 9d] and lost with a pair of Sevens
Seat 6: DOREN2008RUS folded before Flop
Seat 7: 19ecoboy79 folded before Flop (didn't bet)
Seat 8: sadner (button) showed [As Ks] and won ($0.24) with a pair of Sevens
Seat 9: Dorex2007 (small blind) folded before Flop



PokerStars Hand #224262073015:  Hold'em No Limit ($0.01/$0.02 USD) - 2021/02/26 22:39:01 PT [2021/02/27 1:39:01 ET]
Table 'Klare' 9-max Seat #9 is the button
Seat 1: McFly_288 ($2.67 in chips) 
Seat 2: EnglandBaby4 ($4.27 in chips) 
Seat 3: TornadeoJim ($3.08 in chips) 
Seat 4: tm-online ($0.70 in chips) 
Seat 5: dmkallahbee ($2.11 in chips) 
Seat 6: DOREN2008RUS ($1.43 in chips) 
Seat 7: 19ecoboy79 ($1.07 in chips) 
Seat 8: sadner ($2.14 in chips) 
Seat 9: Dorex2007 ($1.89 in chips) 
McFly_288: posts small blind $0.01
EnglandBaby4: posts big blind $0.02
*** HOLE CARDS ***
Dealt to Dorex2007 [Js Qc]
TornadeoJim: folds 
tm-online: folds 
dmkallahbee: calls $0.02
DOREN2008RUS: calls $0.02
19ecoboy79: folds 
sadner: folds 
Dorex2007: raises $0.06 to $0.08
McFly_288: folds 
EnglandBaby4: folds 
dmkallahbee: calls $0.06
DOREN2008RUS: calls $0.06
*** FLOP *** [Qd 9h Jd]
dmkallahbee: checks 
DOREN2008RUS: checks 
Dorex2007: checks 
*** TURN *** [Qd 9h Jd] [2c]
dmkallahbee: bets $0.02
DOREN2008RUS: calls $0.02
Dorex2007: calls $0.02
*** RIVER *** [Qd 9h Jd 2c] [As]
dmkallahbee: checks 
DOREN2008RUS: checks 
Dorex2007: checks 
*** SHOW DOWN ***
dmkallahbee: shows [7h 9d] (a pair of Nines)
DOREN2008RUS: mucks hand 
Dorex2007: shows [Js Qc] (two pair, Queens and Jacks)
Dorex2007 collected $0.32 from pot
*** SUMMARY ***
Total pot $0.33 | Rake $0.01 
Board [Qd 9h Jd 2c As]
Seat 1: McFly_288 (small blind) folded before Flop
Seat 2: EnglandBaby4 (big blind) folded before Flop
Seat 3: TornadeoJim folded before Flop (didn't bet)
Seat 4: tm-online folded before Flop (didn't bet)
Seat 5: dmkallahbee showed [7h 9d] and lost with a pair of Nines
Seat 6: DOREN2008RUS mucked [4d 2s]
Seat 7: 19ecoboy79 folded before Flop (didn't bet)
Seat 8: sadner folded before Flop (didn't bet)
Seat 9: Dorex2007 (button) showed [Js Qc] and won ($0.32) with two pair, Queens and Jacks



PokerStars Hand #224262092821:  Hold'em No Limit ($0.01/$0.02 USD) - 2021/02/26 22:40:27 PT [2021/02/27 1:40:27 ET]
Table 'Klare' 9-max Seat #1 is the button
Seat 1: McFly_288 ($2.66 in chips) 
Seat 2: EnglandBaby4 ($4.25 in chips) 
Seat 3: TornadeoJim ($3.08 in chips) 
Seat 4: tm-online ($0.70 in chips) 
Seat 5: dmkallahbee ($2.01 in chips) 
Seat 6: DOREN2008RUS ($1.33 in chips) 
Seat 7: 19ecoboy79 ($1.07 in chips) 
Seat 8: sadner ($2.14 in chips) 
Seat 9: Dorex2007 ($2.11 in chips) 
EnglandBaby4: posts small blind $0.01
TornadeoJim: posts big blind $0.02
*** HOLE CARDS ***
Dealt to Dorex2007 [5h Kd]
tm-online: folds 
dmkallahbee: folds 
DOREN2008RUS: calls $0.02
19ecoboy79: folds 
sadner: folds 
Dorex2007: folds 
McFly_288: calls $0.02
EnglandBaby4: calls $0.01
TornadeoJim: checks 
*** FLOP *** [Th Ks 4d]
EnglandBaby4: checks 
TornadeoJim: bets $0.20
DOREN2008RUS: folds 
McFly_288: folds 
EnglandBaby4: calls $0.20
*** TURN *** [Th Ks 4d] [Jh]
EnglandBaby4: checks 
TornadeoJim: bets $0.58
EnglandBaby4: calls $0.58
*** RIVER *** [Th Ks 4d Jh] [Jc]
EnglandBaby4: checks 
TornadeoJim: bets $0.66
EnglandBaby4: calls $0.66
*** SHOW DOWN ***
TornadeoJim: shows [Tc Td] (a full house, Tens full of Jacks)
EnglandBaby4: mucks hand 
TornadeoJim collected $2.86 from pot
*** SUMMARY ***
Total pot $2.96 | Rake $0.10 
Board [Th Ks 4d Jh Jc]
Seat 1: McFly_288 (button) folded on the Flop
Seat 2: EnglandBaby4 (small blind) mucked [Kh Qc]
Seat 3: TornadeoJim (big blind) showed [Tc Td] and won ($2.86) with a full house, Tens full of Jacks
Seat 4: tm-online folded before Flop (didn't bet)
Seat 5: dmkallahbee folded before Flop (didn't bet)
Seat 6: DOREN2008RUS folded on the Flop
Seat 7: 19ecoboy79 folded before Flop (didn't bet)
Seat 8: sadner folded before Flop (didn't bet)
Seat 9: Dorex2007 folded before Flop (didn't bet)



PokerStars Hand #224262115744:  Hold'em No Limit ($0.01/$0.02 USD) - 2021/02/26 22:41:57 PT [2021/02/27 1:41:57 ET]
Table 'Klare' 9-max Seat #2 is the button
Seat 1: McFly_288 ($2.64 in chips) 
Seat 2: EnglandBaby4 ($2.79 in chips) 
Seat 3: TornadeoJim ($4.48 in chips) 
Seat 4: tm-online ($0.70 in chips) 
Seat 5: dmkallahbee ($2.01 in chips) 
Seat 6: DOREN2008RUS ($1.31 in chips) 
Seat 7: 19ecoboy79 ($1.07 in chips) 
Seat 8: sadner ($2.14 in chips) 
Seat 9: Dorex2007 ($2.11 in chips) 
TornadeoJim: posts small blind $0.01
tm-online: posts big blind $0.02
*** HOLE CARDS ***
Dealt to Dorex2007 [Th Kd]
dmkallahbee: calls $0.02
DOREN2008RUS: calls $0.02
19ecoboy79: folds 
sadner: raises $0.06 to $0.08
Dorex2007: folds 
McFly_288: folds 
EnglandBaby4: folds 
TornadeoJim: folds 
tm-online: folds 
dmkallahbee: calls $0.06
DOREN2008RUS: calls $0.06
*** FLOP *** [Kh Js Jc]
dmkallahbee: checks 
DOREN2008RUS: checks 
sadner: checks 
*** TURN *** [Kh Js Jc] [4s]
dmkallahbee: checks 
DOREN2008RUS: checks 
sadner: bets $0.17
dmkallahbee: folds 
DOREN2008RUS: folds 
Uncalled bet ($0.17) returned to sadner
sadner collected $0.26 from pot
sadner: doesn't show hand 
*** SUMMARY ***
Total pot $0.27 | Rake $0.01 
Board [Kh Js Jc 4s]
Seat 1: McFly_288 folded before Flop (didn't bet)
Seat 2: EnglandBaby4 (button) folded before Flop (didn't bet)
Seat 3: TornadeoJim (small blind) folded before Flop
Seat 4: tm-online (big blind) folded before Flop
Seat 5: dmkallahbee folded on the Turn
Seat 6: DOREN2008RUS folded on the Turn
Seat 7: 19ecoboy79 folded before Flop (didn't bet)
Seat 8: sadner collected ($0.26)
Seat 9: Dorex2007 folded before Flop (didn't bet)



PokerStars Hand #224262128733:  Hold'em No Limit ($0.01/$0.02 USD) - 2021/02/26 22:42:53 PT [2021/02/27 1:42:53 ET]
Table 'Klare' 9-max Seat #3 is the button
Seat 1: McFly_288 ($2.64 in chips) 
Seat 2: EnglandBaby4 ($2.79 in chips) 
Seat 3: TornadeoJim ($4.47 in chips) 
Seat 4: tm-online ($0.68 in chips) 
Seat 5: dmkallahbee ($1.93 in chips) 
Seat 6: DOREN2008RUS ($1.23 in chips) 
Seat 7: 19ecoboy79 ($1.07 in chips) 
Seat 8: sadner ($2.32 in chips) 
Seat 9: Dorex2007 ($2.11 in chips) 
tm-online: posts small blind $0.01
dmkallahbee: posts big blind $0.02
*** HOLE CARDS ***
Dealt to Dorex2007 [Ts Kh]
DOREN2008RUS: calls $0.02
19ecoboy79: folds 
sadner: folds 
Dorex2007: raises $0.04 to $0.06
McFly_288: calls $0.06
EnglandBaby4: calls $0.06
TornadeoJim: folds 
tm-online: folds 
dmkallahbee: calls $0.04
DOREN2008RUS: calls $0.04
*** FLOP *** [5c 9s 4d]
dmkallahbee: checks 
DOREN2008RUS: checks 
Dorex2007: bets $0.06
McFly_288: folds 
EnglandBaby4: raises $0.12 to $0.18
dmkallahbee: folds 
DOREN2008RUS: folds 
Dorex2007: folds 
Uncalled bet ($0.12) returned to EnglandBaby4
EnglandBaby4 collected $0.41 from pot
EnglandBaby4: doesn't show hand 
*** SUMMARY ***
Total pot $0.43 | Rake $0.02 
Board [5c 9s 4d]
Seat 1: McFly_288 folded on the Flop
Seat 2: EnglandBaby4 collected ($0.41)
Seat 3: TornadeoJim (button) folded before Flop (didn't bet)
Seat 4: tm-online (small blind) folded before Flop
Seat 5: dmkallahbee (big blind) folded on the Flop
Seat 6: DOREN2008RUS folded on the Flop
Seat 7: 19ecoboy79 folded before Flop (didn't bet)
Seat 8: sadner folded before Flop (didn't bet)
Seat 9: Dorex2007 folded on the Flop



PokerStars Hand #224262142071:  Hold'em No Limit ($0.01/$0.02 USD) - 2021/02/26 22:43:52 PT [2021/02/27 1:43:52 ET]
Table 'Klare' 9-max Seat #4 is the button
Seat 1: McFly_288 ($2.58 in chips) 
Seat 2: EnglandBaby4 ($3.08 in chips) 
Seat 3: TornadeoJim ($4.47 in chips) 
Seat 4: tm-online ($0.67 in chips) 
Seat 5: dmkallahbee ($1.87 in chips) 
Seat 6: DOREN2008RUS ($1.17 in chips) 
Seat 7: 19ecoboy79 ($1.07 in chips) 
Seat 8: sadner ($2.32 in chips) 
Seat 9: Dorex2007 ($1.99 in chips) 
dmkallahbee: posts small blind $0.01
DOREN2008RUS: posts big blind $0.02
*** HOLE CARDS ***
Dealt to Dorex2007 [3c Js]
19ecoboy79: folds 
sadner: folds 
Dorex2007: folds 
McFly_288: folds 
EnglandBaby4: folds 
TornadeoJim: folds 
tm-online: folds 
dmkallahbee: calls $0.01
DOREN2008RUS: checks 
*** FLOP *** [Kc 7h As]
dmkallahbee: checks 
DOREN2008RUS: checks 
*** TURN *** [Kc 7h As] [Ac]
dmkallahbee: checks 
DOREN2008RUS: checks 
*** RIVER *** [Kc 7h As Ac] [7s]
dmkallahbee: checks 
DOREN2008RUS: bets $0.02
dmkallahbee: calls $0.02
*** SHOW DOWN ***
DOREN2008RUS: shows [3d 7c] (a full house, Sevens full of Aces)
dmkallahbee: mucks hand 
DOREN2008RUS collected $0.08 from pot
*** SUMMARY ***
Total pot $0.08 | Rake $0 
Board [Kc 7h As Ac 7s]
Seat 1: McFly_288 folded before Flop (didn't bet)
Seat 2: EnglandBaby4 folded before Flop (didn't bet)
Seat 3: TornadeoJim folded before Flop (didn't bet)
Seat 4: tm-online (button) folded before Flop (didn't bet)
Seat 5: dmkallahbee (small blind) mucked [2s 6c]
Seat 6: DOREN2008RUS (big blind) showed [3d 7c] and won ($0.08) with a full house, Sevens full of Aces
Seat 7: 19ecoboy79 folded before Flop (didn't bet)
Seat 8: sadner folded before Flop (didn't bet)
Seat 9: Dorex2007 folded before Flop (didn't bet)



PokerStars Hand #224262150320:  Hold'em No Limit ($0.01/$0.02 USD) - 2021/02/26 22:44:28 PT [2021/02/27 1:44:28 ET]
Table 'Klare' 9-max Seat #5 is the button
Seat 1: McFly_288 ($2.58 in chips) 
Seat 2: EnglandBaby4 ($3.08 in chips) 
Seat 3: TornadeoJim ($4.47 in chips) 
Seat 4: tm-online ($0.67 in chips) 
Seat 5: dmkallahbee ($1.83 in chips) 
Seat 6: DOREN2008RUS ($1.21 in chips) 
Seat 8: sadner ($2.32 in chips) 
Seat 9: Dorex2007 ($1.99 in chips) 
DOREN2008RUS: posts small blind $0.01
19ecoboy79: is sitting out 
sadner: posts big blind $0.02
*** HOLE CARDS ***
Dealt to Dorex2007 [Ac 2d]
Dorex2007: folds 
McFly_288: calls $0.02
EnglandBaby4: folds 
TornadeoJim: folds 
tm-online: folds 
dmkallahbee: raises $1.81 to $1.83 and is all-in
DOREN2008RUS: folds 
sadner: folds 
McFly_288: folds 
Uncalled bet ($1.81) returned to dmkallahbee
dmkallahbee collected $0.07 from pot
dmkallahbee: doesn't show hand 
*** SUMMARY ***
Total pot $0.07 | Rake $0 
Seat 1: McFly_288 folded before Flop
Seat 2: EnglandBaby4 folded before Flop (didn't bet)
Seat 3: TornadeoJim folded before Flop (didn't bet)
Seat 4: tm-online folded before Flop (didn't bet)
Seat 5: dmkallahbee (button) collected ($0.07)
Seat 6: DOREN2008RUS (small blind) folded before Flop
Seat 8: sadner (big blind) folded before Flop
Seat 9: Dorex2007 folded before Flop (didn't bet)



PokerStars Hand #224262158386:  Hold'em No Limit ($0.01/$0.02 USD) - 2021/02/26 22:45:02 PT [2021/02/27 1:45:02 ET]
Table 'Klare' 9-max Seat #6 is the button
Seat 1: McFly_288 ($2.56 in chips) 
Seat 2: EnglandBaby4 ($3.08 in chips) 
Seat 3: TornadeoJim ($4.47 in chips) 
Seat 4: tm-online ($0.67 in chips) 
Seat 5: dmkallahbee ($1.88 in chips) 
Seat 6: DOREN2008RUS ($1.20 in chips) 
Seat 8: sadner ($2.30 in chips) 
Seat 9: Dorex2007 ($1.99 in chips) 
sadner: posts small blind $0.01
Dorex2007: posts big blind $0.02
*** HOLE CARDS ***
Dealt to Dorex2007 [Jc 9c]
McFly_288: calls $0.02
EnglandBaby4: folds 
TornadeoJim: folds 
tm-online: folds 
dmkallahbee: calls $0.02
DOREN2008RUS: calls $0.02
sadner: folds 
Dorex2007: checks 
*** FLOP *** [Td 3c 4c]
Dorex2007: bets $0.05
McFly_288: calls $0.05
dmkallahbee: calls $0.05
DOREN2008RUS: folds 
*** TURN *** [Td 3c 4c] [3d]
Dorex2007: bets $0.12
McFly_288: calls $0.12
dmkallahbee: calls $0.12
*** RIVER *** [Td 3c 4c 3d] [7s]
Dorex2007: checks 
McFly_288: bets $0.08
dmkallahbee: raises $1.61 to $1.69 and is all-in
Dorex2007: folds 
McFly_288: folds 
Uncalled bet ($1.61) returned to dmkallahbee
dmkallahbee collected $0.73 from pot
dmkallahbee: doesn't show hand 
*** SUMMARY ***
Total pot $0.76 | Rake $0.03 
Board [Td 3c 4c 3d 7s]
Seat 1: McFly_288 folded on the River
Seat 2: EnglandBaby4 folded before Flop (didn't bet)
Seat 3: TornadeoJim folded before Flop (didn't bet)
Seat 4: tm-online folded before Flop (didn't bet)
Seat 5: dmkallahbee collected ($0.73)
Seat 6: DOREN2008RUS (button) folded on the Flop
Seat 8: sadner (small blind) folded before Flop
Seat 9: Dorex2007 (big blind) folded on the River



PokerStars Hand #224262173667:  Hold'em No Limit ($0.01/$0.02 USD) - 2021/02/26 22:46:09 PT [2021/02/27 1:46:09 ET]
Table 'Klare' 9-max Seat #8 is the button
Seat 1: McFly_288 ($2.29 in chips) 
Seat 2: EnglandBaby4 ($3.08 in chips) 
Seat 3: TornadeoJim ($4.47 in chips) 
Seat 4: tm-online ($0.67 in chips) 
Seat 5: dmkallahbee ($2.34 in chips) 
Seat 6: DOREN2008RUS ($1.18 in chips) 
Seat 8: sadner ($2.29 in chips) 
Seat 9: Dorex2007 ($1.80 in chips) 
Dorex2007: posts small blind $0.01
McFly_288: posts big blind $0.02
*** HOLE CARDS ***
Dealt to Dorex2007 [Ad 9h]
EnglandBaby4: raises $0.04 to $0.06
TornadeoJim: folds 
tm-online: folds 
dmkallahbee: raises $2.28 to $2.34 and is all-in
DOREN2008RUS: calls $1.18 and is all-in
sadner: folds 
Dorex2007: folds 
McFly_288: folds 
EnglandBaby4: folds 
Uncalled bet ($1.16) returned to dmkallahbee
*** FLOP *** [5h 7h 3h]
*** TURN *** [5h 7h 3h] [Kd]
*** RIVER *** [5h 7h 3h Kd] [5d]
*** SHOW DOWN ***
dmkallahbee: shows [Kc Js] (two pair, Kings and Fives)
DOREN2008RUS: shows [3s 2h] (two pair, Fives and Threes)
dmkallahbee collected $2.36 from pot
*** SUMMARY ***
Total pot $2.45 | Rake $0.09 
Board [5h 7h 3h Kd 5d]
Seat 1: McFly_288 (big blind) folded before Flop
Seat 2: EnglandBaby4 folded before Flop
Seat 3: TornadeoJim folded before Flop (didn't bet)
Seat 4: tm-online folded before Flop (didn't bet)
Seat 5: dmkallahbee showed [Kc Js] and won ($2.36) with two pair, Kings and Fives
Seat 6: DOREN2008RUS showed [3s 2h] and lost with two pair, Fives and Threes
Seat 8: sadner (button) folded before Flop (didn't bet)
Seat 9: Dorex2007 (small blind) folded before Flop



PokerStars Hand #224262181848:  Hold'em No Limit ($0.01/$0.02 USD) - 2021/02/26 22:46:44 PT [2021/02/27 1:46:44 ET]
Table 'Klare' 9-max Seat #9 is the button
Seat 1: McFly_288 ($2.27 in chips) 
Seat 2: EnglandBaby4 ($3.02 in chips) 
Seat 3: TornadeoJim ($4.47 in chips) 
Seat 4: tm-online ($0.67 in chips) 
Seat 5: dmkallahbee ($3.52 in chips) 
Seat 8: sadner ($2.29 in chips) 
Seat 9: Dorex2007 ($1.79 in chips) 
McFly_288: posts small blind $0.01
EnglandBaby4: posts big blind $0.02
*** HOLE CARDS ***
Dealt to Dorex2007 [Ad 7h]
TornadeoJim: folds 
tm-online: folds 
dmkallahbee: calls $0.02
sadner: raises $0.06 to $0.08
Dorex2007: folds 
McFly_288: folds 
EnglandBaby4: calls $0.06
dmkallahbee: calls $0.06
*** FLOP *** [Js Jc 4h]
EnglandBaby4: checks 
dmkallahbee: checks 
sadner: checks 
*** TURN *** [Js Jc 4h] [8d]
EnglandBaby4: checks 
dmkallahbee: checks 
sadner: checks 
*** RIVER *** [Js Jc 4h 8d] [Qh]
EnglandBaby4: bets $0.12
dmkallahbee: folds 
sadner: calls $0.12
*** SHOW DOWN ***
EnglandBaby4: shows [Jh Ks] (three of a kind, Jacks)
sadner: mucks hand 
EnglandBaby4 collected $0.47 from pot
*** SUMMARY ***
Total pot $0.49 | Rake $0.02 
Board [Js Jc 4h 8d Qh]
Seat 1: McFly_288 (small blind) folded before Flop
Seat 2: EnglandBaby4 (big blind) showed [Jh Ks] and won ($0.47) with three of a kind, Jacks
Seat 3: TornadeoJim folded before Flop (didn't bet)
Seat 4: tm-online folded before Flop (didn't bet)
Seat 5: dmkallahbee folded on the River
Seat 8: sadner mucked [Qd Kd]
Seat 9: Dorex2007 (button) folded before Flop (didn't bet)



PokerStars Hand #224262199123:  Hold'em No Limit ($0.01/$0.02 USD) - 2021/02/26 22:48:00 PT [2021/02/27 1:48:00 ET]
Table 'Klare' 9-max Seat #1 is the button
Seat 1: McFly_288 ($2.26 in chips) 
Seat 2: EnglandBaby4 ($3.29 in chips) 
Seat 3: TornadeoJim ($4.47 in chips) 
Seat 4: tm-online ($0.67 in chips) 
Seat 5: dmkallahbee ($3.44 in chips) 
Seat 6: DOREN2008RUS ($2 in chips) 
Seat 8: sadner ($2.09 in chips) 
Seat 9: Dorex2007 ($1.79 in chips) 
EnglandBaby4: posts small blind $0.01
TornadeoJim: posts big blind $0.02
*** HOLE CARDS ***
Dealt to Dorex2007 [5s 2d]
tm-online: folds 
dmkallahbee: calls $0.02
DOREN2008RUS: calls $0.02
sadner: folds 
Dorex2007: folds 
McFly_288: calls $0.02
EnglandBaby4: folds 
TornadeoJim: checks 
*** FLOP *** [4h 8s 3s]
TornadeoJim: checks 
dmkallahbee: checks 
DOREN2008RUS: checks 
19ecoboy79 leaves the table
McFly_288: checks 
*** TURN *** [4h 8s 3s] [9s]
TornadeoJim: bets $0.04
dmkallahbee: calls $0.04
DROOPY280791 joins the table at seat #7 
DOREN2008RUS: calls $0.04
McFly_288: folds 
*** RIVER *** [4h 8s 3s 9s] [8c]
TornadeoJim: bets $0.24
dmkallahbee: folds 
DOREN2008RUS: calls $0.24
*** SHOW DOWN ***
TornadeoJim: shows [9c 8d] (a full house, Eights full of Nines)
DOREN2008RUS: mucks hand 
TornadeoJim collected $0.67 from pot
*** SUMMARY ***
Total pot $0.69 | Rake $0.02 
Board [4h 8s 3s 9s 8c]
Seat 1: McFly_288 (button) folded on the Turn
Seat 2: EnglandBaby4 (small blind) folded before Flop
Seat 3: TornadeoJim (big blind) showed [9c 8d] and won ($0.67) with a full house, Eights full of Nines
Seat 4: tm-online folded before Flop (didn't bet)
Seat 5: dmkallahbee folded on the River
Seat 6: DOREN2008RUS mucked [8h 2h]
Seat 8: sadner folded before Flop (didn't bet)
Seat 9: Dorex2007 folded before Flop (didn't bet)



PokerStars Hand #224262217373:  Hold'em No Limit ($0.01/$0.02 USD) - 2021/02/26 22:49:17 PT [2021/02/27 1:49:17 ET]
Table 'Klare' 9-max Seat #2 is the button
Seat 1: McFly_288 ($2.24 in chips) 
Seat 2: EnglandBaby4 ($3.28 in chips) 
Seat 3: TornadeoJim ($4.84 in chips) 
Seat 4: tm-online ($0.67 in chips) 
Seat 5: dmkallahbee ($3.38 in chips) 
Seat 6: DOREN2008RUS ($1.70 in chips) 
Seat 8: sadner ($2.09 in chips) 
Seat 9: Dorex2007 ($1.79 in chips) 
TornadeoJim: posts small blind $0.01
tm-online: posts big blind $0.02
DROOPY280791: sits out 
*** HOLE CARDS ***
Dealt to Dorex2007 [Jh Qs]
dmkallahbee: calls $0.02
DOREN2008RUS: calls $0.02
sadner: folds 
Dorex2007: calls $0.02
McFly_288: calls $0.02
EnglandBaby4: calls $0.02
TornadeoJim: calls $0.01
tm-online: checks 
*** FLOP *** [5s 2s 8d]
TornadeoJim: checks 
tm-online: checks 
dmkallahbee: checks 
DOREN2008RUS: checks 
Dorex2007: checks 
McFly_288: checks 
EnglandBaby4: checks 
*** TURN *** [5s 2s 8d] [2h]
TornadeoJim: checks 
tm-online: checks 
dmkallahbee: checks 
DOREN2008RUS: bets $0.02
Dorex2007: folds 
McFly_288: folds 
EnglandBaby4: calls $0.02
TornadeoJim: folds 
tm-online: calls $0.02
dmkallahbee: folds 
*** RIVER *** [5s 2s 8d 2h] [5d]
tm-online: checks 
DOREN2008RUS: checks 
EnglandBaby4: bets $0.07
tm-online: calls $0.07
DOREN2008RUS: calls $0.07
*** SHOW DOWN ***
EnglandBaby4: shows [4c 8c] (two pair, Eights and Fives)
tm-online: shows [Ad 8h] (two pair, Eights and Fives - Ace kicker)
DOREN2008RUS: shows [Td Th] (two pair, Tens and Fives)
DOREN2008RUS collected $0.40 from pot
*** SUMMARY ***
Total pot $0.41 | Rake $0.01 
Board [5s 2s 8d 2h 5d]
Seat 1: McFly_288 folded on the Turn
Seat 2: EnglandBaby4 (button) showed [4c 8c] and lost with two pair, Eights and Fives
Seat 3: TornadeoJim (small blind) folded on the Turn
Seat 4: tm-online (big blind) showed [Ad 8h] and lost with two pair, Eights and Fives
Seat 5: dmkallahbee folded on the Turn
Seat 6: DOREN2008RUS showed [Td Th] and won ($0.40) with two pair, Tens and Fives
Seat 8: sadner folded before Flop (didn't bet)
Seat 9: Dorex2007 folded on the Turn



PokerStars Hand #224262256756:  Hold'em No Limit ($0.01/$0.02 USD) - 2021/02/26 22:51:43 PT [2021/02/27 1:51:43 ET]
Table 'Klare' 9-max Seat #3 is the button
Seat 1: McFly_288 ($2.22 in chips) 
Seat 2: EnglandBaby4 ($3.17 in chips) 
Seat 3: TornadeoJim ($4.82 in chips) 
Seat 4: tm-online ($0.56 in chips) 
Seat 5: dmkallahbee ($3.36 in chips) 
Seat 6: DOREN2008RUS ($1.99 in chips) 
Seat 8: sadner ($2.09 in chips) 
Seat 9: Dorex2007 ($1.77 in chips) 
tm-online: posts small blind $0.01
dmkallahbee: posts big blind $0.02
DROOPY280791: sits out 
*** HOLE CARDS ***
Dealt to Dorex2007 [Kc 8c]
DOREN2008RUS: calls $0.02
sadner: folds 
Dorex2007: folds 
McFly_288: folds 
EnglandBaby4: folds 
TornadeoJim: folds 
tm-online: folds 
dmkallahbee: checks 
*** FLOP *** [9h Qc Td]
dmkallahbee: checks 
DOREN2008RUS: checks 
*** TURN *** [9h Qc Td] [5c]
dmkallahbee: bets $0.02
DOREN2008RUS: calls $0.02
*** RIVER *** [9h Qc Td 5c] [8h]
dmkallahbee: checks 
DOREN2008RUS: checks 
*** SHOW DOWN ***
dmkallahbee: shows [Th 6s] (a pair of Tens)
DOREN2008RUS: mucks hand 
dmkallahbee collected $0.09 from pot
*** SUMMARY ***
Total pot $0.09 | Rake $0 
Board [9h Qc Td 5c 8h]
Seat 1: McFly_288 folded before Flop (didn't bet)
Seat 2: EnglandBaby4 folded before Flop (didn't bet)
Seat 3: TornadeoJim (button) folded before Flop (didn't bet)
Seat 4: tm-online (small blind) folded before Flop
Seat 5: dmkallahbee (big blind) showed [Th 6s] and won ($0.09) with a pair of Tens
Seat 6: DOREN2008RUS mucked [7c 3d]
Seat 8: sadner folded before Flop (didn't bet)
Seat 9: Dorex2007 folded before Flop (didn't bet)



PokerStars Hand #224262267876:  Hold'em No Limit ($0.01/$0.02 USD) - 2021/02/26 22:52:32 PT [2021/02/27 1:52:32 ET]
Table 'Klare' 9-max Seat #4 is the button
Seat 1: McFly_288 ($2.22 in chips) 
Seat 2: EnglandBaby4 ($3.17 in chips) 
Seat 3: TornadeoJim ($4.82 in chips) 
Seat 4: tm-online ($0.55 in chips) 
Seat 5: dmkallahbee ($3.41 in chips) 
Seat 6: DOREN2008RUS ($1.95 in chips) 
Seat 8: sadner ($2.09 in chips) 
Seat 9: Dorex2007 ($1.77 in chips) 
dmkallahbee: posts small blind $0.01
DOREN2008RUS: posts big blind $0.02
DROOPY280791: sits out 
*** HOLE CARDS ***
Dealt to Dorex2007 [Qs 7h]
sadner: folds 
Dorex2007: folds 
McFly_288: raises $0.04 to $0.06
EnglandBaby4: folds 
TornadeoJim: folds 
tm-online: folds 
dmkallahbee: calls $0.05
DOREN2008RUS: calls $0.04
*** FLOP *** [4c 7c Th]
dmkallahbee: checks 
DOREN2008RUS: checks 
McFly_288: bets $0.10
dmkallahbee: folds 
DOREN2008RUS: calls $0.10
*** TURN *** [4c 7c Th] [Js]
DOREN2008RUS: checks 
McFly_288: checks 
*** RIVER *** [4c 7c Th Js] [8h]
DOREN2008RUS: checks 
McFly_288: checks 
*** SHOW DOWN ***
DOREN2008RUS: shows [Jd 6d] (a pair of Jacks)
McFly_288: mucks hand 
DOREN2008RUS collected $0.37 from pot
*** SUMMARY ***
Total pot $0.38 | Rake $0.01 
Board [4c 7c Th Js 8h]
Seat 1: McFly_288 mucked [Qh Ks]
Seat 2: EnglandBaby4 folded before Flop (didn't bet)
Seat 3: TornadeoJim folded before Flop (didn't bet)
Seat 4: tm-online (button) folded before Flop (didn't bet)
Seat 5: dmkallahbee (small blind) folded on the Flop
Seat 6: DOREN2008RUS (big blind) showed [Jd 6d] and won ($0.37) with a pair of Jacks
Seat 8: sadner folded before Flop (didn't bet)
Seat 9: Dorex2007 folded before Flop (didn't bet)



PokerStars Hand #224262284346:  Hold'em No Limit ($0.01/$0.02 USD) - 2021/02/26 22:53:44 PT [2021/02/27 1:53:44 ET]
Table 'Klare' 9-max Seat #5 is the button
Seat 1: McFly_288 ($2.06 in chips) 
Seat 2: EnglandBaby4 ($3.17 in chips) 
Seat 3: TornadeoJim ($4.82 in chips) 
Seat 4: tm-online ($0.55 in chips) 
Seat 5: dmkallahbee ($3.35 in chips) 
Seat 6: DOREN2008RUS ($2.16 in chips) 
Seat 7: DROOPY280791 ($2 in chips) 
Seat 8: sadner ($2.09 in chips) 
Seat 9: Dorex2007 ($1.77 in chips) 
DOREN2008RUS: posts small blind $0.01
DROOPY280791: posts big blind $0.02
*** HOLE CARDS ***
Dealt to Dorex2007 [Qs Qd]
sadner: folds 
Dorex2007: raises $0.04 to $0.06
McFly_288: folds 
EnglandBaby4: calls $0.06
TornadeoJim: folds 
tm-online: folds 
dmkallahbee: raises $3.29 to $3.35 and is all-in
DOREN2008RUS: folds 
DROOPY280791: folds 
Dorex2007: calls $1.71 and is all-in
EnglandBaby4: folds 
Uncalled bet ($1.58) returned to dmkallahbee
*** FLOP *** [5d 6s 3d]
*** TURN *** [5d 6s 3d] [7h]
*** RIVER *** [5d 6s 3d 7h] [9s]
*** SHOW DOWN ***
Dorex2007: shows [Qs Qd] (a pair of Queens)
dmkallahbee: shows [Ah Jh] (high card Ace)
Dorex2007 collected $3.50 from pot
*** SUMMARY ***
Total pot $3.63 | Rake $0.13 
Board [5d 6s 3d 7h 9s]
Seat 1: McFly_288 folded before Flop (didn't bet)
Seat 2: EnglandBaby4 folded before Flop
Seat 3: TornadeoJim folded before Flop (didn't bet)
Seat 4: tm-online folded before Flop (didn't bet)
Seat 5: dmkallahbee (button) showed [Ah Jh] and lost with high card Ace
Seat 6: DOREN2008RUS (small blind) folded before Flop
Seat 7: DROOPY280791 (big blind) folded before Flop
Seat 8: sadner folded before Flop (didn't bet)
Seat 9: Dorex2007 showed [Qs Qd] and won ($3.50) with a pair of Queens



PokerStars Hand #224262294800:  Hold'em No Limit ($0.01/$0.02 USD) - 2021/02/26 22:54:31 PT [2021/02/27 1:54:31 ET]
Table 'Klare' 9-max Seat #6 is the button
Seat 1: McFly_288 ($2.06 in chips) 
Seat 2: EnglandBaby4 ($3.11 in chips) 
Seat 3: TornadeoJim ($4.82 in chips) 
Seat 4: tm-online ($0.55 in chips) 
Seat 5: dmkallahbee ($1.58 in chips) 
Seat 6: DOREN2008RUS ($2.15 in chips) 
Seat 7: DROOPY280791 ($2 in chips) 
Seat 8: sadner ($2.09 in chips) 
Seat 9: Dorex2007 ($3.50 in chips) 
DROOPY280791: posts small blind $0.01
sadner: posts big blind $0.02
*** HOLE CARDS ***
Dealt to Dorex2007 [9s 8s]
Dorex2007: folds 
McFly_288: folds 
EnglandBaby4 has timed out
EnglandBaby4: folds 
TornadeoJim: folds 
tm-online: folds 
dmkallahbee: calls $0.02
DOREN2008RUS: calls $0.02
DROOPY280791: raises $0.04 to $0.06
sadner: folds 
dmkallahbee: calls $0.04
DOREN2008RUS: calls $0.04
*** FLOP *** [6h 7s Js]
DROOPY280791: bets $0.10
dmkallahbee: calls $0.10
DOREN2008RUS: calls $0.10
*** TURN *** [6h 7s Js] [4s]
DROOPY280791: checks 
dmkallahbee: checks 
DOREN2008RUS: bets $0.02
DROOPY280791: calls $0.02
dmkallahbee: calls $0.02
*** RIVER *** [6h 7s Js 4s] [As]
DROOPY280791: checks 
dmkallahbee: checks 
DOREN2008RUS: checks 
*** SHOW DOWN ***
DROOPY280791: shows [Tc Th] (a pair of Tens)
dmkallahbee: mucks hand 
DOREN2008RUS: shows [2s 5s] (a flush, Ace high)
DOREN2008RUS collected $0.54 from pot
*** SUMMARY ***
Total pot $0.56 | Rake $0.02 
Board [6h 7s Js 4s As]
Seat 1: McFly_288 folded before Flop (didn't bet)
Seat 2: EnglandBaby4 folded before Flop (didn't bet)
Seat 3: TornadeoJim folded before Flop (didn't bet)
Seat 4: tm-online folded before Flop (didn't bet)
Seat 5: dmkallahbee mucked [9c 8d]
Seat 6: DOREN2008RUS (button) showed [2s 5s] and won ($0.54) with a flush, Ace high
Seat 7: DROOPY280791 (small blind) showed [Tc Th] and lost with a pair of Tens
Seat 8: sadner (big blind) folded before Flop
Seat 9: Dorex2007 folded before Flop (didn't bet)



PokerStars Hand #224262312124:  Hold'em No Limit ($0.01/$0.02 USD) - 2021/02/26 22:55:55 PT [2021/02/27 1:55:55 ET]
Table 'Klare' 9-max Seat #7 is the button
Seat 1: McFly_288 ($2.06 in chips) 
Seat 2: EnglandBaby4 ($3.11 in chips) 
Seat 3: TornadeoJim ($4.82 in chips) 
Seat 4: tm-online ($0.55 in chips) 
Seat 5: dmkallahbee ($1.40 in chips) 
Seat 6: DOREN2008RUS ($2.51 in chips) 
Seat 7: DROOPY280791 ($2 in chips) 
Seat 8: sadner ($2.07 in chips) 
Seat 9: Dorex2007 ($3.50 in chips) 
sadner: posts small blind $0.01
Dorex2007: posts big blind $0.02
*** HOLE CARDS ***
Dealt to Dorex2007 [Jd Qc]
McFly_288: folds 
EnglandBaby4: raises $0.04 to $0.06
TornadeoJim: folds 
tm-online: folds 
dmkallahbee: calls $0.06
DOREN2008RUS: calls $0.06
DROOPY280791: folds 
sadner: folds 
Dorex2007: calls $0.04
*** FLOP *** [5d 3c 5s]
Dorex2007: checks 
EnglandBaby4: checks 
dmkallahbee: checks 
DOREN2008RUS: checks 
*** TURN *** [5d 3c 5s] [9h]
Dorex2007: checks 
EnglandBaby4: bets $0.12
dmkallahbee: raises $1.22 to $1.34 and is all-in
DOREN2008RUS: folds 
Dorex2007: folds 
EnglandBaby4: calls $1.22
*** RIVER *** [5d 3c 5s 9h] [Ah]
*** SHOW DOWN ***
EnglandBaby4: shows [3s 9s] (two pair, Nines and Fives)
dmkallahbee: shows [Kc 9d] (two pair, Nines and Fives)
EnglandBaby4 collected $1.42 from pot
dmkallahbee collected $1.41 from pot
*** SUMMARY ***
Total pot $2.93 | Rake $0.10 
Board [5d 3c 5s 9h Ah]
Seat 1: McFly_288 folded before Flop (didn't bet)
Seat 2: EnglandBaby4 showed [3s 9s] and won ($1.42) with two pair, Nines and Fives
Seat 3: TornadeoJim folded before Flop (didn't bet)
Seat 4: tm-online folded before Flop (didn't bet)
Seat 5: dmkallahbee showed [Kc 9d] and won ($1.41) with two pair, Nines and Fives
Seat 6: DOREN2008RUS folded on the Turn
Seat 7: DROOPY280791 (button) folded before Flop (didn't bet)
Seat 8: sadner (small blind) folded before Flop
Seat 9: Dorex2007 (big blind) folded on the Turn



PokerStars Hand #224262405893:  Hold'em No Limit ($0.01/$0.02 USD) - 2021/02/26 23:03:19 PT [2021/02/27 2:03:19 ET]
Table 'Klare' 9-max Seat #1 is the button
Seat 1: baligo666 ($1.97 in chips) 
Seat 2: EnglandBaby4 ($3.09 in chips) 
Seat 3: TornadeoJim ($4.57 in chips) 
Seat 5: dmkallahbee ($1.53 in chips) 
Seat 6: DOREN2008RUS ($1.10 in chips) 
Seat 7: DROOPY280791 ($3.72 in chips) 
Seat 8: sadner ($2 in chips) 
Seat 9: Dorex2007 ($3.44 in chips) 
EnglandBaby4: posts small blind $0.01
TornadeoJim: posts big blind $0.02
shuhrat19744: sits out 
Dorex2007: posts small & big blinds $0.03
*** HOLE CARDS ***
Dealt to Dorex2007 [2d 7d]
dmkallahbee: calls $0.02
DOREN2008RUS: calls $0.02
DROOPY280791: folds 
sadner: folds 
Dorex2007: checks 
baligo666: folds 
EnglandBaby4: calls $0.01
TornadeoJim: checks 
*** FLOP *** [7h 8s 2c]
EnglandBaby4: checks 
TornadeoJim: checks 
dmkallahbee: checks 
DOREN2008RUS: checks 
Dorex2007: bets $0.06
EnglandBaby4: folds 
TornadeoJim: folds 
dmkallahbee: folds 
DOREN2008RUS: calls $0.06
*** TURN *** [7h 8s 2c] [7s]
DOREN2008RUS: checks 
Dorex2007: checks 
*** RIVER *** [7h 8s 2c 7s] [3s]
DOREN2008RUS: checks 
Dorex2007: bets $0.11
DOREN2008RUS: folds 
Uncalled bet ($0.11) returned to Dorex2007
Dorex2007 collected $0.22 from pot
Dorex2007: doesn't show hand 
*** SUMMARY ***
Total pot $0.23 | Rake $0.01 
Board [7h 8s 2c 7s 3s]
Seat 1: baligo666 (button) folded before Flop (didn't bet)
Seat 2: EnglandBaby4 (small blind) folded on the Flop
Seat 3: TornadeoJim (big blind) folded on the Flop
Seat 5: dmkallahbee folded on the Flop
Seat 6: DOREN2008RUS folded on the River
Seat 7: DROOPY280791 folded before Flop (didn't bet)
Seat 8: sadner folded before Flop (didn't bet)
Seat 9: Dorex2007 collected ($0.22)



PokerStars Hand #224262423398:  Hold'em No Limit ($0.01/$0.02 USD) - 2021/02/26 23:04:38 PT [2021/02/27 2:04:38 ET]
Table 'Klare' 9-max Seat #2 is the button
Seat 1: baligo666 ($1.97 in chips) 
Seat 2: EnglandBaby4 ($3.07 in chips) 
Seat 3: TornadeoJim ($4.55 in chips) 
Seat 4: shuhrat19744 ($2 in chips) 
Seat 5: dmkallahbee ($1.51 in chips) 
Seat 6: DOREN2008RUS ($1.02 in chips) 
Seat 7: DROOPY280791 ($3.72 in chips) 
Seat 8: sadner ($2 in chips) 
Seat 9: Dorex2007 ($3.57 in chips) 
TornadeoJim: posts small blind $0.01
shuhrat19744: posts big blind $0.02
*** HOLE CARDS ***
Dealt to Dorex2007 [Qh Qd]
dmkallahbee: folds 
DOREN2008RUS: calls $0.02
DROOPY280791: folds 
sadner: folds 
Dorex2007: raises $0.06 to $0.08
baligo666: folds 
EnglandBaby4: folds 
TornadeoJim: calls $0.07
shuhrat19744: folds 
DOREN2008RUS: calls $0.06
*** FLOP *** [4d 9d 2d]
TornadeoJim: checks 
DOREN2008RUS: checks 
Dorex2007: bets $0.19
TornadeoJim: folds 
DOREN2008RUS: folds 
Uncalled bet ($0.19) returned to Dorex2007
Dorex2007 collected $0.25 from pot
Dorex2007: doesn't show hand 
*** SUMMARY ***
Total pot $0.26 | Rake $0.01 
Board [4d 9d 2d]
Seat 1: baligo666 folded before Flop (didn't bet)
Seat 2: EnglandBaby4 (button) folded before Flop (didn't bet)
Seat 3: TornadeoJim (small blind) folded on the Flop
Seat 4: shuhrat19744 (big blind) folded before Flop
Seat 5: dmkallahbee folded before Flop (didn't bet)
Seat 6: DOREN2008RUS folded on the Flop
Seat 7: DROOPY280791 folded before Flop (didn't bet)
Seat 8: sadner folded before Flop (didn't bet)
Seat 9: Dorex2007 collected ($0.25)



PokerStars Hand #224262435944:  Hold'em No Limit ($0.01/$0.02 USD) - 2021/02/26 23:05:34 PT [2021/02/27 2:05:34 ET]
Table 'Klare' 9-max Seat #3 is the button
Seat 1: baligo666 ($1.97 in chips) 
Seat 2: EnglandBaby4 ($3.07 in chips) 
Seat 3: TornadeoJim ($4.47 in chips) 
Seat 4: shuhrat19744 ($2 in chips) 
Seat 5: dmkallahbee ($1.51 in chips) 
Seat 6: DOREN2008RUS ($0.94 in chips) 
Seat 7: DROOPY280791 ($3.72 in chips) 
Seat 8: sadner ($2 in chips) 
Seat 9: Dorex2007 ($3.74 in chips) 
shuhrat19744: posts small blind $0.01
dmkallahbee: posts big blind $0.02
*** HOLE CARDS ***
Dealt to Dorex2007 [4h 3c]
DOREN2008RUS: calls $0.02
DROOPY280791: folds 
sadner: folds 
Dorex2007: folds 
baligo666: folds 
EnglandBaby4: raises $0.04 to $0.06
TornadeoJim: folds 
shuhrat19744: folds 
dmkallahbee: folds 
DOREN2008RUS: calls $0.04
*** FLOP *** [Jd Ad Jc]
DOREN2008RUS: checks 
EnglandBaby4: checks 
*** TURN *** [Jd Ad Jc] [Ac]
DOREN2008RUS: checks 
EnglandBaby4: checks 
*** RIVER *** [Jd Ad Jc Ac] [9d]
DOREN2008RUS: checks 
EnglandBaby4: bets $0.08
DOREN2008RUS: calls $0.08
*** SHOW DOWN ***
EnglandBaby4: shows [Tc 7c] (two pair, Aces and Jacks)
DOREN2008RUS: mucks hand 
EnglandBaby4 collected $0.30 from pot
*** SUMMARY ***
Total pot $0.31 | Rake $0.01 
Board [Jd Ad Jc Ac 9d]
Seat 1: baligo666 folded before Flop (didn't bet)
Seat 2: EnglandBaby4 showed [Tc 7c] and won ($0.30) with two pair, Aces and Jacks
Seat 3: TornadeoJim (button) folded before Flop (didn't bet)
Seat 4: shuhrat19744 (small blind) folded before Flop
Seat 5: dmkallahbee (big blind) folded before Flop
Seat 6: DOREN2008RUS mucked [8c 8s]
Seat 7: DROOPY280791 folded before Flop (didn't bet)
Seat 8: sadner folded before Flop (didn't bet)
Seat 9: Dorex2007 folded before Flop (didn't bet)



PokerStars Hand #224262444594:  Hold'em No Limit ($0.01/$0.02 USD) - 2021/02/26 23:06:12 PT [2021/02/27 2:06:12 ET]
Table 'Klare' 9-max Seat #4 is the button
Seat 1: baligo666 ($1.97 in chips) 
Seat 2: EnglandBaby4 ($3.23 in chips) 
Seat 3: TornadeoJim ($4.47 in chips) 
Seat 4: shuhrat19744 ($2 in chips) 
Seat 5: dmkallahbee ($1.49 in chips) 
Seat 6: DOREN2008RUS ($0.80 in chips) 
Seat 7: DROOPY280791 ($3.72 in chips) 
Seat 8: sadner ($2 in chips) 
Seat 9: Dorex2007 ($3.74 in chips) 
dmkallahbee: posts small blind $0.01
DOREN2008RUS: posts big blind $0.02
*** HOLE CARDS ***
Dealt to Dorex2007 [Qc 5d]
DROOPY280791: folds 
sadner: folds 
Dorex2007: folds 
baligo666: folds 
EnglandBaby4 has timed out
EnglandBaby4: folds 
TornadeoJim: folds 
shuhrat19744: folds 
dmkallahbee: calls $0.01
DOREN2008RUS: checks 
*** FLOP *** [2c 8c Ac]
dmkallahbee: checks 
DOREN2008RUS: checks 
*** TURN *** [2c 8c Ac] [9h]
dmkallahbee: checks 
DOREN2008RUS: checks 
*** RIVER *** [2c 8c Ac 9h] [Jh]
dmkallahbee: checks 
DOREN2008RUS: checks 
*** SHOW DOWN ***
dmkallahbee: shows [6s Ts] (high card Ace)
DOREN2008RUS: shows [8h Ks] (a pair of Eights)
DOREN2008RUS collected $0.04 from pot
*** SUMMARY ***
Total pot $0.04 | Rake $0 
Board [2c 8c Ac 9h Jh]
Seat 1: baligo666 folded before Flop (didn't bet)
Seat 2: EnglandBaby4 folded before Flop (didn't bet)
Seat 3: TornadeoJim folded before Flop (didn't bet)
Seat 4: shuhrat19744 (button) folded before Flop (didn't bet)
Seat 5: dmkallahbee (small blind) showed [6s Ts] and lost with high card Ace
Seat 6: DOREN2008RUS (big blind) showed [8h Ks] and won ($0.04) with a pair of Eights
Seat 7: DROOPY280791 folded before Flop (didn't bet)
Seat 8: sadner folded before Flop (didn't bet)
Seat 9: Dorex2007 folded before Flop (didn't bet)



PokerStars Hand #224262457857:  Hold'em No Limit ($0.01/$0.02 USD) - 2021/02/26 23:07:11 PT [2021/02/27 2:07:11 ET]
Table 'Klare' 9-max Seat #5 is the button
Seat 1: baligo666 ($1.97 in chips) 
Seat 2: EnglandBaby4 ($3.23 in chips) 
Seat 3: TornadeoJim ($4.47 in chips) 
Seat 4: shuhrat19744 ($2 in chips) 
Seat 5: dmkallahbee ($1.47 in chips) 
Seat 6: DOREN2008RUS ($2 in chips) 
Seat 7: DROOPY280791 ($3.72 in chips) 
Seat 8: sadner ($2 in chips) 
Seat 9: Dorex2007 ($3.74 in chips) 
DOREN2008RUS: posts small blind $0.01
DROOPY280791: posts big blind $0.02
*** HOLE CARDS ***
Dealt to Dorex2007 [4c 5s]
sadner: folds 
Dorex2007: folds 
baligo666: folds 
EnglandBaby4: raises $0.04 to $0.06
TornadeoJim: raises $0.04 to $0.10
shuhrat19744: folds 
dmkallahbee: folds 
DOREN2008RUS: calls $0.09
DROOPY280791: folds 
EnglandBaby4: calls $0.04
*** FLOP *** [5c Th 5h]
DOREN2008RUS: checks 
EnglandBaby4: checks 
TornadeoJim: bets $0.16
DOREN2008RUS: calls $0.16
EnglandBaby4: calls $0.16
*** TURN *** [5c Th 5h] [4d]
DOREN2008RUS: checks 
EnglandBaby4: checks 
TornadeoJim: bets $0.39
DOREN2008RUS: folds 
EnglandBaby4: calls $0.39
*** RIVER *** [5c Th 5h 4d] [6c]
EnglandBaby4: checks 
TornadeoJim: bets $0.32
EnglandBaby4: folds 
Uncalled bet ($0.32) returned to TornadeoJim
TornadeoJim collected $1.52 from pot
TornadeoJim: doesn't show hand 
*** SUMMARY ***
Total pot $1.58 | Rake $0.06 
Board [5c Th 5h 4d 6c]
Seat 1: baligo666 folded before Flop (didn't bet)
Seat 2: EnglandBaby4 folded on the River
Seat 3: TornadeoJim collected ($1.52)
Seat 4: shuhrat19744 folded before Flop (didn't bet)
Seat 5: dmkallahbee (button) folded before Flop (didn't bet)
Seat 6: DOREN2008RUS (small blind) folded on the Turn
Seat 7: DROOPY280791 (big blind) folded before Flop
Seat 8: sadner folded before Flop (didn't bet)
Seat 9: Dorex2007 folded before Flop (didn't bet)



PokerStars Hand #224262474469:  Hold'em No Limit ($0.01/$0.02 USD) - 2021/02/26 23:08:25 PT [2021/02/27 2:08:25 ET]
Table 'Klare' 9-max Seat #6 is the button
Seat 1: baligo666 ($1.97 in chips) 
Seat 2: EnglandBaby4 ($2.58 in chips) 
Seat 3: TornadeoJim ($5.34 in chips) 
Seat 4: shuhrat19744 ($2 in chips) 
Seat 5: dmkallahbee ($1.47 in chips) 
Seat 6: DOREN2008RUS ($1.74 in chips) 
Seat 7: DROOPY280791 ($3.70 in chips) 
Seat 8: sadner ($2 in chips) 
Seat 9: Dorex2007 ($3.74 in chips) 
DROOPY280791: posts small blind $0.01
sadner: posts big blind $0.02
*** HOLE CARDS ***
Dealt to Dorex2007 [8d Ac]
Dorex2007: folds 
baligo666: folds 
EnglandBaby4: raises $0.04 to $0.06
TornadeoJim: folds 
shuhrat19744: folds 
dmkallahbee: calls $0.06
DOREN2008RUS: calls $0.06
DROOPY280791: folds 
sadner: folds 
*** FLOP *** [6d 3d 6h]
EnglandBaby4: checks 
dmkallahbee: checks 
DOREN2008RUS: checks 
*** TURN *** [6d 3d 6h] [6c]
EnglandBaby4: checks 
dmkallahbee: checks 
DOREN2008RUS: checks 
*** RIVER *** [6d 3d 6h 6c] [8h]
EnglandBaby4: checks 
dmkallahbee: checks 
DOREN2008RUS: bets $0.10
EnglandBaby4: calls $0.10
dmkallahbee: folds 
*** SHOW DOWN ***
DOREN2008RUS: shows [9s 9d] (a full house, Sixes full of Nines)
EnglandBaby4: mucks hand 
DOREN2008RUS collected $0.40 from pot
*** SUMMARY ***
Total pot $0.41 | Rake $0.01 
Board [6d 3d 6h 6c 8h]
Seat 1: baligo666 folded before Flop (didn't bet)
Seat 2: EnglandBaby4 mucked [Ah 2h]
Seat 3: TornadeoJim folded before Flop (didn't bet)
Seat 4: shuhrat19744 folded before Flop (didn't bet)
Seat 5: dmkallahbee folded on the River
Seat 6: DOREN2008RUS (button) showed [9s 9d] and won ($0.40) with a full house, Sixes full of Nines
Seat 7: DROOPY280791 (small blind) folded before Flop
Seat 8: sadner (big blind) folded before Flop
Seat 9: Dorex2007 folded before Flop (didn't bet)



PokerStars Hand #224262491906:  Hold'em No Limit ($0.01/$0.02 USD) - 2021/02/26 23:09:38 PT [2021/02/27 2:09:38 ET]
Table 'Klare' 9-max Seat #7 is the button
Seat 1: baligo666 ($1.97 in chips) 
Seat 2: EnglandBaby4 ($2.42 in chips) 
Seat 3: TornadeoJim ($5.34 in chips) 
Seat 4: shuhrat19744 ($2 in chips) 
Seat 5: dmkallahbee ($1.41 in chips) 
Seat 6: DOREN2008RUS ($1.98 in chips) 
Seat 7: DROOPY280791 ($3.69 in chips) 
Seat 8: sadner ($2 in chips) 
Seat 9: Dorex2007 ($3.74 in chips) 
sadner: posts small blind $0.01
Dorex2007: posts big blind $0.02
*** HOLE CARDS ***
Dealt to Dorex2007 [9h 8d]
baligo666: folds 
EnglandBaby4 has timed out
EnglandBaby4: folds 
TornadeoJim: folds 
shuhrat19744: folds 
dmkallahbee: folds 
DOREN2008RUS: calls $0.02
DROOPY280791: folds 
sadner: folds 
Dorex2007: checks 
*** FLOP *** [7s 4s 7c]
Dorex2007: checks 
DOREN2008RUS: checks 
*** TURN *** [7s 4s 7c] [6h]
Dorex2007: checks 
DOREN2008RUS: checks 
*** RIVER *** [7s 4s 7c 6h] [Tc]
Dorex2007: checks 
DOREN2008RUS: checks 
*** SHOW DOWN ***
Dorex2007: shows [9h 8d] (a straight, Six to Ten)
DOREN2008RUS: mucks hand 
Dorex2007 collected $0.05 from pot
*** SUMMARY ***
Total pot $0.05 | Rake $0 
Board [7s 4s 7c 6h Tc]
Seat 1: baligo666 folded before Flop (didn't bet)
Seat 2: EnglandBaby4 folded before Flop (didn't bet)
Seat 3: TornadeoJim folded before Flop (didn't bet)
Seat 4: shuhrat19744 folded before Flop (didn't bet)
Seat 5: dmkallahbee folded before Flop (didn't bet)
Seat 6: DOREN2008RUS mucked [Jc Ad]
Seat 7: DROOPY280791 (button) folded before Flop (didn't bet)
Seat 8: sadner (small blind) folded before Flop
Seat 9: Dorex2007 (big blind) showed [9h 8d] and won ($0.05) with a straight, Six to Ten



PokerStars Hand #224262507633:  Hold'em No Limit ($0.01/$0.02 USD) - 2021/02/26 23:10:47 PT [2021/02/27 2:10:47 ET]
Table 'Klare' 9-max Seat #8 is the button
Seat 1: baligo666 ($1.97 in chips) 
Seat 2: EnglandBaby4 ($2.42 in chips) 
Seat 3: TornadeoJim ($5.34 in chips) 
Seat 4: shuhrat19744 ($2 in chips) 
Seat 5: dmkallahbee ($1.41 in chips) 
Seat 6: DOREN2008RUS ($1.96 in chips) 
Seat 8: sadner ($2 in chips) 
Seat 9: Dorex2007 ($3.77 in chips) 
Dorex2007: posts small blind $0.01
baligo666: posts big blind $0.02
*** HOLE CARDS ***
Dealt to Dorex2007 [Kh Ah]
EnglandBaby4: folds 
TornadeoJim: folds 
shuhrat19744: folds 
dmkallahbee: folds 
DOREN2008RUS: calls $0.02
sadner: folds 
Dorex2007: raises $0.04 to $0.06
baligo666: folds 
DOREN2008RUS: calls $0.04
*** FLOP *** [2h Ac Jh]
Dorex2007: checks 
DOREN2008RUS: checks 
*** TURN *** [2h Ac Jh] [3c]
Dorex2007: checks 
DOREN2008RUS: checks 
*** RIVER *** [2h Ac Jh 3c] [Ad]
Dorex2007: checks 
DOREN2008RUS: checks 
*** SHOW DOWN ***
Dorex2007: shows [Kh Ah] (three of a kind, Aces)
DOREN2008RUS: mucks hand 
Dorex2007 collected $0.14 from pot
*** SUMMARY ***
Total pot $0.14 | Rake $0 
Board [2h Ac Jh 3c Ad]
Seat 1: baligo666 (big blind) folded before Flop
Seat 2: EnglandBaby4 folded before Flop (didn't bet)
Seat 3: TornadeoJim folded before Flop (didn't bet)
Seat 4: shuhrat19744 folded before Flop (didn't bet)
Seat 5: dmkallahbee folded before Flop (didn't bet)
Seat 6: DOREN2008RUS mucked [9s 5d]
Seat 8: sadner (button) folded before Flop (didn't bet)
Seat 9: Dorex2007 (small blind) showed [Kh Ah] and won ($0.14) with three of a kind, Aces



PokerStars Hand #224262518986:  Hold'em No Limit ($0.01/$0.02 USD) - 2021/02/26 23:11:37 PT [2021/02/27 2:11:37 ET]
Table 'Klare' 9-max Seat #9 is the button
Seat 1: baligo666 ($1.95 in chips) 
Seat 2: EnglandBaby4 ($2.42 in chips) 
Seat 3: TornadeoJim ($5.34 in chips) 
Seat 4: shuhrat19744 ($2 in chips) 
Seat 5: dmkallahbee ($1.41 in chips) 
Seat 6: DOREN2008RUS ($1.90 in chips) 
Seat 8: sadner ($2 in chips) 
Seat 9: Dorex2007 ($3.85 in chips) 
baligo666: posts small blind $0.01
EnglandBaby4: posts big blind $0.02
*** HOLE CARDS ***
Dealt to Dorex2007 [Ah Kc]
TornadeoJim: calls $0.02
shuhrat19744: folds 
dmkallahbee: folds 
DOREN2008RUS has timed out
DOREN2008RUS: folds 
sadner: raises $0.06 to $0.08
Dorex2007: calls $0.08
baligo666: folds 
EnglandBaby4: calls $0.06
TornadeoJim: calls $0.06
*** FLOP *** [5s 6h Jc]
EnglandBaby4: bets $0.16
TornadeoJim: folds 
sadner: folds 
TornadeoJim leaves the table
Dorex2007: calls $0.16
*** TURN *** [5s 6h Jc] [2s]
EnglandBaby4: bets $0.23
DSilver joins the table at seat #3 
Dorex2007: folds 
Uncalled bet ($0.23) returned to EnglandBaby4
EnglandBaby4 collected $0.63 from pot
EnglandBaby4: doesn't show hand 
*** SUMMARY ***
Total pot $0.65 | Rake $0.02 
Board [5s 6h Jc 2s]
Seat 1: baligo666 (small blind) folded before Flop
Seat 2: EnglandBaby4 (big blind) collected ($0.63)
Seat 3: TornadeoJim folded on the Flop
Seat 4: shuhrat19744 folded before Flop (didn't bet)
Seat 5: dmkallahbee folded before Flop (didn't bet)
Seat 6: DOREN2008RUS folded before Flop (didn't bet)
Seat 8: sadner folded on the Flop
Seat 9: Dorex2007 (button) folded on the Turn



PokerStars Hand #224262534221:  Hold'em No Limit ($0.01/$0.02 USD) - 2021/02/26 23:12:45 PT [2021/02/27 2:12:45 ET]
Table 'Klare' 9-max Seat #1 is the button
Seat 1: baligo666 ($1.94 in chips) 
Seat 2: EnglandBaby4 ($2.81 in chips) 
Seat 3: DSilver ($2 in chips) 
Seat 4: shuhrat19744 ($2 in chips) 
Seat 5: dmkallahbee ($1.41 in chips) 
Seat 6: DOREN2008RUS ($1.90 in chips) 
Seat 8: sadner ($2 in chips) 
Seat 9: Dorex2007 ($3.61 in chips) 
EnglandBaby4: posts small blind $0.01
DSilver: posts big blind $0.02
*** HOLE CARDS ***
Dealt to Dorex2007 [Ah 6s]
shuhrat19744: folds 
dmkallahbee: calls $0.02
DOREN2008RUS: calls $0.02
sadner: folds 
Dorex2007: folds 
baligo666: folds 
EnglandBaby4: folds 
DSilver: checks 
*** FLOP *** [5d As 9s]
DSilver: checks 
dmkallahbee: checks 
DOREN2008RUS: checks 
*** TURN *** [5d As 9s] [4d]
DSilver: checks 
dmkallahbee: checks 
DOREN2008RUS: checks 
*** RIVER *** [5d As 9s 4d] [Th]
DSilver: checks 
dmkallahbee: checks 
DOREN2008RUS: checks 
*** SHOW DOWN ***
DSilver: shows [Qd 2s] (high card Ace)
dmkallahbee: shows [Qs Jh] (high card Ace - Queen+Jack kicker)
DOREN2008RUS: shows [5s 7d] (a pair of Fives)
DOREN2008RUS collected $0.07 from pot
*** SUMMARY ***
Total pot $0.07 | Rake $0 
Board [5d As 9s 4d Th]
Seat 1: baligo666 (button) folded before Flop (didn't bet)
Seat 2: EnglandBaby4 (small blind) folded before Flop
Seat 3: DSilver (big blind) showed [Qd 2s] and lost with high card Ace
Seat 4: shuhrat19744 folded before Flop (didn't bet)
Seat 5: dmkallahbee showed [Qs Jh] and lost with high card Ace
Seat 6: DOREN2008RUS showed [5s 7d] and won ($0.07) with a pair of Fives
Seat 8: sadner folded before Flop (didn't bet)
Seat 9: Dorex2007 folded before Flop (didn't bet)



PokerStars Hand #224262544216:  Hold'em No Limit ($0.01/$0.02 USD) - 2021/02/26 23:13:30 PT [2021/02/27 2:13:30 ET]
Table 'Klare' 9-max Seat #2 is the button
Seat 1: baligo666 ($1.94 in chips) 
Seat 2: EnglandBaby4 ($2.80 in chips) 
Seat 3: DSilver ($2 in chips) 
Seat 4: shuhrat19744 ($2 in chips) 
Seat 5: dmkallahbee ($1.39 in chips) 
Seat 6: DOREN2008RUS ($1.95 in chips) 
Seat 8: sadner ($2 in chips) 
Seat 9: Dorex2007 ($3.61 in chips) 
DSilver: posts small blind $0.01
shuhrat19744: posts big blind $0.02
*** HOLE CARDS ***
Dealt to Dorex2007 [4d Js]
dmkallahbee: folds 
DOREN2008RUS has timed out
DOREN2008RUS: folds 
sadner: folds 
Dorex2007: folds 
baligo666: folds 
EnglandBaby4: raises $0.04 to $0.06
DSilver: folds 
shuhrat19744: folds 
Uncalled bet ($0.04) returned to EnglandBaby4
EnglandBaby4 collected $0.05 from pot
EnglandBaby4: doesn't show hand 
*** SUMMARY ***
Total pot $0.05 | Rake $0 
Seat 1: baligo666 folded before Flop (didn't bet)
Seat 2: EnglandBaby4 (button) collected ($0.05)
Seat 3: DSilver (small blind) folded before Flop
Seat 4: shuhrat19744 (big blind) folded before Flop
Seat 5: dmkallahbee folded before Flop (didn't bet)
Seat 6: DOREN2008RUS folded before Flop (didn't bet)
Seat 8: sadner folded before Flop (didn't bet)
Seat 9: Dorex2007 folded before Flop (didn't bet)



PokerStars Hand #224262550334:  Hold'em No Limit ($0.01/$0.02 USD) - 2021/02/26 23:13:57 PT [2021/02/27 2:13:57 ET]
Table 'Klare' 9-max Seat #3 is the button
Seat 1: baligo666 ($1.94 in chips) 
Seat 2: EnglandBaby4 ($2.83 in chips) 
Seat 3: DSilver ($2 in chips) 
Seat 4: shuhrat19744 ($2 in chips) 
Seat 5: dmkallahbee ($1.39 in chips) 
Seat 6: DOREN2008RUS ($1.95 in chips) 
Seat 8: sadner ($2 in chips) 
Seat 9: Dorex2007 ($3.61 in chips) 
shuhrat19744: posts small blind $0.01
dmkallahbee: posts big blind $0.02
*** HOLE CARDS ***
Dealt to Dorex2007 [Jh Ah]
DOREN2008RUS: calls $0.02
sadner: folds 
Dorex2007: raises $0.04 to $0.06
baligo666: folds 
EnglandBaby4: folds 
DSilver: folds 
shuhrat19744: raises $0.14 to $0.20
dmkallahbee: folds 
DOREN2008RUS: folds 
Dorex2007: calls $0.14
*** FLOP *** [3h 4c 6h]
shuhrat19744: bets $0.42
Dorex2007: calls $0.42
*** TURN *** [3h 4c 6h] [6d]
shuhrat19744: bets $1.24
Dorex2007: calls $1.24
*** RIVER *** [3h 4c 6h 6d] [2c]
shuhrat19744: bets $0.14 and is all-in
Dorex2007: calls $0.14
*** SHOW DOWN ***
shuhrat19744: shows [Tc Th] (two pair, Tens and Sixes)
Dorex2007: shows [Jh Ah] (a pair of Sixes)
shuhrat19744 collected $3.90 from pot
*** SUMMARY ***
Total pot $4.04 | Rake $0.14 
Board [3h 4c 6h 6d 2c]
Seat 1: baligo666 folded before Flop (didn't bet)
Seat 2: EnglandBaby4 folded before Flop (didn't bet)
Seat 3: DSilver (button) folded before Flop (didn't bet)
Seat 4: shuhrat19744 (small blind) showed [Tc Th] and won ($3.90) with two pair, Tens and Sixes
Seat 5: dmkallahbee (big blind) folded before Flop
Seat 6: DOREN2008RUS folded before Flop
Seat 8: sadner folded before Flop (didn't bet)
Seat 9: Dorex2007 showed [Jh Ah] and lost with a pair of Sixes



PokerStars Hand #224262571713:  Hold'em No Limit ($0.01/$0.02 USD) - 2021/02/26 23:15:01 PT [2021/02/27 2:15:01 ET]
Table 'Klare' 9-max Seat #4 is the button
Seat 1: baligo666 ($1.94 in chips) 
Seat 2: EnglandBaby4 ($2.83 in chips) 
Seat 3: DSilver ($2 in chips) 
Seat 4: shuhrat19744 ($3.90 in chips) 
Seat 5: dmkallahbee ($1.37 in chips) 
Seat 6: DOREN2008RUS ($1.93 in chips) 
Seat 8: sadner ($2 in chips) 
Seat 9: Dorex2007 ($1.61 in chips) 
dmkallahbee: posts small blind $0.01
DOREN2008RUS: posts big blind $0.02
*** HOLE CARDS ***
Dealt to Dorex2007 [Qh 5h]
sadner: folds 
Dorex2007: folds 
baligo666: folds 
EnglandBaby4: raises $0.04 to $0.06
DSilver: folds 
shuhrat19744: calls $0.06
dmkallahbee: folds 
DOREN2008RUS: calls $0.04
*** FLOP *** [Ad 4d 3h]
DOREN2008RUS: checks 
EnglandBaby4: bets $0.07
shuhrat19744: raises $0.24 to $0.31
DOREN2008RUS: folds 
EnglandBaby4: folds 
Uncalled bet ($0.24) returned to shuhrat19744
shuhrat19744 collected $0.32 from pot
shuhrat19744: doesn't show hand 
*** SUMMARY ***
Total pot $0.33 | Rake $0.01 
Board [Ad 4d 3h]
Seat 1: baligo666 folded before Flop (didn't bet)
Seat 2: EnglandBaby4 folded on the Flop
Seat 3: DSilver folded before Flop (didn't bet)
Seat 4: shuhrat19744 (button) collected ($0.32)
Seat 5: dmkallahbee (small blind) folded before Flop
Seat 6: DOREN2008RUS (big blind) folded on the Flop
Seat 8: sadner folded before Flop (didn't bet)
Seat 9: Dorex2007 folded before Flop (didn't bet)



PokerStars Hand #224262580510:  Hold'em No Limit ($0.01/$0.02 USD) - 2021/02/26 23:15:41 PT [2021/02/27 2:15:41 ET]
Table 'Klare' 9-max Seat #5 is the button
Seat 1: baligo666 ($1.94 in chips) 
Seat 2: EnglandBaby4 ($2.70 in chips) 
Seat 3: DSilver ($2 in chips) 
Seat 4: shuhrat19744 ($4.09 in chips) 
Seat 5: dmkallahbee ($1.36 in chips) 
Seat 6: DOREN2008RUS ($1.87 in chips) 
Seat 8: sadner ($2 in chips) 
Seat 9: Dorex2007 ($1.61 in chips) 
DOREN2008RUS: posts small blind $0.01
sadner: posts big blind $0.02
*** HOLE CARDS ***
Dealt to Dorex2007 [6c 7s]
Dorex2007: folds 
baligo666: raises $0.03 to $0.05
EnglandBaby4: calls $0.05
DSilver: folds 
shuhrat19744: folds 
dmkallahbee: folds 
DOREN2008RUS: calls $0.04
sadner: folds 
*** FLOP *** [5c 7c 5d]
DOREN2008RUS: checks 
baligo666: bets $0.05
EnglandBaby4: folds 
DOREN2008RUS: calls $0.05
*** TURN *** [5c 7c 5d] [8h]
DOREN2008RUS: checks 
baligo666: bets $0.02
DOREN2008RUS: calls $0.02
*** RIVER *** [5c 7c 5d 8h] [Ks]
DOREN2008RUS: checks 
baligo666: checks 
*** SHOW DOWN ***
DOREN2008RUS: shows [9h 8c] (two pair, Eights and Fives)
baligo666: mucks hand 
DOREN2008RUS collected $0.30 from pot
*** SUMMARY ***
Total pot $0.31 | Rake $0.01 
Board [5c 7c 5d 8h Ks]
Seat 1: baligo666 mucked [6s 3s]
Seat 2: EnglandBaby4 folded on the Flop
Seat 3: DSilver folded before Flop (didn't bet)
Seat 4: shuhrat19744 folded before Flop (didn't bet)
Seat 5: dmkallahbee (button) folded before Flop (didn't bet)
Seat 6: DOREN2008RUS (small blind) showed [9h 8c] and won ($0.30) with two pair, Eights and Fives
Seat 8: sadner (big blind) folded before Flop
Seat 9: Dorex2007 folded before Flop (didn't bet)



PokerStars Hand #224262601134:  Hold'em No Limit ($0.01/$0.02 USD) - 2021/02/26 23:17:14 PT [2021/02/27 2:17:14 ET]
Table 'Klare' 9-max Seat #6 is the button
Seat 1: baligo666 ($1.82 in chips) 
Seat 2: EnglandBaby4 ($2.65 in chips) 
Seat 3: DSilver ($2 in chips) 
Seat 4: shuhrat19744 ($4.09 in chips) 
Seat 5: dmkallahbee ($1.36 in chips) 
Seat 6: DOREN2008RUS ($2.05 in chips) 
Seat 8: sadner ($2 in chips) 
Seat 9: Dorex2007 ($1.61 in chips) 
sadner: posts small blind $0.01
Dorex2007: posts big blind $0.02
*** HOLE CARDS ***
Dealt to Dorex2007 [5h 8c]
baligo666: folds 
EnglandBaby4: folds 
DSilver: raises $0.05 to $0.07
shuhrat19744: folds 
dmkallahbee: folds 
DOREN2008RUS: calls $0.07
sadner: folds 
Dorex2007: folds 
*** FLOP *** [9d 9c 5s]
DSilver: bets $0.12
DOREN2008RUS: folds 
Uncalled bet ($0.12) returned to DSilver
DSilver collected $0.16 from pot
DSilver: doesn't show hand 
*** SUMMARY ***
Total pot $0.17 | Rake $0.01 
Board [9d 9c 5s]
Seat 1: baligo666 folded before Flop (didn't bet)
Seat 2: EnglandBaby4 folded before Flop (didn't bet)
Seat 3: DSilver collected ($0.16)
Seat 4: shuhrat19744 folded before Flop (didn't bet)
Seat 5: dmkallahbee folded before Flop (didn't bet)
Seat 6: DOREN2008RUS (button) folded on the Flop
Seat 8: sadner (small blind) folded before Flop
Seat 9: Dorex2007 (big blind) folded before Flop



PokerStars Hand #224262610661:  Hold'em No Limit ($0.01/$0.02 USD) - 2021/02/26 23:17:57 PT [2021/02/27 2:17:57 ET]
Table 'Klare' 9-max Seat #8 is the button
Seat 1: baligo666 ($1.82 in chips) 
Seat 2: EnglandBaby4 ($2.65 in chips) 
Seat 3: DSilver ($2.09 in chips) 
Seat 4: shuhrat19744 ($4.09 in chips) 
Seat 5: dmkallahbee ($1.36 in chips) 
Seat 6: DOREN2008RUS ($1.98 in chips) 
Seat 8: sadner ($2 in chips) 
Seat 9: Dorex2007 ($1.59 in chips) 
Dorex2007: posts small blind $0.01
baligo666: posts big blind $0.02
*** HOLE CARDS ***
Dealt to Dorex2007 [8s Ad]
EnglandBaby4: folds 
DSilver: folds 
shuhrat19744: folds 
dmkallahbee: folds 
DOREN2008RUS: calls $0.02
sadner: folds 
Dorex2007: calls $0.01
baligo666: raises $0.06 to $0.08
DOREN2008RUS: calls $0.06
Dorex2007: folds 
*** FLOP *** [Kc Qh 2s]
baligo666: bets $0.09
DOREN2008RUS: calls $0.09
*** TURN *** [Kc Qh 2s] [4c]
baligo666: checks 
DOREN2008RUS: checks 
*** RIVER *** [Kc Qh 2s 4c] [Ac]
baligo666: checks 
DOREN2008RUS: checks 
*** SHOW DOWN ***
baligo666: shows [Jd Jc] (a pair of Jacks)
DOREN2008RUS: shows [Qs 8c] (a pair of Queens)
DOREN2008RUS collected $0.35 from pot
*** SUMMARY ***
Total pot $0.36 | Rake $0.01 
Board [Kc Qh 2s 4c Ac]
Seat 1: baligo666 (big blind) showed [Jd Jc] and lost with a pair of Jacks
Seat 2: EnglandBaby4 folded before Flop (didn't bet)
Seat 3: DSilver folded before Flop (didn't bet)
Seat 4: shuhrat19744 folded before Flop (didn't bet)
Seat 5: dmkallahbee folded before Flop (didn't bet)
Seat 6: DOREN2008RUS showed [Qs 8c] and won ($0.35) with a pair of Queens
Seat 8: sadner (button) folded before Flop (didn't bet)
Seat 9: Dorex2007 (small blind) folded before Flop



PokerStars Hand #224262622767:  Hold'em No Limit ($0.01/$0.02 USD) - 2021/02/26 23:18:52 PT [2021/02/27 2:18:52 ET]
Table 'Klare' 9-max Seat #9 is the button
Seat 1: baligo666 ($1.65 in chips) 
Seat 2: EnglandBaby4 ($2.65 in chips) 
Seat 3: DSilver ($2.09 in chips) 
Seat 4: shuhrat19744 ($4.09 in chips) 
Seat 5: dmkallahbee ($1.36 in chips) 
Seat 6: DOREN2008RUS ($2.16 in chips) 
Seat 8: sadner ($2 in chips) 
Seat 9: Dorex2007 ($1.57 in chips) 
baligo666: posts small blind $0.01
EnglandBaby4: posts big blind $0.02
*** HOLE CARDS ***
Dealt to Dorex2007 [Ad 3d]
DSilver: folds 
shuhrat19744: folds 
dmkallahbee: calls $0.02
DOREN2008RUS: calls $0.02
sadner: folds 
Dorex2007: calls $0.02
baligo666: raises $0.03 to $0.05
EnglandBaby4 has timed out
EnglandBaby4: folds 
dmkallahbee: calls $0.03
DOREN2008RUS: calls $0.03
Dorex2007: calls $0.03
*** FLOP *** [8s 2h 7c]
baligo666: checks 
dmkallahbee: checks 
DOREN2008RUS: checks 
Dorex2007: bets $0.11
baligo666: calls $0.11
dmkallahbee: calls $0.11
DOREN2008RUS: folds 
*** TURN *** [8s 2h 7c] [Kh]
baligo666: checks 
dmkallahbee: checks 
Dorex2007: checks 
*** RIVER *** [8s 2h 7c Kh] [Th]
baligo666: bets $0.12
dmkallahbee: raises $1.08 to $1.20 and is all-in
Dorex2007: folds 
baligo666: calls $1.08
*** SHOW DOWN ***
dmkallahbee: shows [9s 6s] (a straight, Six to Ten)
baligo666: shows [Ah Qh] (a flush, Ace high)
baligo666 collected $2.85 from pot
*** SUMMARY ***
Total pot $2.95 | Rake $0.10 
Board [8s 2h 7c Kh Th]
Seat 1: baligo666 (small blind) showed [Ah Qh] and won ($2.85) with a flush, Ace high
Seat 2: EnglandBaby4 (big blind) folded before Flop
Seat 3: DSilver folded before Flop (didn't bet)
Seat 4: shuhrat19744 folded before Flop (didn't bet)
Seat 5: dmkallahbee showed [9s 6s] and lost with a straight, Six to Ten
Seat 6: DOREN2008RUS folded on the Flop
Seat 8: sadner folded before Flop (didn't bet)
Seat 9: Dorex2007 (button) folded on the River



PokerStars Hand #224262648586:  Hold'em No Limit ($0.01/$0.02 USD) - 2021/02/26 23:20:48 PT [2021/02/27 2:20:48 ET]
Table 'Klare' 9-max Seat #1 is the button
Seat 1: baligo666 ($3.14 in chips) 
Seat 2: EnglandBaby4 ($2.63 in chips) 
Seat 3: DSilver ($2.09 in chips) 
Seat 4: shuhrat19744 ($4.09 in chips) 
Seat 6: DOREN2008RUS ($2.11 in chips) 
Seat 8: sadner ($2 in chips) 
Seat 9: Dorex2007 ($1.41 in chips) 
EnglandBaby4: posts small blind $0.01
DSilver: posts big blind $0.02
*** HOLE CARDS ***
Dealt to Dorex2007 [9h 7s]
shuhrat19744: raises $0.05 to $0.07
dmkallahbee leaves the table
DOREN2008RUS: calls $0.07
sadner: folds 
Dorex2007: folds 
baligo666: folds 
EnglandBaby4: calls $0.06
DSilver: folds 
*** FLOP *** [9d Jd Ks]
EnglandBaby4: checks 
shuhrat19744: checks 
DOREN2008RUS: checks 
*** TURN *** [9d Jd Ks] [2d]
EnglandBaby4: bets $0.08
shuhrat19744: calls $0.08
DOREN2008RUS: calls $0.08
*** RIVER *** [9d Jd Ks 2d] [4d]
EnglandBaby4: checks 
shuhrat19744: checks 
DOREN2008RUS: checks 
*** SHOW DOWN ***
EnglandBaby4: shows [Ad Jh] (a flush, Ace high)
shuhrat19744: mucks hand 
DOREN2008RUS: mucks hand 
EnglandBaby4 collected $0.45 from pot
*** SUMMARY ***
Total pot $0.47 | Rake $0.02 
Board [9d Jd Ks 2d 4d]
Seat 1: baligo666 (button) folded before Flop (didn't bet)
Seat 2: EnglandBaby4 (small blind) showed [Ad Jh] and won ($0.45) with a flush, Ace high
Seat 3: DSilver (big blind) folded before Flop
Seat 4: shuhrat19744 mucked [Qh Qs]
Seat 6: DOREN2008RUS mucked [Ac 9c]
Seat 8: sadner folded before Flop (didn't bet)
Seat 9: Dorex2007 folded before Flop (didn't bet)



PokerStars Hand #224262659401:  Hold'em No Limit ($0.01/$0.02 USD) - 2021/02/26 23:21:37 PT [2021/02/27 2:21:37 ET]
Table 'Klare' 9-max Seat #2 is the button
Seat 1: baligo666 ($3.14 in chips) 
Seat 2: EnglandBaby4 ($2.93 in chips) 
Seat 3: DSilver ($2.07 in chips) 
Seat 4: shuhrat19744 ($3.94 in chips) 
Seat 6: DOREN2008RUS ($1.96 in chips) 
Seat 8: sadner ($2 in chips) 
Seat 9: Dorex2007 ($1.41 in chips) 
DSilver: posts small blind $0.01
shuhrat19744: posts big blind $0.02
*** HOLE CARDS ***
Dealt to Dorex2007 [6s 2d]
Konio330 joins the table at seat #5 
DOREN2008RUS: calls $0.02
sadner: folds 
Dorex2007: folds 
baligo666: folds 
EnglandBaby4: raises $0.04 to $0.06
DSilver: folds 
shuhrat19744: raises $0.14 to $0.20
DOREN2008RUS: folds 
EnglandBaby4: calls $0.14
*** FLOP *** [7c 4s Qs]
shuhrat19744: bets $0.41
sadner was removed from the table for failing to post
sadner leaves the table
EnglandBaby4: folds 
Uncalled bet ($0.41) returned to shuhrat19744
shuhrat19744 collected $0.41 from pot
shuhrat19744: doesn't show hand 
*** SUMMARY ***
Total pot $0.43 | Rake $0.02 
Board [7c 4s Qs]
Seat 1: baligo666 folded before Flop (didn't bet)
Seat 2: EnglandBaby4 (button) folded on the Flop
Seat 3: DSilver (small blind) folded before Flop
Seat 4: shuhrat19744 (big blind) collected ($0.41)
Seat 6: DOREN2008RUS folded before Flop
Seat 8: sadner folded before Flop (didn't bet)
Seat 9: Dorex2007 folded before Flop (didn't bet)



PokerStars Hand #224262671423:  Hold'em No Limit ($0.01/$0.02 USD) - 2021/02/26 23:22:31 PT [2021/02/27 2:22:31 ET]
Table 'Klare' 9-max Seat #3 is the button
Seat 1: baligo666 ($3.14 in chips) 
Seat 2: EnglandBaby4 ($2.73 in chips) 
Seat 3: DSilver ($2.06 in chips) 
Seat 4: shuhrat19744 ($4.15 in chips) 
Seat 5: Konio330 ($1.60 in chips) 
Seat 6: DOREN2008RUS ($1.94 in chips) 
Seat 9: Dorex2007 ($1.41 in chips) 
shuhrat19744: posts small blind $0.01
Konio330: posts big blind $0.02
*** HOLE CARDS ***
Dealt to Dorex2007 [4c Qh]
DOREN2008RUS: calls $0.02
Dorex2007: folds 
sadner joins the table at seat #8 
baligo666: calls $0.02
EnglandBaby4: raises $0.06 to $0.08
DSilver: folds 
shuhrat19744: folds 
Konio330: calls $0.06
DOREN2008RUS: calls $0.06
baligo666: calls $0.06
*** FLOP *** [4s Tc Kc]
Konio330: checks 
DOREN2008RUS: checks 
baligo666: checks 
EnglandBaby4: checks 
*** TURN *** [4s Tc Kc] [9h]
Konio330: checks 
DOREN2008RUS: checks 
baligo666: bets $0.02
EnglandBaby4: calls $0.02
Konio330: calls $0.02
DOREN2008RUS: folds 
*** RIVER *** [4s Tc Kc 9h] [Ks]
Konio330: bets $0.19
baligo666: folds 
EnglandBaby4: calls $0.19
*** SHOW DOWN ***
Konio330: shows [3c Qd] (a pair of Kings)
EnglandBaby4: shows [3d 4d] (two pair, Kings and Fours)
EnglandBaby4 collected $0.74 from pot
*** SUMMARY ***
Total pot $0.77 | Rake $0.03 
Board [4s Tc Kc 9h Ks]
Seat 1: baligo666 folded on the River
Seat 2: EnglandBaby4 showed [3d 4d] and won ($0.74) with two pair, Kings and Fours
Seat 3: DSilver (button) folded before Flop (didn't bet)
Seat 4: shuhrat19744 (small blind) folded before Flop
Seat 5: Konio330 (big blind) showed [3c Qd] and lost with a pair of Kings
Seat 6: DOREN2008RUS folded on the Turn
Seat 9: Dorex2007 folded before Flop (didn't bet)



PokerStars Hand #224262691869:  Hold'em No Limit ($0.01/$0.02 USD) - 2021/02/26 23:24:02 PT [2021/02/27 2:24:02 ET]
Table 'Klare' 9-max Seat #4 is the button
Seat 1: baligo666 ($3.04 in chips) 
Seat 2: EnglandBaby4 ($3.18 in chips) 
Seat 3: DSilver ($2.06 in chips) 
Seat 4: shuhrat19744 ($4.14 in chips) 
Seat 5: Konio330 ($1.31 in chips) 
Seat 6: DOREN2008RUS ($1.86 in chips) 
Seat 9: Dorex2007 ($1.41 in chips) 
Konio330: posts small blind $0.01
DOREN2008RUS: posts big blind $0.02
sadner: sits out 
*** HOLE CARDS ***
Dealt to Dorex2007 [Js Qh]
Dorex2007: raises $0.04 to $0.06
baligo666: folds 
EnglandBaby4: folds 
DSilver: folds 
shuhrat19744: folds 
Konio330: calls $0.05
DOREN2008RUS: calls $0.04
*** FLOP *** [Kh Tc 9s]
Konio330: checks 
DOREN2008RUS: checks 
Dorex2007: checks 
*** TURN *** [Kh Tc 9s] [2s]
Konio330: checks 
DOREN2008RUS: checks 
Dorex2007: bets $0.04
Konio330: folds 
DOREN2008RUS: calls $0.04
*** RIVER *** [Kh Tc 9s 2s] [5d]
DOREN2008RUS: checks 
Dorex2007: bets $0.10
DOREN2008RUS: calls $0.10
*** SHOW DOWN ***
Dorex2007: shows [Js Qh] (a straight, Nine to King)
DOREN2008RUS: mucks hand 
Dorex2007 collected $0.44 from pot
*** SUMMARY ***
Total pot $0.46 | Rake $0.02 
Board [Kh Tc 9s 2s 5d]
Seat 1: baligo666 folded before Flop (didn't bet)
Seat 2: EnglandBaby4 folded before Flop (didn't bet)
Seat 3: DSilver folded before Flop (didn't bet)
Seat 4: shuhrat19744 (button) folded before Flop (didn't bet)
Seat 5: Konio330 (small blind) folded on the Turn
Seat 6: DOREN2008RUS (big blind) mucked [Kc 3s]
Seat 9: Dorex2007 showed [Js Qh] and won ($0.44) with a straight, Nine to King



PokerStars Hand #224262717119:  Hold'em No Limit ($0.01/$0.02 USD) - 2021/02/26 23:25:24 PT [2021/02/27 2:25:24 ET]
Table 'Klare' 9-max Seat #5 is the button
Seat 1: baligo666 ($3.04 in chips) 
Seat 2: EnglandBaby4 ($3.18 in chips) 
Seat 3: DSilver ($2.06 in chips) 
Seat 4: shuhrat19744 ($4.14 in chips) 
Seat 5: Konio330 ($1.25 in chips) 
Seat 6: DOREN2008RUS ($1.66 in chips) 
Seat 8: sadner ($2 in chips) 
Seat 9: Dorex2007 ($1.65 in chips) 
DOREN2008RUS: posts small blind $0.01
sadner: posts big blind $0.02
*** HOLE CARDS ***
Dealt to Dorex2007 [4c Kd]
Dorex2007: folds 
baligo666: folds 
EnglandBaby4: folds 
DSilver: raises $0.05 to $0.07
shuhrat19744: calls $0.07
Konio330: raises $0.11 to $0.18
DOREN2008RUS: folds 
sadner: folds 
DSilver: calls $0.11
shuhrat19744: calls $0.11
*** FLOP *** [Ks 7s 7d]
DSilver: checks 
shuhrat19744: checks 
Konio330: bets $0.55
DSilver: folds 
shuhrat19744: folds 
Uncalled bet ($0.55) returned to Konio330
Konio330 collected $0.55 from pot
Konio330: doesn't show hand 
*** SUMMARY ***
Total pot $0.57 | Rake $0.02 
Board [Ks 7s 7d]
Seat 1: baligo666 folded before Flop (didn't bet)
Seat 2: EnglandBaby4 folded before Flop (didn't bet)
Seat 3: DSilver folded on the Flop
Seat 4: shuhrat19744 folded on the Flop
Seat 5: Konio330 (button) collected ($0.55)
Seat 6: DOREN2008RUS (small blind) folded before Flop
Seat 8: sadner (big blind) folded before Flop
Seat 9: Dorex2007 folded before Flop (didn't bet)



PokerStars Hand #224262730589:  Hold'em No Limit ($0.01/$0.02 USD) - 2021/02/26 23:26:23 PT [2021/02/27 2:26:23 ET]
Table 'Klare' 9-max Seat #6 is the button
Seat 1: baligo666 ($3.04 in chips) 
Seat 2: EnglandBaby4 ($3.18 in chips) 
Seat 3: DSilver ($2 in chips) 
Seat 4: shuhrat19744 ($3.96 in chips) 
Seat 5: Konio330 ($1.62 in chips) 
Seat 6: DOREN2008RUS ($1.65 in chips) 
Seat 8: sadner ($2 in chips) 
Seat 9: Dorex2007 ($1.65 in chips) 
sadner: posts small blind $0.01
Dorex2007: posts big blind $0.02
*** HOLE CARDS ***
Dealt to Dorex2007 [3c Kc]
baligo666: folds 
EnglandBaby4: folds 
DSilver: folds 
shuhrat19744: folds 
Konio330: folds 
DOREN2008RUS: calls $0.02
sadner: folds 
Dorex2007: checks 
*** FLOP *** [3d Qh Jc]
Dorex2007: checks 
DOREN2008RUS: checks 
*** TURN *** [3d Qh Jc] [5c]
Dorex2007: checks 
DOREN2008RUS: checks 
*** RIVER *** [3d Qh Jc 5c] [3h]
Dorex2007: bets $0.10
DOREN2008RUS: folds 
Uncalled bet ($0.10) returned to Dorex2007
Dorex2007 collected $0.05 from pot
Dorex2007: doesn't show hand 
*** SUMMARY ***
Total pot $0.05 | Rake $0 
Board [3d Qh Jc 5c 3h]
Seat 1: baligo666 folded before Flop (didn't bet)
Seat 2: EnglandBaby4 folded before Flop (didn't bet)
Seat 3: DSilver folded before Flop (didn't bet)
Seat 4: shuhrat19744 folded before Flop (didn't bet)
Seat 5: Konio330 folded before Flop (didn't bet)
Seat 6: DOREN2008RUS (button) folded on the River
Seat 8: sadner (small blind) folded before Flop
Seat 9: Dorex2007 (big blind) collected ($0.05)



PokerStars Hand #224262741032:  Hold'em No Limit ($0.01/$0.02 USD) - 2021/02/26 23:27:09 PT [2021/02/27 2:27:09 ET]
Table 'Klare' 9-max Seat #8 is the button
Seat 1: baligo666 ($3.04 in chips) 
Seat 2: EnglandBaby4 ($3.18 in chips) 
Seat 3: DSilver ($2 in chips) 
Seat 4: shuhrat19744 ($3.96 in chips) 
Seat 5: Konio330 ($1.62 in chips) 
Seat 6: DOREN2008RUS ($1.63 in chips) 
Seat 8: sadner ($2 in chips) 
Seat 9: Dorex2007 ($1.68 in chips) 
Dorex2007: posts small blind $0.01
baligo666: posts big blind $0.02
*** HOLE CARDS ***
Dealt to Dorex2007 [2c 5h]
EnglandBaby4: folds 
DSilver: folds 
shuhrat19744: folds 
Konio330: folds 
DOREN2008RUS: calls $0.02
sadner: raises $0.06 to $0.08
Dorex2007: folds 
baligo666: calls $0.06
DOREN2008RUS: calls $0.06
*** FLOP *** [6d Jd Ah]
baligo666: checks 
DOREN2008RUS: checks 
sadner: bets $0.12
baligo666: calls $0.12
DOREN2008RUS: calls $0.12
*** TURN *** [6d Jd Ah] [2d]
baligo666: checks 
DOREN2008RUS: bets $0.12
sadner: calls $0.12
baligo666: folds 
*** RIVER *** [6d Jd Ah 2d] [8c]
DOREN2008RUS: bets $0.18
sadner: calls $0.18
*** SHOW DOWN ***
DOREN2008RUS: shows [9d Ad] (a flush, Ace high)
sadner: mucks hand 
DOREN2008RUS collected $1.17 from pot
*** SUMMARY ***
Total pot $1.21 | Rake $0.04 
Board [6d Jd Ah 2d 8c]
Seat 1: baligo666 (big blind) folded on the Turn
Seat 2: EnglandBaby4 folded before Flop (didn't bet)
Seat 3: DSilver folded before Flop (didn't bet)
Seat 4: shuhrat19744 folded before Flop (didn't bet)
Seat 5: Konio330 folded before Flop (didn't bet)
Seat 6: DOREN2008RUS showed [9d Ad] and won ($1.17) with a flush, Ace high
Seat 8: sadner (button) mucked [Ac Kh]
Seat 9: Dorex2007 (small blind) folded before Flop



PokerStars Hand #224262758844:  Hold'em No Limit ($0.01/$0.02 USD) - 2021/02/26 23:28:28 PT [2021/02/27 2:28:28 ET]
Table 'Klare' 9-max Seat #9 is the button
Seat 1: baligo666 ($2.84 in chips) 
Seat 2: EnglandBaby4 ($3.18 in chips) 
Seat 3: DSilver ($2 in chips) 
Seat 4: shuhrat19744 ($3.96 in chips) 
Seat 5: Konio330 ($1.62 in chips) 
Seat 6: DOREN2008RUS ($2.30 in chips) 
Seat 8: sadner ($2 in chips) 
Seat 9: Dorex2007 ($1.67 in chips) 
baligo666: posts small blind $0.01
EnglandBaby4: posts big blind $0.02
*** HOLE CARDS ***
Dealt to Dorex2007 [Ks Kd]
DSilver: folds 
shuhrat19744: folds 
Konio330: calls $0.02
DOREN2008RUS: calls $0.02
sadner: folds 
Dorex2007: raises $0.02 to $0.04
baligo666: calls $0.03
EnglandBaby4: folds 
Konio330: calls $0.02
DOREN2008RUS: calls $0.02
*** FLOP *** [4c Th Qs]
baligo666: checks 
Konio330: checks 
DOREN2008RUS: checks 
Dorex2007: bets $0.08
baligo666: calls $0.08
Konio330: folds 
DOREN2008RUS: folds 
*** TURN *** [4c Th Qs] [4h]
baligo666: checks 
Dorex2007: checks 
*** RIVER *** [4c Th Qs 4h] [Qh]
baligo666: checks 
Dorex2007: checks 
*** SHOW DOWN ***
baligo666: shows [Qc 9h] (a full house, Queens full of Fours)
Dorex2007: mucks hand 
baligo666 collected $0.33 from pot
*** SUMMARY ***
Total pot $0.34 | Rake $0.01 
Board [4c Th Qs 4h Qh]
Seat 1: baligo666 (small blind) showed [Qc 9h] and won ($0.33) with a full house, Queens full of Fours
Seat 2: EnglandBaby4 (big blind) folded before Flop
Seat 3: DSilver folded before Flop (didn't bet)
Seat 4: shuhrat19744 folded before Flop (didn't bet)
Seat 5: Konio330 folded on the Flop
Seat 6: DOREN2008RUS folded on the Flop
Seat 8: sadner folded before Flop (didn't bet)
Seat 9: Dorex2007 (button) mucked [Ks Kd]



PokerStars Hand #224262778554:  Hold'em No Limit ($0.01/$0.02 USD) - 2021/02/26 23:29:55 PT [2021/02/27 2:29:55 ET]
Table 'Klare' 9-max Seat #1 is the button
Seat 1: baligo666 ($3.05 in chips) 
Seat 2: EnglandBaby4 ($3.16 in chips) 
Seat 3: DSilver ($2 in chips) 
Seat 4: shuhrat19744 ($3.96 in chips) 
Seat 5: Konio330 ($1.58 in chips) 
Seat 6: DOREN2008RUS ($2.26 in chips) 
Seat 8: sadner ($2 in chips) 
Seat 9: Dorex2007 ($1.55 in chips) 
EnglandBaby4: posts small blind $0.01
DSilver: posts big blind $0.02
*** HOLE CARDS ***
Dealt to Dorex2007 [Ks 2c]
shuhrat19744: folds 
shuhrat19744 leaves the table
CaaRus joins the table at seat #4 
Konio330: raises $0.32 to $0.34
DOREN2008RUS: folds 
sadner: folds 
Dorex2007: folds 
baligo666: folds 
EnglandBaby4: folds 
DSilver: folds 
Uncalled bet ($0.32) returned to Konio330
Konio330 collected $0.05 from pot
Konio330: doesn't show hand 
*** SUMMARY ***
Total pot $0.05 | Rake $0 
Seat 1: baligo666 (button) folded before Flop (didn't bet)
Seat 2: EnglandBaby4 (small blind) folded before Flop
Seat 3: DSilver (big blind) folded before Flop
Seat 4: shuhrat19744 folded before Flop (didn't bet)
Seat 5: Konio330 collected ($0.05)
Seat 6: DOREN2008RUS folded before Flop (didn't bet)
Seat 8: sadner folded before Flop (didn't bet)
Seat 9: Dorex2007 folded before Flop (didn't bet)



PokerStars Hand #224262785255:  Hold'em No Limit ($0.01/$0.02 USD) - 2021/02/26 23:30:24 PT [2021/02/27 2:30:24 ET]
Table 'Klare' 9-max Seat #2 is the button
Seat 1: baligo666 ($3.05 in chips) 
Seat 2: EnglandBaby4 ($3.15 in chips) 
Seat 3: DSilver ($2 in chips) 
Seat 4: CaaRus ($2 in chips) 
Seat 5: Konio330 ($1.61 in chips) 
Seat 6: DOREN2008RUS ($2.26 in chips) 
Seat 8: sadner ($2 in chips) 
Seat 9: Dorex2007 ($1.55 in chips) 
DSilver: posts small blind $0.01
CaaRus: posts big blind $0.02
*** HOLE CARDS ***
Dealt to Dorex2007 [7s 4h]
Konio330: calls $0.02
DOREN2008RUS: calls $0.02
sadner: folds 
Dorex2007: folds 
baligo666: raises $0.03 to $0.05
EnglandBaby4: folds 
DSilver: calls $0.04
CaaRus: raises $0.21 to $0.26
Konio330: folds 
DOREN2008RUS: folds 
baligo666: folds 
DSilver: folds 
Uncalled bet ($0.21) returned to CaaRus
CaaRus collected $0.19 from pot
CaaRus: doesn't show hand 
*** SUMMARY ***
Total pot $0.19 | Rake $0 
Seat 1: baligo666 folded before Flop
Seat 2: EnglandBaby4 (button) folded before Flop (didn't bet)
Seat 3: DSilver (small blind) folded before Flop
Seat 4: CaaRus (big blind) collected ($0.19)
Seat 5: Konio330 folded before Flop
Seat 6: DOREN2008RUS folded before Flop
Seat 8: sadner folded before Flop (didn't bet)
Seat 9: Dorex2007 folded before Flop (didn't bet)



PokerStars Hand #224262798420:  Hold'em No Limit ($0.01/$0.02 USD) - 2021/02/26 23:31:10 PT [2021/02/27 2:31:10 ET]
Table 'Klare' 9-max Seat #3 is the button
Seat 1: baligo666 ($3 in chips) 
Seat 2: EnglandBaby4 ($3.15 in chips) 
Seat 3: DSilver ($2 in chips) 
Seat 4: CaaRus ($2.14 in chips) 
Seat 5: Konio330 ($1.59 in chips) 
Seat 6: DOREN2008RUS ($2.24 in chips) 
Seat 8: sadner ($2 in chips) 
Seat 9: Dorex2007 ($1.55 in chips) 
CaaRus: posts small blind $0.01
Konio330: posts big blind $0.02
*** HOLE CARDS ***
Dealt to Dorex2007 [Ts 2h]
DOREN2008RUS: calls $0.02
sadner: folds 
Dorex2007: folds 
baligo666: folds 
EnglandBaby4: folds 
DSilver: folds 
CaaRus: raises $0.06 to $0.08
Konio330: calls $0.06
DOREN2008RUS: calls $0.06
*** FLOP *** [3s 4c 2s]
CaaRus: bets $0.12
Konio330: calls $0.12
DOREN2008RUS: calls $0.12
*** TURN *** [3s 4c 2s] [2d]
CaaRus: checks 
Konio330: checks 
DOREN2008RUS: checks 
*** RIVER *** [3s 4c 2s 2d] [Th]
CaaRus: checks 
Konio330: bets $0.58
DROOPY280791 is disconnected 
DOREN2008RUS: folds 
CaaRus: folds 
Uncalled bet ($0.58) returned to Konio330
Konio330 collected $0.58 from pot
Konio330: doesn't show hand 
*** SUMMARY ***
Total pot $0.60 | Rake $0.02 
Board [3s 4c 2s 2d Th]
Seat 1: baligo666 folded before Flop (didn't bet)
Seat 2: EnglandBaby4 folded before Flop (didn't bet)
Seat 3: DSilver (button) folded before Flop (didn't bet)
Seat 4: CaaRus (small blind) folded on the River
Seat 5: Konio330 (big blind) collected ($0.58)
Seat 6: DOREN2008RUS folded on the River
Seat 8: sadner folded before Flop (didn't bet)
Seat 9: Dorex2007 folded before Flop (didn't bet)



PokerStars Hand #224262816195:  Hold'em No Limit ($0.01/$0.02 USD) - 2021/02/26 23:32:28 PT [2021/02/27 2:32:28 ET]
Table 'Klare' 9-max Seat #4 is the button
Seat 1: baligo666 ($3 in chips) 
Seat 2: EnglandBaby4 ($3.15 in chips) 
Seat 3: DSilver ($2 in chips) 
Seat 4: CaaRus ($1.94 in chips) 
Seat 5: Konio330 ($1.97 in chips) 
Seat 6: DOREN2008RUS ($2.04 in chips) 
Seat 8: sadner ($2 in chips) 
Seat 9: Dorex2007 ($1.55 in chips) 
Konio330: posts small blind $0.01
DOREN2008RUS: posts big blind $0.02
*** HOLE CARDS ***
Dealt to Dorex2007 [Kc As]
sadner: folds 
Dorex2007: raises $0.04 to $0.06
baligo666: folds 
EnglandBaby4: folds 
DSilver: folds 
CaaRus: folds 
Konio330: calls $0.05
DOREN2008RUS: calls $0.04
*** FLOP *** [Ah Tc 2s]
Konio330: checks 
DOREN2008RUS: checks 
Dorex2007: bets $0.09
Konio330: calls $0.09
DOREN2008RUS: folds 
*** TURN *** [Ah Tc 2s] [5h]
Konio330: checks 
Dorex2007: bets $0.18
Konio330: calls $0.18
*** RIVER *** [Ah Tc 2s 5h] [4d]
Konio330: bets $0.35
Dorex2007: calls $0.35
*** SHOW DOWN ***
Konio330: shows [Th 7c] (a pair of Tens)
Dorex2007: shows [Kc As] (a pair of Aces)
Dorex2007 collected $1.37 from pot
*** SUMMARY ***
Total pot $1.42 | Rake $0.05 
Board [Ah Tc 2s 5h 4d]
Seat 1: baligo666 folded before Flop (didn't bet)
Seat 2: EnglandBaby4 folded before Flop (didn't bet)
Seat 3: DSilver folded before Flop (didn't bet)
Seat 4: CaaRus (button) folded before Flop (didn't bet)
Seat 5: Konio330 (small blind) showed [Th 7c] and lost with a pair of Tens
Seat 6: DOREN2008RUS (big blind) folded on the Flop
Seat 8: sadner folded before Flop (didn't bet)
Seat 9: Dorex2007 showed [Kc As] and won ($1.37) with a pair of Aces



PokerStars Hand #224262831558:  Hold'em No Limit ($0.01/$0.02 USD) - 2021/02/26 23:33:36 PT [2021/02/27 2:33:36 ET]
Table 'Klare' 9-max Seat #5 is the button
Seat 1: baligo666 ($3 in chips) 
Seat 2: EnglandBaby4 ($3.15 in chips) 
Seat 3: DSilver ($2 in chips) 
Seat 4: CaaRus ($1.94 in chips) 
Seat 5: Konio330 ($1.29 in chips) 
Seat 6: DOREN2008RUS ($1.98 in chips) 
Seat 8: sadner ($2 in chips) 
Seat 9: Dorex2007 ($2.24 in chips) 
DOREN2008RUS: posts small blind $0.01
sadner: posts big blind $0.02
*** HOLE CARDS ***
Dealt to Dorex2007 [4h 8c]
Dorex2007: folds 
baligo666: folds 
EnglandBaby4: folds 
DSilver has timed out
DSilver: folds 
CaaRus: folds 
Konio330: calls $0.02
DOREN2008RUS: calls $0.01
sadner: checks 
*** FLOP *** [3s 4c Ks]
DOREN2008RUS: bets $0.04
sadner: folds 
Konio330: calls $0.04
*** TURN *** [3s 4c Ks] [7s]
DOREN2008RUS: checks 
Konio330: checks 
*** RIVER *** [3s 4c Ks 7s] [Td]
DOREN2008RUS: checks 
Konio330: bets $0.14
DOREN2008RUS: calls $0.14
*** SHOW DOWN ***
Konio330: shows [8s Ac] (high card Ace)
DOREN2008RUS: shows [3h 4s] (two pair, Fours and Threes)
DOREN2008RUS collected $0.41 from pot
*** SUMMARY ***
Total pot $0.42 | Rake $0.01 
Board [3s 4c Ks 7s Td]
Seat 1: baligo666 folded before Flop (didn't bet)
Seat 2: EnglandBaby4 folded before Flop (didn't bet)
Seat 3: DSilver folded before Flop (didn't bet)
Seat 4: CaaRus folded before Flop (didn't bet)
Seat 5: Konio330 (button) showed [8s Ac] and lost with high card Ace
Seat 6: DOREN2008RUS (small blind) showed [3h 4s] and won ($0.41) with two pair, Fours and Threes
Seat 8: sadner (big blind) folded on the Flop
Seat 9: Dorex2007 folded before Flop (didn't bet)



PokerStars Hand #224262850078:  Hold'em No Limit ($0.01/$0.02 USD) - 2021/02/26 23:34:57 PT [2021/02/27 2:34:57 ET]
Table 'Klare' 9-max Seat #6 is the button
Seat 1: baligo666 ($3 in chips) 
Seat 2: EnglandBaby4 ($3.15 in chips) 
Seat 3: DSilver ($2 in chips) 
Seat 4: CaaRus ($1.94 in chips) 
Seat 5: Konio330 ($1.09 in chips) 
Seat 6: DOREN2008RUS ($2.19 in chips) 
Seat 8: sadner ($2 in chips) 
Seat 9: Dorex2007 ($2.24 in chips) 
sadner: posts small blind $0.01
Dorex2007: posts big blind $0.02
*** HOLE CARDS ***
Dealt to Dorex2007 [6h Td]
baligo666: folds 
EnglandBaby4: raises $0.04 to $0.06
DSilver: folds 
CaaRus: folds 
Konio330: folds 
DOREN2008RUS: calls $0.06
sadner: folds 
Dorex2007: folds 
*** FLOP *** [8d Ks Ts]
EnglandBaby4: bets $0.07
DOREN2008RUS: folds 
Uncalled bet ($0.07) returned to EnglandBaby4
EnglandBaby4 collected $0.14 from pot
EnglandBaby4: doesn't show hand 
*** SUMMARY ***
Total pot $0.15 | Rake $0.01 
Board [8d Ks Ts]
Seat 1: baligo666 folded before Flop (didn't bet)
Seat 2: EnglandBaby4 collected ($0.14)
Seat 3: DSilver folded before Flop (didn't bet)
Seat 4: CaaRus folded before Flop (didn't bet)
Seat 5: Konio330 folded before Flop (didn't bet)
Seat 6: DOREN2008RUS (button) folded on the Flop
Seat 8: sadner (small blind) folded before Flop
Seat 9: Dorex2007 (big blind) folded before Flop



PokerStars Hand #224262858074:  Hold'em No Limit ($0.01/$0.02 USD) - 2021/02/26 23:35:32 PT [2021/02/27 2:35:32 ET]
Table 'Klare' 9-max Seat #8 is the button
Seat 1: baligo666 ($3 in chips) 
Seat 2: EnglandBaby4 ($3.23 in chips) 
Seat 3: DSilver ($2 in chips) 
Seat 4: CaaRus ($1.94 in chips) 
Seat 5: Konio330 ($1.09 in chips) 
Seat 6: DOREN2008RUS ($2.13 in chips) 
Seat 8: sadner ($2 in chips) 
Seat 9: Dorex2007 ($2.22 in chips) 
Dorex2007: posts small blind $0.01
baligo666: posts big blind $0.02
*** HOLE CARDS ***
Dealt to Dorex2007 [7c 4d]
EnglandBaby4: folds 
DSilver: folds 
CaaRus: folds 
Konio330: folds 
DOREN2008RUS: calls $0.02
sadner: folds 
Dorex2007: calls $0.01
baligo666: checks 
*** FLOP *** [6h 2c Tc]
Dorex2007: checks 
baligo666: bets $0.04
DOREN2008RUS: folds 
Dorex2007: folds 
Uncalled bet ($0.04) returned to baligo666
baligo666 collected $0.06 from pot
baligo666: doesn't show hand 
*** SUMMARY ***
Total pot $0.06 | Rake $0 
Board [6h 2c Tc]
Seat 1: baligo666 (big blind) collected ($0.06)
Seat 2: EnglandBaby4 folded before Flop (didn't bet)
Seat 3: DSilver folded before Flop (didn't bet)
Seat 4: CaaRus folded before Flop (didn't bet)
Seat 5: Konio330 folded before Flop (didn't bet)
Seat 6: DOREN2008RUS folded on the Flop
Seat 8: sadner (button) folded before Flop (didn't bet)
Seat 9: Dorex2007 (small blind) folded on the Flop



PokerStars Hand #224262870091:  Hold'em No Limit ($0.01/$0.02 USD) - 2021/02/26 23:36:24 PT [2021/02/27 2:36:24 ET]
Table 'Klare' 9-max Seat #9 is the button
Seat 1: baligo666 ($3.04 in chips) 
Seat 2: EnglandBaby4 ($3.23 in chips) 
Seat 3: DSilver ($2 in chips) 
Seat 4: CaaRus ($1.94 in chips) 
Seat 5: Konio330 ($1.09 in chips) 
Seat 6: DOREN2008RUS ($2.11 in chips) 
Seat 8: sadner ($2 in chips) 
Seat 9: Dorex2007 ($2.20 in chips) 
baligo666: posts small blind $0.01
EnglandBaby4: posts big blind $0.02
*** HOLE CARDS ***
Dealt to Dorex2007 [Ad 2c]
DSilver: folds 
CaaRus: folds 
Konio330: calls $0.02
DOREN2008RUS: calls $0.02
sadner: folds 
Dorex2007: folds 
baligo666: calls $0.01
EnglandBaby4: raises $0.14 to $0.16
Konio330: calls $0.14
DOREN2008RUS: calls $0.14
baligo666: folds 
*** FLOP *** [6c 2d Td]
EnglandBaby4: checks 
Konio330: checks 
DOREN2008RUS: checks 
*** TURN *** [6c 2d Td] [8d]
EnglandBaby4: checks 
Konio330: bets $0.24
DOREN2008RUS: folds 
DOREN2008RUS leaves the table
EnglandBaby4: calls $0.24
*** RIVER *** [6c 2d Td 8d] [Jc]
EnglandBaby4: bets $0.42
Konio330: raises $0.27 to $0.69 and is all-in
EnglandBaby4: calls $0.27
*** SHOW DOWN ***
Konio330: shows [6s 8s] (two pair, Eights and Sixes)
EnglandBaby4: shows [Jd Qd] (a flush, Queen high)
EnglandBaby4 collected $2.28 from pot
*** SUMMARY ***
Total pot $2.36 | Rake $0.08 
Board [6c 2d Td 8d Jc]
Seat 1: baligo666 (small blind) folded before Flop
Seat 2: EnglandBaby4 (big blind) showed [Jd Qd] and won ($2.28) with a flush, Queen high
Seat 3: DSilver folded before Flop (didn't bet)
Seat 4: CaaRus folded before Flop (didn't bet)
Seat 5: Konio330 showed [6s 8s] and lost with two pair, Eights and Sixes
Seat 6: DOREN2008RUS folded on the Turn
Seat 8: sadner folded before Flop (didn't bet)
Seat 9: Dorex2007 (button) folded before Flop (didn't bet)



PokerStars Hand #224262898919:  Hold'em No Limit ($0.01/$0.02 USD) - 2021/02/26 23:38:32 PT [2021/02/27 2:38:32 ET]
Table 'Klare' 9-max Seat #1 is the button
Seat 1: baligo666 ($3.02 in chips) 
Seat 2: EnglandBaby4 ($4.42 in chips) 
Seat 3: DSilver ($2 in chips) 
Seat 4: CaaRus ($1.94 in chips) 
Seat 8: sadner ($2 in chips) 
Seat 9: Dorex2007 ($2.20 in chips) 
EnglandBaby4: posts small blind $0.01
DSilver: posts big blind $0.02
*** HOLE CARDS ***
Dealt to Dorex2007 [Kc Tc]
CaaRus: folds 
Konio330 leaves the table
sadner: raises $0.04 to $0.06
Dorex2007: calls $0.06
baligo666: calls $0.06
EnglandBaby4: folds 
DSilver: folds 
*** FLOP *** [Ks 5s 7d]
sadner: checks 
Dorex2007: bets $0.10
baligo666: folds 
sadner: folds 
Uncalled bet ($0.10) returned to Dorex2007
Dorex2007 collected $0.20 from pot
Dorex2007: doesn't show hand 
*** SUMMARY ***
Total pot $0.21 | Rake $0.01 
Board [Ks 5s 7d]
Seat 1: baligo666 (button) folded on the Flop
Seat 2: EnglandBaby4 (small blind) folded before Flop
Seat 3: DSilver (big blind) folded before Flop
Seat 4: CaaRus folded before Flop (didn't bet)
Seat 8: sadner folded on the Flop
Seat 9: Dorex2007 collected ($0.20)



PokerStars Hand #224262908155:  Hold'em No Limit ($0.01/$0.02 USD) - 2021/02/26 23:39:12 PT [2021/02/27 2:39:12 ET]
Table 'Klare' 9-max Seat #2 is the button
Seat 1: baligo666 ($2.96 in chips) 
Seat 2: EnglandBaby4 ($4.41 in chips) 
Seat 3: DSilver ($2 in chips) 
Seat 4: CaaRus ($1.94 in chips) 
Seat 8: sadner ($2 in chips) 
Seat 9: Dorex2007 ($2.34 in chips) 
DSilver: posts small blind $0.01
CaaRus: posts big blind $0.02
*** HOLE CARDS ***
Dealt to Dorex2007 [Jc 9h]
sadner: folds 
Dorex2007: folds 
baligo666: folds 
EnglandBaby4: folds 
DSilver: folds 
Uncalled bet ($0.01) returned to CaaRus
CaaRus collected $0.02 from pot
CaaRus: doesn't show hand 
*** SUMMARY ***
Total pot $0.02 | Rake $0 
Seat 1: baligo666 folded before Flop (didn't bet)
Seat 2: EnglandBaby4 (button) folded before Flop (didn't bet)
Seat 3: DSilver (small blind) folded before Flop
Seat 4: CaaRus (big blind) collected ($0.02)
Seat 8: sadner folded before Flop (didn't bet)
Seat 9: Dorex2007 folded before Flop (didn't bet)



PokerStars Hand #224262911441:  Hold'em No Limit ($0.01/$0.02 USD) - 2021/02/26 23:39:27 PT [2021/02/27 2:39:27 ET]
Table 'Klare' 9-max Seat #3 is the button
Seat 1: baligo666 ($2.96 in chips) 
Seat 2: EnglandBaby4 ($4.41 in chips) 
Seat 3: DSilver ($2 in chips) 
Seat 4: CaaRus ($1.95 in chips) 
Seat 8: sadner ($2 in chips) 
Seat 9: Dorex2007 ($2.34 in chips) 
CaaRus: posts small blind $0.01
sadner: posts big blind $0.02
*** HOLE CARDS ***
Dealt to Dorex2007 [3s 9s]
Dorex2007: folds 
baligo666: folds 
EnglandBaby4: folds 
DSilver: folds 
CaaRus: folds 
Uncalled bet ($0.01) returned to sadner
sadner collected $0.02 from pot
DROOPY280791 was removed from the table for failing to post
DROOPY280791 leaves the table
sadner: doesn't show hand 
*** SUMMARY ***
Total pot $0.02 | Rake $0 
Seat 1: baligo666 folded before Flop (didn't bet)
Seat 2: EnglandBaby4 folded before Flop (didn't bet)
Seat 3: DSilver (button) folded before Flop (didn't bet)
Seat 4: CaaRus (small blind) folded before Flop
Seat 8: sadner (big blind) collected ($0.02)
Seat 9: Dorex2007 folded before Flop (didn't bet)



PokerStars Hand #224262913957:  Hold'em No Limit ($0.01/$0.02 USD) - 2021/02/26 23:39:37 PT [2021/02/27 2:39:37 ET]
Table 'Klare' 9-max Seat #4 is the button
Seat 1: baligo666 ($2.96 in chips) 
Seat 2: EnglandBaby4 ($4.41 in chips) 
Seat 3: DSilver ($2 in chips) 
Seat 4: CaaRus ($1.94 in chips) 
Seat 8: sadner ($2.01 in chips) 
Seat 9: Dorex2007 ($2.34 in chips) 
sadner: posts small blind $0.01
Dorex2007: posts big blind $0.02
*** HOLE CARDS ***
Dealt to Dorex2007 [8c Ah]
baligo666: folds 
invisilbeman69 joins the table at seat #6 
EnglandBaby4 has timed out
EnglandBaby4: folds 
DSilver: folds 
CaaRus: folds 
sadner: folds 
Uncalled bet ($0.01) returned to Dorex2007
Dorex2007 collected $0.02 from pot
Dorex2007: doesn't show hand 
*** SUMMARY ***
Total pot $0.02 | Rake $0 
Seat 1: baligo666 folded before Flop (didn't bet)
Seat 2: EnglandBaby4 folded before Flop (didn't bet)
Seat 3: DSilver folded before Flop (didn't bet)
Seat 4: CaaRus (button) folded before Flop (didn't bet)
Seat 8: sadner (small blind) folded before Flop
Seat 9: Dorex2007 (big blind) collected ($0.02)



PokerStars Hand #224262919258:  Hold'em No Limit ($0.01/$0.02 USD) - 2021/02/26 23:40:01 PT [2021/02/27 2:40:01 ET]
Table 'Klare' 9-max Seat #8 is the button
Seat 1: baligo666 ($2.96 in chips) 
Seat 2: EnglandBaby4 ($4.41 in chips) 
Seat 3: DSilver ($2 in chips) 
Seat 4: CaaRus ($1.94 in chips) 
Seat 8: sadner ($2 in chips) 
Seat 9: Dorex2007 ($2.35 in chips) 
Dorex2007: posts small blind $0.01
baligo666: posts big blind $0.02
invisilbeman69: sits out 
*** HOLE CARDS ***
Dealt to Dorex2007 [8s 4h]
EnglandBaby4: calls $0.02
DSilver: folds 
CaaRus: folds 
sadner: raises $0.04 to $0.06
Dorex2007: folds 
baligo666: calls $0.04
srboche joins the table at seat #5 
EnglandBaby4: calls $0.04
*** FLOP *** [3d 2d Js]
baligo666: checks 
EnglandBaby4: checks 
sadner: checks 
*** TURN *** [3d 2d Js] [Ac]
baligo666: checks 
alexvgb444 joins the table at seat #7 
EnglandBaby4: checks 
sadner: checks 
*** RIVER *** [3d 2d Js Ac] [3c]
baligo666: checks 
EnglandBaby4: checks 
sadner: checks 
*** SHOW DOWN ***
baligo666: shows [6d 4c] (a pair of Threes)
EnglandBaby4: shows [Kd 8d] (a pair of Threes - Ace+King kicker)
sadner: shows [Qc Kc] (a pair of Threes - Ace+King+Queen kicker)
sadner collected $0.18 from pot
*** SUMMARY ***
Total pot $0.19 | Rake $0.01 
Board [3d 2d Js Ac 3c]
Seat 1: baligo666 (big blind) showed [6d 4c] and lost with a pair of Threes
Seat 2: EnglandBaby4 showed [Kd 8d] and lost with a pair of Threes
Seat 3: DSilver folded before Flop (didn't bet)
Seat 4: CaaRus folded before Flop (didn't bet)
Seat 8: sadner (button) showed [Qc Kc] and won ($0.18) with a pair of Threes
Seat 9: Dorex2007 (small blind) folded before Flop



PokerStars Hand #224262937008:  Hold'em No Limit ($0.01/$0.02 USD) - 2021/02/26 23:41:17 PT [2021/02/27 2:41:17 ET]
Table 'Klare' 9-max Seat #9 is the button
Seat 1: baligo666 ($2.90 in chips) 
Seat 2: EnglandBaby4 ($4.35 in chips) 
Seat 3: DSilver ($2 in chips) 
Seat 4: CaaRus ($1.94 in chips) 
Seat 5: srboche ($0.80 in chips) 
Seat 6: invisilbeman69 ($0.80 in chips) 
Seat 7: alexvgb444 ($0.80 in chips) 
Seat 8: sadner ($2.12 in chips) 
Seat 9: Dorex2007 ($2.34 in chips) 
baligo666: posts small blind $0.01
EnglandBaby4: posts big blind $0.02
srboche: posts big blind $0.02
invisilbeman69: posts big blind $0.02
alexvgb444: posts big blind $0.02
*** HOLE CARDS ***
Dealt to Dorex2007 [4s 7c]
DSilver: raises $0.12 to $0.14
CaaRus: folds 
srboche: folds 
invisilbeman69: folds 
alexvgb444: folds 
sadner: folds 
Dorex2007: folds 
baligo666: calls $0.13
EnglandBaby4: folds 
*** FLOP *** [2s 6c 3d]
baligo666: checks 
DSilver: checks 
*** TURN *** [2s 6c 3d] [7h]
baligo666: checks 
DSilver: checks 
*** RIVER *** [2s 6c 3d 7h] [Td]
baligo666: checks 
DSilver: checks 
*** SHOW DOWN ***
baligo666: shows [3h 3s] (three of a kind, Threes)
DSilver: mucks hand 
baligo666 collected $0.35 from pot
*** SUMMARY ***
Total pot $0.36 | Rake $0.01 
Board [2s 6c 3d 7h Td]
Seat 1: baligo666 (small blind) showed [3h 3s] and won ($0.35) with three of a kind, Threes
Seat 2: EnglandBaby4 (big blind) folded before Flop
Seat 3: DSilver mucked [Tc Kc]
Seat 4: CaaRus folded before Flop (didn't bet)
Seat 5: srboche folded before Flop (didn't bet)
Seat 6: invisilbeman69 folded before Flop (didn't bet)
Seat 7: alexvgb444 folded before Flop (didn't bet)
Seat 8: sadner folded before Flop (didn't bet)
Seat 9: Dorex2007 (button) folded before Flop (didn't bet)



PokerStars Hand #224262953190:  Hold'em No Limit ($0.01/$0.02 USD) - 2021/02/26 23:42:28 PT [2021/02/27 2:42:28 ET]
Table 'Klare' 9-max Seat #1 is the button
Seat 1: baligo666 ($3.11 in chips) 
Seat 2: EnglandBaby4 ($4.33 in chips) 
Seat 3: DSilver ($2 in chips) 
Seat 4: CaaRus ($1.94 in chips) 
Seat 5: srboche ($0.78 in chips) 
Seat 6: invisilbeman69 ($0.78 in chips) 
Seat 7: alexvgb444 ($0.78 in chips) 
Seat 8: sadner ($2.12 in chips) 
Seat 9: Dorex2007 ($2.34 in chips) 
EnglandBaby4: posts small blind $0.01
DSilver: posts big blind $0.02
*** HOLE CARDS ***
Dealt to Dorex2007 [7h 5h]
CaaRus: folds 
CaaRus leaves the table
srboche: folds 
invisilbeman69: folds 
alexvgb444: folds 
sadner: folds 
Dorex2007: folds 
baligo666: folds 
EnglandBaby4: raises $0.04 to $0.06
DSilver: calls $0.04
*** FLOP *** [Th Ac Kh]
EnglandBaby4: bets $0.06
DSilver: folds 
Uncalled bet ($0.06) returned to EnglandBaby4
EnglandBaby4 collected $0.12 from pot
EnglandBaby4: doesn't show hand 
*** SUMMARY ***
Total pot $0.12 | Rake $0 
Board [Th Ac Kh]
Seat 1: baligo666 (button) folded before Flop (didn't bet)
Seat 2: EnglandBaby4 (small blind) collected ($0.12)
Seat 3: DSilver (big blind) folded on the Flop
Seat 4: CaaRus folded before Flop (didn't bet)
Seat 5: srboche folded before Flop (didn't bet)
Seat 6: invisilbeman69 folded before Flop (didn't bet)
Seat 7: alexvgb444 folded before Flop (didn't bet)
Seat 8: sadner folded before Flop (didn't bet)
Seat 9: Dorex2007 folded before Flop (didn't bet)



PokerStars Hand #224262960678:  Hold'em No Limit ($0.01/$0.02 USD) - 2021/02/26 23:43:00 PT [2021/02/27 2:43:00 ET]
Table 'Klare' 9-max Seat #2 is the button
Seat 1: baligo666 ($3.11 in chips) 
Seat 2: EnglandBaby4 ($4.39 in chips) 
Seat 3: DSilver ($2 in chips) 
Seat 5: srboche ($0.78 in chips) 
Seat 6: invisilbeman69 ($0.78 in chips) 
Seat 7: alexvgb444 ($0.78 in chips) 
Seat 8: sadner ($2.12 in chips) 
Seat 9: Dorex2007 ($2.34 in chips) 
DSilver: posts small blind $0.01
srboche: posts big blind $0.02
*** HOLE CARDS ***
Dealt to Dorex2007 [7h 9s]
Igor49570 joins the table at seat #4 
invisilbeman69: folds 
alexvgb444: folds 
sadner: folds 
Dorex2007: folds 
baligo666: raises $0.03 to $0.05
EnglandBaby4: raises $0.09 to $0.14
DSilver: folds 
srboche: folds 
baligo666: calls $0.09
*** FLOP *** [4d 5c Kc]
srboche leaves the table
baligo666: checks 
EnglandBaby4: bets $0.12
baligo666: calls $0.12
*** TURN *** [4d 5c Kc] [9h]
baligo666: checks 
EnglandBaby4: bets $0.32
baligo666: folds 
Uncalled bet ($0.32) returned to EnglandBaby4
EnglandBaby4 collected $0.53 from pot
EnglandBaby4: doesn't show hand 
*** SUMMARY ***
Total pot $0.55 | Rake $0.02 
Board [4d 5c Kc 9h]
Seat 1: baligo666 folded on the Turn
Seat 2: EnglandBaby4 (button) collected ($0.53)
Seat 3: DSilver (small blind) folded before Flop
Seat 5: srboche (big blind) folded before Flop
Seat 6: invisilbeman69 folded before Flop (didn't bet)
Seat 7: alexvgb444 folded before Flop (didn't bet)
Seat 8: sadner folded before Flop (didn't bet)
Seat 9: Dorex2007 folded before Flop (didn't bet)



PokerStars Hand #224262973957:  Hold'em No Limit ($0.01/$0.02 USD) - 2021/02/26 23:43:58 PT [2021/02/27 2:43:58 ET]
Table 'Klare' 9-max Seat #3 is the button
Seat 1: baligo666 ($2.85 in chips) 
Seat 2: EnglandBaby4 ($4.66 in chips) 
Seat 3: DSilver ($2 in chips) 
Seat 6: invisilbeman69 ($0.78 in chips) 
Seat 7: alexvgb444 ($0.78 in chips) 
Seat 8: sadner ($2.12 in chips) 
Seat 9: Dorex2007 ($2.34 in chips) 
invisilbeman69: posts small blind $0.01
alexvgb444: posts big blind $0.02
*** HOLE CARDS ***
Dealt to Dorex2007 [2c Ad]
rad073 joins the table at seat #5 
sadner has timed out
sadner: folds 
Dorex2007: folds 
baligo666: folds 
EnglandBaby4: raises $0.04 to $0.06
DSilver: folds 
invisilbeman69: folds 
alexvgb444: folds 
Uncalled bet ($0.04) returned to EnglandBaby4
EnglandBaby4 collected $0.05 from pot
EnglandBaby4: doesn't show hand 
*** SUMMARY ***
Total pot $0.05 | Rake $0 
Seat 1: baligo666 folded before Flop (didn't bet)
Seat 2: EnglandBaby4 collected ($0.05)
Seat 3: DSilver (button) folded before Flop (didn't bet)
Seat 6: invisilbeman69 (small blind) folded before Flop
Seat 7: alexvgb444 (big blind) folded before Flop
Seat 8: sadner folded before Flop (didn't bet)
Seat 9: Dorex2007 folded before Flop (didn't bet)



PokerStars Hand #224262979432:  Hold'em No Limit ($0.01/$0.02 USD) - 2021/02/26 23:44:22 PT [2021/02/27 2:44:22 ET]
Table 'Klare' 9-max Seat #6 is the button
Seat 1: baligo666 ($2.85 in chips) 
Seat 2: EnglandBaby4 ($4.69 in chips) 
Seat 3: DSilver ($2 in chips) 
Seat 5: rad073 ($1 in chips) 
Seat 6: invisilbeman69 ($0.77 in chips) 
Seat 7: alexvgb444 ($0.76 in chips) 
Seat 8: sadner ($2.12 in chips) 
Seat 9: Dorex2007 ($2.34 in chips) 
alexvgb444: posts small blind $0.01
sadner: posts big blind $0.02
Igor49570: sits out 
rad073: posts big blind $0.02
*** HOLE CARDS ***
Dealt to Dorex2007 [2c As]
Dorex2007: folds 
baligo666: raises $0.03 to $0.05
EnglandBaby4: calls $0.05
DSilver: folds 
rad073: calls $0.03
invisilbeman69: folds 
alexvgb444: calls $0.04
sadner: calls $0.03
*** FLOP *** [Ts Ad 2d]
alexvgb444: checks 
rad073 is disconnected 
sadner: checks 
baligo666: checks 
EnglandBaby4: checks 
rad073: checks 
*** TURN *** [Ts Ad 2d] [3c]
alexvgb444: checks 
sadner: checks 
baligo666: bets $0.12
EnglandBaby4: folds 
rad073: calls $0.12
alexvgb444: folds 
sadner: folds 
*** RIVER *** [Ts Ad 2d 3c] [9c]
baligo666: bets $0.11
rad073: folds 
Uncalled bet ($0.11) returned to baligo666
baligo666 collected $0.47 from pot
baligo666: doesn't show hand 
*** SUMMARY ***
Total pot $0.49 | Rake $0.02 
Board [Ts Ad 2d 3c 9c]
Seat 1: baligo666 collected ($0.47)
Seat 2: EnglandBaby4 folded on the Turn
Seat 3: DSilver folded before Flop (didn't bet)
Seat 5: rad073 folded on the River
Seat 6: invisilbeman69 (button) folded before Flop (didn't bet)
Seat 7: alexvgb444 (small blind) folded on the Turn
Seat 8: sadner (big blind) folded on the Turn
Seat 9: Dorex2007 folded before Flop (didn't bet)



PokerStars Hand #224262997773:  Hold'em No Limit ($0.01/$0.02 USD) - 2021/02/26 23:45:44 PT [2021/02/27 2:45:44 ET]
Table 'Klare' 9-max Seat #7 is the button
Seat 1: baligo666 ($3.15 in chips) 
Seat 2: EnglandBaby4 ($4.64 in chips) 
Seat 3: DSilver ($2 in chips) 
Seat 5: rad073 ($0.83 in chips) 
Seat 6: invisilbeman69 ($0.77 in chips) 
Seat 7: alexvgb444 ($0.71 in chips) 
Seat 8: sadner ($2.07 in chips) 
Seat 9: Dorex2007 ($2.34 in chips) 
sadner: posts small blind $0.01
Dorex2007: posts big blind $0.02
Igor49570: sits out 
*** HOLE CARDS ***
Dealt to Dorex2007 [2s Jc]
baligo666: folds 
EnglandBaby4: folds 
DSilver: raises $0.05 to $0.07
rad073: folds 
invisilbeman69: folds 
alexvgb444: folds 
sadner: folds 
Dorex2007: folds 
Uncalled bet ($0.05) returned to DSilver
DSilver collected $0.05 from pot
DSilver: doesn't show hand 
*** SUMMARY ***
Total pot $0.05 | Rake $0 
Seat 1: baligo666 folded before Flop (didn't bet)
Seat 2: EnglandBaby4 folded before Flop (didn't bet)
Seat 3: DSilver collected ($0.05)
Seat 5: rad073 folded before Flop (didn't bet)
Seat 6: invisilbeman69 folded before Flop (didn't bet)
Seat 7: alexvgb444 (button) folded before Flop (didn't bet)
Seat 8: sadner (small blind) folded before Flop
Seat 9: Dorex2007 (big blind) folded before Flop



PokerStars Hand #224263003560:  Hold'em No Limit ($0.01/$0.02 USD) - 2021/02/26 23:46:09 PT [2021/02/27 2:46:09 ET]
Table 'Klare' 9-max Seat #8 is the button
Seat 1: baligo666 ($3.15 in chips) 
Seat 2: EnglandBaby4 ($4.64 in chips) 
Seat 3: DSilver ($2.03 in chips) 
Seat 5: rad073 ($0.83 in chips) 
Seat 6: invisilbeman69 ($0.77 in chips) 
Seat 7: alexvgb444 ($0.71 in chips) 
Seat 8: sadner ($2.06 in chips) 
Seat 9: Dorex2007 ($2.32 in chips) 
Dorex2007: posts small blind $0.01
baligo666: posts big blind $0.02
Igor49570: sits out 
*** HOLE CARDS ***
Dealt to Dorex2007 [4h 9s]
EnglandBaby4: folds 
DSilver: folds 
rad073: raises $0.10 to $0.12
invisilbeman69: folds 
alexvgb444: folds 
sadner: folds 
Dorex2007: folds 
baligo666: folds 
Uncalled bet ($0.10) returned to rad073
rad073 collected $0.05 from pot
rad073: doesn't show hand 
*** SUMMARY ***
Total pot $0.05 | Rake $0 
Seat 1: baligo666 (big blind) folded before Flop
Seat 2: EnglandBaby4 folded before Flop (didn't bet)
Seat 3: DSilver folded before Flop (didn't bet)
Seat 5: rad073 collected ($0.05)
Seat 6: invisilbeman69 folded before Flop (didn't bet)
Seat 7: alexvgb444 folded before Flop (didn't bet)
Seat 8: sadner (button) folded before Flop (didn't bet)
Seat 9: Dorex2007 (small blind) folded before Flop



PokerStars Hand #224263011406:  Hold'em No Limit ($0.01/$0.02 USD) - 2021/02/26 23:46:43 PT [2021/02/27 2:46:43 ET]
Table 'Klare' 9-max Seat #9 is the button
Seat 1: baligo666 ($3.13 in chips) 
Seat 2: EnglandBaby4 ($4.64 in chips) 
Seat 3: DSilver ($2.03 in chips) 
Seat 5: rad073 ($0.86 in chips) 
Seat 6: invisilbeman69 ($0.77 in chips) 
Seat 7: alexvgb444 ($0.71 in chips) 
Seat 8: sadner ($2.06 in chips) 
Seat 9: Dorex2007 ($2.31 in chips) 
baligo666: posts small blind $0.01
EnglandBaby4: posts big blind $0.02
Igor49570: sits out 
*** HOLE CARDS ***
Dealt to Dorex2007 [9d Qd]
DSilver: folds 
rad073: folds 
invisilbeman69: calls $0.02
alexvgb444: calls $0.02
sadner: folds 
Dorex2007: folds 
baligo666: calls $0.01
EnglandBaby4: checks 
*** FLOP *** [Kd 6c Th]
baligo666: checks 
EnglandBaby4: bets $0.04
invisilbeman69: calls $0.04
alexvgb444: calls $0.04
baligo666: folds 
*** TURN *** [Kd 6c Th] [As]
EnglandBaby4: checks 
invisilbeman69: checks 
alexvgb444: checks 
*** RIVER *** [Kd 6c Th As] [2c]
EnglandBaby4: checks 
invisilbeman69: checks 
alexvgb444: checks 
*** SHOW DOWN ***
EnglandBaby4: shows [Ks 7d] (a pair of Kings)
invisilbeman69: shows [Kc Qh] (a pair of Kings - Ace+Queen kicker)
alexvgb444: mucks hand 
invisilbeman69 collected $0.19 from pot
*** SUMMARY ***
Total pot $0.20 | Rake $0.01 
Board [Kd 6c Th As 2c]
Seat 1: baligo666 (small blind) folded on the Flop
Seat 2: EnglandBaby4 (big blind) showed [Ks 7d] and lost with a pair of Kings
Seat 3: DSilver folded before Flop (didn't bet)
Seat 5: rad073 folded before Flop (didn't bet)
Seat 6: invisilbeman69 showed [Kc Qh] and won ($0.19) with a pair of Kings
Seat 7: alexvgb444 mucked [9h 6h]
Seat 8: sadner folded before Flop (didn't bet)
Seat 9: Dorex2007 (button) folded before Flop (didn't bet)



PokerStars Hand #224263024448:  Hold'em No Limit ($0.01/$0.02 USD) - 2021/02/26 23:47:40 PT [2021/02/27 2:47:40 ET]
Table 'Klare' 9-max Seat #1 is the button
Seat 1: baligo666 ($3.11 in chips) 
Seat 2: EnglandBaby4 ($4.58 in chips) 
Seat 3: DSilver ($2.03 in chips) 
Seat 5: rad073 ($0.86 in chips) 
Seat 6: invisilbeman69 ($0.90 in chips) 
Seat 7: alexvgb444 ($0.65 in chips) 
Seat 8: sadner ($2.06 in chips) 
Seat 9: Dorex2007 ($2.31 in chips) 
EnglandBaby4: posts small blind $0.01
DSilver: posts big blind $0.02
Igor49570: sits out 
*** HOLE CARDS ***
Dealt to Dorex2007 [Qd Ad]
rad073: folds 
invisilbeman69: calls $0.02
alexvgb444: folds 
sadner: folds 
Dorex2007: raises $0.04 to $0.06
baligo666: folds 
EnglandBaby4: folds 
DSilver: folds 
invisilbeman69: calls $0.04
*** FLOP *** [Tc 4d 5s]
invisilbeman69: checks 
Dorex2007: bets $0.11
invisilbeman69: raises $0.11 to $0.22
Dorex2007: calls $0.11
*** TURN *** [Tc 4d 5s] [9c]
invisilbeman69: bets $0.62 and is all-in
Dorex2007: folds 
Uncalled bet ($0.62) returned to invisilbeman69
invisilbeman69 collected $0.57 from pot
invisilbeman69: doesn't show hand 
*** SUMMARY ***
Total pot $0.59 | Rake $0.02 
Board [Tc 4d 5s 9c]
Seat 1: baligo666 (button) folded before Flop (didn't bet)
Seat 2: EnglandBaby4 (small blind) folded before Flop
Seat 3: DSilver (big blind) folded before Flop
Seat 5: rad073 folded before Flop (didn't bet)
Seat 6: invisilbeman69 collected ($0.57)
Seat 7: alexvgb444 folded before Flop (didn't bet)
Seat 8: sadner folded before Flop (didn't bet)
Seat 9: Dorex2007 folded on the Turn



PokerStars Hand #224263036208:  Hold'em No Limit ($0.01/$0.02 USD) - 2021/02/26 23:48:31 PT [2021/02/27 2:48:31 ET]
Table 'Klare' 9-max Seat #2 is the button
Seat 1: baligo666 ($3.11 in chips) 
Seat 2: EnglandBaby4 ($4.57 in chips) 
Seat 3: DSilver ($2.01 in chips) 
Seat 4: Igor49570 ($1.60 in chips) 
Seat 5: rad073 ($0.86 in chips) 
Seat 6: invisilbeman69 ($1.19 in chips) 
Seat 7: alexvgb444 ($0.65 in chips) 
Seat 8: sadner ($2.06 in chips) 
Seat 9: Dorex2007 ($2.03 in chips) 
DSilver: posts small blind $0.01
Igor49570: posts big blind $0.02
*** HOLE CARDS ***
Dealt to Dorex2007 [9s 6s]
rad073: folds 
invisilbeman69: folds 
alexvgb444: folds 
sadner: folds 
invisilbeman69 said, "gf"
Dorex2007: folds 
baligo666: folds 
EnglandBaby4: raises $0.04 to $0.06
DSilver: folds 
Igor49570: folds 
Uncalled bet ($0.04) returned to EnglandBaby4
EnglandBaby4 collected $0.05 from pot
EnglandBaby4: doesn't show hand 
*** SUMMARY ***
Total pot $0.05 | Rake $0 
Seat 1: baligo666 folded before Flop (didn't bet)
Seat 2: EnglandBaby4 (button) collected ($0.05)
Seat 3: DSilver (small blind) folded before Flop
Seat 4: Igor49570 (big blind) folded before Flop
Seat 5: rad073 folded before Flop (didn't bet)
Seat 6: invisilbeman69 folded before Flop (didn't bet)
Seat 7: alexvgb444 folded before Flop (didn't bet)
Seat 8: sadner folded before Flop (didn't bet)
Seat 9: Dorex2007 folded before Flop (didn't bet)



PokerStars Hand #224263041107:  Hold'em No Limit ($0.01/$0.02 USD) - 2021/02/26 23:48:52 PT [2021/02/27 2:48:52 ET]
Table 'Klare' 9-max Seat #3 is the button
Seat 1: baligo666 ($3.11 in chips) 
Seat 2: EnglandBaby4 ($4.60 in chips) 
Seat 3: DSilver ($2 in chips) 
Seat 4: Igor49570 ($1.58 in chips) 
Seat 5: rad073 ($0.86 in chips) 
Seat 6: invisilbeman69 ($1.19 in chips) 
Seat 7: alexvgb444 ($0.65 in chips) 
Seat 8: sadner ($2.06 in chips) 
Seat 9: Dorex2007 ($2.03 in chips) 
Igor49570: posts small blind $0.01
rad073: posts big blind $0.02
*** HOLE CARDS ***
Dealt to Dorex2007 [7s Jh]
invisilbeman69: folds 
alexvgb444: folds 
sadner: raises $0.04 to $0.06
Dorex2007: folds 
baligo666: folds 
EnglandBaby4: folds 
DSilver: folds 
Igor49570: folds 
rad073: folds 
Uncalled bet ($0.04) returned to sadner
sadner collected $0.05 from pot
sadner: doesn't show hand 
*** SUMMARY ***
Total pot $0.05 | Rake $0 
Seat 1: baligo666 folded before Flop (didn't bet)
Seat 2: EnglandBaby4 folded before Flop (didn't bet)
Seat 3: DSilver (button) folded before Flop (didn't bet)
Seat 4: Igor49570 (small blind) folded before Flop
Seat 5: rad073 (big blind) folded before Flop
Seat 6: invisilbeman69 folded before Flop (didn't bet)
Seat 7: alexvgb444 folded before Flop (didn't bet)
Seat 8: sadner collected ($0.05)
Seat 9: Dorex2007 folded before Flop (didn't bet)



PokerStars Hand #224263046344:  Hold'em No Limit ($0.01/$0.02 USD) - 2021/02/26 23:49:15 PT [2021/02/27 2:49:15 ET]
Table 'Klare' 9-max Seat #4 is the button
Seat 1: baligo666 ($3.11 in chips) 
Seat 2: EnglandBaby4 ($4.60 in chips) 
Seat 3: DSilver ($2 in chips) 
Seat 4: Igor49570 ($1.57 in chips) 
Seat 5: rad073 ($0.84 in chips) 
Seat 6: invisilbeman69 ($1.19 in chips) 
Seat 7: alexvgb444 ($0.65 in chips) 
Seat 8: sadner ($2.09 in chips) 
Seat 9: Dorex2007 ($2.03 in chips) 
rad073: posts small blind $0.01
invisilbeman69: posts big blind $0.02
*** HOLE CARDS ***
Dealt to Dorex2007 [8h 9s]
alexvgb444: calls $0.02
sadner: folds 
Dorex2007: folds 
baligo666: folds 
EnglandBaby4: raises $0.06 to $0.08
DSilver: calls $0.08
Igor49570: folds 
rad073: folds 
invisilbeman69: folds 
alexvgb444: calls $0.06
*** FLOP *** [2d 3s 2h]
alexvgb444: checks 
EnglandBaby4: checks 
DSilver: checks 
*** TURN *** [2d 3s 2h] [Td]
alexvgb444: bets $0.06
EnglandBaby4: folds 
DSilver: calls $0.06
*** RIVER *** [2d 3s 2h Td] [7s]
alexvgb444: checks 
DSilver: bets $0.20
alexvgb444: folds 
Uncalled bet ($0.20) returned to DSilver
DSilver collected $0.38 from pot
DSilver: doesn't show hand 
*** SUMMARY ***
Total pot $0.39 | Rake $0.01 
Board [2d 3s 2h Td 7s]
Seat 1: baligo666 folded before Flop (didn't bet)
Seat 2: EnglandBaby4 folded on the Turn
Seat 3: DSilver collected ($0.38)
Seat 4: Igor49570 (button) folded before Flop (didn't bet)
Seat 5: rad073 (small blind) folded before Flop
Seat 6: invisilbeman69 (big blind) folded before Flop
Seat 7: alexvgb444 folded on the River
Seat 8: sadner folded before Flop (didn't bet)
Seat 9: Dorex2007 folded before Flop (didn't bet)



PokerStars Hand #224263061493:  Hold'em No Limit ($0.01/$0.02 USD) - 2021/02/26 23:50:19 PT [2021/02/27 2:50:19 ET]
Table 'Klare' 9-max Seat #5 is the button
Seat 1: baligo666 ($3.11 in chips) 
Seat 2: EnglandBaby4 ($4.52 in chips) 
Seat 3: DSilver ($2.24 in chips) 
Seat 4: Igor49570 ($1.57 in chips) 
Seat 5: rad073 ($0.83 in chips) 
Seat 6: invisilbeman69 ($1.17 in chips) 
Seat 7: alexvgb444 ($0.51 in chips) 
Seat 8: sadner ($2.09 in chips) 
Seat 9: Dorex2007 ($2.03 in chips) 
invisilbeman69: posts small blind $0.01
alexvgb444: posts big blind $0.02
*** HOLE CARDS ***
Dealt to Dorex2007 [9c 7c]
sadner: folds 
Dorex2007: folds 
baligo666: folds 
EnglandBaby4: raises $0.04 to $0.06
DSilver: calls $0.06
Igor49570: folds 
rad073: folds 
invisilbeman69: folds 
alexvgb444: calls $0.04
*** FLOP *** [Ks 7s Td]
alexvgb444: checks 
EnglandBaby4: checks 
DSilver: bets $0.12
alexvgb444: calls $0.12
EnglandBaby4: calls $0.12
*** TURN *** [Ks 7s Td] [Qh]
alexvgb444: bets $0.33 and is all-in
EnglandBaby4: folds 
DSilver: folds 
Uncalled bet ($0.33) returned to alexvgb444
alexvgb444 collected $0.53 from pot
*** SUMMARY ***
Total pot $0.55 | Rake $0.02 
Board [Ks 7s Td Qh]
Seat 1: baligo666 folded before Flop (didn't bet)
Seat 2: EnglandBaby4 folded on the Turn
Seat 3: DSilver folded on the Turn
Seat 4: Igor49570 folded before Flop (didn't bet)
Seat 5: rad073 (button) folded before Flop (didn't bet)
Seat 6: invisilbeman69 (small blind) folded before Flop
Seat 7: alexvgb444 (big blind) collected ($0.53)
Seat 8: sadner folded before Flop (didn't bet)
Seat 9: Dorex2007 folded before Flop (didn't bet)



PokerStars Hand #224263083641:  Hold'em No Limit ($0.01/$0.02 USD) - 2021/02/26 23:51:29 PT [2021/02/27 2:51:29 ET]
Table 'Klare' 9-max Seat #6 is the button
Seat 1: baligo666 ($3.11 in chips) 
Seat 2: EnglandBaby4 ($4.34 in chips) 
Seat 3: DSilver ($2.06 in chips) 
Seat 4: Igor49570 ($1.57 in chips) 
Seat 5: rad073 ($0.83 in chips) 
Seat 6: invisilbeman69 ($1.16 in chips) 
Seat 7: alexvgb444 ($0.86 in chips) 
Seat 9: Dorex2007 ($2.03 in chips) 
alexvgb444: posts small blind $0.01
sadner: is sitting out 
sadner leaves the table
Dorex2007: posts big blind $0.02
*** HOLE CARDS ***
Dealt to Dorex2007 [5s Ts]
baligo666: folds 
EnglandBaby4: raises $0.02 to $0.04
DSilver: calls $0.04
Igor49570: folds 
rad073: folds 
invisilbeman69: folds 
alexvgb444: folds 
Dorex2007: calls $0.02
*** FLOP *** [8c 4d 8s]
Dorex2007: checks 
lomaster74 joins the table at seat #8 
EnglandBaby4: bets $0.07
DSilver: raises $0.13 to $0.20
Dorex2007: folds 
EnglandBaby4: folds 
Uncalled bet ($0.13) returned to DSilver
DSilver collected $0.26 from pot
DSilver: doesn't show hand 
*** SUMMARY ***
Total pot $0.27 | Rake $0.01 
Board [8c 4d 8s]
Seat 1: baligo666 folded before Flop (didn't bet)
Seat 2: EnglandBaby4 folded on the Flop
Seat 3: DSilver collected ($0.26)
Seat 4: Igor49570 folded before Flop (didn't bet)
Seat 5: rad073 folded before Flop (didn't bet)
Seat 6: invisilbeman69 (button) folded before Flop (didn't bet)
Seat 7: alexvgb444 (small blind) folded before Flop
Seat 9: Dorex2007 (big blind) folded on the Flop



PokerStars Hand #224263094424:  Hold'em No Limit ($0.01/$0.02 USD) - 2021/02/26 23:52:15 PT [2021/02/27 2:52:15 ET]
Table 'Klare' 9-max Seat #7 is the button
Seat 1: baligo666 ($3.11 in chips) 
Seat 2: EnglandBaby4 ($4.23 in chips) 
Seat 3: DSilver ($2.21 in chips) 
Seat 4: Igor49570 ($1.57 in chips) 
Seat 5: rad073 ($0.83 in chips) 
Seat 6: invisilbeman69 ($1.16 in chips) 
Seat 7: alexvgb444 ($0.85 in chips) 
Seat 9: Dorex2007 ($1.99 in chips) 
Dorex2007: posts small blind $0.01
baligo666: posts big blind $0.02
*** HOLE CARDS ***
Dealt to Dorex2007 [Kd Kh]
EnglandBaby4: folds 
DSilver: folds 
Igor49570: folds 
rad073: folds 
invisilbeman69: calls $0.02
alexvgb444: calls $0.02
Dorex2007: raises $0.02 to $0.04
baligo666: calls $0.02
invisilbeman69: calls $0.02
alexvgb444: calls $0.02
*** FLOP *** [5c 7d Ks]
Dorex2007: checks 
baligo666: checks 
invisilbeman69: checks 
alexvgb444: checks 
*** TURN *** [5c 7d Ks] [3d]
Dorex2007: bets $0.06
baligo666: calls $0.06
invisilbeman69: calls $0.06
alexvgb444: folds 
*** RIVER *** [5c 7d Ks 3d] [4d]
Dorex2007: bets $0.17
baligo666: calls $0.17
invisilbeman69: raises $0.42 to $0.59
Dorex2007: calls $0.42
baligo666: calls $0.42
*** SHOW DOWN ***
invisilbeman69: shows [2d Ad] (a flush, Ace high)
Dorex2007: mucks hand 
baligo666: mucks hand 
invisilbeman69 collected $2.04 from pot
*** SUMMARY ***
Total pot $2.11 | Rake $0.07 
Board [5c 7d Ks 3d 4d]
Seat 1: baligo666 (big blind) mucked [3h 6d]
Seat 2: EnglandBaby4 folded before Flop (didn't bet)
Seat 3: DSilver folded before Flop (didn't bet)
Seat 4: Igor49570 folded before Flop (didn't bet)
Seat 5: rad073 folded before Flop (didn't bet)
Seat 6: invisilbeman69 showed [2d Ad] and won ($2.04) with a flush, Ace high
Seat 7: alexvgb444 (button) folded on the Turn
Seat 9: Dorex2007 (small blind) mucked [Kd Kh]



