PokerStars Hand #223973021457:  Hold'em No Limit ($0.01/$0.02 USD) - 2021/02/18 18:54:45 PT [2021/02/18 21:54:45 ET]
Table 'Lycomedes VI' 9-max Seat #4 is the button
Seat 1: VictorSamp ($0.80 in chips) 
Seat 2: Dorex2007 ($1.50 in chips) 
Seat 4: allofyx ($2 in chips) 
Seat 5: dddeeeggg ($2 in chips) 
Seat 6: Longer222 ($2 in chips) 
Seat 7: VilpPS ($2 in chips) 
dddeeeggg: posts small blind $0.01
Longer222: posts big blind $0.02
*** HOLE CARDS ***
Dealt to Dorex2007 [Ts Kc]
Jizz1991 joins the table at seat #9 
VilpPS: folds 
frosa9397 joins the table at seat #8 
VictorSamp: folds 
Dorex2007: raises $0.02 to $0.04
allofyx: folds 
dddeeeggg: folds 
Longer222: folds 
Uncalled bet ($0.02) returned to Dorex2007
Dorex2007 collected $0.05 from pot
Dorex2007: doesn't show hand 
*** SUMMARY ***
Total pot $0.05 | Rake $0 
Seat 1: VictorSamp folded before Flop (didn't bet)
Seat 2: Dorex2007 collected ($0.05)
Seat 4: allofyx (button) folded before Flop (didn't bet)
Seat 5: dddeeeggg (small blind) folded before Flop
Seat 6: Longer222 (big blind) folded before Flop
Seat 7: VilpPS folded before Flop (didn't bet)



PokerStars Hand #223973031194:  Hold'em No Limit ($0.01/$0.02 USD) - 2021/02/18 18:55:13 PT [2021/02/18 21:55:13 ET]
Table 'Lycomedes VI' 9-max Seat #5 is the button
Seat 1: VictorSamp ($0.80 in chips) 
Seat 2: Dorex2007 ($1.53 in chips) 
Seat 4: allofyx ($2 in chips) 
Seat 5: dddeeeggg ($2 in chips) 
Seat 6: Longer222 ($1.98 in chips) 
Seat 7: VilpPS ($2 in chips) 
Seat 9: Jizz1991 ($0.80 in chips) 
Longer222: posts small blind $0.01
VilpPS: posts big blind $0.02
frosa9397: sits out 
Jizz1991: posts big blind $0.02
*** HOLE CARDS ***
Dealt to Dorex2007 [5d 4d]
Jizz1991: checks 
VictorSamp has timed out
VictorSamp: folds 
Dorex2007: folds 
allofyx: folds 
dddeeeggg: folds 
Longer222: raises $0.04 to $0.06
VilpPS: folds 
Jizz1991: calls $0.04
*** FLOP *** [Qc 4h 6d]
allofyx leaves the table
Longer222: checks 
Jizz1991: checks 
*** TURN *** [Qc 4h 6d] [Qs]
Longer222: bets $0.07
cby123 joins the table at seat #4 
Jizz1991: folds 
Uncalled bet ($0.07) returned to Longer222
Longer222 collected $0.14 from pot
Longer222: doesn't show hand 
*** SUMMARY ***
Total pot $0.14 | Rake $0 
Board [Qc 4h 6d Qs]
Seat 1: VictorSamp folded before Flop (didn't bet)
Seat 2: Dorex2007 folded before Flop (didn't bet)
Seat 4: allofyx folded before Flop (didn't bet)
Seat 5: dddeeeggg (button) folded before Flop (didn't bet)
Seat 6: Longer222 (small blind) collected ($0.14)
Seat 7: VilpPS (big blind) folded before Flop
Seat 9: Jizz1991 folded on the Turn



PokerStars Hand #223973042680:  Hold'em No Limit ($0.01/$0.02 USD) - 2021/02/18 18:56:00 PT [2021/02/18 21:56:00 ET]
Table 'Lycomedes VI' 9-max Seat #6 is the button
Seat 1: VictorSamp ($0.80 in chips) 
Seat 2: Dorex2007 ($1.53 in chips) 
Seat 5: dddeeeggg ($2 in chips) 
Seat 6: Longer222 ($2.06 in chips) 
Seat 7: VilpPS ($2 in chips) 
Seat 8: frosa9397 ($2 in chips) 
Seat 9: Jizz1991 ($0.74 in chips) 
VilpPS: posts small blind $0.01
frosa9397: posts big blind $0.02
cby123: sits out 
*** HOLE CARDS ***
Dealt to Dorex2007 [Qh Jh]
Jizz1991: calls $0.02
VictorSamp has timed out
VictorSamp: folds 
Dorex2007: calls $0.02
dddeeeggg has timed out
dddeeeggg: folds 
Longer222: folds 
VilpPS: folds 
frosa9397: checks 
*** FLOP *** [Jc 9s Qd]
frosa9397: checks 
Jizz1991: checks 
Dorex2007: checks 
*** TURN *** [Jc 9s Qd] [3c]
frosa9397: checks 
Jizz1991: checks 
Dorex2007: checks 
*** RIVER *** [Jc 9s Qd 3c] [Qc]
frosa9397: checks 
Jizz1991: bets $0.07
Dorex2007: raises $0.07 to $0.14
frosa9397: folds 
Jizz1991: calls $0.07
*** SHOW DOWN ***
Dorex2007: shows [Qh Jh] (a full house, Queens full of Jacks)
Jizz1991: mucks hand 
Dorex2007 collected $0.34 from pot
*** SUMMARY ***
Total pot $0.35 | Rake $0.01 
Board [Jc 9s Qd 3c Qc]
Seat 1: VictorSamp folded before Flop (didn't bet)
Seat 2: Dorex2007 showed [Qh Jh] and won ($0.34) with a full house, Queens full of Jacks
Seat 5: dddeeeggg folded before Flop (didn't bet)
Seat 6: Longer222 (button) folded before Flop (didn't bet)
Seat 7: VilpPS (small blind) folded before Flop
Seat 8: frosa9397 (big blind) folded on the River
Seat 9: Jizz1991 mucked [5c 6c]



PokerStars Hand #223973063810:  Hold'em No Limit ($0.01/$0.02 USD) - 2021/02/18 18:57:25 PT [2021/02/18 21:57:25 ET]
Table 'Lycomedes VI' 9-max Seat #7 is the button
Seat 1: VictorSamp ($0.80 in chips) 
Seat 2: Dorex2007 ($1.71 in chips) 
Seat 5: dddeeeggg ($2 in chips) 
Seat 6: Longer222 ($2.06 in chips) 
Seat 7: VilpPS ($2 in chips) 
Seat 8: frosa9397 ($1.98 in chips) 
Seat 9: Jizz1991 ($0.58 in chips) 
frosa9397: posts small blind $0.01
Jizz1991: posts big blind $0.02
cby123: sits out 
*** HOLE CARDS ***
Dealt to Dorex2007 [6d Qh]
VictorSamp: calls $0.02
Dorex2007: folds 
dddeeeggg: folds 
Longer222: raises $0.03 to $0.05
VilpPS: folds 
cby123 leaves the table
frosa9397: folds 
Jizz1991: calls $0.03
VictorSamp: calls $0.03
*** FLOP *** [5s 5d 2s]
Jizz1991: checks 
VictorSamp: bets $0.07
Longer222: calls $0.07
Jizz1991: folds 
*** TURN *** [5s 5d 2s] [4d]
VictorSamp: bets $0.10
Longer222: calls $0.10
*** RIVER *** [5s 5d 2s 4d] [6c]
VictorSamp: checks 
Longer222: bets $0.24
VictorSamp: folds 
Uncalled bet ($0.24) returned to Longer222
Longer222 collected $0.48 from pot
Longer222: doesn't show hand 
*** SUMMARY ***
Total pot $0.50 | Rake $0.02 
Board [5s 5d 2s 4d 6c]
Seat 1: VictorSamp folded on the River
Seat 2: Dorex2007 folded before Flop (didn't bet)
Seat 5: dddeeeggg folded before Flop (didn't bet)
Seat 6: Longer222 collected ($0.48)
Seat 7: VilpPS (button) folded before Flop (didn't bet)
Seat 8: frosa9397 (small blind) folded before Flop
Seat 9: Jizz1991 (big blind) folded on the Flop



PokerStars Hand #223973080055:  Hold'em No Limit ($0.01/$0.02 USD) - 2021/02/18 18:58:31 PT [2021/02/18 21:58:31 ET]
Table 'Lycomedes VI' 9-max Seat #8 is the button
Seat 1: VictorSamp ($0.58 in chips) 
Seat 2: Dorex2007 ($1.71 in chips) 
Seat 5: dddeeeggg ($2 in chips) 
Seat 6: Longer222 ($2.32 in chips) 
Seat 7: VilpPS ($2 in chips) 
Seat 8: frosa9397 ($1.97 in chips) 
Seat 9: Jizz1991 ($0.53 in chips) 
Jizz1991: posts small blind $0.01
VictorSamp: posts big blind $0.02
*** HOLE CARDS ***
Dealt to Dorex2007 [Qh 2s]
Dorex2007: folds 
dddeeeggg: folds 
Longer222: raises $0.03 to $0.05
VilpPS: folds 
frosa9397: folds 
Jizz1991: calls $0.04
VictorSamp: calls $0.03
*** FLOP *** [Ah 4h As]
Jizz1991: checks 
VictorSamp: checks 
Longer222: checks 
*** TURN *** [Ah 4h As] [7d]
Jizz1991: checks 
VictorSamp: checks 
Longer222: checks 
*** RIVER *** [Ah 4h As 7d] [7c]
Jizz1991: checks 
VictorSamp: checks 
Longer222: checks 
*** SHOW DOWN ***
Jizz1991: shows [Ts 9s] (two pair, Aces and Sevens)
VictorSamp: mucks hand 
Longer222: shows [Jd Qd] (two pair, Aces and Sevens - Queen kicker)
Longer222 collected $0.14 from pot
*** SUMMARY ***
Total pot $0.15 | Rake $0.01 
Board [Ah 4h As 7d 7c]
Seat 1: VictorSamp (big blind) mucked [6h 8s]
Seat 2: Dorex2007 folded before Flop (didn't bet)
Seat 5: dddeeeggg folded before Flop (didn't bet)
Seat 6: Longer222 showed [Jd Qd] and won ($0.14) with two pair, Aces and Sevens
Seat 7: VilpPS folded before Flop (didn't bet)
Seat 8: frosa9397 (button) folded before Flop (didn't bet)
Seat 9: Jizz1991 (small blind) showed [Ts 9s] and lost with two pair, Aces and Sevens



PokerStars Hand #223973094116:  Hold'em No Limit ($0.01/$0.02 USD) - 2021/02/18 18:59:29 PT [2021/02/18 21:59:29 ET]
Table 'Lycomedes VI' 9-max Seat #9 is the button
Seat 1: VictorSamp ($0.53 in chips) 
Seat 2: Dorex2007 ($1.71 in chips) 
Seat 5: dddeeeggg ($2 in chips) 
Seat 6: Longer222 ($2.41 in chips) 
Seat 7: VilpPS ($2 in chips) 
Seat 8: frosa9397 ($1.97 in chips) 
Seat 9: Jizz1991 ($0.48 in chips) 
VictorSamp: posts small blind $0.01
Dorex2007: posts big blind $0.02
*** HOLE CARDS ***
Dealt to Dorex2007 [5d 4h]
dddeeeggg: folds 
Longer222: folds 
VilpPS: folds 
frosa9397: calls $0.02
Jizz1991: calls $0.02
VictorSamp: calls $0.01
Dorex2007: checks 
*** FLOP *** [7h 9c Tc]
VictorSamp: checks 
Dorex2007: checks 
frosa9397: bets $0.04
Jizz1991: calls $0.04
VictorSamp: folds 
Dorex2007: folds 
*** TURN *** [7h 9c Tc] [9h]
frosa9397: bets $0.07
Jizz1991: calls $0.07
*** RIVER *** [7h 9c Tc 9h] [8s]
frosa9397: checks 
Jizz1991: checks 
*** SHOW DOWN ***
frosa9397: shows [3c Ac] (a pair of Nines)
Jizz1991: shows [3s Td] (two pair, Tens and Nines)
Jizz1991 collected $0.29 from pot
*** SUMMARY ***
Total pot $0.30 | Rake $0.01 
Board [7h 9c Tc 9h 8s]
Seat 1: VictorSamp (small blind) folded on the Flop
Seat 2: Dorex2007 (big blind) folded on the Flop
Seat 5: dddeeeggg folded before Flop (didn't bet)
Seat 6: Longer222 folded before Flop (didn't bet)
Seat 7: VilpPS folded before Flop (didn't bet)
Seat 8: frosa9397 showed [3c Ac] and lost with a pair of Nines
Seat 9: Jizz1991 (button) showed [3s Td] and won ($0.29) with two pair, Tens and Nines



PokerStars Hand #223973114201:  Hold'em No Limit ($0.01/$0.02 USD) - 2021/02/18 19:00:44 PT [2021/02/18 22:00:44 ET]
Table 'Lycomedes VI' 9-max Seat #1 is the button
Seat 1: VictorSamp ($0.51 in chips) 
Seat 2: Dorex2007 ($1.69 in chips) 
Seat 5: dddeeeggg ($2 in chips) 
Seat 6: Longer222 ($2.41 in chips) 
Seat 7: VilpPS ($2 in chips) 
Seat 8: frosa9397 ($1.84 in chips) 
Seat 9: Jizz1991 ($0.64 in chips) 
Dorex2007: posts small blind $0.01
dddeeeggg: posts big blind $0.02
*** HOLE CARDS ***
Dealt to Dorex2007 [Kc 8s]
Longer222: folds 
VilpPS: folds 
frosa9397: calls $0.02
zpxnjp21 joins the table at seat #4 
Jizz1991: folds 
VictorSamp: calls $0.02
Dorex2007: calls $0.01
dddeeeggg: checks 
*** FLOP *** [9h 6h Jc]
Dorex2007: checks 
dddeeeggg: bets $0.08
frosa9397: calls $0.08
VictorSamp: folds 
Dorex2007: folds 
*** TURN *** [9h 6h Jc] [4d]
dddeeeggg: bets $0.23
frosa9397: folds 
Uncalled bet ($0.23) returned to dddeeeggg
dddeeeggg collected $0.23 from pot
dddeeeggg: doesn't show hand 
*** SUMMARY ***
Total pot $0.24 | Rake $0.01 
Board [9h 6h Jc 4d]
Seat 1: VictorSamp (button) folded on the Flop
Seat 2: Dorex2007 (small blind) folded on the Flop
Seat 5: dddeeeggg (big blind) collected ($0.23)
Seat 6: Longer222 folded before Flop (didn't bet)
Seat 7: VilpPS folded before Flop (didn't bet)
Seat 8: frosa9397 folded on the Turn
Seat 9: Jizz1991 folded before Flop (didn't bet)



PokerStars Hand #223973173472:  Hold'em No Limit ($0.01/$0.02 USD) - 2021/02/18 19:03:27 PT [2021/02/18 22:03:27 ET]
Table 'Lycomedes VI' 9-max Seat #7 is the button
Seat 1: VictorSamp ($0.49 in chips) 
Seat 2: Dorex2007 ($1.67 in chips) 
Seat 5: dddeeeggg ($2.04 in chips) 
Seat 6: Longer222 ($2.40 in chips) 
Seat 7: VilpPS ($2 in chips) 
Seat 8: frosa9397 ($1.75 in chips) 
Seat 9: Jizz1991 ($0.75 in chips) 
frosa9397: posts small blind $0.01
Jizz1991: posts big blind $0.02
zpxnjp21: sits out 
*** HOLE CARDS ***
Dealt to Dorex2007 [2h 4s]
VictorSamp: folds 
Dorex2007: folds 
dddeeeggg: folds 
Longer222: raises $0.03 to $0.05
VilpPS: calls $0.05
frosa9397: raises $0.17 to $0.22
Jizz1991: folds 
Longer222: calls $0.17
VilpPS: folds 
*** FLOP *** [5d 5h 6d]
frosa9397: bets $0.26
Longer222: calls $0.26
*** TURN *** [5d 5h 6d] [5s]
frosa9397: bets $0.55
Longer222: calls $0.55
*** RIVER *** [5d 5h 6d 5s] [9d]
frosa9397: bets $0.72 and is all-in
Longer222: calls $0.72
*** SHOW DOWN ***
frosa9397: shows [Js Jh] (a full house, Fives full of Jacks)
Longer222: shows [Qd Qh] (a full house, Fives full of Queens)
Longer222 collected $3.45 from pot
*** SUMMARY ***
Total pot $3.57 | Rake $0.12 
Board [5d 5h 6d 5s 9d]
Seat 1: VictorSamp folded before Flop (didn't bet)
Seat 2: Dorex2007 folded before Flop (didn't bet)
Seat 5: dddeeeggg folded before Flop (didn't bet)
Seat 6: Longer222 showed [Qd Qh] and won ($3.45) with a full house, Fives full of Queens
Seat 7: VilpPS (button) folded before Flop
Seat 8: frosa9397 (small blind) showed [Js Jh] and lost with a full house, Fives full of Jacks
Seat 9: Jizz1991 (big blind) folded before Flop



PokerStars Hand #223973195267:  Hold'em No Limit ($0.01/$0.02 USD) - 2021/02/18 19:04:36 PT [2021/02/18 22:04:36 ET]
Table 'Lycomedes VI' 9-max Seat #9 is the button
Seat 1: VictorSamp ($0.49 in chips) 
Seat 2: Dorex2007 ($1.67 in chips) 
Seat 5: dddeeeggg ($2.04 in chips) 
Seat 6: Longer222 ($4.10 in chips) 
Seat 7: VilpPS ($2 in chips) 
Seat 9: Jizz1991 ($0.73 in chips) 
VictorSamp: posts small blind $0.01
Dorex2007: posts big blind $0.02
zpxnjp21: sits out 
*** HOLE CARDS ***
Dealt to Dorex2007 [3d Tc]
dddeeeggg: folds 
Longer222: folds 
VilpPS: raises $0.04 to $0.06
Jizz1991: folds 
VictorSamp: folds 
Dorex2007: folds 
Uncalled bet ($0.04) returned to VilpPS
VilpPS collected $0.05 from pot
VilpPS: doesn't show hand 
*** SUMMARY ***
Total pot $0.05 | Rake $0 
Seat 1: VictorSamp (small blind) folded before Flop
Seat 2: Dorex2007 (big blind) folded before Flop
Seat 5: dddeeeggg folded before Flop (didn't bet)
Seat 6: Longer222 folded before Flop (didn't bet)
Seat 7: VilpPS collected ($0.05)
Seat 9: Jizz1991 (button) folded before Flop (didn't bet)



PokerStars Hand #223973204050:  Hold'em No Limit ($0.01/$0.02 USD) - 2021/02/18 19:05:03 PT [2021/02/18 22:05:03 ET]
Table 'Lycomedes VI' 9-max Seat #1 is the button
Seat 1: VictorSamp ($0.48 in chips) 
Seat 2: Dorex2007 ($1.65 in chips) 
Seat 4: zpxnjp21 ($2 in chips) 
Seat 5: dddeeeggg ($2.04 in chips) 
Seat 6: Longer222 ($4.10 in chips) 
Seat 7: VilpPS ($2.03 in chips) 
Seat 8: frosa9397 ($2 in chips) 
Seat 9: Jizz1991 ($0.73 in chips) 
Dorex2007: posts small blind $0.01
zpxnjp21: posts big blind $0.02
*** HOLE CARDS ***
Dealt to Dorex2007 [9d 5s]
dddeeeggg: folds 
Longer222: folds 
VilpPS: folds 
frosa9397: folds 
Jizz1991: calls $0.02
VictorSamp: calls $0.02
Dorex2007: folds 
zpxnjp21: checks 
*** FLOP *** [2d 4d 5c]
zpxnjp21: checks 
Jizz1991: bets $0.02
VictorSamp: folds 
zpxnjp21: folds 
Uncalled bet ($0.02) returned to Jizz1991
Jizz1991 collected $0.07 from pot
Jizz1991: doesn't show hand 
*** SUMMARY ***
Total pot $0.07 | Rake $0 
Board [2d 4d 5c]
Seat 1: VictorSamp (button) folded on the Flop
Seat 2: Dorex2007 (small blind) folded before Flop
Seat 4: zpxnjp21 (big blind) folded on the Flop
Seat 5: dddeeeggg folded before Flop (didn't bet)
Seat 6: Longer222 folded before Flop (didn't bet)
Seat 7: VilpPS folded before Flop (didn't bet)
Seat 8: frosa9397 folded before Flop (didn't bet)
Seat 9: Jizz1991 collected ($0.07)



PokerStars Hand #223973214810:  Hold'em No Limit ($0.01/$0.02 USD) - 2021/02/18 19:05:37 PT [2021/02/18 22:05:37 ET]
Table 'Lycomedes VI' 9-max Seat #2 is the button
Seat 1: VictorSamp ($0.46 in chips) 
Seat 2: Dorex2007 ($1.64 in chips) 
Seat 4: zpxnjp21 ($1.98 in chips) 
Seat 5: dddeeeggg ($2.04 in chips) 
Seat 6: Longer222 ($4.10 in chips) 
Seat 7: VilpPS ($2.03 in chips) 
Seat 8: frosa9397 ($2 in chips) 
Seat 9: Jizz1991 ($0.78 in chips) 
zpxnjp21: posts small blind $0.01
dddeeeggg: posts big blind $0.02
*** HOLE CARDS ***
Dealt to Dorex2007 [2c 8c]
Longer222 has timed out
Longer222: folds 
VilpPS: folds 
frosa9397: folds 
Jizz1991: calls $0.02
VictorSamp: folds 
Dorex2007: folds 
zpxnjp21: folds 
dddeeeggg: checks 
*** FLOP *** [3h Qd Jd]
dddeeeggg: checks 
Jizz1991: bets $0.02
dddeeeggg: folds 
Uncalled bet ($0.02) returned to Jizz1991
Jizz1991 collected $0.05 from pot
Jizz1991: doesn't show hand 
*** SUMMARY ***
Total pot $0.05 | Rake $0 
Board [3h Qd Jd]
Seat 1: VictorSamp folded before Flop (didn't bet)
Seat 2: Dorex2007 (button) folded before Flop (didn't bet)
Seat 4: zpxnjp21 (small blind) folded before Flop
Seat 5: dddeeeggg (big blind) folded on the Flop
Seat 6: Longer222 folded before Flop (didn't bet)
Seat 7: VilpPS folded before Flop (didn't bet)
Seat 8: frosa9397 folded before Flop (didn't bet)
Seat 9: Jizz1991 collected ($0.05)



PokerStars Hand #223973228778:  Hold'em No Limit ($0.01/$0.02 USD) - 2021/02/18 19:06:20 PT [2021/02/18 22:06:20 ET]
Table 'Lycomedes VI' 9-max Seat #4 is the button
Seat 1: VictorSamp ($0.46 in chips) 
Seat 2: Dorex2007 ($1.64 in chips) 
Seat 4: zpxnjp21 ($1.97 in chips) 
Seat 5: dddeeeggg ($2.02 in chips) 
Seat 6: Longer222 ($4.10 in chips) 
Seat 7: VilpPS ($2.03 in chips) 
Seat 8: frosa9397 ($2 in chips) 
Seat 9: Jizz1991 ($0.81 in chips) 
dddeeeggg: posts small blind $0.01
Longer222: posts big blind $0.02
*** HOLE CARDS ***
Dealt to Dorex2007 [Ad Kh]
VilpPS: folds 
frosa9397: folds 
Jizz1991: calls $0.02
VictorSamp: folds 
Dorex2007: raises $0.06 to $0.08
zpxnjp21: folds 
dddeeeggg: folds 
Longer222: folds 
Jizz1991: calls $0.06
*** FLOP *** [9c 5h 4s]
Jizz1991: checks 
Dorex2007: bets $0.18
Jizz1991: calls $0.18
*** TURN *** [9c 5h 4s] [Ac]
Jizz1991: checks 
Dorex2007: checks 
*** RIVER *** [9c 5h 4s Ac] [Qd]
Jizz1991: checks 
Dorex2007: bets $0.53
Jizz1991: folds 
Uncalled bet ($0.53) returned to Dorex2007
Dorex2007 collected $0.53 from pot
Dorex2007: doesn't show hand 
*** SUMMARY ***
Total pot $0.55 | Rake $0.02 
Board [9c 5h 4s Ac Qd]
Seat 1: VictorSamp folded before Flop (didn't bet)
Seat 2: Dorex2007 collected ($0.53)
Seat 4: zpxnjp21 (button) folded before Flop (didn't bet)
Seat 5: dddeeeggg (small blind) folded before Flop
Seat 6: Longer222 (big blind) folded before Flop
Seat 7: VilpPS folded before Flop (didn't bet)
Seat 8: frosa9397 folded before Flop (didn't bet)
Seat 9: Jizz1991 folded on the River



PokerStars Hand #223973246373:  Hold'em No Limit ($0.01/$0.02 USD) - 2021/02/18 19:07:16 PT [2021/02/18 22:07:16 ET]
Table 'Lycomedes VI' 9-max Seat #5 is the button
Seat 1: VictorSamp ($0.46 in chips) 
Seat 2: Dorex2007 ($1.91 in chips) 
Seat 4: zpxnjp21 ($1.97 in chips) 
Seat 5: dddeeeggg ($2.01 in chips) 
Seat 6: Longer222 ($4.08 in chips) 
Seat 7: VilpPS ($2.03 in chips) 
Seat 8: frosa9397 ($2 in chips) 
Seat 9: Jizz1991 ($0.55 in chips) 
Longer222: posts small blind $0.01
VilpPS: posts big blind $0.02
*** HOLE CARDS ***
Dealt to Dorex2007 [5h 3h]
frosa9397: folds 
Jizz1991: calls $0.02
VictorSamp: raises $0.02 to $0.04
Dorex2007: folds 
zpxnjp21: calls $0.04
dddeeeggg: raises $0.14 to $0.18
Longer222: folds 
VilpPS: folds 
Jizz1991: folds 
VictorSamp: folds 
zpxnjp21: folds 
Uncalled bet ($0.14) returned to dddeeeggg
dddeeeggg collected $0.17 from pot
dddeeeggg: doesn't show hand 
*** SUMMARY ***
Total pot $0.17 | Rake $0 
Seat 1: VictorSamp folded before Flop
Seat 2: Dorex2007 folded before Flop (didn't bet)
Seat 4: zpxnjp21 folded before Flop
Seat 5: dddeeeggg (button) collected ($0.17)
Seat 6: Longer222 (small blind) folded before Flop
Seat 7: VilpPS (big blind) folded before Flop
Seat 8: frosa9397 folded before Flop (didn't bet)
Seat 9: Jizz1991 folded before Flop



PokerStars Hand #223973263252:  Hold'em No Limit ($0.01/$0.02 USD) - 2021/02/18 19:07:49 PT [2021/02/18 22:07:49 ET]
Table 'Lycomedes VI' 9-max Seat #6 is the button
Seat 1: VictorSamp ($0.42 in chips) 
Seat 2: Dorex2007 ($1.91 in chips) 
Seat 4: zpxnjp21 ($1.93 in chips) 
Seat 5: dddeeeggg ($2.14 in chips) 
Seat 6: Longer222 ($4.07 in chips) 
Seat 7: VilpPS ($2.01 in chips) 
Seat 8: frosa9397 ($2 in chips) 
Seat 9: Jizz1991 ($0.53 in chips) 
VilpPS: posts small blind $0.01
frosa9397: posts big blind $0.02
*** HOLE CARDS ***
Dealt to Dorex2007 [4d 5h]
Jizz1991: calls $0.02
VictorSamp: folds 
Dorex2007: folds 
zpxnjp21: folds 
dddeeeggg: folds 
Longer222: folds 
VilpPS: raises $0.04 to $0.06
frosa9397: calls $0.04
Jizz1991: calls $0.04
*** FLOP *** [Tc Qc 7c]
VilpPS: checks 
frosa9397: checks 
Jizz1991: bets $0.08
VilpPS: folds 
frosa9397: folds 
Uncalled bet ($0.08) returned to Jizz1991
Jizz1991 collected $0.17 from pot
Jizz1991: doesn't show hand 
*** SUMMARY ***
Total pot $0.18 | Rake $0.01 
Board [Tc Qc 7c]
Seat 1: VictorSamp folded before Flop (didn't bet)
Seat 2: Dorex2007 folded before Flop (didn't bet)
Seat 4: zpxnjp21 folded before Flop (didn't bet)
Seat 5: dddeeeggg folded before Flop (didn't bet)
Seat 6: Longer222 (button) folded before Flop (didn't bet)
Seat 7: VilpPS (small blind) folded on the Flop
Seat 8: frosa9397 (big blind) folded on the Flop
Seat 9: Jizz1991 collected ($0.17)



PokerStars Hand #223973281517:  Hold'em No Limit ($0.01/$0.02 USD) - 2021/02/18 19:08:46 PT [2021/02/18 22:08:46 ET]
Table 'Lycomedes VI' 9-max Seat #7 is the button
Seat 1: VictorSamp ($0.42 in chips) 
Seat 2: Dorex2007 ($1.91 in chips) 
Seat 4: zpxnjp21 ($1.93 in chips) 
Seat 5: dddeeeggg ($2.14 in chips) 
Seat 6: Longer222 ($4.07 in chips) 
Seat 7: VilpPS ($2 in chips) 
Seat 8: frosa9397 ($1.94 in chips) 
Seat 9: Jizz1991 ($0.64 in chips) 
frosa9397: posts small blind $0.01
Jizz1991: posts big blind $0.02
*** HOLE CARDS ***
Dealt to Dorex2007 [3h 5c]
VictorSamp: folds 
Dorex2007: folds 
zpxnjp21: folds 
dddeeeggg: folds 
Longer222: raises $0.03 to $0.05
VilpPS: folds 
frosa9397: calls $0.04
Jizz1991: calls $0.03
*** FLOP *** [Ks 4c 5h]
frosa9397: checks 
Jizz1991: checks 
Longer222: checks 
*** TURN *** [Ks 4c 5h] [3d]
frosa9397: bets $0.07
Jizz1991: folds 
Longer222: folds 
Uncalled bet ($0.07) returned to frosa9397
frosa9397 collected $0.14 from pot
frosa9397: doesn't show hand 
*** SUMMARY ***
Total pot $0.15 | Rake $0.01 
Board [Ks 4c 5h 3d]
Seat 1: VictorSamp folded before Flop (didn't bet)
Seat 2: Dorex2007 folded before Flop (didn't bet)
Seat 4: zpxnjp21 folded before Flop (didn't bet)
Seat 5: dddeeeggg folded before Flop (didn't bet)
Seat 6: Longer222 folded on the Turn
Seat 7: VilpPS (button) folded before Flop (didn't bet)
Seat 8: frosa9397 (small blind) collected ($0.14)
Seat 9: Jizz1991 (big blind) folded on the Turn



PokerStars Hand #223973293328:  Hold'em No Limit ($0.01/$0.02 USD) - 2021/02/18 19:09:23 PT [2021/02/18 22:09:23 ET]
Table 'Lycomedes VI' 9-max Seat #8 is the button
Seat 1: VictorSamp ($0.42 in chips) 
Seat 2: Dorex2007 ($1.91 in chips) 
Seat 4: zpxnjp21 ($1.93 in chips) 
Seat 5: dddeeeggg ($2.14 in chips) 
Seat 6: Longer222 ($4.02 in chips) 
Seat 7: VilpPS ($2 in chips) 
Seat 8: frosa9397 ($2.03 in chips) 
Seat 9: Jizz1991 ($0.59 in chips) 
Jizz1991: posts small blind $0.01
VictorSamp: posts big blind $0.02
*** HOLE CARDS ***
Dealt to Dorex2007 [3h Qd]
Dorex2007: folds 
zpxnjp21: folds 
dddeeeggg: folds 
Longer222: folds 
VilpPS: raises $0.04 to $0.06
frosa9397: folds 
Jizz1991: folds 
VictorSamp: folds 
Uncalled bet ($0.04) returned to VilpPS
VilpPS collected $0.05 from pot
VilpPS: doesn't show hand 
*** SUMMARY ***
Total pot $0.05 | Rake $0 
Seat 1: VictorSamp (big blind) folded before Flop
Seat 2: Dorex2007 folded before Flop (didn't bet)
Seat 4: zpxnjp21 folded before Flop (didn't bet)
Seat 5: dddeeeggg folded before Flop (didn't bet)
Seat 6: Longer222 folded before Flop (didn't bet)
Seat 7: VilpPS collected ($0.05)
Seat 8: frosa9397 (button) folded before Flop (didn't bet)
Seat 9: Jizz1991 (small blind) folded before Flop



PokerStars Hand #223973302181:  Hold'em No Limit ($0.01/$0.02 USD) - 2021/02/18 19:09:51 PT [2021/02/18 22:09:51 ET]
Table 'Lycomedes VI' 9-max Seat #9 is the button
Seat 1: VictorSamp ($0.40 in chips) 
Seat 2: Dorex2007 ($1.91 in chips) 
Seat 4: zpxnjp21 ($1.93 in chips) 
Seat 5: dddeeeggg ($2.14 in chips) 
Seat 6: Longer222 ($4.02 in chips) 
Seat 7: VilpPS ($2.03 in chips) 
Seat 8: frosa9397 ($2.03 in chips) 
Seat 9: Jizz1991 ($0.58 in chips) 
VictorSamp: posts small blind $0.01
Dorex2007: posts big blind $0.02
*** HOLE CARDS ***
Dealt to Dorex2007 [Js 4h]
zpxnjp21: folds 
dddeeeggg: folds 
Longer222: folds 
VilpPS: folds 
frosa9397: folds 
Jizz1991: folds 
VictorSamp: folds 
Uncalled bet ($0.01) returned to Dorex2007
Dorex2007 collected $0.02 from pot
Dorex2007: doesn't show hand 
*** SUMMARY ***
Total pot $0.02 | Rake $0 
Seat 1: VictorSamp (small blind) folded before Flop
Seat 2: Dorex2007 (big blind) collected ($0.02)
Seat 4: zpxnjp21 folded before Flop (didn't bet)
Seat 5: dddeeeggg folded before Flop (didn't bet)
Seat 6: Longer222 folded before Flop (didn't bet)
Seat 7: VilpPS folded before Flop (didn't bet)
Seat 8: frosa9397 folded before Flop (didn't bet)
Seat 9: Jizz1991 (button) folded before Flop (didn't bet)



PokerStars Hand #223973308287:  Hold'em No Limit ($0.01/$0.02 USD) - 2021/02/18 19:10:10 PT [2021/02/18 22:10:10 ET]
Table 'Lycomedes VI' 9-max Seat #1 is the button
Seat 1: VictorSamp ($0.39 in chips) 
Seat 2: Dorex2007 ($1.92 in chips) 
Seat 4: zpxnjp21 ($1.93 in chips) 
Seat 5: dddeeeggg ($2.14 in chips) 
Seat 6: Longer222 ($4.02 in chips) 
Seat 7: VilpPS ($2.03 in chips) 
Seat 8: frosa9397 ($2.03 in chips) 
Seat 9: Jizz1991 ($0.58 in chips) 
Dorex2007: posts small blind $0.01
zpxnjp21: posts big blind $0.02
*** HOLE CARDS ***
Dealt to Dorex2007 [4h 8s]
dddeeeggg: folds 
Longer222: folds 
VilpPS: raises $0.04 to $0.06
frosa9397: folds 
Jizz1991: folds 
VictorSamp: folds 
Dorex2007: folds 
zpxnjp21: folds 
Uncalled bet ($0.04) returned to VilpPS
VilpPS collected $0.05 from pot
VilpPS: doesn't show hand 
*** SUMMARY ***
Total pot $0.05 | Rake $0 
Seat 1: VictorSamp (button) folded before Flop (didn't bet)
Seat 2: Dorex2007 (small blind) folded before Flop
Seat 4: zpxnjp21 (big blind) folded before Flop
Seat 5: dddeeeggg folded before Flop (didn't bet)
Seat 6: Longer222 folded before Flop (didn't bet)
Seat 7: VilpPS collected ($0.05)
Seat 8: frosa9397 folded before Flop (didn't bet)
Seat 9: Jizz1991 folded before Flop (didn't bet)



PokerStars Hand #223973312942:  Hold'em No Limit ($0.01/$0.02 USD) - 2021/02/18 19:10:25 PT [2021/02/18 22:10:25 ET]
Table 'Lycomedes VI' 9-max Seat #2 is the button
Seat 1: VictorSamp ($0.39 in chips) 
Seat 2: Dorex2007 ($1.91 in chips) 
Seat 4: zpxnjp21 ($1.91 in chips) 
Seat 5: dddeeeggg ($2.14 in chips) 
Seat 6: Longer222 ($4.02 in chips) 
Seat 7: VilpPS ($2.06 in chips) 
Seat 8: frosa9397 ($2.03 in chips) 
Seat 9: Jizz1991 ($0.58 in chips) 
zpxnjp21: posts small blind $0.01
dddeeeggg: posts big blind $0.02
*** HOLE CARDS ***
Dealt to Dorex2007 [9d 6c]
Longer222: folds 
VilpPS: folds 
frosa9397: folds 
Jizz1991: folds 
VictorSamp: folds 
Dorex2007: folds 
zpxnjp21: folds 
Uncalled bet ($0.01) returned to dddeeeggg
dddeeeggg collected $0.02 from pot
dddeeeggg: doesn't show hand 
*** SUMMARY ***
Total pot $0.02 | Rake $0 
Seat 1: VictorSamp folded before Flop (didn't bet)
Seat 2: Dorex2007 (button) folded before Flop (didn't bet)
Seat 4: zpxnjp21 (small blind) folded before Flop
Seat 5: dddeeeggg (big blind) collected ($0.02)
Seat 6: Longer222 folded before Flop (didn't bet)
Seat 7: VilpPS folded before Flop (didn't bet)
Seat 8: frosa9397 folded before Flop (didn't bet)
Seat 9: Jizz1991 folded before Flop (didn't bet)



PokerStars Hand #223973319820:  Hold'em No Limit ($0.01/$0.02 USD) - 2021/02/18 19:10:46 PT [2021/02/18 22:10:46 ET]
Table 'Lycomedes VI' 9-max Seat #4 is the button
Seat 1: VictorSamp ($0.39 in chips) 
Seat 2: Dorex2007 ($1.91 in chips) 
Seat 4: zpxnjp21 ($1.90 in chips) 
Seat 5: dddeeeggg ($2.15 in chips) 
Seat 6: Longer222 ($4.02 in chips) 
Seat 7: VilpPS ($2.06 in chips) 
Seat 8: frosa9397 ($2.03 in chips) 
Seat 9: Jizz1991 ($0.58 in chips) 
dddeeeggg: posts small blind $0.01
Longer222: posts big blind $0.02
*** HOLE CARDS ***
Dealt to Dorex2007 [Qc 8d]
VilpPS: raises $0.04 to $0.06
frosa9397: folds 
Jizz1991: folds 
VictorSamp has timed out
VictorSamp: folds 
Dorex2007: folds 
zpxnjp21: folds 
dddeeeggg: folds 
Longer222: folds 
Uncalled bet ($0.04) returned to VilpPS
VilpPS collected $0.05 from pot
VilpPS: doesn't show hand 
*** SUMMARY ***
Total pot $0.05 | Rake $0 
Seat 1: VictorSamp folded before Flop (didn't bet)
Seat 2: Dorex2007 folded before Flop (didn't bet)
Seat 4: zpxnjp21 (button) folded before Flop (didn't bet)
Seat 5: dddeeeggg (small blind) folded before Flop
Seat 6: Longer222 (big blind) folded before Flop
Seat 7: VilpPS collected ($0.05)
Seat 8: frosa9397 folded before Flop (didn't bet)
Seat 9: Jizz1991 folded before Flop (didn't bet)



PokerStars Hand #223973338546:  Hold'em No Limit ($0.01/$0.02 USD) - 2021/02/18 19:11:22 PT [2021/02/18 22:11:22 ET]
Table 'Lycomedes VI' 9-max Seat #5 is the button
Seat 2: Dorex2007 ($1.91 in chips) 
Seat 4: zpxnjp21 ($1.90 in chips) 
Seat 5: dddeeeggg ($2.14 in chips) 
Seat 6: Longer222 ($4 in chips) 
Seat 7: VilpPS ($2.09 in chips) 
Seat 8: frosa9397 ($2.03 in chips) 
Seat 9: Jizz1991 ($0.58 in chips) 
Longer222: posts small blind $0.01
VilpPS: posts big blind $0.02
*** HOLE CARDS ***
Dealt to Dorex2007 [Th 2h]
frosa9397: folds 
Jizz1991: calls $0.02
Dorex2007: folds 
zpxnjp21: folds 
dddeeeggg: raises $0.10 to $0.12
Longer222: folds 
VilpPS: folds 
Jizz1991: calls $0.10
*** FLOP *** [4s 5d 9s]
Jizz1991: checks 
dddeeeggg: bets $0.26
Jizz1991: folds 
Uncalled bet ($0.26) returned to dddeeeggg
dddeeeggg collected $0.26 from pot
dddeeeggg: doesn't show hand 
*** SUMMARY ***
Total pot $0.27 | Rake $0.01 
Board [4s 5d 9s]
Seat 2: Dorex2007 folded before Flop (didn't bet)
Seat 4: zpxnjp21 folded before Flop (didn't bet)
Seat 5: dddeeeggg (button) collected ($0.26)
Seat 6: Longer222 (small blind) folded before Flop
Seat 7: VilpPS (big blind) folded before Flop
Seat 8: frosa9397 folded before Flop (didn't bet)
Seat 9: Jizz1991 folded on the Flop



PokerStars Hand #223973352551:  Hold'em No Limit ($0.01/$0.02 USD) - 2021/02/18 19:12:06 PT [2021/02/18 22:12:06 ET]
Table 'Lycomedes VI' 9-max Seat #6 is the button
Seat 1: VictorSamp ($0.39 in chips) 
Seat 2: Dorex2007 ($1.91 in chips) 
Seat 4: zpxnjp21 ($1.90 in chips) 
Seat 5: dddeeeggg ($2.28 in chips) 
Seat 6: Longer222 ($3.99 in chips) 
Seat 7: VilpPS ($2.07 in chips) 
Seat 8: frosa9397 ($2.03 in chips) 
Seat 9: Jizz1991 ($0.46 in chips) 
VilpPS: posts small blind $0.01
frosa9397: posts big blind $0.02
*** HOLE CARDS ***
Dealt to Dorex2007 [Td 2d]
Jizz1991: raises $0.02 to $0.04
VictorSamp: folds 
Dorex2007: folds 
zpxnjp21: folds 
dddeeeggg: folds 
Longer222: folds 
VilpPS: folds 
frosa9397: folds 
Uncalled bet ($0.02) returned to Jizz1991
Jizz1991 collected $0.05 from pot
Jizz1991: doesn't show hand 
*** SUMMARY ***
Total pot $0.05 | Rake $0 
Seat 1: VictorSamp folded before Flop (didn't bet)
Seat 2: Dorex2007 folded before Flop (didn't bet)
Seat 4: zpxnjp21 folded before Flop (didn't bet)
Seat 5: dddeeeggg folded before Flop (didn't bet)
Seat 6: Longer222 (button) folded before Flop (didn't bet)
Seat 7: VilpPS (small blind) folded before Flop
Seat 8: frosa9397 (big blind) folded before Flop
Seat 9: Jizz1991 collected ($0.05)



PokerStars Hand #223973356590:  Hold'em No Limit ($0.01/$0.02 USD) - 2021/02/18 19:12:19 PT [2021/02/18 22:12:19 ET]
Table 'Lycomedes VI' 9-max Seat #7 is the button
Seat 1: VictorSamp ($0.39 in chips) 
Seat 2: Dorex2007 ($1.91 in chips) 
Seat 4: zpxnjp21 ($1.90 in chips) 
Seat 5: dddeeeggg ($2.28 in chips) 
Seat 6: Longer222 ($3.99 in chips) 
Seat 7: VilpPS ($2.06 in chips) 
Seat 8: frosa9397 ($2.01 in chips) 
Seat 9: Jizz1991 ($0.49 in chips) 
frosa9397: posts small blind $0.01
Jizz1991: posts big blind $0.02
*** HOLE CARDS ***
Dealt to Dorex2007 [Qd 8s]
VictorSamp: folds 
Dorex2007: folds 
zpxnjp21: folds 
dddeeeggg: raises $0.04 to $0.06
Longer222: folds 
VilpPS: folds 
frosa9397: folds 
Jizz1991: calls $0.04
*** FLOP *** [2h 4s 7s]
Jizz1991: checks 
dddeeeggg: checks 
*** TURN *** [2h 4s 7s] [Jd]
Jizz1991: bets $0.06
dddeeeggg: folds 
Uncalled bet ($0.06) returned to Jizz1991
Jizz1991 collected $0.13 from pot
Jizz1991: doesn't show hand 
*** SUMMARY ***
Total pot $0.13 | Rake $0 
Board [2h 4s 7s Jd]
Seat 1: VictorSamp folded before Flop (didn't bet)
Seat 2: Dorex2007 folded before Flop (didn't bet)
Seat 4: zpxnjp21 folded before Flop (didn't bet)
Seat 5: dddeeeggg folded on the Turn
Seat 6: Longer222 folded before Flop (didn't bet)
Seat 7: VilpPS (button) folded before Flop (didn't bet)
Seat 8: frosa9397 (small blind) folded before Flop
Seat 9: Jizz1991 (big blind) collected ($0.13)



PokerStars Hand #223973366539:  Hold'em No Limit ($0.01/$0.02 USD) - 2021/02/18 19:12:50 PT [2021/02/18 22:12:50 ET]
Table 'Lycomedes VI' 9-max Seat #8 is the button
Seat 1: VictorSamp ($0.39 in chips) 
Seat 2: Dorex2007 ($1.91 in chips) 
Seat 4: zpxnjp21 ($1.90 in chips) 
Seat 5: dddeeeggg ($2.22 in chips) 
Seat 6: Longer222 ($3.99 in chips) 
Seat 7: VilpPS ($2.06 in chips) 
Seat 8: frosa9397 ($2 in chips) 
Seat 9: Jizz1991 ($0.56 in chips) 
Jizz1991: posts small blind $0.01
VictorSamp: posts big blind $0.02
*** HOLE CARDS ***
Dealt to Dorex2007 [4c 7s]
Dorex2007: folds 
zpxnjp21: folds 
dddeeeggg: folds 
Longer222: folds 
VilpPS has timed out
VilpPS: folds 
frosa9397: raises $0.05 to $0.07
Jizz1991: calls $0.06
VictorSamp: folds 
*** FLOP *** [6d 2s Ac]
Jizz1991: checks 
frosa9397: checks 
*** TURN *** [6d 2s Ac] [4d]
Jizz1991: bets $0.02
frosa9397: folds 
Uncalled bet ($0.02) returned to Jizz1991
Jizz1991 collected $0.15 from pot
Jizz1991: doesn't show hand 
*** SUMMARY ***
Total pot $0.16 | Rake $0.01 
Board [6d 2s Ac 4d]
Seat 1: VictorSamp (big blind) folded before Flop
Seat 2: Dorex2007 folded before Flop (didn't bet)
Seat 4: zpxnjp21 folded before Flop (didn't bet)
Seat 5: dddeeeggg folded before Flop (didn't bet)
Seat 6: Longer222 folded before Flop (didn't bet)
Seat 7: VilpPS folded before Flop (didn't bet)
Seat 8: frosa9397 (button) folded on the Turn
Seat 9: Jizz1991 (small blind) collected ($0.15)



PokerStars Hand #223973384000:  Hold'em No Limit ($0.01/$0.02 USD) - 2021/02/18 19:13:46 PT [2021/02/18 22:13:46 ET]
Table 'Lycomedes VI' 9-max Seat #9 is the button
Seat 1: VictorSamp ($0.37 in chips) 
Seat 2: Dorex2007 ($1.91 in chips) 
Seat 4: zpxnjp21 ($1.90 in chips) 
Seat 5: dddeeeggg ($2.22 in chips) 
Seat 6: Longer222 ($3.99 in chips) 
Seat 7: VilpPS ($2.06 in chips) 
Seat 8: frosa9397 ($1.93 in chips) 
Seat 9: Jizz1991 ($0.64 in chips) 
VictorSamp: posts small blind $0.01
Dorex2007: posts big blind $0.02
*** HOLE CARDS ***
Dealt to Dorex2007 [8d 7s]
zpxnjp21: folds 
dddeeeggg: folds 
Longer222: folds 
VilpPS: raises $0.04 to $0.06
frosa9397: folds 
Jizz1991: calls $0.06
VictorSamp: raises $0.31 to $0.37 and is all-in
Dorex2007: folds 
VilpPS: folds 
Jizz1991: calls $0.31
*** FLOP *** [Kc 7d 8s]
*** TURN *** [Kc 7d 8s] [Qh]
*** RIVER *** [Kc 7d 8s Qh] [Qd]
*** SHOW DOWN ***
VictorSamp: shows [Ah Jd] (a pair of Queens)
Jizz1991: shows [9s 9c] (two pair, Queens and Nines)
Jizz1991 cashed out the hand for $0.44
*** SUMMARY ***
Total pot $0.82 | Rake $0.03 
Board [Kc 7d 8s Qh Qd]
Seat 1: VictorSamp (small blind) showed [Ah Jd] and lost with a pair of Queens
Seat 2: Dorex2007 (big blind) folded before Flop
Seat 4: zpxnjp21 folded before Flop (didn't bet)
Seat 5: dddeeeggg folded before Flop (didn't bet)
Seat 6: Longer222 folded before Flop (didn't bet)
Seat 7: VilpPS folded before Flop
Seat 8: frosa9397 folded before Flop (didn't bet)
Seat 9: Jizz1991 (button) showed [9s 9c] and won ($0.79) with two pair, Queens and Nines (pot not awarded as player cashed out)



PokerStars Hand #223973399111:  Hold'em No Limit ($0.01/$0.02 USD) - 2021/02/18 19:14:34 PT [2021/02/18 22:14:34 ET]
Table 'Lycomedes VI' 9-max Seat #2 is the button
Seat 2: Dorex2007 ($1.89 in chips) 
Seat 4: zpxnjp21 ($1.90 in chips) 
Seat 6: Longer222 ($3.99 in chips) 
Seat 7: VilpPS ($2 in chips) 
Seat 8: frosa9397 ($1.93 in chips) 
Seat 9: Jizz1991 ($0.71 in chips) 
zpxnjp21: posts small blind $0.01
dddeeeggg: is sitting out 
dddeeeggg is disconnected 
Longer222: posts big blind $0.02
*** HOLE CARDS ***
Dealt to Dorex2007 [Ks 4c]
VilpPS: folds 
VictorSamp leaves the table
frosa9397: folds 
Jizz1991: folds 
Dorex2007: folds 
zpxnjp21: folds 
Uncalled bet ($0.01) returned to Longer222
Longer222 collected $0.02 from pot
Longer222: doesn't show hand 
*** SUMMARY ***
Total pot $0.02 | Rake $0 
Seat 2: Dorex2007 (button) folded before Flop (didn't bet)
Seat 4: zpxnjp21 (small blind) folded before Flop
Seat 6: Longer222 (big blind) collected ($0.02)
Seat 7: VilpPS folded before Flop (didn't bet)
Seat 8: frosa9397 folded before Flop (didn't bet)
Seat 9: Jizz1991 folded before Flop (didn't bet)



PokerStars Hand #223973402996:  Hold'em No Limit ($0.01/$0.02 USD) - 2021/02/18 19:14:46 PT [2021/02/18 22:14:46 ET]
Table 'Lycomedes VI' 9-max Seat #4 is the button
Seat 2: Dorex2007 ($1.89 in chips) 
Seat 4: zpxnjp21 ($1.89 in chips) 
Seat 6: Longer222 ($4 in chips) 
Seat 7: VilpPS ($2 in chips) 
Seat 8: frosa9397 ($1.93 in chips) 
Seat 9: Jizz1991 ($0.71 in chips) 
Longer222: posts small blind $0.01
VilpPS: posts big blind $0.02
*** HOLE CARDS ***
Dealt to Dorex2007 [Ts 6d]
tutanpoker joins the table at seat #1 
frosa9397: raises $0.05 to $0.07
Jizz1991: folds 
Dorex2007: folds 
zpxnjp21: calls $0.07
Longer222: folds 
VilpPS: folds 
*** FLOP *** [3h Ad 7h]
frosa9397: checks 
zpxnjp21: bets $0.10
frosa9397: folds 
Uncalled bet ($0.10) returned to zpxnjp21
zpxnjp21 collected $0.16 from pot
zpxnjp21: doesn't show hand 
*** SUMMARY ***
Total pot $0.17 | Rake $0.01 
Board [3h Ad 7h]
Seat 2: Dorex2007 folded before Flop (didn't bet)
Seat 4: zpxnjp21 (button) collected ($0.16)
Seat 6: Longer222 (small blind) folded before Flop
Seat 7: VilpPS (big blind) folded before Flop
Seat 8: frosa9397 folded on the Flop
Seat 9: Jizz1991 folded before Flop (didn't bet)



PokerStars Hand #223973414497:  Hold'em No Limit ($0.01/$0.02 USD) - 2021/02/18 19:15:22 PT [2021/02/18 22:15:22 ET]
Table 'Lycomedes VI' 9-max Seat #6 is the button
Seat 2: Dorex2007 ($1.89 in chips) 
Seat 4: zpxnjp21 ($1.98 in chips) 
Seat 6: Longer222 ($3.99 in chips) 
Seat 7: VilpPS ($2 in chips) 
Seat 8: frosa9397 ($1.86 in chips) 
Seat 9: Jizz1991 ($0.71 in chips) 
VilpPS: posts small blind $0.01
frosa9397: posts big blind $0.02
tutanpoker: sits out 
*** HOLE CARDS ***
Dealt to Dorex2007 [6d 3d]
Jizz1991: calls $0.02
Dorex2007: folds 
zpxnjp21: raises $0.07 to $0.09
Longer222: folds 
VilpPS: folds 
frosa9397: folds 
Jizz1991: folds 
Uncalled bet ($0.07) returned to zpxnjp21
zpxnjp21 collected $0.07 from pot
zpxnjp21: doesn't show hand 
*** SUMMARY ***
Total pot $0.07 | Rake $0 
Seat 2: Dorex2007 folded before Flop (didn't bet)
Seat 4: zpxnjp21 collected ($0.07)
Seat 6: Longer222 (button) folded before Flop (didn't bet)
Seat 7: VilpPS (small blind) folded before Flop
Seat 8: frosa9397 (big blind) folded before Flop
Seat 9: Jizz1991 folded before Flop



PokerStars Hand #223973435184:  Hold'em No Limit ($0.01/$0.02 USD) - 2021/02/18 19:15:58 PT [2021/02/18 22:15:58 ET]
Table 'Lycomedes VI' 9-max Seat #7 is the button
Seat 1: tutanpoker ($2 in chips) 
Seat 2: Dorex2007 ($1.89 in chips) 
Seat 4: zpxnjp21 ($2.03 in chips) 
Seat 6: Longer222 ($3.99 in chips) 
Seat 7: VilpPS ($2 in chips) 
Seat 8: frosa9397 ($1.84 in chips) 
Seat 9: Jizz1991 ($0.69 in chips) 
frosa9397: posts small blind $0.01
Jizz1991: posts big blind $0.02
tutanpoker: posts big blind $0.02
*** HOLE CARDS ***
Dealt to Dorex2007 [8c Ks]
tutanpoker: checks 
Dorex2007: folds 
zpxnjp21: folds 
Longer222: folds 
dddeeeggg is disconnected 
VilpPS: folds 
frosa9397: folds 
Jizz1991: checks 
*** FLOP *** [Qh 8h 6h]
Jizz1991: bets $0.02
tutanpoker: calls $0.02
*** TURN *** [Qh 8h 6h] [3h]
Jizz1991: bets $0.02
tutanpoker: calls $0.02
*** RIVER *** [Qh 8h 6h 3h] [Td]
Jizz1991: bets $0.02
tutanpoker: raises $0.10 to $0.12
Jizz1991: folds 
Uncalled bet ($0.10) returned to tutanpoker
tutanpoker collected $0.16 from pot
tutanpoker: doesn't show hand 
*** SUMMARY ***
Total pot $0.17 | Rake $0.01 
Board [Qh 8h 6h 3h Td]
Seat 1: tutanpoker collected ($0.16)
Seat 2: Dorex2007 folded before Flop (didn't bet)
Seat 4: zpxnjp21 folded before Flop (didn't bet)
Seat 6: Longer222 folded before Flop (didn't bet)
Seat 7: VilpPS (button) folded before Flop (didn't bet)
Seat 8: frosa9397 (small blind) folded before Flop
Seat 9: Jizz1991 (big blind) folded on the River



PokerStars Hand #223973450835:  Hold'em No Limit ($0.01/$0.02 USD) - 2021/02/18 19:16:48 PT [2021/02/18 22:16:48 ET]
Table 'Lycomedes VI' 9-max Seat #8 is the button
Seat 1: tutanpoker ($2.08 in chips) 
Seat 2: Dorex2007 ($1.89 in chips) 
Seat 4: zpxnjp21 ($2.03 in chips) 
Seat 6: Longer222 ($3.99 in chips) 
Seat 7: VilpPS ($2 in chips) 
Seat 8: frosa9397 ($1.83 in chips) 
Seat 9: Jizz1991 ($0.61 in chips) 
Jizz1991: posts small blind $0.01
tutanpoker: posts big blind $0.02
dddeeeggg: sits out 
*** HOLE CARDS ***
Dealt to Dorex2007 [Qd Js]
dddeeeggg is disconnected 
Dorex2007: calls $0.02
zpxnjp21: raises $0.04 to $0.06
Longer222: calls $0.06
VilpPS: folds 
frosa9397: folds 
Jizz1991: folds 
tutanpoker: folds 
Dorex2007: calls $0.04
*** FLOP *** [8c As 8h]
Dorex2007: checks 
zpxnjp21: checks 
Longer222: checks 
*** TURN *** [8c As 8h] [9c]
Dorex2007: checks 
zpxnjp21: checks 
Longer222: checks 
*** RIVER *** [8c As 8h 9c] [8s]
dddeeeggg leaves the table
Dorex2007: bets $0.10
zpxnjp21: folds 
Longer222: calls $0.10
*** SHOW DOWN ***
Dorex2007: shows [Qd Js] (three of a kind, Eights)
Longer222: shows [6d 6c] (a full house, Eights full of Sixes)
Longer222 collected $0.40 from pot
*** SUMMARY ***
Total pot $0.41 | Rake $0.01 
Board [8c As 8h 9c 8s]
Seat 1: tutanpoker (big blind) folded before Flop
Seat 2: Dorex2007 showed [Qd Js] and lost with three of a kind, Eights
Seat 4: zpxnjp21 folded on the River
Seat 6: Longer222 showed [6d 6c] and won ($0.40) with a full house, Eights full of Sixes
Seat 7: VilpPS folded before Flop (didn't bet)
Seat 8: frosa9397 (button) folded before Flop (didn't bet)
Seat 9: Jizz1991 (small blind) folded before Flop



PokerStars Hand #223973469355:  Hold'em No Limit ($0.01/$0.02 USD) - 2021/02/18 19:17:47 PT [2021/02/18 22:17:47 ET]
Table 'Lycomedes VI' 9-max Seat #9 is the button
Seat 1: tutanpoker ($2.06 in chips) 
Seat 2: Dorex2007 ($1.73 in chips) 
Seat 4: zpxnjp21 ($1.97 in chips) 
Seat 6: Longer222 ($4.23 in chips) 
Seat 7: VilpPS ($2 in chips) 
Seat 8: frosa9397 ($1.83 in chips) 
Seat 9: Jizz1991 ($0.60 in chips) 
tutanpoker: posts small blind $0.01
Dorex2007: posts big blind $0.02
*** HOLE CARDS ***
Dealt to Dorex2007 [5d 2d]
zpxnjp21: folds 
Longer222: folds 
VilpPS: raises $0.04 to $0.06
frosa9397: folds 
Jizz1991: calls $0.06
tutanpoker: folds 
Dorex2007: folds 
*** FLOP *** [Ts Jd Kd]
VilpPS: bets $0.07
Jizz1991: calls $0.07
*** TURN *** [Ts Jd Kd] [9h]
VilpPS: bets $0.14
Jizz1991: folds 
Uncalled bet ($0.14) returned to VilpPS
VilpPS collected $0.28 from pot
VilpPS: doesn't show hand 
*** SUMMARY ***
Total pot $0.29 | Rake $0.01 
Board [Ts Jd Kd 9h]
Seat 1: tutanpoker (small blind) folded before Flop
Seat 2: Dorex2007 (big blind) folded before Flop
Seat 4: zpxnjp21 folded before Flop (didn't bet)
Seat 6: Longer222 folded before Flop (didn't bet)
Seat 7: VilpPS collected ($0.28)
Seat 8: frosa9397 folded before Flop (didn't bet)
Seat 9: Jizz1991 (button) folded on the Turn



PokerStars Hand #223973483950:  Hold'em No Limit ($0.01/$0.02 USD) - 2021/02/18 19:18:34 PT [2021/02/18 22:18:34 ET]
Table 'Lycomedes VI' 9-max Seat #1 is the button
Seat 1: tutanpoker ($2.05 in chips) 
Seat 2: Dorex2007 ($1.71 in chips) 
Seat 3: TIQM ($2.25 in chips) 
Seat 4: zpxnjp21 ($1.97 in chips) 
Seat 6: Longer222 ($4.23 in chips) 
Seat 7: VilpPS ($2.15 in chips) 
Seat 8: frosa9397 ($1.83 in chips) 
Seat 9: Jizz1991 ($0.47 in chips) 
Dorex2007: posts small blind $0.01
TIQM: posts big blind $0.02
*** HOLE CARDS ***
Dealt to Dorex2007 [9d 4s]
zpxnjp21: folds 
Longer222: folds 
VilpPS: folds 
frosa9397: folds 
Jizz1991: calls $0.02
tutanpoker has timed out
tutanpoker: folds 
Dorex2007: folds 
TIQM: checks 
*** FLOP *** [As 6d 3d]
VictorSamp joins the table at seat #5 
TIQM: checks 
Jizz1991: bets $0.05
TIQM: folds 
Uncalled bet ($0.05) returned to Jizz1991
Jizz1991 collected $0.05 from pot
Jizz1991: doesn't show hand 
*** SUMMARY ***
Total pot $0.05 | Rake $0 
Board [As 6d 3d]
Seat 1: tutanpoker (button) folded before Flop (didn't bet)
Seat 2: Dorex2007 (small blind) folded before Flop
Seat 3: TIQM (big blind) folded on the Flop
Seat 4: zpxnjp21 folded before Flop (didn't bet)
Seat 6: Longer222 folded before Flop (didn't bet)
Seat 7: VilpPS folded before Flop (didn't bet)
Seat 8: frosa9397 folded before Flop (didn't bet)
Seat 9: Jizz1991 collected ($0.05)



PokerStars Hand #223973498547:  Hold'em No Limit ($0.01/$0.02 USD) - 2021/02/18 19:19:21 PT [2021/02/18 22:19:21 ET]
Table 'Lycomedes VI' 9-max Seat #2 is the button
Seat 1: tutanpoker ($2.05 in chips) 
Seat 2: Dorex2007 ($1.70 in chips) 
Seat 3: TIQM ($2.23 in chips) 
Seat 4: zpxnjp21 ($1.97 in chips) 
Seat 6: Longer222 ($4.23 in chips) 
Seat 7: VilpPS ($2.15 in chips) 
Seat 8: frosa9397 ($1.83 in chips) 
Seat 9: Jizz1991 ($0.50 in chips) 
TIQM: posts small blind $0.01
zpxnjp21: posts big blind $0.02
VictorSamp: sits out 
*** HOLE CARDS ***
Dealt to Dorex2007 [7c Kh]
Longer222: folds 
VilpPS: folds 
frosa9397: folds 
Jizz1991: calls $0.02
tutanpoker: calls $0.02
Dorex2007: folds 
TIQM: folds 
zpxnjp21: checks 
*** FLOP *** [3d 7d 5s]
zpxnjp21: bets $0.05
Jizz1991: folds 
tutanpoker: folds 
Uncalled bet ($0.05) returned to zpxnjp21
zpxnjp21 collected $0.07 from pot
zpxnjp21: doesn't show hand 
*** SUMMARY ***
Total pot $0.07 | Rake $0 
Board [3d 7d 5s]
Seat 1: tutanpoker folded on the Flop
Seat 2: Dorex2007 (button) folded before Flop (didn't bet)
Seat 3: TIQM (small blind) folded before Flop
Seat 4: zpxnjp21 (big blind) collected ($0.07)
Seat 6: Longer222 folded before Flop (didn't bet)
Seat 7: VilpPS folded before Flop (didn't bet)
Seat 8: frosa9397 folded before Flop (didn't bet)
Seat 9: Jizz1991 folded on the Flop



PokerStars Hand #223973511305:  Hold'em No Limit ($0.01/$0.02 USD) - 2021/02/18 19:20:02 PT [2021/02/18 22:20:02 ET]
Table 'Lycomedes VI' 9-max Seat #3 is the button
Seat 1: tutanpoker ($2.03 in chips) 
Seat 2: Dorex2007 ($1.70 in chips) 
Seat 3: TIQM ($2.22 in chips) 
Seat 4: zpxnjp21 ($2.02 in chips) 
Seat 5: VictorSamp ($2 in chips) 
Seat 6: Longer222 ($4.23 in chips) 
Seat 7: VilpPS ($2.15 in chips) 
Seat 8: frosa9397 ($1.83 in chips) 
Seat 9: Jizz1991 ($0.48 in chips) 
zpxnjp21: posts small blind $0.01
VictorSamp: posts big blind $0.02
*** HOLE CARDS ***
Dealt to Dorex2007 [3d 6d]
Longer222: folds 
VilpPS: folds 
frosa9397: folds 
Jizz1991: raises $0.02 to $0.04
tutanpoker: folds 
Dorex2007: folds 
TIQM has timed out
TIQM: folds 
zpxnjp21: folds 
VictorSamp: calls $0.02
*** FLOP *** [4s Js 3s]
VictorSamp: bets $0.04
Jizz1991: folds 
Uncalled bet ($0.04) returned to VictorSamp
VictorSamp collected $0.09 from pot
VictorSamp: doesn't show hand 
*** SUMMARY ***
Total pot $0.09 | Rake $0 
Board [4s Js 3s]
Seat 1: tutanpoker folded before Flop (didn't bet)
Seat 2: Dorex2007 folded before Flop (didn't bet)
Seat 3: TIQM (button) folded before Flop (didn't bet)
Seat 4: zpxnjp21 (small blind) folded before Flop
Seat 5: VictorSamp (big blind) collected ($0.09)
Seat 6: Longer222 folded before Flop (didn't bet)
Seat 7: VilpPS folded before Flop (didn't bet)
Seat 8: frosa9397 folded before Flop (didn't bet)
Seat 9: Jizz1991 folded on the Flop



PokerStars Hand #223973525683:  Hold'em No Limit ($0.01/$0.02 USD) - 2021/02/18 19:20:48 PT [2021/02/18 22:20:48 ET]
Table 'Lycomedes VI' 9-max Seat #4 is the button
Seat 1: tutanpoker ($2.03 in chips) 
Seat 2: Dorex2007 ($1.70 in chips) 
Seat 4: zpxnjp21 ($2.01 in chips) 
Seat 5: VictorSamp ($2.05 in chips) 
Seat 6: Longer222 ($4.23 in chips) 
Seat 7: VilpPS ($2.15 in chips) 
Seat 8: frosa9397 ($1.83 in chips) 
Seat 9: Jizz1991 ($0.44 in chips) 
VictorSamp: posts small blind $0.01
Longer222: posts big blind $0.02
*** HOLE CARDS ***
Dealt to Dorex2007 [Ah Tc]
VilpPS: folds 
frosa9397: folds 
Jizz1991: calls $0.02
tutanpoker: folds 
Dorex2007: calls $0.02
zpxnjp21: folds 
VictorSamp: calls $0.01
Longer222: checks 
*** FLOP *** [Jc Ad 4h]
VictorSamp: checks 
Longer222: checks 
Jizz1991: checks 
Dorex2007: bets $0.08
VictorSamp: folds 
Longer222: calls $0.08
Jizz1991: folds 
*** TURN *** [Jc Ad 4h] [8d]
Longer222: checks 
Dorex2007: bets $0.12
Longer222: calls $0.12
*** RIVER *** [Jc Ad 4h 8d] [Qc]
Longer222: checks 
Dorex2007: checks 
*** SHOW DOWN ***
Longer222: shows [Ac 4c] (two pair, Aces and Fours)
Dorex2007: mucks hand 
Longer222 collected $0.46 from pot
*** SUMMARY ***
Total pot $0.48 | Rake $0.02 
Board [Jc Ad 4h 8d Qc]
Seat 1: tutanpoker folded before Flop (didn't bet)
Seat 2: Dorex2007 mucked [Ah Tc]
Seat 4: zpxnjp21 (button) folded before Flop (didn't bet)
Seat 5: VictorSamp (small blind) folded on the Flop
Seat 6: Longer222 (big blind) showed [Ac 4c] and won ($0.46) with two pair, Aces and Fours
Seat 7: VilpPS folded before Flop (didn't bet)
Seat 8: frosa9397 folded before Flop (didn't bet)
Seat 9: Jizz1991 folded on the Flop



PokerStars Hand #223973543852:  Hold'em No Limit ($0.01/$0.02 USD) - 2021/02/18 19:21:47 PT [2021/02/18 22:21:47 ET]
Table 'Lycomedes VI' 9-max Seat #5 is the button
Seat 1: tutanpoker ($2.03 in chips) 
Seat 2: Dorex2007 ($1.48 in chips) 
Seat 4: zpxnjp21 ($2.01 in chips) 
Seat 5: VictorSamp ($2.03 in chips) 
Seat 6: Longer222 ($4.47 in chips) 
Seat 7: VilpPS ($2.15 in chips) 
Seat 8: frosa9397 ($1.83 in chips) 
Seat 9: Jizz1991 ($0.42 in chips) 
Longer222: posts small blind $0.01
VilpPS: posts big blind $0.02
*** HOLE CARDS ***
Dealt to Dorex2007 [8h 4s]
frosa9397: folds 
Jizz1991: folds 
tutanpoker: raises $0.06 to $0.08
TIQM leaves the table
Dorex2007: folds 
zpxnjp21: folds 
VictorSamp: folds 
Longer222: folds 
VilpPS: folds 
Uncalled bet ($0.06) returned to tutanpoker
tutanpoker collected $0.05 from pot
tutanpoker: doesn't show hand 
*** SUMMARY ***
Total pot $0.05 | Rake $0 
Seat 1: tutanpoker collected ($0.05)
Seat 2: Dorex2007 folded before Flop (didn't bet)
Seat 4: zpxnjp21 folded before Flop (didn't bet)
Seat 5: VictorSamp (button) folded before Flop (didn't bet)
Seat 6: Longer222 (small blind) folded before Flop
Seat 7: VilpPS (big blind) folded before Flop
Seat 8: frosa9397 folded before Flop (didn't bet)
Seat 9: Jizz1991 folded before Flop (didn't bet)



PokerStars Hand #223973549759:  Hold'em No Limit ($0.01/$0.02 USD) - 2021/02/18 19:22:05 PT [2021/02/18 22:22:05 ET]
Table 'Lycomedes VI' 9-max Seat #6 is the button
Seat 1: tutanpoker ($2.06 in chips) 
Seat 2: Dorex2007 ($1.48 in chips) 
Seat 4: zpxnjp21 ($2.01 in chips) 
Seat 5: VictorSamp ($2.03 in chips) 
Seat 6: Longer222 ($4.46 in chips) 
Seat 7: VilpPS ($2.13 in chips) 
Seat 8: frosa9397 ($1.83 in chips) 
Seat 9: Jizz1991 ($0.42 in chips) 
VilpPS: posts small blind $0.01
frosa9397: posts big blind $0.02
*** HOLE CARDS ***
Dealt to Dorex2007 [5h 8h]
Jizz1991: calls $0.02
tutanpoker has timed out
tutanpoker: folds 
Dorex2007: folds 
zpxnjp21: folds 
VictorSamp: folds 
Longer222: folds 
VilpPS: folds 
frosa9397: checks 
*** FLOP *** [2d Jc Jh]
frosa9397: checks 
Jizz1991: bets $0.02
frosa9397: folds 
Uncalled bet ($0.02) returned to Jizz1991
Jizz1991 collected $0.05 from pot
Jizz1991: doesn't show hand 
*** SUMMARY ***
Total pot $0.05 | Rake $0 
Board [2d Jc Jh]
Seat 1: tutanpoker folded before Flop (didn't bet)
Seat 2: Dorex2007 folded before Flop (didn't bet)
Seat 4: zpxnjp21 folded before Flop (didn't bet)
Seat 5: VictorSamp folded before Flop (didn't bet)
Seat 6: Longer222 (button) folded before Flop (didn't bet)
Seat 7: VilpPS (small blind) folded before Flop
Seat 8: frosa9397 (big blind) folded on the Flop
Seat 9: Jizz1991 collected ($0.05)



PokerStars Hand #223973560189:  Hold'em No Limit ($0.01/$0.02 USD) - 2021/02/18 19:22:39 PT [2021/02/18 22:22:39 ET]
Table 'Lycomedes VI' 9-max Seat #7 is the button
Seat 2: Dorex2007 ($1.48 in chips) 
Seat 4: zpxnjp21 ($2.01 in chips) 
Seat 5: VictorSamp ($2.03 in chips) 
Seat 6: Longer222 ($4.46 in chips) 
Seat 7: VilpPS ($2.12 in chips) 
Seat 8: frosa9397 ($1.81 in chips) 
Seat 9: Jizz1991 ($0.45 in chips) 
frosa9397: posts small blind $0.01
Jizz1991: posts big blind $0.02
*** HOLE CARDS ***
Dealt to Dorex2007 [6d Js]
Dorex2007: folds 
zpxnjp21: folds 
Andrei Shevcov joins the table at seat #3 
VictorSamp: folds 
Longer222: folds 
VilpPS: folds 
frosa9397: folds 
Uncalled bet ($0.01) returned to Jizz1991
Jizz1991 collected $0.02 from pot
Jizz1991: doesn't show hand 
*** SUMMARY ***
Total pot $0.02 | Rake $0 
Seat 2: Dorex2007 folded before Flop (didn't bet)
Seat 4: zpxnjp21 folded before Flop (didn't bet)
Seat 5: VictorSamp folded before Flop (didn't bet)
Seat 6: Longer222 folded before Flop (didn't bet)
Seat 7: VilpPS (button) folded before Flop (didn't bet)
Seat 8: frosa9397 (small blind) folded before Flop
Seat 9: Jizz1991 (big blind) collected ($0.02)



PokerStars Hand #223973566248:  Hold'em No Limit ($0.01/$0.02 USD) - 2021/02/18 19:22:59 PT [2021/02/18 22:22:59 ET]
Table 'Lycomedes VI' 9-max Seat #8 is the button
Seat 1: tutanpoker ($2.06 in chips) 
Seat 2: Dorex2007 ($1.48 in chips) 
Seat 4: zpxnjp21 ($2.01 in chips) 
Seat 5: VictorSamp ($2.03 in chips) 
Seat 6: Longer222 ($4.46 in chips) 
Seat 7: VilpPS ($2.12 in chips) 
Seat 8: frosa9397 ($1.80 in chips) 
Seat 9: Jizz1991 ($0.46 in chips) 
Jizz1991: posts small blind $0.01
tutanpoker: posts big blind $0.02
Andrei Shevcov: sits out 
*** HOLE CARDS ***
Dealt to Dorex2007 [5h Ts]
Dorex2007: folds 
zpxnjp21: folds 
VictorSamp: calls $0.02
Longer222: folds 
VilpPS: folds 
frosa9397: folds 
Jizz1991: raises $0.02 to $0.04
tutanpoker: folds 
VictorSamp: calls $0.02
*** FLOP *** [7s Jd 5c]
Jizz1991: bets $0.05
VictorSamp: folds 
Uncalled bet ($0.05) returned to Jizz1991
Jizz1991 collected $0.10 from pot
Jizz1991: doesn't show hand 
*** SUMMARY ***
Total pot $0.10 | Rake $0 
Board [7s Jd 5c]
Seat 1: tutanpoker (big blind) folded before Flop
Seat 2: Dorex2007 folded before Flop (didn't bet)
Seat 4: zpxnjp21 folded before Flop (didn't bet)
Seat 5: VictorSamp folded on the Flop
Seat 6: Longer222 folded before Flop (didn't bet)
Seat 7: VilpPS folded before Flop (didn't bet)
Seat 8: frosa9397 (button) folded before Flop (didn't bet)
Seat 9: Jizz1991 (small blind) collected ($0.10)



PokerStars Hand #223973583466:  Hold'em No Limit ($0.01/$0.02 USD) - 2021/02/18 19:23:45 PT [2021/02/18 22:23:45 ET]
Table 'Lycomedes VI' 9-max Seat #9 is the button
Seat 1: tutanpoker ($2.04 in chips) 
Seat 2: Dorex2007 ($1.48 in chips) 
Seat 4: zpxnjp21 ($2.01 in chips) 
Seat 5: VictorSamp ($1.99 in chips) 
Seat 6: Longer222 ($4.46 in chips) 
Seat 7: VilpPS ($2.12 in chips) 
Seat 8: frosa9397 ($1.80 in chips) 
Seat 9: Jizz1991 ($0.52 in chips) 
tutanpoker: posts small blind $0.01
Dorex2007: posts big blind $0.02
Andrei Shevcov: sits out 
*** HOLE CARDS ***
Dealt to Dorex2007 [2h Jc]
zpxnjp21: folds 
VictorSamp: folds 
Longer222: folds 
VilpPS: folds 
frosa9397: folds 
Jizz1991: folds 
tutanpoker: calls $0.01
Dorex2007: checks 
*** FLOP *** [8d 8s 6c]
tutanpoker: bets $0.02
Dorex2007: folds 
Uncalled bet ($0.02) returned to tutanpoker
tutanpoker collected $0.04 from pot
tutanpoker: doesn't show hand 
*** SUMMARY ***
Total pot $0.04 | Rake $0 
Board [8d 8s 6c]
Seat 1: tutanpoker (small blind) collected ($0.04)
Seat 2: Dorex2007 (big blind) folded on the Flop
Seat 4: zpxnjp21 folded before Flop (didn't bet)
Seat 5: VictorSamp folded before Flop (didn't bet)
Seat 6: Longer222 folded before Flop (didn't bet)
Seat 7: VilpPS folded before Flop (didn't bet)
Seat 8: frosa9397 folded before Flop (didn't bet)
Seat 9: Jizz1991 (button) folded before Flop (didn't bet)



PokerStars Hand #223973593910:  Hold'em No Limit ($0.01/$0.02 USD) - 2021/02/18 19:24:19 PT [2021/02/18 22:24:19 ET]
Table 'Lycomedes VI' 9-max Seat #1 is the button
Seat 1: tutanpoker ($2.06 in chips) 
Seat 2: Dorex2007 ($1.46 in chips) 
Seat 3: Andrei Shevcov ($0.80 in chips) 
Seat 4: zpxnjp21 ($2.01 in chips) 
Seat 5: VictorSamp ($1.99 in chips) 
Seat 6: Longer222 ($4.46 in chips) 
Seat 7: VilpPS ($2.12 in chips) 
Seat 8: frosa9397 ($1.80 in chips) 
Seat 9: Jizz1991 ($0.52 in chips) 
Dorex2007: posts small blind $0.01
Andrei Shevcov: posts big blind $0.02
*** HOLE CARDS ***
Dealt to Dorex2007 [7h Kh]
zpxnjp21: folds 
VictorSamp: folds 
Longer222: folds 
VilpPS: folds 
frosa9397: raises $0.05 to $0.07
Longer222 leaves the table
Jizz1991: calls $0.07
tutanpoker: calls $0.07
Dorex2007: folds 
Andrei Shevcov: folds 
*** FLOP *** [3c 4d 7c]
frosa9397: bets $0.13
Jizz1991: calls $0.13
tutanpoker: folds 
*** TURN *** [3c 4d 7c] [Ah]
frosa9397: bets $0.24
Jizz1991: calls $0.24
*** RIVER *** [3c 4d 7c Ah] [3s]
frosa9397: bets $0.08
Jizz1991: calls $0.08 and is all-in
*** SHOW DOWN ***
frosa9397: shows [9c Ac] (two pair, Aces and Threes)
Jizz1991: shows [4c 2c] (two pair, Fours and Threes)
frosa9397 collected $1.10 from pot
*** SUMMARY ***
Total pot $1.14 | Rake $0.04 
Board [3c 4d 7c Ah 3s]
Seat 1: tutanpoker (button) folded on the Flop
Seat 2: Dorex2007 (small blind) folded before Flop
Seat 3: Andrei Shevcov (big blind) folded before Flop
Seat 4: zpxnjp21 folded before Flop (didn't bet)
Seat 5: VictorSamp folded before Flop (didn't bet)
Seat 6: Longer222 folded before Flop (didn't bet)
Seat 7: VilpPS folded before Flop (didn't bet)
Seat 8: frosa9397 showed [9c Ac] and won ($1.10) with two pair, Aces and Threes
Seat 9: Jizz1991 showed [4c 2c] and lost with two pair, Fours and Threes



PokerStars Hand #223973616638:  Hold'em No Limit ($0.01/$0.02 USD) - 2021/02/18 19:25:33 PT [2021/02/18 22:25:33 ET]
Table 'Lycomedes VI' 9-max Seat #2 is the button
Seat 1: tutanpoker ($2 in chips) 
Seat 2: Dorex2007 ($1.45 in chips) 
Seat 3: Andrei Shevcov ($0.78 in chips) 
Seat 4: zpxnjp21 ($2.01 in chips) 
Seat 5: VictorSamp ($1.99 in chips) 
Seat 7: VilpPS ($2.12 in chips) 
Seat 8: frosa9397 ($2.38 in chips) 
Andrei Shevcov: posts small blind $0.01
zpxnjp21: posts big blind $0.02
*** HOLE CARDS ***
Dealt to Dorex2007 [9d Ks]
Dre-Zed joins the table at seat #6 
VictorSamp has timed out
VictorSamp: folds 
VilpPS: folds 
frosa9397: calls $0.02
tutanpoker: raises $0.06 to $0.08
Dorex2007: folds 
Andrei Shevcov: folds 
zpxnjp21: folds 
frosa9397: folds 
Uncalled bet ($0.06) returned to tutanpoker
tutanpoker collected $0.07 from pot
tutanpoker: doesn't show hand 
*** SUMMARY ***
Total pot $0.07 | Rake $0 
Seat 1: tutanpoker collected ($0.07)
Seat 2: Dorex2007 (button) folded before Flop (didn't bet)
Seat 3: Andrei Shevcov (small blind) folded before Flop
Seat 4: zpxnjp21 (big blind) folded before Flop
Seat 5: VictorSamp folded before Flop (didn't bet)
Seat 7: VilpPS folded before Flop (didn't bet)
Seat 8: frosa9397 folded before Flop



PokerStars Hand #223973626922:  Hold'em No Limit ($0.01/$0.02 USD) - 2021/02/18 19:26:06 PT [2021/02/18 22:26:06 ET]
Table 'Lycomedes VI' 9-max Seat #3 is the button
Seat 1: tutanpoker ($2.05 in chips) 
Seat 2: Dorex2007 ($1.45 in chips) 
Seat 3: Andrei Shevcov ($0.77 in chips) 
Seat 4: zpxnjp21 ($1.99 in chips) 
Seat 5: VictorSamp ($1.99 in chips) 
Seat 7: VilpPS ($2.12 in chips) 
Seat 8: frosa9397 ($2.36 in chips) 
Seat 9: Jizz1991 ($0.80 in chips) 
zpxnjp21: posts small blind $0.01
VictorSamp: posts big blind $0.02
Dre-Zed: sits out 
*** HOLE CARDS ***
Dealt to Dorex2007 [9s Ks]
VilpPS: folds 
frosa9397: calls $0.02
Jizz1991: calls $0.02
tutanpoker: folds 
Dorex2007: raises $0.02 to $0.04
Andrei Shevcov: calls $0.04
zpxnjp21: folds 
VictorSamp: folds 
frosa9397: calls $0.02
Jizz1991: calls $0.02
*** FLOP *** [3h 8s 5h]
frosa9397: checks 
Jizz1991: bets $0.09
Dorex2007: folds 
Andrei Shevcov: folds 
frosa9397: folds 
Uncalled bet ($0.09) returned to Jizz1991
Jizz1991 collected $0.18 from pot
Jizz1991: doesn't show hand 
*** SUMMARY ***
Total pot $0.19 | Rake $0.01 
Board [3h 8s 5h]
Seat 1: tutanpoker folded before Flop (didn't bet)
Seat 2: Dorex2007 folded on the Flop
Seat 3: Andrei Shevcov (button) folded on the Flop
Seat 4: zpxnjp21 (small blind) folded before Flop
Seat 5: VictorSamp (big blind) folded before Flop
Seat 7: VilpPS folded before Flop (didn't bet)
Seat 8: frosa9397 folded on the Flop
Seat 9: Jizz1991 collected ($0.18)



PokerStars Hand #223973646388:  Hold'em No Limit ($0.01/$0.02 USD) - 2021/02/18 19:27:10 PT [2021/02/18 22:27:10 ET]
Table 'Lycomedes VI' 9-max Seat #4 is the button
Seat 1: tutanpoker ($2.05 in chips) 
Seat 2: Dorex2007 ($1.41 in chips) 
Seat 3: Andrei Shevcov ($0.73 in chips) 
Seat 4: zpxnjp21 ($1.98 in chips) 
Seat 5: VictorSamp ($1.97 in chips) 
Seat 6: Dre-Zed ($0.84 in chips) 
Seat 7: VilpPS ($2.12 in chips) 
Seat 8: frosa9397 ($2.32 in chips) 
Seat 9: Jizz1991 ($0.94 in chips) 
VictorSamp: posts small blind $0.01
Dre-Zed: posts big blind $0.02
*** HOLE CARDS ***
Dealt to Dorex2007 [5d Ts]
VilpPS: folds 
frosa9397: folds 
Jizz1991: calls $0.02
tutanpoker: folds 
Dorex2007: folds 
Andrei Shevcov: folds 
zpxnjp21: raises $0.07 to $0.09
VictorSamp: folds 
Dre-Zed: folds 
Jizz1991: calls $0.07
*** FLOP *** [Ac Td Ad]
Jizz1991: bets $0.02
zpxnjp21: raises $0.16 to $0.18
Jizz1991: calls $0.16
*** TURN *** [Ac Td Ad] [Kc]
Jizz1991: checks 
zpxnjp21: checks 
*** RIVER *** [Ac Td Ad Kc] [2d]
Jizz1991: bets $0.27
zpxnjp21: folds 
Uncalled bet ($0.27) returned to Jizz1991
Jizz1991 collected $0.55 from pot
Jizz1991: doesn't show hand 
*** SUMMARY ***
Total pot $0.57 | Rake $0.02 
Board [Ac Td Ad Kc 2d]
Seat 1: tutanpoker folded before Flop (didn't bet)
Seat 2: Dorex2007 folded before Flop (didn't bet)
Seat 3: Andrei Shevcov folded before Flop (didn't bet)
Seat 4: zpxnjp21 (button) folded on the River
Seat 5: VictorSamp (small blind) folded before Flop
Seat 6: Dre-Zed (big blind) folded before Flop
Seat 7: VilpPS folded before Flop (didn't bet)
Seat 8: frosa9397 folded before Flop (didn't bet)
Seat 9: Jizz1991 collected ($0.55)



PokerStars Hand #223973672689:  Hold'em No Limit ($0.01/$0.02 USD) - 2021/02/18 19:28:04 PT [2021/02/18 22:28:04 ET]
Table 'Lycomedes VI' 9-max Seat #5 is the button
Seat 1: tutanpoker ($2.05 in chips) 
Seat 2: Dorex2007 ($1.41 in chips) 
Seat 3: Andrei Shevcov ($0.73 in chips) 
Seat 4: zpxnjp21 ($1.71 in chips) 
Seat 5: VictorSamp ($1.96 in chips) 
Seat 6: Dre-Zed ($0.82 in chips) 
Seat 7: VilpPS ($2.12 in chips) 
Seat 8: frosa9397 ($2.32 in chips) 
Seat 9: Jizz1991 ($1.22 in chips) 
Dre-Zed: posts small blind $0.01
VilpPS: posts big blind $0.02
*** HOLE CARDS ***
Dealt to Dorex2007 [7h 2s]
frosa9397: folds 
Jizz1991: calls $0.02
tutanpoker: folds 
Dorex2007: folds 
Andrei Shevcov: calls $0.02
zpxnjp21: folds 
VictorSamp: raises $0.09 to $0.11
Dre-Zed: folds 
VilpPS: folds 
Jizz1991: calls $0.09
Andrei Shevcov: folds 
*** FLOP *** [9s Qs 3c]
Jizz1991: bets $0.13
VictorSamp: calls $0.13
*** TURN *** [9s Qs 3c] [Ks]
Jizz1991: bets $0.25
VictorSamp: calls $0.25
*** RIVER *** [9s Qs 3c Ks] [4s]
Jizz1991: bets $0.49
VictorSamp: calls $0.49
*** SHOW DOWN ***
Jizz1991: shows [Ts 9c] (a flush, King high)
VictorSamp: mucks hand 
Jizz1991 collected $1.94 from pot
*** SUMMARY ***
Total pot $2.01 | Rake $0.07 
Board [9s Qs 3c Ks 4s]
Seat 1: tutanpoker folded before Flop (didn't bet)
Seat 2: Dorex2007 folded before Flop (didn't bet)
Seat 3: Andrei Shevcov folded before Flop
Seat 4: zpxnjp21 folded before Flop (didn't bet)
Seat 5: VictorSamp (button) mucked [Kh Ad]
Seat 6: Dre-Zed (small blind) folded before Flop
Seat 7: VilpPS (big blind) folded before Flop
Seat 8: frosa9397 folded before Flop (didn't bet)
Seat 9: Jizz1991 showed [Ts 9c] and won ($1.94) with a flush, King high



PokerStars Hand #223973689974:  Hold'em No Limit ($0.01/$0.02 USD) - 2021/02/18 19:29:01 PT [2021/02/18 22:29:01 ET]
Table 'Lycomedes VI' 9-max Seat #6 is the button
Seat 1: tutanpoker ($2.05 in chips) 
Seat 2: Dorex2007 ($1.41 in chips) 
Seat 3: Andrei Shevcov ($0.71 in chips) 
Seat 4: zpxnjp21 ($1.71 in chips) 
Seat 5: VictorSamp ($0.98 in chips) 
Seat 6: Dre-Zed ($0.81 in chips) 
Seat 7: VilpPS ($2.10 in chips) 
Seat 8: frosa9397 ($2.32 in chips) 
Seat 9: Jizz1991 ($2.18 in chips) 
VilpPS: posts small blind $0.01
frosa9397: posts big blind $0.02
*** HOLE CARDS ***
Dealt to Dorex2007 [2s Qd]
Jizz1991: calls $0.02
tutanpoker: calls $0.02
Dorex2007: folds 
Andrei Shevcov: folds 
zpxnjp21: raises $0.09 to $0.11
VictorSamp: folds 
Dre-Zed: folds 
VilpPS: folds 
frosa9397: folds 
Jizz1991: calls $0.09
tutanpoker: folds 
*** FLOP *** [Jh Ad 3d]
Jizz1991: bets $0.13
zpxnjp21: raises $0.39 to $0.52
Jizz1991: calls $0.39
*** TURN *** [Jh Ad 3d] [9h]
Jizz1991: checks 
zpxnjp21: bets $1.08 and is all-in
Jizz1991: calls $1.08
*** RIVER *** [Jh Ad 3d 9h] [3c]
*** SHOW DOWN ***
Jizz1991: shows [Ah 6h] (two pair, Aces and Threes)
zpxnjp21: shows [As Kh] (two pair, Aces and Threes - King kicker)
zpxnjp21 collected $3.35 from pot
*** SUMMARY ***
Total pot $3.47 | Rake $0.12 
Board [Jh Ad 3d 9h 3c]
Seat 1: tutanpoker folded before Flop
Seat 2: Dorex2007 folded before Flop (didn't bet)
Seat 3: Andrei Shevcov folded before Flop (didn't bet)
Seat 4: zpxnjp21 showed [As Kh] and won ($3.35) with two pair, Aces and Threes
Seat 5: VictorSamp folded before Flop (didn't bet)
Seat 6: Dre-Zed (button) folded before Flop (didn't bet)
Seat 7: VilpPS (small blind) folded before Flop
Seat 8: frosa9397 (big blind) folded before Flop
Seat 9: Jizz1991 showed [Ah 6h] and lost with two pair, Aces and Threes



PokerStars Hand #223973710344:  Hold'em No Limit ($0.01/$0.02 USD) - 2021/02/18 19:30:08 PT [2021/02/18 22:30:08 ET]
Table 'Lycomedes VI' 9-max Seat #7 is the button
Seat 1: tutanpoker ($2.03 in chips) 
Seat 2: Dorex2007 ($1.41 in chips) 
Seat 3: Andrei Shevcov ($0.71 in chips) 
Seat 4: zpxnjp21 ($3.35 in chips) 
Seat 5: VictorSamp ($0.98 in chips) 
Seat 6: Dre-Zed ($0.81 in chips) 
Seat 7: VilpPS ($2.09 in chips) 
Seat 8: frosa9397 ($2.30 in chips) 
Seat 9: Jizz1991 ($0.47 in chips) 
frosa9397: posts small blind $0.01
Jizz1991: posts big blind $0.02
*** HOLE CARDS ***
Dealt to Dorex2007 [9h Kd]
tutanpoker: folds 
Dorex2007: folds 
Andrei Shevcov: folds 
zpxnjp21: folds 
VictorSamp: calls $0.02
Dre-Zed: calls $0.02
VilpPS: folds 
frosa9397: folds 
Jizz1991: checks 
*** FLOP *** [Qs 2h Qc]
Jizz1991: checks 
VictorSamp: checks 
Dre-Zed: checks 
*** TURN *** [Qs 2h Qc] [4d]
Jizz1991: bets $0.02
VictorSamp: folds 
Dre-Zed: folds 
Uncalled bet ($0.02) returned to Jizz1991
Jizz1991 collected $0.07 from pot
Jizz1991: doesn't show hand 
*** SUMMARY ***
Total pot $0.07 | Rake $0 
Board [Qs 2h Qc 4d]
Seat 1: tutanpoker folded before Flop (didn't bet)
Seat 2: Dorex2007 folded before Flop (didn't bet)
Seat 3: Andrei Shevcov folded before Flop (didn't bet)
Seat 4: zpxnjp21 folded before Flop (didn't bet)
Seat 5: VictorSamp folded on the Turn
Seat 6: Dre-Zed folded on the Turn
Seat 7: VilpPS (button) folded before Flop (didn't bet)
Seat 8: frosa9397 (small blind) folded before Flop
Seat 9: Jizz1991 (big blind) collected ($0.07)



PokerStars Hand #223973722338:  Hold'em No Limit ($0.01/$0.02 USD) - 2021/02/18 19:30:48 PT [2021/02/18 22:30:48 ET]
Table 'Lycomedes VI' 9-max Seat #8 is the button
Seat 1: tutanpoker ($2.03 in chips) 
Seat 2: Dorex2007 ($1.41 in chips) 
Seat 3: Andrei Shevcov ($0.71 in chips) 
Seat 4: zpxnjp21 ($3.35 in chips) 
Seat 5: VictorSamp ($0.96 in chips) 
Seat 6: Dre-Zed ($0.79 in chips) 
Seat 7: VilpPS ($2.09 in chips) 
Seat 8: frosa9397 ($2.29 in chips) 
Seat 9: Jizz1991 ($0.52 in chips) 
Jizz1991: posts small blind $0.01
tutanpoker: posts big blind $0.02
*** HOLE CARDS ***
Dealt to Dorex2007 [5d 9s]
Dorex2007: folds 
Andrei Shevcov: folds 
zpxnjp21: folds 
VictorSamp: folds 
Dre-Zed: folds 
VilpPS: folds 
frosa9397: folds 
Jizz1991: calls $0.01
tutanpoker: raises $0.06 to $0.08
Jizz1991: calls $0.06
*** FLOP *** [6h Js 7h]
Jizz1991: checks 
tutanpoker: bets $0.12
Jizz1991: folds 
Uncalled bet ($0.12) returned to tutanpoker
tutanpoker collected $0.15 from pot
tutanpoker: doesn't show hand 
*** SUMMARY ***
Total pot $0.16 | Rake $0.01 
Board [6h Js 7h]
Seat 1: tutanpoker (big blind) collected ($0.15)
Seat 2: Dorex2007 folded before Flop (didn't bet)
Seat 3: Andrei Shevcov folded before Flop (didn't bet)
Seat 4: zpxnjp21 folded before Flop (didn't bet)
Seat 5: VictorSamp folded before Flop (didn't bet)
Seat 6: Dre-Zed folded before Flop (didn't bet)
Seat 7: VilpPS folded before Flop (didn't bet)
Seat 8: frosa9397 (button) folded before Flop (didn't bet)
Seat 9: Jizz1991 (small blind) folded on the Flop



PokerStars Hand #223973737369:  Hold'em No Limit ($0.01/$0.02 USD) - 2021/02/18 19:31:38 PT [2021/02/18 22:31:38 ET]
Table 'Lycomedes VI' 9-max Seat #9 is the button
Seat 1: tutanpoker ($2.10 in chips) 
Seat 2: Dorex2007 ($1.41 in chips) 
Seat 3: Andrei Shevcov ($0.71 in chips) 
Seat 4: zpxnjp21 ($3.35 in chips) 
Seat 5: VictorSamp ($0.96 in chips) 
Seat 6: Dre-Zed ($0.79 in chips) 
Seat 7: VilpPS ($2.09 in chips) 
Seat 8: frosa9397 ($2.29 in chips) 
Seat 9: Jizz1991 ($0.44 in chips) 
tutanpoker: posts small blind $0.01
Dorex2007: posts big blind $0.02
*** HOLE CARDS ***
Dealt to Dorex2007 [2d 5d]
Andrei Shevcov: calls $0.02
zpxnjp21: raises $0.07 to $0.09
VictorSamp: folds 
Dre-Zed: folds 
VilpPS: folds 
frosa9397: folds 
Jizz1991: folds 
tutanpoker: calls $0.08
Dorex2007: folds 
Andrei Shevcov: calls $0.07
*** FLOP *** [6s 5s 4c]
tutanpoker: checks 
Andrei Shevcov: checks 
zpxnjp21: bets $0.18
Jizz1991 leaves the table
tutanpoker: calls $0.18
Andrei Shevcov: folds 
*** TURN *** [6s 5s 4c] [7d]
tutanpoker: bets $0.54
zpxnjp21: folds 
Uncalled bet ($0.54) returned to tutanpoker
tutanpoker collected $0.63 from pot
tutanpoker: doesn't show hand 
*** SUMMARY ***
Total pot $0.65 | Rake $0.02 
Board [6s 5s 4c 7d]
Seat 1: tutanpoker (small blind) collected ($0.63)
Seat 2: Dorex2007 (big blind) folded before Flop
Seat 3: Andrei Shevcov folded on the Flop
Seat 4: zpxnjp21 folded on the Turn
Seat 5: VictorSamp folded before Flop (didn't bet)
Seat 6: Dre-Zed folded before Flop (didn't bet)
Seat 7: VilpPS folded before Flop (didn't bet)
Seat 8: frosa9397 folded before Flop (didn't bet)
Seat 9: Jizz1991 (button) folded before Flop (didn't bet)



PokerStars Hand #223973754735:  Hold'em No Limit ($0.01/$0.02 USD) - 2021/02/18 19:32:37 PT [2021/02/18 22:32:37 ET]
Table 'Lycomedes VI' 9-max Seat #1 is the button
Seat 1: tutanpoker ($2.46 in chips) 
Seat 2: Dorex2007 ($1.39 in chips) 
Seat 3: Andrei Shevcov ($0.62 in chips) 
Seat 4: zpxnjp21 ($3.08 in chips) 
Seat 5: VictorSamp ($0.96 in chips) 
Seat 6: Dre-Zed ($0.79 in chips) 
Seat 7: VilpPS ($2.09 in chips) 
Seat 8: frosa9397 ($2.29 in chips) 
Dorex2007: posts small blind $0.01
Andrei Shevcov: posts big blind $0.02
*** HOLE CARDS ***
Dealt to Dorex2007 [2s 3d]
zpxnjp21: folds 
VictorSamp: calls $0.02
Dre-Zed: raises $0.02 to $0.04
VilpPS: folds 
frosa9397: folds 
tutanpoker: calls $0.04
Dorex2007: folds 
Andrei Shevcov: calls $0.02
VictorSamp: calls $0.02
*** FLOP *** [Kc 3c 2c]
Andrei Shevcov: checks 
VictorSamp: bets $0.08
Dre-Zed: folds 
tutanpoker: folds 
Andrei Shevcov: folds 
Uncalled bet ($0.08) returned to VictorSamp
Dre-Zed leaves the table
VictorSamp collected $0.16 from pot
VictorSamp: doesn't show hand 
*** SUMMARY ***
Total pot $0.17 | Rake $0.01 
Board [Kc 3c 2c]
Seat 1: tutanpoker (button) folded on the Flop
Seat 2: Dorex2007 (small blind) folded before Flop
Seat 3: Andrei Shevcov (big blind) folded on the Flop
Seat 4: zpxnjp21 folded before Flop (didn't bet)
Seat 5: VictorSamp collected ($0.16)
Seat 6: Dre-Zed folded on the Flop
Seat 7: VilpPS folded before Flop (didn't bet)
Seat 8: frosa9397 folded before Flop (didn't bet)



PokerStars Hand #223973772608:  Hold'em No Limit ($0.01/$0.02 USD) - 2021/02/18 19:33:37 PT [2021/02/18 22:33:37 ET]
Table 'Lycomedes VI' 9-max Seat #2 is the button
Seat 1: tutanpoker ($2.42 in chips) 
Seat 2: Dorex2007 ($1.38 in chips) 
Seat 3: Andrei Shevcov ($0.58 in chips) 
Seat 4: zpxnjp21 ($3.08 in chips) 
Seat 5: VictorSamp ($1.08 in chips) 
Seat 7: VilpPS ($2.09 in chips) 
Seat 8: frosa9397 ($2.29 in chips) 
Andrei Shevcov: posts small blind $0.01
kio_kkk joins the table at seat #9 
zpxnjp21: posts big blind $0.02
*** HOLE CARDS ***
Dealt to Dorex2007 [8h Js]
VictorSamp: raises $0.04 to $0.06
VilpPS: folds 
frosa9397: folds 
tutanpoker: folds 
Dorex2007: folds 
wcopali195 joins the table at seat #6 
Andrei Shevcov: folds 
zpxnjp21: folds 
Uncalled bet ($0.04) returned to VictorSamp
VictorSamp collected $0.05 from pot
VictorSamp: doesn't show hand 
*** SUMMARY ***
Total pot $0.05 | Rake $0 
Seat 1: tutanpoker folded before Flop (didn't bet)
Seat 2: Dorex2007 (button) folded before Flop (didn't bet)
Seat 3: Andrei Shevcov (small blind) folded before Flop
Seat 4: zpxnjp21 (big blind) folded before Flop
Seat 5: VictorSamp collected ($0.05)
Seat 7: VilpPS folded before Flop (didn't bet)
Seat 8: frosa9397 folded before Flop (didn't bet)



PokerStars Hand #223973779295:  Hold'em No Limit ($0.01/$0.02 USD) - 2021/02/18 19:34:00 PT [2021/02/18 22:34:00 ET]
Table 'Lycomedes VI' 9-max Seat #3 is the button
Seat 1: tutanpoker ($2.42 in chips) 
Seat 2: Dorex2007 ($1.38 in chips) 
Seat 3: Andrei Shevcov ($0.57 in chips) 
Seat 4: zpxnjp21 ($3.06 in chips) 
Seat 5: VictorSamp ($1.11 in chips) 
Seat 7: VilpPS ($2.09 in chips) 
Seat 8: frosa9397 ($2.29 in chips) 
zpxnjp21: posts small blind $0.01
VictorSamp: posts big blind $0.02
wcopali195: sits out 
kio_kkk: sits out 
*** HOLE CARDS ***
Dealt to Dorex2007 [Jd 5h]
VilpPS: folds 
frosa9397: folds 
tutanpoker: folds 
Dorex2007: folds 
Andrei Shevcov: calls $0.02
zpxnjp21: raises $0.08 to $0.10
VictorSamp: folds 
Andrei Shevcov: folds 
Uncalled bet ($0.08) returned to zpxnjp21
zpxnjp21 collected $0.06 from pot
zpxnjp21: doesn't show hand 
*** SUMMARY ***
Total pot $0.06 | Rake $0 
Seat 1: tutanpoker folded before Flop (didn't bet)
Seat 2: Dorex2007 folded before Flop (didn't bet)
Seat 3: Andrei Shevcov (button) folded before Flop
Seat 4: zpxnjp21 (small blind) collected ($0.06)
Seat 5: VictorSamp (big blind) folded before Flop
Seat 7: VilpPS folded before Flop (didn't bet)
Seat 8: frosa9397 folded before Flop (didn't bet)



PokerStars Hand #223973794389:  Hold'em No Limit ($0.01/$0.02 USD) - 2021/02/18 19:34:21 PT [2021/02/18 22:34:21 ET]
Table 'Lycomedes VI' 9-max Seat #4 is the button
Seat 1: tutanpoker ($2.42 in chips) 
Seat 2: Dorex2007 ($1.38 in chips) 
Seat 3: Andrei Shevcov ($0.55 in chips) 
Seat 4: zpxnjp21 ($3.10 in chips) 
Seat 5: VictorSamp ($1.09 in chips) 
Seat 6: wcopali195 ($0.80 in chips) 
Seat 7: VilpPS ($2.09 in chips) 
Seat 8: frosa9397 ($2.29 in chips) 
Seat 9: kio_kkk ($1.90 in chips) 
VictorSamp: posts small blind $0.01
wcopali195: posts big blind $0.02
kio_kkk: posts big blind $0.02
*** HOLE CARDS ***
Dealt to Dorex2007 [Kc Qc]
VilpPS: folds 
frosa9397: folds 
kio_kkk: checks 
tutanpoker: raises $0.04 to $0.06
Dorex2007: calls $0.06
Andrei Shevcov: calls $0.06
zpxnjp21: folds 
VictorSamp: folds 
wcopali195: calls $0.04
kio_kkk: calls $0.04
*** FLOP *** [4c 3c 2d]
wcopali195: checks 
kio_kkk: checks 
tutanpoker: bets $0.22
Dorex2007: raises $0.22 to $0.44
Andrei Shevcov: folds 
wcopali195: folds 
kio_kkk: folds 
tutanpoker: raises $1.22 to $1.66
Dorex2007: calls $0.88 and is all-in
Uncalled bet ($0.34) returned to tutanpoker
*** TURN *** [4c 3c 2d] [Ac]
*** RIVER *** [4c 3c 2d Ac] [Kh]
*** SHOW DOWN ***
tutanpoker: shows [5d Ad] (a straight, Ace to Five)
Dorex2007: shows [Kc Qc] (a flush, Ace high)
Dorex2007 collected $2.85 from pot
*** SUMMARY ***
Total pot $2.95 | Rake $0.10 
Board [4c 3c 2d Ac Kh]
Seat 1: tutanpoker showed [5d Ad] and lost with a straight, Ace to Five
Seat 2: Dorex2007 showed [Kc Qc] and won ($2.85) with a flush, Ace high
Seat 3: Andrei Shevcov folded on the Flop
Seat 4: zpxnjp21 (button) folded before Flop (didn't bet)
Seat 5: VictorSamp (small blind) folded before Flop
Seat 6: wcopali195 (big blind) folded on the Flop
Seat 7: VilpPS folded before Flop (didn't bet)
Seat 8: frosa9397 folded before Flop (didn't bet)
Seat 9: kio_kkk folded on the Flop



PokerStars Hand #223973817393:  Hold'em No Limit ($0.01/$0.02 USD) - 2021/02/18 19:35:39 PT [2021/02/18 22:35:39 ET]
Table 'Lycomedes VI' 9-max Seat #5 is the button
Seat 1: tutanpoker ($2 in chips) 
Seat 2: Dorex2007 ($2.85 in chips) 
Seat 3: Andrei Shevcov ($0.49 in chips) 
Seat 4: zpxnjp21 ($3.10 in chips) 
Seat 5: VictorSamp ($1.08 in chips) 
Seat 6: wcopali195 ($0.74 in chips) 
Seat 7: VilpPS ($2.09 in chips) 
Seat 8: frosa9397 ($2.29 in chips) 
Seat 9: kio_kkk ($1.84 in chips) 
wcopali195: posts small blind $0.01
VilpPS: posts big blind $0.02
*** HOLE CARDS ***
Dealt to Dorex2007 [3d 5d]
frosa9397: calls $0.02
kio_kkk: calls $0.02
tutanpoker: folds 
Dorex2007: folds 
Andrei Shevcov: calls $0.02
zpxnjp21: raises $0.11 to $0.13
VictorSamp: folds 
wcopali195: folds 
VilpPS: folds 
frosa9397: folds 
kio_kkk: folds 
Andrei Shevcov: folds 
Uncalled bet ($0.11) returned to zpxnjp21
zpxnjp21 collected $0.11 from pot
zpxnjp21: doesn't show hand 
*** SUMMARY ***
Total pot $0.11 | Rake $0 
Seat 1: tutanpoker folded before Flop (didn't bet)
Seat 2: Dorex2007 folded before Flop (didn't bet)
Seat 3: Andrei Shevcov folded before Flop
Seat 4: zpxnjp21 collected ($0.11)
Seat 5: VictorSamp (button) folded before Flop (didn't bet)
Seat 6: wcopali195 (small blind) folded before Flop
Seat 7: VilpPS (big blind) folded before Flop
Seat 8: frosa9397 folded before Flop
Seat 9: kio_kkk folded before Flop



PokerStars Hand #223973832365:  Hold'em No Limit ($0.01/$0.02 USD) - 2021/02/18 19:36:30 PT [2021/02/18 22:36:30 ET]
Table 'Lycomedes VI' 9-max Seat #6 is the button
Seat 1: tutanpoker ($2 in chips) 
Seat 2: Dorex2007 ($2.85 in chips) 
Seat 3: Andrei Shevcov ($0.47 in chips) 
Seat 4: zpxnjp21 ($3.19 in chips) 
Seat 5: VictorSamp ($1.08 in chips) 
Seat 6: wcopali195 ($0.73 in chips) 
Seat 7: VilpPS ($2.07 in chips) 
Seat 8: frosa9397 ($2.27 in chips) 
Seat 9: kio_kkk ($1.82 in chips) 
VilpPS: posts small blind $0.01
frosa9397: posts big blind $0.02
*** HOLE CARDS ***
Dealt to Dorex2007 [6c 2d]
kio_kkk: folds 
tutanpoker: folds 
Dorex2007: folds 
Andrei Shevcov: calls $0.02
zpxnjp21: calls $0.02
VictorSamp: calls $0.02
wcopali195: folds 
VilpPS: raises $0.18 to $0.20
frosa9397: folds 
Andrei Shevcov: folds 
zpxnjp21: folds 
VictorSamp: folds 
Uncalled bet ($0.18) returned to VilpPS
VilpPS collected $0.10 from pot
VilpPS: doesn't show hand 
*** SUMMARY ***
Total pot $0.10 | Rake $0 
Seat 1: tutanpoker folded before Flop (didn't bet)
Seat 2: Dorex2007 folded before Flop (didn't bet)
Seat 3: Andrei Shevcov folded before Flop
Seat 4: zpxnjp21 folded before Flop
Seat 5: VictorSamp folded before Flop
Seat 6: wcopali195 (button) folded before Flop (didn't bet)
Seat 7: VilpPS (small blind) collected ($0.10)
Seat 8: frosa9397 (big blind) folded before Flop
Seat 9: kio_kkk folded before Flop (didn't bet)



PokerStars Hand #223973842628:  Hold'em No Limit ($0.01/$0.02 USD) - 2021/02/18 19:37:04 PT [2021/02/18 22:37:04 ET]
Table 'Lycomedes VI' 9-max Seat #7 is the button
Seat 1: tutanpoker ($2 in chips) 
Seat 2: Dorex2007 ($2.85 in chips) 
Seat 3: Andrei Shevcov ($0.45 in chips) 
Seat 4: zpxnjp21 ($3.17 in chips) 
Seat 5: VictorSamp ($1.06 in chips) 
Seat 6: wcopali195 ($0.73 in chips) 
Seat 7: VilpPS ($2.15 in chips) 
Seat 8: frosa9397 ($2.25 in chips) 
Seat 9: kio_kkk ($1.82 in chips) 
frosa9397: posts small blind $0.01
kio_kkk: posts big blind $0.02
*** HOLE CARDS ***
Dealt to Dorex2007 [7h 2c]
tutanpoker: raises $0.04 to $0.06
Dorex2007: folds 
Andrei Shevcov: folds 
zpxnjp21: folds 
VictorSamp: raises $0.04 to $0.10
wcopali195 has timed out
wcopali195: folds 
VilpPS: folds 
frosa9397: folds 
kio_kkk: folds 
tutanpoker: calls $0.04
*** FLOP *** [9d 3c 2d]
tutanpoker: checks 
VictorSamp: checks 
*** TURN *** [9d 3c 2d] [8d]
tutanpoker: checks 
VictorSamp: bets $0.11
tutanpoker: calls $0.11
*** RIVER *** [9d 3c 2d 8d] [6s]
tutanpoker: checks 
VictorSamp: bets $0.21
tutanpoker: calls $0.21
*** SHOW DOWN ***
VictorSamp: shows [9s 9h] (three of a kind, Nines)
tutanpoker: mucks hand 
VictorSamp collected $0.84 from pot
*** SUMMARY ***
Total pot $0.87 | Rake $0.03 
Board [9d 3c 2d 8d 6s]
Seat 1: tutanpoker mucked [9c 6c]
Seat 2: Dorex2007 folded before Flop (didn't bet)
Seat 3: Andrei Shevcov folded before Flop (didn't bet)
Seat 4: zpxnjp21 folded before Flop (didn't bet)
Seat 5: VictorSamp showed [9s 9h] and won ($0.84) with three of a kind, Nines
Seat 6: wcopali195 folded before Flop (didn't bet)
Seat 7: VilpPS (button) folded before Flop (didn't bet)
Seat 8: frosa9397 (small blind) folded before Flop
Seat 9: kio_kkk (big blind) folded before Flop



PokerStars Hand #223973866799:  Hold'em No Limit ($0.01/$0.02 USD) - 2021/02/18 19:38:06 PT [2021/02/18 22:38:06 ET]
Table 'Lycomedes VI' 9-max Seat #8 is the button
Seat 1: tutanpoker ($2 in chips) 
Seat 2: Dorex2007 ($2.85 in chips) 
Seat 3: Andrei Shevcov ($0.45 in chips) 
Seat 4: zpxnjp21 ($3.17 in chips) 
Seat 5: VictorSamp ($1.48 in chips) 
Seat 6: wcopali195 ($0.73 in chips) 
Seat 7: VilpPS ($2.15 in chips) 
Seat 8: frosa9397 ($2.24 in chips) 
Seat 9: kio_kkk ($1.80 in chips) 
kio_kkk: posts small blind $0.01
tutanpoker: posts big blind $0.02
*** HOLE CARDS ***
Dealt to Dorex2007 [5s 5d]
Dorex2007: calls $0.02
Andrei Shevcov: folds 
zpxnjp21: folds 
VictorSamp: folds 
wcopali195: calls $0.02
VilpPS: raises $0.04 to $0.06
frosa9397: folds 
kio_kkk: calls $0.05
tutanpoker: calls $0.04
Dorex2007: calls $0.04
wcopali195: calls $0.04
*** FLOP *** [Ts Kd 5h]
kio_kkk: checks 
tutanpoker: checks 
Dorex2007: bets $0.15
wcopali195: raises $0.52 to $0.67 and is all-in
VilpPS: folds 
kio_kkk: folds 
tutanpoker: folds 
Dorex2007: calls $0.52
*** TURN *** [Ts Kd 5h] [2d]
*** RIVER *** [Ts Kd 5h 2d] [Qs]
*** SHOW DOWN ***
Dorex2007: shows [5s 5d] (three of a kind, Fives)
wcopali195: shows [Ks Th] (two pair, Kings and Tens)
Dorex2007 collected $1.58 from pot
*** SUMMARY ***
Total pot $1.64 | Rake $0.06 
Board [Ts Kd 5h 2d Qs]
Seat 1: tutanpoker (big blind) folded on the Flop
Seat 2: Dorex2007 showed [5s 5d] and won ($1.58) with three of a kind, Fives
Seat 3: Andrei Shevcov folded before Flop (didn't bet)
Seat 4: zpxnjp21 folded before Flop (didn't bet)
Seat 5: VictorSamp folded before Flop (didn't bet)
Seat 6: wcopali195 showed [Ks Th] and lost with two pair, Kings and Tens
Seat 7: VilpPS folded on the Flop
Seat 8: frosa9397 (button) folded before Flop (didn't bet)
Seat 9: kio_kkk (small blind) folded on the Flop



PokerStars Hand #223973892619:  Hold'em No Limit ($0.01/$0.02 USD) - 2021/02/18 19:39:35 PT [2021/02/18 22:39:35 ET]
Table 'Lycomedes VI' 9-max Seat #9 is the button
Seat 1: tutanpoker ($2 in chips) 
Seat 2: Dorex2007 ($3.70 in chips) 
Seat 3: Andrei Shevcov ($0.45 in chips) 
Seat 4: zpxnjp21 ($3.17 in chips) 
Seat 5: VictorSamp ($1.48 in chips) 
Seat 7: VilpPS ($2.09 in chips) 
Seat 8: frosa9397 ($2.24 in chips) 
Seat 9: kio_kkk ($1.74 in chips) 
tutanpoker: posts small blind $0.01
Dorex2007: posts big blind $0.02
*** HOLE CARDS ***
Dealt to Dorex2007 [3d Kh]
Andrei Shevcov: folds 
zpxnjp21: folds 
VictorSamp: folds 
VilpPS: folds 
wcopali195 leaves the table
frosa9397: folds 
kio_kkk: calls $0.02
tutanpoker: calls $0.01
Dorex2007: checks 
*** FLOP *** [Kd 2h 7s]
tutanpoker: checks 
Dorex2007: checks 
POLIWAL'SHIK joins the table at seat #6 
kio_kkk: checks 
*** TURN *** [Kd 2h 7s] [5s]
tutanpoker: checks 
Dorex2007: bets $0.06
kio_kkk: calls $0.06
tutanpoker: folds 
*** RIVER *** [Kd 2h 7s 5s] [4c]
Dorex2007: bets $0.09
kio_kkk: folds 
Uncalled bet ($0.09) returned to Dorex2007
Dorex2007 collected $0.17 from pot
Dorex2007: doesn't show hand 
*** SUMMARY ***
Total pot $0.18 | Rake $0.01 
Board [Kd 2h 7s 5s 4c]
Seat 1: tutanpoker (small blind) folded on the Turn
Seat 2: Dorex2007 (big blind) collected ($0.17)
Seat 3: Andrei Shevcov folded before Flop (didn't bet)
Seat 4: zpxnjp21 folded before Flop (didn't bet)
Seat 5: VictorSamp folded before Flop (didn't bet)
Seat 7: VilpPS folded before Flop (didn't bet)
Seat 8: frosa9397 folded before Flop (didn't bet)
Seat 9: kio_kkk (button) folded on the River



PokerStars Hand #223973908902:  Hold'em No Limit ($0.01/$0.02 USD) - 2021/02/18 19:40:32 PT [2021/02/18 22:40:32 ET]
Table 'Lycomedes VI' 9-max Seat #1 is the button
Seat 1: tutanpoker ($2 in chips) 
Seat 2: Dorex2007 ($3.79 in chips) 
Seat 3: Andrei Shevcov ($0.45 in chips) 
Seat 4: zpxnjp21 ($3.17 in chips) 
Seat 5: VictorSamp ($1.48 in chips) 
Seat 6: POLIWAL'SHIK ($1.60 in chips) 
Seat 7: VilpPS ($2.09 in chips) 
Seat 8: frosa9397 ($2.24 in chips) 
Seat 9: kio_kkk ($1.66 in chips) 
Dorex2007: posts small blind $0.01
Andrei Shevcov: posts big blind $0.02
POLIWAL'SHIK: posts big blind $0.02
*** HOLE CARDS ***
Dealt to Dorex2007 [3h 2d]
zpxnjp21: folds 
VictorSamp: folds 
POLIWAL'SHIK: checks 
VilpPS: folds 
frosa9397: calls $0.02
kio_kkk: calls $0.02
tutanpoker has timed out
tutanpoker: folds 
Dorex2007: folds 
Andrei Shevcov: checks 
*** FLOP *** [7c Ks 4h]
Andrei Shevcov: checks 
POLIWAL'SHIK: checks 
frosa9397: checks 
kio_kkk: bets $0.04
Andrei Shevcov: folds 
POLIWAL'SHIK: calls $0.04
frosa9397: folds 
*** TURN *** [7c Ks 4h] [Th]
POLIWAL'SHIK: checks 
kio_kkk: bets $0.08
POLIWAL'SHIK: folds 
Uncalled bet ($0.08) returned to kio_kkk
kio_kkk collected $0.16 from pot
kio_kkk: doesn't show hand 
*** SUMMARY ***
Total pot $0.17 | Rake $0.01 
Board [7c Ks 4h Th]
Seat 1: tutanpoker (button) folded before Flop (didn't bet)
Seat 2: Dorex2007 (small blind) folded before Flop
Seat 3: Andrei Shevcov (big blind) folded on the Flop
Seat 4: zpxnjp21 folded before Flop (didn't bet)
Seat 5: VictorSamp folded before Flop (didn't bet)
Seat 6: POLIWAL'SHIK folded on the Turn
Seat 7: VilpPS folded before Flop (didn't bet)
Seat 8: frosa9397 folded on the Flop
Seat 9: kio_kkk collected ($0.16)



PokerStars Hand #223973930587:  Hold'em No Limit ($0.01/$0.02 USD) - 2021/02/18 19:41:47 PT [2021/02/18 22:41:47 ET]
Table 'Lycomedes VI' 9-max Seat #2 is the button
Seat 2: Dorex2007 ($3.78 in chips) 
Seat 3: Andrei Shevcov ($0.43 in chips) 
Seat 4: zpxnjp21 ($3.17 in chips) 
Seat 5: VictorSamp ($1.48 in chips) 
Seat 6: POLIWAL'SHIK ($1.54 in chips) 
Seat 7: VilpPS ($2.09 in chips) 
Seat 8: frosa9397 ($2.22 in chips) 
Seat 9: kio_kkk ($1.76 in chips) 
Andrei Shevcov: posts small blind $0.01
zpxnjp21: posts big blind $0.02
*** HOLE CARDS ***
Dealt to Dorex2007 [Jc 9d]
VictorSamp: folds 
POLIWAL'SHIK: calls $0.02
VilpPS: folds 
frosa9397: calls $0.02
kio_kkk: folds 
Dorex2007: folds 
Andrei Shevcov: calls $0.01
zpxnjp21: checks 
*** FLOP *** [Kd Kh Ks]
Andrei Shevcov: checks 
zpxnjp21: checks 
POLIWAL'SHIK: checks 
frosa9397: checks 
*** TURN *** [Kd Kh Ks] [Jh]
Andrei Shevcov: checks 
zpxnjp21: checks 
POLIWAL'SHIK: bets $0.02
frosa9397: folds 
Andrei Shevcov: calls $0.02
zpxnjp21: folds 
*** RIVER *** [Kd Kh Ks Jh] [3s]
Andrei Shevcov: checks 
POLIWAL'SHIK: bets $0.02
Andrei Shevcov: raises $0.04 to $0.06
POLIWAL'SHIK: calls $0.04
*** SHOW DOWN ***
Andrei Shevcov: shows [6s Kc] (four of a kind, Kings)
POLIWAL'SHIK: mucks hand 
Andrei Shevcov collected $0.23 from pot
*** SUMMARY ***
Total pot $0.24 | Rake $0.01 
Board [Kd Kh Ks Jh 3s]
Seat 2: Dorex2007 (button) folded before Flop (didn't bet)
Seat 3: Andrei Shevcov (small blind) showed [6s Kc] and won ($0.23) with four of a kind, Kings
Seat 4: zpxnjp21 (big blind) folded on the Turn
Seat 5: VictorSamp folded before Flop (didn't bet)
Seat 6: POLIWAL'SHIK mucked [5h 3h]
Seat 7: VilpPS folded before Flop (didn't bet)
Seat 8: frosa9397 folded on the Turn
Seat 9: kio_kkk folded before Flop (didn't bet)



PokerStars Hand #223973946993:  Hold'em No Limit ($0.01/$0.02 USD) - 2021/02/18 19:42:45 PT [2021/02/18 22:42:45 ET]
Table 'Lycomedes VI' 9-max Seat #3 is the button
Seat 1: tutanpoker ($2 in chips) 
Seat 2: Dorex2007 ($3.78 in chips) 
Seat 3: Andrei Shevcov ($0.56 in chips) 
Seat 4: zpxnjp21 ($3.15 in chips) 
Seat 5: VictorSamp ($1.48 in chips) 
Seat 6: POLIWAL'SHIK ($1.44 in chips) 
Seat 7: VilpPS ($2.09 in chips) 
Seat 8: frosa9397 ($2.20 in chips) 
Seat 9: kio_kkk ($1.76 in chips) 
zpxnjp21: posts small blind $0.01
VictorSamp: posts big blind $0.02
*** HOLE CARDS ***
Dealt to Dorex2007 [Kc 8h]
POLIWAL'SHIK: calls $0.02
VilpPS: folds 
frosa9397: folds 
kio_kkk: raises $0.07 to $0.09
tutanpoker: folds 
Dorex2007: folds 
Andrei Shevcov: folds 
zpxnjp21: calls $0.08
VictorSamp: folds 
POLIWAL'SHIK: folds 
*** FLOP *** [Ac 3s Td]
zpxnjp21: checks 
kio_kkk: bets $0.08
zpxnjp21: raises $0.22 to $0.30
kio_kkk: folds 
Uncalled bet ($0.22) returned to zpxnjp21
zpxnjp21 collected $0.37 from pot
zpxnjp21: doesn't show hand 
*** SUMMARY ***
Total pot $0.38 | Rake $0.01 
Board [Ac 3s Td]
Seat 1: tutanpoker folded before Flop (didn't bet)
Seat 2: Dorex2007 folded before Flop (didn't bet)
Seat 3: Andrei Shevcov (button) folded before Flop (didn't bet)
Seat 4: zpxnjp21 (small blind) collected ($0.37)
Seat 5: VictorSamp (big blind) folded before Flop
Seat 6: POLIWAL'SHIK folded before Flop
Seat 7: VilpPS folded before Flop (didn't bet)
Seat 8: frosa9397 folded before Flop (didn't bet)
Seat 9: kio_kkk folded on the Flop



PokerStars Hand #223973972098:  Hold'em No Limit ($0.01/$0.02 USD) - 2021/02/18 19:44:13 PT [2021/02/18 22:44:13 ET]
Table 'Lycomedes VI' 9-max Seat #4 is the button
Seat 1: tutanpoker ($2 in chips) 
Seat 2: Dorex2007 ($3.78 in chips) 
Seat 3: Andrei Shevcov ($0.56 in chips) 
Seat 4: zpxnjp21 ($3.35 in chips) 
Seat 5: VictorSamp ($1.46 in chips) 
Seat 6: POLIWAL'SHIK ($1.42 in chips) 
Seat 7: VilpPS ($2.09 in chips) 
Seat 8: frosa9397 ($2.20 in chips) 
Seat 9: kio_kkk ($1.59 in chips) 
VictorSamp: posts small blind $0.01
POLIWAL'SHIK: posts big blind $0.02
*** HOLE CARDS ***
Dealt to Dorex2007 [Kd 7h]
VilpPS: folds 
frosa9397: folds 
kio_kkk: folds 
tutanpoker: folds 
Dorex2007: folds 
Andrei Shevcov: folds 
zpxnjp21: raises $0.02 to $0.04
VictorSamp: calls $0.03
POLIWAL'SHIK: calls $0.02
*** FLOP *** [8c 6d Js]
VictorSamp: bets $0.04
POLIWAL'SHIK: calls $0.04
zpxnjp21: folds 
*** TURN *** [8c 6d Js] [Jd]
VictorSamp: bets $0.04
POLIWAL'SHIK: raises $0.04 to $0.08
VictorSamp: folds 
Uncalled bet ($0.04) returned to POLIWAL'SHIK
POLIWAL'SHIK collected $0.27 from pot
*** SUMMARY ***
Total pot $0.28 | Rake $0.01 
Board [8c 6d Js Jd]
Seat 1: tutanpoker folded before Flop (didn't bet)
Seat 2: Dorex2007 folded before Flop (didn't bet)
Seat 3: Andrei Shevcov folded before Flop (didn't bet)
Seat 4: zpxnjp21 (button) folded on the Flop
Seat 5: VictorSamp (small blind) folded on the Turn
Seat 6: POLIWAL'SHIK (big blind) collected ($0.27)
Seat 7: VilpPS folded before Flop (didn't bet)
Seat 8: frosa9397 folded before Flop (didn't bet)
Seat 9: kio_kkk folded before Flop (didn't bet)



PokerStars Hand #223973986913:  Hold'em No Limit ($0.01/$0.02 USD) - 2021/02/18 19:44:59 PT [2021/02/18 22:44:59 ET]
Table 'Lycomedes VI' 9-max Seat #5 is the button
Seat 1: tutanpoker ($2 in chips) 
Seat 2: Dorex2007 ($3.78 in chips) 
Seat 3: Andrei Shevcov ($0.56 in chips) 
Seat 4: zpxnjp21 ($3.31 in chips) 
Seat 5: VictorSamp ($1.34 in chips) 
Seat 6: POLIWAL'SHIK ($1.57 in chips) 
Seat 7: VilpPS ($2.09 in chips) 
Seat 8: frosa9397 ($2.20 in chips) 
Seat 9: kio_kkk ($1.59 in chips) 
POLIWAL'SHIK: posts small blind $0.01
VilpPS: posts big blind $0.02
*** HOLE CARDS ***
Dealt to Dorex2007 [Jh Ad]
frosa9397: folds 
kio_kkk: calls $0.02
tutanpoker: folds 
Dorex2007: raises $0.02 to $0.04
Andrei Shevcov: folds 
zpxnjp21: folds 
VictorSamp: folds 
POLIWAL'SHIK: calls $0.03
VilpPS: calls $0.02
kio_kkk: calls $0.02
*** FLOP *** [2h 2s 7d]
POLIWAL'SHIK: checks 
VilpPS: checks 
kio_kkk: checks 
Dorex2007: bets $0.08
POLIWAL'SHIK: folds 
VilpPS: folds 
kio_kkk: folds 
Uncalled bet ($0.08) returned to Dorex2007
Dorex2007 collected $0.15 from pot
Dorex2007: doesn't show hand 
*** SUMMARY ***
Total pot $0.16 | Rake $0.01 
Board [2h 2s 7d]
Seat 1: tutanpoker folded before Flop (didn't bet)
Seat 2: Dorex2007 collected ($0.15)
Seat 3: Andrei Shevcov folded before Flop (didn't bet)
Seat 4: zpxnjp21 folded before Flop (didn't bet)
Seat 5: VictorSamp (button) folded before Flop (didn't bet)
Seat 6: POLIWAL'SHIK (small blind) folded on the Flop
Seat 7: VilpPS (big blind) folded on the Flop
Seat 8: frosa9397 folded before Flop (didn't bet)
Seat 9: kio_kkk folded on the Flop



PokerStars Hand #223974001834:  Hold'em No Limit ($0.01/$0.02 USD) - 2021/02/18 19:45:52 PT [2021/02/18 22:45:52 ET]
Table 'Lycomedes VI' 9-max Seat #6 is the button
Seat 1: tutanpoker ($2 in chips) 
Seat 2: Dorex2007 ($3.89 in chips) 
Seat 3: Andrei Shevcov ($0.56 in chips) 
Seat 4: zpxnjp21 ($3.31 in chips) 
Seat 5: VictorSamp ($1.34 in chips) 
Seat 6: POLIWAL'SHIK ($1.53 in chips) 
Seat 7: VilpPS ($2.05 in chips) 
Seat 8: frosa9397 ($2.20 in chips) 
Seat 9: kio_kkk ($1.55 in chips) 
VilpPS: posts small blind $0.01
frosa9397: posts big blind $0.02
*** HOLE CARDS ***
Dealt to Dorex2007 [4c 2h]
kio_kkk: calls $0.02
tutanpoker: folds 
Dorex2007: folds 
Andrei Shevcov: calls $0.02
zpxnjp21: folds 
VictorSamp: folds 
POLIWAL'SHIK: calls $0.02
VilpPS: folds 
frosa9397: checks 
*** FLOP *** [Ad 3s 9c]
frosa9397: checks 
kio_kkk: checks 
Andrei Shevcov: checks 
POLIWAL'SHIK: checks 
*** TURN *** [Ad 3s 9c] [Js]
frosa9397: checks 
kio_kkk: checks 
Andrei Shevcov: checks 
POLIWAL'SHIK: bets $0.02
frosa9397: folds 
kio_kkk: calls $0.02
Andrei Shevcov: calls $0.02
*** RIVER *** [Ad 3s 9c Js] [Jd]
kio_kkk: checks 
Andrei Shevcov: checks 
POLIWAL'SHIK: bets $0.02
kio_kkk: folds 
Andrei Shevcov: folds 
Uncalled bet ($0.02) returned to POLIWAL'SHIK
POLIWAL'SHIK collected $0.14 from pot
*** SUMMARY ***
Total pot $0.15 | Rake $0.01 
Board [Ad 3s 9c Js Jd]
Seat 1: tutanpoker folded before Flop (didn't bet)
Seat 2: Dorex2007 folded before Flop (didn't bet)
Seat 3: Andrei Shevcov folded on the River
Seat 4: zpxnjp21 folded before Flop (didn't bet)
Seat 5: VictorSamp folded before Flop (didn't bet)
Seat 6: POLIWAL'SHIK (button) collected ($0.14)
Seat 7: VilpPS (small blind) folded before Flop
Seat 8: frosa9397 (big blind) folded on the Turn
Seat 9: kio_kkk folded on the River



PokerStars Hand #223974021395:  Hold'em No Limit ($0.01/$0.02 USD) - 2021/02/18 19:47:01 PT [2021/02/18 22:47:01 ET]
Table 'Lycomedes VI' 9-max Seat #7 is the button
Seat 1: tutanpoker ($2 in chips) 
Seat 2: Dorex2007 ($3.89 in chips) 
Seat 3: Andrei Shevcov ($0.52 in chips) 
Seat 4: zpxnjp21 ($3.31 in chips) 
Seat 5: VictorSamp ($1.34 in chips) 
Seat 6: POLIWAL'SHIK ($1.63 in chips) 
Seat 7: VilpPS ($2.04 in chips) 
Seat 8: frosa9397 ($2.18 in chips) 
Seat 9: kio_kkk ($1.51 in chips) 
frosa9397: posts small blind $0.01
kio_kkk: posts big blind $0.02
*** HOLE CARDS ***
Dealt to Dorex2007 [9d 6c]
tutanpoker: raises $0.04 to $0.06
Dorex2007: folds 
Andrei Shevcov: folds 
zpxnjp21: folds 
VictorSamp: folds 
POLIWAL'SHIK: folds 
VilpPS: folds 
frosa9397: folds 
kio_kkk: folds 
Uncalled bet ($0.04) returned to tutanpoker
tutanpoker collected $0.05 from pot
tutanpoker: doesn't show hand 
*** SUMMARY ***
Total pot $0.05 | Rake $0 
Seat 1: tutanpoker collected ($0.05)
Seat 2: Dorex2007 folded before Flop (didn't bet)
Seat 3: Andrei Shevcov folded before Flop (didn't bet)
Seat 4: zpxnjp21 folded before Flop (didn't bet)
Seat 5: VictorSamp folded before Flop (didn't bet)
Seat 6: POLIWAL'SHIK folded before Flop (didn't bet)
Seat 7: VilpPS (button) folded before Flop (didn't bet)
Seat 8: frosa9397 (small blind) folded before Flop
Seat 9: kio_kkk (big blind) folded before Flop



PokerStars Hand #223974028292:  Hold'em No Limit ($0.01/$0.02 USD) - 2021/02/18 19:47:26 PT [2021/02/18 22:47:26 ET]
Table 'Lycomedes VI' 9-max Seat #8 is the button
Seat 1: tutanpoker ($2.03 in chips) 
Seat 2: Dorex2007 ($3.89 in chips) 
Seat 3: Andrei Shevcov ($0.52 in chips) 
Seat 4: zpxnjp21 ($3.31 in chips) 
Seat 5: VictorSamp ($1.34 in chips) 
Seat 6: POLIWAL'SHIK ($1.63 in chips) 
Seat 7: VilpPS ($2.04 in chips) 
Seat 8: frosa9397 ($2.17 in chips) 
Seat 9: kio_kkk ($1.49 in chips) 
kio_kkk: posts small blind $0.01
tutanpoker: posts big blind $0.02
*** HOLE CARDS ***
Dealt to Dorex2007 [5h 8s]
Dorex2007: folds 
Andrei Shevcov: folds 
zpxnjp21: raises $0.04 to $0.06
VictorSamp: folds 
POLIWAL'SHIK: folds 
VilpPS: calls $0.06
frosa9397: calls $0.06
kio_kkk: folds 
tutanpoker: calls $0.04
*** FLOP *** [Qs 2d Ah]
tutanpoker: checks 
zpxnjp21: bets $0.18
VilpPS: folds 
frosa9397: folds 
tutanpoker: folds 
Uncalled bet ($0.18) returned to zpxnjp21
zpxnjp21 collected $0.24 from pot
zpxnjp21: doesn't show hand 
*** SUMMARY ***
Total pot $0.25 | Rake $0.01 
Board [Qs 2d Ah]
Seat 1: tutanpoker (big blind) folded on the Flop
Seat 2: Dorex2007 folded before Flop (didn't bet)
Seat 3: Andrei Shevcov folded before Flop (didn't bet)
Seat 4: zpxnjp21 collected ($0.24)
Seat 5: VictorSamp folded before Flop (didn't bet)
Seat 6: POLIWAL'SHIK folded before Flop (didn't bet)
Seat 7: VilpPS folded on the Flop
Seat 8: frosa9397 (button) folded on the Flop
Seat 9: kio_kkk (small blind) folded before Flop



PokerStars Hand #223974051914:  Hold'em No Limit ($0.01/$0.02 USD) - 2021/02/18 19:48:15 PT [2021/02/18 22:48:15 ET]
Table 'Lycomedes VI' 9-max Seat #9 is the button
Seat 1: tutanpoker ($2 in chips) 
Seat 2: Dorex2007 ($3.89 in chips) 
Seat 3: Andrei Shevcov ($0.52 in chips) 
Seat 4: zpxnjp21 ($3.49 in chips) 
Seat 5: VictorSamp ($1.34 in chips) 
Seat 6: POLIWAL'SHIK ($1.63 in chips) 
Seat 7: VilpPS ($2 in chips) 
Seat 8: frosa9397 ($2.11 in chips) 
Seat 9: kio_kkk ($1.48 in chips) 
tutanpoker: posts small blind $0.01
Dorex2007: posts big blind $0.02
*** HOLE CARDS ***
Dealt to Dorex2007 [5h 3d]
Andrei Shevcov: folds 
zpxnjp21: folds 
VictorSamp: calls $0.02
POLIWAL'SHIK: folds 
VilpPS: folds 
frosa9397: folds 
kio_kkk: raises $0.04 to $0.06
tutanpoker: folds 
Dorex2007: folds 
VictorSamp: folds 
Uncalled bet ($0.04) returned to kio_kkk
kio_kkk collected $0.07 from pot
kio_kkk: doesn't show hand 
*** SUMMARY ***
Total pot $0.07 | Rake $0 
Seat 1: tutanpoker (small blind) folded before Flop
Seat 2: Dorex2007 (big blind) folded before Flop
Seat 3: Andrei Shevcov folded before Flop (didn't bet)
Seat 4: zpxnjp21 folded before Flop (didn't bet)
Seat 5: VictorSamp folded before Flop
Seat 6: POLIWAL'SHIK folded before Flop (didn't bet)
Seat 7: VilpPS folded before Flop (didn't bet)
Seat 8: frosa9397 folded before Flop (didn't bet)
Seat 9: kio_kkk (button) collected ($0.07)



PokerStars Hand #223974061466:  Hold'em No Limit ($0.01/$0.02 USD) - 2021/02/18 19:48:49 PT [2021/02/18 22:48:49 ET]
Table 'Lycomedes VI' 9-max Seat #1 is the button
Seat 1: tutanpoker ($2 in chips) 
Seat 2: Dorex2007 ($3.87 in chips) 
Seat 3: Andrei Shevcov ($0.52 in chips) 
Seat 4: zpxnjp21 ($3.49 in chips) 
Seat 5: VictorSamp ($1.32 in chips) 
Seat 6: POLIWAL'SHIK ($1.63 in chips) 
Seat 7: VilpPS ($2 in chips) 
Seat 8: frosa9397 ($2.11 in chips) 
Seat 9: kio_kkk ($1.53 in chips) 
Dorex2007: posts small blind $0.01
Andrei Shevcov: posts big blind $0.02
*** HOLE CARDS ***
Dealt to Dorex2007 [4d 6s]
zpxnjp21: folds 
VictorSamp: calls $0.02
POLIWAL'SHIK: calls $0.02
VilpPS: folds 
frosa9397: raises $0.09 to $0.11
kio_kkk: folds 
tutanpoker: folds 
Dorex2007: folds 
Andrei Shevcov: folds 
VictorSamp: folds 
POLIWAL'SHIK: calls $0.09
*** FLOP *** [9s 7d 8s]
POLIWAL'SHIK: checks 
frosa9397: bets $0.13
POLIWAL'SHIK: folds 
Uncalled bet ($0.13) returned to frosa9397
frosa9397 collected $0.26 from pot
frosa9397: doesn't show hand 
*** SUMMARY ***
Total pot $0.27 | Rake $0.01 
Board [9s 7d 8s]
Seat 1: tutanpoker (button) folded before Flop (didn't bet)
Seat 2: Dorex2007 (small blind) folded before Flop
Seat 3: Andrei Shevcov (big blind) folded before Flop
Seat 4: zpxnjp21 folded before Flop (didn't bet)
Seat 5: VictorSamp folded before Flop
Seat 6: POLIWAL'SHIK folded on the Flop
Seat 7: VilpPS folded before Flop (didn't bet)
Seat 8: frosa9397 collected ($0.26)
Seat 9: kio_kkk folded before Flop (didn't bet)



PokerStars Hand #223974083875:  Hold'em No Limit ($0.01/$0.02 USD) - 2021/02/18 19:50:09 PT [2021/02/18 22:50:09 ET]
Table 'Lycomedes VI' 9-max Seat #2 is the button
Seat 1: tutanpoker ($2 in chips) 
Seat 2: Dorex2007 ($3.86 in chips) 
Seat 3: Andrei Shevcov ($0.50 in chips) 
Seat 4: zpxnjp21 ($3.49 in chips) 
Seat 5: VictorSamp ($1.30 in chips) 
Seat 6: POLIWAL'SHIK ($1.52 in chips) 
Seat 7: VilpPS ($2 in chips) 
Seat 8: frosa9397 ($2.26 in chips) 
Seat 9: kio_kkk ($1.53 in chips) 
Andrei Shevcov: posts small blind $0.01
zpxnjp21: posts big blind $0.02
*** HOLE CARDS ***
Dealt to Dorex2007 [Kd Ac]
VictorSamp: calls $0.02
POLIWAL'SHIK: folds 
VilpPS: folds 
frosa9397: calls $0.02
kio_kkk: folds 
tutanpoker has timed out
tutanpoker: folds 
Dorex2007: raises $0.08 to $0.10
Andrei Shevcov: folds 
zpxnjp21: folds 
VictorSamp: calls $0.08
frosa9397: folds 
*** FLOP *** [Ah 9d 6c]
VictorSamp: bets $0.12
Dorex2007: calls $0.12
*** TURN *** [Ah 9d 6c] [3h]
VictorSamp: bets $0.23
Dorex2007: raises $0.93 to $1.16
VictorSamp: calls $0.85 and is all-in
Uncalled bet ($0.08) returned to Dorex2007
*** RIVER *** [Ah 9d 6c 3h] [Tc]
*** SHOW DOWN ***
VictorSamp: shows [9h 8h] (a pair of Nines)
Dorex2007: shows [Kd Ac] (a pair of Aces)
Dorex2007 collected $2.56 from pot
*** SUMMARY ***
Total pot $2.65 | Rake $0.09 
Board [Ah 9d 6c 3h Tc]
Seat 1: tutanpoker folded before Flop (didn't bet)
Seat 2: Dorex2007 (button) showed [Kd Ac] and won ($2.56) with a pair of Aces
Seat 3: Andrei Shevcov (small blind) folded before Flop
Seat 4: zpxnjp21 (big blind) folded before Flop
Seat 5: VictorSamp showed [9h 8h] and lost with a pair of Nines
Seat 6: POLIWAL'SHIK folded before Flop (didn't bet)
Seat 7: VilpPS folded before Flop (didn't bet)
Seat 8: frosa9397 folded before Flop
Seat 9: kio_kkk folded before Flop (didn't bet)



PokerStars Hand #223974109118:  Hold'em No Limit ($0.01/$0.02 USD) - 2021/02/18 19:51:37 PT [2021/02/18 22:51:37 ET]
Table 'Lycomedes VI' 9-max Seat #3 is the button
Seat 2: Dorex2007 ($5.12 in chips) 
Seat 3: Andrei Shevcov ($0.49 in chips) 
Seat 4: zpxnjp21 ($3.47 in chips) 
Seat 6: POLIWAL'SHIK ($1.52 in chips) 
Seat 7: VilpPS ($2 in chips) 
Seat 8: frosa9397 ($2.24 in chips) 
Seat 9: kio_kkk ($1.53 in chips) 
zpxnjp21: posts small blind $0.01
POLIWAL'SHIK: posts big blind $0.02
*** HOLE CARDS ***
Dealt to Dorex2007 [Qd 8h]
VilpPS: folds 
VictorSamp leaves the table
frosa9397: folds 
kio_kkk: folds 
Dorex2007: folds 
Andrei Shevcov: calls $0.02
zpxnjp21: folds 
POLIWAL'SHIK: checks 
*** FLOP *** [6c 4h 2h]
POLIWAL'SHIK: bets $0.02
Andrei Shevcov: calls $0.02
*** TURN *** [6c 4h 2h] [4c]
POLIWAL'SHIK: bets $0.02
Andrei Shevcov: calls $0.02
*** RIVER *** [6c 4h 2h 4c] [6d]
POLIWAL'SHIK: bets $0.02
Andrei Shevcov: folds 
Uncalled bet ($0.02) returned to POLIWAL'SHIK
POLIWAL'SHIK collected $0.13 from pot
*** SUMMARY ***
Total pot $0.13 | Rake $0 
Board [6c 4h 2h 4c 6d]
Seat 2: Dorex2007 folded before Flop (didn't bet)
Seat 3: Andrei Shevcov (button) folded on the River
Seat 4: zpxnjp21 (small blind) folded before Flop
Seat 6: POLIWAL'SHIK (big blind) collected ($0.13)
Seat 7: VilpPS folded before Flop (didn't bet)
Seat 8: frosa9397 folded before Flop (didn't bet)
Seat 9: kio_kkk folded before Flop (didn't bet)



PokerStars Hand #223974123199:  Hold'em No Limit ($0.01/$0.02 USD) - 2021/02/18 19:52:28 PT [2021/02/18 22:52:28 ET]
Table 'Lycomedes VI' 9-max Seat #4 is the button
Seat 1: tutanpoker ($2 in chips) 
Seat 2: Dorex2007 ($5.12 in chips) 
Seat 3: Andrei Shevcov ($0.43 in chips) 
Seat 4: zpxnjp21 ($3.46 in chips) 
Seat 6: POLIWAL'SHIK ($1.59 in chips) 
Seat 7: VilpPS ($2 in chips) 
Seat 8: frosa9397 ($2.24 in chips) 
Seat 9: kio_kkk ($1.53 in chips) 
POLIWAL'SHIK: posts small blind $0.01
VilpPS: posts big blind $0.02
*** HOLE CARDS ***
Dealt to Dorex2007 [2s 4c]
frosa9397: calls $0.02
kio_kkk: folds 
tutanpoker: calls $0.02
Dorex2007 has timed out
Dorex2007: folds 
Andrei Shevcov: folds 
zpxnjp21: folds 
Jsomzz888 joins the table at seat #5 
POLIWAL'SHIK: calls $0.01
VilpPS: checks 
*** FLOP *** [9c 7s 4d]
POLIWAL'SHIK: bets $0.02
VilpPS: calls $0.02
frosa9397: calls $0.02
tutanpoker: calls $0.02
*** TURN *** [9c 7s 4d] [Jc]
POLIWAL'SHIK: bets $0.02
VilpPS: folds 
frosa9397: raises $0.06 to $0.08
tutanpoker: folds 
POLIWAL'SHIK: calls $0.06
*** RIVER *** [9c 7s 4d Jc] [Kd]
POLIWAL'SHIK: bets $0.02
frosa9397: calls $0.02
*** SHOW DOWN ***
POLIWAL'SHIK: shows [Jh 7c] (two pair, Jacks and Sevens)
frosa9397: mucks hand 
POLIWAL'SHIK collected $0.35 from pot
*** SUMMARY ***
Total pot $0.36 | Rake $0.01 
Board [9c 7s 4d Jc Kd]
Seat 1: tutanpoker folded on the Turn
Seat 2: Dorex2007 folded before Flop (didn't bet)
Seat 3: Andrei Shevcov folded before Flop (didn't bet)
Seat 4: zpxnjp21 (button) folded before Flop (didn't bet)
Seat 6: POLIWAL'SHIK (small blind) showed [Jh 7c] and won ($0.35) with two pair, Jacks and Sevens
Seat 7: VilpPS (big blind) folded on the Turn
Seat 8: frosa9397 mucked [Js Ts]
Seat 9: kio_kkk folded before Flop (didn't bet)



PokerStars Hand #223974151506:  Hold'em No Limit ($0.01/$0.02 USD) - 2021/02/18 19:53:48 PT [2021/02/18 22:53:48 ET]
Table 'Lycomedes VI' 9-max Seat #6 is the button
Seat 1: tutanpoker ($2 in chips) 
Seat 2: Dorex2007 ($5.12 in chips) 
Seat 3: Andrei Shevcov ($0.43 in chips) 
Seat 4: zpxnjp21 ($3.46 in chips) 
Seat 5: Jsomzz888 ($2 in chips) 
Seat 6: POLIWAL'SHIK ($1.80 in chips) 
Seat 7: VilpPS ($2 in chips) 
Seat 8: frosa9397 ($2.10 in chips) 
Seat 9: kio_kkk ($1.53 in chips) 
VilpPS: posts small blind $0.01
frosa9397: posts big blind $0.02
Jsomzz888: posts big blind $0.02
*** HOLE CARDS ***
Dealt to Dorex2007 [5h 8s]
kio_kkk: folds 
tutanpoker: folds 
tutanpoker leaves the table
Dorex2007: folds 
Andrei Shevcov: raises $0.06 to $0.08
zpxnjp21: folds 
Jsomzz888: folds 
POLIWAL'SHIK: calls $0.08
VilpPS: calls $0.07
frosa9397: folds 
*** FLOP *** [Th 4s Qh]
VilpPS: checks 
Andrei Shevcov: bets $0.35 and is all-in
POLIWAL'SHIK: calls $0.35
VilpPS: folds 
Tran51ucent joins the table at seat #1 
*** TURN *** [Th 4s Qh] [Qd]
*** RIVER *** [Th 4s Qh Qd] [Qc]
*** SHOW DOWN ***
Andrei Shevcov: shows [As Kc] (three of a kind, Queens)
POLIWAL'SHIK: shows [4h 8h] (a full house, Queens full of Fours)
POLIWAL'SHIK collected $0.95 from pot
*** SUMMARY ***
Total pot $0.98 | Rake $0.03 
Board [Th 4s Qh Qd Qc]
Seat 1: tutanpoker folded before Flop (didn't bet)
Seat 2: Dorex2007 folded before Flop (didn't bet)
Seat 3: Andrei Shevcov showed [As Kc] and lost with three of a kind, Queens
Seat 4: zpxnjp21 folded before Flop (didn't bet)
Seat 5: Jsomzz888 folded before Flop (didn't bet)
Seat 6: POLIWAL'SHIK (button) showed [4h 8h] and won ($0.95) with a full house, Queens full of Fours
Seat 7: VilpPS (small blind) folded on the Flop
Seat 8: frosa9397 (big blind) folded before Flop
Seat 9: kio_kkk folded before Flop (didn't bet)



PokerStars Hand #223974166357:  Hold'em No Limit ($0.01/$0.02 USD) - 2021/02/18 19:54:42 PT [2021/02/18 22:54:42 ET]
Table 'Lycomedes VI' 9-max Seat #7 is the button
Seat 2: Dorex2007 ($5.12 in chips) 
Seat 4: zpxnjp21 ($3.46 in chips) 
Seat 5: Jsomzz888 ($2 in chips) 
Seat 6: POLIWAL'SHIK ($2.32 in chips) 
Seat 7: VilpPS ($2 in chips) 
Seat 8: frosa9397 ($2.08 in chips) 
Seat 9: kio_kkk ($1.53 in chips) 
frosa9397: posts small blind $0.01
kio_kkk: posts big blind $0.02
Tran51ucent: sits out 
*** HOLE CARDS ***
Dealt to Dorex2007 [6c 5h]
Dorex2007: folds 
zpxnjp21: folds 
Jsomzz888: folds 
POLIWAL'SHIK: calls $0.02
VilpPS: folds 
Andrei Shevcov leaves the table
frosa9397: raises $0.06 to $0.08
kio_kkk: folds 
POLIWAL'SHIK: calls $0.06
*** FLOP *** [2s 2c 7c]
frosa9397: bets $0.10
POLIWAL'SHIK: folds 
Uncalled bet ($0.10) returned to frosa9397
frosa9397 collected $0.17 from pot
frosa9397: doesn't show hand 
*** SUMMARY ***
Total pot $0.18 | Rake $0.01 
Board [2s 2c 7c]
Seat 2: Dorex2007 folded before Flop (didn't bet)
Seat 4: zpxnjp21 folded before Flop (didn't bet)
Seat 5: Jsomzz888 folded before Flop (didn't bet)
Seat 6: POLIWAL'SHIK folded on the Flop
Seat 7: VilpPS (button) folded before Flop (didn't bet)
Seat 8: frosa9397 (small blind) collected ($0.17)
Seat 9: kio_kkk (big blind) folded before Flop



PokerStars Hand #223974177498:  Hold'em No Limit ($0.01/$0.02 USD) - 2021/02/18 19:55:28 PT [2021/02/18 22:55:28 ET]
Table 'Lycomedes VI' 9-max Seat #8 is the button
Seat 1: Tran51ucent ($2 in chips) 
Seat 2: Dorex2007 ($5.12 in chips) 
Seat 4: zpxnjp21 ($3.46 in chips) 
Seat 5: Jsomzz888 ($2 in chips) 
Seat 6: POLIWAL'SHIK ($2.24 in chips) 
Seat 7: VilpPS ($2 in chips) 
Seat 8: frosa9397 ($2.17 in chips) 
Seat 9: kio_kkk ($1.51 in chips) 
kio_kkk: posts small blind $0.01
Tran51ucent: posts big blind $0.02
*** HOLE CARDS ***
Dealt to Dorex2007 [4h Ad]
Dorex2007: folds 
zpxnjp21: folds 
Jsomzz888: folds 
POLIWAL'SHIK: calls $0.02
VilpPS: folds 
frosa9397: calls $0.02
kio_kkk: calls $0.01
Tran51ucent: raises $0.10 to $0.12
POLIWAL'SHIK: folds 
frosa9397: folds 
kio_kkk: folds 
Uncalled bet ($0.10) returned to Tran51ucent
Tran51ucent collected $0.08 from pot
Tran51ucent: doesn't show hand 
*** SUMMARY ***
Total pot $0.08 | Rake $0 
Seat 1: Tran51ucent (big blind) collected ($0.08)
Seat 2: Dorex2007 folded before Flop (didn't bet)
Seat 4: zpxnjp21 folded before Flop (didn't bet)
Seat 5: Jsomzz888 folded before Flop (didn't bet)
Seat 6: POLIWAL'SHIK folded before Flop
Seat 7: VilpPS folded before Flop (didn't bet)
Seat 8: frosa9397 (button) folded before Flop
Seat 9: kio_kkk (small blind) folded before Flop



PokerStars Hand #223974185787:  Hold'em No Limit ($0.01/$0.02 USD) - 2021/02/18 19:56:06 PT [2021/02/18 22:56:06 ET]
Table 'Lycomedes VI' 9-max Seat #9 is the button
Seat 1: Tran51ucent ($2.06 in chips) 
Seat 2: Dorex2007 ($5.12 in chips) 
Seat 4: zpxnjp21 ($3.46 in chips) 
Seat 5: Jsomzz888 ($2 in chips) 
Seat 6: POLIWAL'SHIK ($2.22 in chips) 
Seat 7: VilpPS ($2 in chips) 
Seat 8: frosa9397 ($2.15 in chips) 
Seat 9: kio_kkk ($1.49 in chips) 
Tran51ucent: posts small blind $0.01
Dorex2007: posts big blind $0.02
*** HOLE CARDS ***
Dealt to Dorex2007 [4d 4h]
zpxnjp21: folds 
Jsomzz888: folds 
POLIWAL'SHIK: folds 
VilpPS: raises $0.04 to $0.06
frosa9397: calls $0.06
kio_kkk: folds 
Tran51ucent: folds 
Dorex2007: calls $0.04
*** FLOP *** [Qh Jd 6s]
Dorex2007: checks 
VilpPS: checks 
frosa9397: checks 
*** TURN *** [Qh Jd 6s] [Kh]
Dorex2007: checks 
VilpPS: checks 
frosa9397: bets $0.09
ruiwen98 joins the table at seat #3 
Dorex2007: folds 
VilpPS: calls $0.09
*** RIVER *** [Qh Jd 6s Kh] [4c]
VilpPS: checks 
frosa9397: bets $0.18
VilpPS: folds 
Uncalled bet ($0.18) returned to frosa9397
frosa9397 collected $0.36 from pot
frosa9397: doesn't show hand 
*** SUMMARY ***
Total pot $0.37 | Rake $0.01 
Board [Qh Jd 6s Kh 4c]
Seat 1: Tran51ucent (small blind) folded before Flop
Seat 2: Dorex2007 (big blind) folded on the Turn
Seat 4: zpxnjp21 folded before Flop (didn't bet)
Seat 5: Jsomzz888 folded before Flop (didn't bet)
Seat 6: POLIWAL'SHIK folded before Flop (didn't bet)
Seat 7: VilpPS folded on the River
Seat 8: frosa9397 collected ($0.36)
Seat 9: kio_kkk (button) folded before Flop (didn't bet)



PokerStars Hand #223974200220:  Hold'em No Limit ($0.01/$0.02 USD) - 2021/02/18 19:57:12 PT [2021/02/18 22:57:12 ET]
Table 'Lycomedes VI' 9-max Seat #1 is the button
Seat 1: Tran51ucent ($2.05 in chips) 
Seat 2: Dorex2007 ($5.06 in chips) 
Seat 3: ruiwen98 ($2 in chips) 
Seat 4: zpxnjp21 ($3.46 in chips) 
Seat 5: Jsomzz888 ($2 in chips) 
Seat 6: POLIWAL'SHIK ($2.22 in chips) 
Seat 7: VilpPS ($2 in chips) 
Seat 8: frosa9397 ($2.36 in chips) 
Seat 9: kio_kkk ($1.49 in chips) 
Dorex2007: posts small blind $0.01
ruiwen98: posts big blind $0.02
*** HOLE CARDS ***
Dealt to Dorex2007 [Qc Qh]
zpxnjp21: folds 
Jsomzz888: folds 
POLIWAL'SHIK: folds 
VilpPS: raises $0.04 to $0.06
frosa9397: calls $0.06
kio_kkk: calls $0.06
Tran51ucent: folds 
Dorex2007: raises $0.18 to $0.24
ruiwen98: folds 
VilpPS: calls $0.18
frosa9397: folds 
kio_kkk: folds 
*** FLOP *** [Jc 5s 6d]
Dorex2007: bets $4.82 and is all-in
VilpPS: folds 
Uncalled bet ($4.82) returned to Dorex2007
Dorex2007 collected $0.60 from pot
Dorex2007: doesn't show hand 
*** SUMMARY ***
Total pot $0.62 | Rake $0.02 
Board [Jc 5s 6d]
Seat 1: Tran51ucent (button) folded before Flop (didn't bet)
Seat 2: Dorex2007 (small blind) collected ($0.60)
Seat 3: ruiwen98 (big blind) folded before Flop
Seat 4: zpxnjp21 folded before Flop (didn't bet)
Seat 5: Jsomzz888 folded before Flop (didn't bet)
Seat 6: POLIWAL'SHIK folded before Flop (didn't bet)
Seat 7: VilpPS folded on the Flop
Seat 8: frosa9397 folded before Flop
Seat 9: kio_kkk folded before Flop



PokerStars Hand #223974214425:  Hold'em No Limit ($0.01/$0.02 USD) - 2021/02/18 19:58:16 PT [2021/02/18 22:58:16 ET]
Table 'Lycomedes VI' 9-max Seat #2 is the button
Seat 1: Tran51ucent ($2.05 in chips) 
Seat 2: Dorex2007 ($5.42 in chips) 
Seat 3: ruiwen98 ($1.98 in chips) 
Seat 4: zpxnjp21 ($3.46 in chips) 
Seat 5: Jsomzz888 ($2 in chips) 
Seat 6: POLIWAL'SHIK ($2.22 in chips) 
Seat 7: VilpPS ($2 in chips) 
Seat 8: frosa9397 ($2.30 in chips) 
Seat 9: kio_kkk ($1.43 in chips) 
ruiwen98: posts small blind $0.01
zpxnjp21: posts big blind $0.02
*** HOLE CARDS ***
Dealt to Dorex2007 [3d 5h]
Jsomzz888: folds 
POLIWAL'SHIK: folds 
VilpPS: folds 
frosa9397: calls $0.02
kio_kkk: raises $0.04 to $0.06
Tran51ucent: folds 
Dorex2007: folds 
ruiwen98: calls $0.05
zpxnjp21: folds 
frosa9397: folds 
*** FLOP *** [7h 4c Ts]
ruiwen98: checks 
kio_kkk: checks 
*** TURN *** [7h 4c Ts] [9d]
ruiwen98: checks 
kio_kkk: checks 
*** RIVER *** [7h 4c Ts 9d] [2c]
ruiwen98: checks 
kio_kkk: checks 
*** SHOW DOWN ***
ruiwen98: shows [4d Kh] (a pair of Fours)
kio_kkk: mucks hand 
ruiwen98 collected $0.15 from pot
*** SUMMARY ***
Total pot $0.16 | Rake $0.01 
Board [7h 4c Ts 9d 2c]
Seat 1: Tran51ucent folded before Flop (didn't bet)
Seat 2: Dorex2007 (button) folded before Flop (didn't bet)
Seat 3: ruiwen98 (small blind) showed [4d Kh] and won ($0.15) with a pair of Fours
Seat 4: zpxnjp21 (big blind) folded before Flop
Seat 5: Jsomzz888 folded before Flop (didn't bet)
Seat 6: POLIWAL'SHIK folded before Flop (didn't bet)
Seat 7: VilpPS folded before Flop (didn't bet)
Seat 8: frosa9397 folded before Flop
Seat 9: kio_kkk mucked [Kc Ac]



PokerStars Hand #223974227709:  Hold'em No Limit ($0.01/$0.02 USD) - 2021/02/18 19:59:17 PT [2021/02/18 22:59:17 ET]
Table 'Lycomedes VI' 9-max Seat #3 is the button
Seat 1: Tran51ucent ($2.05 in chips) 
Seat 2: Dorex2007 ($5.42 in chips) 
Seat 3: ruiwen98 ($2.07 in chips) 
Seat 4: zpxnjp21 ($3.44 in chips) 
Seat 5: Jsomzz888 ($2 in chips) 
Seat 6: POLIWAL'SHIK ($2.22 in chips) 
Seat 7: VilpPS ($2 in chips) 
Seat 8: frosa9397 ($2.28 in chips) 
Seat 9: kio_kkk ($1.37 in chips) 
zpxnjp21: posts small blind $0.01
Jsomzz888: posts big blind $0.02
*** HOLE CARDS ***
Dealt to Dorex2007 [9h 7s]
POLIWAL'SHIK: calls $0.02
VilpPS: folds 
frosa9397: folds 
kio_kkk: calls $0.02
Tran51ucent has timed out
Tran51ucent: folds 
Dorex2007: folds 
ruiwen98: calls $0.02
zpxnjp21: folds 
Jsomzz888: checks 
*** FLOP *** [9s 2h 3d]
Jsomzz888: checks 
POLIWAL'SHIK: checks 
kio_kkk: checks 
ruiwen98: checks 
*** TURN *** [9s 2h 3d] [4h]
Jsomzz888: checks 
POLIWAL'SHIK: checks 
kio_kkk: bets $0.04
ruiwen98: folds 
Jsomzz888: folds 
POLIWAL'SHIK: folds 
Uncalled bet ($0.04) returned to kio_kkk
kio_kkk collected $0.09 from pot
kio_kkk: doesn't show hand 
*** SUMMARY ***
Total pot $0.09 | Rake $0 
Board [9s 2h 3d 4h]
Seat 1: Tran51ucent folded before Flop (didn't bet)
Seat 2: Dorex2007 folded before Flop (didn't bet)
Seat 3: ruiwen98 (button) folded on the Turn
Seat 4: zpxnjp21 (small blind) folded before Flop
Seat 5: Jsomzz888 (big blind) folded on the Turn
Seat 6: POLIWAL'SHIK folded on the Turn
Seat 7: VilpPS folded before Flop (didn't bet)
Seat 8: frosa9397 folded before Flop (didn't bet)
Seat 9: kio_kkk collected ($0.09)



PokerStars Hand #223974245469:  Hold'em No Limit ($0.01/$0.02 USD) - 2021/02/18 20:00:34 PT [2021/02/18 23:00:34 ET]
Table 'Lycomedes VI' 9-max Seat #4 is the button
Seat 1: Tran51ucent ($2.05 in chips) 
Seat 2: Dorex2007 ($5.42 in chips) 
Seat 3: ruiwen98 ($2.05 in chips) 
Seat 4: zpxnjp21 ($3.43 in chips) 
Seat 5: Jsomzz888 ($2 in chips) 
Seat 6: POLIWAL'SHIK ($2.20 in chips) 
Seat 7: VilpPS ($2 in chips) 
Seat 8: frosa9397 ($2.28 in chips) 
Seat 9: kio_kkk ($1.44 in chips) 
Jsomzz888: posts small blind $0.01
POLIWAL'SHIK: posts big blind $0.02
*** HOLE CARDS ***
Dealt to Dorex2007 [9s Ah]
VilpPS: folds 
frosa9397: folds 
kio_kkk: folds 
Tran51ucent: raises $0.06 to $0.08
Dorex2007: folds 
ruiwen98: folds 
zpxnjp21: folds 
ruiwen98 leaves the table
Jsomzz888: folds 
POLIWAL'SHIK: folds 
Uncalled bet ($0.06) returned to Tran51ucent
Tran51ucent collected $0.05 from pot
Tran51ucent: doesn't show hand 
*** SUMMARY ***
Total pot $0.05 | Rake $0 
Seat 1: Tran51ucent collected ($0.05)
Seat 2: Dorex2007 folded before Flop (didn't bet)
Seat 3: ruiwen98 folded before Flop (didn't bet)
Seat 4: zpxnjp21 (button) folded before Flop (didn't bet)
Seat 5: Jsomzz888 (small blind) folded before Flop
Seat 6: POLIWAL'SHIK (big blind) folded before Flop
Seat 7: VilpPS folded before Flop (didn't bet)
Seat 8: frosa9397 folded before Flop (didn't bet)
Seat 9: kio_kkk folded before Flop (didn't bet)



PokerStars Hand #223974253727:  Hold'em No Limit ($0.01/$0.02 USD) - 2021/02/18 20:01:06 PT [2021/02/18 23:01:06 ET]
Table 'Lycomedes VI' 9-max Seat #5 is the button
Seat 1: Tran51ucent ($2.08 in chips) 
Seat 2: Dorex2007 ($5.42 in chips) 
Seat 4: zpxnjp21 ($3.43 in chips) 
Seat 5: Jsomzz888 ($2 in chips) 
Seat 6: POLIWAL'SHIK ($2.18 in chips) 
Seat 7: VilpPS ($2 in chips) 
Seat 8: frosa9397 ($2.28 in chips) 
Seat 9: kio_kkk ($1.44 in chips) 
POLIWAL'SHIK: posts small blind $0.01
VilpPS: posts big blind $0.02
*** HOLE CARDS ***
Dealt to Dorex2007 [2c 3h]
frosa9397: folds 
kio_kkk: folds 
Tran51ucent: folds 
Dorex2007: folds 
zpxnjp21: raises $0.04 to $0.06
Jsomzz888: calls $0.06
POLIWAL'SHIK: folds 
SrO157 joins the table at seat #3 
VilpPS: calls $0.04
*** FLOP *** [As Jd 8h]
VilpPS: checks 
zpxnjp21: bets $0.09
Jsomzz888: calls $0.09
VilpPS: calls $0.09
*** TURN *** [As Jd 8h] [7c]
VilpPS: checks 
zpxnjp21: checks 
Jsomzz888: bets $0.22
VilpPS: folds 
zpxnjp21: folds 
Uncalled bet ($0.22) returned to Jsomzz888
Jsomzz888 collected $0.44 from pot
Jsomzz888: doesn't show hand 
*** SUMMARY ***
Total pot $0.46 | Rake $0.02 
Board [As Jd 8h 7c]
Seat 1: Tran51ucent folded before Flop (didn't bet)
Seat 2: Dorex2007 folded before Flop (didn't bet)
Seat 4: zpxnjp21 folded on the Turn
Seat 5: Jsomzz888 (button) collected ($0.44)
Seat 6: POLIWAL'SHIK (small blind) folded before Flop
Seat 7: VilpPS (big blind) folded on the Turn
Seat 8: frosa9397 folded before Flop (didn't bet)
Seat 9: kio_kkk folded before Flop (didn't bet)



PokerStars Hand #223974272080:  Hold'em No Limit ($0.01/$0.02 USD) - 2021/02/18 20:02:15 PT [2021/02/18 23:02:15 ET]
Table 'Lycomedes VI' 9-max Seat #6 is the button
Seat 1: Tran51ucent ($2.08 in chips) 
Seat 2: Dorex2007 ($5.42 in chips) 
Seat 3: SrO157 ($0.80 in chips) 
Seat 4: zpxnjp21 ($3.28 in chips) 
Seat 5: Jsomzz888 ($2.29 in chips) 
Seat 6: POLIWAL'SHIK ($2.17 in chips) 
Seat 7: VilpPS ($2 in chips) 
Seat 8: frosa9397 ($2.28 in chips) 
Seat 9: kio_kkk ($1.44 in chips) 
VilpPS: posts small blind $0.01
frosa9397: posts big blind $0.02
SrO157: posts big blind $0.02
*** HOLE CARDS ***
Dealt to Dorex2007 [2d 7d]
kio_kkk: folds 
Tran51ucent: folds 
Dorex2007: folds 
SrO157: checks 
zpxnjp21: raises $0.07 to $0.09
Jsomzz888: folds 
POLIWAL'SHIK: calls $0.09
VilpPS: folds 
frosa9397: folds 
SrO157: calls $0.07
*** FLOP *** [8s 4h Qd]
SrO157: checks 
zpxnjp21: bets $0.15
POLIWAL'SHIK: folds 
SrO157: folds 
Uncalled bet ($0.15) returned to zpxnjp21
zpxnjp21 collected $0.29 from pot
zpxnjp21: doesn't show hand 
*** SUMMARY ***
Total pot $0.30 | Rake $0.01 
Board [8s 4h Qd]
Seat 1: Tran51ucent folded before Flop (didn't bet)
Seat 2: Dorex2007 folded before Flop (didn't bet)
Seat 3: SrO157 folded on the Flop
Seat 4: zpxnjp21 collected ($0.29)
Seat 5: Jsomzz888 folded before Flop (didn't bet)
Seat 6: POLIWAL'SHIK (button) folded on the Flop
Seat 7: VilpPS (small blind) folded before Flop
Seat 8: frosa9397 (big blind) folded before Flop
Seat 9: kio_kkk folded before Flop (didn't bet)



PokerStars Hand #223974289430:  Hold'em No Limit ($0.01/$0.02 USD) - 2021/02/18 20:03:20 PT [2021/02/18 23:03:20 ET]
Table 'Lycomedes VI' 9-max Seat #7 is the button
Seat 1: Tran51ucent ($2.08 in chips) 
Seat 2: Dorex2007 ($5.42 in chips) 
Seat 3: SrO157 ($0.71 in chips) 
Seat 4: zpxnjp21 ($3.48 in chips) 
Seat 5: Jsomzz888 ($2.29 in chips) 
Seat 6: POLIWAL'SHIK ($2.08 in chips) 
Seat 7: VilpPS ($2 in chips) 
Seat 8: frosa9397 ($2.26 in chips) 
Seat 9: kio_kkk ($1.44 in chips) 
frosa9397: posts small blind $0.01
kio_kkk: posts big blind $0.02
*** HOLE CARDS ***
Dealt to Dorex2007 [9d 8d]
Tran51ucent: folds 
Dorex2007: calls $0.02
SrO157: folds 
zpxnjp21: folds 
Jsomzz888: folds 
POLIWAL'SHIK: calls $0.02
VilpPS: folds 
frosa9397: folds 
kio_kkk: checks 
*** FLOP *** [Ah 4s 8h]
kio_kkk: checks 
Dorex2007: checks 
POLIWAL'SHIK: checks 
*** TURN *** [Ah 4s 8h] [9s]
kio_kkk: checks 
Dorex2007: bets $0.07
POLIWAL'SHIK: calls $0.07
kio_kkk: folds 
*** RIVER *** [Ah 4s 8h 9s] [Qd]
Dorex2007: bets $0.20
POLIWAL'SHIK: calls $0.20
*** SHOW DOWN ***
Dorex2007: shows [9d 8d] (two pair, Nines and Eights)
POLIWAL'SHIK: mucks hand 
Dorex2007 collected $0.59 from pot
*** SUMMARY ***
Total pot $0.61 | Rake $0.02 
Board [Ah 4s 8h 9s Qd]
Seat 1: Tran51ucent folded before Flop (didn't bet)
Seat 2: Dorex2007 showed [9d 8d] and won ($0.59) with two pair, Nines and Eights
Seat 3: SrO157 folded before Flop (didn't bet)
Seat 4: zpxnjp21 folded before Flop (didn't bet)
Seat 5: Jsomzz888 folded before Flop (didn't bet)
Seat 6: POLIWAL'SHIK mucked [9c Tc]
Seat 7: VilpPS (button) folded before Flop (didn't bet)
Seat 8: frosa9397 (small blind) folded before Flop
Seat 9: kio_kkk (big blind) folded on the Turn



PokerStars Hand #223974309388:  Hold'em No Limit ($0.01/$0.02 USD) - 2021/02/18 20:04:34 PT [2021/02/18 23:04:34 ET]
Table 'Lycomedes VI' 9-max Seat #8 is the button
Seat 1: Tran51ucent ($2.08 in chips) 
Seat 2: Dorex2007 ($5.72 in chips) 
Seat 3: SrO157 ($0.71 in chips) 
Seat 4: zpxnjp21 ($3.48 in chips) 
Seat 5: Jsomzz888 ($2.29 in chips) 
Seat 6: POLIWAL'SHIK ($1.79 in chips) 
Seat 7: VilpPS ($2 in chips) 
Seat 8: frosa9397 ($2.25 in chips) 
Seat 9: kio_kkk ($1.42 in chips) 
kio_kkk: posts small blind $0.01
Tran51ucent: posts big blind $0.02
*** HOLE CARDS ***
Dealt to Dorex2007 [4c 4s]
Dorex2007: calls $0.02
SrO157: folds 
zpxnjp21: raises $0.08 to $0.10
Jsomzz888: folds 
POLIWAL'SHIK: calls $0.10
VilpPS: folds 
frosa9397: folds 
kio_kkk: folds 
Tran51ucent: raises $0.12 to $0.22
Dorex2007: folds 
zpxnjp21: calls $0.12
POLIWAL'SHIK: calls $0.12
*** FLOP *** [7h 6d 8h]
Tran51ucent: checks 
zpxnjp21: checks 
POLIWAL'SHIK: bets $0.18
Tran51ucent: calls $0.18
zpxnjp21: folds 
*** TURN *** [7h 6d 8h] [2h]
Tran51ucent: bets $0.45
POLIWAL'SHIK: raises $0.45 to $0.90
Tran51ucent: raises $0.78 to $1.68 and is all-in
POLIWAL'SHIK: calls $0.49 and is all-in
Uncalled bet ($0.29) returned to Tran51ucent
*** RIVER *** [7h 6d 8h 2h] [Qc]
*** SHOW DOWN ***
Tran51ucent: shows [Qs 3h] (a pair of Queens)
POLIWAL'SHIK: shows [4h Jh] (a flush, Jack high)
POLIWAL'SHIK collected $3.70 from pot
*** SUMMARY ***
Total pot $3.83 | Rake $0.13 
Board [7h 6d 8h 2h Qc]
Seat 1: Tran51ucent (big blind) showed [Qs 3h] and lost with a pair of Queens
Seat 2: Dorex2007 folded before Flop
Seat 3: SrO157 folded before Flop (didn't bet)
Seat 4: zpxnjp21 folded on the Flop
Seat 5: Jsomzz888 folded before Flop (didn't bet)
Seat 6: POLIWAL'SHIK showed [4h Jh] and won ($3.70) with a flush, Jack high
Seat 7: VilpPS folded before Flop (didn't bet)
Seat 8: frosa9397 (button) folded before Flop (didn't bet)
Seat 9: kio_kkk (small blind) folded before Flop



PokerStars Hand #223974339722:  Hold'em No Limit ($0.01/$0.02 USD) - 2021/02/18 20:06:28 PT [2021/02/18 23:06:28 ET]
Table 'Lycomedes VI' 9-max Seat #9 is the button
Seat 1: Tran51ucent ($0.29 in chips) 
Seat 2: Dorex2007 ($5.70 in chips) 
Seat 3: SrO157 ($0.80 in chips) 
Seat 4: zpxnjp21 ($3.26 in chips) 
Seat 5: Jsomzz888 ($2.29 in chips) 
Seat 6: POLIWAL'SHIK ($3.70 in chips) 
Seat 7: VilpPS ($2 in chips) 
Seat 8: frosa9397 ($2.25 in chips) 
Seat 9: kio_kkk ($1.41 in chips) 
Tran51ucent: posts small blind $0.01
Dorex2007: posts big blind $0.02
*** HOLE CARDS ***
Dealt to Dorex2007 [As 7d]
SrO157: raises $0.02 to $0.04
zpxnjp21: raises $0.12 to $0.16
Jsomzz888: folds 
POLIWAL'SHIK: folds 
VilpPS: folds 
frosa9397: folds 
kio_kkk: folds 
Tran51ucent: folds 
Dorex2007: folds 
SrO157: calls $0.12
*** FLOP *** [2c 8d 3h]
SrO157: checks 
zpxnjp21: bets $0.17
SrO157: raises $0.47 to $0.64 and is all-in
zpxnjp21: calls $0.47
*** TURN *** [2c 8d 3h] [2s]
*** RIVER *** [2c 8d 3h 2s] [Qs]
*** SHOW DOWN ***
SrO157: shows [6d 8c] (two pair, Eights and Deuces)
zpxnjp21: shows [Ah Kc] (a pair of Deuces)
SrO157 cashed out the hand for $1.22 | Cash Out Fee $0.01
*** SUMMARY ***
Total pot $1.63 | Rake $0.06 
Board [2c 8d 3h 2s Qs]
Seat 1: Tran51ucent (small blind) folded before Flop
Seat 2: Dorex2007 (big blind) folded before Flop
Seat 3: SrO157 showed [6d 8c] and won ($1.57) with two pair, Eights and Deuces (pot not awarded as player cashed out)
Seat 4: zpxnjp21 showed [Ah Kc] and lost with a pair of Deuces
Seat 5: Jsomzz888 folded before Flop (didn't bet)
Seat 6: POLIWAL'SHIK folded before Flop (didn't bet)
Seat 7: VilpPS folded before Flop (didn't bet)
Seat 8: frosa9397 folded before Flop (didn't bet)
Seat 9: kio_kkk (button) folded before Flop (didn't bet)



PokerStars Hand #223974377627:  Hold'em No Limit ($0.01/$0.02 USD) - 2021/02/18 20:07:33 PT [2021/02/18 23:07:33 ET]
Table 'Lycomedes VI' 9-max Seat #1 is the button
Seat 1: Tran51ucent ($2 in chips) 
Seat 2: Dorex2007 ($5.68 in chips) 
Seat 3: SrO157 ($1.22 in chips) 
Seat 4: zpxnjp21 ($2.46 in chips) 
Seat 5: Jsomzz888 ($2.29 in chips) 
Seat 6: POLIWAL'SHIK ($3.70 in chips) 
Seat 7: VilpPS ($2 in chips) 
Seat 8: frosa9397 ($2.25 in chips) 
Seat 9: kio_kkk ($1.41 in chips) 
Dorex2007: posts small blind $0.01
SrO157: posts big blind $0.02
*** HOLE CARDS ***
Dealt to Dorex2007 [Ks 3d]
zpxnjp21: folds 
Jsomzz888: folds 
POLIWAL'SHIK: folds 
VilpPS: folds 
frosa9397: folds 
kio_kkk: calls $0.02
Tran51ucent: raises $0.08 to $0.10
Dorex2007: folds 
SrO157: folds 
kio_kkk: folds 
Uncalled bet ($0.08) returned to Tran51ucent
Tran51ucent collected $0.07 from pot
Tran51ucent: doesn't show hand 
*** SUMMARY ***
Total pot $0.07 | Rake $0 
Seat 1: Tran51ucent (button) collected ($0.07)
Seat 2: Dorex2007 (small blind) folded before Flop
Seat 3: SrO157 (big blind) folded before Flop
Seat 4: zpxnjp21 folded before Flop (didn't bet)
Seat 5: Jsomzz888 folded before Flop (didn't bet)
Seat 6: POLIWAL'SHIK folded before Flop (didn't bet)
Seat 7: VilpPS folded before Flop (didn't bet)
Seat 8: frosa9397 folded before Flop (didn't bet)
Seat 9: kio_kkk folded before Flop



PokerStars Hand #223974387240:  Hold'em No Limit ($0.01/$0.02 USD) - 2021/02/18 20:08:10 PT [2021/02/18 23:08:10 ET]
Table 'Lycomedes VI' 9-max Seat #2 is the button
Seat 1: Tran51ucent ($2.05 in chips) 
Seat 2: Dorex2007 ($5.67 in chips) 
Seat 3: SrO157 ($1.20 in chips) 
Seat 5: Jsomzz888 ($2.29 in chips) 
Seat 6: POLIWAL'SHIK ($3.70 in chips) 
Seat 7: VilpPS ($2 in chips) 
Seat 8: frosa9397 ($2.25 in chips) 
Seat 9: kio_kkk ($1.39 in chips) 
SrO157: posts small blind $0.01
zpxnjp21: is sitting out 
Jsomzz888: posts big blind $0.02
*** HOLE CARDS ***
Dealt to Dorex2007 [Kd Qd]
POLIWAL'SHIK: calls $0.02
VilpPS: folds 
frosa9397: folds 
kio_kkk: folds 
Tran51ucent: raises $0.04 to $0.06
Dorex2007: calls $0.06
SrO157: raises $0.04 to $0.10
Jsomzz888: folds 
POLIWAL'SHIK: folds 
Tran51ucent: calls $0.04
Dorex2007: calls $0.04
*** FLOP *** [Ad 6s 8d]
SrO157: bets $0.04
Tran51ucent: raises $0.26 to $0.30
Dorex2007: calls $0.30
SrO157: folds 
*** TURN *** [Ad 6s 8d] [7s]
Tran51ucent: bets $1.65 and is all-in
Dorex2007: folds 
Uncalled bet ($1.65) returned to Tran51ucent
Tran51ucent collected $0.95 from pot
Tran51ucent: doesn't show hand 
*** SUMMARY ***
Total pot $0.98 | Rake $0.03 
Board [Ad 6s 8d 7s]
Seat 1: Tran51ucent collected ($0.95)
Seat 2: Dorex2007 (button) folded on the Turn
Seat 3: SrO157 (small blind) folded on the Flop
Seat 5: Jsomzz888 (big blind) folded before Flop
Seat 6: POLIWAL'SHIK folded before Flop
Seat 7: VilpPS folded before Flop (didn't bet)
Seat 8: frosa9397 folded before Flop (didn't bet)
Seat 9: kio_kkk folded before Flop (didn't bet)



PokerStars Hand #223974421708:  Hold'em No Limit ($0.01/$0.02 USD) - 2021/02/18 20:10:21 PT [2021/02/18 23:10:21 ET]
Table 'Lycomedes VI' 9-max Seat #3 is the button
Seat 1: Tran51ucent ($2.60 in chips) 
Seat 2: Dorex2007 ($5.27 in chips) 
Seat 3: SrO157 ($1.06 in chips) 
Seat 5: Jsomzz888 ($2.27 in chips) 
Seat 6: POLIWAL'SHIK ($3.68 in chips) 
Seat 7: VilpPS ($2 in chips) 
Seat 8: frosa9397 ($2.25 in chips) 
Seat 9: kio_kkk ($1.39 in chips) 
Jsomzz888: posts small blind $0.01
POLIWAL'SHIK: posts big blind $0.02
*** HOLE CARDS ***
Dealt to Dorex2007 [Qd 6c]
VilpPS: folds 
frosa9397: folds 
kio_kkk: calls $0.02
Tran51ucent: raises $0.04 to $0.06
Dorex2007: folds 
zpxnjp21 leaves the table
Dorex2007 said, "I hope that wan't a bluff. I was 4 to the A high flush"
SrO157 has timed out
SrO157: folds 
Jsomzz888: folds 
POLIWAL'SHIK: calls $0.04
kio_kkk: calls $0.04
*** FLOP *** [7d As 2s]
POLIWAL'SHIK: checks 
kio_kkk: checks 
Tran51ucent: checks 
*** TURN *** [7d As 2s] [Th]
POLIWAL'SHIK: bets $0.02
kio_kkk: calls $0.02
Tran51ucent: raises $0.18 to $0.20
POLIWAL'SHIK: calls $0.18
kio_kkk: folds 
*** RIVER *** [7d As 2s Th] [8d]
POLIWAL'SHIK: checks 
Tran51ucent: bets $0.50
POLIWAL'SHIK: calls $0.50
*** SHOW DOWN ***
Tran51ucent: shows [Qs Jh] (high card Ace)
POLIWAL'SHIK: shows [Ad Jd] (a pair of Aces)
POLIWAL'SHIK collected $1.55 from pot
*** SUMMARY ***
Total pot $1.61 | Rake $0.06 
Board [7d As 2s Th 8d]
Seat 1: Tran51ucent showed [Qs Jh] and lost with high card Ace
Seat 2: Dorex2007 folded before Flop (didn't bet)
Seat 3: SrO157 (button) folded before Flop (didn't bet)
Seat 5: Jsomzz888 (small blind) folded before Flop
Seat 6: POLIWAL'SHIK (big blind) showed [Ad Jd] and won ($1.55) with a pair of Aces
Seat 7: VilpPS folded before Flop (didn't bet)
Seat 8: frosa9397 folded before Flop (didn't bet)
Seat 9: kio_kkk folded on the Turn



PokerStars Hand #223974448354:  Hold'em No Limit ($0.01/$0.02 USD) - 2021/02/18 20:12:02 PT [2021/02/18 23:12:02 ET]
Table 'Lycomedes VI' 9-max Seat #5 is the button
Seat 1: Tran51ucent ($1.84 in chips) 
Seat 2: Dorex2007 ($5.27 in chips) 
Seat 3: SrO157 ($1.06 in chips) 
Seat 5: Jsomzz888 ($2.26 in chips) 
Seat 6: POLIWAL'SHIK ($4.47 in chips) 
Seat 7: VilpPS ($2 in chips) 
Seat 8: frosa9397 ($2.25 in chips) 
Seat 9: kio_kkk ($1.31 in chips) 
POLIWAL'SHIK: posts small blind $0.01
VilpPS: posts big blind $0.02
*** HOLE CARDS ***
Dealt to Dorex2007 [Th 5c]
frosa9397: folds 
kio_kkk: calls $0.02
Tran51ucent: raises $0.04 to $0.06
Dorex2007: folds 
5hevelev joins the table at seat #4 
SrO157 has timed out
SrO157: folds 
Jsomzz888: folds 
POLIWAL'SHIK: calls $0.05
SrO157 is disconnected 
VilpPS: folds 
kio_kkk: calls $0.04
*** FLOP *** [3c 9c Tc]
POLIWAL'SHIK: checks 
kio_kkk: checks 
Tran51ucent: checks 
*** TURN *** [3c 9c Tc] [Td]
POLIWAL'SHIK: checks 
kio_kkk: checks 
Tran51ucent: checks 
*** RIVER *** [3c 9c Tc Td] [5s]
POLIWAL'SHIK: checks 
kio_kkk: checks 
Tran51ucent: checks 
*** SHOW DOWN ***
POLIWAL'SHIK: shows [8s 9h] (two pair, Tens and Nines)
kio_kkk: mucks hand 
Tran51ucent: mucks hand 
POLIWAL'SHIK collected $0.19 from pot
*** SUMMARY ***
Total pot $0.20 | Rake $0.01 
Board [3c 9c Tc Td 5s]
Seat 1: Tran51ucent mucked [6h 4h]
Seat 2: Dorex2007 folded before Flop (didn't bet)
Seat 3: SrO157 folded before Flop (didn't bet)
Seat 5: Jsomzz888 (button) folded before Flop (didn't bet)
Seat 6: POLIWAL'SHIK (small blind) showed [8s 9h] and won ($0.19) with two pair, Tens and Nines
Seat 7: VilpPS (big blind) folded before Flop
Seat 8: frosa9397 folded before Flop (didn't bet)
Seat 9: kio_kkk mucked [9d 7d]



PokerStars Hand #223974467812:  Hold'em No Limit ($0.01/$0.02 USD) - 2021/02/18 20:13:16 PT [2021/02/18 23:13:16 ET]
Table 'Lycomedes VI' 9-max Seat #6 is the button
Seat 1: Tran51ucent ($1.78 in chips) 
Seat 2: Dorex2007 ($5.27 in chips) 
Seat 4: 5hevelev ($0.80 in chips) 
Seat 5: Jsomzz888 ($2.26 in chips) 
Seat 6: POLIWAL'SHIK ($4.60 in chips) 
Seat 7: VilpPS ($2 in chips) 
Seat 8: frosa9397 ($2.25 in chips) 
Seat 9: kio_kkk ($1.25 in chips) 
VilpPS: posts small blind $0.01
frosa9397: posts big blind $0.02
5hevelev: posts big blind $0.02
*** HOLE CARDS ***
Dealt to Dorex2007 [Th 8s]
kio_kkk: calls $0.02
Tran51ucent: calls $0.02
Dorex2007: folds 
5hevelev: checks 
Jsomzz888: raises $0.06 to $0.08
POLIWAL'SHIK: folds 
VilpPS: folds 
frosa9397: folds 
kio_kkk: calls $0.06
Tran51ucent: calls $0.06
5hevelev: folds 
*** FLOP *** [8h Ac 5c]
kio_kkk: checks 
Tran51ucent: checks 
Jsomzz888: bets $0.18
kio_kkk: folds 
Tran51ucent: calls $0.18
*** TURN *** [8h Ac 5c] [7d]
Tran51ucent: bets $0.20
Jsomzz888: calls $0.20
*** RIVER *** [8h Ac 5c 7d] [Ks]
Tran51ucent: bets $0.80
Jsomzz888: raises $1 to $1.80 and is all-in
Tran51ucent: folds 
Uncalled bet ($1) returned to Jsomzz888
Jsomzz888 collected $2.56 from pot
Jsomzz888: doesn't show hand 
*** SUMMARY ***
Total pot $2.65 | Rake $0.09 
Board [8h Ac 5c 7d Ks]
Seat 1: Tran51ucent folded on the River
Seat 2: Dorex2007 folded before Flop (didn't bet)
Seat 4: 5hevelev folded before Flop (didn't bet)
Seat 5: Jsomzz888 collected ($2.56)
Seat 6: POLIWAL'SHIK (button) folded before Flop (didn't bet)
Seat 7: VilpPS (small blind) folded before Flop
Seat 8: frosa9397 (big blind) folded before Flop
Seat 9: kio_kkk folded on the Flop



PokerStars Hand #223974502140:  Hold'em No Limit ($0.01/$0.02 USD) - 2021/02/18 20:15:27 PT [2021/02/18 23:15:27 ET]
Table 'Lycomedes VI' 9-max Seat #7 is the button
Seat 1: Tran51ucent ($0.52 in chips) 
Seat 2: Dorex2007 ($5.27 in chips) 
Seat 4: 5hevelev ($0.78 in chips) 
Seat 5: Jsomzz888 ($3.56 in chips) 
Seat 6: POLIWAL'SHIK ($4.60 in chips) 
Seat 7: VilpPS ($2 in chips) 
Seat 8: frosa9397 ($2.23 in chips) 
Seat 9: kio_kkk ($1.17 in chips) 
frosa9397: posts small blind $0.01
kio_kkk: posts big blind $0.02
*** HOLE CARDS ***
Dealt to Dorex2007 [Th Td]
Tran51ucent: folds 
Tran51ucent leaves the table
Dorex2007: raises $0.02 to $0.04
5hevelev: folds 
Jsomzz888: calls $0.04
POLIWAL'SHIK: folds 
VilpPS: folds 
frosa9397: calls $0.03
witch2bet joins the table at seat #1 
kio_kkk: calls $0.02
*** FLOP *** [4d Ks 2s]
frosa9397: bets $0.07
kio_kkk: folds 
Dorex2007: calls $0.07
Jsomzz888: folds 
*** TURN *** [4d Ks 2s] [4c]
frosa9397: bets $0.14
Dorex2007: folds 
Uncalled bet ($0.14) returned to frosa9397
frosa9397 collected $0.29 from pot
frosa9397: doesn't show hand 
*** SUMMARY ***
Total pot $0.30 | Rake $0.01 
Board [4d Ks 2s 4c]
Seat 1: Tran51ucent folded before Flop (didn't bet)
Seat 2: Dorex2007 folded on the Turn
Seat 4: 5hevelev folded before Flop (didn't bet)
Seat 5: Jsomzz888 folded on the Flop
Seat 6: POLIWAL'SHIK folded before Flop (didn't bet)
Seat 7: VilpPS (button) folded before Flop (didn't bet)
Seat 8: frosa9397 (small blind) collected ($0.29)
Seat 9: kio_kkk (big blind) folded on the Flop



PokerStars Hand #223974518340:  Hold'em No Limit ($0.01/$0.02 USD) - 2021/02/18 20:16:28 PT [2021/02/18 23:16:28 ET]
Table 'Lycomedes VI' 9-max Seat #8 is the button
Seat 1: witch2bet ($1.60 in chips) 
Seat 2: Dorex2007 ($5.16 in chips) 
Seat 4: 5hevelev ($0.78 in chips) 
Seat 5: Jsomzz888 ($3.52 in chips) 
Seat 6: POLIWAL'SHIK ($4.60 in chips) 
Seat 7: VilpPS ($2 in chips) 
Seat 8: frosa9397 ($2.41 in chips) 
Seat 9: kio_kkk ($1.13 in chips) 
kio_kkk: posts small blind $0.01
witch2bet: posts big blind $0.02
*** HOLE CARDS ***
Dealt to Dorex2007 [7c Jd]
Dorex2007: folds 
5hevelev: calls $0.02
Jsomzz888: raises $0.02 to $0.04
POLIWAL'SHIK: calls $0.04
VilpPS: folds 
frosa9397: folds 
kio_kkk: calls $0.03
witch2bet: raises $0.10 to $0.14
5hevelev: calls $0.12
Jsomzz888: folds 
POLIWAL'SHIK: calls $0.10
kio_kkk: folds 
*** FLOP *** [8s 7h 6d]
witch2bet: bets $0.10
5hevelev: folds 
POLIWAL'SHIK: calls $0.10
*** TURN *** [8s 7h 6d] [9c]
witch2bet: checks 
POLIWAL'SHIK: bets $0.20
witch2bet: calls $0.20
*** RIVER *** [8s 7h 6d 9c] [As]
witch2bet: checks 
POLIWAL'SHIK: bets $0.28
witch2bet: folds 
Uncalled bet ($0.28) returned to POLIWAL'SHIK
POLIWAL'SHIK collected $1.06 from pot
*** SUMMARY ***
Total pot $1.10 | Rake $0.04 
Board [8s 7h 6d 9c As]
Seat 1: witch2bet (big blind) folded on the River
Seat 2: Dorex2007 folded before Flop (didn't bet)
Seat 4: 5hevelev folded on the Flop
Seat 5: Jsomzz888 folded before Flop
Seat 6: POLIWAL'SHIK collected ($1.06)
Seat 7: VilpPS folded before Flop (didn't bet)
Seat 8: frosa9397 (button) folded before Flop (didn't bet)
Seat 9: kio_kkk (small blind) folded before Flop



PokerStars Hand #223974560507:  Hold'em No Limit ($0.01/$0.02 USD) - 2021/02/18 20:19:09 PT [2021/02/18 23:19:09 ET]
Table 'Lycomedes VI' 9-max Seat #9 is the button
Seat 1: witch2bet ($1.16 in chips) 
Seat 2: Dorex2007 ($5.16 in chips) 
Seat 4: 5hevelev ($0.64 in chips) 
Seat 5: Jsomzz888 ($3.48 in chips) 
Seat 6: POLIWAL'SHIK ($5.22 in chips) 
Seat 7: VilpPS ($2 in chips) 
Seat 8: frosa9397 ($2.41 in chips) 
Seat 9: kio_kkk ($1.09 in chips) 
witch2bet: posts small blind $0.01
Dorex2007: posts big blind $0.02
*** HOLE CARDS ***
Dealt to Dorex2007 [Jh 7s]
5hevelev: calls $0.02
Jsomzz888: folds 
POLIWAL'SHIK: folds 
VilpPS: raises $0.06 to $0.08
frosa9397: folds 
kio_kkk: folds 
witch2bet: folds 
Dorex2007: folds 
5hevelev: calls $0.06
*** FLOP *** [2c 7h 2s]
5hevelev: checks 
VilpPS: bets $0.27
5hevelev: folds 
Uncalled bet ($0.27) returned to VilpPS
VilpPS collected $0.18 from pot
VilpPS: doesn't show hand 
*** SUMMARY ***
Total pot $0.19 | Rake $0.01 
Board [2c 7h 2s]
Seat 1: witch2bet (small blind) folded before Flop
Seat 2: Dorex2007 (big blind) folded before Flop
Seat 4: 5hevelev folded on the Flop
Seat 5: Jsomzz888 folded before Flop (didn't bet)
Seat 6: POLIWAL'SHIK folded before Flop (didn't bet)
Seat 7: VilpPS collected ($0.18)
Seat 8: frosa9397 folded before Flop (didn't bet)
Seat 9: kio_kkk (button) folded before Flop (didn't bet)



PokerStars Hand #223974572901:  Hold'em No Limit ($0.01/$0.02 USD) - 2021/02/18 20:19:56 PT [2021/02/18 23:19:56 ET]
Table 'Lycomedes VI' 9-max Seat #1 is the button
Seat 1: witch2bet ($1.15 in chips) 
Seat 2: Dorex2007 ($5.14 in chips) 
Seat 4: 5hevelev ($0.56 in chips) 
Seat 5: Jsomzz888 ($3.48 in chips) 
Seat 6: POLIWAL'SHIK ($5.22 in chips) 
Seat 7: VilpPS ($2.10 in chips) 
Seat 8: frosa9397 ($2.41 in chips) 
Seat 9: kio_kkk ($1.09 in chips) 
Dorex2007: posts small blind $0.01
5hevelev: posts big blind $0.02
*** HOLE CARDS ***
Dealt to Dorex2007 [8s Kc]
Jsomzz888: folds 
POLIWAL'SHIK: calls $0.02
VilpPS: folds 
frosa9397: calls $0.02
kio_kkk: calls $0.02
witch2bet: calls $0.02
Dorex2007: calls $0.01
5hevelev: checks 
*** FLOP *** [7s Ac 4s]
Dorex2007: checks 
5hevelev: checks 
POLIWAL'SHIK: bets $0.02
frosa9397: raises $0.08 to $0.10
kio_kkk: folds 
witch2bet: folds 
Dorex2007: folds 
5hevelev: folds 
POLIWAL'SHIK: calls $0.08
*** TURN *** [7s Ac 4s] [9h]
POLIWAL'SHIK: bets $0.02
frosa9397: raises $0.18 to $0.20
POLIWAL'SHIK: calls $0.18
*** RIVER *** [7s Ac 4s 9h] [Js]
POLIWAL'SHIK: checks 
frosa9397: checks 
*** SHOW DOWN ***
POLIWAL'SHIK: shows [As 5h] (a pair of Aces)
frosa9397: shows [4d Ad] (two pair, Aces and Fours)
frosa9397 collected $0.69 from pot
*** SUMMARY ***
Total pot $0.72 | Rake $0.03 
Board [7s Ac 4s 9h Js]
Seat 1: witch2bet (button) folded on the Flop
Seat 2: Dorex2007 (small blind) folded on the Flop
Seat 4: 5hevelev (big blind) folded on the Flop
Seat 5: Jsomzz888 folded before Flop (didn't bet)
Seat 6: POLIWAL'SHIK showed [As 5h] and lost with a pair of Aces
Seat 7: VilpPS folded before Flop (didn't bet)
Seat 8: frosa9397 showed [4d Ad] and won ($0.69) with two pair, Aces and Fours
Seat 9: kio_kkk folded on the Flop



PokerStars Hand #223974610455:  Hold'em No Limit ($0.01/$0.02 USD) - 2021/02/18 20:21:45 PT [2021/02/18 23:21:45 ET]
Table 'Lycomedes VI' 9-max Seat #2 is the button
Seat 1: witch2bet ($1.13 in chips) 
Seat 2: Dorex2007 ($5.12 in chips) 
Seat 4: 5hevelev ($0.54 in chips) 
Seat 5: Jsomzz888 ($3.48 in chips) 
Seat 6: POLIWAL'SHIK ($4.90 in chips) 
Seat 7: VilpPS ($2.10 in chips) 
Seat 8: frosa9397 ($2.78 in chips) 
Seat 9: kio_kkk ($1.07 in chips) 
5hevelev: posts small blind $0.01
Jsomzz888: posts big blind $0.02
*** HOLE CARDS ***
Dealt to Dorex2007 [8s 7h]
POLIWAL'SHIK: folds 
VilpPS: folds 
frosa9397: folds 
kio_kkk: folds 
witch2bet: folds 
Dorex2007: folds 
5hevelev: calls $0.01
Jsomzz888: checks 
*** FLOP *** [8d Ts Ks]
5hevelev: bets $0.02
Jsomzz888: calls $0.02
*** TURN *** [8d Ts Ks] [4d]
5hevelev: bets $0.04
Jsomzz888: calls $0.04
*** RIVER *** [8d Ts Ks 4d] [Jc]
5hevelev: bets $0.06
Jsomzz888: calls $0.06
*** SHOW DOWN ***
5hevelev: shows [Kc 2d] (a pair of Kings)
Jsomzz888: mucks hand 
5hevelev collected $0.27 from pot
*** SUMMARY ***
Total pot $0.28 | Rake $0.01 
Board [8d Ts Ks 4d Jc]
Seat 1: witch2bet folded before Flop (didn't bet)
Seat 2: Dorex2007 (button) folded before Flop (didn't bet)
Seat 4: 5hevelev (small blind) showed [Kc 2d] and won ($0.27) with a pair of Kings
Seat 5: Jsomzz888 (big blind) mucked [Qd Jd]
Seat 6: POLIWAL'SHIK folded before Flop (didn't bet)
Seat 7: VilpPS folded before Flop (didn't bet)
Seat 8: frosa9397 folded before Flop (didn't bet)
Seat 9: kio_kkk folded before Flop (didn't bet)



PokerStars Hand #223974624380:  Hold'em No Limit ($0.01/$0.02 USD) - 2021/02/18 20:22:38 PT [2021/02/18 23:22:38 ET]
Table 'Lycomedes VI' 9-max Seat #4 is the button
Seat 1: witch2bet ($1.13 in chips) 
Seat 2: Dorex2007 ($5.12 in chips) 
Seat 4: 5hevelev ($0.67 in chips) 
Seat 5: Jsomzz888 ($3.34 in chips) 
Seat 6: POLIWAL'SHIK ($4.90 in chips) 
Seat 7: VilpPS ($2.10 in chips) 
Seat 8: frosa9397 ($2.78 in chips) 
Seat 9: kio_kkk ($1.07 in chips) 
Jsomzz888: posts small blind $0.01
POLIWAL'SHIK: posts big blind $0.02
*** HOLE CARDS ***
Dealt to Dorex2007 [Qh 4d]
SrO157 was removed from the table for failing to post
SrO157 leaves the table
VilpPS: folds 
frosa9397: folds 
VictorSamp joins the table at seat #3 
kio_kkk: folds 
witch2bet: folds 
Dorex2007: folds 
5hevelev: folds 
Jsomzz888: raises $0.04 to $0.06
POLIWAL'SHIK: calls $0.04
*** FLOP *** [Qd Kd Qs]
Jsomzz888: bets $0.06
POLIWAL'SHIK: calls $0.06
*** TURN *** [Qd Kd Qs] [Ts]
Jsomzz888: bets $0.06
POLIWAL'SHIK: calls $0.06
*** RIVER *** [Qd Kd Qs Ts] [Tc]
Jsomzz888: checks 
POLIWAL'SHIK: bets $0.08
Jsomzz888: calls $0.08
*** SHOW DOWN ***
POLIWAL'SHIK: shows [Th 9h] (a full house, Tens full of Queens)
Jsomzz888: mucks hand 
POLIWAL'SHIK collected $0.50 from pot
*** SUMMARY ***
Total pot $0.52 | Rake $0.02 
Board [Qd Kd Qs Ts Tc]
Seat 1: witch2bet folded before Flop (didn't bet)
Seat 2: Dorex2007 folded before Flop (didn't bet)
Seat 4: 5hevelev (button) folded before Flop (didn't bet)
Seat 5: Jsomzz888 (small blind) mucked [7c Ks]
Seat 6: POLIWAL'SHIK (big blind) showed [Th 9h] and won ($0.50) with a full house, Tens full of Queens
Seat 7: VilpPS folded before Flop (didn't bet)
Seat 8: frosa9397 folded before Flop (didn't bet)
Seat 9: kio_kkk folded before Flop (didn't bet)



PokerStars Hand #223974636964:  Hold'em No Limit ($0.01/$0.02 USD) - 2021/02/18 20:23:27 PT [2021/02/18 23:23:27 ET]
Table 'Lycomedes VI' 9-max Seat #5 is the button
Seat 1: witch2bet ($1.13 in chips) 
Seat 2: Dorex2007 ($5.12 in chips) 
Seat 3: VictorSamp ($2 in chips) 
Seat 4: 5hevelev ($0.67 in chips) 
Seat 5: Jsomzz888 ($3.08 in chips) 
Seat 6: POLIWAL'SHIK ($5.14 in chips) 
Seat 7: VilpPS ($2.10 in chips) 
Seat 8: frosa9397 ($2.78 in chips) 
Seat 9: kio_kkk ($1.07 in chips) 
POLIWAL'SHIK: posts small blind $0.01
VilpPS: posts big blind $0.02
VictorSamp: posts big blind $0.02
*** HOLE CARDS ***
Dealt to Dorex2007 [7c 3h]
frosa9397: calls $0.02
kio_kkk: calls $0.02
witch2bet: folds 
Dorex2007: folds 
VictorSamp: checks 
5hevelev: folds 
Jsomzz888: calls $0.02
POLIWAL'SHIK: calls $0.01
VilpPS: checks 
*** FLOP *** [7s Ac 5d]
POLIWAL'SHIK: bets $0.02
VilpPS: calls $0.02
frosa9397: calls $0.02
kio_kkk: calls $0.02
VictorSamp: folds 
Jsomzz888: folds 
*** TURN *** [7s Ac 5d] [Tc]
POLIWAL'SHIK: bets $0.02
VilpPS: calls $0.02
frosa9397: folds 
kio_kkk: calls $0.02
*** RIVER *** [7s Ac 5d Tc] [8c]
POLIWAL'SHIK: bets $0.02
VilpPS: calls $0.02
kio_kkk: calls $0.02
*** SHOW DOWN ***
POLIWAL'SHIK: shows [As 2c] (a pair of Aces)
VilpPS: shows [Ad 3d] (a pair of Aces)
kio_kkk: mucks hand 
POLIWAL'SHIK collected $0.16 from pot
VilpPS collected $0.15 from pot
*** SUMMARY ***
Total pot $0.32 | Rake $0.01 
Board [7s Ac 5d Tc 8c]
Seat 1: witch2bet folded before Flop (didn't bet)
Seat 2: Dorex2007 folded before Flop (didn't bet)
Seat 3: VictorSamp folded on the Flop (didn't bet)
Seat 4: 5hevelev folded before Flop (didn't bet)
Seat 5: Jsomzz888 (button) folded on the Flop
Seat 6: POLIWAL'SHIK (small blind) showed [As 2c] and won ($0.16) with a pair of Aces
Seat 7: VilpPS (big blind) showed [Ad 3d] and won ($0.15) with a pair of Aces
Seat 8: frosa9397 folded on the Turn
Seat 9: kio_kkk mucked [Jc Jh]



PokerStars Hand #223974656229:  Hold'em No Limit ($0.01/$0.02 USD) - 2021/02/18 20:24:42 PT [2021/02/18 23:24:42 ET]
Table 'Lycomedes VI' 9-max Seat #6 is the button
Seat 1: witch2bet ($1.13 in chips) 
Seat 2: Dorex2007 ($5.12 in chips) 
Seat 3: VictorSamp ($1.98 in chips) 
Seat 4: 5hevelev ($0.67 in chips) 
Seat 5: Jsomzz888 ($3.06 in chips) 
Seat 6: POLIWAL'SHIK ($5.22 in chips) 
Seat 7: VilpPS ($2.17 in chips) 
Seat 8: frosa9397 ($2.74 in chips) 
Seat 9: kio_kkk ($0.99 in chips) 
VilpPS: posts small blind $0.01
frosa9397: posts big blind $0.02
*** HOLE CARDS ***
Dealt to Dorex2007 [Ac Kh]
kio_kkk: folds 
witch2bet: folds 
Dorex2007: raises $0.06 to $0.08
VictorSamp has timed out
VictorSamp: folds 
5hevelev: folds 
Jsomzz888: folds 
POLIWAL'SHIK: folds 
VilpPS: calls $0.07
frosa9397: folds 
*** FLOP *** [8d 9d 2d]
VilpPS: checks 
Dorex2007: bets $0.17
VilpPS: calls $0.17
*** TURN *** [8d 9d 2d] [3d]
VilpPS: bets $0.25
Dorex2007: folds 
Uncalled bet ($0.25) returned to VilpPS
VilpPS collected $0.50 from pot
VilpPS: doesn't show hand 
*** SUMMARY ***
Total pot $0.52 | Rake $0.02 
Board [8d 9d 2d 3d]
Seat 1: witch2bet folded before Flop (didn't bet)
Seat 2: Dorex2007 folded on the Turn
Seat 3: VictorSamp folded before Flop (didn't bet)
Seat 4: 5hevelev folded before Flop (didn't bet)
Seat 5: Jsomzz888 folded before Flop (didn't bet)
Seat 6: POLIWAL'SHIK (button) folded before Flop (didn't bet)
Seat 7: VilpPS (small blind) collected ($0.50)
Seat 8: frosa9397 (big blind) folded before Flop
Seat 9: kio_kkk folded before Flop (didn't bet)



PokerStars Hand #223974680905:  Hold'em No Limit ($0.01/$0.02 USD) - 2021/02/18 20:25:47 PT [2021/02/18 23:25:47 ET]
Table 'Lycomedes VI' 9-max Seat #7 is the button
Seat 1: witch2bet ($1.13 in chips) 
Seat 2: Dorex2007 ($4.87 in chips) 
Seat 3: VictorSamp ($1.98 in chips) 
Seat 4: 5hevelev ($0.67 in chips) 
Seat 5: Jsomzz888 ($3.06 in chips) 
Seat 6: POLIWAL'SHIK ($5.22 in chips) 
Seat 7: VilpPS ($2.42 in chips) 
Seat 8: frosa9397 ($2.72 in chips) 
Seat 9: kio_kkk ($0.99 in chips) 
frosa9397: posts small blind $0.01
kio_kkk: posts big blind $0.02
*** HOLE CARDS ***
Dealt to Dorex2007 [Kc 6h]
witch2bet: calls $0.02
Dorex2007: folds 
VictorSamp: calls $0.02
5hevelev: raises $0.05 to $0.07
Jsomzz888 has timed out
Jsomzz888: folds 
POLIWAL'SHIK: calls $0.07
VilpPS: folds 
VilpPS leaves the table
frosa9397: folds 
kio_kkk: calls $0.05
schop.ot.14 joins the table at seat #7 
witch2bet: calls $0.05
VictorSamp: folds 
*** FLOP *** [Th Ks 5c]
kio_kkk: checks 
witch2bet: checks 
5hevelev: bets $0.05
POLIWAL'SHIK: calls $0.05
kio_kkk: folds 
witch2bet: folds 
*** TURN *** [Th Ks 5c] [Jh]
5hevelev: bets $0.15
POLIWAL'SHIK: calls $0.15
*** RIVER *** [Th Ks 5c Jh] [6s]
5hevelev: bets $0.28
POLIWAL'SHIK: folds 
Uncalled bet ($0.28) returned to 5hevelev
5hevelev collected $0.69 from pot
5hevelev: doesn't show hand 
*** SUMMARY ***
Total pot $0.71 | Rake $0.02 
Board [Th Ks 5c Jh 6s]
Seat 1: witch2bet folded on the Flop
Seat 2: Dorex2007 folded before Flop (didn't bet)
Seat 3: VictorSamp folded before Flop
Seat 4: 5hevelev collected ($0.69)
Seat 5: Jsomzz888 folded before Flop (didn't bet)
Seat 6: POLIWAL'SHIK folded on the River
Seat 7: VilpPS (button) folded before Flop (didn't bet)
Seat 8: frosa9397 (small blind) folded before Flop
Seat 9: kio_kkk (big blind) folded on the Flop



PokerStars Hand #223974711057:  Hold'em No Limit ($0.01/$0.02 USD) - 2021/02/18 20:27:45 PT [2021/02/18 23:27:45 ET]
Table 'Lycomedes VI' 9-max Seat #8 is the button
Seat 1: witch2bet ($1.06 in chips) 
Seat 2: Dorex2007 ($4.87 in chips) 
Seat 3: VictorSamp ($1.96 in chips) 
Seat 4: 5hevelev ($1.09 in chips) 
Seat 5: Jsomzz888 ($3.06 in chips) 
Seat 6: POLIWAL'SHIK ($4.95 in chips) 
Seat 7: schop.ot.14 ($2 in chips) 
Seat 8: frosa9397 ($2.71 in chips) 
Seat 9: kio_kkk ($0.92 in chips) 
kio_kkk: posts small blind $0.01
witch2bet: posts big blind $0.02
schop.ot.14: posts big blind $0.02
*** HOLE CARDS ***
Dealt to Dorex2007 [5h 9h]
Dorex2007: folds 
VictorSamp: raises $0.07 to $0.09
5hevelev has timed out
5hevelev: folds 
Jsomzz888: folds 
POLIWAL'SHIK: calls $0.09
schop.ot.14: folds 
frosa9397: folds 
kio_kkk: calls $0.08
witch2bet: folds 
*** FLOP *** [Ah 3s 6h]
kio_kkk: checks 
VictorSamp: bets $0.15
POLIWAL'SHIK: calls $0.15
kio_kkk: folds 
*** TURN *** [Ah 3s 6h] [3d]
VictorSamp: bets $0.29
POLIWAL'SHIK: calls $0.29
*** RIVER *** [Ah 3s 6h 3d] [7s]
VictorSamp: bets $1.43 and is all-in
POLIWAL'SHIK: folds 
Uncalled bet ($1.43) returned to VictorSamp
VictorSamp collected $1.15 from pot
VictorSamp: doesn't show hand 
*** SUMMARY ***
Total pot $1.19 | Rake $0.04 
Board [Ah 3s 6h 3d 7s]
Seat 1: witch2bet (big blind) folded before Flop
Seat 2: Dorex2007 folded before Flop (didn't bet)
Seat 3: VictorSamp collected ($1.15)
Seat 4: 5hevelev folded before Flop (didn't bet)
Seat 5: Jsomzz888 folded before Flop (didn't bet)
Seat 6: POLIWAL'SHIK folded on the River
Seat 7: schop.ot.14 folded before Flop (didn't bet)
Seat 8: frosa9397 (button) folded before Flop (didn't bet)
Seat 9: kio_kkk (small blind) folded on the Flop



PokerStars Hand #223974732366:  Hold'em No Limit ($0.01/$0.02 USD) - 2021/02/18 20:29:09 PT [2021/02/18 23:29:09 ET]
Table 'Lycomedes VI' 9-max Seat #9 is the button
Seat 1: witch2bet ($1.04 in chips) 
Seat 2: Dorex2007 ($4.87 in chips) 
Seat 3: VictorSamp ($2.58 in chips) 
Seat 4: 5hevelev ($1.09 in chips) 
Seat 5: Jsomzz888 ($3.06 in chips) 
Seat 6: POLIWAL'SHIK ($4.42 in chips) 
Seat 7: schop.ot.14 ($1.98 in chips) 
Seat 8: frosa9397 ($2.71 in chips) 
Seat 9: kio_kkk ($0.83 in chips) 
witch2bet: posts small blind $0.01
Dorex2007: posts big blind $0.02
*** HOLE CARDS ***
Dealt to Dorex2007 [Jc 7d]
VictorSamp: folds 
5hevelev has timed out
5hevelev: folds 
Jsomzz888: folds 
POLIWAL'SHIK: calls $0.02
schop.ot.14: calls $0.02
frosa9397: folds 
kio_kkk: folds 
witch2bet: raises $0.04 to $0.06
Dorex2007: folds 
POLIWAL'SHIK: calls $0.04
schop.ot.14: calls $0.04
*** FLOP *** [4s Ac 9d]
witch2bet: checks 
POLIWAL'SHIK: checks 
schop.ot.14: checks 
*** TURN *** [4s Ac 9d] [Ad]
witch2bet: bets $0.04
POLIWAL'SHIK: folds 
schop.ot.14: folds 
Uncalled bet ($0.04) returned to witch2bet
witch2bet collected $0.19 from pot
witch2bet: doesn't show hand 
*** SUMMARY ***
Total pot $0.20 | Rake $0.01 
Board [4s Ac 9d Ad]
Seat 1: witch2bet (small blind) collected ($0.19)
Seat 2: Dorex2007 (big blind) folded before Flop
Seat 3: VictorSamp folded before Flop (didn't bet)
Seat 4: 5hevelev folded before Flop (didn't bet)
Seat 5: Jsomzz888 folded before Flop (didn't bet)
Seat 6: POLIWAL'SHIK folded on the Turn
Seat 7: schop.ot.14 folded on the Turn
Seat 8: frosa9397 folded before Flop (didn't bet)
Seat 9: kio_kkk (button) folded before Flop (didn't bet)



PokerStars Hand #223974751023:  Hold'em No Limit ($0.01/$0.02 USD) - 2021/02/18 20:30:23 PT [2021/02/18 23:30:23 ET]
Table 'Lycomedes VI' 9-max Seat #1 is the button
Seat 1: witch2bet ($1.17 in chips) 
Seat 2: Dorex2007 ($4.85 in chips) 
Seat 3: VictorSamp ($2.58 in chips) 
Seat 4: 5hevelev ($1.09 in chips) 
Seat 5: Jsomzz888 ($3.06 in chips) 
Seat 6: POLIWAL'SHIK ($4.36 in chips) 
Seat 7: schop.ot.14 ($1.92 in chips) 
Seat 8: frosa9397 ($2.71 in chips) 
Seat 9: kio_kkk ($0.83 in chips) 
Dorex2007: posts small blind $0.01
VictorSamp: posts big blind $0.02
*** HOLE CARDS ***
Dealt to Dorex2007 [6s 7s]
5hevelev: raises $0.02 to $0.04
Jsomzz888: folds 
Jsomzz888 leaves the table
POLIWAL'SHIK: folds 
schop.ot.14: calls $0.04
frosa9397: folds 
Mr_Merlis joins the table at seat #5 
kio_kkk: folds 
witch2bet: folds 
Dorex2007: calls $0.03
VictorSamp: folds 
*** FLOP *** [Td 9s 5d]
Dorex2007: checks 
5hevelev: checks 
schop.ot.14: bets $0.07
Dorex2007: folds 
5hevelev: calls $0.07
*** TURN *** [Td 9s 5d] [2h]
5hevelev: checks 
schop.ot.14: checks 
*** RIVER *** [Td 9s 5d 2h] [8c]
5hevelev: bets $0.23
schop.ot.14: folds 
Uncalled bet ($0.23) returned to 5hevelev
5hevelev collected $0.27 from pot
5hevelev: doesn't show hand 
*** SUMMARY ***
Total pot $0.28 | Rake $0.01 
Board [Td 9s 5d 2h 8c]
Seat 1: witch2bet (button) folded before Flop (didn't bet)
Seat 2: Dorex2007 (small blind) folded on the Flop
Seat 3: VictorSamp (big blind) folded before Flop
Seat 4: 5hevelev collected ($0.27)
Seat 5: Jsomzz888 folded before Flop (didn't bet)
Seat 6: POLIWAL'SHIK folded before Flop (didn't bet)
Seat 7: schop.ot.14 folded on the River
Seat 8: frosa9397 folded before Flop (didn't bet)
Seat 9: kio_kkk folded before Flop (didn't bet)



PokerStars Hand #223974777070:  Hold'em No Limit ($0.01/$0.02 USD) - 2021/02/18 20:31:40 PT [2021/02/18 23:31:40 ET]
Table 'Lycomedes VI' 9-max Seat #2 is the button
Seat 1: witch2bet ($1.17 in chips) 
Seat 2: Dorex2007 ($4.81 in chips) 
Seat 3: VictorSamp ($2.56 in chips) 
Seat 4: 5hevelev ($1.25 in chips) 
Seat 6: POLIWAL'SHIK ($4.36 in chips) 
Seat 7: schop.ot.14 ($1.81 in chips) 
Seat 8: frosa9397 ($2.71 in chips) 
Seat 9: kio_kkk ($0.83 in chips) 
VictorSamp: posts small blind $0.01
5hevelev: posts big blind $0.02
Mr_Merlis: sits out 
*** HOLE CARDS ***
Dealt to Dorex2007 [6c 5s]
POLIWAL'SHIK: calls $0.02
schop.ot.14: folds 
frosa9397: folds 
kio_kkk: folds 
witch2bet: folds 
Dorex2007: folds 
VictorSamp: folds 
5hevelev: checks 
*** FLOP *** [Js Jc Qh]
5hevelev: checks 
POLIWAL'SHIK: bets $0.02
5hevelev: folds 
Uncalled bet ($0.02) returned to POLIWAL'SHIK
POLIWAL'SHIK collected $0.05 from pot
*** SUMMARY ***
Total pot $0.05 | Rake $0 
Board [Js Jc Qh]
Seat 1: witch2bet folded before Flop (didn't bet)
Seat 2: Dorex2007 (button) folded before Flop (didn't bet)
Seat 3: VictorSamp (small blind) folded before Flop
Seat 4: 5hevelev (big blind) folded on the Flop
Seat 6: POLIWAL'SHIK collected ($0.05)
Seat 7: schop.ot.14 folded before Flop (didn't bet)
Seat 8: frosa9397 folded before Flop (didn't bet)
Seat 9: kio_kkk folded before Flop (didn't bet)



PokerStars Hand #223974788920:  Hold'em No Limit ($0.01/$0.02 USD) - 2021/02/18 20:32:28 PT [2021/02/18 23:32:28 ET]
Table 'Lycomedes VI' 9-max Seat #3 is the button
Seat 1: witch2bet ($1.17 in chips) 
Seat 2: Dorex2007 ($4.81 in chips) 
Seat 3: VictorSamp ($2.55 in chips) 
Seat 4: 5hevelev ($1.23 in chips) 
Seat 5: Mr_Merlis ($2 in chips) 
Seat 6: POLIWAL'SHIK ($4.39 in chips) 
Seat 7: schop.ot.14 ($1.81 in chips) 
Seat 8: frosa9397 ($2.71 in chips) 
Seat 9: kio_kkk ($0.83 in chips) 
5hevelev: posts small blind $0.01
Mr_Merlis: posts big blind $0.02
*** HOLE CARDS ***
Dealt to Dorex2007 [9c Tc]
POLIWAL'SHIK: calls $0.02
schop.ot.14: folds 
frosa9397: folds 
kio_kkk: folds 
witch2bet: folds 
Dorex2007: calls $0.02
VictorSamp: calls $0.02
5hevelev: folds 
Mr_Merlis: checks 
*** FLOP *** [7s Qh 9s]
Mr_Merlis: checks 
POLIWAL'SHIK: checks 
Dorex2007: bets $0.09
VictorSamp: folds 
Mr_Merlis: folds 
POLIWAL'SHIK: folds 
Uncalled bet ($0.09) returned to Dorex2007
Dorex2007 collected $0.09 from pot
Dorex2007: doesn't show hand 
*** SUMMARY ***
Total pot $0.09 | Rake $0 
Board [7s Qh 9s]
Seat 1: witch2bet folded before Flop (didn't bet)
Seat 2: Dorex2007 collected ($0.09)
Seat 3: VictorSamp (button) folded on the Flop
Seat 4: 5hevelev (small blind) folded before Flop
Seat 5: Mr_Merlis (big blind) folded on the Flop
Seat 6: POLIWAL'SHIK folded on the Flop
Seat 7: schop.ot.14 folded before Flop (didn't bet)
Seat 8: frosa9397 folded before Flop (didn't bet)
Seat 9: kio_kkk folded before Flop (didn't bet)



PokerStars Hand #223974803211:  Hold'em No Limit ($0.01/$0.02 USD) - 2021/02/18 20:33:25 PT [2021/02/18 23:33:25 ET]
Table 'Lycomedes VI' 9-max Seat #4 is the button
Seat 1: witch2bet ($1.17 in chips) 
Seat 2: Dorex2007 ($4.88 in chips) 
Seat 3: VictorSamp ($2.53 in chips) 
Seat 4: 5hevelev ($1.22 in chips) 
Seat 5: Mr_Merlis ($1.98 in chips) 
Seat 6: POLIWAL'SHIK ($4.37 in chips) 
Seat 7: schop.ot.14 ($1.81 in chips) 
Seat 8: frosa9397 ($2.71 in chips) 
Seat 9: kio_kkk ($0.83 in chips) 
Mr_Merlis: posts small blind $0.01
POLIWAL'SHIK: posts big blind $0.02
*** HOLE CARDS ***
Dealt to Dorex2007 [4d 2d]
schop.ot.14: folds 
frosa9397: folds 
kio_kkk: folds 
witch2bet: calls $0.02
Dorex2007: folds 
VictorSamp: folds 
5hevelev: calls $0.02
Mr_Merlis: folds 
POLIWAL'SHIK: checks 
*** FLOP *** [5c 7c 7s]
POLIWAL'SHIK: checks 
witch2bet: checks 
5hevelev: bets $0.02
POLIWAL'SHIK: calls $0.02
witch2bet: calls $0.02
*** TURN *** [5c 7c 7s] [Qh]
POLIWAL'SHIK: checks 
witch2bet: checks 
5hevelev: bets $0.04
POLIWAL'SHIK: calls $0.04
witch2bet: folds 
*** RIVER *** [5c 7c 7s Qh] [Qc]
POLIWAL'SHIK: checks 
5hevelev: bets $0.14
POLIWAL'SHIK: folds 
Uncalled bet ($0.14) returned to 5hevelev
5hevelev collected $0.20 from pot
5hevelev: doesn't show hand 
*** SUMMARY ***
Total pot $0.21 | Rake $0.01 
Board [5c 7c 7s Qh Qc]
Seat 1: witch2bet folded on the Turn
Seat 2: Dorex2007 folded before Flop (didn't bet)
Seat 3: VictorSamp folded before Flop (didn't bet)
Seat 4: 5hevelev (button) collected ($0.20)
Seat 5: Mr_Merlis (small blind) folded before Flop
Seat 6: POLIWAL'SHIK (big blind) folded on the River
Seat 7: schop.ot.14 folded before Flop (didn't bet)
Seat 8: frosa9397 folded before Flop (didn't bet)
Seat 9: kio_kkk folded before Flop (didn't bet)



PokerStars Hand #223974823408:  Hold'em No Limit ($0.01/$0.02 USD) - 2021/02/18 20:34:46 PT [2021/02/18 23:34:46 ET]
Table 'Lycomedes VI' 9-max Seat #5 is the button
Seat 1: witch2bet ($1.13 in chips) 
Seat 2: Dorex2007 ($4.88 in chips) 
Seat 3: VictorSamp ($2.53 in chips) 
Seat 4: 5hevelev ($1.34 in chips) 
Seat 5: Mr_Merlis ($1.97 in chips) 
Seat 6: POLIWAL'SHIK ($4.29 in chips) 
Seat 7: schop.ot.14 ($1.81 in chips) 
Seat 8: frosa9397 ($2.71 in chips) 
Seat 9: kio_kkk ($0.83 in chips) 
POLIWAL'SHIK: posts small blind $0.01
schop.ot.14: posts big blind $0.02
*** HOLE CARDS ***
Dealt to Dorex2007 [Kd Ts]
frosa9397: folds 
kio_kkk: folds 
witch2bet: folds 
Dorex2007: calls $0.02
VictorSamp: calls $0.02
5hevelev: folds 
Mr_Merlis: folds 
POLIWAL'SHIK: calls $0.01
schop.ot.14: checks 
*** FLOP *** [As 8d Kc]
POLIWAL'SHIK: checks 
schop.ot.14: checks 
Dorex2007: bets $0.08
VictorSamp: folds 
POLIWAL'SHIK: folds 
schop.ot.14 has timed out
schop.ot.14: folds 
Uncalled bet ($0.08) returned to Dorex2007
Dorex2007 collected $0.08 from pot
Dorex2007: doesn't show hand 
*** SUMMARY ***
Total pot $0.08 | Rake $0 
Board [As 8d Kc]
Seat 1: witch2bet folded before Flop (didn't bet)
Seat 2: Dorex2007 collected ($0.08)
Seat 3: VictorSamp folded on the Flop
Seat 4: 5hevelev folded before Flop (didn't bet)
Seat 5: Mr_Merlis (button) folded before Flop (didn't bet)
Seat 6: POLIWAL'SHIK (small blind) folded on the Flop
Seat 7: schop.ot.14 (big blind) folded on the Flop
Seat 8: frosa9397 folded before Flop (didn't bet)
Seat 9: kio_kkk folded before Flop (didn't bet)



PokerStars Hand #223974843208:  Hold'em No Limit ($0.01/$0.02 USD) - 2021/02/18 20:36:07 PT [2021/02/18 23:36:07 ET]
Table 'Lycomedes VI' 9-max Seat #6 is the button
Seat 1: witch2bet ($1.13 in chips) 
Seat 2: Dorex2007 ($4.94 in chips) 
Seat 3: VictorSamp ($2.51 in chips) 
Seat 4: 5hevelev ($1.34 in chips) 
Seat 5: Mr_Merlis ($1.97 in chips) 
Seat 6: POLIWAL'SHIK ($4.27 in chips) 
Seat 7: schop.ot.14 ($1.79 in chips) 
Seat 8: frosa9397 ($2.71 in chips) 
Seat 9: kio_kkk ($0.83 in chips) 
schop.ot.14: posts small blind $0.01
frosa9397: posts big blind $0.02
*** HOLE CARDS ***
Dealt to Dorex2007 [5d Ks]
kio_kkk: folds 
witch2bet: folds 
Dorex2007 said, "that was anti-climatic"
Dorex2007: folds 
VictorSamp: raises $0.05 to $0.07
5hevelev: calls $0.07
Mr_Merlis: folds 
POLIWAL'SHIK: calls $0.07
schop.ot.14: folds 
frosa9397: folds 
*** FLOP *** [Qc Kc 5c]
VictorSamp: bets $0.23
5hevelev: calls $0.23
POLIWAL'SHIK: calls $0.23
*** TURN *** [Qc Kc 5c] [4c]
VictorSamp: bets $0.90
5hevelev: raises $0.14 to $1.04 and is all-in
POLIWAL'SHIK: folds 
VictorSamp: folds 
Uncalled bet ($0.14) returned to 5hevelev
5hevelev collected $2.63 from pot
5hevelev: doesn't show hand 
*** SUMMARY ***
Total pot $2.73 | Rake $0.10 
Board [Qc Kc 5c 4c]
Seat 1: witch2bet folded before Flop (didn't bet)
Seat 2: Dorex2007 folded before Flop (didn't bet)
Seat 3: VictorSamp folded on the Turn
Seat 4: 5hevelev collected ($2.63)
Seat 5: Mr_Merlis folded before Flop (didn't bet)
Seat 6: POLIWAL'SHIK (button) folded on the Turn
Seat 7: schop.ot.14 (small blind) folded before Flop
Seat 8: frosa9397 (big blind) folded before Flop
Seat 9: kio_kkk folded before Flop (didn't bet)



PokerStars Hand #223974860759:  Hold'em No Limit ($0.01/$0.02 USD) - 2021/02/18 20:37:19 PT [2021/02/18 23:37:19 ET]
Table 'Lycomedes VI' 9-max Seat #7 is the button
Seat 1: witch2bet ($1.13 in chips) 
Seat 2: Dorex2007 ($4.94 in chips) 
Seat 3: VictorSamp ($1.31 in chips) 
Seat 4: 5hevelev ($2.77 in chips) 
Seat 5: Mr_Merlis ($1.97 in chips) 
Seat 6: POLIWAL'SHIK ($3.97 in chips) 
Seat 7: schop.ot.14 ($1.78 in chips) 
Seat 8: frosa9397 ($2.69 in chips) 
Seat 9: kio_kkk ($0.83 in chips) 
frosa9397: posts small blind $0.01
kio_kkk: posts big blind $0.02
*** HOLE CARDS ***
Dealt to Dorex2007 [Ad 7c]
witch2bet: calls $0.02
Dorex2007: folds 
VictorSamp: calls $0.02
5hevelev: calls $0.02
Mr_Merlis: folds 
POLIWAL'SHIK: calls $0.02
schop.ot.14: calls $0.02
frosa9397: calls $0.01
kio_kkk: checks 
*** FLOP *** [9s Td 8s]
frosa9397: checks 
kio_kkk: checks 
witch2bet: checks 
VictorSamp: bets $0.14
5hevelev: calls $0.14
POLIWAL'SHIK: folds 
schop.ot.14: calls $0.14
frosa9397: calls $0.14
kio_kkk: calls $0.14
witch2bet: calls $0.14
*** TURN *** [9s Td 8s] [2d]
frosa9397: checks 
kio_kkk: checks 
witch2bet: checks 
VictorSamp: bets $1.15 and is all-in
5hevelev: folds 
schop.ot.14: folds 
frosa9397: folds 
kio_kkk: calls $0.67 and is all-in
witch2bet: folds 
Uncalled bet ($0.48) returned to VictorSamp
*** RIVER *** [9s Td 8s 2d] [Qc]
*** SHOW DOWN ***
kio_kkk: shows [Th Qs] (two pair, Queens and Tens)
VictorSamp: shows [7h 6h] (a straight, Six to Ten)
VictorSamp collected $2.24 from pot
kio_kkk cashed out the hand for $0.21
*** SUMMARY ***
Total pot $2.32 | Rake $0.08 
Board [9s Td 8s 2d Qc]
Seat 1: witch2bet folded on the Turn
Seat 2: Dorex2007 folded before Flop (didn't bet)
Seat 3: VictorSamp showed [7h 6h] and won ($2.24) with a straight, Six to Ten
Seat 4: 5hevelev folded on the Turn
Seat 5: Mr_Merlis folded before Flop (didn't bet)
Seat 6: POLIWAL'SHIK folded on the Flop
Seat 7: schop.ot.14 (button) folded on the Turn
Seat 8: frosa9397 (small blind) folded on the Turn
Seat 9: kio_kkk (big blind) showed [Th Qs] and lost with two pair, Queens and Tens (cashed out).



PokerStars Hand #223974914168:  Hold'em No Limit ($0.01/$0.02 USD) - 2021/02/18 20:40:19 PT [2021/02/18 23:40:19 ET]
Table 'Lycomedes VI' 9-max Seat #8 is the button
Seat 1: witch2bet ($0.97 in chips) 
Seat 2: Dorex2007 ($4.94 in chips) 
Seat 3: VictorSamp ($2.72 in chips) 
Seat 4: 5hevelev ($2.61 in chips) 
Seat 5: Mr_Merlis ($2 in chips) 
Seat 6: POLIWAL'SHIK ($3.95 in chips) 
Seat 7: schop.ot.14 ($1.62 in chips) 
Seat 8: frosa9397 ($2.53 in chips) 
Seat 9: kio_kkk ($0.21 in chips) 
kio_kkk: posts small blind $0.01
witch2bet: posts big blind $0.02
*** HOLE CARDS ***
Dealt to Dorex2007 [Kc 9h]
Dorex2007: folds 
VictorSamp: calls $0.02
5hevelev: raises $0.02 to $0.04
Mr_Merlis: folds 
POLIWAL'SHIK: calls $0.04
schop.ot.14: calls $0.04
frosa9397: folds 
kio_kkk: calls $0.03
witch2bet: calls $0.02
VictorSamp: calls $0.02
*** FLOP *** [Ad 5h 7h]
kio_kkk: checks 
witch2bet: checks 
VictorSamp: bets $0.07
5hevelev: folds 
POLIWAL'SHIK: folds 
schop.ot.14: calls $0.07
kio_kkk: folds 
witch2bet: folds 
*** TURN *** [Ad 5h 7h] [Js]
kio_kkk leaves the table
VictorSamp: bets $0.12
schop.ot.14: calls $0.12
*** RIVER *** [Ad 5h 7h Js] [8s]
VictorSamp: bets $0.60
schop.ot.14: calls $0.60
*** SHOW DOWN ***
VictorSamp: shows [5c 5d] (three of a kind, Fives)
schop.ot.14: mucks hand 
VictorSamp collected $1.76 from pot
*** SUMMARY ***
Total pot $1.82 | Rake $0.06 
Board [Ad 5h 7h Js 8s]
Seat 1: witch2bet (big blind) folded on the Flop
Seat 2: Dorex2007 folded before Flop (didn't bet)
Seat 3: VictorSamp showed [5c 5d] and won ($1.76) with three of a kind, Fives
Seat 4: 5hevelev folded on the Flop
Seat 5: Mr_Merlis folded before Flop (didn't bet)
Seat 6: POLIWAL'SHIK folded on the Flop
Seat 7: schop.ot.14 mucked [Ac Th]
Seat 8: frosa9397 (button) folded before Flop (didn't bet)
Seat 9: kio_kkk (small blind) folded on the Flop



PokerStars Hand #223974933432:  Hold'em No Limit ($0.01/$0.02 USD) - 2021/02/18 20:41:39 PT [2021/02/18 23:41:39 ET]
Table 'Lycomedes VI' 9-max Seat #1 is the button
Seat 1: witch2bet ($0.93 in chips) 
Seat 2: Dorex2007 ($4.94 in chips) 
Seat 3: VictorSamp ($3.65 in chips) 
Seat 4: 5hevelev ($2.57 in chips) 
Seat 5: Mr_Merlis ($2 in chips) 
Seat 6: POLIWAL'SHIK ($3.91 in chips) 
Seat 7: schop.ot.14 ($0.79 in chips) 
Seat 8: frosa9397 ($2.53 in chips) 
Dorex2007: posts small blind $0.01
VictorSamp: posts big blind $0.02
*** HOLE CARDS ***
Dealt to Dorex2007 [6d 7s]
5hevelev: folds 
Mr_Merlis: folds 
POLIWAL'SHIK: calls $0.02
schop.ot.14: calls $0.02
frosa9397: folds 
witch2bet: raises $0.06 to $0.08
Dorex2007: folds 
VictorSamp: folds 
POLIWAL'SHIK: calls $0.06
schop.ot.14: calls $0.06
*** FLOP *** [8d 4h Ah]
POLIWAL'SHIK: checks 
schop.ot.14: checks 
witch2bet: bets $0.10
POLIWAL'SHIK: folds 
schop.ot.14: calls $0.10
*** TURN *** [8d 4h Ah] [Td]
arnulfson joins the table at seat #9 
schop.ot.14: checks 
witch2bet: bets $0.16
schop.ot.14: calls $0.16
*** RIVER *** [8d 4h Ah Td] [5d]
schop.ot.14: checks 
witch2bet: checks 
*** SHOW DOWN ***
schop.ot.14: shows [8c Jc] (a pair of Eights)
witch2bet: shows [9d Ac] (a pair of Aces)
witch2bet collected $0.76 from pot
*** SUMMARY ***
Total pot $0.79 | Rake $0.03 
Board [8d 4h Ah Td 5d]
Seat 1: witch2bet (button) showed [9d Ac] and won ($0.76) with a pair of Aces
Seat 2: Dorex2007 (small blind) folded before Flop
Seat 3: VictorSamp (big blind) folded before Flop
Seat 4: 5hevelev folded before Flop (didn't bet)
Seat 5: Mr_Merlis folded before Flop (didn't bet)
Seat 6: POLIWAL'SHIK folded on the Flop
Seat 7: schop.ot.14 showed [8c Jc] and lost with a pair of Eights
Seat 8: frosa9397 folded before Flop (didn't bet)



PokerStars Hand #223974949742:  Hold'em No Limit ($0.01/$0.02 USD) - 2021/02/18 20:42:46 PT [2021/02/18 23:42:46 ET]
Table 'Lycomedes VI' 9-max Seat #2 is the button
Seat 1: witch2bet ($1.35 in chips) 
Seat 2: Dorex2007 ($4.93 in chips) 
Seat 3: VictorSamp ($3.63 in chips) 
Seat 4: 5hevelev ($2.57 in chips) 
Seat 5: Mr_Merlis ($2 in chips) 
Seat 6: POLIWAL'SHIK ($3.83 in chips) 
Seat 7: schop.ot.14 ($0.45 in chips) 
Seat 8: frosa9397 ($2.53 in chips) 
VictorSamp: posts small blind $0.01
5hevelev: posts big blind $0.02
arnulfson: sits out 
*** HOLE CARDS ***
Dealt to Dorex2007 [Ah 6c]
Mr_Merlis: folds 
POLIWAL'SHIK: calls $0.02
schop.ot.14: folds 
schop.ot.14 leaves the table
frosa9397: folds 
witch2bet: raises $0.02 to $0.04
Dorex2007: folds 
VictorSamp: folds 
arnulfson leaves the table
5hevelev: raises $0.04 to $0.08
POLIWAL'SHIK: folds 
witch2bet: calls $0.04
*** FLOP *** [2h 7d 9d]
5hevelev: bets $0.08
witch2bet: folds 
Uncalled bet ($0.08) returned to 5hevelev
5hevelev collected $0.18 from pot
5hevelev: doesn't show hand 
*** SUMMARY ***
Total pot $0.19 | Rake $0.01 
Board [2h 7d 9d]
Seat 1: witch2bet folded on the Flop
Seat 2: Dorex2007 (button) folded before Flop (didn't bet)
Seat 3: VictorSamp (small blind) folded before Flop
Seat 4: 5hevelev (big blind) collected ($0.18)
Seat 5: Mr_Merlis folded before Flop (didn't bet)
Seat 6: POLIWAL'SHIK folded before Flop
Seat 7: schop.ot.14 folded before Flop (didn't bet)
Seat 8: frosa9397 folded before Flop (didn't bet)



PokerStars Hand #223974967515:  Hold'em No Limit ($0.01/$0.02 USD) - 2021/02/18 20:44:01 PT [2021/02/18 23:44:01 ET]
Table 'Lycomedes VI' 9-max Seat #3 is the button
Seat 1: witch2bet ($1.27 in chips) 
Seat 2: Dorex2007 ($4.93 in chips) 
Seat 3: VictorSamp ($3.62 in chips) 
Seat 4: 5hevelev ($2.67 in chips) 
Seat 5: Mr_Merlis ($2 in chips) 
Seat 6: POLIWAL'SHIK ($3.81 in chips) 
Seat 8: frosa9397 ($2.53 in chips) 
5hevelev: posts small blind $0.01
Mr_Merlis: posts big blind $0.02
*** HOLE CARDS ***
Dealt to Dorex2007 [5s Jh]
POLIWAL'SHIK has timed out
POLIWAL'SHIK: folds 
frosa9397: folds 
witch2bet: folds 
Dorex2007: folds 
VictorSamp: calls $0.02
5hevelev: calls $0.01
Mr_Merlis: checks 
*** FLOP *** [As Qs Kh]
5hevelev: checks 
Mr_Merlis: checks 
VictorSamp: bets $0.02
5hevelev: folds 
Krokus2864 joins the table at seat #7 
Mr_Merlis: folds 
Uncalled bet ($0.02) returned to VictorSamp
VictorSamp collected $0.06 from pot
VictorSamp: doesn't show hand 
*** SUMMARY ***
Total pot $0.06 | Rake $0 
Board [As Qs Kh]
Seat 1: witch2bet folded before Flop (didn't bet)
Seat 2: Dorex2007 folded before Flop (didn't bet)
Seat 3: VictorSamp (button) collected ($0.06)
Seat 4: 5hevelev (small blind) folded on the Flop
Seat 5: Mr_Merlis (big blind) folded on the Flop
Seat 6: POLIWAL'SHIK folded before Flop (didn't bet)
Seat 8: frosa9397 folded before Flop (didn't bet)



PokerStars Hand #223974981547:  Hold'em No Limit ($0.01/$0.02 USD) - 2021/02/18 20:45:00 PT [2021/02/18 23:45:00 ET]
Table 'Lycomedes VI' 9-max Seat #4 is the button
Seat 1: witch2bet ($1.27 in chips) 
Seat 2: Dorex2007 ($4.93 in chips) 
Seat 3: VictorSamp ($3.66 in chips) 
Seat 4: 5hevelev ($2.65 in chips) 
Seat 5: Mr_Merlis ($1.98 in chips) 
Seat 6: POLIWAL'SHIK ($3.81 in chips) 
Seat 8: frosa9397 ($2.53 in chips) 
Mr_Merlis: posts small blind $0.01
POLIWAL'SHIK: posts big blind $0.02
Krokus2864: sits out 
*** HOLE CARDS ***
Dealt to Dorex2007 [8c 8s]
frosa9397: raises $0.05 to $0.07
fishaynon joins the table at seat #9 
witch2bet: folds 
Dorex2007: folds 
VictorSamp: folds 
5hevelev: raises $2.58 to $2.65 and is all-in
Mr_Merlis: folds 
POLIWAL'SHIK: folds 
frosa9397: folds 
Uncalled bet ($2.58) returned to 5hevelev
5hevelev collected $0.17 from pot
5hevelev: doesn't show hand 
*** SUMMARY ***
Total pot $0.17 | Rake $0 
Seat 1: witch2bet folded before Flop (didn't bet)
Seat 2: Dorex2007 folded before Flop (didn't bet)
Seat 3: VictorSamp folded before Flop (didn't bet)
Seat 4: 5hevelev (button) collected ($0.17)
Seat 5: Mr_Merlis (small blind) folded before Flop
Seat 6: POLIWAL'SHIK (big blind) folded before Flop
Seat 8: frosa9397 folded before Flop



PokerStars Hand #223974989753:  Hold'em No Limit ($0.01/$0.02 USD) - 2021/02/18 20:45:35 PT [2021/02/18 23:45:35 ET]
Table 'Lycomedes VI' 9-max Seat #5 is the button
Seat 1: witch2bet ($1.27 in chips) 
Seat 2: Dorex2007 ($4.93 in chips) 
Seat 3: VictorSamp ($3.66 in chips) 
Seat 4: 5hevelev ($2.75 in chips) 
Seat 5: Mr_Merlis ($1.97 in chips) 
Seat 6: POLIWAL'SHIK ($3.79 in chips) 
Seat 7: Krokus2864 ($2 in chips) 
Seat 8: frosa9397 ($2.46 in chips) 
POLIWAL'SHIK: posts small blind $0.01
Krokus2864: posts big blind $0.02
fishaynon: sits out 
*** HOLE CARDS ***
Dealt to Dorex2007 [Jd 6h]
frosa9397: folds 
witch2bet: calls $0.02
Dorex2007: folds 
VictorSamp: folds 
5hevelev: folds 
Mr_Merlis: folds 
POLIWAL'SHIK: calls $0.01
Krokus2864: checks 
*** FLOP *** [4d 7d 8c]
POLIWAL'SHIK: bets $0.02
Krokus2864: folds 
witch2bet: raises $0.02 to $0.04
POLIWAL'SHIK: calls $0.02
*** TURN *** [4d 7d 8c] [Qc]
POLIWAL'SHIK: bets $0.02
witch2bet: raises $0.06 to $0.08
POLIWAL'SHIK: calls $0.06
*** RIVER *** [4d 7d 8c Qc] [7s]
POLIWAL'SHIK: checks 
witch2bet: bets $0.22
POLIWAL'SHIK: folds 
Uncalled bet ($0.22) returned to witch2bet
witch2bet collected $0.29 from pot
witch2bet: doesn't show hand 
*** SUMMARY ***
Total pot $0.30 | Rake $0.01 
Board [4d 7d 8c Qc 7s]
Seat 1: witch2bet collected ($0.29)
Seat 2: Dorex2007 folded before Flop (didn't bet)
Seat 3: VictorSamp folded before Flop (didn't bet)
Seat 4: 5hevelev folded before Flop (didn't bet)
Seat 5: Mr_Merlis (button) folded before Flop (didn't bet)
Seat 6: POLIWAL'SHIK (small blind) folded on the River
Seat 7: Krokus2864 (big blind) folded on the Flop
Seat 8: frosa9397 folded before Flop (didn't bet)



PokerStars Hand #223975021281:  Hold'em No Limit ($0.01/$0.02 USD) - 2021/02/18 20:47:10 PT [2021/02/18 23:47:10 ET]
Table 'Lycomedes VI' 9-max Seat #6 is the button
Seat 1: witch2bet ($1.42 in chips) 
Seat 2: Dorex2007 ($4.93 in chips) 
Seat 3: VictorSamp ($3.66 in chips) 
Seat 4: 5hevelev ($2.75 in chips) 
Seat 5: Mr_Merlis ($1.97 in chips) 
Seat 6: POLIWAL'SHIK ($3.65 in chips) 
Seat 7: Krokus2864 ($2 in chips) 
Seat 8: frosa9397 ($2.46 in chips) 
Krokus2864: posts small blind $0.01
frosa9397: posts big blind $0.02
fishaynon: sits out 
*** HOLE CARDS ***
Dealt to Dorex2007 [Ac 5d]
witch2bet: calls $0.02
Dorex2007: folds 
VictorSamp: folds 
5hevelev has timed out
5hevelev: folds 
Mr_Merlis: folds 
POLIWAL'SHIK: calls $0.02
Krokus2864: folds 
frosa9397: checks 
*** FLOP *** [Kc 4c Th]
frosa9397: checks 
witch2bet: bets $0.02
POLIWAL'SHIK: calls $0.02
frosa9397: folds 
*** TURN *** [Kc 4c Th] [5s]
witch2bet: checks 
POLIWAL'SHIK: bets $0.02
witch2bet: calls $0.02
*** RIVER *** [Kc 4c Th 5s] [8s]
witch2bet: checks 
POLIWAL'SHIK: bets $0.02
witch2bet: folds 
Uncalled bet ($0.02) returned to POLIWAL'SHIK
POLIWAL'SHIK collected $0.14 from pot
*** SUMMARY ***
Total pot $0.15 | Rake $0.01 
Board [Kc 4c Th 5s 8s]
Seat 1: witch2bet folded on the River
Seat 2: Dorex2007 folded before Flop (didn't bet)
Seat 3: VictorSamp folded before Flop (didn't bet)
Seat 4: 5hevelev folded before Flop (didn't bet)
Seat 5: Mr_Merlis folded before Flop (didn't bet)
Seat 6: POLIWAL'SHIK (button) collected ($0.14)
Seat 7: Krokus2864 (small blind) folded before Flop
Seat 8: frosa9397 (big blind) folded on the Flop



PokerStars Hand #223975039733:  Hold'em No Limit ($0.01/$0.02 USD) - 2021/02/18 20:48:30 PT [2021/02/18 23:48:30 ET]
Table 'Lycomedes VI' 9-max Seat #7 is the button
Seat 1: witch2bet ($1.36 in chips) 
Seat 2: Dorex2007 ($4.93 in chips) 
Seat 3: VictorSamp ($3.66 in chips) 
Seat 4: 5hevelev ($2.75 in chips) 
Seat 5: Mr_Merlis ($1.97 in chips) 
Seat 6: POLIWAL'SHIK ($3.73 in chips) 
Seat 7: Krokus2864 ($2 in chips) 
Seat 8: frosa9397 ($2.44 in chips) 
Seat 9: fishaynon ($2 in chips) 
frosa9397: posts small blind $0.01
fishaynon: posts big blind $0.02
*** HOLE CARDS ***
Dealt to Dorex2007 [4d Ts]
witch2bet: folds 
Dorex2007: folds 
VictorSamp: calls $0.02
5hevelev: calls $0.02
Mr_Merlis: folds 
POLIWAL'SHIK: calls $0.02
Krokus2864: calls $0.02
frosa9397: calls $0.01
fishaynon: checks 
*** FLOP *** [Ac 3d 5d]
frosa9397: checks 
fishaynon: checks 
VictorSamp: checks 
5hevelev: bets $0.05
POLIWAL'SHIK: calls $0.05
Krokus2864: calls $0.05
frosa9397: folds 
fishaynon: folds 
VictorSamp: folds 
*** TURN *** [Ac 3d 5d] [7c]
5hevelev: bets $0.08
POLIWAL'SHIK: calls $0.08
Krokus2864: calls $0.08
*** RIVER *** [Ac 3d 5d 7c] [Td]
5hevelev: bets $2.60 and is all-in
POLIWAL'SHIK: folds 
Krokus2864: folds 
Uncalled bet ($2.60) returned to 5hevelev
5hevelev collected $0.49 from pot
5hevelev: doesn't show hand 
*** SUMMARY ***
Total pot $0.51 | Rake $0.02 
Board [Ac 3d 5d 7c Td]
Seat 1: witch2bet folded before Flop (didn't bet)
Seat 2: Dorex2007 folded before Flop (didn't bet)
Seat 3: VictorSamp folded on the Flop
Seat 4: 5hevelev collected ($0.49)
Seat 5: Mr_Merlis folded before Flop (didn't bet)
Seat 6: POLIWAL'SHIK folded on the River
Seat 7: Krokus2864 (button) folded on the River
Seat 8: frosa9397 (small blind) folded on the Flop
Seat 9: fishaynon (big blind) folded on the Flop



PokerStars Hand #223975064855:  Hold'em No Limit ($0.01/$0.02 USD) - 2021/02/18 20:50:18 PT [2021/02/18 23:50:18 ET]
Table 'Lycomedes VI' 9-max Seat #8 is the button
Seat 1: witch2bet ($1.36 in chips) 
Seat 2: Dorex2007 ($4.93 in chips) 
Seat 3: VictorSamp ($3.64 in chips) 
Seat 4: 5hevelev ($3.09 in chips) 
Seat 5: Mr_Merlis ($1.97 in chips) 
Seat 6: POLIWAL'SHIK ($3.58 in chips) 
Seat 7: Krokus2864 ($2 in chips) 
Seat 8: frosa9397 ($2.42 in chips) 
Seat 9: fishaynon ($1.98 in chips) 
fishaynon: posts small blind $0.01
witch2bet: posts big blind $0.02
*** HOLE CARDS ***
Dealt to Dorex2007 [Th 3s]
Dorex2007: folds 
VictorSamp: folds 
5hevelev has timed out
5hevelev: folds 
Mr_Merlis: folds 
POLIWAL'SHIK: folds 
Krokus2864: folds 
frosa9397: folds 
fishaynon: calls $0.01
witch2bet: checks 
*** FLOP *** [6d 7h 2s]
fishaynon: bets $0.04
witch2bet: calls $0.04
*** TURN *** [6d 7h 2s] [Jc]
fishaynon: bets $0.02
witch2bet: calls $0.02
*** RIVER *** [6d 7h 2s Jc] [8h]
fishaynon: checks 
witch2bet: checks 
*** SHOW DOWN ***
fishaynon: shows [9d 7d] (a pair of Sevens)
witch2bet: mucks hand 
fishaynon collected $0.15 from pot
*** SUMMARY ***
Total pot $0.16 | Rake $0.01 
Board [6d 7h 2s Jc 8h]
Seat 1: witch2bet (big blind) mucked [5h 6h]
Seat 2: Dorex2007 folded before Flop (didn't bet)
Seat 3: VictorSamp folded before Flop (didn't bet)
Seat 4: 5hevelev folded before Flop (didn't bet)
Seat 5: Mr_Merlis folded before Flop (didn't bet)
Seat 6: POLIWAL'SHIK folded before Flop (didn't bet)
Seat 7: Krokus2864 folded before Flop (didn't bet)
Seat 8: frosa9397 (button) folded before Flop (didn't bet)
Seat 9: fishaynon (small blind) showed [9d 7d] and won ($0.15) with a pair of Sevens



PokerStars Hand #223975077986:  Hold'em No Limit ($0.01/$0.02 USD) - 2021/02/18 20:51:14 PT [2021/02/18 23:51:14 ET]
Table 'Lycomedes VI' 9-max Seat #9 is the button
Seat 1: witch2bet ($1.28 in chips) 
Seat 2: Dorex2007 ($4.93 in chips) 
Seat 3: VictorSamp ($3.64 in chips) 
Seat 4: 5hevelev ($3.09 in chips) 
Seat 5: Mr_Merlis ($1.97 in chips) 
Seat 6: POLIWAL'SHIK ($3.58 in chips) 
Seat 7: Krokus2864 ($2 in chips) 
Seat 8: frosa9397 ($2.42 in chips) 
Seat 9: fishaynon ($2.05 in chips) 
witch2bet: posts small blind $0.01
Dorex2007: posts big blind $0.02
*** HOLE CARDS ***
Dealt to Dorex2007 [8s 2h]
VictorSamp: folds 
5hevelev: calls $0.02
Mr_Merlis: folds 
POLIWAL'SHIK: calls $0.02
Krokus2864: folds 
frosa9397: folds 
fishaynon: folds 
witch2bet: raises $0.02 to $0.04
Dorex2007: folds 
5hevelev: calls $0.02
POLIWAL'SHIK: calls $0.02
*** FLOP *** [Qd 8d Ad]
witch2bet: checks 
5hevelev: checks 
POLIWAL'SHIK: checks 
*** TURN *** [Qd 8d Ad] [Qs]
witch2bet: checks 
5hevelev: checks 
POLIWAL'SHIK: checks 
*** RIVER *** [Qd 8d Ad Qs] [Ac]
witch2bet: bets $0.02
5hevelev has timed out
5hevelev: folds 
POLIWAL'SHIK: folds 
Uncalled bet ($0.02) returned to witch2bet
witch2bet collected $0.14 from pot
witch2bet: doesn't show hand 
*** SUMMARY ***
Total pot $0.14 | Rake $0 
Board [Qd 8d Ad Qs Ac]
Seat 1: witch2bet (small blind) collected ($0.14)
Seat 2: Dorex2007 (big blind) folded before Flop
Seat 3: VictorSamp folded before Flop (didn't bet)
Seat 4: 5hevelev folded on the River
Seat 5: Mr_Merlis folded before Flop (didn't bet)
Seat 6: POLIWAL'SHIK folded on the River
Seat 7: Krokus2864 folded before Flop (didn't bet)
Seat 8: frosa9397 folded before Flop (didn't bet)
Seat 9: fishaynon (button) folded before Flop (didn't bet)



PokerStars Hand #223975103411:  Hold'em No Limit ($0.01/$0.02 USD) - 2021/02/18 20:53:05 PT [2021/02/18 23:53:05 ET]
Table 'Lycomedes VI' 9-max Seat #1 is the button
Seat 1: witch2bet ($1.38 in chips) 
Seat 2: Dorex2007 ($4.91 in chips) 
Seat 3: VictorSamp ($3.64 in chips) 
Seat 4: 5hevelev ($3.05 in chips) 
Seat 5: Mr_Merlis ($1.97 in chips) 
Seat 6: POLIWAL'SHIK ($3.54 in chips) 
Seat 7: Krokus2864 ($2 in chips) 
Seat 8: frosa9397 ($2.42 in chips) 
Seat 9: fishaynon ($2.05 in chips) 
Dorex2007: posts small blind $0.01
VictorSamp: posts big blind $0.02
*** HOLE CARDS ***
Dealt to Dorex2007 [Td Kd]
5hevelev: raises $0.03 to $0.05
Mr_Merlis: folds 
POLIWAL'SHIK: folds 
Krokus2864: folds 
frosa9397: folds 
fishaynon: folds 
witch2bet: folds 
Dorex2007: raises $0.05 to $0.10
VictorSamp: calls $0.08
5hevelev: calls $0.05
*** FLOP *** [Qc 8c 8h]
Dorex2007: bets $0.10
VictorSamp: folds 
5hevelev: raises $0.16 to $0.26
Dorex2007: folds 
Uncalled bet ($0.16) returned to 5hevelev
5hevelev collected $0.48 from pot
5hevelev: doesn't show hand 
*** SUMMARY ***
Total pot $0.50 | Rake $0.02 
Board [Qc 8c 8h]
Seat 1: witch2bet (button) folded before Flop (didn't bet)
Seat 2: Dorex2007 (small blind) folded on the Flop
Seat 3: VictorSamp (big blind) folded on the Flop
Seat 4: 5hevelev collected ($0.48)
Seat 5: Mr_Merlis folded before Flop (didn't bet)
Seat 6: POLIWAL'SHIK folded before Flop (didn't bet)
Seat 7: Krokus2864 folded before Flop (didn't bet)
Seat 8: frosa9397 folded before Flop (didn't bet)
Seat 9: fishaynon folded before Flop (didn't bet)



PokerStars Hand #223975121829:  Hold'em No Limit ($0.01/$0.02 USD) - 2021/02/18 20:54:25 PT [2021/02/18 23:54:25 ET]
Table 'Lycomedes VI' 9-max Seat #2 is the button
Seat 1: witch2bet ($1.38 in chips) 
Seat 2: Dorex2007 ($4.71 in chips) 
Seat 3: VictorSamp ($3.54 in chips) 
Seat 4: 5hevelev ($3.33 in chips) 
Seat 5: Mr_Merlis ($1.97 in chips) 
Seat 6: POLIWAL'SHIK ($3.54 in chips) 
Seat 7: Krokus2864 ($2 in chips) 
Seat 8: frosa9397 ($2.42 in chips) 
Seat 9: fishaynon ($2.05 in chips) 
VictorSamp: posts small blind $0.01
5hevelev: posts big blind $0.02
*** HOLE CARDS ***
Dealt to Dorex2007 [5s Kc]
Mr_Merlis: folds 
POLIWAL'SHIK: calls $0.02
Krokus2864: folds 
frosa9397: folds 
fishaynon: folds 
witch2bet: calls $0.02
Dorex2007: folds 
VictorSamp: folds 
5hevelev: raises $0.03 to $0.05
POLIWAL'SHIK: calls $0.03
witch2bet: calls $0.03
*** FLOP *** [4c 7s 9h]
5hevelev: checks 
POLIWAL'SHIK: bets $0.02
witch2bet: calls $0.02
5hevelev: calls $0.02
*** TURN *** [4c 7s 9h] [Jc]
Dorex2007 is disconnected 
5hevelev: bets $0.06
POLIWAL'SHIK: calls $0.06
witch2bet: folds 
*** RIVER *** [4c 7s 9h Jc] [9c]
5hevelev: bets $0.14
POLIWAL'SHIK: raises $0.14 to $0.28
5hevelev: folds 
Uncalled bet ($0.14) returned to POLIWAL'SHIK
POLIWAL'SHIK collected $0.60 from pot
*** SUMMARY ***
Total pot $0.62 | Rake $0.02 
Board [4c 7s 9h Jc 9c]
Seat 1: witch2bet folded on the Turn
Seat 2: Dorex2007 (button) folded before Flop (didn't bet)
Seat 3: VictorSamp (small blind) folded before Flop
Seat 4: 5hevelev (big blind) folded on the River
Seat 5: Mr_Merlis folded before Flop (didn't bet)
Seat 6: POLIWAL'SHIK collected ($0.60)
Seat 7: Krokus2864 folded before Flop (didn't bet)
Seat 8: frosa9397 folded before Flop (didn't bet)
Seat 9: fishaynon folded before Flop (didn't bet)



PokerStars Hand #223975145722:  Hold'em No Limit ($0.01/$0.02 USD) - 2021/02/18 20:56:24 PT [2021/02/18 23:56:24 ET]
Table 'Lycomedes VI' 9-max Seat #3 is the button
Seat 1: witch2bet ($1.31 in chips) 
Seat 2: Dorex2007 ($4.71 in chips) 
Seat 3: VictorSamp ($3.53 in chips) 
Seat 4: 5hevelev ($3.06 in chips) 
Seat 5: Mr_Merlis ($1.97 in chips) 
Seat 6: POLIWAL'SHIK ($3.87 in chips) 
Seat 7: Krokus2864 ($2 in chips) 
Seat 8: frosa9397 ($2.42 in chips) 
Seat 9: fishaynon ($2.05 in chips) 
5hevelev: posts small blind $0.01
Mr_Merlis: posts big blind $0.02
*** HOLE CARDS ***
Dealt to Dorex2007 [Jd 7s]
POLIWAL'SHIK: calls $0.02
Krokus2864: folds 
frosa9397: folds 
fishaynon: folds 
witch2bet: raises $0.04 to $0.06
Dorex2007: folds 
VictorSamp: folds 
5hevelev: calls $0.05
Mr_Merlis: folds 
POLIWAL'SHIK: calls $0.04
*** FLOP *** [2c Ad Td]
5hevelev: checks 
POLIWAL'SHIK: bets $0.02
witch2bet: calls $0.02
5hevelev: calls $0.02
*** TURN *** [2c Ad Td] [5s]
5hevelev: checks 
POLIWAL'SHIK: bets $0.22
witch2bet: folds 
5hevelev: calls $0.22
*** RIVER *** [2c Ad Td 5s] [Kc]
5hevelev: checks 
POLIWAL'SHIK: bets $0.12
5hevelev: raises $0.34 to $0.46
POLIWAL'SHIK: calls $0.34
*** SHOW DOWN ***
5hevelev: shows [3c As] (a pair of Aces)
POLIWAL'SHIK: shows [Ts 2h] (two pair, Tens and Deuces)
POLIWAL'SHIK collected $1.56 from pot
*** SUMMARY ***
Total pot $1.62 | Rake $0.06 
Board [2c Ad Td 5s Kc]
Seat 1: witch2bet folded on the Turn
Seat 2: Dorex2007 folded before Flop (didn't bet)
Seat 3: VictorSamp (button) folded before Flop (didn't bet)
Seat 4: 5hevelev (small blind) showed [3c As] and lost with a pair of Aces
Seat 5: Mr_Merlis (big blind) folded before Flop
Seat 6: POLIWAL'SHIK showed [Ts 2h] and won ($1.56) with two pair, Tens and Deuces
Seat 7: Krokus2864 folded before Flop (didn't bet)
Seat 8: frosa9397 folded before Flop (didn't bet)
Seat 9: fishaynon folded before Flop (didn't bet)



PokerStars Hand #223975163729:  Hold'em No Limit ($0.01/$0.02 USD) - 2021/02/18 20:58:02 PT [2021/02/18 23:58:02 ET]
Table 'Lycomedes VI' 9-max Seat #4 is the button
Seat 1: witch2bet ($1.23 in chips) 
Seat 2: Dorex2007 ($4.71 in chips) 
Seat 3: VictorSamp ($3.53 in chips) 
Seat 4: 5hevelev ($2.30 in chips) 
Seat 5: Mr_Merlis ($1.95 in chips) 
Seat 6: POLIWAL'SHIK ($4.67 in chips) 
Seat 7: Krokus2864 ($2 in chips) 
Seat 8: frosa9397 ($2.42 in chips) 
Seat 9: fishaynon ($2.05 in chips) 
Mr_Merlis: posts small blind $0.01
POLIWAL'SHIK: posts big blind $0.02
*** HOLE CARDS ***
Dealt to Dorex2007 [4h 3c]
Krokus2864: folds 
frosa9397: raises $0.05 to $0.07
fishaynon: folds 
witch2bet: folds 
Dorex2007: folds 
VictorSamp has timed out
VictorSamp: folds 
5hevelev: folds 
Mr_Merlis: folds 
POLIWAL'SHIK: folds 
Uncalled bet ($0.05) returned to frosa9397
frosa9397 collected $0.05 from pot
frosa9397: doesn't show hand 
*** SUMMARY ***
Total pot $0.05 | Rake $0 
Seat 1: witch2bet folded before Flop (didn't bet)
Seat 2: Dorex2007 folded before Flop (didn't bet)
Seat 3: VictorSamp folded before Flop (didn't bet)
Seat 4: 5hevelev (button) folded before Flop (didn't bet)
Seat 5: Mr_Merlis (small blind) folded before Flop
Seat 6: POLIWAL'SHIK (big blind) folded before Flop
Seat 7: Krokus2864 folded before Flop (didn't bet)
Seat 8: frosa9397 collected ($0.05)
Seat 9: fishaynon folded before Flop (didn't bet)



