PokerStars Hand #223834207116:  Hold'em No Limit ($0.01/$0.02 USD) - 2021/02/15 0:54:51 PT [2021/02/15 3:54:51 ET]
Table 'Aura VI' 9-max Seat #2 is the button
Seat 1: Dorex2007 ($1.50 in chips) 
Seat 2: bloody55hawk ($0.80 in chips) 
Seat 3: RuSlaN__An4 ($3.72 in chips) 
Seat 4: silverzeno ($3.56 in chips) 
Seat 5: gn4444 ($2 in chips) 
Seat 7: 39Oleg ($1.45 in chips) 
Seat 8: Till 110 ($2.39 in chips) 
RuSlaN__An4: posts small blind $0.01
silverzeno: posts big blind $0.02
milkovich90: sits out 
Dorex2007: posts big blind $0.02
*** HOLE CARDS ***
Dealt to Dorex2007 [Qh 2s]
gn4444: folds 
39Oleg: folds 
Till 110: folds 
Dorex2007: checks 
bloody55hawk: folds 
RuSlaN__An4: raises $0.04 to $0.06
silverzeno: folds 
Dorex2007: folds 
Uncalled bet ($0.04) returned to RuSlaN__An4
RuSlaN__An4 collected $0.06 from pot
*** SUMMARY ***
Total pot $0.06 | Rake $0 
Seat 1: Dorex2007 folded before Flop (didn't bet)
Seat 2: bloody55hawk (button) folded before Flop (didn't bet)
Seat 3: RuSlaN__An4 (small blind) collected ($0.06)
Seat 4: silverzeno (big blind) folded before Flop
Seat 5: gn4444 folded before Flop (didn't bet)
Seat 7: 39Oleg folded before Flop (didn't bet)
Seat 8: Till 110 folded before Flop (didn't bet)



PokerStars Hand #223834211941:  Hold'em No Limit ($0.01/$0.02 USD) - 2021/02/15 0:55:14 PT [2021/02/15 3:55:14 ET]
Table 'Aura VI' 9-max Seat #3 is the button
Seat 1: Dorex2007 ($1.48 in chips) 
Seat 2: bloody55hawk ($0.80 in chips) 
Seat 3: RuSlaN__An4 ($3.76 in chips) 
Seat 4: silverzeno ($3.54 in chips) 
Seat 6: milkovich90 ($2 in chips) 
Seat 7: 39Oleg ($1.45 in chips) 
Seat 8: Till 110 ($2.39 in chips) 
silverzeno: posts small blind $0.01
gn4444: is sitting out 
milkovich90: posts big blind $0.02
*** HOLE CARDS ***
Dealt to Dorex2007 [5c 5d]
39Oleg: folds 
Till 110: raises $0.04 to $0.06
Dorex2007: calls $0.06
bloody55hawk: folds 
RuSlaN__An4: calls $0.06
silverzeno: calls $0.05
milkovich90: folds 
*** FLOP *** [Ac 4h 5h]
silverzeno: checks 
Till 110: checks 
Dorex2007: bets $0.25
RuSlaN__An4: folds 
silverzeno: folds 
Till 110: folds 
Uncalled bet ($0.25) returned to Dorex2007
Dorex2007 collected $0.25 from pot
Dorex2007: doesn't show hand 
*** SUMMARY ***
Total pot $0.26 | Rake $0.01 
Board [Ac 4h 5h]
Seat 1: Dorex2007 collected ($0.25)
Seat 2: bloody55hawk folded before Flop (didn't bet)
Seat 3: RuSlaN__An4 (button) folded on the Flop
Seat 4: silverzeno (small blind) folded on the Flop
Seat 6: milkovich90 (big blind) folded before Flop
Seat 7: 39Oleg folded before Flop (didn't bet)
Seat 8: Till 110 folded on the Flop



PokerStars Hand #223834222680:  Hold'em No Limit ($0.01/$0.02 USD) - 2021/02/15 0:56:13 PT [2021/02/15 3:56:13 ET]
Table 'Aura VI' 9-max Seat #4 is the button
Seat 1: Dorex2007 ($1.67 in chips) 
Seat 2: bloody55hawk ($0.80 in chips) 
Seat 3: RuSlaN__An4 ($3.70 in chips) 
Seat 4: silverzeno ($3.48 in chips) 
Seat 6: milkovich90 ($2 in chips) 
Seat 7: 39Oleg ($1.45 in chips) 
Seat 8: Till 110 ($2.33 in chips) 
Seat 9: wALEXSANDRw ($1.37 in chips) 
milkovich90: posts small blind $0.01
39Oleg: posts big blind $0.02
*** HOLE CARDS ***
Dealt to Dorex2007 [Ac Qh]
Till 110: raises $0.04 to $0.06
wALEXSANDRw: folds 
Dorex2007: calls $0.06
bloody55hawk: folds 
RuSlaN__An4: folds 
silverzeno: folds 
milkovich90: folds 
39Oleg: folds 
*** FLOP *** [5c 2d 6s]
Till 110: checks 
Dorex2007: bets $0.07
Till 110: calls $0.07
*** TURN *** [5c 2d 6s] [8d]
Till 110: checks 
Dorex2007: checks 
*** RIVER *** [5c 2d 6s 8d] [Td]
Till 110: bets $0.28
Dorex2007: folds 
Uncalled bet ($0.28) returned to Till 110
Till 110 collected $0.28 from pot
Till 110: doesn't show hand 
*** SUMMARY ***
Total pot $0.29 | Rake $0.01 
Board [5c 2d 6s 8d Td]
Seat 1: Dorex2007 folded on the River
Seat 2: bloody55hawk folded before Flop (didn't bet)
Seat 3: RuSlaN__An4 folded before Flop (didn't bet)
Seat 4: silverzeno (button) folded before Flop (didn't bet)
Seat 6: milkovich90 (small blind) folded before Flop
Seat 7: 39Oleg (big blind) folded before Flop
Seat 8: Till 110 collected ($0.28)
Seat 9: wALEXSANDRw folded before Flop (didn't bet)



PokerStars Hand #223834235943:  Hold'em No Limit ($0.01/$0.02 USD) - 2021/02/15 0:57:24 PT [2021/02/15 3:57:24 ET]
Table 'Aura VI' 9-max Seat #6 is the button
Seat 1: Dorex2007 ($1.54 in chips) 
Seat 2: bloody55hawk ($0.80 in chips) 
Seat 3: RuSlaN__An4 ($3.70 in chips) 
Seat 4: silverzeno ($3.48 in chips) 
Seat 6: milkovich90 ($2 in chips) 
Seat 7: 39Oleg ($1.43 in chips) 
Seat 8: Till 110 ($2.48 in chips) 
Seat 9: wALEXSANDRw ($1.37 in chips) 
39Oleg: posts small blind $0.01
Till 110: posts big blind $0.02
*** HOLE CARDS ***
Dealt to Dorex2007 [8s 3d]
wALEXSANDRw: folds 
Dorex2007: folds 
bloody55hawk: folds 
RuSlaN__An4: folds 
silverzeno: folds 
milkovich90: raises $0.03 to $0.05
39Oleg: folds 
Till 110: folds 
Uncalled bet ($0.03) returned to milkovich90
milkovich90 collected $0.05 from pot
milkovich90: doesn't show hand 
*** SUMMARY ***
Total pot $0.05 | Rake $0 
Seat 1: Dorex2007 folded before Flop (didn't bet)
Seat 2: bloody55hawk folded before Flop (didn't bet)
Seat 3: RuSlaN__An4 folded before Flop (didn't bet)
Seat 4: silverzeno folded before Flop (didn't bet)
Seat 6: milkovich90 (button) collected ($0.05)
Seat 7: 39Oleg (small blind) folded before Flop
Seat 8: Till 110 (big blind) folded before Flop
Seat 9: wALEXSANDRw folded before Flop (didn't bet)



PokerStars Hand #223834241625:  Hold'em No Limit ($0.01/$0.02 USD) - 2021/02/15 0:57:55 PT [2021/02/15 3:57:55 ET]
Table 'Aura VI' 9-max Seat #7 is the button
Seat 1: Dorex2007 ($1.54 in chips) 
Seat 2: bloody55hawk ($0.80 in chips) 
Seat 3: RuSlaN__An4 ($3.70 in chips) 
Seat 4: silverzeno ($3.48 in chips) 
Seat 6: milkovich90 ($2.03 in chips) 
Seat 7: 39Oleg ($1.42 in chips) 
Seat 8: Till 110 ($2.46 in chips) 
Seat 9: wALEXSANDRw ($1.37 in chips) 
Till 110: posts small blind $0.01
wALEXSANDRw: posts big blind $0.02
gn4444: sits out 
*** HOLE CARDS ***
Dealt to Dorex2007 [Ac 4d]
Dorex2007: folds 
bloody55hawk: folds 
RuSlaN__An4: folds 
silverzeno: folds 
milkovich90: folds 
39Oleg: folds 
Till 110: folds 
Uncalled bet ($0.01) returned to wALEXSANDRw
wALEXSANDRw collected $0.02 from pot
wALEXSANDRw: doesn't show hand 
*** SUMMARY ***
Total pot $0.02 | Rake $0 
Seat 1: Dorex2007 folded before Flop (didn't bet)
Seat 2: bloody55hawk folded before Flop (didn't bet)
Seat 3: RuSlaN__An4 folded before Flop (didn't bet)
Seat 4: silverzeno folded before Flop (didn't bet)
Seat 6: milkovich90 folded before Flop (didn't bet)
Seat 7: 39Oleg (button) folded before Flop (didn't bet)
Seat 8: Till 110 (small blind) folded before Flop
Seat 9: wALEXSANDRw (big blind) collected ($0.02)



PokerStars Hand #223834244947:  Hold'em No Limit ($0.01/$0.02 USD) - 2021/02/15 0:58:13 PT [2021/02/15 3:58:13 ET]
Table 'Aura VI' 9-max Seat #8 is the button
Seat 1: Dorex2007 ($1.54 in chips) 
Seat 2: bloody55hawk ($0.80 in chips) 
Seat 3: RuSlaN__An4 ($3.70 in chips) 
Seat 4: silverzeno ($3.48 in chips) 
Seat 6: milkovich90 ($2.03 in chips) 
Seat 7: 39Oleg ($1.42 in chips) 
Seat 8: Till 110 ($2.45 in chips) 
Seat 9: wALEXSANDRw ($1.38 in chips) 
wALEXSANDRw: posts small blind $0.01
Dorex2007: posts big blind $0.02
gn4444: sits out 
*** HOLE CARDS ***
Dealt to Dorex2007 [Qd Th]
bloody55hawk: folds 
RuSlaN__An4: folds 
silverzeno: folds 
milkovich90: folds 
39Oleg: calls $0.02
Till 110: calls $0.02
wALEXSANDRw: calls $0.01
Dorex2007: checks 
*** FLOP *** [7h Td 3c]
wALEXSANDRw: checks 
Dorex2007: bets $0.08
39Oleg: calls $0.08
Till 110: calls $0.08
wALEXSANDRw: folds 
*** TURN *** [7h Td 3c] [9c]
Dorex2007: checks 
39Oleg: bets $0.08
Till 110: calls $0.08
Dorex2007: calls $0.08
*** RIVER *** [7h Td 3c 9c] [5s]
Dorex2007: checks 
39Oleg: bets $0.06
Till 110: folds 
Dorex2007: calls $0.06
*** SHOW DOWN ***
39Oleg: shows [Ad Tc] (a pair of Tens)
Dorex2007: mucks hand 
39Oleg collected $0.66 from pot
*** SUMMARY ***
Total pot $0.68 | Rake $0.02 
Board [7h Td 3c 9c 5s]
Seat 1: Dorex2007 (big blind) mucked [Qd Th]
Seat 2: bloody55hawk folded before Flop (didn't bet)
Seat 3: RuSlaN__An4 folded before Flop (didn't bet)
Seat 4: silverzeno folded before Flop (didn't bet)
Seat 6: milkovich90 folded before Flop (didn't bet)
Seat 7: 39Oleg showed [Ad Tc] and won ($0.66) with a pair of Tens
Seat 8: Till 110 (button) folded on the River
Seat 9: wALEXSANDRw (small blind) folded on the Flop



PokerStars Hand #223834260647:  Hold'em No Limit ($0.01/$0.02 USD) - 2021/02/15 0:59:35 PT [2021/02/15 3:59:35 ET]
Table 'Aura VI' 9-max Seat #1 is the button
Seat 1: Dorex2007 ($1.30 in chips) 
Seat 2: bloody55hawk ($0.80 in chips) 
Seat 4: silverzeno ($3.48 in chips) 
Seat 6: milkovich90 ($2.03 in chips) 
Seat 7: 39Oleg ($1.84 in chips) 
Seat 8: Till 110 ($2.27 in chips) 
bloody55hawk: posts small blind $0.01
RuSlaN__An4: is sitting out 
silverzeno: posts big blind $0.02
gn4444: sits out 
*** HOLE CARDS ***
Dealt to Dorex2007 [6h Ad]
milkovich90: folds 
RuSlaN__An4 leaves the table
39Oleg: folds 
milkovich90 was removed from the table for failing to post
milkovich90 leaves the table
leo_leo_me joins the table at seat #3 
Till 110: raises $0.02 to $0.04
Dorex2007: folds 
bloody55hawk: folds 
ElenaIzabela777 joins the table at seat #6 
silverzeno: folds 
Uncalled bet ($0.02) returned to Till 110
Till 110 collected $0.05 from pot
Till 110: doesn't show hand 
*** SUMMARY ***
Total pot $0.05 | Rake $0 
Seat 1: Dorex2007 (button) folded before Flop (didn't bet)
Seat 2: bloody55hawk (small blind) folded before Flop
Seat 4: silverzeno (big blind) folded before Flop
Seat 6: milkovich90 folded before Flop (didn't bet)
Seat 7: 39Oleg folded before Flop (didn't bet)
Seat 8: Till 110 collected ($0.05)



PokerStars Hand #223834264991:  Hold'em No Limit ($0.01/$0.02 USD) - 2021/02/15 0:59:58 PT [2021/02/15 3:59:58 ET]
Table 'Aura VI' 9-max Seat #2 is the button
Seat 1: Dorex2007 ($1.30 in chips) 
Seat 2: bloody55hawk ($0.80 in chips) 
Seat 4: silverzeno ($3.46 in chips) 
Seat 5: gn4444 ($2 in chips) 
Seat 7: 39Oleg ($1.84 in chips) 
Seat 8: Till 110 ($2.30 in chips) 
silverzeno: posts small blind $0.01
gn4444: posts big blind $0.02
ElenaIzabela777: sits out 
*** HOLE CARDS ***
Dealt to Dorex2007 [Ts 6d]
39Oleg: folds 
Till 110: folds 
Dorex2007: folds 
bloody55hawk: raises $0.04 to $0.06
silverzeno: folds 
gn4444: folds 
Uncalled bet ($0.04) returned to bloody55hawk
bloody55hawk collected $0.05 from pot
bloody55hawk: doesn't show hand 
*** SUMMARY ***
Total pot $0.05 | Rake $0 
Seat 1: Dorex2007 folded before Flop (didn't bet)
Seat 2: bloody55hawk (button) collected ($0.05)
Seat 4: silverzeno (small blind) folded before Flop
Seat 5: gn4444 (big blind) folded before Flop
Seat 7: 39Oleg folded before Flop (didn't bet)
Seat 8: Till 110 folded before Flop (didn't bet)



PokerStars Hand #223834269968:  Hold'em No Limit ($0.01/$0.02 USD) - 2021/02/15 1:00:24 PT [2021/02/15 4:00:24 ET]
Table 'Aura VI' 9-max Seat #4 is the button
Seat 1: Dorex2007 ($1.30 in chips) 
Seat 2: bloody55hawk ($0.83 in chips) 
Seat 3: leo_leo_me ($0.80 in chips) 
Seat 4: silverzeno ($3.45 in chips) 
Seat 5: gn4444 ($1.98 in chips) 
Seat 6: ElenaIzabela777 ($1.60 in chips) 
Seat 7: 39Oleg ($1.84 in chips) 
Seat 8: Till 110 ($2.30 in chips) 
gn4444: posts small blind $0.01
ElenaIzabela777: posts big blind $0.02
leo_leo_me: posts big blind $0.02
*** HOLE CARDS ***
Dealt to Dorex2007 [6s Js]
39Oleg has timed out
39Oleg: folds 
Till 110: folds 
Dorex2007: folds 
bloody55hawk: folds 
leo_leo_me: checks 
silverzeno: raises $0.06 to $0.08
gn4444: folds 
ElenaIzabela777: calls $0.06
leo_leo_me: folds 
*** FLOP *** [Qh Th 6d]
ElenaIzabela777: checks 
silverzeno: bets $0.08
ElenaIzabela777: calls $0.08
*** TURN *** [Qh Th 6d] [7s]
ElenaIzabela777: checks 
silverzeno: bets $0.12
ElenaIzabela777: folds 
Uncalled bet ($0.12) returned to silverzeno
silverzeno collected $0.34 from pot
silverzeno: doesn't show hand 
*** SUMMARY ***
Total pot $0.35 | Rake $0.01 
Board [Qh Th 6d 7s]
Seat 1: Dorex2007 folded before Flop (didn't bet)
Seat 2: bloody55hawk folded before Flop (didn't bet)
Seat 3: leo_leo_me folded before Flop (didn't bet)
Seat 4: silverzeno (button) collected ($0.34)
Seat 5: gn4444 (small blind) folded before Flop
Seat 6: ElenaIzabela777 (big blind) folded on the Turn
Seat 7: 39Oleg folded before Flop (didn't bet)
Seat 8: Till 110 folded before Flop (didn't bet)



PokerStars Hand #223834284365:  Hold'em No Limit ($0.01/$0.02 USD) - 2021/02/15 1:01:34 PT [2021/02/15 4:01:34 ET]
Table 'Aura VI' 9-max Seat #5 is the button
Seat 1: Dorex2007 ($1.30 in chips) 
Seat 2: bloody55hawk ($0.83 in chips) 
Seat 3: leo_leo_me ($0.78 in chips) 
Seat 4: silverzeno ($3.63 in chips) 
Seat 5: gn4444 ($1.97 in chips) 
Seat 6: ElenaIzabela777 ($1.44 in chips) 
Seat 7: 39Oleg ($1.84 in chips) 
Seat 8: Till 110 ($2.30 in chips) 
Seat 9: wALEXSANDRw ($1.36 in chips) 
ElenaIzabela777: posts small blind $0.01
39Oleg: posts big blind $0.02
*** HOLE CARDS ***
Dealt to Dorex2007 [5c 4d]
Till 110: raises $0.02 to $0.04
wALEXSANDRw: folds 
Dorex2007: folds 
bloody55hawk: folds 
leo_leo_me: folds 
silverzeno: folds 
gn4444: folds 
ElenaIzabela777: calls $0.03
39Oleg: calls $0.02
*** FLOP *** [6c 3h 7c]
ElenaIzabela777: checks 
39Oleg: checks 
Till 110: bets $0.06
ElenaIzabela777: calls $0.06
39Oleg: folds 
*** TURN *** [6c 3h 7c] [9h]
ElenaIzabela777: checks 
Till 110: checks 
*** RIVER *** [6c 3h 7c 9h] [9c]
ElenaIzabela777: bets $0.15
Till 110: raises $2.05 to $2.20 and is all-in
ElenaIzabela777: calls $1.19 and is all-in
Uncalled bet ($0.86) returned to Till 110
*** SHOW DOWN ***
Till 110: shows [Tc Ac] (a flush, Ace high)
ElenaIzabela777: shows [5d 6s] (two pair, Nines and Sixes)
Till 110 collected $2.82 from pot
*** SUMMARY ***
Total pot $2.92 | Rake $0.10 
Board [6c 3h 7c 9h 9c]
Seat 1: Dorex2007 folded before Flop (didn't bet)
Seat 2: bloody55hawk folded before Flop (didn't bet)
Seat 3: leo_leo_me folded before Flop (didn't bet)
Seat 4: silverzeno folded before Flop (didn't bet)
Seat 5: gn4444 (button) folded before Flop (didn't bet)
Seat 6: ElenaIzabela777 (small blind) showed [5d 6s] and lost with two pair, Nines and Sixes
Seat 7: 39Oleg (big blind) folded on the Flop
Seat 8: Till 110 showed [Tc Ac] and won ($2.82) with a flush, Ace high
Seat 9: wALEXSANDRw folded before Flop (didn't bet)



PokerStars Hand #223834296088:  Hold'em No Limit ($0.01/$0.02 USD) - 2021/02/15 1:02:30 PT [2021/02/15 4:02:30 ET]
Table 'Aura VI' 9-max Seat #7 is the button
Seat 1: Dorex2007 ($1.30 in chips) 
Seat 2: bloody55hawk ($0.83 in chips) 
Seat 3: leo_leo_me ($0.78 in chips) 
Seat 4: silverzeno ($3.63 in chips) 
Seat 5: gn4444 ($1.97 in chips) 
Seat 7: 39Oleg ($1.80 in chips) 
Seat 8: Till 110 ($3.68 in chips) 
Seat 9: wALEXSANDRw ($1.36 in chips) 
Till 110: posts small blind $0.01
wALEXSANDRw: posts big blind $0.02
*** HOLE CARDS ***
Dealt to Dorex2007 [Th Ts]
Dorex2007: calls $0.02
bloody55hawk: folds 
leo_leo_me: folds 
silverzeno: folds 
gn4444: raises $0.04 to $0.06
39Oleg: folds 
Till 110: folds 
wALEXSANDRw: calls $0.04
Dorex2007: calls $0.04
*** FLOP *** [5s 5d Jc]
Till 110 leaves the table
wALEXSANDRw: checks 
Dorex2007: checks 
gn4444: checks 
*** TURN *** [5s 5d Jc] [3s]
wALEXSANDRw: bets $0.09
Dorex2007: calls $0.09
gn4444: folds 
*** RIVER *** [5s 5d Jc 3s] [5h]
wALEXSANDRw: checks 
Dorex2007: checks 
*** SHOW DOWN ***
wALEXSANDRw: shows [7c 6c] (three of a kind, Fives)
Dorex2007: shows [Th Ts] (a full house, Fives full of Tens)
Dorex2007 collected $0.36 from pot
*** SUMMARY ***
Total pot $0.37 | Rake $0.01 
Board [5s 5d Jc 3s 5h]
Seat 1: Dorex2007 showed [Th Ts] and won ($0.36) with a full house, Fives full of Tens
Seat 2: bloody55hawk folded before Flop (didn't bet)
Seat 3: leo_leo_me folded before Flop (didn't bet)
Seat 4: silverzeno folded before Flop (didn't bet)
Seat 5: gn4444 folded on the Turn
Seat 7: 39Oleg (button) folded before Flop (didn't bet)
Seat 8: Till 110 (small blind) folded before Flop
Seat 9: wALEXSANDRw (big blind) showed [7c 6c] and lost with three of a kind, Fives



PokerStars Hand #223834311512:  Hold'em No Limit ($0.01/$0.02 USD) - 2021/02/15 1:03:42 PT [2021/02/15 4:03:42 ET]
Table 'Aura VI' 9-max Seat #9 is the button
Seat 1: Dorex2007 ($1.51 in chips) 
Seat 2: bloody55hawk ($0.83 in chips) 
Seat 3: leo_leo_me ($0.78 in chips) 
Seat 4: silverzeno ($3.63 in chips) 
Seat 5: gn4444 ($2 in chips) 
Seat 6: ElenaIzabela777 ($2 in chips) 
Seat 7: 39Oleg ($1.80 in chips) 
Seat 9: wALEXSANDRw ($1.21 in chips) 
Dorex2007: posts small blind $0.01
bloody55hawk: posts big blind $0.02
*** HOLE CARDS ***
Dealt to Dorex2007 [7c 5s]
leo_leo_me: folds 
silverzeno: folds 
gn4444: folds 
ElenaIzabela777: folds 
39Oleg: folds 
wALEXSANDRw has timed out
wALEXSANDRw: folds 
Dorex2007: folds 
Uncalled bet ($0.01) returned to bloody55hawk
bloody55hawk collected $0.02 from pot
bloody55hawk: doesn't show hand 
*** SUMMARY ***
Total pot $0.02 | Rake $0 
Seat 1: Dorex2007 (small blind) folded before Flop
Seat 2: bloody55hawk (big blind) collected ($0.02)
Seat 3: leo_leo_me folded before Flop (didn't bet)
Seat 4: silverzeno folded before Flop (didn't bet)
Seat 5: gn4444 folded before Flop (didn't bet)
Seat 6: ElenaIzabela777 folded before Flop (didn't bet)
Seat 7: 39Oleg folded before Flop (didn't bet)
Seat 9: wALEXSANDRw (button) folded before Flop (didn't bet)



PokerStars Hand #223834317265:  Hold'em No Limit ($0.01/$0.02 USD) - 2021/02/15 1:04:08 PT [2021/02/15 4:04:08 ET]
Table 'Aura VI' 9-max Seat #1 is the button
Seat 1: Dorex2007 ($1.50 in chips) 
Seat 2: bloody55hawk ($0.84 in chips) 
Seat 3: leo_leo_me ($0.78 in chips) 
Seat 4: silverzeno ($3.63 in chips) 
Seat 5: gn4444 ($2 in chips) 
Seat 6: ElenaIzabela777 ($2 in chips) 
Seat 7: 39Oleg ($1.80 in chips) 
bloody55hawk: posts small blind $0.01
leo_leo_me: posts big blind $0.02
*** HOLE CARDS ***
Dealt to Dorex2007 [8c 7s]
silverzeno: folds 
gn4444: folds 
ElenaIzabela777: folds 
39Oleg: folds 
Dorex2007: folds 
bloody55hawk: folds 
Uncalled bet ($0.01) returned to leo_leo_me
leo_leo_me collected $0.02 from pot
leo_leo_me: doesn't show hand 
*** SUMMARY ***
Total pot $0.02 | Rake $0 
Seat 1: Dorex2007 (button) folded before Flop (didn't bet)
Seat 2: bloody55hawk (small blind) folded before Flop
Seat 3: leo_leo_me (big blind) collected ($0.02)
Seat 4: silverzeno folded before Flop (didn't bet)
Seat 5: gn4444 folded before Flop (didn't bet)
Seat 6: ElenaIzabela777 folded before Flop (didn't bet)
Seat 7: 39Oleg folded before Flop (didn't bet)



