PokerStars Hand #230410025460:  Hold'em No Limit ($0.01/$0.02 USD) - 2021/10/06 16:04:51 PT [2021/10/06 19:04:51 ET]
Table 'Haremari III' 9-max Seat #1 is the button
Seat 1: charliesolac ($5.16 in chips) 
Seat 2: Jones.OM ($6.47 in chips) 
Seat 3: FilMiami ($0.72 in chips) 
Seat 4: alkilados ($3.01 in chips) 
Seat 5: KaurisDream ($2 in chips) 
Seat 7: Dorex2007 ($2 in chips) 
Seat 8: alestilo_21 ($1.08 in chips) 
Seat 9: speedmato ($1.60 in chips) 
Jones.OM: posts small blind $0.01
FilMiami: posts big blind $0.02
Dorex2007: posts big blind $0.02
speedmato: posts big blind $0.02
*** HOLE CARDS ***
Dealt to Dorex2007 [8h 9h]
alkilados: folds 
KaurisDream: folds 
Dorex2007: checks 
alestilo_21: folds 
speedmato: checks 
charliesolac: calls $0.02
Jones.OM: calls $0.01
FilMiami: checks 
*** FLOP *** [2d Ac 3d]
Jones.OM: checks 
FilMiami: bets $0.05
Dorex2007: folds 
speedmato: calls $0.05
charliesolac: calls $0.05
Jones.OM: folds 
*** TURN *** [2d Ac 3d] [Kh]
FilMiami: bets $0.08
speedmato: calls $0.08
charliesolac: folds 
*** RIVER *** [2d Ac 3d Kh] [5h]
FilMiami: bets $0.10
speedmato: calls $0.10
*** SHOW DOWN ***
FilMiami: shows [As 8c] (a pair of Aces)
speedmato: mucks hand 
FilMiami collected $0.59 from pot
*** SUMMARY ***
Total pot $0.61 | Rake $0.02 
Board [2d Ac 3d Kh 5h]
Seat 1: charliesolac (button) folded on the Turn
Seat 2: Jones.OM (small blind) folded on the Flop
Seat 3: FilMiami (big blind) showed [As 8c] and won ($0.59) with a pair of Aces
Seat 4: alkilados folded before Flop (didn't bet)
Seat 5: KaurisDream folded before Flop (didn't bet)
Seat 7: Dorex2007 folded on the Flop (didn't bet)
Seat 8: alestilo_21 folded before Flop (didn't bet)
Seat 9: speedmato mucked [Kc Td]



