PokerStars Hand #231684100851:  Hold'em No Limit ($0.01/$0.02 USD) - 2021/11/24 22:26:42 PT [2021/11/25 1:26:42 ET]
Table 'Auricula II' 9-max Seat #2 is the button
Seat 1: bojnice21 ($2 in chips) 
Seat 2: Davorcon ($1.06 in chips) 
Seat 3: CheckCheckAI ($2 in chips) 
Seat 4: tyukach ($2 in chips) 
Seat 5: edoschenko ($2.12 in chips) 
Seat 6: Alexsabur ($5.30 in chips) 
Seat 7: Dorex2007 ($2 in chips) 
Seat 8: BOCTOK88 ($0.82 in chips) 
Seat 9: Urasik1979 ($1 in chips) 
CheckCheckAI: posts small blind $0.01
tyukach: posts big blind $0.02
Dorex2007: posts big blind $0.02
bojnice21: posts big blind $0.02
*** HOLE CARDS ***
Dealt to Dorex2007 [Js Jh]
edoschenko: folds 
Alexsabur: calls $0.02
Dorex2007: raises $0.04 to $0.06
BOCTOK88: folds 
Urasik1979: folds 
bojnice21: calls $0.04
Davorcon: folds 
CheckCheckAI: folds 
tyukach: folds 
Alexsabur: calls $0.04
*** FLOP *** [Qd Ac 8c]
Alexsabur: checks 
Dorex2007: checks 
bojnice21: checks 
*** TURN *** [Qd Ac 8c] [2h]
Alexsabur: checks 
Dorex2007: bets $0.02
bojnice21: folds 
Alexsabur: calls $0.02
*** RIVER *** [Qd Ac 8c 2h] [5s]
Alexsabur: checks 
Dorex2007: checks 
*** SHOW DOWN ***
Alexsabur: shows [7c 6c] (high card Ace)
Dorex2007: shows [Js Jh] (a pair of Jacks)
Dorex2007 collected $0.24 from pot
*** SUMMARY ***
Total pot $0.25 | Rake $0.01 
Board [Qd Ac 8c 2h 5s]
Seat 1: bojnice21 folded on the Turn
Seat 2: Davorcon (button) folded before Flop (didn't bet)
Seat 3: CheckCheckAI (small blind) folded before Flop
Seat 4: tyukach (big blind) folded before Flop
Seat 5: edoschenko folded before Flop (didn't bet)
Seat 6: Alexsabur showed [7c 6c] and lost with high card Ace
Seat 7: Dorex2007 showed [Js Jh] and won ($0.24) with a pair of Jacks
Seat 8: BOCTOK88 folded before Flop (didn't bet)
Seat 9: Urasik1979 folded before Flop (didn't bet)



PokerStars Hand #231684108397:  Hold'em No Limit ($0.01/$0.02 USD) - 2021/11/24 22:27:41 PT [2021/11/25 1:27:41 ET]
Table 'Auricula II' 9-max Seat #3 is the button
Seat 1: bojnice21 ($1.94 in chips) 
Seat 2: Davorcon ($1.06 in chips) 
Seat 3: CheckCheckAI ($2 in chips) 
Seat 4: tyukach ($2 in chips) 
Seat 5: edoschenko ($2.12 in chips) 
Seat 6: Alexsabur ($5.22 in chips) 
Seat 7: Dorex2007 ($2.16 in chips) 
Seat 8: BOCTOK88 ($0.82 in chips) 
Seat 9: Urasik1979 ($1 in chips) 
tyukach: posts small blind $0.01
edoschenko: posts big blind $0.02
*** HOLE CARDS ***
Dealt to Dorex2007 [Kc Qc]
Alexsabur: raises $0.02 to $0.04
Dorex2007: calls $0.04
BOCTOK88: folds 
Urasik1979: folds 
bojnice21: folds 
Davorcon: folds 
CheckCheckAI: folds 
tyukach: folds 
edoschenko: folds 
*** FLOP *** [Jd 8d Jc]
Alexsabur: bets $0.06
Dorex2007: folds 
Uncalled bet ($0.06) returned to Alexsabur
Alexsabur collected $0.11 from pot
*** SUMMARY ***
Total pot $0.11 | Rake $0 
Board [Jd 8d Jc]
Seat 1: bojnice21 folded before Flop (didn't bet)
Seat 2: Davorcon folded before Flop (didn't bet)
Seat 3: CheckCheckAI (button) folded before Flop (didn't bet)
Seat 4: tyukach (small blind) folded before Flop
Seat 5: edoschenko (big blind) folded before Flop
Seat 6: Alexsabur collected ($0.11)
Seat 7: Dorex2007 folded on the Flop
Seat 8: BOCTOK88 folded before Flop (didn't bet)
Seat 9: Urasik1979 folded before Flop (didn't bet)



PokerStars Hand #231684113373:  Hold'em No Limit ($0.01/$0.02 USD) - 2021/11/24 22:28:18 PT [2021/11/25 1:28:18 ET]
Table 'Auricula II' 9-max Seat #4 is the button
Seat 1: bojnice21 ($1.94 in chips) 
Seat 2: Davorcon ($1.06 in chips) 
Seat 3: CheckCheckAI ($2 in chips) 
Seat 4: tyukach ($2 in chips) 
Seat 5: edoschenko ($2.10 in chips) 
Seat 6: Alexsabur ($5.29 in chips) 
Seat 7: Dorex2007 ($2.12 in chips) 
Seat 8: BOCTOK88 ($0.82 in chips) 
Seat 9: Urasik1979 ($1 in chips) 
edoschenko: posts small blind $0.01
Alexsabur: posts big blind $0.02
*** HOLE CARDS ***
Dealt to Dorex2007 [Ts 4d]
Dorex2007: folds 
BOCTOK88: calls $0.02
Urasik1979: calls $0.02
bojnice21: folds 
Davorcon: folds 
CheckCheckAI: folds 
tyukach: folds 
edoschenko: folds 
Alexsabur: raises $0.06 to $0.08
BOCTOK88: calls $0.06
Urasik1979: folds 
*** FLOP *** [4s Kd Td]
Alexsabur: bets $0.09
BOCTOK88: calls $0.09
*** TURN *** [4s Kd Td] [Js]
Alexsabur: bets $0.18
BOCTOK88: calls $0.18
*** RIVER *** [4s Kd Td Js] [9c]
Alexsabur: checks 
BOCTOK88: checks 
*** SHOW DOWN ***
Alexsabur: shows [Jh Ac] (a pair of Jacks)
BOCTOK88: mucks hand 
Alexsabur collected $0.70 from pot
*** SUMMARY ***
Total pot $0.73 | Rake $0.03 
Board [4s Kd Td Js 9c]
Seat 1: bojnice21 folded before Flop (didn't bet)
Seat 2: Davorcon folded before Flop (didn't bet)
Seat 3: CheckCheckAI folded before Flop (didn't bet)
Seat 4: tyukach (button) folded before Flop (didn't bet)
Seat 5: edoschenko (small blind) folded before Flop
Seat 6: Alexsabur (big blind) showed [Jh Ac] and won ($0.70) with a pair of Jacks
Seat 7: Dorex2007 folded before Flop (didn't bet)
Seat 8: BOCTOK88 mucked [7s 6s]
Seat 9: Urasik1979 folded before Flop



PokerStars Hand #231684124689:  Hold'em No Limit ($0.01/$0.02 USD) - 2021/11/24 22:29:17 PT [2021/11/25 1:29:17 ET]
Table 'Auricula II' 9-max Seat #5 is the button
Seat 1: bojnice21 ($1.94 in chips) 
Seat 2: Davorcon ($1.06 in chips) 
Seat 3: CheckCheckAI ($2 in chips) 
Seat 4: tyukach ($2 in chips) 
Seat 5: edoschenko ($2.09 in chips) 
Seat 6: Alexsabur ($5.64 in chips) 
Seat 7: Dorex2007 ($2.12 in chips) 
Seat 8: BOCTOK88 ($0.47 in chips) 
Seat 9: Urasik1979 ($0.98 in chips) 
Alexsabur: posts small blind $0.01
Dorex2007: posts big blind $0.02
*** HOLE CARDS ***
Dealt to Dorex2007 [8d 6c]
BOCTOK88: raises $0.02 to $0.04
Urasik1979: calls $0.04
bojnice21: folds 
Davorcon: folds 
CheckCheckAI: folds 
tyukach: folds 
edoschenko: calls $0.04
Alexsabur: folds 
Dorex2007: folds 
*** FLOP *** [8c 7d Jc]
BOCTOK88: checks 
Urasik1979: checks 
edoschenko: checks 
*** TURN *** [8c 7d Jc] [3c]
BOCTOK88: checks 
Urasik1979: checks 
edoschenko: checks 
*** RIVER *** [8c 7d Jc 3c] [Js]
BOCTOK88: checks 
Urasik1979: checks 
edoschenko: checks 
*** SHOW DOWN ***
BOCTOK88: shows [9h 9s] (two pair, Jacks and Nines)
Urasik1979: mucks hand 
edoschenko: mucks hand 
BOCTOK88 collected $0.14 from pot
*** SUMMARY ***
Total pot $0.15 | Rake $0.01 
Board [8c 7d Jc 3c Js]
Seat 1: bojnice21 folded before Flop (didn't bet)
Seat 2: Davorcon folded before Flop (didn't bet)
Seat 3: CheckCheckAI folded before Flop (didn't bet)
Seat 4: tyukach folded before Flop (didn't bet)
Seat 5: edoschenko (button) mucked [As 5h]
Seat 6: Alexsabur (small blind) folded before Flop
Seat 7: Dorex2007 (big blind) folded before Flop
Seat 8: BOCTOK88 showed [9h 9s] and won ($0.14) with two pair, Jacks and Nines
Seat 9: Urasik1979 mucked [Qd Td]



PokerStars Hand #231684133968:  Hold'em No Limit ($0.01/$0.02 USD) - 2021/11/24 22:30:26 PT [2021/11/25 1:30:26 ET]
Table 'Auricula II' 9-max Seat #7 is the button
Seat 1: bojnice21 ($1.94 in chips) 
Seat 2: Davorcon ($1.06 in chips) 
Seat 3: CheckCheckAI ($2 in chips) 
Seat 4: tyukach ($2 in chips) 
Seat 5: edoschenko ($2.05 in chips) 
Seat 7: Dorex2007 ($2.10 in chips) 
Seat 8: BOCTOK88 ($0.57 in chips) 
Seat 9: Urasik1979 ($0.94 in chips) 
BOCTOK88: posts small blind $0.01
Urasik1979: posts big blind $0.02
*** HOLE CARDS ***
Dealt to Dorex2007 [3c 6c]
bojnice21: calls $0.02
Davorcon: folds 
CheckCheckAI: folds 
tyukach: folds 
edoschenko: raises $0.04 to $0.06
Dorex2007: folds 
BOCTOK88: calls $0.05
Urasik1979: folds 
bojnice21: calls $0.04
*** FLOP *** [Ks 2c 5h]
BOCTOK88: checks 
bojnice21: checks 
edoschenko: checks 
*** TURN *** [Ks 2c 5h] [4d]
BOCTOK88: bets $0.04
bojnice21: folds 
edoschenko: calls $0.04
*** RIVER *** [Ks 2c 5h 4d] [9h]
BOCTOK88: checks 
edoschenko: checks 
*** SHOW DOWN ***
BOCTOK88: shows [Kd Ts] (a pair of Kings)
edoschenko: mucks hand 
BOCTOK88 collected $0.27 from pot
*** SUMMARY ***
Total pot $0.28 | Rake $0.01 
Board [Ks 2c 5h 4d 9h]
Seat 1: bojnice21 folded on the Turn
Seat 2: Davorcon folded before Flop (didn't bet)
Seat 3: CheckCheckAI folded before Flop (didn't bet)
Seat 4: tyukach folded before Flop (didn't bet)
Seat 5: edoschenko mucked [Ah 9s]
Seat 7: Dorex2007 (button) folded before Flop (didn't bet)
Seat 8: BOCTOK88 (small blind) showed [Kd Ts] and won ($0.27) with a pair of Kings
Seat 9: Urasik1979 (big blind) folded before Flop



PokerStars Hand #231684141260:  Hold'em No Limit ($0.01/$0.02 USD) - 2021/11/24 22:31:20 PT [2021/11/25 1:31:20 ET]
Table 'Auricula II' 9-max Seat #8 is the button
Seat 1: bojnice21 ($1.88 in chips) 
Seat 2: Davorcon ($1.06 in chips) 
Seat 3: CheckCheckAI ($2 in chips) 
Seat 4: tyukach ($2 in chips) 
Seat 5: edoschenko ($1.95 in chips) 
Seat 6: Alexsabur ($5.63 in chips) 
Seat 7: Dorex2007 ($2.10 in chips) 
Seat 8: BOCTOK88 ($0.74 in chips) 
Seat 9: Urasik1979 ($0.92 in chips) 
Urasik1979: posts small blind $0.01
bojnice21: posts big blind $0.02
*** HOLE CARDS ***
Dealt to Dorex2007 [3d Ac]
Davorcon: folds 
CheckCheckAI: folds 
tyukach: folds 
edoschenko: calls $0.02
Alexsabur: calls $0.02
Dorex2007: folds 
BOCTOK88: calls $0.02
Urasik1979: folds 
bojnice21: checks 
*** FLOP *** [5h 3c Ah]
bojnice21: checks 
edoschenko: checks 
Alexsabur: checks 
BOCTOK88: checks 
*** TURN *** [5h 3c Ah] [4s]
bojnice21: checks 
edoschenko: checks 
Alexsabur: bets $0.09
BOCTOK88: calls $0.09
bojnice21: calls $0.09
edoschenko: folds 
*** RIVER *** [5h 3c Ah 4s] [5c]
bojnice21: checks 
Alexsabur: bets $0.35
BOCTOK88: folds 
bojnice21: folds 
Uncalled bet ($0.35) returned to Alexsabur
Alexsabur collected $0.35 from pot
*** SUMMARY ***
Total pot $0.36 | Rake $0.01 
Board [5h 3c Ah 4s 5c]
Seat 1: bojnice21 (big blind) folded on the River
Seat 2: Davorcon folded before Flop (didn't bet)
Seat 3: CheckCheckAI folded before Flop (didn't bet)
Seat 4: tyukach folded before Flop (didn't bet)
Seat 5: edoschenko folded on the Turn
Seat 6: Alexsabur collected ($0.35)
Seat 7: Dorex2007 folded before Flop (didn't bet)
Seat 8: BOCTOK88 (button) folded on the River
Seat 9: Urasik1979 (small blind) folded before Flop



PokerStars Hand #231684149908:  Hold'em No Limit ($0.01/$0.02 USD) - 2021/11/24 22:32:24 PT [2021/11/25 1:32:24 ET]
Table 'Auricula II' 9-max Seat #9 is the button
Seat 1: bojnice21 ($1.77 in chips) 
Seat 2: Davorcon ($1.06 in chips) 
Seat 3: CheckCheckAI ($2 in chips) 
Seat 4: tyukach ($2 in chips) 
Seat 5: edoschenko ($1.93 in chips) 
Seat 6: Alexsabur ($5.87 in chips) 
Seat 7: Dorex2007 ($2.10 in chips) 
Seat 8: BOCTOK88 ($0.63 in chips) 
Seat 9: Urasik1979 ($0.91 in chips) 
bojnice21: posts small blind $0.01
Davorcon: posts big blind $0.02
*** HOLE CARDS ***
Dealt to Dorex2007 [8s Tc]
CheckCheckAI: folds 
tyukach: folds 
edoschenko: raises $0.06 to $0.08
Alexsabur: folds 
Dorex2007: folds 
BOCTOK88: folds 
Urasik1979: folds 
bojnice21: folds 
Davorcon: folds 
Uncalled bet ($0.06) returned to edoschenko
edoschenko collected $0.05 from pot
*** SUMMARY ***
Total pot $0.05 | Rake $0 
Seat 1: bojnice21 (small blind) folded before Flop
Seat 2: Davorcon (big blind) folded before Flop
Seat 3: CheckCheckAI folded before Flop (didn't bet)
Seat 4: tyukach folded before Flop (didn't bet)
Seat 5: edoschenko collected ($0.05)
Seat 6: Alexsabur folded before Flop (didn't bet)
Seat 7: Dorex2007 folded before Flop (didn't bet)
Seat 8: BOCTOK88 folded before Flop (didn't bet)
Seat 9: Urasik1979 (button) folded before Flop (didn't bet)



PokerStars Hand #231684152970:  Hold'em No Limit ($0.01/$0.02 USD) - 2021/11/24 22:32:47 PT [2021/11/25 1:32:47 ET]
Table 'Auricula II' 9-max Seat #1 is the button
Seat 1: bojnice21 ($1.76 in chips) 
Seat 2: Davorcon ($1.04 in chips) 
Seat 3: CheckCheckAI ($2 in chips) 
Seat 4: tyukach ($2 in chips) 
Seat 5: edoschenko ($1.96 in chips) 
Seat 6: Alexsabur ($5.87 in chips) 
Seat 7: Dorex2007 ($2.10 in chips) 
Seat 8: BOCTOK88 ($0.63 in chips) 
Seat 9: Urasik1979 ($0.91 in chips) 
Davorcon: posts small blind $0.01
CheckCheckAI: posts big blind $0.02
*** HOLE CARDS ***
Dealt to Dorex2007 [6c 9h]
tyukach: folds 
edoschenko: folds 
Alexsabur: folds 
Dorex2007: folds 
BOCTOK88: folds 
Urasik1979: folds 
bojnice21: folds 
Davorcon: folds 
Uncalled bet ($0.01) returned to CheckCheckAI
CheckCheckAI collected $0.02 from pot
CheckCheckAI: doesn't show hand 
*** SUMMARY ***
Total pot $0.02 | Rake $0 
Seat 1: bojnice21 (button) folded before Flop (didn't bet)
Seat 2: Davorcon (small blind) folded before Flop
Seat 3: CheckCheckAI (big blind) collected ($0.02)
Seat 4: tyukach folded before Flop (didn't bet)
Seat 5: edoschenko folded before Flop (didn't bet)
Seat 6: Alexsabur folded before Flop (didn't bet)
Seat 7: Dorex2007 folded before Flop (didn't bet)
Seat 8: BOCTOK88 folded before Flop (didn't bet)
Seat 9: Urasik1979 folded before Flop (didn't bet)



PokerStars Hand #231684155037:  Hold'em No Limit ($0.01/$0.02 USD) - 2021/11/24 22:33:02 PT [2021/11/25 1:33:02 ET]
Table 'Auricula II' 9-max Seat #2 is the button
Seat 1: bojnice21 ($1.76 in chips) 
Seat 2: Davorcon ($1.03 in chips) 
Seat 3: CheckCheckAI ($2.01 in chips) 
Seat 5: edoschenko ($1.96 in chips) 
Seat 6: Alexsabur ($5.87 in chips) 
Seat 7: Dorex2007 ($2.10 in chips) 
Seat 8: BOCTOK88 ($0.63 in chips) 
Seat 9: Urasik1979 ($0.91 in chips) 
CheckCheckAI: posts small blind $0.01
tyukach: is sitting out 
edoschenko: posts big blind $0.02
*** HOLE CARDS ***
Dealt to Dorex2007 [8d 7h]
Alexsabur: folds 
Dorex2007: folds 
BOCTOK88: folds 
Urasik1979: folds 
bojnice21: folds 
Davorcon: folds 
CheckCheckAI: folds 
Uncalled bet ($0.01) returned to edoschenko
edoschenko collected $0.02 from pot
*** SUMMARY ***
Total pot $0.02 | Rake $0 
Seat 1: bojnice21 folded before Flop (didn't bet)
Seat 2: Davorcon (button) folded before Flop (didn't bet)
Seat 3: CheckCheckAI (small blind) folded before Flop
Seat 5: edoschenko (big blind) collected ($0.02)
Seat 6: Alexsabur folded before Flop (didn't bet)
Seat 7: Dorex2007 folded before Flop (didn't bet)
Seat 8: BOCTOK88 folded before Flop (didn't bet)
Seat 9: Urasik1979 folded before Flop (didn't bet)



PokerStars Hand #231684157148:  Hold'em No Limit ($0.01/$0.02 USD) - 2021/11/24 22:33:18 PT [2021/11/25 1:33:18 ET]
Table 'Auricula II' 9-max Seat #3 is the button
Seat 1: bojnice21 ($1.76 in chips) 
Seat 2: Davorcon ($1.03 in chips) 
Seat 3: CheckCheckAI ($2 in chips) 
Seat 5: edoschenko ($1.97 in chips) 
Seat 6: Alexsabur ($5.87 in chips) 
Seat 7: Dorex2007 ($2.10 in chips) 
Seat 8: BOCTOK88 ($0.63 in chips) 
Seat 9: Urasik1979 ($0.91 in chips) 
edoschenko: posts small blind $0.01
Alexsabur: posts big blind $0.02
*** HOLE CARDS ***
Dealt to Dorex2007 [Ah 2d]
Dorex2007: folds 
BOCTOK88: folds 
Urasik1979: folds 
bojnice21: folds 
Davorcon: folds 
CheckCheckAI: folds 
edoschenko: folds 
Uncalled bet ($0.01) returned to Alexsabur
Alexsabur collected $0.02 from pot
*** SUMMARY ***
Total pot $0.02 | Rake $0 
Seat 1: bojnice21 folded before Flop (didn't bet)
Seat 2: Davorcon folded before Flop (didn't bet)
Seat 3: CheckCheckAI (button) folded before Flop (didn't bet)
Seat 5: edoschenko (small blind) folded before Flop
Seat 6: Alexsabur (big blind) collected ($0.02)
Seat 7: Dorex2007 folded before Flop (didn't bet)
Seat 8: BOCTOK88 folded before Flop (didn't bet)
Seat 9: Urasik1979 folded before Flop (didn't bet)



PokerStars Hand #231684159271:  Hold'em No Limit ($0.01/$0.02 USD) - 2021/11/24 22:33:33 PT [2021/11/25 1:33:33 ET]
Table 'Auricula II' 9-max Seat #5 is the button
Seat 1: bojnice21 ($1.76 in chips) 
Seat 2: Davorcon ($1.03 in chips) 
Seat 3: CheckCheckAI ($2 in chips) 
Seat 5: edoschenko ($1.96 in chips) 
Seat 6: Alexsabur ($5.88 in chips) 
Seat 7: Dorex2007 ($2.10 in chips) 
Seat 8: BOCTOK88 ($0.63 in chips) 
Seat 9: Urasik1979 ($0.91 in chips) 
Alexsabur: posts small blind $0.01
Dorex2007: posts big blind $0.02
*** HOLE CARDS ***
Dealt to Dorex2007 [4s 5s]
BOCTOK88: calls $0.02
tyukach leaves the table
Urasik1979: folds 
bojnice21: folds 
Davorcon: folds 
Mr.Vendetta_101 joins the table at seat #4 
CheckCheckAI: raises $0.03 to $0.05
edoschenko: calls $0.05
Alexsabur: calls $0.04
Dorex2007: folds 
BOCTOK88: calls $0.03
*** FLOP *** [9c 4c Ts]
Alexsabur: checks 
BOCTOK88: checks 
CheckCheckAI: bets $0.16
edoschenko: folds 
Alexsabur: folds 
BOCTOK88: calls $0.16
*** TURN *** [9c 4c Ts] [Js]
BOCTOK88: checks 
CheckCheckAI: bets $0.42
BOCTOK88: calls $0.42 and is all-in
*** RIVER *** [9c 4c Ts Js] [8h]
*** SHOW DOWN ***
BOCTOK88: shows [Qh Jh] (a straight, Eight to Queen)
CheckCheckAI: shows [8c 7c] (a straight, Seven to Jack)
BOCTOK88 collected $1.33 from pot
*** SUMMARY ***
Total pot $1.38 | Rake $0.05 
Board [9c 4c Ts Js 8h]
Seat 1: bojnice21 folded before Flop (didn't bet)
Seat 2: Davorcon folded before Flop (didn't bet)
Seat 3: CheckCheckAI showed [8c 7c] and lost with a straight, Seven to Jack
Seat 5: edoschenko (button) folded on the Flop
Seat 6: Alexsabur (small blind) folded on the Flop
Seat 7: Dorex2007 (big blind) folded before Flop
Seat 8: BOCTOK88 showed [Qh Jh] and won ($1.33) with a straight, Eight to Queen
Seat 9: Urasik1979 folded before Flop (didn't bet)



PokerStars Hand #231684169128:  Hold'em No Limit ($0.01/$0.02 USD) - 2021/11/24 22:34:46 PT [2021/11/25 1:34:46 ET]
Table 'Auricula II' 9-max Seat #6 is the button
Seat 1: bojnice21 ($1.76 in chips) 
Seat 2: Davorcon ($1.03 in chips) 
Seat 3: CheckCheckAI ($2 in chips) 
Seat 5: edoschenko ($1.91 in chips) 
Seat 6: Alexsabur ($5.83 in chips) 
Seat 7: Dorex2007 ($2.08 in chips) 
Seat 8: BOCTOK88 ($1.33 in chips) 
Seat 9: Urasik1979 ($0.91 in chips) 
Dorex2007: posts small blind $0.01
BOCTOK88: posts big blind $0.02
Mr.Vendetta_101: sits out 
*** HOLE CARDS ***
Dealt to Dorex2007 [5h 4c]
Urasik1979: folds 
bojnice21: folds 
Davorcon: folds 
CheckCheckAI: raises $0.05 to $0.07
edoschenko: folds 
Alexsabur: folds 
Dorex2007: folds 
BOCTOK88: folds 
Uncalled bet ($0.05) returned to CheckCheckAI
CheckCheckAI collected $0.05 from pot
CheckCheckAI: doesn't show hand 
*** SUMMARY ***
Total pot $0.05 | Rake $0 
Seat 1: bojnice21 folded before Flop (didn't bet)
Seat 2: Davorcon folded before Flop (didn't bet)
Seat 3: CheckCheckAI collected ($0.05)
Seat 5: edoschenko folded before Flop (didn't bet)
Seat 6: Alexsabur (button) folded before Flop (didn't bet)
Seat 7: Dorex2007 (small blind) folded before Flop
Seat 8: BOCTOK88 (big blind) folded before Flop
Seat 9: Urasik1979 folded before Flop (didn't bet)



PokerStars Hand #231684172190:  Hold'em No Limit ($0.01/$0.02 USD) - 2021/11/24 22:35:09 PT [2021/11/25 1:35:09 ET]
Table 'Auricula II' 9-max Seat #7 is the button
Seat 1: bojnice21 ($1.76 in chips) 
Seat 2: Davorcon ($1.03 in chips) 
Seat 3: CheckCheckAI ($2.03 in chips) 
Seat 5: edoschenko ($1.91 in chips) 
Seat 6: Alexsabur ($5.83 in chips) 
Seat 7: Dorex2007 ($2.07 in chips) 
Seat 8: BOCTOK88 ($1.31 in chips) 
Seat 9: Urasik1979 ($0.91 in chips) 
BOCTOK88: posts small blind $0.01
Urasik1979: posts big blind $0.02
Mr.Vendetta_101: sits out 
*** HOLE CARDS ***
Dealt to Dorex2007 [9d Ts]
bojnice21: folds 
Davorcon: folds 
CheckCheckAI: folds 
edoschenko: folds 
Alexsabur: raises $0.04 to $0.06
Dorex2007: folds 
BOCTOK88: folds 
Urasik1979: calls $0.04
*** FLOP *** [3h Js 8h]
Urasik1979: checks 
Alexsabur: bets $0.07
Urasik1979: calls $0.07
*** TURN *** [3h Js 8h] [9h]
Urasik1979: checks 
Alexsabur: bets $0.13
Urasik1979: calls $0.13
*** RIVER *** [3h Js 8h 9h] [Qh]
Urasik1979: checks 
Alexsabur: checks 
*** SHOW DOWN ***
Urasik1979: shows [Ks Jh] (a flush, Queen high)
Alexsabur: mucks hand 
Urasik1979 collected $0.51 from pot
*** SUMMARY ***
Total pot $0.53 | Rake $0.02 
Board [3h Js 8h 9h Qh]
Seat 1: bojnice21 folded before Flop (didn't bet)
Seat 2: Davorcon folded before Flop (didn't bet)
Seat 3: CheckCheckAI folded before Flop (didn't bet)
Seat 5: edoschenko folded before Flop (didn't bet)
Seat 6: Alexsabur mucked [Qc Tc]
Seat 7: Dorex2007 (button) folded before Flop (didn't bet)
Seat 8: BOCTOK88 (small blind) folded before Flop
Seat 9: Urasik1979 (big blind) showed [Ks Jh] and won ($0.51) with a flush, Queen high



PokerStars Hand #231684178306:  Hold'em No Limit ($0.01/$0.02 USD) - 2021/11/24 22:35:54 PT [2021/11/25 1:35:54 ET]
Table 'Auricula II' 9-max Seat #8 is the button
Seat 1: bojnice21 ($1.76 in chips) 
Seat 2: Davorcon ($1.03 in chips) 
Seat 3: CheckCheckAI ($2.03 in chips) 
Seat 5: edoschenko ($1.91 in chips) 
Seat 6: Alexsabur ($5.57 in chips) 
Seat 7: Dorex2007 ($2.07 in chips) 
Seat 8: BOCTOK88 ($1.30 in chips) 
Seat 9: Urasik1979 ($1.16 in chips) 
Urasik1979: posts small blind $0.01
bojnice21: posts big blind $0.02
Mr.Vendetta_101: sits out 
*** HOLE CARDS ***
Dealt to Dorex2007 [3s 3h]
Davorcon: folds 
CheckCheckAI: folds 
edoschenko: folds 
Alexsabur: calls $0.02
Dorex2007: calls $0.02
BOCTOK88: calls $0.02
Urasik1979: calls $0.01
bojnice21: checks 
*** FLOP *** [8h Ad 9c]
Urasik1979: checks 
bojnice21: checks 
Alexsabur: bets $0.05
Dorex2007: folds 
BOCTOK88: calls $0.05
Urasik1979: folds 
bojnice21: raises $1.69 to $1.74 and is all-in
Alexsabur: folds 
BOCTOK88: calls $1.23 and is all-in
Uncalled bet ($0.46) returned to bojnice21
*** TURN *** [8h Ad 9c] [Jd]
*** RIVER *** [8h Ad 9c Jd] [Kh]
*** SHOW DOWN ***
bojnice21: shows [8d 9d] (two pair, Nines and Eights)
BOCTOK88: shows [Th Ah] (a pair of Aces)
bojnice21 cashed out the hand for $1.76 | Cash Out Fee $0.02
*** SUMMARY ***
Total pot $2.71 | Rake $0.09 
Board [8h Ad 9c Jd Kh]
Seat 1: bojnice21 (big blind) showed [8d 9d] and won ($2.62) with two pair, Nines and Eights (pot not awarded as player cashed out)
Seat 2: Davorcon folded before Flop (didn't bet)
Seat 3: CheckCheckAI folded before Flop (didn't bet)
Seat 5: edoschenko folded before Flop (didn't bet)
Seat 6: Alexsabur folded on the Flop
Seat 7: Dorex2007 folded on the Flop
Seat 8: BOCTOK88 (button) showed [Th Ah] and lost with a pair of Aces
Seat 9: Urasik1979 (small blind) folded on the Flop



PokerStars Hand #231684186291:  Hold'em No Limit ($0.01/$0.02 USD) - 2021/11/24 22:36:53 PT [2021/11/25 1:36:53 ET]
Table 'Auricula II' 9-max Seat #9 is the button
Seat 1: bojnice21 ($2.22 in chips) 
Seat 2: Davorcon ($1.03 in chips) 
Seat 3: CheckCheckAI ($2.03 in chips) 
Seat 5: edoschenko ($1.91 in chips) 
Seat 6: Alexsabur ($5.50 in chips) 
Seat 7: Dorex2007 ($2.05 in chips) 
Seat 9: Urasik1979 ($1.14 in chips) 
bojnice21: posts small blind $0.01
Davorcon: posts big blind $0.02
Mr.Vendetta_101: sits out 
*** HOLE CARDS ***
Dealt to Dorex2007 [Ad Jc]
CheckCheckAI: folds 
edoschenko: folds 
Alexsabur: folds 
Dorex2007: raises $0.04 to $0.06
Urasik1979: folds 
bojnice21: folds 
Davorcon: folds 
Uncalled bet ($0.04) returned to Dorex2007
Dorex2007 collected $0.05 from pot
Dorex2007: doesn't show hand 
*** SUMMARY ***
Total pot $0.05 | Rake $0 
Seat 1: bojnice21 (small blind) folded before Flop
Seat 2: Davorcon (big blind) folded before Flop
Seat 3: CheckCheckAI folded before Flop (didn't bet)
Seat 5: edoschenko folded before Flop (didn't bet)
Seat 6: Alexsabur folded before Flop (didn't bet)
Seat 7: Dorex2007 collected ($0.05)
Seat 9: Urasik1979 (button) folded before Flop (didn't bet)



PokerStars Hand #231684189110:  Hold'em No Limit ($0.01/$0.02 USD) - 2021/11/24 22:37:13 PT [2021/11/25 1:37:13 ET]
Table 'Auricula II' 9-max Seat #1 is the button
Seat 1: bojnice21 ($2.21 in chips) 
Seat 2: Davorcon ($1.01 in chips) 
Seat 3: CheckCheckAI ($2.03 in chips) 
Seat 5: edoschenko ($1.91 in chips) 
Seat 6: Alexsabur ($5.50 in chips) 
Seat 7: Dorex2007 ($2.08 in chips) 
Seat 8: BOCTOK88 ($0.80 in chips) 
Seat 9: Urasik1979 ($1.14 in chips) 
Davorcon: posts small blind $0.01
CheckCheckAI: posts big blind $0.02
Mr.Vendetta_101: sits out 
*** HOLE CARDS ***
Dealt to Dorex2007 [8s 9d]
edoschenko: folds 
Alexsabur: folds 
Dorex2007: folds 
BOCTOK88: folds 
Urasik1979: calls $0.02
bojnice21: calls $0.02
Davorcon: calls $0.01
CheckCheckAI: raises $0.10 to $0.12
Urasik1979: folds 
bojnice21: folds 
Davorcon: folds 
Uncalled bet ($0.10) returned to CheckCheckAI
CheckCheckAI collected $0.08 from pot
CheckCheckAI: doesn't show hand 
*** SUMMARY ***
Total pot $0.08 | Rake $0 
Seat 1: bojnice21 (button) folded before Flop
Seat 2: Davorcon (small blind) folded before Flop
Seat 3: CheckCheckAI (big blind) collected ($0.08)
Seat 5: edoschenko folded before Flop (didn't bet)
Seat 6: Alexsabur folded before Flop (didn't bet)
Seat 7: Dorex2007 folded before Flop (didn't bet)
Seat 8: BOCTOK88 folded before Flop (didn't bet)
Seat 9: Urasik1979 folded before Flop



PokerStars Hand #231684193193:  Hold'em No Limit ($0.01/$0.02 USD) - 2021/11/24 22:37:44 PT [2021/11/25 1:37:44 ET]
Table 'Auricula II' 9-max Seat #2 is the button
Seat 1: bojnice21 ($2.19 in chips) 
Seat 2: Davorcon ($0.99 in chips) 
Seat 3: CheckCheckAI ($2.09 in chips) 
Seat 4: Mr.Vendetta_101 ($1.32 in chips) 
Seat 5: edoschenko ($1.91 in chips) 
Seat 6: Alexsabur ($5.50 in chips) 
Seat 7: Dorex2007 ($2.08 in chips) 
Seat 8: BOCTOK88 ($0.80 in chips) 
Seat 9: Urasik1979 ($1.12 in chips) 
CheckCheckAI: posts small blind $0.01
Mr.Vendetta_101: posts big blind $0.02
*** HOLE CARDS ***
Dealt to Dorex2007 [3c 4h]
edoschenko: raises $0.04 to $0.06
Alexsabur: folds 
Dorex2007: folds 
BOCTOK88: folds 
Urasik1979: folds 
bojnice21: folds 
Davorcon: calls $0.06
CheckCheckAI: folds 
Mr.Vendetta_101: folds 
*** FLOP *** [5d 9s 8h]
edoschenko: checks 
Davorcon: checks 
*** TURN *** [5d 9s 8h] [Jh]
edoschenko: checks 
Davorcon: checks 
*** RIVER *** [5d 9s 8h Jh] [Td]
edoschenko: checks 
Davorcon: checks 
*** SHOW DOWN ***
edoschenko: shows [As Ks] (high card Ace)
Davorcon: shows [3s 3d] (a pair of Threes)
Davorcon collected $0.14 from pot
*** SUMMARY ***
Total pot $0.15 | Rake $0.01 
Board [5d 9s 8h Jh Td]
Seat 1: bojnice21 folded before Flop (didn't bet)
Seat 2: Davorcon (button) showed [3s 3d] and won ($0.14) with a pair of Threes
Seat 3: CheckCheckAI (small blind) folded before Flop
Seat 4: Mr.Vendetta_101 (big blind) folded before Flop
Seat 5: edoschenko showed [As Ks] and lost with high card Ace
Seat 6: Alexsabur folded before Flop (didn't bet)
Seat 7: Dorex2007 folded before Flop (didn't bet)
Seat 8: BOCTOK88 folded before Flop (didn't bet)
Seat 9: Urasik1979 folded before Flop (didn't bet)



PokerStars Hand #231684197154:  Hold'em No Limit ($0.01/$0.02 USD) - 2021/11/24 22:38:13 PT [2021/11/25 1:38:13 ET]
Table 'Auricula II' 9-max Seat #3 is the button
Seat 1: bojnice21 ($2.19 in chips) 
Seat 2: Davorcon ($1.07 in chips) 
Seat 3: CheckCheckAI ($2.08 in chips) 
Seat 4: Mr.Vendetta_101 ($1.30 in chips) 
Seat 5: edoschenko ($1.85 in chips) 
Seat 6: Alexsabur ($5.50 in chips) 
Seat 7: Dorex2007 ($2.08 in chips) 
Seat 8: BOCTOK88 ($0.80 in chips) 
Seat 9: Urasik1979 ($1.12 in chips) 
Mr.Vendetta_101: posts small blind $0.01
edoschenko: posts big blind $0.02
*** HOLE CARDS ***
Dealt to Dorex2007 [4s 5d]
Alexsabur: folds 
Dorex2007: calls $0.02
BOCTOK88: folds 
Urasik1979: calls $0.02
bojnice21: folds 
Davorcon: raises $0.10 to $0.12
CheckCheckAI: folds 
Mr.Vendetta_101: calls $0.11
edoschenko: calls $0.10
Dorex2007: folds 
Urasik1979: folds 
*** FLOP *** [Js Th 7c]
Mr.Vendetta_101: bets $0.02
edoschenko: calls $0.02
Davorcon: calls $0.02
*** TURN *** [Js Th 7c] [9c]
Mr.Vendetta_101: bets $0.44
edoschenko: folds 
Davorcon: folds 
Uncalled bet ($0.44) returned to Mr.Vendetta_101
Mr.Vendetta_101 collected $0.44 from pot
Mr.Vendetta_101: doesn't show hand 
*** SUMMARY ***
Total pot $0.46 | Rake $0.02 
Board [Js Th 7c 9c]
Seat 1: bojnice21 folded before Flop (didn't bet)
Seat 2: Davorcon folded on the Turn
Seat 3: CheckCheckAI (button) folded before Flop (didn't bet)
Seat 4: Mr.Vendetta_101 (small blind) collected ($0.44)
Seat 5: edoschenko (big blind) folded on the Turn
Seat 6: Alexsabur folded before Flop (didn't bet)
Seat 7: Dorex2007 folded before Flop
Seat 8: BOCTOK88 folded before Flop (didn't bet)
Seat 9: Urasik1979 folded before Flop



PokerStars Hand #231684206154:  Hold'em No Limit ($0.01/$0.02 USD) - 2021/11/24 22:39:19 PT [2021/11/25 1:39:19 ET]
Table 'Auricula II' 9-max Seat #4 is the button
Seat 1: bojnice21 ($2.19 in chips) 
Seat 2: Davorcon ($0.93 in chips) 
Seat 3: CheckCheckAI ($2.08 in chips) 
Seat 4: Mr.Vendetta_101 ($1.60 in chips) 
Seat 5: edoschenko ($1.71 in chips) 
Seat 6: Alexsabur ($5.50 in chips) 
Seat 7: Dorex2007 ($2.06 in chips) 
Seat 8: BOCTOK88 ($0.80 in chips) 
Seat 9: Urasik1979 ($1.10 in chips) 
edoschenko: posts small blind $0.01
Alexsabur: posts big blind $0.02
*** HOLE CARDS ***
Dealt to Dorex2007 [Ts Td]
Dorex2007: raises $0.02 to $0.04
BOCTOK88: folds 
Urasik1979: calls $0.04
bojnice21: folds 
Davorcon: folds 
CheckCheckAI: folds 
Mr.Vendetta_101: folds 
edoschenko: folds 
Alexsabur: calls $0.02
*** FLOP *** [Ac 9s 9h]
Alexsabur: checks 
Dorex2007: checks 
Urasik1979: bets $0.07
Alexsabur: folds 
Dorex2007: folds 
Uncalled bet ($0.07) returned to Urasik1979
Urasik1979 collected $0.13 from pot
*** SUMMARY ***
Total pot $0.13 | Rake $0 
Board [Ac 9s 9h]
Seat 1: bojnice21 folded before Flop (didn't bet)
Seat 2: Davorcon folded before Flop (didn't bet)
Seat 3: CheckCheckAI folded before Flop (didn't bet)
Seat 4: Mr.Vendetta_101 (button) folded before Flop (didn't bet)
Seat 5: edoschenko (small blind) folded before Flop
Seat 6: Alexsabur (big blind) folded on the Flop
Seat 7: Dorex2007 folded on the Flop
Seat 8: BOCTOK88 folded before Flop (didn't bet)
Seat 9: Urasik1979 collected ($0.13)



PokerStars Hand #231684211160:  Hold'em No Limit ($0.01/$0.02 USD) - 2021/11/24 22:39:55 PT [2021/11/25 1:39:55 ET]
Table 'Auricula II' 9-max Seat #5 is the button
Seat 1: bojnice21 ($2.19 in chips) 
Seat 2: Davorcon ($0.93 in chips) 
Seat 3: CheckCheckAI ($2.08 in chips) 
Seat 4: Mr.Vendetta_101 ($1.60 in chips) 
Seat 5: edoschenko ($1.70 in chips) 
Seat 6: Alexsabur ($5.46 in chips) 
Seat 7: Dorex2007 ($2.02 in chips) 
Seat 8: BOCTOK88 ($0.80 in chips) 
Seat 9: Urasik1979 ($1.19 in chips) 
Alexsabur: posts small blind $0.01
Dorex2007: posts big blind $0.02
*** HOLE CARDS ***
Dealt to Dorex2007 [Ks 7h]
BOCTOK88: folds 
Urasik1979: folds 
bojnice21: calls $0.02
Davorcon: folds 
CheckCheckAI: folds 
Mr.Vendetta_101: folds 
edoschenko: folds 
Alexsabur: calls $0.01
Dorex2007: checks 
*** FLOP *** [9d Jc Qc]
Alexsabur: checks 
Dorex2007: checks 
bojnice21: checks 
*** TURN *** [9d Jc Qc] [Kh]
Alexsabur: checks 
Dorex2007: bets $0.06
bojnice21: folds 
Alexsabur: folds 
Uncalled bet ($0.06) returned to Dorex2007
Dorex2007 collected $0.06 from pot
Dorex2007: doesn't show hand 
*** SUMMARY ***
Total pot $0.06 | Rake $0 
Board [9d Jc Qc Kh]
Seat 1: bojnice21 folded on the Turn
Seat 2: Davorcon folded before Flop (didn't bet)
Seat 3: CheckCheckAI folded before Flop (didn't bet)
Seat 4: Mr.Vendetta_101 folded before Flop (didn't bet)
Seat 5: edoschenko (button) folded before Flop (didn't bet)
Seat 6: Alexsabur (small blind) folded on the Turn
Seat 7: Dorex2007 (big blind) collected ($0.06)
Seat 8: BOCTOK88 folded before Flop (didn't bet)
Seat 9: Urasik1979 folded before Flop (didn't bet)



PokerStars Hand #231684215910:  Hold'em No Limit ($0.01/$0.02 USD) - 2021/11/24 22:40:29 PT [2021/11/25 1:40:29 ET]
Table 'Auricula II' 9-max Seat #6 is the button
Seat 1: bojnice21 ($2.17 in chips) 
Seat 2: Davorcon ($0.93 in chips) 
Seat 3: CheckCheckAI ($2.08 in chips) 
Seat 4: Mr.Vendetta_101 ($1.60 in chips) 
Seat 5: edoschenko ($1.70 in chips) 
Seat 6: Alexsabur ($5.44 in chips) 
Seat 7: Dorex2007 ($2.06 in chips) 
Seat 8: BOCTOK88 ($0.80 in chips) 
Seat 9: Urasik1979 ($1.19 in chips) 
Dorex2007: posts small blind $0.01
BOCTOK88: posts big blind $0.02
*** HOLE CARDS ***
Dealt to Dorex2007 [Ac 6h]
Urasik1979: folds 
bojnice21: folds 
Davorcon: folds 
CheckCheckAI: folds 
Mr.Vendetta_101: folds 
edoschenko: folds 
Alexsabur: folds 
Dorex2007: folds 
Uncalled bet ($0.01) returned to BOCTOK88
BOCTOK88 collected $0.02 from pot
BOCTOK88: doesn't show hand 
*** SUMMARY ***
Total pot $0.02 | Rake $0 
Seat 1: bojnice21 folded before Flop (didn't bet)
Seat 2: Davorcon folded before Flop (didn't bet)
Seat 3: CheckCheckAI folded before Flop (didn't bet)
Seat 4: Mr.Vendetta_101 folded before Flop (didn't bet)
Seat 5: edoschenko folded before Flop (didn't bet)
Seat 6: Alexsabur (button) folded before Flop (didn't bet)
Seat 7: Dorex2007 (small blind) folded before Flop
Seat 8: BOCTOK88 (big blind) collected ($0.02)
Seat 9: Urasik1979 folded before Flop (didn't bet)



PokerStars Hand #231684219257:  Hold'em No Limit ($0.01/$0.02 USD) - 2021/11/24 22:40:53 PT [2021/11/25 1:40:53 ET]
Table 'Auricula II' 9-max Seat #7 is the button
Seat 1: bojnice21 ($2.17 in chips) 
Seat 2: Davorcon ($0.93 in chips) 
Seat 3: CheckCheckAI ($2.08 in chips) 
Seat 4: Mr.Vendetta_101 ($1.60 in chips) 
Seat 5: edoschenko ($1.70 in chips) 
Seat 6: Alexsabur ($5.44 in chips) 
Seat 7: Dorex2007 ($2.05 in chips) 
Seat 8: BOCTOK88 ($0.81 in chips) 
Seat 9: Urasik1979 ($1.19 in chips) 
BOCTOK88: posts small blind $0.01
Urasik1979: posts big blind $0.02
*** HOLE CARDS ***
Dealt to Dorex2007 [Ad Td]
bojnice21: folds 
Davorcon: folds 
CheckCheckAI: folds 
Mr.Vendetta_101: folds 
edoschenko: folds 
Alexsabur: folds 
Dorex2007: raises $0.04 to $0.06
BOCTOK88: folds 
Urasik1979: folds 
Uncalled bet ($0.04) returned to Dorex2007
Dorex2007 collected $0.05 from pot
Dorex2007: doesn't show hand 
*** SUMMARY ***
Total pot $0.05 | Rake $0 
Seat 1: bojnice21 folded before Flop (didn't bet)
Seat 2: Davorcon folded before Flop (didn't bet)
Seat 3: CheckCheckAI folded before Flop (didn't bet)
Seat 4: Mr.Vendetta_101 folded before Flop (didn't bet)
Seat 5: edoschenko folded before Flop (didn't bet)
Seat 6: Alexsabur folded before Flop (didn't bet)
Seat 7: Dorex2007 (button) collected ($0.05)
Seat 8: BOCTOK88 (small blind) folded before Flop
Seat 9: Urasik1979 (big blind) folded before Flop



PokerStars Hand #231684222143:  Hold'em No Limit ($0.01/$0.02 USD) - 2021/11/24 22:41:14 PT [2021/11/25 1:41:14 ET]
Table 'Auricula II' 9-max Seat #8 is the button
Seat 1: bojnice21 ($2.17 in chips) 
Seat 2: Davorcon ($0.93 in chips) 
Seat 3: CheckCheckAI ($2.08 in chips) 
Seat 4: Mr.Vendetta_101 ($1.60 in chips) 
Seat 5: edoschenko ($1.70 in chips) 
Seat 6: Alexsabur ($5.44 in chips) 
Seat 7: Dorex2007 ($2.08 in chips) 
Seat 8: BOCTOK88 ($0.80 in chips) 
Seat 9: Urasik1979 ($1.17 in chips) 
Urasik1979: posts small blind $0.01
bojnice21: posts big blind $0.02
*** HOLE CARDS ***
Dealt to Dorex2007 [6h 2c]
Davorcon: folds 
CheckCheckAI: folds 
Mr.Vendetta_101: calls $0.02
edoschenko: folds 
Alexsabur: folds 
Dorex2007: folds 
BOCTOK88: folds 
Urasik1979: raises $0.06 to $0.08
bojnice21: folds 
Mr.Vendetta_101: folds 
Uncalled bet ($0.06) returned to Urasik1979
Urasik1979 collected $0.06 from pot
*** SUMMARY ***
Total pot $0.06 | Rake $0 
Seat 1: bojnice21 (big blind) folded before Flop
Seat 2: Davorcon folded before Flop (didn't bet)
Seat 3: CheckCheckAI folded before Flop (didn't bet)
Seat 4: Mr.Vendetta_101 folded before Flop
Seat 5: edoschenko folded before Flop (didn't bet)
Seat 6: Alexsabur folded before Flop (didn't bet)
Seat 7: Dorex2007 folded before Flop (didn't bet)
Seat 8: BOCTOK88 (button) folded before Flop (didn't bet)
Seat 9: Urasik1979 (small blind) collected ($0.06)



PokerStars Hand #231684228951:  Hold'em No Limit ($0.01/$0.02 USD) - 2021/11/24 22:42:05 PT [2021/11/25 1:42:05 ET]
Table 'Auricula II' 9-max Seat #9 is the button
Seat 1: bojnice21 ($2.15 in chips) 
Seat 2: Davorcon ($0.93 in chips) 
Seat 3: CheckCheckAI ($2.08 in chips) 
Seat 4: Mr.Vendetta_101 ($1.58 in chips) 
Seat 5: edoschenko ($1.70 in chips) 
Seat 6: Alexsabur ($5.44 in chips) 
Seat 7: Dorex2007 ($2.08 in chips) 
Seat 8: BOCTOK88 ($0.80 in chips) 
Seat 9: Urasik1979 ($1.21 in chips) 
bojnice21: posts small blind $0.01
Davorcon: posts big blind $0.02
*** HOLE CARDS ***
Dealt to Dorex2007 [Tc As]
CheckCheckAI: folds 
Mr.Vendetta_101: folds 
edoschenko: folds 
Alexsabur: raises $0.04 to $0.06
Dorex2007: folds 
BOCTOK88: calls $0.06
Urasik1979: folds 
bojnice21: folds 
Davorcon: folds 
*** FLOP *** [8c 8d 7d]
Alexsabur: bets $0.07
BOCTOK88: calls $0.07
*** TURN *** [8c 8d 7d] [3h]
Alexsabur: checks 
BOCTOK88: checks 
*** RIVER *** [8c 8d 7d 3h] [Kc]
Alexsabur: bets $0.14
BOCTOK88: calls $0.14
*** SHOW DOWN ***
Alexsabur: shows [Ac 7c] (two pair, Eights and Sevens)
BOCTOK88: shows [Ts Kh] (two pair, Kings and Eights)
BOCTOK88 collected $0.55 from pot
*** SUMMARY ***
Total pot $0.57 | Rake $0.02 
Board [8c 8d 7d 3h Kc]
Seat 1: bojnice21 (small blind) folded before Flop
Seat 2: Davorcon (big blind) folded before Flop
Seat 3: CheckCheckAI folded before Flop (didn't bet)
Seat 4: Mr.Vendetta_101 folded before Flop (didn't bet)
Seat 5: edoschenko folded before Flop (didn't bet)
Seat 6: Alexsabur showed [Ac 7c] and lost with two pair, Eights and Sevens
Seat 7: Dorex2007 folded before Flop (didn't bet)
Seat 8: BOCTOK88 showed [Ts Kh] and won ($0.55) with two pair, Kings and Eights
Seat 9: Urasik1979 (button) folded before Flop (didn't bet)



PokerStars Hand #231684235869:  Hold'em No Limit ($0.01/$0.02 USD) - 2021/11/24 22:42:53 PT [2021/11/25 1:42:53 ET]
Table 'Auricula II' 9-max Seat #1 is the button
Seat 1: bojnice21 ($2.14 in chips) 
Seat 2: Davorcon ($0.91 in chips) 
Seat 3: CheckCheckAI ($2.08 in chips) 
Seat 4: Mr.Vendetta_101 ($1.58 in chips) 
Seat 5: edoschenko ($1.70 in chips) 
Seat 6: Alexsabur ($5.17 in chips) 
Seat 7: Dorex2007 ($2.08 in chips) 
Seat 8: BOCTOK88 ($1.08 in chips) 
Seat 9: Urasik1979 ($1.21 in chips) 
Davorcon: posts small blind $0.01
CheckCheckAI: posts big blind $0.02
*** HOLE CARDS ***
Dealt to Dorex2007 [4s 3s]
Mr.Vendetta_101: folds 
edoschenko: folds 
Alexsabur: raises $0.02 to $0.04
Dorex2007: folds 
BOCTOK88: folds 
Urasik1979: calls $0.04
bojnice21: folds 
Davorcon: folds 
CheckCheckAI: folds 
*** FLOP *** [4c Th 9c]
Alexsabur: checks 
Urasik1979: bets $0.06
Alexsabur: folds 
Uncalled bet ($0.06) returned to Urasik1979
Urasik1979 collected $0.11 from pot
*** SUMMARY ***
Total pot $0.11 | Rake $0 
Board [4c Th 9c]
Seat 1: bojnice21 (button) folded before Flop (didn't bet)
Seat 2: Davorcon (small blind) folded before Flop
Seat 3: CheckCheckAI (big blind) folded before Flop
Seat 4: Mr.Vendetta_101 folded before Flop (didn't bet)
Seat 5: edoschenko folded before Flop (didn't bet)
Seat 6: Alexsabur folded on the Flop
Seat 7: Dorex2007 folded before Flop (didn't bet)
Seat 8: BOCTOK88 folded before Flop (didn't bet)
Seat 9: Urasik1979 collected ($0.11)



PokerStars Hand #231684240151:  Hold'em No Limit ($0.01/$0.02 USD) - 2021/11/24 22:43:26 PT [2021/11/25 1:43:26 ET]
Table 'Auricula II' 9-max Seat #2 is the button
Seat 1: bojnice21 ($2.14 in chips) 
Seat 2: Davorcon ($0.90 in chips) 
Seat 3: CheckCheckAI ($2.06 in chips) 
Seat 4: Mr.Vendetta_101 ($1.58 in chips) 
Seat 5: edoschenko ($1.70 in chips) 
Seat 6: Alexsabur ($5.13 in chips) 
Seat 7: Dorex2007 ($2.08 in chips) 
Seat 8: BOCTOK88 ($1.08 in chips) 
Seat 9: Urasik1979 ($1.28 in chips) 
CheckCheckAI: posts small blind $0.01
Mr.Vendetta_101: posts big blind $0.02
*** HOLE CARDS ***
Dealt to Dorex2007 [Jc 7s]
edoschenko: folds 
Alexsabur: folds 
Dorex2007: folds 
BOCTOK88: folds 
Urasik1979: folds 
bojnice21: folds 
Davorcon: raises $0.06 to $0.08
CheckCheckAI: folds 
Mr.Vendetta_101: folds 
Uncalled bet ($0.06) returned to Davorcon
Davorcon collected $0.05 from pot
*** SUMMARY ***
Total pot $0.05 | Rake $0 
Seat 1: bojnice21 folded before Flop (didn't bet)
Seat 2: Davorcon (button) collected ($0.05)
Seat 3: CheckCheckAI (small blind) folded before Flop
Seat 4: Mr.Vendetta_101 (big blind) folded before Flop
Seat 5: edoschenko folded before Flop (didn't bet)
Seat 6: Alexsabur folded before Flop (didn't bet)
Seat 7: Dorex2007 folded before Flop (didn't bet)
Seat 8: BOCTOK88 folded before Flop (didn't bet)
Seat 9: Urasik1979 folded before Flop (didn't bet)



PokerStars Hand #231684242341:  Hold'em No Limit ($0.01/$0.02 USD) - 2021/11/24 22:43:42 PT [2021/11/25 1:43:42 ET]
Table 'Auricula II' 9-max Seat #3 is the button
Seat 1: bojnice21 ($2.14 in chips) 
Seat 2: Davorcon ($0.93 in chips) 
Seat 3: CheckCheckAI ($2.05 in chips) 
Seat 4: Mr.Vendetta_101 ($1.56 in chips) 
Seat 5: edoschenko ($1.70 in chips) 
Seat 6: Alexsabur ($5.13 in chips) 
Seat 7: Dorex2007 ($2.08 in chips) 
Seat 8: BOCTOK88 ($1.08 in chips) 
Seat 9: Urasik1979 ($1.28 in chips) 
Mr.Vendetta_101: posts small blind $0.01
edoschenko: posts big blind $0.02
*** HOLE CARDS ***
Dealt to Dorex2007 [6s Th]
Alexsabur: raises $0.02 to $0.04
Dorex2007: folds 
BOCTOK88: folds 
Urasik1979: folds 
bojnice21: folds 
Davorcon: folds 
CheckCheckAI: folds 
Mr.Vendetta_101: folds 
edoschenko: folds 
Uncalled bet ($0.02) returned to Alexsabur
Alexsabur collected $0.05 from pot
*** SUMMARY ***
Total pot $0.05 | Rake $0 
Seat 1: bojnice21 folded before Flop (didn't bet)
Seat 2: Davorcon folded before Flop (didn't bet)
Seat 3: CheckCheckAI (button) folded before Flop (didn't bet)
Seat 4: Mr.Vendetta_101 (small blind) folded before Flop
Seat 5: edoschenko (big blind) folded before Flop
Seat 6: Alexsabur collected ($0.05)
Seat 7: Dorex2007 folded before Flop (didn't bet)
Seat 8: BOCTOK88 folded before Flop (didn't bet)
Seat 9: Urasik1979 folded before Flop (didn't bet)



PokerStars Hand #231684252996:  Hold'em No Limit ($0.01/$0.02 USD) - 2021/11/24 22:44:09 PT [2021/11/25 1:44:09 ET]
Table 'Auricula II' 9-max Seat #4 is the button
Seat 1: bojnice21 ($2.14 in chips) 
Seat 2: Davorcon ($0.93 in chips) 
Seat 3: CheckCheckAI ($2.05 in chips) 
Seat 4: Mr.Vendetta_101 ($1.55 in chips) 
Seat 5: edoschenko ($1.68 in chips) 
Seat 6: Alexsabur ($5.16 in chips) 
Seat 7: Dorex2007 ($2.08 in chips) 
Seat 8: BOCTOK88 ($1.08 in chips) 
Seat 9: Urasik1979 ($1.28 in chips) 
edoschenko: posts small blind $0.01
Alexsabur: posts big blind $0.02
*** HOLE CARDS ***
Dealt to Dorex2007 [Tc 4d]
Dorex2007: folds 
BOCTOK88: folds 
Urasik1979: folds 
bojnice21: folds 
Davorcon: folds 
CheckCheckAI: raises $0.05 to $0.07
Mr.Vendetta_101: folds 
edoschenko: folds 
Alexsabur: folds 
Uncalled bet ($0.05) returned to CheckCheckAI
CheckCheckAI collected $0.05 from pot
CheckCheckAI: doesn't show hand 
*** SUMMARY ***
Total pot $0.05 | Rake $0 
Seat 1: bojnice21 folded before Flop (didn't bet)
Seat 2: Davorcon folded before Flop (didn't bet)
Seat 3: CheckCheckAI collected ($0.05)
Seat 4: Mr.Vendetta_101 (button) folded before Flop (didn't bet)
Seat 5: edoschenko (small blind) folded before Flop
Seat 6: Alexsabur (big blind) folded before Flop
Seat 7: Dorex2007 folded before Flop (didn't bet)
Seat 8: BOCTOK88 folded before Flop (didn't bet)
Seat 9: Urasik1979 folded before Flop (didn't bet)



PokerStars Hand #231684257297:  Hold'em No Limit ($0.01/$0.02 USD) - 2021/11/24 22:44:40 PT [2021/11/25 1:44:40 ET]
Table 'Auricula II' 9-max Seat #5 is the button
Seat 1: bojnice21 ($2.14 in chips) 
Seat 2: Davorcon ($0.93 in chips) 
Seat 3: CheckCheckAI ($2.08 in chips) 
Seat 4: Mr.Vendetta_101 ($1.55 in chips) 
Seat 5: edoschenko ($1.67 in chips) 
Seat 6: Alexsabur ($5.14 in chips) 
Seat 7: Dorex2007 ($2.08 in chips) 
Seat 8: BOCTOK88 ($1.08 in chips) 
Seat 9: Urasik1979 ($1.28 in chips) 
Alexsabur: posts small blind $0.01
Dorex2007: posts big blind $0.02
*** HOLE CARDS ***
Dealt to Dorex2007 [4d Td]
BOCTOK88: folds 
Urasik1979: folds 
bojnice21: folds 
Davorcon: folds 
CheckCheckAI: folds 
Mr.Vendetta_101: calls $0.02
edoschenko: folds 
Alexsabur: calls $0.01
Dorex2007: checks 
*** FLOP *** [4h 5c 9d]
Alexsabur: checks 
Dorex2007: checks 
Mr.Vendetta_101: checks 
*** TURN *** [4h 5c 9d] [7d]
Alexsabur: bets $0.06
Dorex2007: calls $0.06
Mr.Vendetta_101: folds 
*** RIVER *** [4h 5c 9d 7d] [Qh]
Alexsabur: checks 
Dorex2007: bets $0.11
Alexsabur: folds 
Uncalled bet ($0.11) returned to Dorex2007
Dorex2007 collected $0.17 from pot
Dorex2007: doesn't show hand 
*** SUMMARY ***
Total pot $0.18 | Rake $0.01 
Board [4h 5c 9d 7d Qh]
Seat 1: bojnice21 folded before Flop (didn't bet)
Seat 2: Davorcon folded before Flop (didn't bet)
Seat 3: CheckCheckAI folded before Flop (didn't bet)
Seat 4: Mr.Vendetta_101 folded on the Turn
Seat 5: edoschenko (button) folded before Flop (didn't bet)
Seat 6: Alexsabur (small blind) folded on the River
Seat 7: Dorex2007 (big blind) collected ($0.17)
Seat 8: BOCTOK88 folded before Flop (didn't bet)
Seat 9: Urasik1979 folded before Flop (didn't bet)



PokerStars Hand #231684266340:  Hold'em No Limit ($0.01/$0.02 USD) - 2021/11/24 22:45:48 PT [2021/11/25 1:45:48 ET]
Table 'Auricula II' 9-max Seat #6 is the button
Seat 1: bojnice21 ($2.14 in chips) 
Seat 2: Davorcon ($0.93 in chips) 
Seat 3: CheckCheckAI ($2.08 in chips) 
Seat 4: Mr.Vendetta_101 ($1.53 in chips) 
Seat 5: edoschenko ($1.67 in chips) 
Seat 6: Alexsabur ($5.06 in chips) 
Seat 7: Dorex2007 ($2.17 in chips) 
Seat 8: BOCTOK88 ($1.08 in chips) 
Seat 9: Urasik1979 ($1.28 in chips) 
Dorex2007: posts small blind $0.01
BOCTOK88: posts big blind $0.02
*** HOLE CARDS ***
Dealt to Dorex2007 [Qh 5s]
Urasik1979: folds 
bojnice21: folds 
Davorcon: folds 
CheckCheckAI: folds 
Mr.Vendetta_101: calls $0.02
edoschenko: calls $0.02
Alexsabur: calls $0.02
Dorex2007: folds 
BOCTOK88: checks 
*** FLOP *** [7h Kh 6d]
BOCTOK88: checks 
Mr.Vendetta_101: checks 
edoschenko: checks 
Alexsabur: checks 
*** TURN *** [7h Kh 6d] [6s]
BOCTOK88: checks 
Mr.Vendetta_101: checks 
edoschenko: checks 
Alexsabur: checks 
*** RIVER *** [7h Kh 6d 6s] [As]
BOCTOK88: checks 
Mr.Vendetta_101: bets $0.09
edoschenko: folds 
Alexsabur: calls $0.09
BOCTOK88: folds 
*** SHOW DOWN ***
Mr.Vendetta_101: shows [Th Ad] (two pair, Aces and Sixes)
Alexsabur: shows [Ac 4h] (two pair, Aces and Sixes)
Mr.Vendetta_101 collected $0.13 from pot
Alexsabur collected $0.13 from pot
*** SUMMARY ***
Total pot $0.27 | Rake $0.01 
Board [7h Kh 6d 6s As]
Seat 1: bojnice21 folded before Flop (didn't bet)
Seat 2: Davorcon folded before Flop (didn't bet)
Seat 3: CheckCheckAI folded before Flop (didn't bet)
Seat 4: Mr.Vendetta_101 showed [Th Ad] and won ($0.13) with two pair, Aces and Sixes
Seat 5: edoschenko folded on the River
Seat 6: Alexsabur (button) showed [Ac 4h] and won ($0.13) with two pair, Aces and Sixes
Seat 7: Dorex2007 (small blind) folded before Flop
Seat 8: BOCTOK88 (big blind) folded on the River
Seat 9: Urasik1979 folded before Flop (didn't bet)



PokerStars Hand #231684275055:  Hold'em No Limit ($0.01/$0.02 USD) - 2021/11/24 22:46:45 PT [2021/11/25 1:46:45 ET]
Table 'Auricula II' 9-max Seat #7 is the button
Seat 1: bojnice21 ($2.14 in chips) 
Seat 2: Davorcon ($0.93 in chips) 
Seat 3: CheckCheckAI ($2.08 in chips) 
Seat 4: Mr.Vendetta_101 ($1.55 in chips) 
Seat 5: edoschenko ($1.65 in chips) 
Seat 6: Alexsabur ($5.08 in chips) 
Seat 7: Dorex2007 ($2.16 in chips) 
Seat 8: BOCTOK88 ($1.06 in chips) 
Seat 9: Urasik1979 ($1.28 in chips) 
BOCTOK88: posts small blind $0.01
Urasik1979: posts big blind $0.02
*** HOLE CARDS ***
Dealt to Dorex2007 [Th 3h]
bojnice21: folds 
Davorcon: folds 
CheckCheckAI: folds 
Mr.Vendetta_101: raises $0.05 to $0.07
edoschenko: folds 
Alexsabur: calls $0.07
Dorex2007: folds 
BOCTOK88: folds 
Urasik1979: folds 
*** FLOP *** [8h Kd Td]
Mr.Vendetta_101: checks 
Alexsabur: bets $0.08
Mr.Vendetta_101: calls $0.08
*** TURN *** [8h Kd Td] [Ks]
Mr.Vendetta_101: checks 
Alexsabur: checks 
*** RIVER *** [8h Kd Td Ks] [2h]
Mr.Vendetta_101: bets $0.16
Alexsabur: calls $0.16
*** SHOW DOWN ***
Mr.Vendetta_101: shows [Ac Qc] (a pair of Kings)
Alexsabur: shows [8s Js] (two pair, Kings and Eights)
Alexsabur collected $0.63 from pot
*** SUMMARY ***
Total pot $0.65 | Rake $0.02 
Board [8h Kd Td Ks 2h]
Seat 1: bojnice21 folded before Flop (didn't bet)
Seat 2: Davorcon folded before Flop (didn't bet)
Seat 3: CheckCheckAI folded before Flop (didn't bet)
Seat 4: Mr.Vendetta_101 showed [Ac Qc] and lost with a pair of Kings
Seat 5: edoschenko folded before Flop (didn't bet)
Seat 6: Alexsabur showed [8s Js] and won ($0.63) with two pair, Kings and Eights
Seat 7: Dorex2007 (button) folded before Flop (didn't bet)
Seat 8: BOCTOK88 (small blind) folded before Flop
Seat 9: Urasik1979 (big blind) folded before Flop



PokerStars Hand #231684281508:  Hold'em No Limit ($0.01/$0.02 USD) - 2021/11/24 22:47:33 PT [2021/11/25 1:47:33 ET]
Table 'Auricula II' 9-max Seat #8 is the button
Seat 1: bojnice21 ($2.14 in chips) 
Seat 2: Davorcon ($0.93 in chips) 
Seat 3: CheckCheckAI ($2.08 in chips) 
Seat 4: Mr.Vendetta_101 ($1.24 in chips) 
Seat 5: edoschenko ($1.65 in chips) 
Seat 6: Alexsabur ($5.40 in chips) 
Seat 7: Dorex2007 ($2.16 in chips) 
Seat 8: BOCTOK88 ($1.05 in chips) 
Seat 9: Urasik1979 ($1.26 in chips) 
Urasik1979: posts small blind $0.01
bojnice21: posts big blind $0.02
*** HOLE CARDS ***
Dealt to Dorex2007 [2d 7c]
Davorcon: folds 
CheckCheckAI: folds 
Mr.Vendetta_101: folds 
edoschenko: raises $0.04 to $0.06
Alexsabur: folds 
Dorex2007: folds 
BOCTOK88: folds 
Urasik1979: folds 
bojnice21: folds 
Uncalled bet ($0.04) returned to edoschenko
edoschenko collected $0.05 from pot
*** SUMMARY ***
Total pot $0.05 | Rake $0 
Seat 1: bojnice21 (big blind) folded before Flop
Seat 2: Davorcon folded before Flop (didn't bet)
Seat 3: CheckCheckAI folded before Flop (didn't bet)
Seat 4: Mr.Vendetta_101 folded before Flop (didn't bet)
Seat 5: edoschenko collected ($0.05)
Seat 6: Alexsabur folded before Flop (didn't bet)
Seat 7: Dorex2007 folded before Flop (didn't bet)
Seat 8: BOCTOK88 (button) folded before Flop (didn't bet)
Seat 9: Urasik1979 (small blind) folded before Flop



PokerStars Hand #231684284266:  Hold'em No Limit ($0.01/$0.02 USD) - 2021/11/24 22:47:54 PT [2021/11/25 1:47:54 ET]
Table 'Auricula II' 9-max Seat #9 is the button
Seat 1: bojnice21 ($2.12 in chips) 
Seat 2: Davorcon ($0.93 in chips) 
Seat 3: CheckCheckAI ($2.08 in chips) 
Seat 4: Mr.Vendetta_101 ($1.24 in chips) 
Seat 5: edoschenko ($1.68 in chips) 
Seat 6: Alexsabur ($5.40 in chips) 
Seat 7: Dorex2007 ($2.16 in chips) 
Seat 8: BOCTOK88 ($1.05 in chips) 
Seat 9: Urasik1979 ($1.25 in chips) 
bojnice21: posts small blind $0.01
Davorcon: posts big blind $0.02
*** HOLE CARDS ***
Dealt to Dorex2007 [7c Ks]
CheckCheckAI: folds 
Mr.Vendetta_101: folds 
edoschenko: folds 
Alexsabur: folds 
Dorex2007: folds 
BOCTOK88: folds 
Urasik1979: folds 
bojnice21: raises $0.04 to $0.06
Davorcon: calls $0.04
*** FLOP *** [Th Ah Ac]
bojnice21: checks 
Davorcon: checks 
*** TURN *** [Th Ah Ac] [Ad]
bojnice21: checks 
Davorcon: checks 
*** RIVER *** [Th Ah Ac Ad] [Qs]
bojnice21: checks 
Davorcon: checks 
*** SHOW DOWN ***
bojnice21: shows [Kh 6h] (three of a kind, Aces)
Davorcon: shows [9c Kc] (three of a kind, Aces)
bojnice21 collected $0.06 from pot
Davorcon collected $0.06 from pot
*** SUMMARY ***
Total pot $0.12 | Rake $0 
Board [Th Ah Ac Ad Qs]
Seat 1: bojnice21 (small blind) showed [Kh 6h] and won ($0.06) with three of a kind, Aces
Seat 2: Davorcon (big blind) showed [9c Kc] and won ($0.06) with three of a kind, Aces
Seat 3: CheckCheckAI folded before Flop (didn't bet)
Seat 4: Mr.Vendetta_101 folded before Flop (didn't bet)
Seat 5: edoschenko folded before Flop (didn't bet)
Seat 6: Alexsabur folded before Flop (didn't bet)
Seat 7: Dorex2007 folded before Flop (didn't bet)
Seat 8: BOCTOK88 folded before Flop (didn't bet)
Seat 9: Urasik1979 (button) folded before Flop (didn't bet)



PokerStars Hand #231684289611:  Hold'em No Limit ($0.01/$0.02 USD) - 2021/11/24 22:48:35 PT [2021/11/25 1:48:35 ET]
Table 'Auricula II' 9-max Seat #1 is the button
Seat 1: bojnice21 ($2.12 in chips) 
Seat 2: Davorcon ($0.93 in chips) 
Seat 3: CheckCheckAI ($2.08 in chips) 
Seat 4: Mr.Vendetta_101 ($1.24 in chips) 
Seat 5: edoschenko ($1.68 in chips) 
Seat 6: Alexsabur ($5.40 in chips) 
Seat 7: Dorex2007 ($2.16 in chips) 
Seat 8: BOCTOK88 ($1.05 in chips) 
Seat 9: Urasik1979 ($1.25 in chips) 
Davorcon: posts small blind $0.01
CheckCheckAI: posts big blind $0.02
*** HOLE CARDS ***
Dealt to Dorex2007 [Jh Kc]
Mr.Vendetta_101: folds 
edoschenko: folds 
Alexsabur: folds 
Dorex2007: folds 
BOCTOK88: folds 
Urasik1979: folds 
bojnice21: folds 
Davorcon: raises $0.06 to $0.08
CheckCheckAI: folds 
Uncalled bet ($0.06) returned to Davorcon
Davorcon collected $0.04 from pot
*** SUMMARY ***
Total pot $0.04 | Rake $0 
Seat 1: bojnice21 (button) folded before Flop (didn't bet)
Seat 2: Davorcon (small blind) collected ($0.04)
Seat 3: CheckCheckAI (big blind) folded before Flop
Seat 4: Mr.Vendetta_101 folded before Flop (didn't bet)
Seat 5: edoschenko folded before Flop (didn't bet)
Seat 6: Alexsabur folded before Flop (didn't bet)
Seat 7: Dorex2007 folded before Flop (didn't bet)
Seat 8: BOCTOK88 folded before Flop (didn't bet)
Seat 9: Urasik1979 folded before Flop (didn't bet)



PokerStars Hand #231684292028:  Hold'em No Limit ($0.01/$0.02 USD) - 2021/11/24 22:48:53 PT [2021/11/25 1:48:53 ET]
Table 'Auricula II' 9-max Seat #2 is the button
Seat 1: bojnice21 ($2.12 in chips) 
Seat 2: Davorcon ($0.95 in chips) 
Seat 3: CheckCheckAI ($2.06 in chips) 
Seat 4: Mr.Vendetta_101 ($1.24 in chips) 
Seat 5: edoschenko ($1.68 in chips) 
Seat 6: Alexsabur ($5.40 in chips) 
Seat 7: Dorex2007 ($2.16 in chips) 
Seat 8: BOCTOK88 ($1.05 in chips) 
Seat 9: Urasik1979 ($1.25 in chips) 
CheckCheckAI: posts small blind $0.01
Mr.Vendetta_101: posts big blind $0.02
*** HOLE CARDS ***
Dealt to Dorex2007 [Ts 8h]
edoschenko: folds 
Alexsabur: folds 
Dorex2007: folds 
BOCTOK88: raises $0.02 to $0.04
Urasik1979: raises $0.02 to $0.06
bojnice21: folds 
Davorcon: folds 
CheckCheckAI: folds 
Mr.Vendetta_101: folds 
BOCTOK88: calls $0.02
*** FLOP *** [6c 3s Qd]
BOCTOK88: checks 
Urasik1979: bets $0.07
BOCTOK88: calls $0.07
*** TURN *** [6c 3s Qd] [Qc]
BOCTOK88: checks 
Urasik1979: bets $0.10
BOCTOK88: calls $0.10
*** RIVER *** [6c 3s Qd Qc] [5h]
BOCTOK88: checks 
Urasik1979: checks 
*** SHOW DOWN ***
BOCTOK88: shows [7s 7c] (two pair, Queens and Sevens)
Urasik1979: shows [Qh Qs] (four of a kind, Queens)
Urasik1979 collected $0.47 from pot
*** SUMMARY ***
Total pot $0.49 | Rake $0.02 
Board [6c 3s Qd Qc 5h]
Seat 1: bojnice21 folded before Flop (didn't bet)
Seat 2: Davorcon (button) folded before Flop (didn't bet)
Seat 3: CheckCheckAI (small blind) folded before Flop
Seat 4: Mr.Vendetta_101 (big blind) folded before Flop
Seat 5: edoschenko folded before Flop (didn't bet)
Seat 6: Alexsabur folded before Flop (didn't bet)
Seat 7: Dorex2007 folded before Flop (didn't bet)
Seat 8: BOCTOK88 showed [7s 7c] and lost with two pair, Queens and Sevens
Seat 9: Urasik1979 showed [Qh Qs] and won ($0.47) with four of a kind, Queens



PokerStars Hand #231684297336:  Hold'em No Limit ($0.01/$0.02 USD) - 2021/11/24 22:49:32 PT [2021/11/25 1:49:32 ET]
Table 'Auricula II' 9-max Seat #3 is the button
Seat 1: bojnice21 ($2.12 in chips) 
Seat 2: Davorcon ($0.95 in chips) 
Seat 3: CheckCheckAI ($2.05 in chips) 
Seat 4: Mr.Vendetta_101 ($1.22 in chips) 
Seat 5: edoschenko ($1.68 in chips) 
Seat 6: Alexsabur ($5.40 in chips) 
Seat 7: Dorex2007 ($2.16 in chips) 
Seat 8: BOCTOK88 ($0.82 in chips) 
Seat 9: Urasik1979 ($1.49 in chips) 
Mr.Vendetta_101: posts small blind $0.01
edoschenko: posts big blind $0.02
*** HOLE CARDS ***
Dealt to Dorex2007 [3c 3d]
Alexsabur: folds 
Dorex2007: raises $0.02 to $0.04
BOCTOK88: calls $0.04
Urasik1979: folds 
bojnice21: folds 
Davorcon: folds 
CheckCheckAI: folds 
Mr.Vendetta_101: calls $0.03
edoschenko: folds 
*** FLOP *** [4c Th 8s]
Mr.Vendetta_101: bets $0.14
Dorex2007: folds 
BOCTOK88: folds 
Uncalled bet ($0.14) returned to Mr.Vendetta_101
Mr.Vendetta_101 collected $0.14 from pot
Mr.Vendetta_101: doesn't show hand 
*** SUMMARY ***
Total pot $0.14 | Rake $0 
Board [4c Th 8s]
Seat 1: bojnice21 folded before Flop (didn't bet)
Seat 2: Davorcon folded before Flop (didn't bet)
Seat 3: CheckCheckAI (button) folded before Flop (didn't bet)
Seat 4: Mr.Vendetta_101 (small blind) collected ($0.14)
Seat 5: edoschenko (big blind) folded before Flop
Seat 6: Alexsabur folded before Flop (didn't bet)
Seat 7: Dorex2007 folded on the Flop
Seat 8: BOCTOK88 folded on the Flop
Seat 9: Urasik1979 folded before Flop (didn't bet)



PokerStars Hand #231684301537:  Hold'em No Limit ($0.01/$0.02 USD) - 2021/11/24 22:50:04 PT [2021/11/25 1:50:04 ET]
Table 'Auricula II' 9-max Seat #4 is the button
Seat 1: bojnice21 ($2.12 in chips) 
Seat 2: Davorcon ($0.95 in chips) 
Seat 3: CheckCheckAI ($2.05 in chips) 
Seat 4: Mr.Vendetta_101 ($1.32 in chips) 
Seat 5: edoschenko ($1.66 in chips) 
Seat 6: Alexsabur ($5.40 in chips) 
Seat 7: Dorex2007 ($2.12 in chips) 
Seat 8: BOCTOK88 ($0.78 in chips) 
Seat 9: Urasik1979 ($1.49 in chips) 
edoschenko: posts small blind $0.01
Alexsabur: posts big blind $0.02
*** HOLE CARDS ***
Dealt to Dorex2007 [Kh 7h]
Dorex2007: folds 
BOCTOK88: folds 
Urasik1979: folds 
bojnice21: folds 
Davorcon: folds 
CheckCheckAI: folds 
Mr.Vendetta_101: calls $0.02
edoschenko: folds 
Alexsabur: checks 
*** FLOP *** [5h 2c 9c]
Alexsabur: checks 
Mr.Vendetta_101: checks 
*** TURN *** [5h 2c 9c] [8d]
Alexsabur: checks 
Mr.Vendetta_101: bets $0.02
Alexsabur: calls $0.02
*** RIVER *** [5h 2c 9c 8d] [Jd]
Alexsabur: checks 
Mr.Vendetta_101: checks 
*** SHOW DOWN ***
Alexsabur: shows [2h 6c] (a pair of Deuces)
Mr.Vendetta_101: mucks hand 
Alexsabur collected $0.09 from pot
*** SUMMARY ***
Total pot $0.09 | Rake $0 
Board [5h 2c 9c 8d Jd]
Seat 1: bojnice21 folded before Flop (didn't bet)
Seat 2: Davorcon folded before Flop (didn't bet)
Seat 3: CheckCheckAI folded before Flop (didn't bet)
Seat 4: Mr.Vendetta_101 (button) mucked [Ks Qc]
Seat 5: edoschenko (small blind) folded before Flop
Seat 6: Alexsabur (big blind) showed [2h 6c] and won ($0.09) with a pair of Deuces
Seat 7: Dorex2007 folded before Flop (didn't bet)
Seat 8: BOCTOK88 folded before Flop (didn't bet)
Seat 9: Urasik1979 folded before Flop (didn't bet)



