PokerStars Hand #223784504124:  Hold'em No Limit ($0.01/$0.02 USD) - 2021/02/13 16:11:02 PT [2021/02/13 19:11:02 ET]
Table 'Fidelio V' 9-max Seat #4 is the button
Seat 1: DigitalNomad800 ($5.40 in chips) 
Seat 2: gmitoi ($2.88 in chips) 
Seat 3: PaQeda ($1.85 in chips) 
Seat 4: TicTac3377 ($2.03 in chips) 
Seat 5: rickmta ($0.56 in chips) 
Seat 6: Dorex2007 ($1.50 in chips) 
Seat 7: Kitelp ($2.18 in chips) 
Seat 8: Fishovskiy ($1.90 in chips) 
Seat 9: PS-Keldale ($2.12 in chips) 
rickmta: posts small blind $0.01
Dorex2007: posts big blind $0.02
*** HOLE CARDS ***
Dealt to Dorex2007 [4d 7s]
Kitelp: folds 
Fishovskiy: raises $0.04 to $0.06
PS-Keldale: calls $0.06
DigitalNomad800: folds 
gmitoi: folds 
PaQeda: folds 
TicTac3377: folds 
rickmta: folds 
Dorex2007: folds 
*** FLOP *** [6d 2h Qd]
Fishovskiy: bets $0.08
PS-Keldale: folds 
Uncalled bet ($0.08) returned to Fishovskiy
Fishovskiy collected $0.14 from pot
Fishovskiy: doesn't show hand 
*** SUMMARY ***
Total pot $0.15 | Rake $0.01 
Board [6d 2h Qd]
Seat 1: DigitalNomad800 folded before Flop (didn't bet)
Seat 2: gmitoi folded before Flop (didn't bet)
Seat 3: PaQeda folded before Flop (didn't bet)
Seat 4: TicTac3377 (button) folded before Flop (didn't bet)
Seat 5: rickmta (small blind) folded before Flop
Seat 6: Dorex2007 (big blind) folded before Flop
Seat 7: Kitelp folded before Flop (didn't bet)
Seat 8: Fishovskiy collected ($0.14)
Seat 9: PS-Keldale folded on the Flop



PokerStars Hand #223784527294:  Hold'em No Limit ($0.01/$0.02 USD) - 2021/02/13 16:11:33 PT [2021/02/13 19:11:33 ET]
Table 'Fidelio V' 9-max Seat #5 is the button
Seat 1: DigitalNomad800 ($5.40 in chips) 
Seat 2: gmitoi ($2.88 in chips) 
Seat 3: PaQeda ($1.85 in chips) 
Seat 4: TicTac3377 ($2.03 in chips) 
Seat 5: rickmta ($0.55 in chips) 
Seat 6: Dorex2007 ($1.48 in chips) 
Seat 7: Kitelp ($2.18 in chips) 
Seat 8: Fishovskiy ($1.98 in chips) 
Seat 9: PS-Keldale ($2.06 in chips) 
Dorex2007: posts small blind $0.01
Kitelp: posts big blind $0.02
*** HOLE CARDS ***
Dealt to Dorex2007 [5s Ks]
Fishovskiy: folds 
PS-Keldale: folds 
DigitalNomad800: raises $0.06 to $0.08
gmitoi: folds 
PaQeda: folds 
TicTac3377: folds 
rickmta: folds 
Dorex2007: folds 
Kitelp: calls $0.06
*** FLOP *** [5d 6c 4s]
Kitelp: bets $0.09
DigitalNomad800: calls $0.09
*** TURN *** [5d 6c 4s] [Jc]
Kitelp: bets $0.19
DigitalNomad800: folds 
Uncalled bet ($0.19) returned to Kitelp
Kitelp collected $0.34 from pot
Kitelp: doesn't show hand 
*** SUMMARY ***
Total pot $0.35 | Rake $0.01 
Board [5d 6c 4s Jc]
Seat 1: DigitalNomad800 folded on the Turn
Seat 2: gmitoi folded before Flop (didn't bet)
Seat 3: PaQeda folded before Flop (didn't bet)
Seat 4: TicTac3377 folded before Flop (didn't bet)
Seat 5: rickmta (button) folded before Flop (didn't bet)
Seat 6: Dorex2007 (small blind) folded before Flop
Seat 7: Kitelp (big blind) collected ($0.34)
Seat 8: Fishovskiy folded before Flop (didn't bet)
Seat 9: PS-Keldale folded before Flop (didn't bet)



PokerStars Hand #223784556341:  Hold'em No Limit ($0.01/$0.02 USD) - 2021/02/13 16:12:13 PT [2021/02/13 19:12:13 ET]
Table 'Fidelio V' 9-max Seat #6 is the button
Seat 1: DigitalNomad800 ($5.23 in chips) 
Seat 2: gmitoi ($2.88 in chips) 
Seat 3: PaQeda ($1.85 in chips) 
Seat 4: TicTac3377 ($2.03 in chips) 
Seat 5: rickmta ($0.55 in chips) 
Seat 6: Dorex2007 ($1.47 in chips) 
Seat 7: Kitelp ($2.35 in chips) 
Seat 8: Fishovskiy ($1.98 in chips) 
Seat 9: PS-Keldale ($2.06 in chips) 
Kitelp: posts small blind $0.01
Fishovskiy: posts big blind $0.02
*** HOLE CARDS ***
Dealt to Dorex2007 [Kd Js]
PS-Keldale: folds 
DigitalNomad800: folds 
gmitoi: folds 
PaQeda has timed out
PaQeda: folds 
TicTac3377: folds 
rickmta: folds 
Dorex2007: raises $0.04 to $0.06
Kitelp: raises $0.14 to $0.20
Fishovskiy: folds 
Dorex2007: calls $0.14
*** FLOP *** [7s 3s 9c]
Kitelp: bets $0.23
Dorex2007: folds 
Uncalled bet ($0.23) returned to Kitelp
Kitelp collected $0.41 from pot
Kitelp: doesn't show hand 
*** SUMMARY ***
Total pot $0.42 | Rake $0.01 
Board [7s 3s 9c]
Seat 1: DigitalNomad800 folded before Flop (didn't bet)
Seat 2: gmitoi folded before Flop (didn't bet)
Seat 3: PaQeda folded before Flop (didn't bet)
Seat 4: TicTac3377 folded before Flop (didn't bet)
Seat 5: rickmta folded before Flop (didn't bet)
Seat 6: Dorex2007 (button) folded on the Flop
Seat 7: Kitelp (small blind) collected ($0.41)
Seat 8: Fishovskiy (big blind) folded before Flop
Seat 9: PS-Keldale folded before Flop (didn't bet)



PokerStars Hand #223784579398:  Hold'em No Limit ($0.01/$0.02 USD) - 2021/02/13 16:12:55 PT [2021/02/13 19:12:55 ET]
Table 'Fidelio V' 9-max Seat #7 is the button
Seat 1: DigitalNomad800 ($5.23 in chips) 
Seat 2: gmitoi ($2.88 in chips) 
Seat 3: PaQeda ($1.85 in chips) 
Seat 4: TicTac3377 ($2.03 in chips) 
Seat 5: rickmta ($0.55 in chips) 
Seat 6: Dorex2007 ($1.27 in chips) 
Seat 7: Kitelp ($2.56 in chips) 
Seat 8: Fishovskiy ($1.96 in chips) 
Seat 9: PS-Keldale ($2.06 in chips) 
Fishovskiy: posts small blind $0.01
PS-Keldale: posts big blind $0.02
*** HOLE CARDS ***
Dealt to Dorex2007 [6d Jh]
DigitalNomad800: folds 
gmitoi: folds 
PaQeda: folds 
TicTac3377: folds 
rickmta: raises $0.04 to $0.06
Dorex2007: folds 
Kitelp: folds 
Fishovskiy: folds 
PS-Keldale: calls $0.04
*** FLOP *** [9s 3d 7c]
PS-Keldale: bets $0.12
rickmta: folds 
Uncalled bet ($0.12) returned to PS-Keldale
PS-Keldale collected $0.13 from pot
PS-Keldale: doesn't show hand 
*** SUMMARY ***
Total pot $0.13 | Rake $0 
Board [9s 3d 7c]
Seat 1: DigitalNomad800 folded before Flop (didn't bet)
Seat 2: gmitoi folded before Flop (didn't bet)
Seat 3: PaQeda folded before Flop (didn't bet)
Seat 4: TicTac3377 folded before Flop (didn't bet)
Seat 5: rickmta folded on the Flop
Seat 6: Dorex2007 folded before Flop (didn't bet)
Seat 7: Kitelp (button) folded before Flop (didn't bet)
Seat 8: Fishovskiy (small blind) folded before Flop
Seat 9: PS-Keldale (big blind) collected ($0.13)



PokerStars Hand #223784597870:  Hold'em No Limit ($0.01/$0.02 USD) - 2021/02/13 16:13:29 PT [2021/02/13 19:13:29 ET]
Table 'Fidelio V' 9-max Seat #8 is the button
Seat 1: DigitalNomad800 ($5.23 in chips) 
Seat 2: gmitoi ($2.88 in chips) 
Seat 3: PaQeda ($1.85 in chips) 
Seat 4: TicTac3377 ($2.03 in chips) 
Seat 5: rickmta ($0.49 in chips) 
Seat 6: Dorex2007 ($1.50 in chips) 
Seat 7: Kitelp ($2.56 in chips) 
Seat 8: Fishovskiy ($1.95 in chips) 
Seat 9: PS-Keldale ($2.13 in chips) 
PS-Keldale: posts small blind $0.01
DigitalNomad800: posts big blind $0.02
*** HOLE CARDS ***
Dealt to Dorex2007 [Jd 2d]
gmitoi: folds 
PaQeda: raises $0.04 to $0.06
TicTac3377: folds 
rickmta: folds 
Dorex2007: folds 
Kitelp: folds 
Fishovskiy: calls $0.06
PS-Keldale: folds 
DigitalNomad800: folds 
*** FLOP *** [Ts Qh 7h]
PaQeda: checks 
Fishovskiy: bets $0.08
PaQeda: calls $0.08
*** TURN *** [Ts Qh 7h] [Qc]
PaQeda: checks 
Fishovskiy: bets $0.20
PaQeda: folds 
Uncalled bet ($0.20) returned to Fishovskiy
Fishovskiy collected $0.30 from pot
Fishovskiy: doesn't show hand 
*** SUMMARY ***
Total pot $0.31 | Rake $0.01 
Board [Ts Qh 7h Qc]
Seat 1: DigitalNomad800 (big blind) folded before Flop
Seat 2: gmitoi folded before Flop (didn't bet)
Seat 3: PaQeda folded on the Turn
Seat 4: TicTac3377 folded before Flop (didn't bet)
Seat 5: rickmta folded before Flop (didn't bet)
Seat 6: Dorex2007 folded before Flop (didn't bet)
Seat 7: Kitelp folded before Flop (didn't bet)
Seat 8: Fishovskiy (button) collected ($0.30)
Seat 9: PS-Keldale (small blind) folded before Flop



PokerStars Hand #223784630622:  Hold'em No Limit ($0.01/$0.02 USD) - 2021/02/13 16:14:29 PT [2021/02/13 19:14:29 ET]
Table 'Fidelio V' 9-max Seat #9 is the button
Seat 1: DigitalNomad800 ($5.21 in chips) 
Seat 2: gmitoi ($2.88 in chips) 
Seat 3: PaQeda ($1.71 in chips) 
Seat 4: TicTac3377 ($2.03 in chips) 
Seat 5: rickmta ($0.49 in chips) 
Seat 6: Dorex2007 ($1.50 in chips) 
Seat 7: Kitelp ($2.56 in chips) 
Seat 8: Fishovskiy ($2.11 in chips) 
Seat 9: PS-Keldale ($2.12 in chips) 
DigitalNomad800: posts small blind $0.01
gmitoi: posts big blind $0.02
*** HOLE CARDS ***
Dealt to Dorex2007 [6c Tc]
PaQeda: folds 
TicTac3377: folds 
rickmta: raises $0.04 to $0.06
Dorex2007: folds 
Kitelp: folds 
Fishovskiy: folds 
PS-Keldale: calls $0.06
DigitalNomad800: folds 
gmitoi: folds 
*** FLOP *** [4c 3c 4d]
rickmta: checks 
PS-Keldale: checks 
*** TURN *** [4c 3c 4d] [2d]
rickmta: bets $0.07
PS-Keldale: calls $0.07
*** RIVER *** [4c 3c 4d 2d] [As]
rickmta: bets $0.14
PS-Keldale: folds 
Uncalled bet ($0.14) returned to rickmta
rickmta collected $0.28 from pot
rickmta: doesn't show hand 
*** SUMMARY ***
Total pot $0.29 | Rake $0.01 
Board [4c 3c 4d 2d As]
Seat 1: DigitalNomad800 (small blind) folded before Flop
Seat 2: gmitoi (big blind) folded before Flop
Seat 3: PaQeda folded before Flop (didn't bet)
Seat 4: TicTac3377 folded before Flop (didn't bet)
Seat 5: rickmta collected ($0.28)
Seat 6: Dorex2007 folded before Flop (didn't bet)
Seat 7: Kitelp folded before Flop (didn't bet)
Seat 8: Fishovskiy folded before Flop (didn't bet)
Seat 9: PS-Keldale (button) folded on the River



PokerStars Hand #223784658388:  Hold'em No Limit ($0.01/$0.02 USD) - 2021/02/13 16:15:20 PT [2021/02/13 19:15:20 ET]
Table 'Fidelio V' 9-max Seat #1 is the button
Seat 1: DigitalNomad800 ($5.20 in chips) 
Seat 2: gmitoi ($2.86 in chips) 
Seat 3: PaQeda ($1.71 in chips) 
Seat 4: TicTac3377 ($2.03 in chips) 
Seat 5: rickmta ($0.64 in chips) 
Seat 6: Dorex2007 ($1.50 in chips) 
Seat 7: Kitelp ($2.56 in chips) 
Seat 8: Fishovskiy ($2.11 in chips) 
Seat 9: PS-Keldale ($1.99 in chips) 
gmitoi: posts small blind $0.01
PaQeda: posts big blind $0.02
*** HOLE CARDS ***
Dealt to Dorex2007 [9d 6c]
TicTac3377: folds 
rickmta: folds 
Dorex2007: folds 
Kitelp: folds 
Fishovskiy: folds 
PS-Keldale: folds 
DigitalNomad800: folds 
gmitoi: folds 
Uncalled bet ($0.01) returned to PaQeda
PaQeda collected $0.02 from pot
PaQeda: doesn't show hand 
*** SUMMARY ***
Total pot $0.02 | Rake $0 
Seat 1: DigitalNomad800 (button) folded before Flop (didn't bet)
Seat 2: gmitoi (small blind) folded before Flop
Seat 3: PaQeda (big blind) collected ($0.02)
Seat 4: TicTac3377 folded before Flop (didn't bet)
Seat 5: rickmta folded before Flop (didn't bet)
Seat 6: Dorex2007 folded before Flop (didn't bet)
Seat 7: Kitelp folded before Flop (didn't bet)
Seat 8: Fishovskiy folded before Flop (didn't bet)
Seat 9: PS-Keldale folded before Flop (didn't bet)



PokerStars Hand #223784665842:  Hold'em No Limit ($0.01/$0.02 USD) - 2021/02/13 16:15:34 PT [2021/02/13 19:15:34 ET]
Table 'Fidelio V' 9-max Seat #2 is the button
Seat 1: DigitalNomad800 ($5.20 in chips) 
Seat 2: gmitoi ($2.85 in chips) 
Seat 3: PaQeda ($1.72 in chips) 
Seat 4: TicTac3377 ($2.03 in chips) 
Seat 5: rickmta ($0.64 in chips) 
Seat 6: Dorex2007 ($1.50 in chips) 
Seat 7: Kitelp ($2.56 in chips) 
Seat 8: Fishovskiy ($2.11 in chips) 
Seat 9: PS-Keldale ($1.99 in chips) 
PaQeda: posts small blind $0.01
TicTac3377: posts big blind $0.02
*** HOLE CARDS ***
Dealt to Dorex2007 [Js 9s]
rickmta: folds 
Dorex2007: folds 
Kitelp: folds 
Fishovskiy: folds 
PS-Keldale: raises $0.06 to $0.08
DigitalNomad800: folds 
gmitoi: folds 
PaQeda: calls $0.07
TicTac3377: folds 
*** FLOP *** [8c 3s 2d]
PaQeda: bets $0.08
PS-Keldale: calls $0.08
*** TURN *** [8c 3s 2d] [7c]
PaQeda: checks 
PS-Keldale: checks 
*** RIVER *** [8c 3s 2d 7c] [6d]
PaQeda: checks 
PS-Keldale: bets $0.14
PaQeda: calls $0.14
*** SHOW DOWN ***
PS-Keldale: shows [Jc Qs] (high card Queen)
PaQeda: shows [4d 4h] (a pair of Fours)
PaQeda collected $0.60 from pot
*** SUMMARY ***
Total pot $0.62 | Rake $0.02 
Board [8c 3s 2d 7c 6d]
Seat 1: DigitalNomad800 folded before Flop (didn't bet)
Seat 2: gmitoi (button) folded before Flop (didn't bet)
Seat 3: PaQeda (small blind) showed [4d 4h] and won ($0.60) with a pair of Fours
Seat 4: TicTac3377 (big blind) folded before Flop
Seat 5: rickmta folded before Flop (didn't bet)
Seat 6: Dorex2007 folded before Flop (didn't bet)
Seat 7: Kitelp folded before Flop (didn't bet)
Seat 8: Fishovskiy folded before Flop (didn't bet)
Seat 9: PS-Keldale showed [Jc Qs] and lost with high card Queen



PokerStars Hand #223784700314:  Hold'em No Limit ($0.01/$0.02 USD) - 2021/02/13 16:16:38 PT [2021/02/13 19:16:38 ET]
Table 'Fidelio V' 9-max Seat #3 is the button
Seat 1: DigitalNomad800 ($5.20 in chips) 
Seat 2: gmitoi ($2.85 in chips) 
Seat 3: PaQeda ($2.02 in chips) 
Seat 4: TicTac3377 ($2.01 in chips) 
Seat 5: rickmta ($0.64 in chips) 
Seat 6: Dorex2007 ($1.50 in chips) 
Seat 7: Kitelp ($2.56 in chips) 
Seat 8: Fishovskiy ($2.11 in chips) 
Seat 9: PS-Keldale ($1.69 in chips) 
TicTac3377: posts small blind $0.01
rickmta: posts big blind $0.02
*** HOLE CARDS ***
Dealt to Dorex2007 [Ks 6d]
Dorex2007: folds 
Kitelp: folds 
Fishovskiy has timed out
Fishovskiy: folds 
PS-Keldale: raises $0.04 to $0.06
DigitalNomad800: calls $0.06
gmitoi: folds 
PaQeda: calls $0.06
TicTac3377: folds 
rickmta: folds 
*** FLOP *** [Kd Js 4d]
PS-Keldale: checks 
DigitalNomad800: checks 
PaQeda: bets $0.10
PS-Keldale: calls $0.10
DigitalNomad800: folds 
*** TURN *** [Kd Js 4d] [2d]
PS-Keldale: bets $0.12
PaQeda: raises $0.64 to $0.76
PS-Keldale: folds 
Uncalled bet ($0.64) returned to PaQeda
PaQeda collected $0.63 from pot
PaQeda: doesn't show hand 
*** SUMMARY ***
Total pot $0.65 | Rake $0.02 
Board [Kd Js 4d 2d]
Seat 1: DigitalNomad800 folded on the Flop
Seat 2: gmitoi folded before Flop (didn't bet)
Seat 3: PaQeda (button) collected ($0.63)
Seat 4: TicTac3377 (small blind) folded before Flop
Seat 5: rickmta (big blind) folded before Flop
Seat 6: Dorex2007 folded before Flop (didn't bet)
Seat 7: Kitelp folded before Flop (didn't bet)
Seat 8: Fishovskiy folded before Flop (didn't bet)
Seat 9: PS-Keldale folded on the Turn



PokerStars Hand #223784773983:  Hold'em No Limit ($0.01/$0.02 USD) - 2021/02/13 16:18:53 PT [2021/02/13 19:18:53 ET]
Table 'Fidelio V' 9-max Seat #4 is the button
Seat 1: DigitalNomad800 ($5.14 in chips) 
Seat 2: gmitoi ($2.85 in chips) 
Seat 3: PaQeda ($2.37 in chips) 
Seat 4: TicTac3377 ($2 in chips) 
Seat 5: rickmta ($0.62 in chips) 
Seat 6: Dorex2007 ($1.50 in chips) 
Seat 7: Kitelp ($2.56 in chips) 
Seat 8: Fishovskiy ($2.11 in chips) 
Seat 9: PS-Keldale ($1.41 in chips) 
rickmta: posts small blind $0.01
Dorex2007: posts big blind $0.02
*** HOLE CARDS ***
Dealt to Dorex2007 [Jc 3c]
Kitelp: folds 
Fishovskiy: raises $0.04 to $0.06
PS-Keldale: folds 
DigitalNomad800: raises $0.04 to $0.10
gmitoi: calls $0.10
PaQeda: folds 
TicTac3377: folds 
rickmta: folds 
Dorex2007: folds 
Fishovskiy: calls $0.04
*** FLOP *** [8c Qs 2h]
Fishovskiy: checks 
DigitalNomad800: bets $0.18
gmitoi: calls $0.18
Fishovskiy: folds 
*** TURN *** [8c Qs 2h] [As]
DigitalNomad800: checks 
gmitoi: checks 
*** RIVER *** [8c Qs 2h As] [5h]
DigitalNomad800: checks 
gmitoi: checks 
*** SHOW DOWN ***
DigitalNomad800: shows [Ad 6h] (a pair of Aces)
gmitoi: mucks hand 
DigitalNomad800 collected $0.67 from pot
*** SUMMARY ***
Total pot $0.69 | Rake $0.02 
Board [8c Qs 2h As 5h]
Seat 1: DigitalNomad800 showed [Ad 6h] and won ($0.67) with a pair of Aces
Seat 2: gmitoi mucked [Th Jh]
Seat 3: PaQeda folded before Flop (didn't bet)
Seat 4: TicTac3377 (button) folded before Flop (didn't bet)
Seat 5: rickmta (small blind) folded before Flop
Seat 6: Dorex2007 (big blind) folded before Flop
Seat 7: Kitelp folded before Flop (didn't bet)
Seat 8: Fishovskiy folded on the Flop
Seat 9: PS-Keldale folded before Flop (didn't bet)



PokerStars Hand #223784802435:  Hold'em No Limit ($0.01/$0.02 USD) - 2021/02/13 16:19:47 PT [2021/02/13 19:19:47 ET]
Table 'Fidelio V' 9-max Seat #5 is the button
Seat 1: DigitalNomad800 ($5.53 in chips) 
Seat 2: gmitoi ($2.57 in chips) 
Seat 3: PaQeda ($2.37 in chips) 
Seat 4: TicTac3377 ($2 in chips) 
Seat 5: rickmta ($0.61 in chips) 
Seat 6: Dorex2007 ($1.48 in chips) 
Seat 7: Kitelp ($2.56 in chips) 
Seat 8: Fishovskiy ($2.01 in chips) 
Seat 9: PS-Keldale ($1.41 in chips) 
Dorex2007: posts small blind $0.01
Kitelp: posts big blind $0.02
*** HOLE CARDS ***
Dealt to Dorex2007 [Js Qc]
Fishovskiy: folds 
PS-Keldale: folds 
DigitalNomad800: raises $0.02 to $0.04
gmitoi: raises $0.16 to $0.20
PaQeda: folds 
TicTac3377: folds 
rickmta: folds 
Dorex2007: folds 
Kitelp: folds 
DigitalNomad800: folds 
Uncalled bet ($0.16) returned to gmitoi
gmitoi collected $0.11 from pot
gmitoi: doesn't show hand 
*** SUMMARY ***
Total pot $0.11 | Rake $0 
Seat 1: DigitalNomad800 folded before Flop
Seat 2: gmitoi collected ($0.11)
Seat 3: PaQeda folded before Flop (didn't bet)
Seat 4: TicTac3377 folded before Flop (didn't bet)
Seat 5: rickmta (button) folded before Flop (didn't bet)
Seat 6: Dorex2007 (small blind) folded before Flop
Seat 7: Kitelp (big blind) folded before Flop
Seat 8: Fishovskiy folded before Flop (didn't bet)
Seat 9: PS-Keldale folded before Flop (didn't bet)



PokerStars Hand #223784815359:  Hold'em No Limit ($0.01/$0.02 USD) - 2021/02/13 16:20:11 PT [2021/02/13 19:20:11 ET]
Table 'Fidelio V' 9-max Seat #6 is the button
Seat 1: DigitalNomad800 ($5.49 in chips) 
Seat 2: gmitoi ($2.64 in chips) 
Seat 3: PaQeda ($2.37 in chips) 
Seat 4: TicTac3377 ($2 in chips) 
Seat 5: rickmta ($0.61 in chips) 
Seat 6: Dorex2007 ($1.47 in chips) 
Seat 7: Kitelp ($2.54 in chips) 
Seat 8: Fishovskiy ($2.01 in chips) 
Seat 9: PS-Keldale ($1.41 in chips) 
Kitelp: posts small blind $0.01
Fishovskiy: posts big blind $0.02
*** HOLE CARDS ***
Dealt to Dorex2007 [Qd 4d]
PS-Keldale: folds 
DigitalNomad800: folds 
gmitoi: folds 
PaQeda: folds 
TicTac3377: folds 
rickmta: folds 
Dorex2007: raises $0.02 to $0.04
Kitelp: folds 
Fishovskiy: calls $0.02
*** FLOP *** [3d Jd Ah]
Fishovskiy: checks 
Dorex2007: bets $0.09
Fishovskiy: folds 
Uncalled bet ($0.09) returned to Dorex2007
Dorex2007 collected $0.09 from pot
Dorex2007: doesn't show hand 
*** SUMMARY ***
Total pot $0.09 | Rake $0 
Board [3d Jd Ah]
Seat 1: DigitalNomad800 folded before Flop (didn't bet)
Seat 2: gmitoi folded before Flop (didn't bet)
Seat 3: PaQeda folded before Flop (didn't bet)
Seat 4: TicTac3377 folded before Flop (didn't bet)
Seat 5: rickmta folded before Flop (didn't bet)
Seat 6: Dorex2007 (button) collected ($0.09)
Seat 7: Kitelp (small blind) folded before Flop
Seat 8: Fishovskiy (big blind) folded on the Flop
Seat 9: PS-Keldale folded before Flop (didn't bet)



PokerStars Hand #223784831208:  Hold'em No Limit ($0.01/$0.02 USD) - 2021/02/13 16:20:41 PT [2021/02/13 19:20:41 ET]
Table 'Fidelio V' 9-max Seat #7 is the button
Seat 1: DigitalNomad800 ($5.49 in chips) 
Seat 2: gmitoi ($2.64 in chips) 
Seat 3: PaQeda ($2.37 in chips) 
Seat 4: TicTac3377 ($2 in chips) 
Seat 5: rickmta ($0.61 in chips) 
Seat 6: Dorex2007 ($1.52 in chips) 
Seat 7: Kitelp ($2.53 in chips) 
Seat 8: Fishovskiy ($1.97 in chips) 
Seat 9: PS-Keldale ($1.41 in chips) 
Fishovskiy: posts small blind $0.01
PS-Keldale: posts big blind $0.02
*** HOLE CARDS ***
Dealt to Dorex2007 [Th 7h]
DigitalNomad800: folds 
gmitoi: raises $0.04 to $0.06
PaQeda: folds 
TicTac3377: folds 
rickmta: folds 
Dorex2007: folds 
Kitelp: folds 
Fishovskiy: folds 
PS-Keldale: folds 
Uncalled bet ($0.04) returned to gmitoi
gmitoi collected $0.05 from pot
gmitoi: doesn't show hand 
*** SUMMARY ***
Total pot $0.05 | Rake $0 
Seat 1: DigitalNomad800 folded before Flop (didn't bet)
Seat 2: gmitoi collected ($0.05)
Seat 3: PaQeda folded before Flop (didn't bet)
Seat 4: TicTac3377 folded before Flop (didn't bet)
Seat 5: rickmta folded before Flop (didn't bet)
Seat 6: Dorex2007 folded before Flop (didn't bet)
Seat 7: Kitelp (button) folded before Flop (didn't bet)
Seat 8: Fishovskiy (small blind) folded before Flop
Seat 9: PS-Keldale (big blind) folded before Flop



PokerStars Hand #223784847790:  Hold'em No Limit ($0.01/$0.02 USD) - 2021/02/13 16:21:12 PT [2021/02/13 19:21:12 ET]
Table 'Fidelio V' 9-max Seat #8 is the button
Seat 1: DigitalNomad800 ($5.49 in chips) 
Seat 2: gmitoi ($2.67 in chips) 
Seat 3: PaQeda ($2.37 in chips) 
Seat 4: TicTac3377 ($2 in chips) 
Seat 5: rickmta ($0.61 in chips) 
Seat 6: Dorex2007 ($1.52 in chips) 
Seat 7: Kitelp ($2.53 in chips) 
Seat 8: Fishovskiy ($1.96 in chips) 
Seat 9: PS-Keldale ($1.39 in chips) 
PS-Keldale: posts small blind $0.01
DigitalNomad800: posts big blind $0.02
*** HOLE CARDS ***
Dealt to Dorex2007 [8d 2d]
gmitoi: folds 
PaQeda: raises $0.04 to $0.06
TicTac3377: folds 
rickmta: folds 
Dorex2007: folds 
Kitelp: folds 
Fishovskiy: calls $0.06
PS-Keldale: calls $0.05
DigitalNomad800: folds 
*** FLOP *** [6d 4c 6c]
PS-Keldale: checks 
PaQeda: bets $0.19
Fishovskiy: folds 
PS-Keldale: folds 
Uncalled bet ($0.19) returned to PaQeda
PaQeda collected $0.19 from pot
PaQeda: doesn't show hand 
*** SUMMARY ***
Total pot $0.20 | Rake $0.01 
Board [6d 4c 6c]
Seat 1: DigitalNomad800 (big blind) folded before Flop
Seat 2: gmitoi folded before Flop (didn't bet)
Seat 3: PaQeda collected ($0.19)
Seat 4: TicTac3377 folded before Flop (didn't bet)
Seat 5: rickmta folded before Flop (didn't bet)
Seat 6: Dorex2007 folded before Flop (didn't bet)
Seat 7: Kitelp folded before Flop (didn't bet)
Seat 8: Fishovskiy (button) folded on the Flop
Seat 9: PS-Keldale (small blind) folded on the Flop



PokerStars Hand #223784868075:  Hold'em No Limit ($0.01/$0.02 USD) - 2021/02/13 16:21:51 PT [2021/02/13 19:21:51 ET]
Table 'Fidelio V' 9-max Seat #9 is the button
Seat 1: DigitalNomad800 ($5.47 in chips) 
Seat 2: gmitoi ($2.67 in chips) 
Seat 3: PaQeda ($2.50 in chips) 
Seat 4: TicTac3377 ($2 in chips) 
Seat 5: rickmta ($0.61 in chips) 
Seat 6: Dorex2007 ($1.52 in chips) 
Seat 7: Kitelp ($2.53 in chips) 
Seat 8: Fishovskiy ($1.90 in chips) 
Seat 9: PS-Keldale ($1.33 in chips) 
DigitalNomad800: posts small blind $0.01
gmitoi: posts big blind $0.02
*** HOLE CARDS ***
Dealt to Dorex2007 [Ah 9c]
PaQeda: folds 
TicTac3377 said, "8"
TicTac3377: raises $0.04 to $0.06
rickmta: folds 
Dorex2007: folds 
Kitelp: folds 
Fishovskiy: folds 
PS-Keldale: calls $0.06
DigitalNomad800: folds 
gmitoi: folds 
*** FLOP *** [Td Tc 3d]
TicTac3377: checks 
PS-Keldale: checks 
*** TURN *** [Td Tc 3d] [Qs]
TicTac3377: bets $0.07
PS-Keldale: folds 
Uncalled bet ($0.07) returned to TicTac3377
TicTac3377 collected $0.14 from pot
*** SUMMARY ***
Total pot $0.15 | Rake $0.01 
Board [Td Tc 3d Qs]
Seat 1: DigitalNomad800 (small blind) folded before Flop
Seat 2: gmitoi (big blind) folded before Flop
Seat 3: PaQeda folded before Flop (didn't bet)
Seat 4: TicTac3377 collected ($0.14)
Seat 5: rickmta folded before Flop (didn't bet)
Seat 6: Dorex2007 folded before Flop (didn't bet)
Seat 7: Kitelp folded before Flop (didn't bet)
Seat 8: Fishovskiy folded before Flop (didn't bet)
Seat 9: PS-Keldale (button) folded on the Turn



PokerStars Hand #223784890444:  Hold'em No Limit ($0.01/$0.02 USD) - 2021/02/13 16:22:34 PT [2021/02/13 19:22:34 ET]
Table 'Fidelio V' 9-max Seat #1 is the button
Seat 1: DigitalNomad800 ($5.46 in chips) 
Seat 2: gmitoi ($2.65 in chips) 
Seat 3: PaQeda ($2.50 in chips) 
Seat 4: TicTac3377 ($2.08 in chips) 
Seat 5: rickmta ($0.61 in chips) 
Seat 6: Dorex2007 ($1.52 in chips) 
Seat 7: Kitelp ($2.53 in chips) 
Seat 8: Fishovskiy ($1.90 in chips) 
Seat 9: PS-Keldale ($1.27 in chips) 
gmitoi: posts small blind $0.01
PaQeda: posts big blind $0.02
*** HOLE CARDS ***
Dealt to Dorex2007 [9s 3h]
TicTac3377: folds 
rickmta: folds 
Dorex2007: folds 
Kitelp: folds 
Fishovskiy: folds 
PS-Keldale: folds 
DigitalNomad800: raises $0.02 to $0.04
gmitoi: raises $0.16 to $0.20
PaQeda: folds 
DigitalNomad800: calls $0.16
*** FLOP *** [5h Jc Qd]
gmitoi: bets $0.21
DigitalNomad800: calls $0.21
*** TURN *** [5h Jc Qd] [2h]
gmitoi: checks 
DigitalNomad800: bets $0.45
gmitoi: folds 
Uncalled bet ($0.45) returned to DigitalNomad800
DigitalNomad800 collected $0.81 from pot
DigitalNomad800: doesn't show hand 
*** SUMMARY ***
Total pot $0.84 | Rake $0.03 
Board [5h Jc Qd 2h]
Seat 1: DigitalNomad800 (button) collected ($0.81)
Seat 2: gmitoi (small blind) folded on the Turn
Seat 3: PaQeda (big blind) folded before Flop
Seat 4: TicTac3377 folded before Flop (didn't bet)
Seat 5: rickmta folded before Flop (didn't bet)
Seat 6: Dorex2007 folded before Flop (didn't bet)
Seat 7: Kitelp folded before Flop (didn't bet)
Seat 8: Fishovskiy folded before Flop (didn't bet)
Seat 9: PS-Keldale folded before Flop (didn't bet)



PokerStars Hand #223784933356:  Hold'em No Limit ($0.01/$0.02 USD) - 2021/02/13 16:23:31 PT [2021/02/13 19:23:31 ET]
Table 'Fidelio V' 9-max Seat #2 is the button
Seat 1: DigitalNomad800 ($5.86 in chips) 
Seat 2: gmitoi ($2.24 in chips) 
Seat 3: PaQeda ($2.48 in chips) 
Seat 4: TicTac3377 ($2.08 in chips) 
Seat 5: rickmta ($0.61 in chips) 
Seat 6: Dorex2007 ($1.52 in chips) 
Seat 7: Kitelp ($2.53 in chips) 
Seat 8: Fishovskiy ($1.90 in chips) 
Seat 9: PS-Keldale ($1.27 in chips) 
PaQeda: posts small blind $0.01
TicTac3377: posts big blind $0.02
*** HOLE CARDS ***
Dealt to Dorex2007 [9c Qc]
rickmta: raises $0.02 to $0.04
Dorex2007: folds 
Kitelp: folds 
Fishovskiy: folds 
PS-Keldale: calls $0.04
DigitalNomad800 said, "relax man its not personal lol"
DigitalNomad800: calls $0.04
gmitoi: folds 
PaQeda: folds 
TicTac3377: folds 
*** FLOP *** [7c 6h 7h]
rickmta: checks 
PS-Keldale: checks 
DigitalNomad800: checks 
*** TURN *** [7c 6h 7h] [6d]
rickmta: bets $0.05
PS-Keldale: calls $0.05
DigitalNomad800: folds 
*** RIVER *** [7c 6h 7h 6d] [Ad]
rickmta: checks 
PS-Keldale: bets $0.10
rickmta: calls $0.10
*** SHOW DOWN ***
PS-Keldale: shows [9d Ac] (two pair, Aces and Sevens)
rickmta: mucks hand 
PS-Keldale collected $0.43 from pot
*** SUMMARY ***
Total pot $0.45 | Rake $0.02 
Board [7c 6h 7h 6d Ad]
Seat 1: DigitalNomad800 folded on the Turn
Seat 2: gmitoi (button) folded before Flop (didn't bet)
Seat 3: PaQeda (small blind) folded before Flop
Seat 4: TicTac3377 (big blind) folded before Flop
Seat 5: rickmta mucked [Td 9s]
Seat 6: Dorex2007 folded before Flop (didn't bet)
Seat 7: Kitelp folded before Flop (didn't bet)
Seat 8: Fishovskiy folded before Flop (didn't bet)
Seat 9: PS-Keldale showed [9d Ac] and won ($0.43) with two pair, Aces and Sevens



PokerStars Hand #223784963203:  Hold'em No Limit ($0.01/$0.02 USD) - 2021/02/13 16:24:28 PT [2021/02/13 19:24:28 ET]
Table 'Fidelio V' 9-max Seat #3 is the button
Seat 1: DigitalNomad800 ($5.82 in chips) 
Seat 2: gmitoi ($2.24 in chips) 
Seat 3: PaQeda ($2.47 in chips) 
Seat 4: TicTac3377 ($2.06 in chips) 
Seat 5: rickmta ($0.42 in chips) 
Seat 6: Dorex2007 ($1.52 in chips) 
Seat 7: Kitelp ($2.53 in chips) 
Seat 8: Fishovskiy ($1.90 in chips) 
Seat 9: PS-Keldale ($1.51 in chips) 
TicTac3377: posts small blind $0.01
rickmta: posts big blind $0.02
*** HOLE CARDS ***
Dealt to Dorex2007 [3s 2s]
Dorex2007: folds 
Kitelp: folds 
Fishovskiy: folds 
PS-Keldale: raises $0.04 to $0.06
DigitalNomad800: calls $0.06
gmitoi: folds 
PaQeda: calls $0.06
TicTac3377: folds 
rickmta: calls $0.04
*** FLOP *** [7h 7d 8h]
rickmta: checks 
PS-Keldale: checks 
DigitalNomad800: bets $0.13
PaQeda: folds 
rickmta: folds 
PS-Keldale: folds 
Uncalled bet ($0.13) returned to DigitalNomad800
DigitalNomad800 collected $0.24 from pot
DigitalNomad800: doesn't show hand 
*** SUMMARY ***
Total pot $0.25 | Rake $0.01 
Board [7h 7d 8h]
Seat 1: DigitalNomad800 collected ($0.24)
Seat 2: gmitoi folded before Flop (didn't bet)
Seat 3: PaQeda (button) folded on the Flop
Seat 4: TicTac3377 (small blind) folded before Flop
Seat 5: rickmta (big blind) folded on the Flop
Seat 6: Dorex2007 folded before Flop (didn't bet)
Seat 7: Kitelp folded before Flop (didn't bet)
Seat 8: Fishovskiy folded before Flop (didn't bet)
Seat 9: PS-Keldale folded on the Flop



PokerStars Hand #223784990243:  Hold'em No Limit ($0.01/$0.02 USD) - 2021/02/13 16:25:20 PT [2021/02/13 19:25:20 ET]
Table 'Fidelio V' 9-max Seat #4 is the button
Seat 1: DigitalNomad800 ($6 in chips) 
Seat 2: gmitoi ($2.24 in chips) 
Seat 3: PaQeda ($2.41 in chips) 
Seat 4: TicTac3377 ($2.05 in chips) 
Seat 5: rickmta ($0.36 in chips) 
Seat 6: Dorex2007 ($1.52 in chips) 
Seat 7: Kitelp ($2.53 in chips) 
Seat 8: Fishovskiy ($1.90 in chips) 
Seat 9: PS-Keldale ($1.45 in chips) 
rickmta: posts small blind $0.01
Dorex2007: posts big blind $0.02
*** HOLE CARDS ***
Dealt to Dorex2007 [9d Ac]
Kitelp: folds 
Fishovskiy: folds 
PS-Keldale: folds 
DigitalNomad800: calls $0.02
gmitoi: folds 
PaQeda: raises $0.04 to $0.06
TicTac3377: folds 
rickmta: folds 
Dorex2007: calls $0.04
DigitalNomad800: calls $0.04
*** FLOP *** [7d 2h Ts]
Dorex2007: checks 
DigitalNomad800: bets $0.10
PaQeda: folds 
Dorex2007: folds 
Uncalled bet ($0.10) returned to DigitalNomad800
DigitalNomad800 collected $0.18 from pot
DigitalNomad800: doesn't show hand 
*** SUMMARY ***
Total pot $0.19 | Rake $0.01 
Board [7d 2h Ts]
Seat 1: DigitalNomad800 collected ($0.18)
Seat 2: gmitoi folded before Flop (didn't bet)
Seat 3: PaQeda folded on the Flop
Seat 4: TicTac3377 (button) folded before Flop (didn't bet)
Seat 5: rickmta (small blind) folded before Flop
Seat 6: Dorex2007 (big blind) folded on the Flop
Seat 7: Kitelp folded before Flop (didn't bet)
Seat 8: Fishovskiy folded before Flop (didn't bet)
Seat 9: PS-Keldale folded before Flop (didn't bet)



PokerStars Hand #223785009457:  Hold'em No Limit ($0.01/$0.02 USD) - 2021/02/13 16:25:58 PT [2021/02/13 19:25:58 ET]
Table 'Fidelio V' 9-max Seat #5 is the button
Seat 1: DigitalNomad800 ($6.12 in chips) 
Seat 2: gmitoi ($2.24 in chips) 
Seat 3: PaQeda ($2.35 in chips) 
Seat 4: TicTac3377 ($2.05 in chips) 
Seat 5: rickmta ($0.35 in chips) 
Seat 6: Dorex2007 ($1.46 in chips) 
Seat 7: Kitelp ($2.53 in chips) 
Seat 8: Fishovskiy ($1.90 in chips) 
Seat 9: PS-Keldale ($1.45 in chips) 
Dorex2007: posts small blind $0.01
Kitelp: posts big blind $0.02
*** HOLE CARDS ***
Dealt to Dorex2007 [Kd Jh]
Fishovskiy: folds 
PS-Keldale: folds 
DigitalNomad800: calls $0.02
gmitoi: folds 
PaQeda: raises $0.04 to $0.06
TicTac3377: folds 
rickmta: folds 
Dorex2007: raises $0.12 to $0.18
Kitelp: folds 
DigitalNomad800: folds 
PaQeda: folds 
Uncalled bet ($0.12) returned to Dorex2007
Dorex2007 collected $0.16 from pot
Dorex2007: doesn't show hand 
*** SUMMARY ***
Total pot $0.16 | Rake $0 
Seat 1: DigitalNomad800 folded before Flop
Seat 2: gmitoi folded before Flop (didn't bet)
Seat 3: PaQeda folded before Flop
Seat 4: TicTac3377 folded before Flop (didn't bet)
Seat 5: rickmta (button) folded before Flop (didn't bet)
Seat 6: Dorex2007 (small blind) collected ($0.16)
Seat 7: Kitelp (big blind) folded before Flop
Seat 8: Fishovskiy folded before Flop (didn't bet)
Seat 9: PS-Keldale folded before Flop (didn't bet)



PokerStars Hand #223785029683:  Hold'em No Limit ($0.01/$0.02 USD) - 2021/02/13 16:26:37 PT [2021/02/13 19:26:37 ET]
Table 'Fidelio V' 9-max Seat #6 is the button
Seat 1: DigitalNomad800 ($6.10 in chips) 
Seat 2: gmitoi ($2.24 in chips) 
Seat 3: PaQeda ($2.29 in chips) 
Seat 4: TicTac3377 ($2.05 in chips) 
Seat 5: rickmta ($0.35 in chips) 
Seat 6: Dorex2007 ($1.56 in chips) 
Seat 7: Kitelp ($2.51 in chips) 
Seat 8: Fishovskiy ($1.90 in chips) 
Seat 9: PS-Keldale ($1.45 in chips) 
Kitelp: posts small blind $0.01
Fishovskiy: posts big blind $0.02
*** HOLE CARDS ***
Dealt to Dorex2007 [Tc 3h]
PS-Keldale: raises $0.06 to $0.08
DigitalNomad800: folds 
gmitoi: folds 
PaQeda: folds 
PaQeda leaves the table
TicTac3377: folds 
rickmta: folds 
Dorex2007: folds 
Kitelp: folds 
Fishovskiy: folds 
Uncalled bet ($0.06) returned to PS-Keldale
PS-Keldale collected $0.05 from pot
Teduf joins the table at seat #3 
PS-Keldale: doesn't show hand 
*** SUMMARY ***
Total pot $0.05 | Rake $0 
Seat 1: DigitalNomad800 folded before Flop (didn't bet)
Seat 2: gmitoi folded before Flop (didn't bet)
Seat 3: PaQeda folded before Flop (didn't bet)
Seat 4: TicTac3377 folded before Flop (didn't bet)
Seat 5: rickmta folded before Flop (didn't bet)
Seat 6: Dorex2007 (button) folded before Flop (didn't bet)
Seat 7: Kitelp (small blind) folded before Flop
Seat 8: Fishovskiy (big blind) folded before Flop
Seat 9: PS-Keldale collected ($0.05)



PokerStars Hand #223785041970:  Hold'em No Limit ($0.01/$0.02 USD) - 2021/02/13 16:27:01 PT [2021/02/13 19:27:01 ET]
Table 'Fidelio V' 9-max Seat #7 is the button
Seat 1: DigitalNomad800 ($6.10 in chips) 
Seat 2: gmitoi ($2.24 in chips) 
Seat 4: TicTac3377 ($2.05 in chips) 
Seat 5: rickmta ($0.35 in chips) 
Seat 6: Dorex2007 ($1.56 in chips) 
Seat 7: Kitelp ($2.50 in chips) 
Seat 8: Fishovskiy ($1.88 in chips) 
Seat 9: PS-Keldale ($1.48 in chips) 
Fishovskiy: posts small blind $0.01
PS-Keldale: posts big blind $0.02
Teduf: sits out 
*** HOLE CARDS ***
Dealt to Dorex2007 [Qs 6s]
DigitalNomad800: folds 
gmitoi: folds 
TicTac3377: folds 
rickmta: folds 
Dorex2007: folds 
Kitelp: raises $0.02 to $0.04
Fishovskiy: calls $0.03
PS-Keldale: calls $0.02
*** FLOP *** [Ac 3d 6c]
Fishovskiy: checks 
PS-Keldale: bets $0.04
Kitelp: calls $0.04
Fishovskiy: folds 
*** TURN *** [Ac 3d 6c] [7s]
PS-Keldale: checks 
Kitelp: checks 
*** RIVER *** [Ac 3d 6c 7s] [Tc]
PS-Keldale: bets $0.04
Kitelp: folds 
Uncalled bet ($0.04) returned to PS-Keldale
PS-Keldale collected $0.19 from pot
PS-Keldale: doesn't show hand 
*** SUMMARY ***
Total pot $0.20 | Rake $0.01 
Board [Ac 3d 6c 7s Tc]
Seat 1: DigitalNomad800 folded before Flop (didn't bet)
Seat 2: gmitoi folded before Flop (didn't bet)
Seat 4: TicTac3377 folded before Flop (didn't bet)
Seat 5: rickmta folded before Flop (didn't bet)
Seat 6: Dorex2007 folded before Flop (didn't bet)
Seat 7: Kitelp (button) folded on the River
Seat 8: Fishovskiy (small blind) folded on the Flop
Seat 9: PS-Keldale (big blind) collected ($0.19)



PokerStars Hand #223785073119:  Hold'em No Limit ($0.01/$0.02 USD) - 2021/02/13 16:28:02 PT [2021/02/13 19:28:02 ET]
Table 'Fidelio V' 9-max Seat #8 is the button
Seat 1: DigitalNomad800 ($6.10 in chips) 
Seat 2: gmitoi ($2.24 in chips) 
Seat 3: Teduf ($0.80 in chips) 
Seat 4: TicTac3377 ($2.05 in chips) 
Seat 5: rickmta ($0.35 in chips) 
Seat 6: Dorex2007 ($1.56 in chips) 
Seat 7: Kitelp ($2.42 in chips) 
Seat 8: Fishovskiy ($2 in chips) 
Seat 9: PS-Keldale ($1.59 in chips) 
PS-Keldale: posts small blind $0.01
DigitalNomad800: posts big blind $0.02
Teduf: posts big blind $0.02
*** HOLE CARDS ***
Dealt to Dorex2007 [8s 4c]
gmitoi: raises $0.04 to $0.06
Teduf: folds 
TicTac3377: raises $0.12 to $0.18
rickmta: folds 
Dorex2007: folds 
Kitelp: folds 
Fishovskiy: folds 
PS-Keldale: folds 
DigitalNomad800: folds 
gmitoi: calls $0.12
*** FLOP *** [4d Th 7d]
gmitoi: checks 
TicTac3377: bets $0.20
gmitoi: folds 
Uncalled bet ($0.20) returned to TicTac3377
TicTac3377 collected $0.40 from pot
*** SUMMARY ***
Total pot $0.41 | Rake $0.01 
Board [4d Th 7d]
Seat 1: DigitalNomad800 (big blind) folded before Flop
Seat 2: gmitoi folded on the Flop
Seat 3: Teduf folded before Flop (didn't bet)
Seat 4: TicTac3377 collected ($0.40)
Seat 5: rickmta folded before Flop (didn't bet)
Seat 6: Dorex2007 folded before Flop (didn't bet)
Seat 7: Kitelp folded before Flop (didn't bet)
Seat 8: Fishovskiy (button) folded before Flop (didn't bet)
Seat 9: PS-Keldale (small blind) folded before Flop



PokerStars Hand #223785091094:  Hold'em No Limit ($0.01/$0.02 USD) - 2021/02/13 16:28:37 PT [2021/02/13 19:28:37 ET]
Table 'Fidelio V' 9-max Seat #9 is the button
Seat 1: DigitalNomad800 ($6.08 in chips) 
Seat 2: gmitoi ($2.06 in chips) 
Seat 3: Teduf ($0.78 in chips) 
Seat 4: TicTac3377 ($2.27 in chips) 
Seat 5: rickmta ($0.35 in chips) 
Seat 6: Dorex2007 ($1.56 in chips) 
Seat 7: Kitelp ($2.42 in chips) 
Seat 8: Fishovskiy ($2 in chips) 
Seat 9: PS-Keldale ($1.58 in chips) 
DigitalNomad800: posts small blind $0.01
gmitoi: posts big blind $0.02
*** HOLE CARDS ***
Dealt to Dorex2007 [Ad Kd]
Teduf: folds 
TicTac3377: folds 
rickmta: folds 
Dorex2007: raises $0.04 to $0.06
Kitelp: calls $0.06
Fishovskiy: folds 
PS-Keldale: folds 
DigitalNomad800: calls $0.05
gmitoi: calls $0.04
*** FLOP *** [9s Td Jh]
DigitalNomad800: checks 
gmitoi: checks 
Dorex2007: bets $0.12
Kitelp: folds 
DigitalNomad800: folds 
gmitoi: folds 
Uncalled bet ($0.12) returned to Dorex2007
Dorex2007 collected $0.23 from pot
Dorex2007: doesn't show hand 
*** SUMMARY ***
Total pot $0.24 | Rake $0.01 
Board [9s Td Jh]
Seat 1: DigitalNomad800 (small blind) folded on the Flop
Seat 2: gmitoi (big blind) folded on the Flop
Seat 3: Teduf folded before Flop (didn't bet)
Seat 4: TicTac3377 folded before Flop (didn't bet)
Seat 5: rickmta folded before Flop (didn't bet)
Seat 6: Dorex2007 collected ($0.23)
Seat 7: Kitelp folded on the Flop
Seat 8: Fishovskiy folded before Flop (didn't bet)
Seat 9: PS-Keldale (button) folded before Flop (didn't bet)



PokerStars Hand #223785127005:  Hold'em No Limit ($0.01/$0.02 USD) - 2021/02/13 16:29:17 PT [2021/02/13 19:29:17 ET]
Table 'Fidelio V' 9-max Seat #1 is the button
Seat 1: DigitalNomad800 ($6.02 in chips) 
Seat 2: gmitoi ($2 in chips) 
Seat 3: Teduf ($0.78 in chips) 
Seat 4: TicTac3377 ($2.27 in chips) 
Seat 5: rickmta ($0.35 in chips) 
Seat 6: Dorex2007 ($1.73 in chips) 
Seat 7: Kitelp ($2.36 in chips) 
Seat 8: Fishovskiy ($2 in chips) 
Seat 9: PS-Keldale ($1.58 in chips) 
gmitoi: posts small blind $0.01
Teduf: posts big blind $0.02
*** HOLE CARDS ***
Dealt to Dorex2007 [3c 8s]
TicTac3377: folds 
rickmta: folds 
Dorex2007: folds 
Kitelp: raises $0.03 to $0.05
Fishovskiy: folds 
PS-Keldale: calls $0.05
DigitalNomad800: calls $0.05
gmitoi: calls $0.04
Teduf: folds 
*** FLOP *** [3h 7s Jh]
gmitoi: checks 
Kitelp: checks 
PS-Keldale: bets $0.12
DigitalNomad800: folds 
gmitoi: calls $0.12
Kitelp: folds 
*** TURN *** [3h 7s Jh] [2d]
gmitoi: checks 
PS-Keldale: bets $0.12
gmitoi: calls $0.12
*** RIVER *** [3h 7s Jh 2d] [Kd]
gmitoi: checks 
PS-Keldale: checks 
*** SHOW DOWN ***
gmitoi: shows [Qs Js] (a pair of Jacks)
PS-Keldale: mucks hand 
gmitoi collected $0.68 from pot
*** SUMMARY ***
Total pot $0.70 | Rake $0.02 
Board [3h 7s Jh 2d Kd]
Seat 1: DigitalNomad800 (button) folded on the Flop
Seat 2: gmitoi (small blind) showed [Qs Js] and won ($0.68) with a pair of Jacks
Seat 3: Teduf (big blind) folded before Flop
Seat 4: TicTac3377 folded before Flop (didn't bet)
Seat 5: rickmta folded before Flop (didn't bet)
Seat 6: Dorex2007 folded before Flop (didn't bet)
Seat 7: Kitelp folded on the Flop
Seat 8: Fishovskiy folded before Flop (didn't bet)
Seat 9: PS-Keldale mucked [9h 9d]



PokerStars Hand #223785157947:  Hold'em No Limit ($0.01/$0.02 USD) - 2021/02/13 16:30:17 PT [2021/02/13 19:30:17 ET]
Table 'Fidelio V' 9-max Seat #2 is the button
Seat 1: DigitalNomad800 ($5.97 in chips) 
Seat 2: gmitoi ($2.39 in chips) 
Seat 3: Teduf ($0.76 in chips) 
Seat 4: TicTac3377 ($2.27 in chips) 
Seat 5: rickmta ($0.35 in chips) 
Seat 6: Dorex2007 ($1.73 in chips) 
Seat 7: Kitelp ($2.31 in chips) 
Seat 8: Fishovskiy ($2 in chips) 
Seat 9: PS-Keldale ($1.29 in chips) 
Teduf: posts small blind $0.01
TicTac3377: posts big blind $0.02
*** HOLE CARDS ***
Dealt to Dorex2007 [9s Js]
rickmta: folds 
Dorex2007: folds 
Kitelp: folds 
Fishovskiy: folds 
PS-Keldale: raises $0.06 to $0.08
DigitalNomad800: folds 
gmitoi: folds 
Teduf: folds 
TicTac3377: folds 
Uncalled bet ($0.06) returned to PS-Keldale
PS-Keldale collected $0.05 from pot
PS-Keldale: doesn't show hand 
*** SUMMARY ***
Total pot $0.05 | Rake $0 
Seat 1: DigitalNomad800 folded before Flop (didn't bet)
Seat 2: gmitoi (button) folded before Flop (didn't bet)
Seat 3: Teduf (small blind) folded before Flop
Seat 4: TicTac3377 (big blind) folded before Flop
Seat 5: rickmta folded before Flop (didn't bet)
Seat 6: Dorex2007 folded before Flop (didn't bet)
Seat 7: Kitelp folded before Flop (didn't bet)
Seat 8: Fishovskiy folded before Flop (didn't bet)
Seat 9: PS-Keldale collected ($0.05)



PokerStars Hand #223785168446:  Hold'em No Limit ($0.01/$0.02 USD) - 2021/02/13 16:30:37 PT [2021/02/13 19:30:37 ET]
Table 'Fidelio V' 9-max Seat #3 is the button
Seat 1: DigitalNomad800 ($5.97 in chips) 
Seat 2: gmitoi ($2.39 in chips) 
Seat 3: Teduf ($0.75 in chips) 
Seat 4: TicTac3377 ($2.25 in chips) 
Seat 5: rickmta ($0.35 in chips) 
Seat 6: Dorex2007 ($1.73 in chips) 
Seat 7: Kitelp ($2.31 in chips) 
Seat 8: Fishovskiy ($2 in chips) 
Seat 9: PS-Keldale ($1.32 in chips) 
TicTac3377: posts small blind $0.01
rickmta: posts big blind $0.02
*** HOLE CARDS ***
Dealt to Dorex2007 [2d Js]
Dorex2007: folds 
Kitelp: folds 
Fishovskiy: folds 
PS-Keldale: folds 
DigitalNomad800: folds 
gmitoi: folds 
Teduf: raises $0.04 to $0.06
TicTac3377: folds 
rickmta: calls $0.04
*** FLOP *** [As Ks Jd]
rickmta: bets $0.06
Teduf: raises $0.13 to $0.19
rickmta: raises $0.10 to $0.29 and is all-in
Teduf: calls $0.10
*** TURN *** [As Ks Jd] [3h]
*** RIVER *** [As Ks Jd 3h] [4s]
*** SHOW DOWN ***
rickmta: shows [5c Kc] (a pair of Kings)
Teduf: shows [2h Ad] (a pair of Aces)
Teduf collected $0.69 from pot
*** SUMMARY ***
Total pot $0.71 | Rake $0.02 
Board [As Ks Jd 3h 4s]
Seat 1: DigitalNomad800 folded before Flop (didn't bet)
Seat 2: gmitoi folded before Flop (didn't bet)
Seat 3: Teduf (button) showed [2h Ad] and won ($0.69) with a pair of Aces
Seat 4: TicTac3377 (small blind) folded before Flop
Seat 5: rickmta (big blind) showed [5c Kc] and lost with a pair of Kings
Seat 6: Dorex2007 folded before Flop (didn't bet)
Seat 7: Kitelp folded before Flop (didn't bet)
Seat 8: Fishovskiy folded before Flop (didn't bet)
Seat 9: PS-Keldale folded before Flop (didn't bet)



PokerStars Hand #223785190742:  Hold'em No Limit ($0.01/$0.02 USD) - 2021/02/13 16:31:21 PT [2021/02/13 19:31:21 ET]
Table 'Fidelio V' 9-max Seat #4 is the button
Seat 1: DigitalNomad800 ($5.97 in chips) 
Seat 2: gmitoi ($2.39 in chips) 
Seat 3: Teduf ($1.09 in chips) 
Seat 4: TicTac3377 ($2.24 in chips) 
Seat 6: Dorex2007 ($1.73 in chips) 
Seat 7: Kitelp ($2.31 in chips) 
Seat 8: Fishovskiy ($2 in chips) 
Seat 9: PS-Keldale ($1.32 in chips) 
Dorex2007: posts small blind $0.01
Kitelp: posts big blind $0.02
*** HOLE CARDS ***
Dealt to Dorex2007 [7s Td]
Fishovskiy: raises $0.04 to $0.06
rickmta leaves the table
PS-Keldale: calls $0.06
DigitalNomad800: folds 
gmitoi: folds 
Teduf: folds 
TicTac3377: folds 
rickmta joins the table at seat #5 
Dorex2007: folds 
Kitelp: folds 
*** FLOP *** [Ac 4d Ad]
rickmta leaves the table
Fishovskiy: bets $0.08
PS-Keldale: calls $0.08
*** TURN *** [Ac 4d Ad] [8d]
Fishovskiy: checks 
PS-Keldale: bets $0.12
Rybka89 joins the table at seat #5 
Fishovskiy: folds 
Uncalled bet ($0.12) returned to PS-Keldale
PS-Keldale collected $0.30 from pot
PS-Keldale: doesn't show hand 
*** SUMMARY ***
Total pot $0.31 | Rake $0.01 
Board [Ac 4d Ad 8d]
Seat 1: DigitalNomad800 folded before Flop (didn't bet)
Seat 2: gmitoi folded before Flop (didn't bet)
Seat 3: Teduf folded before Flop (didn't bet)
Seat 4: TicTac3377 (button) folded before Flop (didn't bet)
Seat 6: Dorex2007 (small blind) folded before Flop
Seat 7: Kitelp (big blind) folded before Flop
Seat 8: Fishovskiy folded on the Turn
Seat 9: PS-Keldale collected ($0.30)



PokerStars Hand #223785212561:  Hold'em No Limit ($0.01/$0.02 USD) - 2021/02/13 16:32:03 PT [2021/02/13 19:32:03 ET]
Table 'Fidelio V' 9-max Seat #6 is the button
Seat 1: DigitalNomad800 ($5.97 in chips) 
Seat 2: gmitoi ($2.39 in chips) 
Seat 3: Teduf ($1.09 in chips) 
Seat 4: TicTac3377 ($2.24 in chips) 
Seat 6: Dorex2007 ($1.72 in chips) 
Seat 7: Kitelp ($2.29 in chips) 
Seat 8: Fishovskiy ($1.86 in chips) 
Seat 9: PS-Keldale ($1.48 in chips) 
Kitelp: posts small blind $0.01
Fishovskiy: posts big blind $0.02
Rybka89: sits out 
*** HOLE CARDS ***
Dealt to Dorex2007 [As Tc]
PS-Keldale: folds 
DigitalNomad800: folds 
gmitoi: folds 
Teduf: raises $0.04 to $0.06
TicTac3377: folds 
Dorex2007: calls $0.06
Kitelp: calls $0.05
Fishovskiy: folds 
*** FLOP *** [4c 9s 4h]
Kitelp: checks 
Teduf: bets $0.10
Dorex2007: folds 
Kitelp: calls $0.10
*** TURN *** [4c 9s 4h] [Jh]
Kitelp: checks 
Teduf: bets $0.20
Kitelp: raises $0.20 to $0.40
Teduf: calls $0.20
*** RIVER *** [4c 9s 4h Jh] [Th]
Kitelp: bets $1.28
Teduf: folds 
Uncalled bet ($1.28) returned to Kitelp
Kitelp collected $1.16 from pot
Kitelp: doesn't show hand 
*** SUMMARY ***
Total pot $1.20 | Rake $0.04 
Board [4c 9s 4h Jh Th]
Seat 1: DigitalNomad800 folded before Flop (didn't bet)
Seat 2: gmitoi folded before Flop (didn't bet)
Seat 3: Teduf folded on the River
Seat 4: TicTac3377 folded before Flop (didn't bet)
Seat 6: Dorex2007 (button) folded on the Flop
Seat 7: Kitelp (small blind) collected ($1.16)
Seat 8: Fishovskiy (big blind) folded before Flop
Seat 9: PS-Keldale folded before Flop (didn't bet)



PokerStars Hand #223785251343:  Hold'em No Limit ($0.01/$0.02 USD) - 2021/02/13 16:33:19 PT [2021/02/13 19:33:19 ET]
Table 'Fidelio V' 9-max Seat #7 is the button
Seat 1: DigitalNomad800 ($5.97 in chips) 
Seat 2: gmitoi ($2.39 in chips) 
Seat 3: Teduf ($0.53 in chips) 
Seat 4: TicTac3377 ($2.24 in chips) 
Seat 6: Dorex2007 ($1.66 in chips) 
Seat 7: Kitelp ($2.89 in chips) 
Seat 8: Fishovskiy ($2 in chips) 
Seat 9: PS-Keldale ($1.48 in chips) 
Fishovskiy: posts small blind $0.01
PS-Keldale: posts big blind $0.02
Rybka89: sits out 
*** HOLE CARDS ***
Dealt to Dorex2007 [Ks 3c]
DigitalNomad800: folds 
gmitoi: folds 
Teduf: raises $0.04 to $0.06
TicTac3377: folds 
Dorex2007: folds 
Kitelp: folds 
Fishovskiy: folds 
PS-Keldale: raises $0.06 to $0.12
Teduf: calls $0.06
*** FLOP *** [7d Jh Qs]
PS-Keldale: checks 
Teduf: bets $0.24
PS-Keldale: raises $1.12 to $1.36 and is all-in
Teduf: calls $0.17 and is all-in
Uncalled bet ($0.95) returned to PS-Keldale
*** TURN *** [7d Jh Qs] [Jc]
*** RIVER *** [7d Jh Qs Jc] [6c]
*** SHOW DOWN ***
PS-Keldale: shows [Qc Js] (a full house, Jacks full of Queens)
Teduf: shows [7h Ah] (two pair, Jacks and Sevens)
PS-Keldale collected $1.03 from pot
*** SUMMARY ***
Total pot $1.07 | Rake $0.04 
Board [7d Jh Qs Jc 6c]
Seat 1: DigitalNomad800 folded before Flop (didn't bet)
Seat 2: gmitoi folded before Flop (didn't bet)
Seat 3: Teduf showed [7h Ah] and lost with two pair, Jacks and Sevens
Seat 4: TicTac3377 folded before Flop (didn't bet)
Seat 6: Dorex2007 folded before Flop (didn't bet)
Seat 7: Kitelp (button) folded before Flop (didn't bet)
Seat 8: Fishovskiy (small blind) folded before Flop
Seat 9: PS-Keldale (big blind) showed [Qc Js] and won ($1.03) with a full house, Jacks full of Queens



PokerStars Hand #223785274883:  Hold'em No Limit ($0.01/$0.02 USD) - 2021/02/13 16:34:06 PT [2021/02/13 19:34:06 ET]
Table 'Fidelio V' 9-max Seat #8 is the button
Seat 1: DigitalNomad800 ($5.97 in chips) 
Seat 2: gmitoi ($2.39 in chips) 
Seat 4: TicTac3377 ($2.24 in chips) 
Seat 6: Dorex2007 ($1.66 in chips) 
Seat 7: Kitelp ($2.89 in chips) 
Seat 8: Fishovskiy ($1.99 in chips) 
Seat 9: PS-Keldale ($1.98 in chips) 
PS-Keldale: posts small blind $0.01
DigitalNomad800: posts big blind $0.02
Rybka89: sits out 
*** HOLE CARDS ***
Dealt to Dorex2007 [5c 5h]
Teduf leaves the table
gmitoi: folds 
TicTac3377: folds 
Dorex2007: calls $0.02
Kitelp: folds 
Fishovskiy: folds 
GodIn2019 joins the table at seat #3 
PS-Keldale: calls $0.01
DigitalNomad800: checks 
*** FLOP *** [Jh 9c 3h]
PS-Keldale: bets $0.08
DigitalNomad800: folds 
Dorex2007: folds 
Uncalled bet ($0.08) returned to PS-Keldale
PS-Keldale collected $0.06 from pot
PS-Keldale: doesn't show hand 
*** SUMMARY ***
Total pot $0.06 | Rake $0 
Board [Jh 9c 3h]
Seat 1: DigitalNomad800 (big blind) folded on the Flop
Seat 2: gmitoi folded before Flop (didn't bet)
Seat 4: TicTac3377 folded before Flop (didn't bet)
Seat 6: Dorex2007 folded on the Flop
Seat 7: Kitelp folded before Flop (didn't bet)
Seat 8: Fishovskiy (button) folded before Flop (didn't bet)
Seat 9: PS-Keldale (small blind) collected ($0.06)



PokerStars Hand #223785291642:  Hold'em No Limit ($0.01/$0.02 USD) - 2021/02/13 16:34:39 PT [2021/02/13 19:34:39 ET]
Table 'Fidelio V' 9-max Seat #9 is the button
Seat 1: DigitalNomad800 ($5.95 in chips) 
Seat 2: gmitoi ($2.39 in chips) 
Seat 4: TicTac3377 ($2.24 in chips) 
Seat 6: Dorex2007 ($1.64 in chips) 
Seat 7: Kitelp ($2.89 in chips) 
Seat 8: Fishovskiy ($1.99 in chips) 
Seat 9: PS-Keldale ($2.02 in chips) 
DigitalNomad800: posts small blind $0.01
gmitoi: posts big blind $0.02
GodIn2019: sits out 
Rybka89: sits out 
*** HOLE CARDS ***
Dealt to Dorex2007 [4h Th]
TicTac3377: folds 
Dorex2007: folds 
Kitelp: folds 
Fishovskiy: folds 
PS-Keldale: raises $0.04 to $0.06
DigitalNomad800: folds 
gmitoi: folds 
Uncalled bet ($0.04) returned to PS-Keldale
PS-Keldale collected $0.05 from pot
PS-Keldale: doesn't show hand 
*** SUMMARY ***
Total pot $0.05 | Rake $0 
Seat 1: DigitalNomad800 (small blind) folded before Flop
Seat 2: gmitoi (big blind) folded before Flop
Seat 4: TicTac3377 folded before Flop (didn't bet)
Seat 6: Dorex2007 folded before Flop (didn't bet)
Seat 7: Kitelp folded before Flop (didn't bet)
Seat 8: Fishovskiy folded before Flop (didn't bet)
Seat 9: PS-Keldale (button) collected ($0.05)



PokerStars Hand #223785304927:  Hold'em No Limit ($0.01/$0.02 USD) - 2021/02/13 16:35:05 PT [2021/02/13 19:35:05 ET]
Table 'Fidelio V' 9-max Seat #1 is the button
Seat 1: DigitalNomad800 ($5.94 in chips) 
Seat 2: gmitoi ($2.37 in chips) 
Seat 3: GodIn2019 ($2 in chips) 
Seat 4: TicTac3377 ($2.24 in chips) 
Seat 6: Dorex2007 ($1.64 in chips) 
Seat 7: Kitelp ($2.89 in chips) 
Seat 8: Fishovskiy ($1.99 in chips) 
Seat 9: PS-Keldale ($2.05 in chips) 
gmitoi: posts small blind $0.01
GodIn2019: posts big blind $0.02
Rybka89: sits out 
*** HOLE CARDS ***
Dealt to Dorex2007 [4s Td]
TicTac3377: folds 
Dorex2007: folds 
Kitelp: folds 
Fishovskiy: folds 
PS-Keldale: raises $0.02 to $0.04
DigitalNomad800: folds 
gmitoi: folds 
GodIn2019: folds 
Uncalled bet ($0.02) returned to PS-Keldale
PS-Keldale collected $0.05 from pot
PS-Keldale: doesn't show hand 
*** SUMMARY ***
Total pot $0.05 | Rake $0 
Seat 1: DigitalNomad800 (button) folded before Flop (didn't bet)
Seat 2: gmitoi (small blind) folded before Flop
Seat 3: GodIn2019 (big blind) folded before Flop
Seat 4: TicTac3377 folded before Flop (didn't bet)
Seat 6: Dorex2007 folded before Flop (didn't bet)
Seat 7: Kitelp folded before Flop (didn't bet)
Seat 8: Fishovskiy folded before Flop (didn't bet)
Seat 9: PS-Keldale collected ($0.05)



PokerStars Hand #223785317431:  Hold'em No Limit ($0.01/$0.02 USD) - 2021/02/13 16:35:30 PT [2021/02/13 19:35:30 ET]
Table 'Fidelio V' 9-max Seat #3 is the button
Seat 1: DigitalNomad800 ($5.94 in chips) 
Seat 3: GodIn2019 ($2 in chips) 
Seat 4: TicTac3377 ($2.24 in chips) 
Seat 5: Rybka89 ($2 in chips) 
Seat 6: Dorex2007 ($1.64 in chips) 
Seat 7: Kitelp ($2.89 in chips) 
Seat 8: Fishovskiy ($1.99 in chips) 
Seat 9: PS-Keldale ($2.08 in chips) 
TicTac3377: posts small blind $0.01
Rybka89: posts big blind $0.02
*** HOLE CARDS ***
Dealt to Dorex2007 [9d 3h]
Dorex2007: folds 
Kitelp: raises $0.03 to $0.05
Fishovskiy: folds 
PS-Keldale: calls $0.05
DigitalNomad800: folds 
GodIn2019: raises $0.18 to $0.23
TicTac3377: folds 
Rybka89: folds 
Kitelp: folds 
PS-Keldale: folds 
Uncalled bet ($0.18) returned to GodIn2019
GodIn2019 collected $0.18 from pot
*** SUMMARY ***
Total pot $0.18 | Rake $0 
Seat 1: DigitalNomad800 folded before Flop (didn't bet)
Seat 3: GodIn2019 (button) collected ($0.18)
Seat 4: TicTac3377 (small blind) folded before Flop
Seat 5: Rybka89 (big blind) folded before Flop
Seat 6: Dorex2007 folded before Flop (didn't bet)
Seat 7: Kitelp folded before Flop
Seat 8: Fishovskiy folded before Flop (didn't bet)
Seat 9: PS-Keldale folded before Flop



PokerStars Hand #223785334057:  Hold'em No Limit ($0.01/$0.02 USD) - 2021/02/13 16:36:04 PT [2021/02/13 19:36:04 ET]
Table 'Fidelio V' 9-max Seat #4 is the button
Seat 1: DigitalNomad800 ($5.94 in chips) 
Seat 3: GodIn2019 ($2.13 in chips) 
Seat 4: TicTac3377 ($2.23 in chips) 
Seat 5: Rybka89 ($1.98 in chips) 
Seat 6: Dorex2007 ($1.64 in chips) 
Seat 7: Kitelp ($2.84 in chips) 
Seat 8: Fishovskiy ($1.99 in chips) 
Seat 9: PS-Keldale ($2.03 in chips) 
Rybka89: posts small blind $0.01
Dorex2007: posts big blind $0.02
*** HOLE CARDS ***
Dealt to Dorex2007 [4c 5h]
Kitelp: folds 
Fishovskiy: folds 
PS-Keldale: folds 
DigitalNomad800: raises $0.04 to $0.06
GodIn2019: folds 
TicTac3377: calls $0.06
Rybka89: calls $0.05
Dorex2007: folds 
*** FLOP *** [Jh Js Qd]
Rybka89: bets $0.02
DigitalNomad800: calls $0.02
TicTac3377: calls $0.02
*** TURN *** [Jh Js Qd] [Ac]
Rybka89: checks 
DigitalNomad800: bets $0.02
TicTac3377: raises $0.04 to $0.06
Rybka89: folds 
DigitalNomad800: calls $0.04
*** RIVER *** [Jh Js Qd Ac] [2c]
DigitalNomad800: checks 
TicTac3377: bets $0.14
DigitalNomad800: folds 
Uncalled bet ($0.14) returned to TicTac3377
TicTac3377 collected $0.37 from pot
*** SUMMARY ***
Total pot $0.38 | Rake $0.01 
Board [Jh Js Qd Ac 2c]
Seat 1: DigitalNomad800 folded on the River
Seat 3: GodIn2019 folded before Flop (didn't bet)
Seat 4: TicTac3377 (button) collected ($0.37)
Seat 5: Rybka89 (small blind) folded on the Turn
Seat 6: Dorex2007 (big blind) folded before Flop
Seat 7: Kitelp folded before Flop (didn't bet)
Seat 8: Fishovskiy folded before Flop (didn't bet)
Seat 9: PS-Keldale folded before Flop (didn't bet)



PokerStars Hand #223785378139:  Hold'em No Limit ($0.01/$0.02 USD) - 2021/02/13 16:37:32 PT [2021/02/13 19:37:32 ET]
Table 'Fidelio V' 9-max Seat #5 is the button
Seat 1: DigitalNomad800 ($5.80 in chips) 
Seat 3: GodIn2019 ($2.13 in chips) 
Seat 4: TicTac3377 ($2.46 in chips) 
Seat 5: Rybka89 ($1.90 in chips) 
Seat 6: Dorex2007 ($1.62 in chips) 
Seat 7: Kitelp ($2.84 in chips) 
Seat 8: Fishovskiy ($1.99 in chips) 
Seat 9: PS-Keldale ($2.03 in chips) 
Dorex2007: posts small blind $0.01
Kitelp: posts big blind $0.02
*** HOLE CARDS ***
Dealt to Dorex2007 [4h Kc]
Fishovskiy: raises $0.04 to $0.06
PS-Keldale: calls $0.06
DigitalNomad800: folds 
GodIn2019: folds 
TicTac3377: folds 
Rybka89: folds 
Dorex2007: folds 
Kitelp: folds 
*** FLOP *** [Kd 5h Tc]
Fishovskiy: checks 
PS-Keldale: bets $0.06
Fishovskiy: calls $0.06
*** TURN *** [Kd 5h Tc] [7h]
Fishovskiy: checks 
PS-Keldale: checks 
*** RIVER *** [Kd 5h Tc 7h] [9h]
Fishovskiy: bets $0.08
PS-Keldale: folds 
Uncalled bet ($0.08) returned to Fishovskiy
Fishovskiy collected $0.26 from pot
Fishovskiy: doesn't show hand 
*** SUMMARY ***
Total pot $0.27 | Rake $0.01 
Board [Kd 5h Tc 7h 9h]
Seat 1: DigitalNomad800 folded before Flop (didn't bet)
Seat 3: GodIn2019 folded before Flop (didn't bet)
Seat 4: TicTac3377 folded before Flop (didn't bet)
Seat 5: Rybka89 (button) folded before Flop (didn't bet)
Seat 6: Dorex2007 (small blind) folded before Flop
Seat 7: Kitelp (big blind) folded before Flop
Seat 8: Fishovskiy collected ($0.26)
Seat 9: PS-Keldale folded on the River



PokerStars Hand #223785398673:  Hold'em No Limit ($0.01/$0.02 USD) - 2021/02/13 16:38:13 PT [2021/02/13 19:38:13 ET]
Table 'Fidelio V' 9-max Seat #6 is the button
Seat 1: DigitalNomad800 ($5.80 in chips) 
Seat 3: GodIn2019 ($2.13 in chips) 
Seat 4: TicTac3377 ($2.46 in chips) 
Seat 5: Rybka89 ($1.90 in chips) 
Seat 6: Dorex2007 ($1.61 in chips) 
Seat 7: Kitelp ($2.82 in chips) 
Seat 8: Fishovskiy ($2.13 in chips) 
Seat 9: PS-Keldale ($1.91 in chips) 
Kitelp: posts small blind $0.01
Fishovskiy: posts big blind $0.02
*** HOLE CARDS ***
Dealt to Dorex2007 [5c 6d]
PS-Keldale: folds 
DigitalNomad800: folds 
GodIn2019: folds 
TicTac3377: folds 
Rybka89: folds 
Dorex2007: folds 
Rybka89 leaves the table
Kitelp: raises $0.04 to $0.06
Fishovskiy: folds 
Uncalled bet ($0.04) returned to Kitelp
Kitelp collected $0.04 from pot
Kitelp: doesn't show hand 
*** SUMMARY ***
Total pot $0.04 | Rake $0 
Seat 1: DigitalNomad800 folded before Flop (didn't bet)
Seat 3: GodIn2019 folded before Flop (didn't bet)
Seat 4: TicTac3377 folded before Flop (didn't bet)
Seat 5: Rybka89 folded before Flop (didn't bet)
Seat 6: Dorex2007 (button) folded before Flop (didn't bet)
Seat 7: Kitelp (small blind) collected ($0.04)
Seat 8: Fishovskiy (big blind) folded before Flop
Seat 9: PS-Keldale folded before Flop (didn't bet)



PokerStars Hand #223785410672:  Hold'em No Limit ($0.01/$0.02 USD) - 2021/02/13 16:38:38 PT [2021/02/13 19:38:38 ET]
Table 'Fidelio V' 9-max Seat #7 is the button
Seat 1: DigitalNomad800 ($5.80 in chips) 
Seat 3: GodIn2019 ($2.13 in chips) 
Seat 4: TicTac3377 ($2.46 in chips) 
Seat 6: Dorex2007 ($1.61 in chips) 
Seat 7: Kitelp ($2.84 in chips) 
Seat 8: Fishovskiy ($2.11 in chips) 
Seat 9: PS-Keldale ($1.91 in chips) 
Fishovskiy: posts small blind $0.01
PS-Keldale: posts big blind $0.02
*** HOLE CARDS ***
Dealt to Dorex2007 [Jh 2d]
DigitalNomad800: folds 
GodIn2019: folds 
Teduf joins the table at seat #5 
TicTac3377: raises $0.04 to $0.06
Dorex2007: folds 
Kitelp: folds 
Fishovskiy: folds 
PS-Keldale: folds 
Uncalled bet ($0.04) returned to TicTac3377
TicTac3377 collected $0.05 from pot
*** SUMMARY ***
Total pot $0.05 | Rake $0 
Seat 1: DigitalNomad800 folded before Flop (didn't bet)
Seat 3: GodIn2019 folded before Flop (didn't bet)
Seat 4: TicTac3377 collected ($0.05)
Seat 6: Dorex2007 folded before Flop (didn't bet)
Seat 7: Kitelp (button) folded before Flop (didn't bet)
Seat 8: Fishovskiy (small blind) folded before Flop
Seat 9: PS-Keldale (big blind) folded before Flop



PokerStars Hand #223785420314:  Hold'em No Limit ($0.01/$0.02 USD) - 2021/02/13 16:38:57 PT [2021/02/13 19:38:57 ET]
Table 'Fidelio V' 9-max Seat #8 is the button
Seat 1: DigitalNomad800 ($5.80 in chips) 
Seat 3: GodIn2019 ($2.13 in chips) 
Seat 4: TicTac3377 ($2.49 in chips) 
Seat 5: Teduf ($0.80 in chips) 
Seat 6: Dorex2007 ($1.61 in chips) 
Seat 7: Kitelp ($2.84 in chips) 
Seat 8: Fishovskiy ($2.10 in chips) 
Seat 9: PS-Keldale ($1.89 in chips) 
PS-Keldale: posts small blind $0.01
DigitalNomad800: posts big blind $0.02
Teduf: posts big blind $0.02
*** HOLE CARDS ***
Dealt to Dorex2007 [5h Js]
GodIn2019: raises $0.07 to $0.09
TicTac3377: calls $0.09
Teduf: folds 
Dorex2007: folds 
Kitelp: folds 
Fishovskiy: folds 
PS-Keldale: folds 
DigitalNomad800: folds 
*** FLOP *** [4d 3h Qs]
GodIn2019: bets $0.22
TicTac3377: folds 
Uncalled bet ($0.22) returned to GodIn2019
GodIn2019 collected $0.22 from pot
*** SUMMARY ***
Total pot $0.23 | Rake $0.01 
Board [4d 3h Qs]
Seat 1: DigitalNomad800 (big blind) folded before Flop
Seat 3: GodIn2019 collected ($0.22)
Seat 4: TicTac3377 folded on the Flop
Seat 5: Teduf folded before Flop (didn't bet)
Seat 6: Dorex2007 folded before Flop (didn't bet)
Seat 7: Kitelp folded before Flop (didn't bet)
Seat 8: Fishovskiy (button) folded before Flop (didn't bet)
Seat 9: PS-Keldale (small blind) folded before Flop



PokerStars Hand #223785437307:  Hold'em No Limit ($0.01/$0.02 USD) - 2021/02/13 16:39:32 PT [2021/02/13 19:39:32 ET]
Table 'Fidelio V' 9-max Seat #9 is the button
Seat 1: DigitalNomad800 ($5.78 in chips) 
Seat 3: GodIn2019 ($2.26 in chips) 
Seat 4: TicTac3377 ($2.40 in chips) 
Seat 5: Teduf ($0.78 in chips) 
Seat 6: Dorex2007 ($1.61 in chips) 
Seat 7: Kitelp ($2.84 in chips) 
Seat 8: Fishovskiy ($2.10 in chips) 
Seat 9: PS-Keldale ($1.88 in chips) 
DigitalNomad800: posts small blind $0.01
GodIn2019: posts big blind $0.02
*** HOLE CARDS ***
Dealt to Dorex2007 [2s 9h]
TicTac3377: folds 
Teduf: folds 
Dorex2007: folds 
Kitelp: folds 
Fishovskiy: folds 
PS-Keldale: folds 
DigitalNomad800: folds 
Uncalled bet ($0.01) returned to GodIn2019
GodIn2019 collected $0.02 from pot
*** SUMMARY ***
Total pot $0.02 | Rake $0 
Seat 1: DigitalNomad800 (small blind) folded before Flop
Seat 3: GodIn2019 (big blind) collected ($0.02)
Seat 4: TicTac3377 folded before Flop (didn't bet)
Seat 5: Teduf folded before Flop (didn't bet)
Seat 6: Dorex2007 folded before Flop (didn't bet)
Seat 7: Kitelp folded before Flop (didn't bet)
Seat 8: Fishovskiy folded before Flop (didn't bet)
Seat 9: PS-Keldale (button) folded before Flop (didn't bet)



PokerStars Hand #223785445354:  Hold'em No Limit ($0.01/$0.02 USD) - 2021/02/13 16:39:48 PT [2021/02/13 19:39:48 ET]
Table 'Fidelio V' 9-max Seat #1 is the button
Seat 1: DigitalNomad800 ($5.77 in chips) 
Seat 3: GodIn2019 ($2.27 in chips) 
Seat 4: TicTac3377 ($2.40 in chips) 
Seat 5: Teduf ($0.78 in chips) 
Seat 6: Dorex2007 ($1.61 in chips) 
Seat 7: Kitelp ($2.84 in chips) 
Seat 8: Fishovskiy ($2.10 in chips) 
Seat 9: PS-Keldale ($1.88 in chips) 
GodIn2019: posts small blind $0.01
TicTac3377: posts big blind $0.02
*** HOLE CARDS ***
Dealt to Dorex2007 [Ks 4c]
Teduf: raises $0.02 to $0.04
Dorex2007: folds 
Kitelp: folds 
Fishovskiy: folds 
PS-Keldale: raises $0.08 to $0.12
DigitalNomad800: folds 
GodIn2019: folds 
TicTac3377: folds 
Teduf: calls $0.08
*** FLOP *** [Qh As Ts]
Teduf: bets $0.13
PS-Keldale: raises $0.13 to $0.26
Teduf: raises $0.40 to $0.66 and is all-in
PS-Keldale: folds 
Uncalled bet ($0.40) returned to Teduf
Teduf collected $0.76 from pot
Teduf: doesn't show hand 
*** SUMMARY ***
Total pot $0.79 | Rake $0.03 
Board [Qh As Ts]
Seat 1: DigitalNomad800 (button) folded before Flop (didn't bet)
Seat 3: GodIn2019 (small blind) folded before Flop
Seat 4: TicTac3377 (big blind) folded before Flop
Seat 5: Teduf collected ($0.76)
Seat 6: Dorex2007 folded before Flop (didn't bet)
Seat 7: Kitelp folded before Flop (didn't bet)
Seat 8: Fishovskiy folded before Flop (didn't bet)
Seat 9: PS-Keldale folded on the Flop



PokerStars Hand #223785471560:  Hold'em No Limit ($0.01/$0.02 USD) - 2021/02/13 16:40:41 PT [2021/02/13 19:40:41 ET]
Table 'Fidelio V' 9-max Seat #3 is the button
Seat 1: DigitalNomad800 ($5.77 in chips) 
Seat 2: gmitoi ($2.36 in chips) 
Seat 3: GodIn2019 ($2.26 in chips) 
Seat 4: TicTac3377 ($2.38 in chips) 
Seat 5: Teduf ($1.16 in chips) 
Seat 6: Dorex2007 ($1.61 in chips) 
Seat 7: Kitelp ($2.84 in chips) 
Seat 8: Fishovskiy ($2.10 in chips) 
Seat 9: PS-Keldale ($1.50 in chips) 
TicTac3377: posts small blind $0.01
Teduf: posts big blind $0.02
gmitoi: posts small & big blinds $0.03
*** HOLE CARDS ***
Dealt to Dorex2007 [Qd 9s]
Dorex2007: folds 
Kitelp: folds 
Fishovskiy: folds 
PS-Keldale: folds 
DigitalNomad800: folds 
PS-Keldale leaves the table
gmitoi: checks 
GodIn2019: folds 
TicTac3377: raises $0.04 to $0.06
Teduf: calls $0.04
gmitoi: folds 
*** FLOP *** [3c 4d 2c]
TicTac3377: bets $0.09
Teduf: calls $0.09
*** TURN *** [3c 4d 2c] [5h]
ordukhanmarjan joins the table at seat #9 
TicTac3377: checks 
ordukhanmarjan leaves the table
Teduf: bets $0.16
TicTac3377: calls $0.16
*** RIVER *** [3c 4d 2c 5h] [Ac]
TicTac3377: checks 
Teduf: bets $0.32
TicTac3377: calls $0.32
*** SHOW DOWN ***
Teduf: shows [3h 4h] (a straight, Ace to Five)
TicTac3377: shows [Js Jh] (a straight, Ace to Five)
TicTac3377 collected $0.62 from pot
Teduf collected $0.62 from pot
*** SUMMARY ***
Total pot $1.29 | Rake $0.05 
Board [3c 4d 2c 5h Ac]
Seat 1: DigitalNomad800 folded before Flop (didn't bet)
Seat 2: gmitoi folded before Flop (didn't bet)
Seat 3: GodIn2019 (button) folded before Flop (didn't bet)
Seat 4: TicTac3377 (small blind) showed [Js Jh] and won ($0.62) with a straight, Ace to Five
Seat 5: Teduf (big blind) showed [3h 4h] and won ($0.62) with a straight, Ace to Five
Seat 6: Dorex2007 folded before Flop (didn't bet)
Seat 7: Kitelp folded before Flop (didn't bet)
Seat 8: Fishovskiy folded before Flop (didn't bet)
Seat 9: PS-Keldale folded before Flop (didn't bet)



PokerStars Hand #223785499549:  Hold'em No Limit ($0.01/$0.02 USD) - 2021/02/13 16:41:38 PT [2021/02/13 19:41:38 ET]
Table 'Fidelio V' 9-max Seat #4 is the button
Seat 1: DigitalNomad800 ($5.77 in chips) 
Seat 2: gmitoi ($2.33 in chips) 
Seat 3: GodIn2019 ($2.26 in chips) 
Seat 4: TicTac3377 ($2.37 in chips) 
Seat 5: Teduf ($1.15 in chips) 
Seat 6: Dorex2007 ($1.61 in chips) 
Seat 7: Kitelp ($2.84 in chips) 
Seat 8: Fishovskiy ($2.10 in chips) 
Teduf: posts small blind $0.01
Dorex2007: posts big blind $0.02
*** HOLE CARDS ***
Dealt to Dorex2007 [8c Ad]
Kitelp: raises $0.03 to $0.05
Fishovskiy: folds 
DigitalNomad800: folds 
gmitoi: folds 
GodIn2019: folds 
TicTac3377: folds 
Teduf: calls $0.04
Dorex2007: folds 
*** FLOP *** [3c 3d Ts]
Teduf: checks 
Kitelp: bets $0.13
Teduf: calls $0.13
*** TURN *** [3c 3d Ts] [8s]
pbt1000 joins the table at seat #9 
Teduf: checks 
Kitelp: bets $0.41
Teduf: folds 
Uncalled bet ($0.41) returned to Kitelp
Kitelp collected $0.37 from pot
Kitelp: doesn't show hand 
*** SUMMARY ***
Total pot $0.38 | Rake $0.01 
Board [3c 3d Ts 8s]
Seat 1: DigitalNomad800 folded before Flop (didn't bet)
Seat 2: gmitoi folded before Flop (didn't bet)
Seat 3: GodIn2019 folded before Flop (didn't bet)
Seat 4: TicTac3377 (button) folded before Flop (didn't bet)
Seat 5: Teduf (small blind) folded on the Turn
Seat 6: Dorex2007 (big blind) folded before Flop
Seat 7: Kitelp collected ($0.37)
Seat 8: Fishovskiy folded before Flop (didn't bet)



PokerStars Hand #223785519686:  Hold'em No Limit ($0.01/$0.02 USD) - 2021/02/13 16:42:19 PT [2021/02/13 19:42:19 ET]
Table 'Fidelio V' 9-max Seat #5 is the button
Seat 1: DigitalNomad800 ($5.77 in chips) 
Seat 2: gmitoi ($2.33 in chips) 
Seat 3: GodIn2019 ($2.26 in chips) 
Seat 4: TicTac3377 ($2.37 in chips) 
Seat 5: Teduf ($0.97 in chips) 
Seat 6: Dorex2007 ($1.59 in chips) 
Seat 7: Kitelp ($3.03 in chips) 
Seat 8: Fishovskiy ($2.10 in chips) 
Seat 9: pbt1000 ($1.60 in chips) 
Dorex2007: posts small blind $0.01
Kitelp: posts big blind $0.02
pbt1000: posts big blind $0.02
*** HOLE CARDS ***
Dealt to Dorex2007 [2d Tc]
Fishovskiy: folds 
pbt1000: checks 
DigitalNomad800: folds 
gmitoi: folds 
GodIn2019: folds 
TicTac3377: raises $0.04 to $0.06
Teduf: folds 
Dorex2007: folds 
Kitelp: calls $0.04
pbt1000: calls $0.04
*** FLOP *** [3s 5d 2s]
Kitelp: checks 
pbt1000: checks 
TicTac3377: checks 
*** TURN *** [3s 5d 2s] [Jh]
Kitelp: bets $0.14
pbt1000: folds 
TicTac3377: folds 
Uncalled bet ($0.14) returned to Kitelp
Kitelp collected $0.18 from pot
Kitelp: doesn't show hand 
*** SUMMARY ***
Total pot $0.19 | Rake $0.01 
Board [3s 5d 2s Jh]
Seat 1: DigitalNomad800 folded before Flop (didn't bet)
Seat 2: gmitoi folded before Flop (didn't bet)
Seat 3: GodIn2019 folded before Flop (didn't bet)
Seat 4: TicTac3377 folded on the Turn
Seat 5: Teduf (button) folded before Flop (didn't bet)
Seat 6: Dorex2007 (small blind) folded before Flop
Seat 7: Kitelp (big blind) collected ($0.18)
Seat 8: Fishovskiy folded before Flop (didn't bet)
Seat 9: pbt1000 folded on the Turn



PokerStars Hand #223785545700:  Hold'em No Limit ($0.01/$0.02 USD) - 2021/02/13 16:43:09 PT [2021/02/13 19:43:09 ET]
Table 'Fidelio V' 9-max Seat #6 is the button
Seat 1: DigitalNomad800 ($5.77 in chips) 
Seat 2: gmitoi ($2.33 in chips) 
Seat 3: GodIn2019 ($2.26 in chips) 
Seat 4: TicTac3377 ($2.31 in chips) 
Seat 5: Teduf ($0.97 in chips) 
Seat 6: Dorex2007 ($1.58 in chips) 
Seat 7: Kitelp ($3.15 in chips) 
Seat 8: Fishovskiy ($2.10 in chips) 
Seat 9: pbt1000 ($1.54 in chips) 
Kitelp: posts small blind $0.01
Fishovskiy: posts big blind $0.02
*** HOLE CARDS ***
Dealt to Dorex2007 [Ad 2h]
pbt1000: folds 
DigitalNomad800: folds 
gmitoi: raises $0.04 to $0.06
GodIn2019: folds 
TicTac3377: folds 
Teduf: raises $0.04 to $0.10
Dorex2007: folds 
Kitelp: folds 
Fishovskiy: folds 
gmitoi: calls $0.04
*** FLOP *** [6d 8c Td]
gmitoi: checks 
Teduf: bets $0.11
gmitoi: folds 
Uncalled bet ($0.11) returned to Teduf
Teduf collected $0.22 from pot
Teduf: doesn't show hand 
*** SUMMARY ***
Total pot $0.23 | Rake $0.01 
Board [6d 8c Td]
Seat 1: DigitalNomad800 folded before Flop (didn't bet)
Seat 2: gmitoi folded on the Flop
Seat 3: GodIn2019 folded before Flop (didn't bet)
Seat 4: TicTac3377 folded before Flop (didn't bet)
Seat 5: Teduf collected ($0.22)
Seat 6: Dorex2007 (button) folded before Flop (didn't bet)
Seat 7: Kitelp (small blind) folded before Flop
Seat 8: Fishovskiy (big blind) folded before Flop
Seat 9: pbt1000 folded before Flop (didn't bet)



PokerStars Hand #223785572149:  Hold'em No Limit ($0.01/$0.02 USD) - 2021/02/13 16:44:04 PT [2021/02/13 19:44:04 ET]
Table 'Fidelio V' 9-max Seat #7 is the button
Seat 1: DigitalNomad800 ($5.77 in chips) 
Seat 2: gmitoi ($2.23 in chips) 
Seat 3: GodIn2019 ($2.26 in chips) 
Seat 4: TicTac3377 ($2.31 in chips) 
Seat 5: Teduf ($1.09 in chips) 
Seat 6: Dorex2007 ($1.58 in chips) 
Seat 7: Kitelp ($3.14 in chips) 
Seat 8: Fishovskiy ($2.08 in chips) 
Seat 9: pbt1000 ($1.54 in chips) 
Fishovskiy: posts small blind $0.01
pbt1000: posts big blind $0.02
*** HOLE CARDS ***
Dealt to Dorex2007 [Ts Kh]
DigitalNomad800: folds 
gmitoi: raises $0.04 to $0.06
GodIn2019: folds 
TicTac3377: folds 
Teduf: folds 
Dorex2007: calls $0.06
Kitelp: folds 
Fishovskiy: folds 
pbt1000: calls $0.04
*** FLOP *** [Ac 3s Kd]
pbt1000: bets $0.05
gmitoi: raises $0.11 to $0.16
Dorex2007: folds 
pbt1000: raises $0.15 to $0.31
gmitoi: folds 
Uncalled bet ($0.15) returned to pbt1000
pbt1000 collected $0.49 from pot
*** SUMMARY ***
Total pot $0.51 | Rake $0.02 
Board [Ac 3s Kd]
Seat 1: DigitalNomad800 folded before Flop (didn't bet)
Seat 2: gmitoi folded on the Flop
Seat 3: GodIn2019 folded before Flop (didn't bet)
Seat 4: TicTac3377 folded before Flop (didn't bet)
Seat 5: Teduf folded before Flop (didn't bet)
Seat 6: Dorex2007 folded on the Flop
Seat 7: Kitelp (button) folded before Flop (didn't bet)
Seat 8: Fishovskiy (small blind) folded before Flop
Seat 9: pbt1000 (big blind) collected ($0.49)



PokerStars Hand #223785604868:  Hold'em No Limit ($0.01/$0.02 USD) - 2021/02/13 16:45:04 PT [2021/02/13 19:45:04 ET]
Table 'Fidelio V' 9-max Seat #8 is the button
Seat 1: DigitalNomad800 ($5.77 in chips) 
Seat 2: gmitoi ($2.01 in chips) 
Seat 3: GodIn2019 ($2.26 in chips) 
Seat 4: TicTac3377 ($2.31 in chips) 
Seat 5: Teduf ($1.09 in chips) 
Seat 6: Dorex2007 ($1.52 in chips) 
Seat 7: Kitelp ($3.14 in chips) 
Seat 8: Fishovskiy ($2.07 in chips) 
Seat 9: pbt1000 ($1.81 in chips) 
pbt1000: posts small blind $0.01
DigitalNomad800: posts big blind $0.02
*** HOLE CARDS ***
Dealt to Dorex2007 [Ks 2d]
gmitoi: folds 
GodIn2019: folds 
TicTac3377: folds 
Teduf: folds 
Dorex2007: folds 
Kitelp: folds 
Fishovskiy: folds 
pbt1000: raises $0.04 to $0.06
DigitalNomad800: calls $0.04
*** FLOP *** [4c 5d Qs]
pbt1000: checks 
DigitalNomad800: bets $0.02
pbt1000: raises $0.08 to $0.10
DigitalNomad800: calls $0.08
*** TURN *** [4c 5d Qs] [5c]
pbt1000: checks 
DigitalNomad800: checks 
*** RIVER *** [4c 5d Qs 5c] [8d]
pbt1000: bets $0.16
DigitalNomad800: calls $0.16
*** SHOW DOWN ***
pbt1000: shows [Td Qd] (two pair, Queens and Fives)
DigitalNomad800: mucks hand 
pbt1000 collected $0.62 from pot
*** SUMMARY ***
Total pot $0.64 | Rake $0.02 
Board [4c 5d Qs 5c 8d]
Seat 1: DigitalNomad800 (big blind) mucked [Js Ah]
Seat 2: gmitoi folded before Flop (didn't bet)
Seat 3: GodIn2019 folded before Flop (didn't bet)
Seat 4: TicTac3377 folded before Flop (didn't bet)
Seat 5: Teduf folded before Flop (didn't bet)
Seat 6: Dorex2007 folded before Flop (didn't bet)
Seat 7: Kitelp folded before Flop (didn't bet)
Seat 8: Fishovskiy (button) folded before Flop (didn't bet)
Seat 9: pbt1000 (small blind) showed [Td Qd] and won ($0.62) with two pair, Queens and Fives



PokerStars Hand #223785640781:  Hold'em No Limit ($0.01/$0.02 USD) - 2021/02/13 16:46:03 PT [2021/02/13 19:46:03 ET]
Table 'Fidelio V' 9-max Seat #9 is the button
Seat 1: DigitalNomad800 ($5.45 in chips) 
Seat 2: gmitoi ($2.01 in chips) 
Seat 3: GodIn2019 ($2.26 in chips) 
Seat 4: TicTac3377 ($2.31 in chips) 
Seat 5: Teduf ($1.09 in chips) 
Seat 6: Dorex2007 ($1.52 in chips) 
Seat 7: Kitelp ($3.14 in chips) 
Seat 8: Fishovskiy ($2.07 in chips) 
Seat 9: pbt1000 ($2.11 in chips) 
DigitalNomad800: posts small blind $0.01
gmitoi: posts big blind $0.02
*** HOLE CARDS ***
Dealt to Dorex2007 [Ac 2s]
GodIn2019: folds 
TicTac3377: folds 
Teduf: raises $0.02 to $0.04
Dorex2007: folds 
Kitelp: folds 
Fishovskiy: folds 
pbt1000: folds 
DigitalNomad800: folds 
gmitoi: calls $0.02
*** FLOP *** [Qd 5c 3h]
gmitoi: checks 
Teduf: checks 
*** TURN *** [Qd 5c 3h] [Qc]
gmitoi: checks 
Teduf: checks 
*** RIVER *** [Qd 5c 3h Qc] [8s]
gmitoi: checks 
Teduf: bets $0.05
gmitoi: folds 
Uncalled bet ($0.05) returned to Teduf
Teduf collected $0.09 from pot
Teduf: doesn't show hand 
*** SUMMARY ***
Total pot $0.09 | Rake $0 
Board [Qd 5c 3h Qc 8s]
Seat 1: DigitalNomad800 (small blind) folded before Flop
Seat 2: gmitoi (big blind) folded on the River
Seat 3: GodIn2019 folded before Flop (didn't bet)
Seat 4: TicTac3377 folded before Flop (didn't bet)
Seat 5: Teduf collected ($0.09)
Seat 6: Dorex2007 folded before Flop (didn't bet)
Seat 7: Kitelp folded before Flop (didn't bet)
Seat 8: Fishovskiy folded before Flop (didn't bet)
Seat 9: pbt1000 (button) folded before Flop (didn't bet)



PokerStars Hand #223785674258:  Hold'em No Limit ($0.01/$0.02 USD) - 2021/02/13 16:47:13 PT [2021/02/13 19:47:13 ET]
Table 'Fidelio V' 9-max Seat #1 is the button
Seat 1: DigitalNomad800 ($5.44 in chips) 
Seat 2: gmitoi ($2 in chips) 
Seat 3: GodIn2019 ($2.26 in chips) 
Seat 4: TicTac3377 ($2.31 in chips) 
Seat 5: Teduf ($1.14 in chips) 
Seat 6: Dorex2007 ($1.52 in chips) 
Seat 7: Kitelp ($3.14 in chips) 
Seat 8: Fishovskiy ($2.07 in chips) 
Seat 9: pbt1000 ($2.11 in chips) 
gmitoi: posts small blind $0.01
GodIn2019: posts big blind $0.02
*** HOLE CARDS ***
Dealt to Dorex2007 [6c Qd]
TicTac3377: folds 
Teduf: folds 
Dorex2007: folds 
Kitelp: raises $0.03 to $0.05
Fishovskiy: raises $0.13 to $0.18
pbt1000: folds 
DigitalNomad800: folds 
DigitalNomad800 leaves the table
gmitoi: folds 
GodIn2019: folds 
Kitelp: calls $0.13
*** FLOP *** [6d 9d Td]
mikeballe400 joins the table at seat #1 
Kitelp: checks 
Fishovskiy: bets $0.24
Kitelp: calls $0.24
*** TURN *** [6d 9d Td] [6h]
Kitelp: checks 
Fishovskiy: checks 
*** RIVER *** [6d 9d Td 6h] [Jd]
Kitelp: bets $0.46
Fishovskiy: folds 
Uncalled bet ($0.46) returned to Kitelp
Kitelp collected $0.84 from pot
Kitelp: doesn't show hand 
*** SUMMARY ***
Total pot $0.87 | Rake $0.03 
Board [6d 9d Td 6h Jd]
Seat 1: DigitalNomad800 (button) folded before Flop (didn't bet)
Seat 2: gmitoi (small blind) folded before Flop
Seat 3: GodIn2019 (big blind) folded before Flop
Seat 4: TicTac3377 folded before Flop (didn't bet)
Seat 5: Teduf folded before Flop (didn't bet)
Seat 6: Dorex2007 folded before Flop (didn't bet)
Seat 7: Kitelp collected ($0.84)
Seat 8: Fishovskiy folded on the River
Seat 9: pbt1000 folded before Flop (didn't bet)



PokerStars Hand #223785714629:  Hold'em No Limit ($0.01/$0.02 USD) - 2021/02/13 16:48:36 PT [2021/02/13 19:48:36 ET]
Table 'Fidelio V' 9-max Seat #2 is the button
Seat 1: mikeballe400 ($1.60 in chips) 
Seat 2: gmitoi ($2 in chips) 
Seat 3: GodIn2019 ($2.24 in chips) 
Seat 4: TicTac3377 ($2.31 in chips) 
Seat 5: Teduf ($1.14 in chips) 
Seat 6: Dorex2007 ($1.52 in chips) 
Seat 7: Kitelp ($3.56 in chips) 
Seat 8: Fishovskiy ($1.65 in chips) 
Seat 9: pbt1000 ($2.11 in chips) 
GodIn2019: posts small blind $0.01
TicTac3377: posts big blind $0.02
mikeballe400: posts big blind $0.02
*** HOLE CARDS ***
Dealt to Dorex2007 [Qd 4c]
Teduf: folds 
Dorex2007: folds 
Kitelp: calls $0.02
Fishovskiy: raises $0.06 to $0.08
pbt1000: folds 
mikeballe400: calls $0.06
gmitoi: folds 
GodIn2019: folds 
TicTac3377: folds 
Kitelp: folds 
*** FLOP *** [2d 5h 3c]
Fishovskiy: bets $0.06
mikeballe400: calls $0.06
*** TURN *** [2d 5h 3c] [7c]
Fishovskiy: bets $0.18
mikeballe400: folds 
Uncalled bet ($0.18) returned to Fishovskiy
Fishovskiy collected $0.32 from pot
Fishovskiy: doesn't show hand 
*** SUMMARY ***
Total pot $0.33 | Rake $0.01 
Board [2d 5h 3c 7c]
Seat 1: mikeballe400 folded on the Turn
Seat 2: gmitoi (button) folded before Flop (didn't bet)
Seat 3: GodIn2019 (small blind) folded before Flop
Seat 4: TicTac3377 (big blind) folded before Flop
Seat 5: Teduf folded before Flop (didn't bet)
Seat 6: Dorex2007 folded before Flop (didn't bet)
Seat 7: Kitelp folded before Flop
Seat 8: Fishovskiy collected ($0.32)
Seat 9: pbt1000 folded before Flop (didn't bet)



PokerStars Hand #223785736232:  Hold'em No Limit ($0.01/$0.02 USD) - 2021/02/13 16:49:22 PT [2021/02/13 19:49:22 ET]
Table 'Fidelio V' 9-max Seat #3 is the button
Seat 1: mikeballe400 ($1.46 in chips) 
Seat 2: gmitoi ($2 in chips) 
Seat 3: GodIn2019 ($2.23 in chips) 
Seat 4: TicTac3377 ($2.29 in chips) 
Seat 5: Teduf ($1.14 in chips) 
Seat 6: Dorex2007 ($1.52 in chips) 
Seat 7: Kitelp ($3.54 in chips) 
Seat 8: Fishovskiy ($2 in chips) 
Seat 9: pbt1000 ($2.11 in chips) 
TicTac3377: posts small blind $0.01
Teduf: posts big blind $0.02
*** HOLE CARDS ***
Dealt to Dorex2007 [As 8h]
Dorex2007: folds 
Kitelp: folds 
Fishovskiy: folds 
pbt1000: calls $0.02
mikeballe400: folds 
gmitoi: folds 
GodIn2019: folds 
TicTac3377: folds 
Teduf: checks 
*** FLOP *** [9d Kc Ad]
Teduf: checks 
pbt1000: checks 
*** TURN *** [9d Kc Ad] [5c]
Fishovskiy leaves the table
Teduf: checks 
pbt1000: checks 
*** RIVER *** [9d Kc Ad 5c] [6s]
Teduf: checks 
pbt1000: bets $0.10
Teduf: folds 
Uncalled bet ($0.10) returned to pbt1000
pbt1000 collected $0.05 from pot
*** SUMMARY ***
Total pot $0.05 | Rake $0 
Board [9d Kc Ad 5c 6s]
Seat 1: mikeballe400 folded before Flop (didn't bet)
Seat 2: gmitoi folded before Flop (didn't bet)
Seat 3: GodIn2019 (button) folded before Flop (didn't bet)
Seat 4: TicTac3377 (small blind) folded before Flop
Seat 5: Teduf (big blind) folded on the River
Seat 6: Dorex2007 folded before Flop (didn't bet)
Seat 7: Kitelp folded before Flop (didn't bet)
Seat 8: Fishovskiy folded before Flop (didn't bet)
Seat 9: pbt1000 collected ($0.05)



PokerStars Hand #223785760714:  Hold'em No Limit ($0.01/$0.02 USD) - 2021/02/13 16:50:13 PT [2021/02/13 19:50:13 ET]
Table 'Fidelio V' 9-max Seat #4 is the button
Seat 1: mikeballe400 ($1.46 in chips) 
Seat 2: gmitoi ($2 in chips) 
Seat 3: GodIn2019 ($2.23 in chips) 
Seat 4: TicTac3377 ($2.28 in chips) 
Seat 5: Teduf ($1.12 in chips) 
Seat 6: Dorex2007 ($1.52 in chips) 
Seat 7: Kitelp ($3.54 in chips) 
Seat 9: pbt1000 ($2.14 in chips) 
Teduf: posts small blind $0.01
Dorex2007: posts big blind $0.02
*** HOLE CARDS ***
Dealt to Dorex2007 [7s 4c]
Kitelp: calls $0.02
pbt1000: calls $0.02
mikeballe400: folds 
gmitoi: folds 
GodIn2019: folds 
TicTac3377: folds 
Teduf: raises $0.04 to $0.06
Dorex2007: folds 
Kitelp: raises $0.28 to $0.34
pbt1000: folds 
Teduf: folds 
Uncalled bet ($0.28) returned to Kitelp
Kitelp collected $0.16 from pot
Kitelp: doesn't show hand 
*** SUMMARY ***
Total pot $0.16 | Rake $0 
Seat 1: mikeballe400 folded before Flop (didn't bet)
Seat 2: gmitoi folded before Flop (didn't bet)
Seat 3: GodIn2019 folded before Flop (didn't bet)
Seat 4: TicTac3377 (button) folded before Flop (didn't bet)
Seat 5: Teduf (small blind) folded before Flop
Seat 6: Dorex2007 (big blind) folded before Flop
Seat 7: Kitelp collected ($0.16)
Seat 9: pbt1000 folded before Flop



PokerStars Hand #223785787365:  Hold'em No Limit ($0.01/$0.02 USD) - 2021/02/13 16:50:55 PT [2021/02/13 19:50:55 ET]
Table 'Fidelio V' 9-max Seat #5 is the button
Seat 1: mikeballe400 ($1.46 in chips) 
Seat 2: gmitoi ($2 in chips) 
Seat 3: GodIn2019 ($2.23 in chips) 
Seat 4: TicTac3377 ($2.28 in chips) 
Seat 5: Teduf ($1.06 in chips) 
Seat 6: Dorex2007 ($1.50 in chips) 
Seat 9: pbt1000 ($2.12 in chips) 
Dorex2007: posts small blind $0.01
Kitelp: is sitting out 
pbt1000: posts big blind $0.02
*** HOLE CARDS ***
Dealt to Dorex2007 [6c 8h]
Kitelp leaves the table
mikeballe400: calls $0.02
gmitoi: folds 
GodIn2019: folds 
TicTac3377: folds 
Teduf: raises $0.04 to $0.06
Dorex2007: folds 
pbt1000: folds 
mikeballe400: calls $0.04
*** FLOP *** [Kc 5c Jh]
mikeballe400: bets $0.07
Teduf: calls $0.07
*** TURN *** [Kc 5c Jh] [Kd]
mikeballe400: bets $0.28
Teduf: folds 
Uncalled bet ($0.28) returned to mikeballe400
mikeballe400 collected $0.28 from pot
*** SUMMARY ***
Total pot $0.29 | Rake $0.01 
Board [Kc 5c Jh Kd]
Seat 1: mikeballe400 collected ($0.28)
Seat 2: gmitoi folded before Flop (didn't bet)
Seat 3: GodIn2019 folded before Flop (didn't bet)
Seat 4: TicTac3377 folded before Flop (didn't bet)
Seat 5: Teduf (button) folded on the Turn
Seat 6: Dorex2007 (small blind) folded before Flop
Seat 9: pbt1000 (big blind) folded before Flop



PokerStars Hand #223785807826:  Hold'em No Limit ($0.01/$0.02 USD) - 2021/02/13 16:51:39 PT [2021/02/13 19:51:39 ET]
Table 'Fidelio V' 9-max Seat #6 is the button
Seat 1: mikeballe400 ($1.61 in chips) 
Seat 2: gmitoi ($2 in chips) 
Seat 3: GodIn2019 ($2.23 in chips) 
Seat 4: TicTac3377 ($2.28 in chips) 
Seat 5: Teduf ($0.93 in chips) 
Seat 6: Dorex2007 ($1.49 in chips) 
Seat 9: pbt1000 ($2.10 in chips) 
pbt1000: posts small blind $0.01
mikeballe400: posts big blind $0.02
*** HOLE CARDS ***
Dealt to Dorex2007 [Th 7s]
gmitoi: folds 
GodIn2019: folds 
TicTac3377: raises $0.04 to $0.06
Teduf: calls $0.06
Dorex2007: folds 
pbt1000: folds 
mikeballe400: raises $0.04 to $0.10
TicTac3377: calls $0.04
Teduf: calls $0.04
*** FLOP *** [6s 5h 5c]
mikeballe400: bets $0.15
TicTac3377: folds 
Teduf: folds 
Uncalled bet ($0.15) returned to mikeballe400
mikeballe400 collected $0.30 from pot
*** SUMMARY ***
Total pot $0.31 | Rake $0.01 
Board [6s 5h 5c]
Seat 1: mikeballe400 (big blind) collected ($0.30)
Seat 2: gmitoi folded before Flop (didn't bet)
Seat 3: GodIn2019 folded before Flop (didn't bet)
Seat 4: TicTac3377 folded on the Flop
Seat 5: Teduf folded on the Flop
Seat 6: Dorex2007 (button) folded before Flop (didn't bet)
Seat 9: pbt1000 (small blind) folded before Flop



PokerStars Hand #223785828409:  Hold'em No Limit ($0.01/$0.02 USD) - 2021/02/13 16:52:23 PT [2021/02/13 19:52:23 ET]
Table 'Fidelio V' 9-max Seat #9 is the button
Seat 1: mikeballe400 ($1.81 in chips) 
Seat 2: gmitoi ($2 in chips) 
Seat 3: GodIn2019 ($2.23 in chips) 
Seat 4: TicTac3377 ($2.18 in chips) 
Seat 5: Teduf ($0.83 in chips) 
Seat 6: Dorex2007 ($1.49 in chips) 
Seat 9: pbt1000 ($2.09 in chips) 
mikeballe400: posts small blind $0.01
gmitoi: posts big blind $0.02
*** HOLE CARDS ***
Dealt to Dorex2007 [Js 7d]
GodIn2019: folds 
TicTac3377: folds 
Teduf: folds 
Dorex2007: folds 
pbt1000: folds 
mikeballe400: calls $0.01
gmitoi: raises $0.08 to $0.10
mikeballe400: folds 
Uncalled bet ($0.08) returned to gmitoi
gmitoi collected $0.04 from pot
gmitoi: doesn't show hand 
*** SUMMARY ***
Total pot $0.04 | Rake $0 
Seat 1: mikeballe400 (small blind) folded before Flop
Seat 2: gmitoi (big blind) collected ($0.04)
Seat 3: GodIn2019 folded before Flop (didn't bet)
Seat 4: TicTac3377 folded before Flop (didn't bet)
Seat 5: Teduf folded before Flop (didn't bet)
Seat 6: Dorex2007 folded before Flop (didn't bet)
Seat 9: pbt1000 (button) folded before Flop (didn't bet)



PokerStars Hand #223785839557:  Hold'em No Limit ($0.01/$0.02 USD) - 2021/02/13 16:52:47 PT [2021/02/13 19:52:47 ET]
Table 'Fidelio V' 9-max Seat #1 is the button
Seat 1: mikeballe400 ($1.79 in chips) 
Seat 2: gmitoi ($2.02 in chips) 
Seat 3: GodIn2019 ($2.23 in chips) 
Seat 4: TicTac3377 ($2.18 in chips) 
Seat 5: Teduf ($0.83 in chips) 
Seat 6: Dorex2007 ($1.49 in chips) 
Seat 9: pbt1000 ($2.09 in chips) 
gmitoi: posts small blind $0.01
GodIn2019: posts big blind $0.02
*** HOLE CARDS ***
Dealt to Dorex2007 [4d 3s]
TicTac3377: folds 
Teduf: raises $0.04 to $0.06
Dorex2007: folds 
pbt1000: folds 
mikeballe400: folds 
gmitoi: folds 
GodIn2019: folds 
Uncalled bet ($0.04) returned to Teduf
Teduf collected $0.05 from pot
Teduf: doesn't show hand 
*** SUMMARY ***
Total pot $0.05 | Rake $0 
Seat 1: mikeballe400 (button) folded before Flop (didn't bet)
Seat 2: gmitoi (small blind) folded before Flop
Seat 3: GodIn2019 (big blind) folded before Flop
Seat 4: TicTac3377 folded before Flop (didn't bet)
Seat 5: Teduf collected ($0.05)
Seat 6: Dorex2007 folded before Flop (didn't bet)
Seat 9: pbt1000 folded before Flop (didn't bet)



PokerStars Hand #223785850160:  Hold'em No Limit ($0.01/$0.02 USD) - 2021/02/13 16:53:09 PT [2021/02/13 19:53:09 ET]
Table 'Fidelio V' 9-max Seat #2 is the button
Seat 1: mikeballe400 ($1.79 in chips) 
Seat 2: gmitoi ($2.01 in chips) 
Seat 3: GodIn2019 ($2.21 in chips) 
Seat 4: TicTac3377 ($2.18 in chips) 
Seat 5: Teduf ($0.86 in chips) 
Seat 6: Dorex2007 ($1.49 in chips) 
Seat 9: pbt1000 ($2.09 in chips) 
GodIn2019: posts small blind $0.01
TicTac3377: posts big blind $0.02
*** HOLE CARDS ***
Dealt to Dorex2007 [3h 5c]
Teduf: raises $0.04 to $0.06
Dorex2007: folds 
pbt1000: folds 
mikeballe400: folds 
gmitoi: calls $0.06
GodIn2019: folds 
TicTac3377: folds 
*** FLOP *** [4c 6s 9h]
Teduf: bets $0.07
gmitoi: folds 
Uncalled bet ($0.07) returned to Teduf
Teduf collected $0.14 from pot
Teduf: doesn't show hand 
*** SUMMARY ***
Total pot $0.15 | Rake $0.01 
Board [4c 6s 9h]
Seat 1: mikeballe400 folded before Flop (didn't bet)
Seat 2: gmitoi (button) folded on the Flop
Seat 3: GodIn2019 (small blind) folded before Flop
Seat 4: TicTac3377 (big blind) folded before Flop
Seat 5: Teduf collected ($0.14)
Seat 6: Dorex2007 folded before Flop (didn't bet)
Seat 9: pbt1000 folded before Flop (didn't bet)



PokerStars Hand #223785866730:  Hold'em No Limit ($0.01/$0.02 USD) - 2021/02/13 16:53:44 PT [2021/02/13 19:53:44 ET]
Table 'Fidelio V' 9-max Seat #3 is the button
Seat 1: mikeballe400 ($1.79 in chips) 
Seat 2: gmitoi ($2 in chips) 
Seat 3: GodIn2019 ($2.20 in chips) 
Seat 4: TicTac3377 ($2.16 in chips) 
Seat 5: Teduf ($0.94 in chips) 
Seat 6: Dorex2007 ($1.49 in chips) 
Seat 9: pbt1000 ($2.09 in chips) 
TicTac3377: posts small blind $0.01
Teduf: posts big blind $0.02
*** HOLE CARDS ***
Dealt to Dorex2007 [4s Jh]
Dorex2007: folds 
pbt1000: raises $0.03 to $0.05
mikeballe400: folds 
gmitoi: folds 
GodIn2019: raises $0.13 to $0.18
TicTac3377: folds 
Teduf: folds 
pbt1000: calls $0.13
*** FLOP *** [Kh 5c 3h]
pbt1000: checks 
GodIn2019: bets $0.38
pbt1000: folds 
Uncalled bet ($0.38) returned to GodIn2019
GodIn2019 collected $0.38 from pot
*** SUMMARY ***
Total pot $0.39 | Rake $0.01 
Board [Kh 5c 3h]
Seat 1: mikeballe400 folded before Flop (didn't bet)
Seat 2: gmitoi folded before Flop (didn't bet)
Seat 3: GodIn2019 (button) collected ($0.38)
Seat 4: TicTac3377 (small blind) folded before Flop
Seat 5: Teduf (big blind) folded before Flop
Seat 6: Dorex2007 folded before Flop (didn't bet)
Seat 9: pbt1000 folded on the Flop



PokerStars Hand #223785885786:  Hold'em No Limit ($0.01/$0.02 USD) - 2021/02/13 16:54:25 PT [2021/02/13 19:54:25 ET]
Table 'Fidelio V' 9-max Seat #4 is the button
Seat 2: gmitoi ($2 in chips) 
Seat 3: GodIn2019 ($2.40 in chips) 
Seat 4: TicTac3377 ($2.15 in chips) 
Seat 5: Teduf ($0.92 in chips) 
Seat 6: Dorex2007 ($1.49 in chips) 
Seat 9: pbt1000 ($1.91 in chips) 
Teduf: posts small blind $0.01
Dorex2007: posts big blind $0.02
*** HOLE CARDS ***
Dealt to Dorex2007 [Jd Tc]
pbt1000: folds 
gmitoi: folds 
GodIn2019: folds 
TicTac3377: folds 
Teduf: folds 
Uncalled bet ($0.01) returned to Dorex2007
Dorex2007 collected $0.02 from pot
Dorex2007: doesn't show hand 
*** SUMMARY ***
Total pot $0.02 | Rake $0 
Seat 2: gmitoi folded before Flop (didn't bet)
Seat 3: GodIn2019 folded before Flop (didn't bet)
Seat 4: TicTac3377 (button) folded before Flop (didn't bet)
Seat 5: Teduf (small blind) folded before Flop
Seat 6: Dorex2007 (big blind) collected ($0.02)
Seat 9: pbt1000 folded before Flop (didn't bet)



PokerStars Hand #223785891349:  Hold'em No Limit ($0.01/$0.02 USD) - 2021/02/13 16:54:37 PT [2021/02/13 19:54:37 ET]
Table 'Fidelio V' 9-max Seat #5 is the button
Seat 2: gmitoi ($2 in chips) 
Seat 3: GodIn2019 ($2.40 in chips) 
Seat 4: TicTac3377 ($2.15 in chips) 
Seat 5: Teduf ($0.91 in chips) 
Seat 6: Dorex2007 ($1.50 in chips) 
Seat 9: pbt1000 ($1.91 in chips) 
Dorex2007: posts small blind $0.01
pbt1000: posts big blind $0.02
*** HOLE CARDS ***
Dealt to Dorex2007 [As 9s]
gmitoi: folds 
GodIn2019: folds 
TicTac3377: folds 
Teduf: raises $0.02 to $0.04
Dorex2007: calls $0.03
pbt1000: calls $0.02
*** FLOP *** [3d Kh 5d]
Dorex2007: checks 
pbt1000: checks 
Teduf: checks 
*** TURN *** [3d Kh 5d] [Tc]
Dorex2007: bets $0.06
pbt1000: folds 
Teduf: folds 
Uncalled bet ($0.06) returned to Dorex2007
Dorex2007 collected $0.12 from pot
Dorex2007: doesn't show hand 
*** SUMMARY ***
Total pot $0.12 | Rake $0 
Board [3d Kh 5d Tc]
Seat 2: gmitoi folded before Flop (didn't bet)
Seat 3: GodIn2019 folded before Flop (didn't bet)
Seat 4: TicTac3377 folded before Flop (didn't bet)
Seat 5: Teduf (button) folded on the Turn
Seat 6: Dorex2007 (small blind) collected ($0.12)
Seat 9: pbt1000 (big blind) folded on the Turn



PokerStars Hand #223785908769:  Hold'em No Limit ($0.01/$0.02 USD) - 2021/02/13 16:55:17 PT [2021/02/13 19:55:17 ET]
Table 'Fidelio V' 9-max Seat #6 is the button
Seat 2: gmitoi ($2 in chips) 
Seat 3: GodIn2019 ($2.40 in chips) 
Seat 4: TicTac3377 ($2.15 in chips) 
Seat 5: Teduf ($0.87 in chips) 
Seat 6: Dorex2007 ($1.58 in chips) 
Seat 9: pbt1000 ($1.87 in chips) 
pbt1000: posts small blind $0.01
gmitoi: posts big blind $0.02
*** HOLE CARDS ***
Dealt to Dorex2007 [9d 9s]
GodIn2019: folds 
TicTac3377: folds 
Teduf: raises $0.02 to $0.04
Dorex2007: calls $0.04
pbt1000: folds 
gmitoi: folds 
*** FLOP *** [Ks Jh 8d]
Teduf: checks 
Dorex2007: bets $0.08
Teduf: calls $0.08
*** TURN *** [Ks Jh 8d] [6s]
Teduf: checks 
Dorex2007: checks 
*** RIVER *** [Ks Jh 8d 6s] [Tc]
Teduf: checks 
Dorex2007: bets $0.26
Teduf: folds 
Uncalled bet ($0.26) returned to Dorex2007
Dorex2007 collected $0.26 from pot
Dorex2007: doesn't show hand 
*** SUMMARY ***
Total pot $0.27 | Rake $0.01 
Board [Ks Jh 8d 6s Tc]
Seat 2: gmitoi (big blind) folded before Flop
Seat 3: GodIn2019 folded before Flop (didn't bet)
Seat 4: TicTac3377 folded before Flop (didn't bet)
Seat 5: Teduf folded on the River
Seat 6: Dorex2007 (button) collected ($0.26)
Seat 9: pbt1000 (small blind) folded before Flop



PokerStars Hand #223785924674:  Hold'em No Limit ($0.01/$0.02 USD) - 2021/02/13 16:56:01 PT [2021/02/13 19:56:01 ET]
Table 'Fidelio V' 9-max Seat #9 is the button
Seat 2: gmitoi ($2 in chips) 
Seat 3: GodIn2019 ($2.40 in chips) 
Seat 4: TicTac3377 ($2.15 in chips) 
Seat 5: Teduf ($0.75 in chips) 
Seat 6: Dorex2007 ($1.72 in chips) 
Seat 9: pbt1000 ($1.86 in chips) 
gmitoi: posts small blind $0.01
GodIn2019: posts big blind $0.02
*** HOLE CARDS ***
Dealt to Dorex2007 [2c 4d]
TicTac3377: folds 
Teduf: raises $0.04 to $0.06
Dorex2007: folds 
pbt1000: folds 
jackbauer24c joins the table at seat #7 
gmitoi: folds 
GodIn2019: folds 
Uncalled bet ($0.04) returned to Teduf
Teduf collected $0.05 from pot
Teduf: doesn't show hand 
*** SUMMARY ***
Total pot $0.05 | Rake $0 
Seat 2: gmitoi (small blind) folded before Flop
Seat 3: GodIn2019 (big blind) folded before Flop
Seat 4: TicTac3377 folded before Flop (didn't bet)
Seat 5: Teduf collected ($0.05)
Seat 6: Dorex2007 folded before Flop (didn't bet)
Seat 9: pbt1000 (button) folded before Flop (didn't bet)



PokerStars Hand #223785931617:  Hold'em No Limit ($0.01/$0.02 USD) - 2021/02/13 16:56:20 PT [2021/02/13 19:56:20 ET]
Table 'Fidelio V' 9-max Seat #2 is the button
Seat 1: mikeballe400 ($1.79 in chips) 
Seat 2: gmitoi ($2 in chips) 
Seat 3: GodIn2019 ($2.38 in chips) 
Seat 4: TicTac3377 ($2.15 in chips) 
Seat 5: Teduf ($0.78 in chips) 
Seat 6: Dorex2007 ($1.72 in chips) 
Seat 9: pbt1000 ($1.86 in chips) 
GodIn2019: posts small blind $0.01
TicTac3377: posts big blind $0.02
jackbauer24c: sits out 
mikeballe400: posts small & big blinds $0.03
*** HOLE CARDS ***
Dealt to Dorex2007 [6h Kc]
Teduf: folds 
Dorex2007: folds 
pbt1000: raises $0.02 to $0.04
mikeballe400: calls $0.02
gmitoi: folds 
GodIn2019: folds 
TicTac3377: folds 
*** FLOP *** [4h 3c 5s]
pbt1000: checks 
mikeballe400: bets $0.06
pbt1000: raises $0.14 to $0.20
mikeballe400: folds 
Uncalled bet ($0.14) returned to pbt1000
pbt1000 collected $0.23 from pot
*** SUMMARY ***
Total pot $0.24 | Rake $0.01 
Board [4h 3c 5s]
Seat 1: mikeballe400 folded on the Flop
Seat 2: gmitoi (button) folded before Flop (didn't bet)
Seat 3: GodIn2019 (small blind) folded before Flop
Seat 4: TicTac3377 (big blind) folded before Flop
Seat 5: Teduf folded before Flop (didn't bet)
Seat 6: Dorex2007 folded before Flop (didn't bet)
Seat 9: pbt1000 collected ($0.23)



PokerStars Hand #223785946559:  Hold'em No Limit ($0.01/$0.02 USD) - 2021/02/13 16:57:01 PT [2021/02/13 19:57:01 ET]
Table 'Fidelio V' 9-max Seat #3 is the button
Seat 1: mikeballe400 ($1.68 in chips) 
Seat 2: gmitoi ($2 in chips) 
Seat 3: GodIn2019 ($2.37 in chips) 
Seat 4: TicTac3377 ($2.13 in chips) 
Seat 5: Teduf ($0.78 in chips) 
Seat 6: Dorex2007 ($1.72 in chips) 
Seat 9: pbt1000 ($1.99 in chips) 
TicTac3377: posts small blind $0.01
Teduf: posts big blind $0.02
jackbauer24c: sits out 
*** HOLE CARDS ***
Dealt to Dorex2007 [4d 6s]
Dorex2007: folds 
pbt1000: folds 
mikeballe400: folds 
gmitoi: folds 
GodIn2019: folds 
TicTac3377: calls $0.01
Teduf: checks 
*** FLOP *** [Jd As 5h]
TicTac3377: bets $0.02
Teduf: folds 
Uncalled bet ($0.02) returned to TicTac3377
TicTac3377 collected $0.04 from pot
*** SUMMARY ***
Total pot $0.04 | Rake $0 
Board [Jd As 5h]
Seat 1: mikeballe400 folded before Flop (didn't bet)
Seat 2: gmitoi folded before Flop (didn't bet)
Seat 3: GodIn2019 (button) folded before Flop (didn't bet)
Seat 4: TicTac3377 (small blind) collected ($0.04)
Seat 5: Teduf (big blind) folded on the Flop
Seat 6: Dorex2007 folded before Flop (didn't bet)
Seat 9: pbt1000 folded before Flop (didn't bet)



PokerStars Hand #223785954923:  Hold'em No Limit ($0.01/$0.02 USD) - 2021/02/13 16:57:24 PT [2021/02/13 19:57:24 ET]
Table 'Fidelio V' 9-max Seat #4 is the button
Seat 1: mikeballe400 ($1.68 in chips) 
Seat 2: gmitoi ($2 in chips) 
Seat 3: GodIn2019 ($2.37 in chips) 
Seat 4: TicTac3377 ($2.15 in chips) 
Seat 5: Teduf ($0.76 in chips) 
Seat 6: Dorex2007 ($1.72 in chips) 
Seat 9: pbt1000 ($1.99 in chips) 
Teduf: posts small blind $0.01
Dorex2007: posts big blind $0.02
jackbauer24c: sits out 
*** HOLE CARDS ***
Dealt to Dorex2007 [Qd 9s]
pbt1000: folds 
mikeballe400: calls $0.02
gmitoi: folds 
GodIn2019: folds 
TicTac3377: folds 
Teduf: calls $0.01
Dorex2007: checks 
*** FLOP *** [Ah Ks Kc]
Teduf: checks 
Dorex2007: checks 
mikeballe400: checks 
*** TURN *** [Ah Ks Kc] [5s]
Teduf: checks 
Dorex2007: bets $0.06
mikeballe400: calls $0.06
Teduf: folds 
*** RIVER *** [Ah Ks Kc 5s] [4c]
Dorex2007: bets $0.10
mikeballe400: calls $0.10
*** SHOW DOWN ***
Dorex2007: shows [Qd 9s] (a pair of Kings)
mikeballe400: shows [As Js] (two pair, Aces and Kings)
mikeballe400 collected $0.37 from pot
*** SUMMARY ***
Total pot $0.38 | Rake $0.01 
Board [Ah Ks Kc 5s 4c]
Seat 1: mikeballe400 showed [As Js] and won ($0.37) with two pair, Aces and Kings
Seat 2: gmitoi folded before Flop (didn't bet)
Seat 3: GodIn2019 folded before Flop (didn't bet)
Seat 4: TicTac3377 (button) folded before Flop (didn't bet)
Seat 5: Teduf (small blind) folded on the Turn
Seat 6: Dorex2007 (big blind) showed [Qd 9s] and lost with a pair of Kings
Seat 9: pbt1000 folded before Flop (didn't bet)



PokerStars Hand #223785972041:  Hold'em No Limit ($0.01/$0.02 USD) - 2021/02/13 16:58:11 PT [2021/02/13 19:58:11 ET]
Table 'Fidelio V' 9-max Seat #5 is the button
Seat 1: mikeballe400 ($1.87 in chips) 
Seat 2: gmitoi ($2 in chips) 
Seat 3: GodIn2019 ($2.37 in chips) 
Seat 4: TicTac3377 ($2.15 in chips) 
Seat 5: Teduf ($0.74 in chips) 
Seat 6: Dorex2007 ($1.54 in chips) 
Seat 7: jackbauer24c ($2 in chips) 
Seat 9: pbt1000 ($1.99 in chips) 
Dorex2007: posts small blind $0.01
jackbauer24c: posts big blind $0.02
*** HOLE CARDS ***
Dealt to Dorex2007 [9h 2s]
pbt1000: folds 
mikeballe400: calls $0.02
gmitoi: folds 
GodIn2019: folds 
TicTac3377: folds 
Teduf: folds 
Dorex2007: folds 
jackbauer24c: checks 
*** FLOP *** [3s 3c Qs]
jackbauer24c: checks 
mikeballe400: checks 
*** TURN *** [3s 3c Qs] [Js]
jackbauer24c: bets $0.02
mikeballe400: calls $0.02
*** RIVER *** [3s 3c Qs Js] [Ah]
jackbauer24c: bets $0.02
mikeballe400: raises $0.10 to $0.12
jackbauer24c: folds 
Uncalled bet ($0.10) returned to mikeballe400
mikeballe400 collected $0.13 from pot
*** SUMMARY ***
Total pot $0.13 | Rake $0 
Board [3s 3c Qs Js Ah]
Seat 1: mikeballe400 collected ($0.13)
Seat 2: gmitoi folded before Flop (didn't bet)
Seat 3: GodIn2019 folded before Flop (didn't bet)
Seat 4: TicTac3377 folded before Flop (didn't bet)
Seat 5: Teduf (button) folded before Flop (didn't bet)
Seat 6: Dorex2007 (small blind) folded before Flop
Seat 7: jackbauer24c (big blind) folded on the River
Seat 9: pbt1000 folded before Flop (didn't bet)



PokerStars Hand #223785985738:  Hold'em No Limit ($0.01/$0.02 USD) - 2021/02/13 16:58:49 PT [2021/02/13 19:58:49 ET]
Table 'Fidelio V' 9-max Seat #6 is the button
Seat 1: mikeballe400 ($1.94 in chips) 
Seat 2: gmitoi ($2 in chips) 
Seat 3: GodIn2019 ($2.37 in chips) 
Seat 4: TicTac3377 ($2.15 in chips) 
Seat 5: Teduf ($0.74 in chips) 
Seat 6: Dorex2007 ($1.53 in chips) 
Seat 7: jackbauer24c ($1.94 in chips) 
Seat 9: pbt1000 ($1.99 in chips) 
jackbauer24c: posts small blind $0.01
pbt1000: posts big blind $0.02
*** HOLE CARDS ***
Dealt to Dorex2007 [Kd Qs]
Miguel Bobbins joins the table at seat #8 
mikeballe400: folds 
gmitoi: calls $0.02
GodIn2019: folds 
TicTac3377: folds 
Teduf: raises $0.04 to $0.06
Dorex2007: calls $0.06
jackbauer24c: folds 
pbt1000: folds 
gmitoi: calls $0.04
*** FLOP *** [9c 5h Tc]
gmitoi: checks 
Teduf: bets $0.10
Dorex2007: folds 
gmitoi: folds 
Uncalled bet ($0.10) returned to Teduf
Teduf collected $0.20 from pot
Teduf: doesn't show hand 
*** SUMMARY ***
Total pot $0.21 | Rake $0.01 
Board [9c 5h Tc]
Seat 1: mikeballe400 folded before Flop (didn't bet)
Seat 2: gmitoi folded on the Flop
Seat 3: GodIn2019 folded before Flop (didn't bet)
Seat 4: TicTac3377 folded before Flop (didn't bet)
Seat 5: Teduf collected ($0.20)
Seat 6: Dorex2007 (button) folded on the Flop
Seat 7: jackbauer24c (small blind) folded before Flop
Seat 9: pbt1000 (big blind) folded before Flop



PokerStars Hand #223786001409:  Hold'em No Limit ($0.01/$0.02 USD) - 2021/02/13 16:59:32 PT [2021/02/13 19:59:32 ET]
Table 'Fidelio V' 9-max Seat #7 is the button
Seat 1: mikeballe400 ($1.94 in chips) 
Seat 2: gmitoi ($2 in chips) 
Seat 3: GodIn2019 ($2.37 in chips) 
Seat 4: TicTac3377 ($2.15 in chips) 
Seat 5: Teduf ($0.88 in chips) 
Seat 6: Dorex2007 ($1.47 in chips) 
Seat 7: jackbauer24c ($1.93 in chips) 
Seat 9: pbt1000 ($1.97 in chips) 
pbt1000: posts small blind $0.01
mikeballe400: posts big blind $0.02
*** HOLE CARDS ***
Dealt to Dorex2007 [6c 2h]
gmitoi: raises $0.04 to $0.06
GodIn2019: folds 
TicTac3377: folds 
Teduf: folds 
Dorex2007: folds 
jackbauer24c: folds 
pbt1000: folds 
mikeballe400: calls $0.04
*** FLOP *** [Td Th 9s]
mikeballe400: checks 
gmitoi: bets $0.07
mikeballe400: raises $0.07 to $0.14
gmitoi: folds 
Uncalled bet ($0.07) returned to mikeballe400
mikeballe400 collected $0.26 from pot
*** SUMMARY ***
Total pot $0.27 | Rake $0.01 
Board [Td Th 9s]
Seat 1: mikeballe400 (big blind) collected ($0.26)
Seat 2: gmitoi folded on the Flop
Seat 3: GodIn2019 folded before Flop (didn't bet)
Seat 4: TicTac3377 folded before Flop (didn't bet)
Seat 5: Teduf folded before Flop (didn't bet)
Seat 6: Dorex2007 folded before Flop (didn't bet)
Seat 7: jackbauer24c (button) folded before Flop (didn't bet)
Seat 9: pbt1000 (small blind) folded before Flop



PokerStars Hand #223786018781:  Hold'em No Limit ($0.01/$0.02 USD) - 2021/02/13 17:00:18 PT [2021/02/13 20:00:18 ET]
Table 'Fidelio V' 9-max Seat #9 is the button
Seat 1: mikeballe400 ($2.07 in chips) 
Seat 3: GodIn2019 ($2.37 in chips) 
Seat 4: TicTac3377 ($2.15 in chips) 
Seat 5: Teduf ($0.88 in chips) 
Seat 6: Dorex2007 ($1.47 in chips) 
Seat 7: jackbauer24c ($1.93 in chips) 
Seat 8: Miguel Bobbins ($2 in chips) 
Seat 9: pbt1000 ($1.96 in chips) 
mikeballe400: posts small blind $0.01
gmitoi: is sitting out 
GodIn2019: posts big blind $0.02
Miguel Bobbins: posts big blind $0.02
*** HOLE CARDS ***
Dealt to Dorex2007 [As 3h]
gmitoi leaves the table
TicTac3377: raises $0.04 to $0.06
Teduf: calls $0.06
Dorex2007: folds 
jackbauer24c: folds 
Miguel Bobbins: folds 
pbt1000: folds 
mikeballe400: calls $0.05
GodIn2019: folds 
*** FLOP *** [Js Jh 6c]
frosa9397 joins the table at seat #2 
mikeballe400: checks 
TicTac3377: checks 
Teduf: checks 
*** TURN *** [Js Jh 6c] [Kd]
mikeballe400: checks 
TicTac3377: bets $0.11
Teduf: calls $0.11
mikeballe400: folds 
*** RIVER *** [Js Jh 6c Kd] [Th]
TicTac3377: bets $0.21
Teduf: raises $0.50 to $0.71 and is all-in
TicTac3377: calls $0.50
*** SHOW DOWN ***
Teduf: shows [Qc Kh] (two pair, Kings and Jacks)
TicTac3377: shows [Jd Ah] (three of a kind, Jacks)
TicTac3377 collected $1.79 from pot
*** SUMMARY ***
Total pot $1.86 | Rake $0.07 
Board [Js Jh 6c Kd Th]
Seat 1: mikeballe400 (small blind) folded on the Turn
Seat 3: GodIn2019 (big blind) folded before Flop
Seat 4: TicTac3377 showed [Jd Ah] and won ($1.79) with three of a kind, Jacks
Seat 5: Teduf showed [Qc Kh] and lost with two pair, Kings and Jacks
Seat 6: Dorex2007 folded before Flop (didn't bet)
Seat 7: jackbauer24c folded before Flop (didn't bet)
Seat 8: Miguel Bobbins folded before Flop (didn't bet)
Seat 9: pbt1000 (button) folded before Flop (didn't bet)



PokerStars Hand #223786040700:  Hold'em No Limit ($0.01/$0.02 USD) - 2021/02/13 17:01:09 PT [2021/02/13 20:01:09 ET]
Table 'Fidelio V' 9-max Seat #1 is the button
Seat 1: mikeballe400 ($2.01 in chips) 
Seat 3: GodIn2019 ($2.35 in chips) 
Seat 4: TicTac3377 ($3.06 in chips) 
Seat 6: Dorex2007 ($1.47 in chips) 
Seat 7: jackbauer24c ($1.93 in chips) 
Seat 8: Miguel Bobbins ($1.98 in chips) 
Seat 9: pbt1000 ($1.96 in chips) 
GodIn2019: posts small blind $0.01
TicTac3377: posts big blind $0.02
*** HOLE CARDS ***
Dealt to Dorex2007 [Ad 5d]
Teduf leaves the table
Dorex2007: folds 
jackbauer24c: folds 
ErdaTsk joins the table at seat #5 
Miguel Bobbins: folds 
pbt1000: folds 
mikeballe400: folds 
GodIn2019: folds 
Uncalled bet ($0.01) returned to TicTac3377
TicTac3377 collected $0.02 from pot
*** SUMMARY ***
Total pot $0.02 | Rake $0 
Seat 1: mikeballe400 (button) folded before Flop (didn't bet)
Seat 3: GodIn2019 (small blind) folded before Flop
Seat 4: TicTac3377 (big blind) collected ($0.02)
Seat 6: Dorex2007 folded before Flop (didn't bet)
Seat 7: jackbauer24c folded before Flop (didn't bet)
Seat 8: Miguel Bobbins folded before Flop (didn't bet)
Seat 9: pbt1000 folded before Flop (didn't bet)



PokerStars Hand #223786053504:  Hold'em No Limit ($0.01/$0.02 USD) - 2021/02/13 17:01:28 PT [2021/02/13 20:01:28 ET]
Table 'Fidelio V' 9-max Seat #3 is the button
Seat 1: mikeballe400 ($2.01 in chips) 
Seat 2: frosa9397 ($2 in chips) 
Seat 3: GodIn2019 ($2.34 in chips) 
Seat 4: TicTac3377 ($3.07 in chips) 
Seat 5: ErdaTsk ($0.92 in chips) 
Seat 6: Dorex2007 ($1.47 in chips) 
Seat 7: jackbauer24c ($1.93 in chips) 
Seat 8: Miguel Bobbins ($1.98 in chips) 
Seat 9: pbt1000 ($1.96 in chips) 
TicTac3377: posts small blind $0.01
ErdaTsk: posts big blind $0.02
frosa9397: posts big blind $0.02
*** HOLE CARDS ***
Dealt to Dorex2007 [7c Jc]
Dorex2007: folds 
jackbauer24c: folds 
Miguel Bobbins: folds 
pbt1000: folds 
mikeballe400: calls $0.02
frosa9397: checks 
GodIn2019: folds 
TicTac3377: calls $0.01
ErdaTsk: checks 
*** FLOP *** [2s 6h Js]
TicTac3377: checks 
ErdaTsk: checks 
mikeballe400: bets $0.08
frosa9397: folds 
TicTac3377: folds 
ErdaTsk: folds 
Uncalled bet ($0.08) returned to mikeballe400
mikeballe400 collected $0.08 from pot
*** SUMMARY ***
Total pot $0.08 | Rake $0 
Board [2s 6h Js]
Seat 1: mikeballe400 collected ($0.08)
Seat 2: frosa9397 folded on the Flop (didn't bet)
Seat 3: GodIn2019 (button) folded before Flop (didn't bet)
Seat 4: TicTac3377 (small blind) folded on the Flop
Seat 5: ErdaTsk (big blind) folded on the Flop
Seat 6: Dorex2007 folded before Flop (didn't bet)
Seat 7: jackbauer24c folded before Flop (didn't bet)
Seat 8: Miguel Bobbins folded before Flop (didn't bet)
Seat 9: pbt1000 folded before Flop (didn't bet)



PokerStars Hand #223786067175:  Hold'em No Limit ($0.01/$0.02 USD) - 2021/02/13 17:01:59 PT [2021/02/13 20:01:59 ET]
Table 'Fidelio V' 9-max Seat #4 is the button
Seat 1: mikeballe400 ($2.07 in chips) 
Seat 2: frosa9397 ($1.98 in chips) 
Seat 3: GodIn2019 ($2.34 in chips) 
Seat 4: TicTac3377 ($3.05 in chips) 
Seat 5: ErdaTsk ($0.90 in chips) 
Seat 6: Dorex2007 ($1.47 in chips) 
Seat 7: jackbauer24c ($1.93 in chips) 
Seat 8: Miguel Bobbins ($1.98 in chips) 
Seat 9: pbt1000 ($1.96 in chips) 
ErdaTsk: posts small blind $0.01
Dorex2007: posts big blind $0.02
*** HOLE CARDS ***
Dealt to Dorex2007 [Kh Qh]
jackbauer24c: calls $0.02
Miguel Bobbins: folds 
pbt1000: folds 
mikeballe400: folds 
frosa9397: calls $0.02
GodIn2019: folds 
TicTac3377: folds 
ErdaTsk: raises $0.04 to $0.06
Dorex2007: calls $0.04
jackbauer24c: calls $0.04
frosa9397: calls $0.04
*** FLOP *** [As 2h 6s]
ErdaTsk: checks 
Dorex2007: bets $0.12
jackbauer24c: folds 
frosa9397: calls $0.12
ErdaTsk: calls $0.12
*** TURN *** [As 2h 6s] [Ks]
ErdaTsk: bets $0.58
Dorex2007: folds 
frosa9397: calls $0.58
*** RIVER *** [As 2h 6s Ks] [Js]
ErdaTsk: bets $0.14 and is all-in
frosa9397: calls $0.14
*** SHOW DOWN ***
ErdaTsk: shows [Kc 2s] (a flush, Ace high)
frosa9397: shows [3s 4s] (a flush, Ace high - Four higher)
frosa9397 collected $1.97 from pot
*** SUMMARY ***
Total pot $2.04 | Rake $0.07 
Board [As 2h 6s Ks Js]
Seat 1: mikeballe400 folded before Flop (didn't bet)
Seat 2: frosa9397 showed [3s 4s] and won ($1.97) with a flush, Ace high
Seat 3: GodIn2019 folded before Flop (didn't bet)
Seat 4: TicTac3377 (button) folded before Flop (didn't bet)
Seat 5: ErdaTsk (small blind) showed [Kc 2s] and lost with a flush, Ace high
Seat 6: Dorex2007 (big blind) folded on the Turn
Seat 7: jackbauer24c folded on the Flop
Seat 8: Miguel Bobbins folded before Flop (didn't bet)
Seat 9: pbt1000 folded before Flop (didn't bet)



PokerStars Hand #223786110864:  Hold'em No Limit ($0.01/$0.02 USD) - 2021/02/13 17:03:14 PT [2021/02/13 20:03:14 ET]
Table 'Fidelio V' 9-max Seat #6 is the button
Seat 1: mikeballe400 ($2.07 in chips) 
Seat 2: frosa9397 ($3.05 in chips) 
Seat 3: GodIn2019 ($2.34 in chips) 
Seat 4: TicTac3377 ($3.05 in chips) 
Seat 6: Dorex2007 ($1.29 in chips) 
Seat 7: jackbauer24c ($1.87 in chips) 
Seat 8: Miguel Bobbins ($1.98 in chips) 
Seat 9: pbt1000 ($1.96 in chips) 
jackbauer24c: posts small blind $0.01
Miguel Bobbins: posts big blind $0.02
*** HOLE CARDS ***
Dealt to Dorex2007 [Jc Qc]
pbt1000: folds 
mikeballe400: folds 
ErdaTsk leaves the table
frosa9397: folds 
GodIn2019: raises $0.05 to $0.07
TicTac3377: folds 
Dorex2007: calls $0.07
jackbauer24c: raises $0.23 to $0.30
Miguel Bobbins: raises $1.68 to $1.98 and is all-in
GodIn2019: calls $1.91
Dorex2007: folds 
jackbauer24c: calls $1.57 and is all-in
*** FLOP *** [4s 8h 5h]
themarfs joins the table at seat #5 
*** TURN *** [4s 8h 5h] [9h]
*** RIVER *** [4s 8h 5h 9h] [Th]
*** SHOW DOWN ***
Miguel Bobbins: shows [Jh Ac] (a flush, Jack high)
GodIn2019: shows [Ks Kh] (a flush, King high)
GodIn2019 collected $0.21 from side pot
jackbauer24c: shows [As Ah] (a flush, Ace high)
jackbauer24c collected $5.48 from main pot
*** SUMMARY ***
Total pot $5.90 Main pot $5.48. Side pot $0.21. | Rake $0.21 
Board [4s 8h 5h 9h Th]
Seat 1: mikeballe400 folded before Flop (didn't bet)
Seat 2: frosa9397 folded before Flop (didn't bet)
Seat 3: GodIn2019 showed [Ks Kh] and won ($0.21) with a flush, King high
Seat 4: TicTac3377 folded before Flop (didn't bet)
Seat 6: Dorex2007 (button) folded before Flop
Seat 7: jackbauer24c (small blind) showed [As Ah] and won ($5.48) with a flush, Ace high
Seat 8: Miguel Bobbins (big blind) showed [Jh Ac] and lost with a flush, Jack high
Seat 9: pbt1000 folded before Flop (didn't bet)



PokerStars Hand #223786132440:  Hold'em No Limit ($0.01/$0.02 USD) - 2021/02/13 17:04:00 PT [2021/02/13 20:04:00 ET]
Table 'Fidelio V' 9-max Seat #7 is the button
Seat 1: mikeballe400 ($2.07 in chips) 
Seat 2: frosa9397 ($3.05 in chips) 
Seat 3: GodIn2019 ($2 in chips) 
Seat 4: TicTac3377 ($3.05 in chips) 
Seat 6: Dorex2007 ($1.22 in chips) 
Seat 7: jackbauer24c ($5.48 in chips) 
Seat 9: pbt1000 ($1.96 in chips) 
pbt1000: posts small blind $0.01
mikeballe400: posts big blind $0.02
themarfs: sits out 
*** HOLE CARDS ***
Dealt to Dorex2007 [Qc Ts]
Miguel Bobbins leaves the table
frosa9397: calls $0.02
GodIn2019: folds 
TicTac3377: folds 
Dorex2007: calls $0.02
jackbauer24c: folds 
pbt1000: calls $0.01
mikeballe400: checks 
*** FLOP *** [2c 8s 3s]
pbt1000: bets $0.08
mikeballe400: folds 
frosa9397: calls $0.08
keithriff999 joins the table at seat #8 
Dorex2007: folds 
*** TURN *** [2c 8s 3s] [7s]
pbt1000: checks 
frosa9397: checks 
*** RIVER *** [2c 8s 3s 7s] [7c]
pbt1000: bets $0.20
frosa9397: folds 
Uncalled bet ($0.20) returned to pbt1000
pbt1000 collected $0.23 from pot
*** SUMMARY ***
Total pot $0.24 | Rake $0.01 
Board [2c 8s 3s 7s 7c]
Seat 1: mikeballe400 (big blind) folded on the Flop
Seat 2: frosa9397 folded on the River
Seat 3: GodIn2019 folded before Flop (didn't bet)
Seat 4: TicTac3377 folded before Flop (didn't bet)
Seat 6: Dorex2007 folded on the Flop
Seat 7: jackbauer24c (button) folded before Flop (didn't bet)
Seat 9: pbt1000 (small blind) collected ($0.23)



PokerStars Hand #223786165910:  Hold'em No Limit ($0.01/$0.02 USD) - 2021/02/13 17:05:12 PT [2021/02/13 20:05:12 ET]
Table 'Fidelio V' 9-max Seat #9 is the button
Seat 1: mikeballe400 ($2.05 in chips) 
Seat 2: frosa9397 ($2.95 in chips) 
Seat 3: GodIn2019 ($2 in chips) 
Seat 4: TicTac3377 ($3.05 in chips) 
Seat 6: Dorex2007 ($1.20 in chips) 
Seat 7: jackbauer24c ($5.48 in chips) 
Seat 8: keithriff999 ($2 in chips) 
Seat 9: pbt1000 ($2.09 in chips) 
mikeballe400: posts small blind $0.01
frosa9397: posts big blind $0.02
themarfs: sits out 
keithriff999: posts big blind $0.02
*** HOLE CARDS ***
Dealt to Dorex2007 [As 9h]
GodIn2019: folds 
TicTac3377: folds 
Dorex2007: calls $0.02
jackbauer24c: folds 
keithriff999: checks 
pbt1000: calls $0.02
mikeballe400: calls $0.01
frosa9397: checks 
*** FLOP *** [2h 7d Jh]
mikeballe400: bets $0.05
frosa9397: folds 
Dorex2007: folds 
keithriff999: folds 
pbt1000: folds 
Uncalled bet ($0.05) returned to mikeballe400
mikeballe400 collected $0.10 from pot
*** SUMMARY ***
Total pot $0.10 | Rake $0 
Board [2h 7d Jh]
Seat 1: mikeballe400 (small blind) collected ($0.10)
Seat 2: frosa9397 (big blind) folded on the Flop
Seat 3: GodIn2019 folded before Flop (didn't bet)
Seat 4: TicTac3377 folded before Flop (didn't bet)
Seat 6: Dorex2007 folded on the Flop
Seat 7: jackbauer24c folded before Flop (didn't bet)
Seat 8: keithriff999 folded on the Flop (didn't bet)
Seat 9: pbt1000 (button) folded on the Flop



PokerStars Hand #223786195737:  Hold'em No Limit ($0.01/$0.02 USD) - 2021/02/13 17:06:16 PT [2021/02/13 20:06:16 ET]
Table 'Fidelio V' 9-max Seat #1 is the button
Seat 1: mikeballe400 ($2.13 in chips) 
Seat 2: frosa9397 ($2.93 in chips) 
Seat 3: GodIn2019 ($2 in chips) 
Seat 4: TicTac3377 ($3.05 in chips) 
Seat 6: Dorex2007 ($1.18 in chips) 
Seat 7: jackbauer24c ($5.48 in chips) 
Seat 8: keithriff999 ($1.98 in chips) 
Seat 9: pbt1000 ($2.07 in chips) 
frosa9397: posts small blind $0.01
GodIn2019: posts big blind $0.02
themarfs: sits out 
*** HOLE CARDS ***
Dealt to Dorex2007 [2s 9s]
TicTac3377: folds 
Dorex2007: folds 
jackbauer24c: folds 
keithriff999: folds 
pbt1000: folds 
mikeballe400: calls $0.02
TicTac3377 leaves the table
frosa9397: folds 
GodIn2019: checks 
*** FLOP *** [7d 7s Td]
GodIn2019: checks 
mikeballe400: checks 
*** TURN *** [7d 7s Td] [Jh]
GodIn2019: checks 
mikeballe400: checks 
*** RIVER *** [7d 7s Td Jh] [5c]
GodIn2019: checks 
mikeballe400: bets $0.05
GodIn2019: folds 
Uncalled bet ($0.05) returned to mikeballe400
mikeballe400 collected $0.05 from pot
*** SUMMARY ***
Total pot $0.05 | Rake $0 
Board [7d 7s Td Jh 5c]
Seat 1: mikeballe400 (button) collected ($0.05)
Seat 2: frosa9397 (small blind) folded before Flop
Seat 3: GodIn2019 (big blind) folded on the River
Seat 4: TicTac3377 folded before Flop (didn't bet)
Seat 6: Dorex2007 folded before Flop (didn't bet)
Seat 7: jackbauer24c folded before Flop (didn't bet)
Seat 8: keithriff999 folded before Flop (didn't bet)
Seat 9: pbt1000 folded before Flop (didn't bet)



PokerStars Hand #223786213046:  Hold'em No Limit ($0.01/$0.02 USD) - 2021/02/13 17:06:53 PT [2021/02/13 20:06:53 ET]
Table 'Fidelio V' 9-max Seat #2 is the button
Seat 1: mikeballe400 ($2.16 in chips) 
Seat 2: frosa9397 ($2.92 in chips) 
Seat 3: GodIn2019 ($2 in chips) 
Seat 5: themarfs ($2 in chips) 
Seat 6: Dorex2007 ($1.18 in chips) 
Seat 7: jackbauer24c ($5.48 in chips) 
Seat 8: keithriff999 ($1.98 in chips) 
Seat 9: pbt1000 ($2.07 in chips) 
GodIn2019: posts small blind $0.01
themarfs: posts big blind $0.02
*** HOLE CARDS ***
Dealt to Dorex2007 [Ad 3h]
Dorex2007: folds 
jackbauer24c: folds 
keithriff999: calls $0.02
pbt1000: raises $0.05 to $0.07
mikeballe400: folds 
frosa9397: folds 
GodIn2019: folds 
themarfs: calls $0.05
keithriff999: calls $0.05
*** FLOP *** [Qc 5d Ah]
themarfs: checks 
keithriff999: checks 
pbt1000: bets $0.10
themarfs: folds 
keithriff999: folds 
Uncalled bet ($0.10) returned to pbt1000
pbt1000 collected $0.21 from pot
*** SUMMARY ***
Total pot $0.22 | Rake $0.01 
Board [Qc 5d Ah]
Seat 1: mikeballe400 folded before Flop (didn't bet)
Seat 2: frosa9397 (button) folded before Flop (didn't bet)
Seat 3: GodIn2019 (small blind) folded before Flop
Seat 5: themarfs (big blind) folded on the Flop
Seat 6: Dorex2007 folded before Flop (didn't bet)
Seat 7: jackbauer24c folded before Flop (didn't bet)
Seat 8: keithriff999 folded on the Flop
Seat 9: pbt1000 collected ($0.21)



PokerStars Hand #223786229602:  Hold'em No Limit ($0.01/$0.02 USD) - 2021/02/13 17:07:29 PT [2021/02/13 20:07:29 ET]
Table 'Fidelio V' 9-max Seat #3 is the button
Seat 1: mikeballe400 ($2.16 in chips) 
Seat 2: frosa9397 ($2.92 in chips) 
Seat 3: GodIn2019 ($2 in chips) 
Seat 5: themarfs ($2 in chips) 
Seat 6: Dorex2007 ($1.18 in chips) 
Seat 7: jackbauer24c ($5.48 in chips) 
Seat 8: keithriff999 ($1.91 in chips) 
Seat 9: pbt1000 ($2.21 in chips) 
themarfs: posts small blind $0.01
Dorex2007: posts big blind $0.02
*** HOLE CARDS ***
Dealt to Dorex2007 [Th 8d]
jackbauer24c: folds 
keithriff999: folds 
pbt1000: folds 
mikeballe400: calls $0.02
frosa9397: folds 
GodIn2019: folds 
themarfs: folds 
Dorex2007: checks 
*** FLOP *** [4d 3c 7d]
Dorex2007: checks 
mikeballe400: bets $0.02
Dorex2007: calls $0.02
*** TURN *** [4d 3c 7d] [Ts]
Dorex2007: bets $0.09
mikeballe400: folds 
Uncalled bet ($0.09) returned to Dorex2007
Dorex2007 collected $0.09 from pot
Dorex2007: doesn't show hand 
*** SUMMARY ***
Total pot $0.09 | Rake $0 
Board [4d 3c 7d Ts]
Seat 1: mikeballe400 folded on the Turn
Seat 2: frosa9397 folded before Flop (didn't bet)
Seat 3: GodIn2019 (button) folded before Flop (didn't bet)
Seat 5: themarfs (small blind) folded before Flop
Seat 6: Dorex2007 (big blind) collected ($0.09)
Seat 7: jackbauer24c folded before Flop (didn't bet)
Seat 8: keithriff999 folded before Flop (didn't bet)
Seat 9: pbt1000 folded before Flop (didn't bet)



PokerStars Hand #223786249210:  Hold'em No Limit ($0.01/$0.02 USD) - 2021/02/13 17:08:11 PT [2021/02/13 20:08:11 ET]
Table 'Fidelio V' 9-max Seat #5 is the button
Seat 1: mikeballe400 ($2.12 in chips) 
Seat 2: frosa9397 ($2.92 in chips) 
Seat 3: GodIn2019 ($2 in chips) 
Seat 5: themarfs ($2 in chips) 
Seat 6: Dorex2007 ($1.23 in chips) 
Seat 7: jackbauer24c ($5.48 in chips) 
Seat 8: keithriff999 ($2 in chips) 
Seat 9: pbt1000 ($2.21 in chips) 
Dorex2007: posts small blind $0.01
jackbauer24c: posts big blind $0.02
*** HOLE CARDS ***
Dealt to Dorex2007 [Kc 8h]
keithriff999: folds 
pbt1000: raises $0.03 to $0.05
mikeballe400: folds 
frosa9397: folds 
GodIn2019: folds 
themarfs: folds 
Dorex2007: folds 
jackbauer24c: calls $0.03
*** FLOP *** [Js 5c 4c]
jackbauer24c: checks 
pbt1000: bets $0.06
jackbauer24c: folds 
Uncalled bet ($0.06) returned to pbt1000
pbt1000 collected $0.11 from pot
*** SUMMARY ***
Total pot $0.11 | Rake $0 
Board [Js 5c 4c]
Seat 1: mikeballe400 folded before Flop (didn't bet)
Seat 2: frosa9397 folded before Flop (didn't bet)
Seat 3: GodIn2019 folded before Flop (didn't bet)
Seat 5: themarfs (button) folded before Flop (didn't bet)
Seat 6: Dorex2007 (small blind) folded before Flop
Seat 7: jackbauer24c (big blind) folded on the Flop
Seat 8: keithriff999 folded before Flop (didn't bet)
Seat 9: pbt1000 collected ($0.11)



PokerStars Hand #223786262677:  Hold'em No Limit ($0.01/$0.02 USD) - 2021/02/13 17:08:40 PT [2021/02/13 20:08:40 ET]
Table 'Fidelio V' 9-max Seat #6 is the button
Seat 1: mikeballe400 ($2.12 in chips) 
Seat 2: frosa9397 ($2.92 in chips) 
Seat 3: GodIn2019 ($2 in chips) 
Seat 5: themarfs ($2 in chips) 
Seat 6: Dorex2007 ($1.22 in chips) 
Seat 7: jackbauer24c ($5.43 in chips) 
Seat 8: keithriff999 ($2 in chips) 
Seat 9: pbt1000 ($2.27 in chips) 
jackbauer24c: posts small blind $0.01
keithriff999: posts big blind $0.02
*** HOLE CARDS ***
Dealt to Dorex2007 [8c 5c]
pbt1000: folds 
mikeballe400: calls $0.02
frosa9397: folds 
GodIn2019: folds 
themarfs: folds 
Dorex2007: folds 
jackbauer24c: raises $0.48 to $0.50
keithriff999: folds 
mikeballe400: folds 
Uncalled bet ($0.48) returned to jackbauer24c
keithriff999 leaves the table
jackbauer24c collected $0.06 from pot
jackbauer24c: shows [As Ah] (a pair of Aces)
*** SUMMARY ***
Total pot $0.06 | Rake $0 
Seat 1: mikeballe400 folded before Flop
Seat 2: frosa9397 folded before Flop (didn't bet)
Seat 3: GodIn2019 folded before Flop (didn't bet)
Seat 5: themarfs folded before Flop (didn't bet)
Seat 6: Dorex2007 (button) folded before Flop (didn't bet)
Seat 7: jackbauer24c (small blind) collected ($0.06)
Seat 8: keithriff999 (big blind) folded before Flop
Seat 9: pbt1000 folded before Flop (didn't bet)



PokerStars Hand #223786290271:  Hold'em No Limit ($0.01/$0.02 USD) - 2021/02/13 17:09:26 PT [2021/02/13 20:09:26 ET]
Table 'Fidelio V' 9-max Seat #7 is the button
Seat 1: mikeballe400 ($2.10 in chips) 
Seat 2: frosa9397 ($2.92 in chips) 
Seat 3: GodIn2019 ($2 in chips) 
Seat 5: themarfs ($2 in chips) 
Seat 6: Dorex2007 ($1.22 in chips) 
Seat 7: jackbauer24c ($5.47 in chips) 
Seat 9: pbt1000 ($2.27 in chips) 
pbt1000: posts small blind $0.01
mikeballe400: posts big blind $0.02
*** HOLE CARDS ***
Dealt to Dorex2007 [9s 3s]
frosa9397: folds 
GodIn2019: folds 
themarfs: folds 
Dorex2007: folds 
jackbauer24c: folds 
pbt1000: folds 
Uncalled bet ($0.01) returned to mikeballe400
mikeballe400 collected $0.02 from pot
mikeballe400: doesn't show hand 
*** SUMMARY ***
Total pot $0.02 | Rake $0 
Seat 1: mikeballe400 (big blind) collected ($0.02)
Seat 2: frosa9397 folded before Flop (didn't bet)
Seat 3: GodIn2019 folded before Flop (didn't bet)
Seat 5: themarfs folded before Flop (didn't bet)
Seat 6: Dorex2007 folded before Flop (didn't bet)
Seat 7: jackbauer24c (button) folded before Flop (didn't bet)
Seat 9: pbt1000 (small blind) folded before Flop



PokerStars Hand #223786297316:  Hold'em No Limit ($0.01/$0.02 USD) - 2021/02/13 17:09:42 PT [2021/02/13 20:09:42 ET]
Table 'Fidelio V' 9-max Seat #9 is the button
Seat 1: mikeballe400 ($2.11 in chips) 
Seat 2: frosa9397 ($2.92 in chips) 
Seat 3: GodIn2019 ($2 in chips) 
Seat 5: themarfs ($2 in chips) 
Seat 6: Dorex2007 ($1.22 in chips) 
Seat 7: jackbauer24c ($5.47 in chips) 
Seat 9: pbt1000 ($2.26 in chips) 
mikeballe400: posts small blind $0.01
frosa9397: posts big blind $0.02
*** HOLE CARDS ***
Dealt to Dorex2007 [Tc Qd]
GodIn2019: folds 
themarfs: folds 
Dorex2007: raises $0.04 to $0.06
jackbauer24c: folds 
pbt1000: folds 
mikeballe400: calls $0.05
frosa9397: folds 
*** FLOP *** [4s 2h 8d]
mikeballe400: checks 
Dorex2007: bets $0.07
mikeballe400: raises $0.07 to $0.14
Dorex2007: calls $0.07
*** TURN *** [4s 2h 8d] [Js]
mikeballe400: checks 
Dorex2007: bets $0.21
mikeballe400: folds 
Uncalled bet ($0.21) returned to Dorex2007
Dorex2007 collected $0.41 from pot
Dorex2007: doesn't show hand 
*** SUMMARY ***
Total pot $0.42 | Rake $0.01 
Board [4s 2h 8d Js]
Seat 1: mikeballe400 (small blind) folded on the Turn
Seat 2: frosa9397 (big blind) folded before Flop
Seat 3: GodIn2019 folded before Flop (didn't bet)
Seat 5: themarfs folded before Flop (didn't bet)
Seat 6: Dorex2007 collected ($0.41)
Seat 7: jackbauer24c folded before Flop (didn't bet)
Seat 9: pbt1000 (button) folded before Flop (didn't bet)



PokerStars Hand #223786319106:  Hold'em No Limit ($0.01/$0.02 USD) - 2021/02/13 17:10:29 PT [2021/02/13 20:10:29 ET]
Table 'Fidelio V' 9-max Seat #1 is the button
Seat 1: mikeballe400 ($1.91 in chips) 
Seat 2: frosa9397 ($2.90 in chips) 
Seat 3: GodIn2019 ($2 in chips) 
Seat 5: themarfs ($2 in chips) 
Seat 6: Dorex2007 ($1.43 in chips) 
Seat 7: jackbauer24c ($5.47 in chips) 
Seat 9: pbt1000 ($2.26 in chips) 
frosa9397: posts small blind $0.01
GodIn2019: posts big blind $0.02
*** HOLE CARDS ***
Dealt to Dorex2007 [9h Jc]
themarfs: folds 
Dorex2007: folds 
jackbauer24c: folds 
pbt1000: raises $0.03 to $0.05
mikeballe400: folds 
frosa9397: folds 
GodIn2019: calls $0.03
*** FLOP *** [Th Ac Qs]
GodIn2019: checks 
pbt1000: bets $0.07
GodIn2019: folds 
Uncalled bet ($0.07) returned to pbt1000
pbt1000 collected $0.11 from pot
*** SUMMARY ***
Total pot $0.11 | Rake $0 
Board [Th Ac Qs]
Seat 1: mikeballe400 (button) folded before Flop (didn't bet)
Seat 2: frosa9397 (small blind) folded before Flop
Seat 3: GodIn2019 (big blind) folded on the Flop
Seat 5: themarfs folded before Flop (didn't bet)
Seat 6: Dorex2007 folded before Flop (didn't bet)
Seat 7: jackbauer24c folded before Flop (didn't bet)
Seat 9: pbt1000 collected ($0.11)



PokerStars Hand #223786332802:  Hold'em No Limit ($0.01/$0.02 USD) - 2021/02/13 17:10:59 PT [2021/02/13 20:10:59 ET]
Table 'Fidelio V' 9-max Seat #2 is the button
Seat 1: mikeballe400 ($1.91 in chips) 
Seat 2: frosa9397 ($2.89 in chips) 
Seat 3: GodIn2019 ($2 in chips) 
Seat 5: themarfs ($2 in chips) 
Seat 6: Dorex2007 ($1.43 in chips) 
Seat 7: jackbauer24c ($5.47 in chips) 
Seat 9: pbt1000 ($2.32 in chips) 
GodIn2019: posts small blind $0.01
themarfs: posts big blind $0.02
*** HOLE CARDS ***
Dealt to Dorex2007 [Jd 7s]
Dorex2007: folds 
jackbauer24c: folds 
pbt1000: folds 
mikeballe400: folds 
frosa9397: folds 
GodIn2019: folds 
Uncalled bet ($0.01) returned to themarfs
themarfs collected $0.02 from pot
themarfs: doesn't show hand 
*** SUMMARY ***
Total pot $0.02 | Rake $0 
Seat 1: mikeballe400 folded before Flop (didn't bet)
Seat 2: frosa9397 (button) folded before Flop (didn't bet)
Seat 3: GodIn2019 (small blind) folded before Flop
Seat 5: themarfs (big blind) collected ($0.02)
Seat 6: Dorex2007 folded before Flop (didn't bet)
Seat 7: jackbauer24c folded before Flop (didn't bet)
Seat 9: pbt1000 folded before Flop (didn't bet)



PokerStars Hand #223786339088:  Hold'em No Limit ($0.01/$0.02 USD) - 2021/02/13 17:11:13 PT [2021/02/13 20:11:13 ET]
Table 'Fidelio V' 9-max Seat #3 is the button
Seat 1: mikeballe400 ($1.91 in chips) 
Seat 2: frosa9397 ($2.89 in chips) 
Seat 3: GodIn2019 ($2 in chips) 
Seat 5: themarfs ($2.01 in chips) 
Seat 6: Dorex2007 ($1.43 in chips) 
Seat 7: jackbauer24c ($5.47 in chips) 
Seat 9: pbt1000 ($2.32 in chips) 
themarfs: posts small blind $0.01
Dorex2007: posts big blind $0.02
*** HOLE CARDS ***
Dealt to Dorex2007 [Qc 2h]
jackbauer24c: folds 
jackbauer24c leaves the table
pbt1000: folds 
mikeballe400: folds 
ak1t02 joins the table at seat #8 
frosa9397: folds 
GodIn2019: folds 
themarfs: raises $0.04 to $0.06
Dorex2007: folds 
Uncalled bet ($0.04) returned to themarfs
themarfs collected $0.04 from pot
themarfs: doesn't show hand 
*** SUMMARY ***
Total pot $0.04 | Rake $0 
Seat 1: mikeballe400 folded before Flop (didn't bet)
Seat 2: frosa9397 folded before Flop (didn't bet)
Seat 3: GodIn2019 (button) folded before Flop (didn't bet)
Seat 5: themarfs (small blind) collected ($0.04)
Seat 6: Dorex2007 (big blind) folded before Flop
Seat 7: jackbauer24c folded before Flop (didn't bet)
Seat 9: pbt1000 folded before Flop (didn't bet)



PokerStars Hand #223786346680:  Hold'em No Limit ($0.01/$0.02 USD) - 2021/02/13 17:11:30 PT [2021/02/13 20:11:30 ET]
Table 'Fidelio V' 9-max Seat #5 is the button
Seat 1: mikeballe400 ($1.91 in chips) 
Seat 2: frosa9397 ($2.89 in chips) 
Seat 3: GodIn2019 ($2 in chips) 
Seat 5: themarfs ($2.03 in chips) 
Seat 6: Dorex2007 ($1.41 in chips) 
Seat 8: ak1t02 ($2 in chips) 
Seat 9: pbt1000 ($2.32 in chips) 
Dorex2007: posts small blind $0.01
ak1t02: posts big blind $0.02
*** HOLE CARDS ***
Dealt to Dorex2007 [Ks 9h]
pbt1000: folds 
mikeballe400: folds 
frosa9397: folds 
GodIn2019: raises $0.05 to $0.07
themarfs: folds 
Dorex2007: folds 
ak1t02: folds 
Uncalled bet ($0.05) returned to GodIn2019
GodIn2019 collected $0.05 from pot
*** SUMMARY ***
Total pot $0.05 | Rake $0 
Seat 1: mikeballe400 folded before Flop (didn't bet)
Seat 2: frosa9397 folded before Flop (didn't bet)
Seat 3: GodIn2019 collected ($0.05)
Seat 5: themarfs (button) folded before Flop (didn't bet)
Seat 6: Dorex2007 (small blind) folded before Flop
Seat 8: ak1t02 (big blind) folded before Flop
Seat 9: pbt1000 folded before Flop (didn't bet)



PokerStars Hand #223786355123:  Hold'em No Limit ($0.01/$0.02 USD) - 2021/02/13 17:11:49 PT [2021/02/13 20:11:49 ET]
Table 'Fidelio V' 9-max Seat #6 is the button
Seat 1: mikeballe400 ($1.91 in chips) 
Seat 2: frosa9397 ($2.89 in chips) 
Seat 3: GodIn2019 ($2.03 in chips) 
Seat 5: themarfs ($2.03 in chips) 
Seat 6: Dorex2007 ($1.40 in chips) 
Seat 8: ak1t02 ($2 in chips) 
Seat 9: pbt1000 ($2.32 in chips) 
ak1t02: posts small blind $0.01
pbt1000: posts big blind $0.02
*** HOLE CARDS ***
Dealt to Dorex2007 [2c Jh]
mikeballe400: folds 
frosa9397 has timed out
frosa9397: folds 
GodIn2019: folds 
themarfs: folds 
Dorex2007: folds 
ak1t02: raises $0.04 to $0.06
berg723010 joins the table at seat #4 
pbt1000: folds 
Uncalled bet ($0.04) returned to ak1t02
ak1t02 collected $0.04 from pot
*** SUMMARY ***
Total pot $0.04 | Rake $0 
Seat 1: mikeballe400 folded before Flop (didn't bet)
Seat 2: frosa9397 folded before Flop (didn't bet)
Seat 3: GodIn2019 folded before Flop (didn't bet)
Seat 5: themarfs folded before Flop (didn't bet)
Seat 6: Dorex2007 (button) folded before Flop (didn't bet)
Seat 8: ak1t02 (small blind) collected ($0.04)
Seat 9: pbt1000 (big blind) folded before Flop



PokerStars Hand #223786369726:  Hold'em No Limit ($0.01/$0.02 USD) - 2021/02/13 17:12:21 PT [2021/02/13 20:12:21 ET]
Table 'Fidelio V' 9-max Seat #8 is the button
Seat 1: mikeballe400 ($1.91 in chips) 
Seat 3: GodIn2019 ($2.03 in chips) 
Seat 5: themarfs ($2.03 in chips) 
Seat 6: Dorex2007 ($1.40 in chips) 
Seat 8: ak1t02 ($2.02 in chips) 
Seat 9: pbt1000 ($2.30 in chips) 
pbt1000: posts small blind $0.01
mikeballe400: posts big blind $0.02
berg723010: sits out 
*** HOLE CARDS ***
Dealt to Dorex2007 [6h 3c]
GodIn2019: folds 
themarfs: folds 
Dorex2007: folds 
ak1t02: folds 
TEAMsliven joins the table at seat #7 
pbt1000: raises $0.02 to $0.04
mikeballe400: calls $0.02
*** FLOP *** [2d 4h 4s]
pbt1000: bets $0.04
mikeballe400: calls $0.04
*** TURN *** [2d 4h 4s] [5c]
pbt1000: bets $0.05
mikeballe400: raises $0.15 to $0.20
pbt1000: raises $0.15 to $0.35
mikeballe400: raises $0.15 to $0.50
pbt1000: folds 
Uncalled bet ($0.15) returned to mikeballe400
mikeballe400 collected $0.83 from pot
mikeballe400: doesn't show hand 
*** SUMMARY ***
Total pot $0.86 | Rake $0.03 
Board [2d 4h 4s 5c]
Seat 1: mikeballe400 (big blind) collected ($0.83)
Seat 3: GodIn2019 folded before Flop (didn't bet)
Seat 5: themarfs folded before Flop (didn't bet)
Seat 6: Dorex2007 folded before Flop (didn't bet)
Seat 8: ak1t02 (button) folded before Flop (didn't bet)
Seat 9: pbt1000 (small blind) folded on the Turn



PokerStars Hand #223786402710:  Hold'em No Limit ($0.01/$0.02 USD) - 2021/02/13 17:13:34 PT [2021/02/13 20:13:34 ET]
Table 'Fidelio V' 9-max Seat #9 is the button
Seat 1: mikeballe400 ($2.31 in chips) 
Seat 2: frosa9397 ($2.89 in chips) 
Seat 3: GodIn2019 ($2.03 in chips) 
Seat 4: berg723010 ($0.80 in chips) 
Seat 5: themarfs ($2.03 in chips) 
Seat 6: Dorex2007 ($1.40 in chips) 
Seat 7: TEAMsliven ($0.95 in chips) 
Seat 8: ak1t02 ($2.02 in chips) 
Seat 9: pbt1000 ($1.87 in chips) 
mikeballe400: posts small blind $0.01
frosa9397: posts big blind $0.02
berg723010: posts big blind $0.02
TEAMsliven: posts big blind $0.02
*** HOLE CARDS ***
Dealt to Dorex2007 [9h 2h]
GodIn2019: folds 
berg723010: checks 
themarfs: folds 
Dorex2007: folds 
TEAMsliven: checks 
ak1t02: raises $0.06 to $0.08
pbt1000: folds 
mikeballe400: folds 
frosa9397 has timed out
frosa9397: folds 
berg723010: folds 
TEAMsliven: calls $0.06
*** FLOP *** [8h 8d 9c]
TEAMsliven: checks 
ak1t02: checks 
*** TURN *** [8h 8d 9c] [Ad]
TEAMsliven: checks 
ak1t02: checks 
*** RIVER *** [8h 8d 9c Ad] [4h]
TEAMsliven: bets $0.35
ak1t02: folds 
Uncalled bet ($0.35) returned to TEAMsliven
TEAMsliven collected $0.20 from pot
TEAMsliven: doesn't show hand 
*** SUMMARY ***
Total pot $0.21 | Rake $0.01 
Board [8h 8d 9c Ad 4h]
Seat 1: mikeballe400 (small blind) folded before Flop
Seat 2: frosa9397 (big blind) folded before Flop
Seat 3: GodIn2019 folded before Flop (didn't bet)
Seat 4: berg723010 folded before Flop (didn't bet)
Seat 5: themarfs folded before Flop (didn't bet)
Seat 6: Dorex2007 folded before Flop (didn't bet)
Seat 7: TEAMsliven collected ($0.20)
Seat 8: ak1t02 folded on the River
Seat 9: pbt1000 (button) folded before Flop (didn't bet)



PokerStars Hand #223786450981:  Hold'em No Limit ($0.01/$0.02 USD) - 2021/02/13 17:15:14 PT [2021/02/13 20:15:14 ET]
Table 'Fidelio V' 9-max Seat #1 is the button
Seat 1: mikeballe400 ($2.30 in chips) 
Seat 3: GodIn2019 ($2.03 in chips) 
Seat 4: berg723010 ($0.78 in chips) 
Seat 5: themarfs ($2.03 in chips) 
Seat 6: Dorex2007 ($1.40 in chips) 
Seat 7: TEAMsliven ($1.07 in chips) 
Seat 8: ak1t02 ($2 in chips) 
Seat 9: pbt1000 ($1.87 in chips) 
GodIn2019: posts small blind $0.01
berg723010: posts big blind $0.02
*** HOLE CARDS ***
Dealt to Dorex2007 [6s 9c]
themarfs: folds 
Dorex2007: folds 
TEAMsliven: raises $0.03 to $0.05
ak1t02: folds 
pbt1000: folds 
frosa9397 is disconnected 
mikeballe400: folds 
GodIn2019: folds 
berg723010: calls $0.03
*** FLOP *** [4d 5s 5c]
berg723010: checks 
TEAMsliven: bets $0.06
berg723010: raises $0.06 to $0.12
TEAMsliven: calls $0.06
*** TURN *** [4d 5s 5c] [7h]
berg723010: bets $0.34
TEAMsliven: raises $0.34 to $0.68
berg723010: calls $0.27 and is all-in
Uncalled bet ($0.07) returned to TEAMsliven
*** RIVER *** [4d 5s 5c 7h] [As]
*** SHOW DOWN ***
berg723010: shows [5h 9h] (three of a kind, Fives)
TEAMsliven: shows [Kd 7d] (two pair, Sevens and Fives)
berg723010 collected $1.52 from pot
*** SUMMARY ***
Total pot $1.57 | Rake $0.05 
Board [4d 5s 5c 7h As]
Seat 1: mikeballe400 (button) folded before Flop (didn't bet)
Seat 3: GodIn2019 (small blind) folded before Flop
Seat 4: berg723010 (big blind) showed [5h 9h] and won ($1.52) with three of a kind, Fives
Seat 5: themarfs folded before Flop (didn't bet)
Seat 6: Dorex2007 folded before Flop (didn't bet)
Seat 7: TEAMsliven showed [Kd 7d] and lost with two pair, Sevens and Fives
Seat 8: ak1t02 folded before Flop (didn't bet)
Seat 9: pbt1000 folded before Flop (didn't bet)



PokerStars Hand #223786483571:  Hold'em No Limit ($0.01/$0.02 USD) - 2021/02/13 17:16:26 PT [2021/02/13 20:16:26 ET]
Table 'Fidelio V' 9-max Seat #3 is the button
Seat 1: mikeballe400 ($2.30 in chips) 
Seat 3: GodIn2019 ($2.02 in chips) 
Seat 4: berg723010 ($1.52 in chips) 
Seat 5: themarfs ($2.03 in chips) 
Seat 6: Dorex2007 ($1.40 in chips) 
Seat 7: TEAMsliven ($0.29 in chips) 
Seat 8: ak1t02 ($2 in chips) 
Seat 9: pbt1000 ($1.87 in chips) 
berg723010: posts small blind $0.01
themarfs: posts big blind $0.02
*** HOLE CARDS ***
Dealt to Dorex2007 [8h 7c]
Dorex2007: folds 
TEAMsliven: folds 
ak1t02: folds 
pbt1000: raises $0.04 to $0.06
mikeballe400: folds 
GodIn2019: folds 
berg723010: calls $0.05
themarfs: folds 
*** FLOP *** [4s Jc 3c]
berg723010: checks 
pbt1000: bets $0.07
berg723010: calls $0.07
*** TURN *** [4s Jc 3c] [5h]
berg723010: checks 
pbt1000: bets $0.10
berg723010: calls $0.10
*** RIVER *** [4s Jc 3c 5h] [Td]
berg723010: checks 
pbt1000: bets $0.40
berg723010: folds 
Uncalled bet ($0.40) returned to pbt1000
pbt1000 collected $0.46 from pot
*** SUMMARY ***
Total pot $0.48 | Rake $0.02 
Board [4s Jc 3c 5h Td]
Seat 1: mikeballe400 folded before Flop (didn't bet)
Seat 3: GodIn2019 (button) folded before Flop (didn't bet)
Seat 4: berg723010 (small blind) folded on the River
Seat 5: themarfs (big blind) folded before Flop
Seat 6: Dorex2007 folded before Flop (didn't bet)
Seat 7: TEAMsliven folded before Flop (didn't bet)
Seat 8: ak1t02 folded before Flop (didn't bet)
Seat 9: pbt1000 collected ($0.46)



PokerStars Hand #223786524731:  Hold'em No Limit ($0.01/$0.02 USD) - 2021/02/13 17:17:53 PT [2021/02/13 20:17:53 ET]
Table 'Fidelio V' 9-max Seat #4 is the button
Seat 1: mikeballe400 ($2.30 in chips) 
Seat 3: GodIn2019 ($2.02 in chips) 
Seat 4: berg723010 ($1.29 in chips) 
Seat 5: themarfs ($2.01 in chips) 
Seat 6: Dorex2007 ($1.40 in chips) 
Seat 7: TEAMsliven ($0.29 in chips) 
Seat 8: ak1t02 ($2 in chips) 
Seat 9: pbt1000 ($2.10 in chips) 
themarfs: posts small blind $0.01
Dorex2007: posts big blind $0.02
*** HOLE CARDS ***
Dealt to Dorex2007 [Tc 4h]
TEAMsliven: folds 
ak1t02: folds 
pbt1000: calls $0.02
mikeballe400: folds 
GodIn2019: folds 
berg723010: calls $0.02
themarfs: calls $0.01
Dorex2007: checks 
*** FLOP *** [9h 6h 8s]
themarfs: checks 
Dorex2007: checks 
pbt1000: bets $0.02
berg723010: raises $0.12 to $0.14
themarfs: calls $0.14
Dorex2007: folds 
pbt1000: folds 
*** TURN *** [9h 6h 8s] [Td]
themarfs: checks 
berg723010: bets $0.37
themarfs: calls $0.37
*** RIVER *** [9h 6h 8s Td] [9d]
themarfs: checks 
berg723010: bets $0.76 and is all-in
themarfs: folds 
Uncalled bet ($0.76) returned to berg723010
berg723010 collected $1.08 from pot
berg723010: doesn't show hand 
*** SUMMARY ***
Total pot $1.12 | Rake $0.04 
Board [9h 6h 8s Td 9d]
Seat 1: mikeballe400 folded before Flop (didn't bet)
Seat 3: GodIn2019 folded before Flop (didn't bet)
Seat 4: berg723010 (button) collected ($1.08)
Seat 5: themarfs (small blind) folded on the River
Seat 6: Dorex2007 (big blind) folded on the Flop
Seat 7: TEAMsliven folded before Flop (didn't bet)
Seat 8: ak1t02 folded before Flop (didn't bet)
Seat 9: pbt1000 folded on the Flop



PokerStars Hand #223786559074:  Hold'em No Limit ($0.01/$0.02 USD) - 2021/02/13 17:19:11 PT [2021/02/13 20:19:11 ET]
Table 'Fidelio V' 9-max Seat #5 is the button
Seat 1: mikeballe400 ($2.30 in chips) 
Seat 3: GodIn2019 ($2.02 in chips) 
Seat 4: berg723010 ($1.84 in chips) 
Seat 5: themarfs ($2 in chips) 
Seat 6: Dorex2007 ($1.38 in chips) 
Seat 7: TEAMsliven ($0.29 in chips) 
Seat 8: ak1t02 ($2 in chips) 
Seat 9: pbt1000 ($2.06 in chips) 
Dorex2007: posts small blind $0.01
TEAMsliven: posts big blind $0.02
*** HOLE CARDS ***
Dealt to Dorex2007 [8c 3c]
ak1t02: folds 
pbt1000: folds 
mikeballe400: calls $0.02
GodIn2019: folds 
berg723010: folds 
themarfs: folds 
Dorex2007: folds 
TEAMsliven: checks 
*** FLOP *** [3s 4d As]
TEAMsliven: checks 
mikeballe400: bets $0.02
TEAMsliven: folds 
Uncalled bet ($0.02) returned to mikeballe400
mikeballe400 collected $0.05 from pot
mikeballe400: doesn't show hand 
*** SUMMARY ***
Total pot $0.05 | Rake $0 
Board [3s 4d As]
Seat 1: mikeballe400 collected ($0.05)
Seat 3: GodIn2019 folded before Flop (didn't bet)
Seat 4: berg723010 folded before Flop (didn't bet)
Seat 5: themarfs (button) folded before Flop (didn't bet)
Seat 6: Dorex2007 (small blind) folded before Flop
Seat 7: TEAMsliven (big blind) folded on the Flop
Seat 8: ak1t02 folded before Flop (didn't bet)
Seat 9: pbt1000 folded before Flop (didn't bet)



PokerStars Hand #223786574656:  Hold'em No Limit ($0.01/$0.02 USD) - 2021/02/13 17:19:47 PT [2021/02/13 20:19:47 ET]
Table 'Fidelio V' 9-max Seat #6 is the button
Seat 1: mikeballe400 ($2.33 in chips) 
Seat 3: GodIn2019 ($2.02 in chips) 
Seat 4: berg723010 ($1.84 in chips) 
Seat 5: themarfs ($2 in chips) 
Seat 6: Dorex2007 ($1.37 in chips) 
Seat 7: TEAMsliven ($0.27 in chips) 
Seat 8: ak1t02 ($2 in chips) 
Seat 9: pbt1000 ($2.06 in chips) 
TEAMsliven: posts small blind $0.01
ak1t02: posts big blind $0.02
*** HOLE CARDS ***
Dealt to Dorex2007 [As 8h]
pbt1000: folds 
mikeballe400: folds 
GodIn2019: folds 
berg723010: raises $0.05 to $0.07
themarfs: folds 
Dorex2007: folds 
TEAMsliven: folds 
ak1t02: folds 
Uncalled bet ($0.05) returned to berg723010
berg723010 collected $0.05 from pot
berg723010: doesn't show hand 
*** SUMMARY ***
Total pot $0.05 | Rake $0 
Seat 1: mikeballe400 folded before Flop (didn't bet)
Seat 3: GodIn2019 folded before Flop (didn't bet)
Seat 4: berg723010 collected ($0.05)
Seat 5: themarfs folded before Flop (didn't bet)
Seat 6: Dorex2007 (button) folded before Flop (didn't bet)
Seat 7: TEAMsliven (small blind) folded before Flop
Seat 8: ak1t02 (big blind) folded before Flop
Seat 9: pbt1000 folded before Flop (didn't bet)



PokerStars Hand #223786582317:  Hold'em No Limit ($0.01/$0.02 USD) - 2021/02/13 17:20:04 PT [2021/02/13 20:20:04 ET]
Table 'Fidelio V' 9-max Seat #7 is the button
Seat 1: mikeballe400 ($2.33 in chips) 
Seat 3: GodIn2019 ($2.02 in chips) 
Seat 4: berg723010 ($1.87 in chips) 
Seat 5: themarfs ($2 in chips) 
Seat 6: Dorex2007 ($1.37 in chips) 
Seat 7: TEAMsliven ($0.26 in chips) 
Seat 8: ak1t02 ($2 in chips) 
Seat 9: pbt1000 ($2.06 in chips) 
ak1t02: posts small blind $0.01
pbt1000: posts big blind $0.02
*** HOLE CARDS ***
Dealt to Dorex2007 [Ah 5c]
mikeballe400: folds 
GodIn2019: folds 
berg723010: calls $0.02
themarfs: folds 
Dorex2007: folds 
TEAMsliven has timed out
TEAMsliven: folds 
ak1t02: calls $0.01
pbt1000: checks 
*** FLOP *** [4d 2c 8c]
ak1t02: checks 
pbt1000: bets $0.06
berg723010: calls $0.06
ak1t02: raises $0.12 to $0.18
pbt1000: folds 
berg723010: calls $0.12
*** TURN *** [4d 2c 8c] [3c]
ak1t02: bets $0.23
berg723010: calls $0.23
*** RIVER *** [4d 2c 8c 3c] [Jh]
ak1t02: checks 
berg723010: bets $0.08
ak1t02: calls $0.08
*** SHOW DOWN ***
berg723010: shows [8s 6h] (a pair of Eights)
ak1t02: mucks hand 
berg723010 collected $1.06 from pot
*** SUMMARY ***
Total pot $1.10 | Rake $0.04 
Board [4d 2c 8c 3c Jh]
Seat 1: mikeballe400 folded before Flop (didn't bet)
Seat 3: GodIn2019 folded before Flop (didn't bet)
Seat 4: berg723010 showed [8s 6h] and won ($1.06) with a pair of Eights
Seat 5: themarfs folded before Flop (didn't bet)
Seat 6: Dorex2007 folded before Flop (didn't bet)
Seat 7: TEAMsliven (button) folded before Flop (didn't bet)
Seat 8: ak1t02 (small blind) mucked [5s 3s]
Seat 9: pbt1000 (big blind) folded on the Flop



PokerStars Hand #223786628945:  Hold'em No Limit ($0.01/$0.02 USD) - 2021/02/13 17:21:28 PT [2021/02/13 20:21:28 ET]
Table 'Fidelio V' 9-max Seat #8 is the button
Seat 1: mikeballe400 ($2.33 in chips) 
Seat 3: GodIn2019 ($2.02 in chips) 
Seat 4: berg723010 ($2.42 in chips) 
Seat 5: themarfs ($2 in chips) 
Seat 6: Dorex2007 ($1.37 in chips) 
Seat 7: TEAMsliven ($0.26 in chips) 
Seat 8: ak1t02 ($2 in chips) 
Seat 9: pbt1000 ($1.98 in chips) 
pbt1000: posts small blind $0.01
mikeballe400: posts big blind $0.02
*** HOLE CARDS ***
Dealt to Dorex2007 [9h As]
GodIn2019: folds 
berg723010: calls $0.02
themarfs: folds 
Dorex2007: folds 
TEAMsliven: raises $0.04 to $0.06
ak1t02: folds 
pbt1000: calls $0.05
mikeballe400: folds 
berg723010: calls $0.04
*** FLOP *** [Jh Js 4s]
pbt1000: checks 
berg723010: checks 
TEAMsliven: bets $0.11
pbt1000: calls $0.11
berg723010: folds 
*** TURN *** [Jh Js 4s] [Qs]
mikeballe400 is disconnected 
pbt1000: bets $0.09
TEAMsliven: folds 
Uncalled bet ($0.09) returned to pbt1000
pbt1000 collected $0.41 from pot
*** SUMMARY ***
Total pot $0.42 | Rake $0.01 
Board [Jh Js 4s Qs]
Seat 1: mikeballe400 (big blind) folded before Flop
Seat 3: GodIn2019 folded before Flop (didn't bet)
Seat 4: berg723010 folded on the Flop
Seat 5: themarfs folded before Flop (didn't bet)
Seat 6: Dorex2007 folded before Flop (didn't bet)
Seat 7: TEAMsliven folded on the Turn
Seat 8: ak1t02 (button) folded before Flop (didn't bet)
Seat 9: pbt1000 (small blind) collected ($0.41)



PokerStars Hand #223786671993:  Hold'em No Limit ($0.01/$0.02 USD) - 2021/02/13 17:22:56 PT [2021/02/13 20:22:56 ET]
Table 'Fidelio V' 9-max Seat #9 is the button
Seat 3: GodIn2019 ($2.02 in chips) 
Seat 4: berg723010 ($2.36 in chips) 
Seat 5: themarfs ($2 in chips) 
Seat 6: Dorex2007 ($1.37 in chips) 
Seat 7: TEAMsliven ($0.09 in chips) 
Seat 8: ak1t02 ($2 in chips) 
Seat 9: pbt1000 ($2.22 in chips) 
mikeballe400 has timed out while disconnected
mikeballe400: is sitting out 
GodIn2019: posts small blind $0.01
berg723010: posts big blind $0.02
*** HOLE CARDS ***
Dealt to Dorex2007 [8s 9d]
themarfs: folds 
Dorex2007: folds 
TEAMsliven: folds 
ak1t02: folds 
pbt1000: folds 
GodIn2019: folds 
Uncalled bet ($0.01) returned to berg723010
berg723010 collected $0.02 from pot
berg723010: doesn't show hand 
*** SUMMARY ***
Total pot $0.02 | Rake $0 
Seat 3: GodIn2019 (small blind) folded before Flop
Seat 4: berg723010 (big blind) collected ($0.02)
Seat 5: themarfs folded before Flop (didn't bet)
Seat 6: Dorex2007 folded before Flop (didn't bet)
Seat 7: TEAMsliven folded before Flop (didn't bet)
Seat 8: ak1t02 folded before Flop (didn't bet)
Seat 9: pbt1000 (button) folded before Flop (didn't bet)



PokerStars Hand #223786684838:  Hold'em No Limit ($0.01/$0.02 USD) - 2021/02/13 17:23:25 PT [2021/02/13 20:23:25 ET]
Table 'Fidelio V' 9-max Seat #3 is the button
Seat 3: GodIn2019 ($2.01 in chips) 
Seat 4: berg723010 ($2.37 in chips) 
Seat 5: themarfs ($2 in chips) 
Seat 6: Dorex2007 ($1.37 in chips) 
Seat 7: TEAMsliven ($0.09 in chips) 
Seat 8: ak1t02 ($2 in chips) 
Seat 9: pbt1000 ($2.22 in chips) 
berg723010: posts small blind $0.01
themarfs: posts big blind $0.02
*** HOLE CARDS ***
Dealt to Dorex2007 [Qh Kd]
Dorex2007: raises $0.06 to $0.08
TEAMsliven: folds 
ak1t02: folds 
pbt1000: folds 
GodIn2019: folds 
berg723010: folds 
themarfs: folds 
Uncalled bet ($0.06) returned to Dorex2007
Dorex2007 collected $0.05 from pot
Dorex2007: doesn't show hand 
*** SUMMARY ***
Total pot $0.05 | Rake $0 
Seat 3: GodIn2019 (button) folded before Flop (didn't bet)
Seat 4: berg723010 (small blind) folded before Flop
Seat 5: themarfs (big blind) folded before Flop
Seat 6: Dorex2007 collected ($0.05)
Seat 7: TEAMsliven folded before Flop (didn't bet)
Seat 8: ak1t02 folded before Flop (didn't bet)
Seat 9: pbt1000 folded before Flop (didn't bet)



PokerStars Hand #223786694278:  Hold'em No Limit ($0.01/$0.02 USD) - 2021/02/13 17:23:46 PT [2021/02/13 20:23:46 ET]
Table 'Fidelio V' 9-max Seat #4 is the button
Seat 3: GodIn2019 ($2.01 in chips) 
Seat 4: berg723010 ($2.36 in chips) 
Seat 5: themarfs ($2 in chips) 
Seat 6: Dorex2007 ($1.40 in chips) 
Seat 7: TEAMsliven ($0.09 in chips) 
Seat 8: ak1t02 ($2 in chips) 
Seat 9: pbt1000 ($2.22 in chips) 
themarfs: posts small blind $0.01
Dorex2007: posts big blind $0.02
*** HOLE CARDS ***
Dealt to Dorex2007 [7s Jh]
TEAMsliven: folds 
ak1t02: folds 
pbt1000: raises $0.02 to $0.04
GodIn2019: folds 
berg723010: calls $0.04
themarfs: folds 
Dorex2007: folds 
*** FLOP *** [Tc Jd Ts]
pbt1000: checks 
berg723010: bets $0.11
pbt1000: raises $0.17 to $0.28
berg723010: calls $0.17
*** TURN *** [Tc Jd Ts] [6d]
pbt1000: checks 
berg723010: bets $0.12
pbt1000: raises $0.37 to $0.49
berg723010: calls $0.37
*** RIVER *** [Tc Jd Ts 6d] [9s]
pbt1000: checks 
berg723010: bets $1.55 and is all-in
frosa9397 was removed from the table for failing to post
frosa9397 leaves the table
pbt1000: folds 
Uncalled bet ($1.55) returned to berg723010
berg723010 collected $1.59 from pot
berg723010: doesn't show hand 
*** SUMMARY ***
Total pot $1.65 | Rake $0.06 
Board [Tc Jd Ts 6d 9s]
Seat 3: GodIn2019 folded before Flop (didn't bet)
Seat 4: berg723010 (button) collected ($1.59)
Seat 5: themarfs (small blind) folded before Flop
Seat 6: Dorex2007 (big blind) folded before Flop
Seat 7: TEAMsliven folded before Flop (didn't bet)
Seat 8: ak1t02 folded before Flop (didn't bet)
Seat 9: pbt1000 folded on the River



PokerStars Hand #223786740590:  Hold'em No Limit ($0.01/$0.02 USD) - 2021/02/13 17:25:33 PT [2021/02/13 20:25:33 ET]
Table 'Fidelio V' 9-max Seat #5 is the button
Seat 3: GodIn2019 ($2.01 in chips) 
Seat 4: berg723010 ($3.14 in chips) 
Seat 5: themarfs ($2 in chips) 
Seat 6: Dorex2007 ($1.38 in chips) 
Seat 7: TEAMsliven ($0.09 in chips) 
Seat 8: ak1t02 ($2 in chips) 
Seat 9: pbt1000 ($1.41 in chips) 
Dorex2007: posts small blind $0.01
TEAMsliven: posts big blind $0.02
*** HOLE CARDS ***
Dealt to Dorex2007 [2c 8c]
ak1t02: folds 
pbt1000: folds 
GodIn2019: folds 
berg723010: calls $0.02
themarfs: folds 
Dorex2007: calls $0.01
TEAMsliven: checks 
*** FLOP *** [Kh 6h 8s]
Dorex2007: bets $0.03
TEAMsliven: raises $0.04 to $0.07 and is all-in
berg723010: calls $0.07
Dorex2007: folds 
*** TURN *** [Kh 6h 8s] [Ac]
*** RIVER *** [Kh 6h 8s Ac] [5s]
*** SHOW DOWN ***
TEAMsliven: shows [8d 9h] (a pair of Eights)
berg723010: shows [4h 5h] (a pair of Fives)
TEAMsliven collected $0.22 from pot
*** SUMMARY ***
Total pot $0.23 | Rake $0.01 
Board [Kh 6h 8s Ac 5s]
Seat 3: GodIn2019 folded before Flop (didn't bet)
Seat 4: berg723010 showed [4h 5h] and lost with a pair of Fives
Seat 5: themarfs (button) folded before Flop (didn't bet)
Seat 6: Dorex2007 (small blind) folded on the Flop
Seat 7: TEAMsliven (big blind) showed [8d 9h] and won ($0.22) with a pair of Eights
Seat 8: ak1t02 folded before Flop (didn't bet)
Seat 9: pbt1000 folded before Flop (didn't bet)



PokerStars Hand #223786760810:  Hold'em No Limit ($0.01/$0.02 USD) - 2021/02/13 17:26:19 PT [2021/02/13 20:26:19 ET]
Table 'Fidelio V' 9-max Seat #6 is the button
Seat 3: GodIn2019 ($2.01 in chips) 
Seat 4: berg723010 ($3.05 in chips) 
Seat 5: themarfs ($2 in chips) 
Seat 6: Dorex2007 ($1.33 in chips) 
Seat 7: TEAMsliven ($0.22 in chips) 
Seat 8: ak1t02 ($2 in chips) 
Seat 9: pbt1000 ($1.41 in chips) 
TEAMsliven: posts small blind $0.01
ak1t02: posts big blind $0.02
*** HOLE CARDS ***
Dealt to Dorex2007 [7d 6s]
pbt1000: folds 
GodIn2019: folds 
berg723010: folds 
themarfs: raises $0.04 to $0.06
Dorex2007: folds 
TEAMsliven: folds 
ak1t02: calls $0.04
*** FLOP *** [Qs 6h Ts]
ak1t02: checks 
themarfs: checks 
*** TURN *** [Qs 6h Ts] [5c]
ak1t02: bets $0.07
themarfs: folds 
Uncalled bet ($0.07) returned to ak1t02
ak1t02 collected $0.13 from pot
*** SUMMARY ***
Total pot $0.13 | Rake $0 
Board [Qs 6h Ts 5c]
Seat 3: GodIn2019 folded before Flop (didn't bet)
Seat 4: berg723010 folded before Flop (didn't bet)
Seat 5: themarfs folded on the Turn
Seat 6: Dorex2007 (button) folded before Flop (didn't bet)
Seat 7: TEAMsliven (small blind) folded before Flop
Seat 8: ak1t02 (big blind) collected ($0.13)
Seat 9: pbt1000 folded before Flop (didn't bet)



PokerStars Hand #223786776697:  Hold'em No Limit ($0.01/$0.02 USD) - 2021/02/13 17:26:56 PT [2021/02/13 20:26:56 ET]
Table 'Fidelio V' 9-max Seat #7 is the button
Seat 3: GodIn2019 ($2.01 in chips) 
Seat 4: berg723010 ($3.05 in chips) 
Seat 5: themarfs ($2 in chips) 
Seat 6: Dorex2007 ($1.33 in chips) 
Seat 7: TEAMsliven ($0.21 in chips) 
Seat 8: ak1t02 ($2.07 in chips) 
Seat 9: pbt1000 ($1.41 in chips) 
ak1t02: posts small blind $0.01
pbt1000: posts big blind $0.02
*** HOLE CARDS ***
Dealt to Dorex2007 [4c Jh]
ceasars18 joins the table at seat #2 
GodIn2019: folds 
berg723010: folds 
themarfs: raises $0.04 to $0.06
Dorex2007: folds 
TEAMsliven: folds 
ak1t02: raises $0.18 to $0.24
pbt1000: folds 
themarfs: folds 
Uncalled bet ($0.18) returned to ak1t02
ak1t02 collected $0.14 from pot
*** SUMMARY ***
Total pot $0.14 | Rake $0 
Seat 3: GodIn2019 folded before Flop (didn't bet)
Seat 4: berg723010 folded before Flop (didn't bet)
Seat 5: themarfs folded before Flop
Seat 6: Dorex2007 folded before Flop (didn't bet)
Seat 7: TEAMsliven (button) folded before Flop (didn't bet)
Seat 8: ak1t02 (small blind) collected ($0.14)
Seat 9: pbt1000 (big blind) folded before Flop



PokerStars Hand #223786815310:  Hold'em No Limit ($0.01/$0.02 USD) - 2021/02/13 17:28:25 PT [2021/02/13 20:28:25 ET]
Table 'Fidelio V' 9-max Seat #9 is the button
Seat 2: ceasars18 ($1.50 in chips) 
Seat 3: GodIn2019 ($2.01 in chips) 
Seat 5: themarfs ($2 in chips) 
Seat 6: Dorex2007 ($1.50 in chips) 
Seat 8: ak1t02 ($2.15 in chips) 
Seat 9: pbt1000 ($1.38 in chips) 
ceasars18: posts small blind $0.01
GodIn2019: posts big blind $0.02
Dorex2007: posts big blind $0.02
*** HOLE CARDS ***
Dealt to Dorex2007 [8c 4h]
themarfs: folds 
Dorex2007: checks 
ak1t02: raises $0.06 to $0.08
pbt1000: folds 
TEAMsliven leaves the table
ceasars18: folds 
GodIn2019: folds 
Dorex2007: folds 
Uncalled bet ($0.06) returned to ak1t02
ak1t02 collected $0.07 from pot
*** SUMMARY ***
Total pot $0.07 | Rake $0 
Seat 2: ceasars18 (small blind) folded before Flop
Seat 3: GodIn2019 (big blind) folded before Flop
Seat 5: themarfs folded before Flop (didn't bet)
Seat 6: Dorex2007 folded before Flop (didn't bet)
Seat 8: ak1t02 collected ($0.07)
Seat 9: pbt1000 (button) folded before Flop (didn't bet)



PokerStars Hand #223786826859:  Hold'em No Limit ($0.01/$0.02 USD) - 2021/02/13 17:28:51 PT [2021/02/13 20:28:51 ET]
Table 'Fidelio V' 9-max Seat #2 is the button
Seat 2: ceasars18 ($1.49 in chips) 
Seat 3: GodIn2019 ($2 in chips) 
Seat 4: berg723010 ($2.53 in chips) 
Seat 5: themarfs ($2 in chips) 
Seat 6: Dorex2007 ($1.48 in chips) 
Seat 8: ak1t02 ($2.20 in chips) 
Seat 9: pbt1000 ($1.38 in chips) 
GodIn2019: posts small blind $0.01
berg723010: posts big blind $0.02
*** HOLE CARDS ***
Dealt to Dorex2007 [3s 4c]
rlo2009 joins the table at seat #7 
themarfs: raises $0.04 to $0.06
Dorex2007: folds 
ak1t02: folds 
pbt1000: folds 
ceasars18: folds 
GodIn2019: folds 
berg723010: calls $0.04
*** FLOP *** [5c 2d 8d]
berg723010: checks 
themarfs: bets $0.09
berg723010: folds 
Uncalled bet ($0.09) returned to themarfs
themarfs collected $0.13 from pot
themarfs: doesn't show hand 
*** SUMMARY ***
Total pot $0.13 | Rake $0 
Board [5c 2d 8d]
Seat 2: ceasars18 (button) folded before Flop (didn't bet)
Seat 3: GodIn2019 (small blind) folded before Flop
Seat 4: berg723010 (big blind) folded on the Flop
Seat 5: themarfs collected ($0.13)
Seat 6: Dorex2007 folded before Flop (didn't bet)
Seat 8: ak1t02 folded before Flop (didn't bet)
Seat 9: pbt1000 folded before Flop (didn't bet)



PokerStars Hand #223786840046:  Hold'em No Limit ($0.01/$0.02 USD) - 2021/02/13 17:29:22 PT [2021/02/13 20:29:22 ET]
Table 'Fidelio V' 9-max Seat #3 is the button
Seat 2: ceasars18 ($1.49 in chips) 
Seat 3: GodIn2019 ($2 in chips) 
Seat 4: berg723010 ($2.47 in chips) 
Seat 5: themarfs ($2.07 in chips) 
Seat 6: Dorex2007 ($1.48 in chips) 
Seat 8: ak1t02 ($2.20 in chips) 
Seat 9: pbt1000 ($1.38 in chips) 
berg723010: posts small blind $0.01
themarfs: posts big blind $0.02
rlo2009: sits out 
*** HOLE CARDS ***
Dealt to Dorex2007 [6s Jd]
Dorex2007: folds 
ak1t02: folds 
pbt1000: raises $0.03 to $0.05
ceasars18: folds 
GodIn2019: folds 
berg723010: calls $0.04
themarfs: calls $0.03
*** FLOP *** [Ad 3d 7s]
berg723010: checks 
themarfs: checks 
pbt1000: bets $0.07
berg723010: folds 
themarfs: calls $0.07
*** TURN *** [Ad 3d 7s] [5d]
themarfs: checks 
pbt1000: bets $0.10
themarfs: calls $0.10
*** RIVER *** [Ad 3d 7s 5d] [8c]
themarfs: checks 
pbt1000: bets $0.14
themarfs: calls $0.14
*** SHOW DOWN ***
pbt1000: shows [7d 9d] (a flush, Ace high)
themarfs: mucks hand 
pbt1000 collected $0.74 from pot
*** SUMMARY ***
Total pot $0.77 | Rake $0.03 
Board [Ad 3d 7s 5d 8c]
Seat 2: ceasars18 folded before Flop (didn't bet)
Seat 3: GodIn2019 (button) folded before Flop (didn't bet)
Seat 4: berg723010 (small blind) folded on the Flop
Seat 5: themarfs (big blind) mucked [As Qd]
Seat 6: Dorex2007 folded before Flop (didn't bet)
Seat 8: ak1t02 folded before Flop (didn't bet)
Seat 9: pbt1000 showed [7d 9d] and won ($0.74) with a flush, Ace high



PokerStars Hand #223786878666:  Hold'em No Limit ($0.01/$0.02 USD) - 2021/02/13 17:30:34 PT [2021/02/13 20:30:34 ET]
Table 'Fidelio V' 9-max Seat #4 is the button
Seat 2: ceasars18 ($1.49 in chips) 
Seat 3: GodIn2019 ($2 in chips) 
Seat 4: berg723010 ($2.42 in chips) 
Seat 5: themarfs ($2 in chips) 
Seat 6: Dorex2007 ($1.48 in chips) 
Seat 8: ak1t02 ($2.20 in chips) 
Seat 9: pbt1000 ($1.76 in chips) 
themarfs: posts small blind $0.01
Dorex2007: posts big blind $0.02
rlo2009: sits out 
*** HOLE CARDS ***
Dealt to Dorex2007 [Tc Jd]
ak1t02 has timed out
ak1t02: folds 
pbt1000: calls $0.02
ceasars18: folds 
GodIn2019: folds 
berg723010: calls $0.02
themarfs: folds 
Dorex2007: checks 
*** FLOP *** [8h 6d 3d]
Dorex2007: checks 
pbt1000: bets $0.04
berg723010: folds 
Dorex2007: calls $0.04
*** TURN *** [8h 6d 3d] [Js]
Dorex2007: bets $0.14
pbt1000: calls $0.14
*** RIVER *** [8h 6d 3d Js] [Kc]
Dorex2007: checks 
pbt1000: bets $0.30
Dorex2007: calls $0.30
*** SHOW DOWN ***
pbt1000: shows [6c 7c] (a pair of Sixes)
Dorex2007: shows [Tc Jd] (a pair of Jacks)
Dorex2007 collected $0.99 from pot
*** SUMMARY ***
Total pot $1.03 | Rake $0.04 
Board [8h 6d 3d Js Kc]
Seat 2: ceasars18 folded before Flop (didn't bet)
Seat 3: GodIn2019 folded before Flop (didn't bet)
Seat 4: berg723010 (button) folded on the Flop
Seat 5: themarfs (small blind) folded before Flop
Seat 6: Dorex2007 (big blind) showed [Tc Jd] and won ($0.99) with a pair of Jacks
Seat 8: ak1t02 folded before Flop (didn't bet)
Seat 9: pbt1000 showed [6c 7c] and lost with a pair of Sixes



PokerStars Hand #223786911386:  Hold'em No Limit ($0.01/$0.02 USD) - 2021/02/13 17:31:50 PT [2021/02/13 20:31:50 ET]
Table 'Fidelio V' 9-max Seat #5 is the button
Seat 2: ceasars18 ($1.49 in chips) 
Seat 3: GodIn2019 ($2 in chips) 
Seat 4: berg723010 ($2.40 in chips) 
Seat 5: themarfs ($2 in chips) 
Seat 6: Dorex2007 ($1.97 in chips) 
Seat 7: rlo2009 ($2 in chips) 
Seat 9: pbt1000 ($1.26 in chips) 
Dorex2007: posts small blind $0.01
rlo2009: posts big blind $0.02
*** HOLE CARDS ***
Dealt to Dorex2007 [8s 2c]
pbt1000: calls $0.02
ceasars18: folds 
GodIn2019: folds 
berg723010: calls $0.02
themarfs: raises $0.08 to $0.10
Dorex2007: folds 
rlo2009: folds 
pbt1000: raises $0.35 to $0.45
berg723010: folds 
themarfs: folds 
Uncalled bet ($0.35) returned to pbt1000
pbt1000 collected $0.25 from pot
*** SUMMARY ***
Total pot $0.25 | Rake $0 
Seat 2: ceasars18 folded before Flop (didn't bet)
Seat 3: GodIn2019 folded before Flop (didn't bet)
Seat 4: berg723010 folded before Flop
Seat 5: themarfs (button) folded before Flop
Seat 6: Dorex2007 (small blind) folded before Flop
Seat 7: rlo2009 (big blind) folded before Flop
Seat 9: pbt1000 collected ($0.25)



PokerStars Hand #223786931427:  Hold'em No Limit ($0.01/$0.02 USD) - 2021/02/13 17:32:24 PT [2021/02/13 20:32:24 ET]
Table 'Fidelio V' 9-max Seat #6 is the button
Seat 2: ceasars18 ($1.49 in chips) 
Seat 3: GodIn2019 ($2 in chips) 
Seat 4: berg723010 ($2.38 in chips) 
Seat 5: themarfs ($2 in chips) 
Seat 6: Dorex2007 ($1.96 in chips) 
Seat 7: rlo2009 ($1.98 in chips) 
Seat 9: pbt1000 ($1.41 in chips) 
rlo2009: posts small blind $0.01
pbt1000: posts big blind $0.02
*** HOLE CARDS ***
Dealt to Dorex2007 [Ac Jc]
ceasars18: folds 
GodIn2019: folds 
berg723010: calls $0.02
themarfs: folds 
Dorex2007: calls $0.02
rlo2009: calls $0.01
pbt1000: raises $0.10 to $0.12
berg723010: calls $0.10
Dorex2007: calls $0.10
rlo2009: folds 
*** FLOP *** [Qc 8c Kc]
pbt1000: checks 
berg723010: bets $0.08
Dorex2007: calls $0.08
pbt1000: folds 
*** TURN *** [Qc 8c Kc] [4c]
berg723010: bets $0.10
Dorex2007: raises $0.10 to $0.20
berg723010: calls $0.10
*** RIVER *** [Qc 8c Kc 4c] [Ah]
berg723010: bets $0.10
mikeballe400 leaves the table
Dorex2007: raises $1.46 to $1.56 and is all-in
berg723010: folds 
Uncalled bet ($1.46) returned to Dorex2007
Dorex2007 collected $1.10 from pot
Dorex2007: doesn't show hand 
*** SUMMARY ***
Total pot $1.14 | Rake $0.04 
Board [Qc 8c Kc 4c Ah]
Seat 2: ceasars18 folded before Flop (didn't bet)
Seat 3: GodIn2019 folded before Flop (didn't bet)
Seat 4: berg723010 folded on the River
Seat 5: themarfs folded before Flop (didn't bet)
Seat 6: Dorex2007 (button) collected ($1.10)
Seat 7: rlo2009 (small blind) folded before Flop
Seat 9: pbt1000 (big blind) folded on the Flop



PokerStars Hand #223786965195:  Hold'em No Limit ($0.01/$0.02 USD) - 2021/02/13 17:33:43 PT [2021/02/13 20:33:43 ET]
Table 'Fidelio V' 9-max Seat #7 is the button
Seat 2: ceasars18 ($1.49 in chips) 
Seat 3: GodIn2019 ($2 in chips) 
Seat 4: berg723010 ($1.88 in chips) 
Seat 5: themarfs ($2 in chips) 
Seat 6: Dorex2007 ($2.56 in chips) 
Seat 7: rlo2009 ($1.96 in chips) 
Seat 9: pbt1000 ($1.29 in chips) 
pbt1000: posts small blind $0.01
ceasars18: posts big blind $0.02
*** HOLE CARDS ***
Dealt to Dorex2007 [Kh 4s]
GodIn2019: folds 
berg723010: calls $0.02
themarfs: folds 
Dorex2007: folds 
rlo2009: calls $0.02
Mulgus joins the table at seat #1 
pbt1000: calls $0.01
ceasars18: checks 
*** FLOP *** [As 8s Qh]
pbt1000: checks 
ceasars18: checks 
berg723010: checks 
rlo2009: checks 
*** TURN *** [As 8s Qh] [8h]
pbt1000: checks 
ceasars18: checks 
berg723010: checks 
rlo2009: bets $0.04
pbt1000: folds 
ceasars18: folds 
berg723010: folds 
Uncalled bet ($0.04) returned to rlo2009
rlo2009 collected $0.08 from pot
rlo2009: doesn't show hand 
*** SUMMARY ***
Total pot $0.08 | Rake $0 
Board [As 8s Qh 8h]
Seat 2: ceasars18 (big blind) folded on the Turn
Seat 3: GodIn2019 folded before Flop (didn't bet)
Seat 4: berg723010 folded on the Turn
Seat 5: themarfs folded before Flop (didn't bet)
Seat 6: Dorex2007 folded before Flop (didn't bet)
Seat 7: rlo2009 (button) collected ($0.08)
Seat 9: pbt1000 (small blind) folded on the Turn



PokerStars Hand #223786986098:  Hold'em No Limit ($0.01/$0.02 USD) - 2021/02/13 17:34:32 PT [2021/02/13 20:34:32 ET]
Table 'Fidelio V' 9-max Seat #9 is the button
Seat 2: ceasars18 ($1.47 in chips) 
Seat 3: GodIn2019 ($2 in chips) 
Seat 4: berg723010 ($1.86 in chips) 
Seat 5: themarfs ($2 in chips) 
Seat 6: Dorex2007 ($2.56 in chips) 
Seat 7: rlo2009 ($2.02 in chips) 
Seat 9: pbt1000 ($1.27 in chips) 
ceasars18: posts small blind $0.01
GodIn2019: posts big blind $0.02
ak1t02: sits out 
*** HOLE CARDS ***
Dealt to Dorex2007 [9c Ah]
berg723010: folds 
themarfs: folds 
Dorex2007: calls $0.02
rlo2009: folds 
pbt1000: folds 
ceasars18: calls $0.01
GodIn2019: checks 
*** FLOP *** [2d 2h 4d]
ceasars18: checks 
GodIn2019: checks 
Dorex2007: bets $0.06
ceasars18: folds 
GodIn2019: folds 
Uncalled bet ($0.06) returned to Dorex2007
Dorex2007 collected $0.06 from pot
Dorex2007: doesn't show hand 
*** SUMMARY ***
Total pot $0.06 | Rake $0 
Board [2d 2h 4d]
Seat 2: ceasars18 (small blind) folded on the Flop
Seat 3: GodIn2019 (big blind) folded on the Flop
Seat 4: berg723010 folded before Flop (didn't bet)
Seat 5: themarfs folded before Flop (didn't bet)
Seat 6: Dorex2007 collected ($0.06)
Seat 7: rlo2009 folded before Flop (didn't bet)
Seat 9: pbt1000 (button) folded before Flop (didn't bet)



PokerStars Hand #223786997801:  Hold'em No Limit ($0.01/$0.02 USD) - 2021/02/13 17:35:00 PT [2021/02/13 20:35:00 ET]
Table 'Fidelio V' 9-max Seat #2 is the button
Seat 1: Mulgus ($2 in chips) 
Seat 2: ceasars18 ($1.45 in chips) 
Seat 3: GodIn2019 ($2 in chips) 
Seat 4: berg723010 ($1.86 in chips) 
Seat 5: themarfs ($2 in chips) 
Seat 6: Dorex2007 ($2.60 in chips) 
Seat 7: rlo2009 ($2.02 in chips) 
Seat 9: pbt1000 ($1.27 in chips) 
GodIn2019: posts small blind $0.01
berg723010: posts big blind $0.02
ak1t02: sits out 
Mulgus: posts big blind $0.02
*** HOLE CARDS ***
Dealt to Dorex2007 [Qh Kd]
themarfs: raises $0.06 to $0.08
Dorex2007: calls $0.08
rlo2009: folds 
pbt1000: folds 
Mulgus: calls $0.06
ceasars18: calls $0.08
GodIn2019: folds 
berg723010: folds 
*** FLOP *** [2c 4d 8c]
berg723010 leaves the table
themarfs: checks 
Dorex2007: checks 
Mulgus: bets $0.16
ceasars18: folds 
themarfs: folds 
Dorex2007: calls $0.16
*** TURN *** [2c 4d 8c] [2s]
Dorex2007: bets $0.65
Mulgus: calls $0.65
*** RIVER *** [2c 4d 8c 2s] [Ac]
qctrader1 joins the table at seat #4 
Dorex2007: bets $0.95
Mulgus: calls $0.95
*** SHOW DOWN ***
Dorex2007: shows [Qh Kd] (a pair of Deuces)
Mulgus: shows [8h 9h] (two pair, Eights and Deuces)
Mulgus collected $3.73 from pot
*** SUMMARY ***
Total pot $3.87 | Rake $0.14 
Board [2c 4d 8c 2s Ac]
Seat 1: Mulgus showed [8h 9h] and won ($3.73) with two pair, Eights and Deuces
Seat 2: ceasars18 (button) folded on the Flop
Seat 3: GodIn2019 (small blind) folded before Flop
Seat 4: berg723010 (big blind) folded before Flop
Seat 5: themarfs folded on the Flop
Seat 6: Dorex2007 showed [Qh Kd] and lost with a pair of Deuces
Seat 7: rlo2009 folded before Flop (didn't bet)
Seat 9: pbt1000 folded before Flop (didn't bet)



PokerStars Hand #223787043751:  Hold'em No Limit ($0.01/$0.02 USD) - 2021/02/13 17:36:27 PT [2021/02/13 20:36:27 ET]
Table 'Fidelio V' 9-max Seat #3 is the button
Seat 1: Mulgus ($3.89 in chips) 
Seat 2: ceasars18 ($1.37 in chips) 
Seat 3: GodIn2019 ($2 in chips) 
Seat 5: themarfs ($2 in chips) 
Seat 6: Dorex2007 ($0.76 in chips) 
Seat 7: rlo2009 ($2.02 in chips) 
Seat 9: pbt1000 ($1.27 in chips) 
themarfs: posts small blind $0.01
Dorex2007: posts big blind $0.02
ak1t02: sits out 
*** HOLE CARDS ***
Dealt to Dorex2007 [4h 4s]
rlo2009: folds 
pbt1000: folds 
Mulgus: folds 
ceasars18: calls $0.02
GodIn2019: folds 
Mulgus leaves the table
themarfs: folds 
Dorex2007: checks 
*** FLOP *** [7h 6h 9d]
Dorex2007: checks 
ceasars18: bets $0.02
Dorex2007: raises $0.09 to $0.11
ceasars18: folds 
Uncalled bet ($0.09) returned to Dorex2007
Dorex2007 collected $0.09 from pot
Dorex2007: doesn't show hand 
*** SUMMARY ***
Total pot $0.09 | Rake $0 
Board [7h 6h 9d]
Seat 1: Mulgus folded before Flop (didn't bet)
Seat 2: ceasars18 folded on the Flop
Seat 3: GodIn2019 (button) folded before Flop (didn't bet)
Seat 5: themarfs (small blind) folded before Flop
Seat 6: Dorex2007 (big blind) collected ($0.09)
Seat 7: rlo2009 folded before Flop (didn't bet)
Seat 9: pbt1000 folded before Flop (didn't bet)



PokerStars Hand #223787057059:  Hold'em No Limit ($0.01/$0.02 USD) - 2021/02/13 17:36:59 PT [2021/02/13 20:36:59 ET]
Table 'Fidelio V' 9-max Seat #5 is the button
Seat 2: ceasars18 ($1.33 in chips) 
Seat 3: GodIn2019 ($2 in chips) 
Seat 4: qctrader1 ($2 in chips) 
Seat 5: themarfs ($2 in chips) 
Seat 6: Dorex2007 ($0.81 in chips) 
Seat 7: rlo2009 ($2.02 in chips) 
Seat 9: pbt1000 ($1.27 in chips) 
Dorex2007: posts small blind $0.01
rlo2009: posts big blind $0.02
ak1t02: sits out 
qctrader1: posts big blind $0.02
*** HOLE CARDS ***
Dealt to Dorex2007 [7c Ts]
pbt1000: raises $0.03 to $0.05
ceasars18: folds 
GodIn2019: folds 
qctrader1: calls $0.03
themarfs: calls $0.05
Dorex2007: calls $0.04
rlo2009: calls $0.03
*** FLOP *** [9h Qh Qd]
Dorex2007: checks 
rlo2009: checks 
pbt1000: checks 
qctrader1: checks 
themarfs: checks 
*** TURN *** [9h Qh Qd] [9c]
Dorex2007: bets $0.24
rlo2009: folds 
pbt1000: folds 
qctrader1: folds 
themarfs: folds 
Uncalled bet ($0.24) returned to Dorex2007
Dorex2007 collected $0.24 from pot
Dorex2007: doesn't show hand 
*** SUMMARY ***
Total pot $0.25 | Rake $0.01 
Board [9h Qh Qd 9c]
Seat 2: ceasars18 folded before Flop (didn't bet)
Seat 3: GodIn2019 folded before Flop (didn't bet)
Seat 4: qctrader1 folded on the Turn
Seat 5: themarfs (button) folded on the Turn
Seat 6: Dorex2007 (small blind) collected ($0.24)
Seat 7: rlo2009 (big blind) folded on the Turn
Seat 9: pbt1000 folded on the Turn



PokerStars Hand #223787081729:  Hold'em No Limit ($0.01/$0.02 USD) - 2021/02/13 17:37:58 PT [2021/02/13 20:37:58 ET]
Table 'Fidelio V' 9-max Seat #6 is the button
Seat 2: ceasars18 ($1.33 in chips) 
Seat 3: GodIn2019 ($2 in chips) 
Seat 4: qctrader1 ($1.95 in chips) 
Seat 5: themarfs ($2 in chips) 
Seat 6: Dorex2007 ($1 in chips) 
Seat 7: rlo2009 ($1.97 in chips) 
Seat 8: ak1t02 ($2.20 in chips) 
Seat 9: pbt1000 ($1.22 in chips) 
rlo2009: posts small blind $0.01
ak1t02: posts big blind $0.02
*** HOLE CARDS ***
Dealt to Dorex2007 [9s Jc]
pbt1000: folds 
ceasars18: folds 
GodIn2019: folds 
qctrader1: folds 
themarfs: folds 
Dorex2007: raises $0.04 to $0.06
Adrel joins the table at seat #1 
rlo2009: folds 
ak1t02: folds 
Uncalled bet ($0.04) returned to Dorex2007
Dorex2007 collected $0.05 from pot
Dorex2007: doesn't show hand 
*** SUMMARY ***
Total pot $0.05 | Rake $0 
Seat 2: ceasars18 folded before Flop (didn't bet)
Seat 3: GodIn2019 folded before Flop (didn't bet)
Seat 4: qctrader1 folded before Flop (didn't bet)
Seat 5: themarfs folded before Flop (didn't bet)
Seat 6: Dorex2007 (button) collected ($0.05)
Seat 7: rlo2009 (small blind) folded before Flop
Seat 8: ak1t02 (big blind) folded before Flop
Seat 9: pbt1000 folded before Flop (didn't bet)



PokerStars Hand #223787091243:  Hold'em No Limit ($0.01/$0.02 USD) - 2021/02/13 17:38:20 PT [2021/02/13 20:38:20 ET]
Table 'Fidelio V' 9-max Seat #7 is the button
Seat 2: ceasars18 ($1.33 in chips) 
Seat 3: GodIn2019 ($2 in chips) 
Seat 4: qctrader1 ($1.95 in chips) 
Seat 5: themarfs ($2 in chips) 
Seat 6: Dorex2007 ($1.03 in chips) 
Seat 7: rlo2009 ($1.96 in chips) 
Seat 8: ak1t02 ($2.18 in chips) 
Seat 9: pbt1000 ($1.22 in chips) 
ak1t02: posts small blind $0.01
pbt1000: posts big blind $0.02
Adrel: sits out 
*** HOLE CARDS ***
Dealt to Dorex2007 [5h 7s]
ceasars18: calls $0.02
GodIn2019: folds 
qctrader1: calls $0.02
themarfs: folds 
Dorex2007: folds 
rlo2009: folds 
ak1t02: raises $0.14 to $0.16
pbt1000: folds 
ceasars18: folds 
qctrader1: folds 
Uncalled bet ($0.14) returned to ak1t02
ak1t02 collected $0.08 from pot
*** SUMMARY ***
Total pot $0.08 | Rake $0 
Seat 2: ceasars18 folded before Flop
Seat 3: GodIn2019 folded before Flop (didn't bet)
Seat 4: qctrader1 folded before Flop
Seat 5: themarfs folded before Flop (didn't bet)
Seat 6: Dorex2007 folded before Flop (didn't bet)
Seat 7: rlo2009 (button) folded before Flop (didn't bet)
Seat 8: ak1t02 (small blind) collected ($0.08)
Seat 9: pbt1000 (big blind) folded before Flop



PokerStars Hand #223787105355:  Hold'em No Limit ($0.01/$0.02 USD) - 2021/02/13 17:38:54 PT [2021/02/13 20:38:54 ET]
Table 'Fidelio V' 9-max Seat #8 is the button
Seat 1: Adrel ($1.60 in chips) 
Seat 2: ceasars18 ($1.31 in chips) 
Seat 3: GodIn2019 ($2 in chips) 
Seat 4: qctrader1 ($1.93 in chips) 
Seat 5: themarfs ($2 in chips) 
Seat 6: Dorex2007 ($1.03 in chips) 
Seat 7: rlo2009 ($1.96 in chips) 
Seat 8: ak1t02 ($2.24 in chips) 
Seat 9: pbt1000 ($1.20 in chips) 
pbt1000: posts small blind $0.01
Adrel: posts big blind $0.02
*** HOLE CARDS ***
Dealt to Dorex2007 [3h 4d]
ceasars18: folds 
GodIn2019: folds 
qctrader1: calls $0.02
themarfs: raises $0.06 to $0.08
Dorex2007: folds 
rlo2009: calls $0.08
ak1t02: folds 
ceasars18 leaves the table
pbt1000: raises $0.17 to $0.25
Adrel: calls $0.23
qctrader1: folds 
themarfs: folds 
rlo2009: calls $0.17
*** FLOP *** [9d Js Ad]
pbt1000: bets $0.95 and is all-in
Adrel: calls $0.95
rlo2009: folds 
*** TURN *** [9d Js Ad] [9h]
*** RIVER *** [9d Js Ad 9h] [Th]
*** SHOW DOWN ***
pbt1000: shows [5s 5c] (two pair, Nines and Fives)
Adrel: shows [Qh Ah] (two pair, Aces and Nines)
Adrel collected $2.65 from pot
pbt1000 cashed out the hand for $0.24
*** SUMMARY ***
Total pot $2.75 | Rake $0.10 
Board [9d Js Ad 9h Th]
Seat 1: Adrel (big blind) showed [Qh Ah] and won ($2.65) with two pair, Aces and Nines
Seat 2: ceasars18 folded before Flop (didn't bet)
Seat 3: GodIn2019 folded before Flop (didn't bet)
Seat 4: qctrader1 folded before Flop
Seat 5: themarfs folded before Flop
Seat 6: Dorex2007 folded before Flop (didn't bet)
Seat 7: rlo2009 folded on the Flop
Seat 8: ak1t02 (button) folded before Flop (didn't bet)
Seat 9: pbt1000 (small blind) showed [5s 5c] and lost with two pair, Nines and Fives (cashed out).



PokerStars Hand #223787127906:  Hold'em No Limit ($0.01/$0.02 USD) - 2021/02/13 17:39:49 PT [2021/02/13 20:39:49 ET]
Table 'Fidelio V' 9-max Seat #9 is the button
Seat 1: Adrel ($3.05 in chips) 
Seat 3: GodIn2019 ($2 in chips) 
Seat 4: qctrader1 ($1.91 in chips) 
Seat 5: themarfs ($2 in chips) 
Seat 6: Dorex2007 ($1.03 in chips) 
Seat 7: rlo2009 ($1.71 in chips) 
Seat 8: ak1t02 ($2.24 in chips) 
Seat 9: pbt1000 ($0.24 in chips) 
Adrel: posts small blind $0.01
GodIn2019: posts big blind $0.02
*** HOLE CARDS ***
Dealt to Dorex2007 [4c Ah]
qctrader1: calls $0.02
themarfs: folds 
Dorex2007: folds 
aricabanana joins the table at seat #2 
rlo2009: calls $0.02
ak1t02: folds 
pbt1000: calls $0.02
Adrel: calls $0.01
GodIn2019: checks 
*** FLOP *** [6c Ad Qs]
Adrel: checks 
GodIn2019: checks 
qctrader1: checks 
rlo2009: checks 
pbt1000: bets $0.22 and is all-in
Adrel: folds 
GodIn2019: folds 
qctrader1: folds 
rlo2009: folds 
Uncalled bet ($0.22) returned to pbt1000
pbt1000 collected $0.10 from pot
*** SUMMARY ***
Total pot $0.10 | Rake $0 
Board [6c Ad Qs]
Seat 1: Adrel (small blind) folded on the Flop
Seat 3: GodIn2019 (big blind) folded on the Flop
Seat 4: qctrader1 folded on the Flop
Seat 5: themarfs folded before Flop (didn't bet)
Seat 6: Dorex2007 folded before Flop (didn't bet)
Seat 7: rlo2009 folded on the Flop
Seat 8: ak1t02 folded before Flop (didn't bet)
Seat 9: pbt1000 (button) collected ($0.10)



PokerStars Hand #223787145630:  Hold'em No Limit ($0.01/$0.02 USD) - 2021/02/13 17:40:32 PT [2021/02/13 20:40:32 ET]
Table 'Fidelio V' 9-max Seat #1 is the button
Seat 1: Adrel ($3.03 in chips) 
Seat 3: GodIn2019 ($2 in chips) 
Seat 4: qctrader1 ($1.89 in chips) 
Seat 5: themarfs ($2 in chips) 
Seat 6: Dorex2007 ($1.03 in chips) 
Seat 7: rlo2009 ($1.69 in chips) 
Seat 8: ak1t02 ($2.24 in chips) 
Seat 9: pbt1000 ($0.32 in chips) 
GodIn2019: posts small blind $0.01
qctrader1: posts big blind $0.02
*** HOLE CARDS ***
Dealt to Dorex2007 [Jd 7c]
themarfs: folds 
Dorex2007: folds 
rlo2009 has timed out
rlo2009: folds 
ak1t02: raises $0.04 to $0.06
pbt1000: folds 
Adrel: calls $0.06
GodIn2019: folds 
qctrader1: folds 
*** FLOP *** [8c Th Jc]
ak1t02: bets $0.05
Adrel: folds 
Uncalled bet ($0.05) returned to ak1t02
ak1t02 collected $0.14 from pot
*** SUMMARY ***
Total pot $0.15 | Rake $0.01 
Board [8c Th Jc]
Seat 1: Adrel (button) folded on the Flop
Seat 3: GodIn2019 (small blind) folded before Flop
Seat 4: qctrader1 (big blind) folded before Flop
Seat 5: themarfs folded before Flop (didn't bet)
Seat 6: Dorex2007 folded before Flop (didn't bet)
Seat 7: rlo2009 folded before Flop (didn't bet)
Seat 8: ak1t02 collected ($0.14)
Seat 9: pbt1000 folded before Flop (didn't bet)



PokerStars Hand #223787157247:  Hold'em No Limit ($0.01/$0.02 USD) - 2021/02/13 17:41:00 PT [2021/02/13 20:41:00 ET]
Table 'Fidelio V' 9-max Seat #3 is the button
Seat 1: Adrel ($2.97 in chips) 
Seat 2: aricabanana ($0.80 in chips) 
Seat 3: GodIn2019 ($2 in chips) 
Seat 4: qctrader1 ($1.87 in chips) 
Seat 5: themarfs ($2 in chips) 
Seat 6: Dorex2007 ($1.03 in chips) 
Seat 7: rlo2009 ($1.69 in chips) 
Seat 8: ak1t02 ($2.32 in chips) 
Seat 9: pbt1000 ($0.32 in chips) 
qctrader1: posts small blind $0.01
themarfs: posts big blind $0.02
aricabanana: posts big blind $0.02
*** HOLE CARDS ***
Dealt to Dorex2007 [3d 9s]
Dorex2007: folds 
rlo2009: calls $0.02
ak1t02: raises $0.04 to $0.06
pbt1000: raises $0.26 to $0.32 and is all-in
Adrel: folds 
aricabanana: folds 
GodIn2019: folds 
qctrader1: folds 
themarfs: folds 
rlo2009: calls $0.30
ak1t02: raises $2 to $2.32 and is all-in
rlo2009: folds 
Uncalled bet ($2) returned to ak1t02
*** FLOP *** [Js 6c Ad]
*** TURN *** [Js 6c Ad] [Tc]
*** RIVER *** [Js 6c Ad Tc] [7s]
*** SHOW DOWN ***
ak1t02: shows [Kd Ah] (a pair of Aces)
pbt1000: shows [Jd Kc] (a pair of Jacks)
ak1t02 collected $0.97 from pot
*** SUMMARY ***
Total pot $1.01 | Rake $0.04 
Board [Js 6c Ad Tc 7s]
Seat 1: Adrel folded before Flop (didn't bet)
Seat 2: aricabanana folded before Flop (didn't bet)
Seat 3: GodIn2019 (button) folded before Flop (didn't bet)
Seat 4: qctrader1 (small blind) folded before Flop
Seat 5: themarfs (big blind) folded before Flop
Seat 6: Dorex2007 folded before Flop (didn't bet)
Seat 7: rlo2009 folded before Flop
Seat 8: ak1t02 showed [Kd Ah] and won ($0.97) with a pair of Aces
Seat 9: pbt1000 showed [Jd Kc] and lost with a pair of Jacks



PokerStars Hand #223787186484:  Hold'em No Limit ($0.01/$0.02 USD) - 2021/02/13 17:42:11 PT [2021/02/13 20:42:11 ET]
Table 'Fidelio V' 9-max Seat #4 is the button
Seat 1: Adrel ($2.97 in chips) 
Seat 2: aricabanana ($0.78 in chips) 
Seat 3: GodIn2019 ($2 in chips) 
Seat 4: qctrader1 ($1.86 in chips) 
Seat 5: themarfs ($2 in chips) 
Seat 6: Dorex2007 ($1.03 in chips) 
Seat 7: rlo2009 ($1.37 in chips) 
Seat 8: ak1t02 ($2.97 in chips) 
themarfs: posts small blind $0.01
Dorex2007: posts big blind $0.02
*** HOLE CARDS ***
Dealt to Dorex2007 [Kc Kh]
rlo2009: folds 
pbt1000 leaves the table
ak1t02: folds 
Adrel: folds 
aricabanana: calls $0.02
GodIn2019: folds 
qctrader1: calls $0.02
themarfs: folds 
Dorex2007: raises $0.06 to $0.08
aricabanana: calls $0.06
qctrader1: calls $0.06
*** FLOP *** [Qs Ts Jc]
Dorex2007: bets $0.24
aricabanana: raises $0.46 to $0.70 and is all-in
qctrader1: folds 
Dorex2007: calls $0.46
slave 66 joins the table at seat #9 
*** TURN *** [Qs Ts Jc] [8h]
*** RIVER *** [Qs Ts Jc 8h] [Tc]
*** SHOW DOWN ***
Dorex2007: shows [Kc Kh] (two pair, Kings and Tens)
aricabanana: shows [Kd 6h] (a pair of Tens)
Dorex2007 collected $1.59 from pot
*** SUMMARY ***
Total pot $1.65 | Rake $0.06 
Board [Qs Ts Jc 8h Tc]
Seat 1: Adrel folded before Flop (didn't bet)
Seat 2: aricabanana showed [Kd 6h] and lost with a pair of Tens
Seat 3: GodIn2019 folded before Flop (didn't bet)
Seat 4: qctrader1 (button) folded on the Flop
Seat 5: themarfs (small blind) folded before Flop
Seat 6: Dorex2007 (big blind) showed [Kc Kh] and won ($1.59) with two pair, Kings and Tens
Seat 7: rlo2009 folded before Flop (didn't bet)
Seat 8: ak1t02 folded before Flop (didn't bet)



PokerStars Hand #223787220146:  Hold'em No Limit ($0.01/$0.02 USD) - 2021/02/13 17:43:30 PT [2021/02/13 20:43:30 ET]
Table 'Fidelio V' 9-max Seat #5 is the button
Seat 1: Adrel ($2.97 in chips) 
Seat 3: GodIn2019 ($2 in chips) 
Seat 4: qctrader1 ($1.78 in chips) 
Seat 5: themarfs ($2 in chips) 
Seat 6: Dorex2007 ($1.84 in chips) 
Seat 7: rlo2009 ($1.37 in chips) 
Seat 8: ak1t02 ($2.97 in chips) 
Seat 9: slave 66 ($1.60 in chips) 
Dorex2007: posts small blind $0.01
rlo2009: posts big blind $0.02
slave 66: posts big blind $0.02
*** HOLE CARDS ***
Dealt to Dorex2007 [4c 8s]
aricabanana leaves the table
ak1t02: raises $0.04 to $0.06
slave 66: calls $0.04
Adrel: folds 
GodIn2019: folds 
qctrader1: calls $0.06
themarfs: folds 
Dorex2007: folds 
jokel85 joins the table at seat #2 
rlo2009: calls $0.04
*** FLOP *** [9s 8c 9h]
rlo2009: checks 
ak1t02: checks 
slave 66: checks 
qctrader1: checks 
*** TURN *** [9s 8c 9h] [9d]
rlo2009: checks 
ak1t02: checks 
slave 66: checks 
qctrader1: checks 
*** RIVER *** [9s 8c 9h 9d] [5c]
rlo2009: checks 
ak1t02: checks 
slave 66: checks 
qctrader1: checks 
*** SHOW DOWN ***
rlo2009: shows [Jc 4s] (three of a kind, Nines)
ak1t02: shows [Qh Ad] (three of a kind, Nines - Ace kicker)
slave 66: shows [5s 2s] (a full house, Nines full of Fives)
qctrader1: mucks hand 
slave 66 collected $0.24 from pot
*** SUMMARY ***
Total pot $0.25 | Rake $0.01 
Board [9s 8c 9h 9d 5c]
Seat 1: Adrel folded before Flop (didn't bet)
Seat 3: GodIn2019 folded before Flop (didn't bet)
Seat 4: qctrader1 mucked [6c Qs]
Seat 5: themarfs (button) folded before Flop (didn't bet)
Seat 6: Dorex2007 (small blind) folded before Flop
Seat 7: rlo2009 (big blind) showed [Jc 4s] and lost with three of a kind, Nines
Seat 8: ak1t02 showed [Qh Ad] and lost with three of a kind, Nines
Seat 9: slave 66 showed [5s 2s] and won ($0.24) with a full house, Nines full of Fives



PokerStars Hand #223787246327:  Hold'em No Limit ($0.01/$0.02 USD) - 2021/02/13 17:44:34 PT [2021/02/13 20:44:34 ET]
Table 'Fidelio V' 9-max Seat #6 is the button
Seat 1: Adrel ($2.97 in chips) 
Seat 3: GodIn2019 ($2 in chips) 
Seat 4: qctrader1 ($1.72 in chips) 
Seat 5: themarfs ($2 in chips) 
Seat 6: Dorex2007 ($1.83 in chips) 
Seat 7: rlo2009 ($1.31 in chips) 
Seat 8: ak1t02 ($2.91 in chips) 
Seat 9: slave 66 ($1.78 in chips) 
rlo2009: posts small blind $0.01
ak1t02: posts big blind $0.02
jokel85: sits out 
*** HOLE CARDS ***
Dealt to Dorex2007 [Kh 7c]
slave 66: folds 
Adrel: folds 
GodIn2019: folds 
qctrader1: calls $0.02
themarfs: folds 
Dorex2007: folds 
rlo2009: calls $0.01
ak1t02: raises $0.06 to $0.08
qctrader1: folds 
rlo2009: calls $0.06
*** FLOP *** [Ts Td 8c]
rlo2009: checks 
ak1t02: bets $0.06
rlo2009: folds 
Uncalled bet ($0.06) returned to ak1t02
ak1t02 collected $0.17 from pot
*** SUMMARY ***
Total pot $0.18 | Rake $0.01 
Board [Ts Td 8c]
Seat 1: Adrel folded before Flop (didn't bet)
Seat 3: GodIn2019 folded before Flop (didn't bet)
Seat 4: qctrader1 folded before Flop
Seat 5: themarfs folded before Flop (didn't bet)
Seat 6: Dorex2007 (button) folded before Flop (didn't bet)
Seat 7: rlo2009 (small blind) folded on the Flop
Seat 8: ak1t02 (big blind) collected ($0.17)
Seat 9: slave 66 folded before Flop (didn't bet)



PokerStars Hand #223787266167:  Hold'em No Limit ($0.01/$0.02 USD) - 2021/02/13 17:45:23 PT [2021/02/13 20:45:23 ET]
Table 'Fidelio V' 9-max Seat #7 is the button
Seat 1: Adrel ($2.97 in chips) 
Seat 3: GodIn2019 ($2 in chips) 
Seat 4: qctrader1 ($1.70 in chips) 
Seat 5: themarfs ($2 in chips) 
Seat 6: Dorex2007 ($1.83 in chips) 
Seat 7: rlo2009 ($1.23 in chips) 
Seat 8: ak1t02 ($3 in chips) 
Seat 9: slave 66 ($1.78 in chips) 
ak1t02: posts small blind $0.01
slave 66: posts big blind $0.02
jokel85: sits out 
*** HOLE CARDS ***
Dealt to Dorex2007 [5d Kc]
Adrel: folds 
GodIn2019: folds 
qctrader1: calls $0.02
themarfs: folds 
Dorex2007: folds 
rlo2009: raises $0.14 to $0.16
ak1t02: folds 
slave 66: folds 
qctrader1: folds 
Uncalled bet ($0.14) returned to rlo2009
rlo2009 collected $0.07 from pot
rlo2009: doesn't show hand 
*** SUMMARY ***
Total pot $0.07 | Rake $0 
Seat 1: Adrel folded before Flop (didn't bet)
Seat 3: GodIn2019 folded before Flop (didn't bet)
Seat 4: qctrader1 folded before Flop
Seat 5: themarfs folded before Flop (didn't bet)
Seat 6: Dorex2007 folded before Flop (didn't bet)
Seat 7: rlo2009 (button) collected ($0.07)
Seat 8: ak1t02 (small blind) folded before Flop
Seat 9: slave 66 (big blind) folded before Flop



PokerStars Hand #223787280912:  Hold'em No Limit ($0.01/$0.02 USD) - 2021/02/13 17:45:51 PT [2021/02/13 20:45:51 ET]
Table 'Fidelio V' 9-max Seat #8 is the button
Seat 1: Adrel ($2.97 in chips) 
Seat 3: GodIn2019 ($2 in chips) 
Seat 4: qctrader1 ($1.68 in chips) 
Seat 5: themarfs ($2 in chips) 
Seat 6: Dorex2007 ($1.83 in chips) 
Seat 7: rlo2009 ($1.28 in chips) 
Seat 8: ak1t02 ($2.99 in chips) 
Seat 9: slave 66 ($1.76 in chips) 
slave 66: posts small blind $0.01
Adrel: posts big blind $0.02
jokel85: sits out 
*** HOLE CARDS ***
Dealt to Dorex2007 [7d 6h]
GodIn2019: folds 
qctrader1: calls $0.02
themarfs: folds 
Dorex2007: folds 
rlo2009: folds 
ak1t02: folds 
slave 66: folds 
Adrel: checks 
*** FLOP *** [4d 8c Qc]
Adrel: checks 
qctrader1: checks 
*** TURN *** [4d 8c Qc] [Ah]
Adrel: checks 
qctrader1: checks 
*** RIVER *** [4d 8c Qc Ah] [As]
Adrel: checks 
qctrader1: checks 
*** SHOW DOWN ***
Adrel: shows [3c Kh] (a pair of Aces)
qctrader1: shows [9h Ks] (a pair of Aces - King+Queen+Nine kicker)
qctrader1 collected $0.05 from pot
*** SUMMARY ***
Total pot $0.05 | Rake $0 
Board [4d 8c Qc Ah As]
Seat 1: Adrel (big blind) showed [3c Kh] and lost with a pair of Aces
Seat 3: GodIn2019 folded before Flop (didn't bet)
Seat 4: qctrader1 showed [9h Ks] and won ($0.05) with a pair of Aces
Seat 5: themarfs folded before Flop (didn't bet)
Seat 6: Dorex2007 folded before Flop (didn't bet)
Seat 7: rlo2009 folded before Flop (didn't bet)
Seat 8: ak1t02 (button) folded before Flop (didn't bet)
Seat 9: slave 66 (small blind) folded before Flop



PokerStars Hand #223787294739:  Hold'em No Limit ($0.01/$0.02 USD) - 2021/02/13 17:46:25 PT [2021/02/13 20:46:25 ET]
Table 'Fidelio V' 9-max Seat #9 is the button
Seat 1: Adrel ($2.95 in chips) 
Seat 2: jokel85 ($2 in chips) 
Seat 3: GodIn2019 ($2 in chips) 
Seat 4: qctrader1 ($1.71 in chips) 
Seat 5: themarfs ($2 in chips) 
Seat 6: Dorex2007 ($1.83 in chips) 
Seat 7: rlo2009 ($1.28 in chips) 
Seat 8: ak1t02 ($2.99 in chips) 
Seat 9: slave 66 ($1.75 in chips) 
Adrel: posts small blind $0.01
jokel85: posts big blind $0.02
*** HOLE CARDS ***
Dealt to Dorex2007 [2s 4h]
GodIn2019: folds 
qctrader1: folds 
themarfs: folds 
Dorex2007: folds 
rlo2009: calls $0.02
ak1t02: folds 
slave 66: folds 
Adrel: calls $0.01
jokel85: checks 
*** FLOP *** [6d 9s 4c]
Adrel: checks 
jokel85: checks 
rlo2009: bets $0.02
Adrel: calls $0.02
jokel85: folds 
*** TURN *** [6d 9s 4c] [2d]
Adrel: bets $0.02
rlo2009: calls $0.02
*** RIVER *** [6d 9s 4c 2d] [8h]
Adrel: bets $0.07
rlo2009: calls $0.07
*** SHOW DOWN ***
Adrel: shows [Th Td] (a pair of Tens)
rlo2009: mucks hand 
Adrel collected $0.27 from pot
*** SUMMARY ***
Total pot $0.28 | Rake $0.01 
Board [6d 9s 4c 2d 8h]
Seat 1: Adrel (small blind) showed [Th Td] and won ($0.27) with a pair of Tens
Seat 2: jokel85 (big blind) folded on the Flop
Seat 3: GodIn2019 folded before Flop (didn't bet)
Seat 4: qctrader1 folded before Flop (didn't bet)
Seat 5: themarfs folded before Flop (didn't bet)
Seat 6: Dorex2007 folded before Flop (didn't bet)
Seat 7: rlo2009 mucked [Jd 6h]
Seat 8: ak1t02 folded before Flop (didn't bet)
Seat 9: slave 66 (button) folded before Flop (didn't bet)



PokerStars Hand #223787319863:  Hold'em No Limit ($0.01/$0.02 USD) - 2021/02/13 17:47:27 PT [2021/02/13 20:47:27 ET]
Table 'Fidelio V' 9-max Seat #1 is the button
Seat 1: Adrel ($3.09 in chips) 
Seat 2: jokel85 ($2 in chips) 
Seat 3: GodIn2019 ($2 in chips) 
Seat 4: qctrader1 ($1.71 in chips) 
Seat 5: themarfs ($2 in chips) 
Seat 6: Dorex2007 ($1.83 in chips) 
Seat 7: rlo2009 ($1.15 in chips) 
Seat 8: ak1t02 ($2.99 in chips) 
Seat 9: slave 66 ($1.75 in chips) 
jokel85: posts small blind $0.01
GodIn2019: posts big blind $0.02
*** HOLE CARDS ***
Dealt to Dorex2007 [9h 8c]
qctrader1: calls $0.02
themarfs: folds 
Dorex2007: folds 
rlo2009: calls $0.02
ak1t02: folds 
slave 66: calls $0.02
Adrel: folds 
jokel85: folds 
GodIn2019: raises $0.09 to $0.11
qctrader1: calls $0.09
rlo2009: folds 
slave 66: calls $0.09
*** FLOP *** [3s Kh As]
GodIn2019: checks 
qctrader1: checks 
slave 66: bets $0.17
GodIn2019: folds 
qctrader1: folds 
Uncalled bet ($0.17) returned to slave 66
slave 66 collected $0.35 from pot
*** SUMMARY ***
Total pot $0.36 | Rake $0.01 
Board [3s Kh As]
Seat 1: Adrel (button) folded before Flop (didn't bet)
Seat 2: jokel85 (small blind) folded before Flop
Seat 3: GodIn2019 (big blind) folded on the Flop
Seat 4: qctrader1 folded on the Flop
Seat 5: themarfs folded before Flop (didn't bet)
Seat 6: Dorex2007 folded before Flop (didn't bet)
Seat 7: rlo2009 folded before Flop
Seat 8: ak1t02 folded before Flop (didn't bet)
Seat 9: slave 66 collected ($0.35)



