PokerStars Hand #230410172316:  Hold'em No Limit ($0.01/$0.02 USD) - 2021/10/06 16:12:13 PT [2021/10/06 19:12:13 ET]
Table 'Tyl' 9-max Seat #5 is the button
Seat 1: SAMI KALL ($1.24 in chips) 
Seat 2: veall95 ($1.97 in chips) 
Seat 3: Zakeeeu ($2.17 in chips) 
Seat 4: Dorex2007 ($2 in chips) 
Seat 5: MsBennet95 ($0.71 in chips) 
Seat 6: maverick1880 ($2 in chips) 
Seat 7: valdecism ($1.03 in chips) 
Seat 8: OldRasta1984 ($0.80 in chips) 
Seat 9: MATYZAO ($2.24 in chips) 
maverick1880: posts small blind $0.01
valdecism: posts big blind $0.02
Dorex2007: posts big blind $0.02
*** HOLE CARDS ***
Dealt to Dorex2007 [Js Ac]
OldRasta1984: folds 
MATYZAO: calls $0.02
SAMI KALL: folds 
veall95: folds 
Zakeeeu: folds 
Dorex2007: raises $0.04 to $0.06
MsBennet95: folds 
maverick1880: folds 
valdecism: folds 
MATYZAO: calls $0.04
*** FLOP *** [6h 7d 4s]
MATYZAO: checks 
Dorex2007: bets $0.14
MATYZAO: folds 
Uncalled bet ($0.14) returned to Dorex2007
Dorex2007 collected $0.14 from pot
Dorex2007: doesn't show hand 
*** SUMMARY ***
Total pot $0.15 | Rake $0.01 
Board [6h 7d 4s]
Seat 1: SAMI KALL folded before Flop (didn't bet)
Seat 2: veall95 folded before Flop (didn't bet)
Seat 3: Zakeeeu folded before Flop (didn't bet)
Seat 4: Dorex2007 collected ($0.14)
Seat 5: MsBennet95 (button) folded before Flop (didn't bet)
Seat 6: maverick1880 (small blind) folded before Flop
Seat 7: valdecism (big blind) folded before Flop
Seat 8: OldRasta1984 folded before Flop (didn't bet)
Seat 9: MATYZAO folded on the Flop



PokerStars Hand #230410193481:  Hold'em No Limit ($0.01/$0.02 USD) - 2021/10/06 16:12:55 PT [2021/10/06 19:12:55 ET]
Table 'Tyl' 9-max Seat #6 is the button
Seat 1: SAMI KALL ($1.24 in chips) 
Seat 2: veall95 ($1.97 in chips) 
Seat 3: Zakeeeu ($2.17 in chips) 
Seat 4: Dorex2007 ($2.08 in chips) 
Seat 5: MsBennet95 ($0.71 in chips) 
Seat 6: maverick1880 ($1.99 in chips) 
Seat 7: valdecism ($1.01 in chips) 
Seat 8: OldRasta1984 ($0.80 in chips) 
Seat 9: MATYZAO ($2.18 in chips) 
valdecism: posts small blind $0.01
OldRasta1984: posts big blind $0.02
*** HOLE CARDS ***
Dealt to Dorex2007 [8s 7s]
MATYZAO: calls $0.02
SAMI KALL: folds 
veall95: raises $0.07 to $0.09
Zakeeeu: calls $0.09
Dorex2007: folds 
MsBennet95: folds 
maverick1880: folds 
valdecism: folds 
OldRasta1984: folds 
MATYZAO: folds 
*** FLOP *** [Jc Kh Tc]
veall95: bets $0.11
Zakeeeu: folds 
Uncalled bet ($0.11) returned to veall95
veall95 collected $0.22 from pot
veall95: doesn't show hand 
*** SUMMARY ***
Total pot $0.23 | Rake $0.01 
Board [Jc Kh Tc]
Seat 1: SAMI KALL folded before Flop (didn't bet)
Seat 2: veall95 collected ($0.22)
Seat 3: Zakeeeu folded on the Flop
Seat 4: Dorex2007 folded before Flop (didn't bet)
Seat 5: MsBennet95 folded before Flop (didn't bet)
Seat 6: maverick1880 (button) folded before Flop (didn't bet)
Seat 7: valdecism (small blind) folded before Flop
Seat 8: OldRasta1984 (big blind) folded before Flop
Seat 9: MATYZAO folded before Flop



PokerStars Hand #230410202478:  Hold'em No Limit ($0.01/$0.02 USD) - 2021/10/06 16:13:24 PT [2021/10/06 19:13:24 ET]
Table 'Tyl' 9-max Seat #7 is the button
Seat 1: SAMI KALL ($1.24 in chips) 
Seat 2: veall95 ($2.10 in chips) 
Seat 3: Zakeeeu ($2.08 in chips) 
Seat 4: Dorex2007 ($2.08 in chips) 
Seat 5: MsBennet95 ($0.71 in chips) 
Seat 6: maverick1880 ($1.99 in chips) 
Seat 7: valdecism ($1 in chips) 
Seat 8: OldRasta1984 ($0.78 in chips) 
Seat 9: MATYZAO ($2.16 in chips) 
OldRasta1984: posts small blind $0.01
MATYZAO: posts big blind $0.02
*** HOLE CARDS ***
Dealt to Dorex2007 [Jc 6s]
SAMI KALL: folds 
veall95: folds 
Zakeeeu: folds 
Dorex2007: folds 
MsBennet95 has timed out
MsBennet95: folds 
maverick1880: folds 
valdecism: raises $0.04 to $0.06
OldRasta1984: folds 
MATYZAO: calls $0.04
*** FLOP *** [5s Ks Tc]
MATYZAO: checks 
valdecism: bets $0.07
MATYZAO: folds 
Uncalled bet ($0.07) returned to valdecism
valdecism collected $0.13 from pot
valdecism: doesn't show hand 
*** SUMMARY ***
Total pot $0.13 | Rake $0 
Board [5s Ks Tc]
Seat 1: SAMI KALL folded before Flop (didn't bet)
Seat 2: veall95 folded before Flop (didn't bet)
Seat 3: Zakeeeu folded before Flop (didn't bet)
Seat 4: Dorex2007 folded before Flop (didn't bet)
Seat 5: MsBennet95 folded before Flop (didn't bet)
Seat 6: maverick1880 folded before Flop (didn't bet)
Seat 7: valdecism (button) collected ($0.13)
Seat 8: OldRasta1984 (small blind) folded before Flop
Seat 9: MATYZAO (big blind) folded on the Flop



PokerStars Hand #230410225400:  Hold'em No Limit ($0.01/$0.02 USD) - 2021/10/06 16:14:14 PT [2021/10/06 19:14:14 ET]
Table 'Tyl' 9-max Seat #8 is the button
Seat 1: SAMI KALL ($1.24 in chips) 
Seat 2: veall95 ($2.10 in chips) 
Seat 3: Zakeeeu ($2.08 in chips) 
Seat 4: Dorex2007 ($2.08 in chips) 
Seat 6: maverick1880 ($1.99 in chips) 
Seat 7: valdecism ($1.07 in chips) 
Seat 8: OldRasta1984 ($0.77 in chips) 
Seat 9: MATYZAO ($2.10 in chips) 
MATYZAO: posts small blind $0.01
SAMI KALL: posts big blind $0.02
*** HOLE CARDS ***
Dealt to Dorex2007 [Js 7c]
veall95: folds 
Zakeeeu: folds 
Zakeeeu leaves the table
Dorex2007: folds 
maverick1880: folds 
valdecism: folds 
OldRasta1984: raises $0.03 to $0.05
MATYZAO: calls $0.04
SAMI KALL: folds 
*** FLOP *** [Th 3h 4h]
MATYZAO: bets $0.02
OldRasta1984: folds 
Uncalled bet ($0.02) returned to MATYZAO
megazanos joins the table at seat #3 
MATYZAO collected $0.12 from pot
MATYZAO: doesn't show hand 
*** SUMMARY ***
Total pot $0.12 | Rake $0 
Board [Th 3h 4h]
Seat 1: SAMI KALL (big blind) folded before Flop
Seat 2: veall95 folded before Flop (didn't bet)
Seat 3: Zakeeeu folded before Flop (didn't bet)
Seat 4: Dorex2007 folded before Flop (didn't bet)
Seat 6: maverick1880 folded before Flop (didn't bet)
Seat 7: valdecism folded before Flop (didn't bet)
Seat 8: OldRasta1984 (button) folded on the Flop
Seat 9: MATYZAO (small blind) collected ($0.12)



PokerStars Hand #230410235057:  Hold'em No Limit ($0.01/$0.02 USD) - 2021/10/06 16:14:45 PT [2021/10/06 19:14:45 ET]
Table 'Tyl' 9-max Seat #9 is the button
Seat 1: SAMI KALL ($1.22 in chips) 
Seat 2: veall95 ($2.10 in chips) 
Seat 4: Dorex2007 ($2.08 in chips) 
Seat 5: MsBennet95 ($0.71 in chips) 
Seat 6: maverick1880 ($1.99 in chips) 
Seat 7: valdecism ($1.07 in chips) 
Seat 8: OldRasta1984 ($0.72 in chips) 
Seat 9: MATYZAO ($2.17 in chips) 
SAMI KALL: posts small blind $0.01
veall95: posts big blind $0.02
megazanos: sits out 
*** HOLE CARDS ***
Dealt to Dorex2007 [9c Ts]
Dorex2007: folds 
MsBennet95: raises $0.02 to $0.04
maverick1880: calls $0.04
valdecism: folds 
OldRasta1984: folds 
MATYZAO: folds 
SAMI KALL: calls $0.03
veall95: folds 
*** FLOP *** [As Qc 5s]
SAMI KALL: checks 
MsBennet95: checks 
maverick1880: checks 
*** TURN *** [As Qc 5s] [Ac]
SAMI KALL: checks 
MsBennet95: checks 
maverick1880: checks 
*** RIVER *** [As Qc 5s Ac] [4s]
SAMI KALL: bets $0.06
MsBennet95: raises $0.14 to $0.20
maverick1880: folds 
SAMI KALL: folds 
Uncalled bet ($0.14) returned to MsBennet95
MsBennet95 collected $0.25 from pot
MsBennet95: doesn't show hand 
*** SUMMARY ***
Total pot $0.26 | Rake $0.01 
Board [As Qc 5s Ac 4s]
Seat 1: SAMI KALL (small blind) folded on the River
Seat 2: veall95 (big blind) folded before Flop
Seat 4: Dorex2007 folded before Flop (didn't bet)
Seat 5: MsBennet95 collected ($0.25)
Seat 6: maverick1880 folded on the River
Seat 7: valdecism folded before Flop (didn't bet)
Seat 8: OldRasta1984 folded before Flop (didn't bet)
Seat 9: MATYZAO (button) folded before Flop (didn't bet)



PokerStars Hand #230410258933:  Hold'em No Limit ($0.01/$0.02 USD) - 2021/10/06 16:16:01 PT [2021/10/06 19:16:01 ET]
Table 'Tyl' 9-max Seat #1 is the button
Seat 1: SAMI KALL ($1.12 in chips) 
Seat 2: veall95 ($2.08 in chips) 
Seat 3: megazanos ($2 in chips) 
Seat 4: Dorex2007 ($2.08 in chips) 
Seat 5: MsBennet95 ($0.86 in chips) 
Seat 6: maverick1880 ($2 in chips) 
Seat 7: valdecism ($1.07 in chips) 
Seat 8: OldRasta1984 ($0.72 in chips) 
Seat 9: MATYZAO ($2.17 in chips) 
veall95: posts small blind $0.01
megazanos: posts big blind $0.02
*** HOLE CARDS ***
Dealt to Dorex2007 [4h Kd]
Dorex2007: folds 
MsBennet95: folds 
maverick1880: folds 
valdecism: folds 
OldRasta1984: folds 
MATYZAO: calls $0.02
SAMI KALL: folds 
veall95: folds 
megazanos: checks 
*** FLOP *** [2h Tc 7c]
megazanos: checks 
MATYZAO: checks 
*** TURN *** [2h Tc 7c] [Qh]
megazanos: checks 
MATYZAO: checks 
*** RIVER *** [2h Tc 7c Qh] [Th]
megazanos: checks 
MATYZAO: bets $0.04
megazanos: calls $0.04
*** SHOW DOWN ***
MATYZAO: shows [2d Ah] (two pair, Tens and Deuces)
megazanos: shows [3c 3h] (two pair, Tens and Threes)
megazanos collected $0.13 from pot
*** SUMMARY ***
Total pot $0.13 | Rake $0 
Board [2h Tc 7c Qh Th]
Seat 1: SAMI KALL (button) folded before Flop (didn't bet)
Seat 2: veall95 (small blind) folded before Flop
Seat 3: megazanos (big blind) showed [3c 3h] and won ($0.13) with two pair, Tens and Threes
Seat 4: Dorex2007 folded before Flop (didn't bet)
Seat 5: MsBennet95 folded before Flop (didn't bet)
Seat 6: maverick1880 folded before Flop (didn't bet)
Seat 7: valdecism folded before Flop (didn't bet)
Seat 8: OldRasta1984 folded before Flop (didn't bet)
Seat 9: MATYZAO showed [2d Ah] and lost with two pair, Tens and Deuces



PokerStars Hand #230410276852:  Hold'em No Limit ($0.01/$0.02 USD) - 2021/10/06 16:16:59 PT [2021/10/06 19:16:59 ET]
Table 'Tyl' 9-max Seat #2 is the button
Seat 1: SAMI KALL ($1.12 in chips) 
Seat 2: veall95 ($2.07 in chips) 
Seat 3: megazanos ($2.07 in chips) 
Seat 4: Dorex2007 ($2.08 in chips) 
Seat 5: MsBennet95 ($0.86 in chips) 
Seat 6: maverick1880 ($2 in chips) 
Seat 7: valdecism ($1.07 in chips) 
Seat 8: OldRasta1984 ($0.72 in chips) 
Seat 9: MATYZAO ($2.11 in chips) 
megazanos: posts small blind $0.01
Dorex2007: posts big blind $0.02
*** HOLE CARDS ***
Dealt to Dorex2007 [8h 5s]
MsBennet95: folds 
maverick1880: raises $0.04 to $0.06
valdecism: folds 
OldRasta1984: folds 
MATYZAO: calls $0.06
SAMI KALL: folds 
veall95: folds 
megazanos: folds 
Dorex2007: folds 
*** FLOP *** [Jc 5h Qd]
maverick1880: bets $0.05
MATYZAO: calls $0.05
*** TURN *** [Jc 5h Qd] [2h]
maverick1880: checks 
MATYZAO: bets $0.04
maverick1880: calls $0.04
*** RIVER *** [Jc 5h Qd 2h] [4s]
maverick1880: checks 
MATYZAO: bets $0.10
maverick1880: folds 
Uncalled bet ($0.10) returned to MATYZAO
MATYZAO collected $0.32 from pot
MATYZAO: doesn't show hand 
*** SUMMARY ***
Total pot $0.33 | Rake $0.01 
Board [Jc 5h Qd 2h 4s]
Seat 1: SAMI KALL folded before Flop (didn't bet)
Seat 2: veall95 (button) folded before Flop (didn't bet)
Seat 3: megazanos (small blind) folded before Flop
Seat 4: Dorex2007 (big blind) folded before Flop
Seat 5: MsBennet95 folded before Flop (didn't bet)
Seat 6: maverick1880 folded on the River
Seat 7: valdecism folded before Flop (didn't bet)
Seat 8: OldRasta1984 folded before Flop (didn't bet)
Seat 9: MATYZAO collected ($0.32)



PokerStars Hand #230410289861:  Hold'em No Limit ($0.01/$0.02 USD) - 2021/10/06 16:17:42 PT [2021/10/06 19:17:42 ET]
Table 'Tyl' 9-max Seat #3 is the button
Seat 1: SAMI KALL ($1.12 in chips) 
Seat 2: veall95 ($2.07 in chips) 
Seat 3: megazanos ($2.06 in chips) 
Seat 4: Dorex2007 ($2.06 in chips) 
Seat 5: MsBennet95 ($0.86 in chips) 
Seat 6: maverick1880 ($2 in chips) 
Seat 7: valdecism ($1.07 in chips) 
Seat 8: OldRasta1984 ($0.72 in chips) 
Seat 9: MATYZAO ($2.28 in chips) 
Dorex2007: posts small blind $0.01
MsBennet95: posts big blind $0.02
*** HOLE CARDS ***
Dealt to Dorex2007 [Qc Kc]
maverick1880: folds 
valdecism: folds 
OldRasta1984: folds 
MATYZAO: calls $0.02
SAMI KALL: folds 
veall95: folds 
megazanos: folds 
Dorex2007: raises $0.04 to $0.06
MsBennet95: folds 
MATYZAO: calls $0.04
*** FLOP *** [4s 7d Js]
Dorex2007: checks 
MATYZAO: bets $0.04
Dorex2007: calls $0.04
*** TURN *** [4s 7d Js] [4c]
Dorex2007: checks 
MATYZAO: bets $0.04
Dorex2007: calls $0.04
*** RIVER *** [4s 7d Js 4c] [Qs]
Dorex2007: checks 
MATYZAO: bets $0.10
Dorex2007: calls $0.10
*** SHOW DOWN ***
MATYZAO: shows [Jh Ad] (two pair, Jacks and Fours)
Dorex2007: shows [Qc Kc] (two pair, Queens and Fours)
Dorex2007 collected $0.48 from pot
*** SUMMARY ***
Total pot $0.50 | Rake $0.02 
Board [4s 7d Js 4c Qs]
Seat 1: SAMI KALL folded before Flop (didn't bet)
Seat 2: veall95 folded before Flop (didn't bet)
Seat 3: megazanos (button) folded before Flop (didn't bet)
Seat 4: Dorex2007 (small blind) showed [Qc Kc] and won ($0.48) with two pair, Queens and Fours
Seat 5: MsBennet95 (big blind) folded before Flop
Seat 6: maverick1880 folded before Flop (didn't bet)
Seat 7: valdecism folded before Flop (didn't bet)
Seat 8: OldRasta1984 folded before Flop (didn't bet)
Seat 9: MATYZAO showed [Jh Ad] and lost with two pair, Jacks and Fours



PokerStars Hand #230410304001:  Hold'em No Limit ($0.01/$0.02 USD) - 2021/10/06 16:18:28 PT [2021/10/06 19:18:28 ET]
Table 'Tyl' 9-max Seat #4 is the button
Seat 1: SAMI KALL ($1.12 in chips) 
Seat 2: veall95 ($2.07 in chips) 
Seat 3: megazanos ($2.06 in chips) 
Seat 4: Dorex2007 ($2.30 in chips) 
Seat 5: MsBennet95 ($0.84 in chips) 
Seat 6: maverick1880 ($2 in chips) 
Seat 7: valdecism ($1.07 in chips) 
Seat 8: OldRasta1984 ($0.72 in chips) 
Seat 9: MATYZAO ($2.04 in chips) 
MsBennet95: posts small blind $0.01
maverick1880: posts big blind $0.02
*** HOLE CARDS ***
Dealt to Dorex2007 [2s 3d]
valdecism: folds 
OldRasta1984: raises $0.04 to $0.06
MATYZAO: calls $0.06
SAMI KALL: folds 
veall95: folds 
megazanos: folds 
Dorex2007: folds 
MsBennet95: calls $0.05
maverick1880: folds 
*** FLOP *** [Ks 5s Jh]
MsBennet95: checks 
OldRasta1984: bets $0.11
MATYZAO: folds 
MsBennet95: calls $0.11
*** TURN *** [Ks 5s Jh] [9d]
MsBennet95: checks 
OldRasta1984: bets $0.16
MsBennet95: calls $0.16
*** RIVER *** [Ks 5s Jh 9d] [8c]
MsBennet95: checks 
OldRasta1984: bets $0.39 and is all-in
MsBennet95: folds 
Uncalled bet ($0.39) returned to OldRasta1984
OldRasta1984 collected $0.71 from pot
OldRasta1984: doesn't show hand 
*** SUMMARY ***
Total pot $0.74 | Rake $0.03 
Board [Ks 5s Jh 9d 8c]
Seat 1: SAMI KALL folded before Flop (didn't bet)
Seat 2: veall95 folded before Flop (didn't bet)
Seat 3: megazanos folded before Flop (didn't bet)
Seat 4: Dorex2007 (button) folded before Flop (didn't bet)
Seat 5: MsBennet95 (small blind) folded on the River
Seat 6: maverick1880 (big blind) folded before Flop
Seat 7: valdecism folded before Flop (didn't bet)
Seat 8: OldRasta1984 collected ($0.71)
Seat 9: MATYZAO folded on the Flop



PokerStars Hand #230410333127:  Hold'em No Limit ($0.01/$0.02 USD) - 2021/10/06 16:20:03 PT [2021/10/06 19:20:03 ET]
Table 'Tyl' 9-max Seat #5 is the button
Seat 1: SAMI KALL ($1.12 in chips) 
Seat 2: veall95 ($2.07 in chips) 
Seat 3: megazanos ($2.06 in chips) 
Seat 4: Dorex2007 ($2.30 in chips) 
Seat 5: MsBennet95 ($0.51 in chips) 
Seat 6: maverick1880 ($1.98 in chips) 
Seat 7: valdecism ($1.07 in chips) 
Seat 8: OldRasta1984 ($1.10 in chips) 
Seat 9: MATYZAO ($1.98 in chips) 
maverick1880: posts small blind $0.01
valdecism: posts big blind $0.02
*** HOLE CARDS ***
Dealt to Dorex2007 [6h 3d]
OldRasta1984: folds 
MATYZAO: calls $0.02
SAMI KALL: calls $0.02
veall95: folds 
megazanos: folds 
Dorex2007: folds 
MsBennet95: folds 
maverick1880: folds 
valdecism: checks 
*** FLOP *** [8s 4h 5c]
valdecism: checks 
MATYZAO: checks 
SAMI KALL: bets $0.07
valdecism: folds 
MATYZAO: calls $0.07
*** TURN *** [8s 4h 5c] [2c]
MATYZAO: checks 
SAMI KALL: bets $0.20
MATYZAO: folds 
Uncalled bet ($0.20) returned to SAMI KALL
SAMI KALL collected $0.20 from pot
SAMI KALL: doesn't show hand 
*** SUMMARY ***
Total pot $0.21 | Rake $0.01 
Board [8s 4h 5c 2c]
Seat 1: SAMI KALL collected ($0.20)
Seat 2: veall95 folded before Flop (didn't bet)
Seat 3: megazanos folded before Flop (didn't bet)
Seat 4: Dorex2007 folded before Flop (didn't bet)
Seat 5: MsBennet95 (button) folded before Flop (didn't bet)
Seat 6: maverick1880 (small blind) folded before Flop
Seat 7: valdecism (big blind) folded on the Flop
Seat 8: OldRasta1984 folded before Flop (didn't bet)
Seat 9: MATYZAO folded on the Turn



PokerStars Hand #230410347802:  Hold'em No Limit ($0.01/$0.02 USD) - 2021/10/06 16:20:51 PT [2021/10/06 19:20:51 ET]
Table 'Tyl' 9-max Seat #6 is the button
Seat 1: SAMI KALL ($1.23 in chips) 
Seat 2: veall95 ($2.07 in chips) 
Seat 3: megazanos ($2.06 in chips) 
Seat 4: Dorex2007 ($2.30 in chips) 
Seat 5: MsBennet95 ($0.51 in chips) 
Seat 6: maverick1880 ($2 in chips) 
Seat 7: valdecism ($1.05 in chips) 
Seat 8: OldRasta1984 ($1.10 in chips) 
Seat 9: MATYZAO ($1.89 in chips) 
valdecism: posts small blind $0.01
OldRasta1984: posts big blind $0.02
*** HOLE CARDS ***
Dealt to Dorex2007 [Kh Th]
MATYZAO: calls $0.02
SAMI KALL: folds 
veall95: folds 
megazanos: folds 
Dorex2007: raises $0.04 to $0.06
MsBennet95: folds 
maverick1880: folds 
valdecism: folds 
OldRasta1984: folds 
MATYZAO: calls $0.04
*** FLOP *** [Jd 7c 6h]
MATYZAO: checks 
Dorex2007: checks 
*** TURN *** [Jd 7c 6h] [Ah]
MATYZAO: checks 
Dorex2007: bets $0.14
MATYZAO: folds 
Uncalled bet ($0.14) returned to Dorex2007
Dorex2007 collected $0.14 from pot
Dorex2007: doesn't show hand 
*** SUMMARY ***
Total pot $0.15 | Rake $0.01 
Board [Jd 7c 6h Ah]
Seat 1: SAMI KALL folded before Flop (didn't bet)
Seat 2: veall95 folded before Flop (didn't bet)
Seat 3: megazanos folded before Flop (didn't bet)
Seat 4: Dorex2007 collected ($0.14)
Seat 5: MsBennet95 folded before Flop (didn't bet)
Seat 6: maverick1880 (button) folded before Flop (didn't bet)
Seat 7: valdecism (small blind) folded before Flop
Seat 8: OldRasta1984 (big blind) folded before Flop
Seat 9: MATYZAO folded on the Turn



PokerStars Hand #230410356751:  Hold'em No Limit ($0.01/$0.02 USD) - 2021/10/06 16:21:21 PT [2021/10/06 19:21:21 ET]
Table 'Tyl' 9-max Seat #7 is the button
Seat 1: SAMI KALL ($1.23 in chips) 
Seat 2: veall95 ($2.07 in chips) 
Seat 3: megazanos ($2.06 in chips) 
Seat 4: Dorex2007 ($2.38 in chips) 
Seat 5: MsBennet95 ($0.51 in chips) 
Seat 6: maverick1880 ($2 in chips) 
Seat 7: valdecism ($1.04 in chips) 
Seat 8: OldRasta1984 ($1.08 in chips) 
Seat 9: MATYZAO ($1.83 in chips) 
OldRasta1984: posts small blind $0.01
MATYZAO: posts big blind $0.02
*** HOLE CARDS ***
Dealt to Dorex2007 [2c Ad]
SAMI KALL: folds 
veall95: folds 
megazanos: folds 
Dorex2007: folds 
MsBennet95: folds 
MsBennet95 leaves the table
maverick1880: folds 
valdecism: raises $0.04 to $0.06
OldRasta1984: folds 
MATYZAO: folds 
Uncalled bet ($0.04) returned to valdecism
valdecism collected $0.05 from pot
valdecism: doesn't show hand 
*** SUMMARY ***
Total pot $0.05 | Rake $0 
Seat 1: SAMI KALL folded before Flop (didn't bet)
Seat 2: veall95 folded before Flop (didn't bet)
Seat 3: megazanos folded before Flop (didn't bet)
Seat 4: Dorex2007 folded before Flop (didn't bet)
Seat 5: MsBennet95 folded before Flop (didn't bet)
Seat 6: maverick1880 folded before Flop (didn't bet)
Seat 7: valdecism (button) collected ($0.05)
Seat 8: OldRasta1984 (small blind) folded before Flop
Seat 9: MATYZAO (big blind) folded before Flop



PokerStars Hand #230410362599:  Hold'em No Limit ($0.01/$0.02 USD) - 2021/10/06 16:21:40 PT [2021/10/06 19:21:40 ET]
Table 'Tyl' 9-max Seat #8 is the button
Seat 1: SAMI KALL ($1.23 in chips) 
Seat 2: veall95 ($2.07 in chips) 
Seat 3: megazanos ($2.06 in chips) 
Seat 4: Dorex2007 ($2.38 in chips) 
Seat 6: maverick1880 ($2 in chips) 
Seat 7: valdecism ($1.07 in chips) 
Seat 8: OldRasta1984 ($1.07 in chips) 
Seat 9: MATYZAO ($1.81 in chips) 
MATYZAO: posts small blind $0.01
SAMI KALL: posts big blind $0.02
*** HOLE CARDS ***
Dealt to Dorex2007 [Jd Qh]
veall95: folds 
Radidread joins the table at seat #5 
megazanos: folds 
Dorex2007: folds 
maverick1880: folds 
valdecism: folds 
OldRasta1984: raises $0.03 to $0.05
MATYZAO: calls $0.04
SAMI KALL: folds 
*** FLOP *** [Kc Ad 5c]
MATYZAO: checks 
OldRasta1984: checks 
*** TURN *** [Kc Ad 5c] [9d]
MATYZAO: checks 
OldRasta1984: checks 
*** RIVER *** [Kc Ad 5c 9d] [9c]
MATYZAO: bets $0.06
OldRasta1984: folds 
Uncalled bet ($0.06) returned to MATYZAO
MATYZAO collected $0.12 from pot
MATYZAO: doesn't show hand 
*** SUMMARY ***
Total pot $0.12 | Rake $0 
Board [Kc Ad 5c 9d 9c]
Seat 1: SAMI KALL (big blind) folded before Flop
Seat 2: veall95 folded before Flop (didn't bet)
Seat 3: megazanos folded before Flop (didn't bet)
Seat 4: Dorex2007 folded before Flop (didn't bet)
Seat 6: maverick1880 folded before Flop (didn't bet)
Seat 7: valdecism folded before Flop (didn't bet)
Seat 8: OldRasta1984 (button) folded on the River
Seat 9: MATYZAO (small blind) collected ($0.12)



PokerStars Hand #230410381756:  Hold'em No Limit ($0.01/$0.02 USD) - 2021/10/06 16:22:19 PT [2021/10/06 19:22:19 ET]
Table 'Tyl' 9-max Seat #9 is the button
Seat 1: SAMI KALL ($1.21 in chips) 
Seat 2: veall95 ($2.07 in chips) 
Seat 3: megazanos ($2.06 in chips) 
Seat 4: Dorex2007 ($2.38 in chips) 
Seat 5: Radidread ($0.80 in chips) 
Seat 6: maverick1880 ($2 in chips) 
Seat 7: valdecism ($1.07 in chips) 
Seat 8: OldRasta1984 ($1.02 in chips) 
Seat 9: MATYZAO ($1.88 in chips) 
SAMI KALL: posts small blind $0.01
veall95: posts big blind $0.02
Radidread: posts big blind $0.02
*** HOLE CARDS ***
Dealt to Dorex2007 [9c Th]
megazanos: folds 
Dorex2007: folds 
Radidread: checks 
maverick1880: folds 
valdecism: calls $0.02
OldRasta1984: folds 
MATYZAO: calls $0.02
SAMI KALL: calls $0.01
veall95: checks 
*** FLOP *** [Tc 6h Kh]
SAMI KALL: checks 
veall95: checks 
Radidread: checks 
valdecism: checks 
MATYZAO: checks 
*** TURN *** [Tc 6h Kh] [Ah]
SAMI KALL: checks 
veall95: checks 
Radidread: bets $0.02
valdecism: folds 
MATYZAO: calls $0.02
SAMI KALL: calls $0.02
veall95: folds 
*** RIVER *** [Tc 6h Kh Ah] [Td]
SAMI KALL: checks 
Radidread: bets $0.02
MATYZAO: folds 
SAMI KALL: calls $0.02
*** SHOW DOWN ***
Radidread: shows [6s 3s] (two pair, Tens and Sixes)
SAMI KALL: mucks hand 
Radidread collected $0.19 from pot
*** SUMMARY ***
Total pot $0.20 | Rake $0.01 
Board [Tc 6h Kh Ah Td]
Seat 1: SAMI KALL (small blind) mucked [9h Qc]
Seat 2: veall95 (big blind) folded on the Turn
Seat 3: megazanos folded before Flop (didn't bet)
Seat 4: Dorex2007 folded before Flop (didn't bet)
Seat 5: Radidread showed [6s 3s] and won ($0.19) with two pair, Tens and Sixes
Seat 6: maverick1880 folded before Flop (didn't bet)
Seat 7: valdecism folded on the Turn
Seat 8: OldRasta1984 folded before Flop (didn't bet)
Seat 9: MATYZAO (button) folded on the River



PokerStars Hand #230410406000:  Hold'em No Limit ($0.01/$0.02 USD) - 2021/10/06 16:23:38 PT [2021/10/06 19:23:38 ET]
Table 'Tyl' 9-max Seat #1 is the button
Seat 1: SAMI KALL ($1.15 in chips) 
Seat 2: veall95 ($2.05 in chips) 
Seat 3: megazanos ($2.06 in chips) 
Seat 4: Dorex2007 ($2.38 in chips) 
Seat 5: Radidread ($0.93 in chips) 
Seat 6: maverick1880 ($2 in chips) 
Seat 7: valdecism ($1.05 in chips) 
Seat 8: OldRasta1984 ($1.02 in chips) 
Seat 9: MATYZAO ($1.84 in chips) 
veall95: posts small blind $0.01
megazanos: posts big blind $0.02
*** HOLE CARDS ***
Dealt to Dorex2007 [Ah Kd]
Dorex2007: raises $0.02 to $0.04
Radidread: folds 
maverick1880: folds 
valdecism: folds 
OldRasta1984: folds 
MATYZAO: calls $0.04
SAMI KALL: folds 
veall95: folds 
megazanos: calls $0.02
*** FLOP *** [3d 9h 9s]
megazanos: checks 
Dorex2007: checks 
MATYZAO: bets $0.04
megazanos: folds 
Dorex2007: raises $0.06 to $0.10
MATYZAO: calls $0.06
*** TURN *** [3d 9h 9s] [8c]
Dorex2007: checks 
MATYZAO: bets $0.02
Dorex2007: raises $0.04 to $0.06
MATYZAO: calls $0.04
*** RIVER *** [3d 9h 9s 8c] [Ac]
Dorex2007: bets $0.29
MATYZAO: calls $0.29
*** SHOW DOWN ***
Dorex2007: shows [Ah Kd] (two pair, Aces and Nines)
MATYZAO: mucks hand 
Dorex2007 collected $0.99 from pot
*** SUMMARY ***
Total pot $1.03 | Rake $0.04 
Board [3d 9h 9s 8c Ac]
Seat 1: SAMI KALL (button) folded before Flop (didn't bet)
Seat 2: veall95 (small blind) folded before Flop
Seat 3: megazanos (big blind) folded on the Flop
Seat 4: Dorex2007 showed [Ah Kd] and won ($0.99) with two pair, Aces and Nines
Seat 5: Radidread folded before Flop (didn't bet)
Seat 6: maverick1880 folded before Flop (didn't bet)
Seat 7: valdecism folded before Flop (didn't bet)
Seat 8: OldRasta1984 folded before Flop (didn't bet)
Seat 9: MATYZAO mucked [3c Qc]



PokerStars Hand #230410424242:  Hold'em No Limit ($0.01/$0.02 USD) - 2021/10/06 16:24:38 PT [2021/10/06 19:24:38 ET]
Table 'Tyl' 9-max Seat #2 is the button
Seat 1: SAMI KALL ($1.15 in chips) 
Seat 2: veall95 ($2.04 in chips) 
Seat 3: megazanos ($2.02 in chips) 
Seat 4: Dorex2007 ($2.88 in chips) 
Seat 5: Radidread ($0.93 in chips) 
Seat 6: maverick1880 ($2 in chips) 
Seat 7: valdecism ($1.05 in chips) 
Seat 8: OldRasta1984 ($1.02 in chips) 
Seat 9: MATYZAO ($1.35 in chips) 
megazanos: posts small blind $0.01
Dorex2007: posts big blind $0.02
*** HOLE CARDS ***
Dealt to Dorex2007 [Kh 7c]
Radidread: folds 
maverick1880: folds 
valdecism: folds 
OldRasta1984: folds 
MATYZAO: raises $0.02 to $0.04
SAMI KALL: folds 
veall95: folds 
megazanos: folds 
Dorex2007: folds 
Uncalled bet ($0.02) returned to MATYZAO
MATYZAO collected $0.05 from pot
MATYZAO: doesn't show hand 
*** SUMMARY ***
Total pot $0.05 | Rake $0 
Seat 1: SAMI KALL folded before Flop (didn't bet)
Seat 2: veall95 (button) folded before Flop (didn't bet)
Seat 3: megazanos (small blind) folded before Flop
Seat 4: Dorex2007 (big blind) folded before Flop
Seat 5: Radidread folded before Flop (didn't bet)
Seat 6: maverick1880 folded before Flop (didn't bet)
Seat 7: valdecism folded before Flop (didn't bet)
Seat 8: OldRasta1984 folded before Flop (didn't bet)
Seat 9: MATYZAO collected ($0.05)



PokerStars Hand #230410430905:  Hold'em No Limit ($0.01/$0.02 USD) - 2021/10/06 16:25:01 PT [2021/10/06 19:25:01 ET]
Table 'Tyl' 9-max Seat #3 is the button
Seat 1: SAMI KALL ($1.15 in chips) 
Seat 2: veall95 ($2.04 in chips) 
Seat 3: megazanos ($2.01 in chips) 
Seat 4: Dorex2007 ($2.86 in chips) 
Seat 5: Radidread ($0.93 in chips) 
Seat 6: maverick1880 ($2 in chips) 
Seat 7: valdecism ($1.05 in chips) 
Seat 8: OldRasta1984 ($1.02 in chips) 
Seat 9: MATYZAO ($1.38 in chips) 
Dorex2007: posts small blind $0.01
Radidread: posts big blind $0.02
*** HOLE CARDS ***
Dealt to Dorex2007 [Kc Js]
maverick1880: folds 
valdecism: folds 
OldRasta1984: folds 
MATYZAO: calls $0.02
SAMI KALL: calls $0.02
veall95: folds 
megazanos: folds 
Dorex2007: calls $0.01
Radidread: checks 
*** FLOP *** [Td 4d Qs]
Dorex2007: checks 
Radidread: checks 
MATYZAO: bets $0.02
SAMI KALL: calls $0.02
Dorex2007: calls $0.02
Radidread: folds 
*** TURN *** [Td 4d Qs] [Jc]
Dorex2007: checks 
MATYZAO: checks 
SAMI KALL: checks 
*** RIVER *** [Td 4d Qs Jc] [Ad]
Dorex2007: bets $0.14
MATYZAO: folds 
SAMI KALL: calls $0.14
*** SHOW DOWN ***
Dorex2007: shows [Kc Js] (a straight, Ten to Ace)
SAMI KALL: mucks hand 
Dorex2007 collected $0.41 from pot
*** SUMMARY ***
Total pot $0.42 | Rake $0.01 
Board [Td 4d Qs Jc Ad]
Seat 1: SAMI KALL mucked [8h As]
Seat 2: veall95 folded before Flop (didn't bet)
Seat 3: megazanos (button) folded before Flop (didn't bet)
Seat 4: Dorex2007 (small blind) showed [Kc Js] and won ($0.41) with a straight, Ten to Ace
Seat 5: Radidread (big blind) folded on the Flop
Seat 6: maverick1880 folded before Flop (didn't bet)
Seat 7: valdecism folded before Flop (didn't bet)
Seat 8: OldRasta1984 folded before Flop (didn't bet)
Seat 9: MATYZAO folded on the River



PokerStars Hand #230410447977:  Hold'em No Limit ($0.01/$0.02 USD) - 2021/10/06 16:25:57 PT [2021/10/06 19:25:57 ET]
Table 'Tyl' 9-max Seat #4 is the button
Seat 1: SAMI KALL ($0.97 in chips) 
Seat 2: veall95 ($2.04 in chips) 
Seat 3: megazanos ($2.01 in chips) 
Seat 4: Dorex2007 ($3.09 in chips) 
Seat 5: Radidread ($0.91 in chips) 
Seat 6: maverick1880 ($2 in chips) 
Seat 7: valdecism ($1.05 in chips) 
Seat 8: OldRasta1984 ($1.02 in chips) 
Seat 9: MATYZAO ($1.34 in chips) 
Radidread: posts small blind $0.01
maverick1880: posts big blind $0.02
*** HOLE CARDS ***
Dealt to Dorex2007 [Qc Ks]
valdecism: folds 
OldRasta1984: folds 
MATYZAO: raises $0.02 to $0.04
SAMI KALL: folds 
veall95: folds 
megazanos: folds 
Dorex2007: calls $0.04
Radidread: folds 
maverick1880: folds 
*** FLOP *** [2h 6d 2d]
MATYZAO: checks 
Dorex2007: checks 
*** TURN *** [2h 6d 2d] [8s]
MATYZAO: checks 
Dorex2007: bets $0.07
MATYZAO: calls $0.07
*** RIVER *** [2h 6d 2d 8s] [8h]
MATYZAO: checks 
Dorex2007: bets $0.12
MATYZAO: calls $0.12
*** SHOW DOWN ***
Dorex2007: shows [Qc Ks] (two pair, Eights and Deuces)
MATYZAO: shows [As Qs] (two pair, Eights and Deuces - Ace kicker)
MATYZAO collected $0.47 from pot
*** SUMMARY ***
Total pot $0.49 | Rake $0.02 
Board [2h 6d 2d 8s 8h]
Seat 1: SAMI KALL folded before Flop (didn't bet)
Seat 2: veall95 folded before Flop (didn't bet)
Seat 3: megazanos folded before Flop (didn't bet)
Seat 4: Dorex2007 (button) showed [Qc Ks] and lost with two pair, Eights and Deuces
Seat 5: Radidread (small blind) folded before Flop
Seat 6: maverick1880 (big blind) folded before Flop
Seat 7: valdecism folded before Flop (didn't bet)
Seat 8: OldRasta1984 folded before Flop (didn't bet)
Seat 9: MATYZAO showed [As Qs] and won ($0.47) with two pair, Eights and Deuces



PokerStars Hand #230410461523:  Hold'em No Limit ($0.01/$0.02 USD) - 2021/10/06 16:26:42 PT [2021/10/06 19:26:42 ET]
Table 'Tyl' 9-max Seat #5 is the button
Seat 1: SAMI KALL ($0.97 in chips) 
Seat 2: veall95 ($2.04 in chips) 
Seat 3: megazanos ($2.01 in chips) 
Seat 4: Dorex2007 ($2.86 in chips) 
Seat 5: Radidread ($0.90 in chips) 
Seat 6: maverick1880 ($1.98 in chips) 
Seat 7: valdecism ($1.05 in chips) 
Seat 8: OldRasta1984 ($1.02 in chips) 
Seat 9: MATYZAO ($1.58 in chips) 
maverick1880: posts small blind $0.01
valdecism: posts big blind $0.02
*** HOLE CARDS ***
Dealt to Dorex2007 [9d 4c]
OldRasta1984: folds 
MATYZAO: calls $0.02
SAMI KALL: calls $0.02
veall95: folds 
megazanos: folds 
Dorex2007: folds 
Radidread: folds 
maverick1880: folds 
valdecism: checks 
*** FLOP *** [4h Qh Ad]
valdecism: checks 
MATYZAO: checks 
SAMI KALL: checks 
*** TURN *** [4h Qh Ad] [Td]
valdecism: checks 
MATYZAO: checks 
SAMI KALL: bets $0.05
valdecism: calls $0.05
MATYZAO: folds 
*** RIVER *** [4h Qh Ad Td] [Ah]
valdecism: checks 
SAMI KALL: checks 
*** SHOW DOWN ***
valdecism: shows [Kd 4d] (two pair, Aces and Fours)
SAMI KALL: shows [Tc 9c] (two pair, Aces and Tens)
SAMI KALL collected $0.16 from pot
*** SUMMARY ***
Total pot $0.17 | Rake $0.01 
Board [4h Qh Ad Td Ah]
Seat 1: SAMI KALL showed [Tc 9c] and won ($0.16) with two pair, Aces and Tens
Seat 2: veall95 folded before Flop (didn't bet)
Seat 3: megazanos folded before Flop (didn't bet)
Seat 4: Dorex2007 folded before Flop (didn't bet)
Seat 5: Radidread (button) folded before Flop (didn't bet)
Seat 6: maverick1880 (small blind) folded before Flop
Seat 7: valdecism (big blind) showed [Kd 4d] and lost with two pair, Aces and Fours
Seat 8: OldRasta1984 folded before Flop (didn't bet)
Seat 9: MATYZAO folded on the Turn



PokerStars Hand #230410473647:  Hold'em No Limit ($0.01/$0.02 USD) - 2021/10/06 16:27:23 PT [2021/10/06 19:27:23 ET]
Table 'Tyl' 9-max Seat #6 is the button
Seat 1: SAMI KALL ($1.06 in chips) 
Seat 2: veall95 ($2.04 in chips) 
Seat 3: megazanos ($2.01 in chips) 
Seat 4: Dorex2007 ($2.86 in chips) 
Seat 5: Radidread ($0.90 in chips) 
Seat 6: maverick1880 ($2 in chips) 
Seat 7: valdecism ($0.98 in chips) 
Seat 8: OldRasta1984 ($1.02 in chips) 
Seat 9: MATYZAO ($1.56 in chips) 
valdecism: posts small blind $0.01
OldRasta1984: posts big blind $0.02
*** HOLE CARDS ***
Dealt to Dorex2007 [Ah Qd]
MATYZAO: raises $0.02 to $0.04
SAMI KALL: folds 
veall95: calls $0.04
megazanos: folds 
Dorex2007: calls $0.04
Radidread: folds 
maverick1880: folds 
valdecism: calls $0.03
OldRasta1984: calls $0.02
*** FLOP *** [Js 6c 8d]
valdecism: checks 
OldRasta1984: checks 
MATYZAO: bets $0.02
veall95: folds 
Dorex2007: calls $0.02
valdecism: raises $0.92 to $0.94 and is all-in
OldRasta1984: folds 
MATYZAO: folds 
Dorex2007: folds 
Uncalled bet ($0.92) returned to valdecism
valdecism collected $0.25 from pot
valdecism: doesn't show hand 
*** SUMMARY ***
Total pot $0.26 | Rake $0.01 
Board [Js 6c 8d]
Seat 1: SAMI KALL folded before Flop (didn't bet)
Seat 2: veall95 folded on the Flop
Seat 3: megazanos folded before Flop (didn't bet)
Seat 4: Dorex2007 folded on the Flop
Seat 5: Radidread folded before Flop (didn't bet)
Seat 6: maverick1880 (button) folded before Flop (didn't bet)
Seat 7: valdecism (small blind) collected ($0.25)
Seat 8: OldRasta1984 (big blind) folded on the Flop
Seat 9: MATYZAO folded on the Flop



PokerStars Hand #230410489563:  Hold'em No Limit ($0.01/$0.02 USD) - 2021/10/06 16:28:16 PT [2021/10/06 19:28:16 ET]
Table 'Tyl' 9-max Seat #7 is the button
Seat 1: SAMI KALL ($1.06 in chips) 
Seat 2: veall95 ($2 in chips) 
Seat 3: megazanos ($2.01 in chips) 
Seat 4: Dorex2007 ($2.80 in chips) 
Seat 5: Radidread ($0.90 in chips) 
Seat 6: maverick1880 ($2 in chips) 
Seat 7: valdecism ($1.17 in chips) 
Seat 8: OldRasta1984 ($0.98 in chips) 
Seat 9: MATYZAO ($1.50 in chips) 
OldRasta1984: posts small blind $0.01
MATYZAO: posts big blind $0.02
*** HOLE CARDS ***
Dealt to Dorex2007 [Jh 9h]
SAMI KALL: folds 
veall95: raises $0.02 to $0.04
megazanos: folds 
Dorex2007: folds 
Radidread: folds 
maverick1880: folds 
valdecism: folds 
OldRasta1984: calls $0.03
MATYZAO: calls $0.02
*** FLOP *** [3c 5s 7c]
OldRasta1984: bets $0.10
MATYZAO: calls $0.10
veall95: folds 
*** TURN *** [3c 5s 7c] [3s]
OldRasta1984: checks 
MATYZAO: checks 
*** RIVER *** [3c 5s 7c 3s] [8d]
OldRasta1984: bets $0.19
MATYZAO: calls $0.19
*** SHOW DOWN ***
OldRasta1984: shows [Ts Td] (two pair, Tens and Threes)
MATYZAO: mucks hand 
OldRasta1984 collected $0.68 from pot
*** SUMMARY ***
Total pot $0.70 | Rake $0.02 
Board [3c 5s 7c 3s 8d]
Seat 1: SAMI KALL folded before Flop (didn't bet)
Seat 2: veall95 folded on the Flop
Seat 3: megazanos folded before Flop (didn't bet)
Seat 4: Dorex2007 folded before Flop (didn't bet)
Seat 5: Radidread folded before Flop (didn't bet)
Seat 6: maverick1880 folded before Flop (didn't bet)
Seat 7: valdecism (button) folded before Flop (didn't bet)
Seat 8: OldRasta1984 (small blind) showed [Ts Td] and won ($0.68) with two pair, Tens and Threes
Seat 9: MATYZAO (big blind) mucked [6h 7h]



PokerStars Hand #230410503105:  Hold'em No Limit ($0.01/$0.02 USD) - 2021/10/06 16:29:00 PT [2021/10/06 19:29:00 ET]
Table 'Tyl' 9-max Seat #8 is the button
Seat 1: SAMI KALL ($1.06 in chips) 
Seat 2: veall95 ($2 in chips) 
Seat 3: megazanos ($2.01 in chips) 
Seat 4: Dorex2007 ($2.80 in chips) 
Seat 5: Radidread ($0.90 in chips) 
Seat 6: maverick1880 ($2 in chips) 
Seat 7: valdecism ($1.17 in chips) 
Seat 8: OldRasta1984 ($1.33 in chips) 
Seat 9: MATYZAO ($1.17 in chips) 
MATYZAO: posts small blind $0.01
SAMI KALL: posts big blind $0.02
*** HOLE CARDS ***
Dealt to Dorex2007 [Td Jd]
veall95: folds 
megazanos: folds 
Radidread is disconnected 
Dorex2007: raises $0.02 to $0.04
Radidread has timed out while disconnected
Radidread: folds 
maverick1880: folds 
valdecism: folds 
OldRasta1984: folds 
MATYZAO: raises $0.02 to $0.06
SAMI KALL: calls $0.04
Dorex2007: calls $0.02
*** FLOP *** [6c Kd 8s]
MATYZAO: checks 
SAMI KALL: bets $0.17
Dorex2007: folds 
MATYZAO: folds 
Uncalled bet ($0.17) returned to SAMI KALL
SAMI KALL collected $0.17 from pot
SAMI KALL: doesn't show hand 
*** SUMMARY ***
Total pot $0.18 | Rake $0.01 
Board [6c Kd 8s]
Seat 1: SAMI KALL (big blind) collected ($0.17)
Seat 2: veall95 folded before Flop (didn't bet)
Seat 3: megazanos folded before Flop (didn't bet)
Seat 4: Dorex2007 folded on the Flop
Seat 5: Radidread folded before Flop (didn't bet)
Seat 6: maverick1880 folded before Flop (didn't bet)
Seat 7: valdecism folded before Flop (didn't bet)
Seat 8: OldRasta1984 (button) folded before Flop (didn't bet)
Seat 9: MATYZAO (small blind) folded on the Flop



PokerStars Hand #230410521856:  Hold'em No Limit ($0.01/$0.02 USD) - 2021/10/06 16:30:03 PT [2021/10/06 19:30:03 ET]
Table 'Tyl' 9-max Seat #9 is the button
Seat 1: SAMI KALL ($1.17 in chips) 
Seat 2: veall95 ($2 in chips) 
Seat 3: megazanos ($2.01 in chips) 
Seat 4: Dorex2007 ($2.74 in chips) 
Seat 6: maverick1880 ($2 in chips) 
Seat 7: valdecism ($1.17 in chips) 
Seat 8: OldRasta1984 ($1.33 in chips) 
Seat 9: MATYZAO ($1.11 in chips) 
SAMI KALL: posts small blind $0.01
veall95: posts big blind $0.02
*** HOLE CARDS ***
Dealt to Dorex2007 [8s Td]
megazanos: folds 
Dorex2007: folds 
maverick1880: folds 
valdecism: folds 
OldRasta1984: folds 
MATYZAO: raises $0.02 to $0.04
SAMI KALL: calls $0.03
veall95: folds 
*** FLOP *** [9d Jc Js]
SAMI KALL: checks 
MATYZAO: checks 
*** TURN *** [9d Jc Js] [Ad]
SAMI KALL: checks 
MATYZAO: checks 
*** RIVER *** [9d Jc Js Ad] [9s]
SAMI KALL: bets $0.40
MATYZAO: folds 
Uncalled bet ($0.40) returned to SAMI KALL
SAMI KALL collected $0.10 from pot
SAMI KALL: doesn't show hand 
*** SUMMARY ***
Total pot $0.10 | Rake $0 
Board [9d Jc Js Ad 9s]
Seat 1: SAMI KALL (small blind) collected ($0.10)
Seat 2: veall95 (big blind) folded before Flop
Seat 3: megazanos folded before Flop (didn't bet)
Seat 4: Dorex2007 folded before Flop (didn't bet)
Seat 6: maverick1880 folded before Flop (didn't bet)
Seat 7: valdecism folded before Flop (didn't bet)
Seat 8: OldRasta1984 folded before Flop (didn't bet)
Seat 9: MATYZAO (button) folded on the River



PokerStars Hand #230410537440:  Hold'em No Limit ($0.01/$0.02 USD) - 2021/10/06 16:30:55 PT [2021/10/06 19:30:55 ET]
Table 'Tyl' 9-max Seat #1 is the button
Seat 1: SAMI KALL ($1.23 in chips) 
Seat 2: veall95 ($1.98 in chips) 
Seat 3: megazanos ($2.01 in chips) 
Seat 4: Dorex2007 ($2.74 in chips) 
Seat 6: maverick1880 ($2 in chips) 
Seat 7: valdecism ($1.17 in chips) 
Seat 8: OldRasta1984 ($1.33 in chips) 
Seat 9: MATYZAO ($1.07 in chips) 
veall95: posts small blind $0.01
megazanos: posts big blind $0.02
*** HOLE CARDS ***
Dealt to Dorex2007 [Qh 7h]
Dorex2007: folds 
maverick1880: folds 
valdecism: folds 
OldRasta1984: raises $0.03 to $0.05
MATYZAO: folds 
SAMI KALL: folds 
veall95: folds 
megazanos: folds 
Uncalled bet ($0.03) returned to OldRasta1984
OldRasta1984 collected $0.05 from pot
OldRasta1984: doesn't show hand 
*** SUMMARY ***
Total pot $0.05 | Rake $0 
Seat 1: SAMI KALL (button) folded before Flop (didn't bet)
Seat 2: veall95 (small blind) folded before Flop
Seat 3: megazanos (big blind) folded before Flop
Seat 4: Dorex2007 folded before Flop (didn't bet)
Seat 6: maverick1880 folded before Flop (didn't bet)
Seat 7: valdecism folded before Flop (didn't bet)
Seat 8: OldRasta1984 collected ($0.05)
Seat 9: MATYZAO folded before Flop (didn't bet)



PokerStars Hand #230410543111:  Hold'em No Limit ($0.01/$0.02 USD) - 2021/10/06 16:31:15 PT [2021/10/06 19:31:15 ET]
Table 'Tyl' 9-max Seat #2 is the button
Seat 1: SAMI KALL ($1.23 in chips) 
Seat 2: veall95 ($1.97 in chips) 
Seat 3: megazanos ($2 in chips) 
Seat 4: Dorex2007 ($2.74 in chips) 
Seat 6: maverick1880 ($2 in chips) 
Seat 7: valdecism ($1.17 in chips) 
Seat 8: OldRasta1984 ($1.36 in chips) 
Seat 9: MATYZAO ($1.07 in chips) 
megazanos: posts small blind $0.01
Dorex2007: posts big blind $0.02
*** HOLE CARDS ***
Dealt to Dorex2007 [8h 3c]
maverick1880: folds 
valdecism: folds 
OldRasta1984: folds 
MATYZAO: raises $0.02 to $0.04
SAMI KALL: folds 
veall95: folds 
megazanos: folds 
Dorex2007: folds 
Uncalled bet ($0.02) returned to MATYZAO
MATYZAO collected $0.05 from pot
MATYZAO: doesn't show hand 
*** SUMMARY ***
Total pot $0.05 | Rake $0 
Seat 1: SAMI KALL folded before Flop (didn't bet)
Seat 2: veall95 (button) folded before Flop (didn't bet)
Seat 3: megazanos (small blind) folded before Flop
Seat 4: Dorex2007 (big blind) folded before Flop
Seat 6: maverick1880 folded before Flop (didn't bet)
Seat 7: valdecism folded before Flop (didn't bet)
Seat 8: OldRasta1984 folded before Flop (didn't bet)
Seat 9: MATYZAO collected ($0.05)



PokerStars Hand #230410547442:  Hold'em No Limit ($0.01/$0.02 USD) - 2021/10/06 16:31:29 PT [2021/10/06 19:31:29 ET]
Table 'Tyl' 9-max Seat #3 is the button
Seat 1: SAMI KALL ($1.23 in chips) 
Seat 2: veall95 ($1.97 in chips) 
Seat 3: megazanos ($2 in chips) 
Seat 4: Dorex2007 ($2.72 in chips) 
Seat 5: Radidread ($0.90 in chips) 
Seat 6: maverick1880 ($2 in chips) 
Seat 7: valdecism ($1.17 in chips) 
Seat 8: OldRasta1984 ($1.36 in chips) 
Seat 9: MATYZAO ($1.10 in chips) 
Dorex2007: posts small blind $0.01
Radidread: posts big blind $0.02
*** HOLE CARDS ***
Dealt to Dorex2007 [Qh Td]
maverick1880: folds 
valdecism: folds 
OldRasta1984: folds 
MATYZAO: raises $0.02 to $0.04
SAMI KALL: folds 
veall95: calls $0.04
megazanos: folds 
Dorex2007: calls $0.03
Radidread: calls $0.02
*** FLOP *** [Qd 9c 8s]
Dorex2007: checks 
Radidread: checks 
MATYZAO: checks 
veall95: checks 
*** TURN *** [Qd 9c 8s] [Kd]
Dorex2007: checks 
Radidread: bets $0.07
MATYZAO: folds 
veall95: folds 
Dorex2007: calls $0.07
*** RIVER *** [Qd 9c 8s Kd] [Kh]
Dorex2007: checks 
Radidread: bets $0.29
Dorex2007: calls $0.29
*** SHOW DOWN ***
Radidread: shows [Kc Jh] (three of a kind, Kings)
Dorex2007: mucks hand 
Radidread collected $0.85 from pot
*** SUMMARY ***
Total pot $0.88 | Rake $0.03 
Board [Qd 9c 8s Kd Kh]
Seat 1: SAMI KALL folded before Flop (didn't bet)
Seat 2: veall95 folded on the Turn
Seat 3: megazanos (button) folded before Flop (didn't bet)
Seat 4: Dorex2007 (small blind) mucked [Qh Td]
Seat 5: Radidread (big blind) showed [Kc Jh] and won ($0.85) with three of a kind, Kings
Seat 6: maverick1880 folded before Flop (didn't bet)
Seat 7: valdecism folded before Flop (didn't bet)
Seat 8: OldRasta1984 folded before Flop (didn't bet)
Seat 9: MATYZAO folded on the Turn



PokerStars Hand #230410567257:  Hold'em No Limit ($0.01/$0.02 USD) - 2021/10/06 16:32:31 PT [2021/10/06 19:32:31 ET]
Table 'Tyl' 9-max Seat #4 is the button
Seat 1: SAMI KALL ($1.23 in chips) 
Seat 2: veall95 ($1.93 in chips) 
Seat 3: megazanos ($2 in chips) 
Seat 4: Dorex2007 ($2.32 in chips) 
Seat 5: Radidread ($1.35 in chips) 
Seat 6: maverick1880 ($2 in chips) 
Seat 7: valdecism ($1.17 in chips) 
Seat 8: OldRasta1984 ($1.36 in chips) 
Seat 9: MATYZAO ($1.06 in chips) 
Radidread: posts small blind $0.01
maverick1880: posts big blind $0.02
*** HOLE CARDS ***
Dealt to Dorex2007 [7d 3s]
valdecism: folds 
OldRasta1984: folds 
MATYZAO: calls $0.02
SAMI KALL: folds 
veall95: folds 
megazanos: folds 
Dorex2007: folds 
Radidread: calls $0.01
maverick1880: checks 
*** FLOP *** [6s 5d Th]
Radidread: bets $0.03
maverick1880: folds 
MATYZAO: folds 
Uncalled bet ($0.03) returned to Radidread
Radidread collected $0.06 from pot
Radidread: doesn't show hand 
*** SUMMARY ***
Total pot $0.06 | Rake $0 
Board [6s 5d Th]
Seat 1: SAMI KALL folded before Flop (didn't bet)
Seat 2: veall95 folded before Flop (didn't bet)
Seat 3: megazanos folded before Flop (didn't bet)
Seat 4: Dorex2007 (button) folded before Flop (didn't bet)
Seat 5: Radidread (small blind) collected ($0.06)
Seat 6: maverick1880 (big blind) folded on the Flop
Seat 7: valdecism folded before Flop (didn't bet)
Seat 8: OldRasta1984 folded before Flop (didn't bet)
Seat 9: MATYZAO folded on the Flop



PokerStars Hand #230410576820:  Hold'em No Limit ($0.01/$0.02 USD) - 2021/10/06 16:33:03 PT [2021/10/06 19:33:03 ET]
Table 'Tyl' 9-max Seat #5 is the button
Seat 1: SAMI KALL ($1.23 in chips) 
Seat 2: veall95 ($1.93 in chips) 
Seat 3: megazanos ($2 in chips) 
Seat 4: Dorex2007 ($2.32 in chips) 
Seat 5: Radidread ($1.39 in chips) 
Seat 6: maverick1880 ($1.98 in chips) 
Seat 7: valdecism ($1.17 in chips) 
Seat 8: OldRasta1984 ($1.36 in chips) 
Seat 9: MATYZAO ($1.04 in chips) 
maverick1880: posts small blind $0.01
valdecism: posts big blind $0.02
*** HOLE CARDS ***
Dealt to Dorex2007 [7s 3h]
OldRasta1984: folds 
MATYZAO: raises $0.02 to $0.04
SAMI KALL: folds 
veall95: folds 
megazanos: folds 
Dorex2007: folds 
Radidread: folds 
Radidread leaves the table
maverick1880: calls $0.03
valdecism: folds 
*** FLOP *** [5s Ad 8h]
maverick1880: checks 
MATYZAO: bets $0.02
maverick1880: calls $0.02
*** TURN *** [5s Ad 8h] [Ac]
maverick1880: checks 
MATYZAO: bets $0.02
maverick1880: raises $0.12 to $0.14
MATYZAO: calls $0.12
*** RIVER *** [5s Ad 8h Ac] [Qd]
maverick1880: checks 
Akinakserj joins the table at seat #5 
MATYZAO: bets $0.02
maverick1880: calls $0.02
*** SHOW DOWN ***
MATYZAO: shows [Jc Js] (two pair, Aces and Jacks)
maverick1880: mucks hand 
MATYZAO collected $0.44 from pot
*** SUMMARY ***
Total pot $0.46 | Rake $0.02 
Board [5s Ad 8h Ac Qd]
Seat 1: SAMI KALL folded before Flop (didn't bet)
Seat 2: veall95 folded before Flop (didn't bet)
Seat 3: megazanos folded before Flop (didn't bet)
Seat 4: Dorex2007 folded before Flop (didn't bet)
Seat 5: Radidread (button) folded before Flop (didn't bet)
Seat 6: maverick1880 (small blind) mucked [Kd 5d]
Seat 7: valdecism (big blind) folded before Flop
Seat 8: OldRasta1984 folded before Flop (didn't bet)
Seat 9: MATYZAO showed [Jc Js] and won ($0.44) with two pair, Aces and Jacks



PokerStars Hand #230410595490:  Hold'em No Limit ($0.01/$0.02 USD) - 2021/10/06 16:34:07 PT [2021/10/06 19:34:07 ET]
Table 'Tyl' 9-max Seat #6 is the button
Seat 1: SAMI KALL ($1.23 in chips) 
Seat 2: veall95 ($1.93 in chips) 
Seat 3: megazanos ($2 in chips) 
Seat 4: Dorex2007 ($2.32 in chips) 
Seat 6: maverick1880 ($2 in chips) 
Seat 7: valdecism ($1.15 in chips) 
Seat 9: MATYZAO ($1.26 in chips) 
valdecism: posts small blind $0.01
OldRasta1984: is sitting out 
MATYZAO: posts big blind $0.02
Akinakserj: sits out 
*** HOLE CARDS ***
Dealt to Dorex2007 [8d 5s]
SAMI KALL: folds 
veall95: folds 
megazanos: folds 
Dorex2007: folds 
OldRasta1984 leaves the table
maverick1880: folds 
valdecism: folds 
Uncalled bet ($0.01) returned to MATYZAO
MATYZAO collected $0.02 from pot
MATYZAO: doesn't show hand 
*** SUMMARY ***
Total pot $0.02 | Rake $0 
Seat 1: SAMI KALL folded before Flop (didn't bet)
Seat 2: veall95 folded before Flop (didn't bet)
Seat 3: megazanos folded before Flop (didn't bet)
Seat 4: Dorex2007 folded before Flop (didn't bet)
Seat 6: maverick1880 (button) folded before Flop (didn't bet)
Seat 7: valdecism (small blind) folded before Flop
Seat 9: MATYZAO (big blind) collected ($0.02)



PokerStars Hand #230410599262:  Hold'em No Limit ($0.01/$0.02 USD) - 2021/10/06 16:34:21 PT [2021/10/06 19:34:21 ET]
Table 'Tyl' 9-max Seat #7 is the button
Seat 1: SAMI KALL ($1.23 in chips) 
Seat 2: veall95 ($1.93 in chips) 
Seat 3: megazanos ($2 in chips) 
Seat 4: Dorex2007 ($2.32 in chips) 
Seat 6: maverick1880 ($2 in chips) 
Seat 7: valdecism ($1.14 in chips) 
Seat 9: MATYZAO ($1.27 in chips) 
MATYZAO: posts small blind $0.01
SAMI KALL: posts big blind $0.02
Akinakserj: sits out 
*** HOLE CARDS ***
Dealt to Dorex2007 [3h 4s]
veall95: folds 
megazanos: folds 
Dorex2007: folds 
maverick1880: folds 
valdecism: folds 
MATYZAO: calls $0.01
SAMI KALL: checks 
*** FLOP *** [7h Ts Jd]
MATYZAO: bets $0.02
SAMI KALL: calls $0.02
*** TURN *** [7h Ts Jd] [Td]
MATYZAO: bets $0.02
SAMI KALL: folds 
Uncalled bet ($0.02) returned to MATYZAO
MATYZAO collected $0.08 from pot
MATYZAO: doesn't show hand 
*** SUMMARY ***
Total pot $0.08 | Rake $0 
Board [7h Ts Jd Td]
Seat 1: SAMI KALL (big blind) folded on the Turn
Seat 2: veall95 folded before Flop (didn't bet)
Seat 3: megazanos folded before Flop (didn't bet)
Seat 4: Dorex2007 folded before Flop (didn't bet)
Seat 6: maverick1880 folded before Flop (didn't bet)
Seat 7: valdecism (button) folded before Flop (didn't bet)
Seat 9: MATYZAO (small blind) collected ($0.08)



PokerStars Hand #230410611359:  Hold'em No Limit ($0.01/$0.02 USD) - 2021/10/06 16:35:00 PT [2021/10/06 19:35:00 ET]
Table 'Tyl' 9-max Seat #9 is the button
Seat 1: SAMI KALL ($1.19 in chips) 
Seat 2: veall95 ($1.93 in chips) 
Seat 3: megazanos ($2 in chips) 
Seat 4: Dorex2007 ($2.32 in chips) 
Seat 6: maverick1880 ($2 in chips) 
Seat 7: valdecism ($1.14 in chips) 
Seat 9: MATYZAO ($1.31 in chips) 
SAMI KALL: posts small blind $0.01
veall95: posts big blind $0.02
Akinakserj: sits out 
*** HOLE CARDS ***
Dealt to Dorex2007 [3s Kd]
megazanos: folds 
Dorex2007: folds 
maverick1880: folds 
valdecism: folds 
MATYZAO: calls $0.02
SAMI KALL: folds 
veall95: raises $0.05 to $0.07
MATYZAO: calls $0.05
*** FLOP *** [Qd 7d 7c]
veall95: bets $0.07
MATYZAO: folds 
Uncalled bet ($0.07) returned to veall95
veall95 collected $0.14 from pot
veall95: doesn't show hand 
*** SUMMARY ***
Total pot $0.15 | Rake $0.01 
Board [Qd 7d 7c]
Seat 1: SAMI KALL (small blind) folded before Flop
Seat 2: veall95 (big blind) collected ($0.14)
Seat 3: megazanos folded before Flop (didn't bet)
Seat 4: Dorex2007 folded before Flop (didn't bet)
Seat 6: maverick1880 folded before Flop (didn't bet)
Seat 7: valdecism folded before Flop (didn't bet)
Seat 9: MATYZAO (button) folded on the Flop



PokerStars Hand #230410621077:  Hold'em No Limit ($0.01/$0.02 USD) - 2021/10/06 16:35:33 PT [2021/10/06 19:35:33 ET]
Table 'Tyl' 9-max Seat #1 is the button
Seat 1: SAMI KALL ($1.18 in chips) 
Seat 2: veall95 ($2 in chips) 
Seat 3: megazanos ($2 in chips) 
Seat 4: Dorex2007 ($2.32 in chips) 
Seat 6: maverick1880 ($2 in chips) 
Seat 7: valdecism ($1.14 in chips) 
Seat 9: MATYZAO ($1.24 in chips) 
veall95: posts small blind $0.01
megazanos: posts big blind $0.02
Akinakserj: sits out 
*** HOLE CARDS ***
Dealt to Dorex2007 [9c 7d]
Dorex2007: folds 
maverick1880: folds 
valdecism: folds 
MATYZAO: raises $0.02 to $0.04
SAMI KALL: folds 
veall95: folds 
megazanos: folds 
Uncalled bet ($0.02) returned to MATYZAO
MATYZAO collected $0.05 from pot
MATYZAO: doesn't show hand 
*** SUMMARY ***
Total pot $0.05 | Rake $0 
Seat 1: SAMI KALL (button) folded before Flop (didn't bet)
Seat 2: veall95 (small blind) folded before Flop
Seat 3: megazanos (big blind) folded before Flop
Seat 4: Dorex2007 folded before Flop (didn't bet)
Seat 6: maverick1880 folded before Flop (didn't bet)
Seat 7: valdecism folded before Flop (didn't bet)
Seat 9: MATYZAO collected ($0.05)



PokerStars Hand #230410626501:  Hold'em No Limit ($0.01/$0.02 USD) - 2021/10/06 16:35:52 PT [2021/10/06 19:35:52 ET]
Table 'Tyl' 9-max Seat #2 is the button
Seat 1: SAMI KALL ($1.18 in chips) 
Seat 2: veall95 ($1.99 in chips) 
Seat 3: megazanos ($2 in chips) 
Seat 4: Dorex2007 ($2.32 in chips) 
Seat 6: maverick1880 ($2 in chips) 
Seat 7: valdecism ($1.14 in chips) 
Seat 9: MATYZAO ($1.27 in chips) 
megazanos: posts small blind $0.01
Dorex2007: posts big blind $0.02
Akinakserj: sits out 
*** HOLE CARDS ***
Dealt to Dorex2007 [Th 7h]
maverick1880: folds 
valdecism: folds 
MATYZAO: raises $0.02 to $0.04
SAMI KALL: folds 
veall95: folds 
megazanos: folds 
Dorex2007: calls $0.02
*** FLOP *** [9s 8h 2d]
Dorex2007: checks 
MATYZAO: bets $0.02
Dorex2007: calls $0.02
*** TURN *** [9s 8h 2d] [Js]
Dorex2007: checks 
MATYZAO: bets $0.02
Dorex2007: calls $0.02
*** RIVER *** [9s 8h 2d Js] [Kd]
NeXLyc joins the table at seat #8 
Dorex2007: bets $0.64
MATYZAO: folds 
Uncalled bet ($0.64) returned to Dorex2007
Dorex2007 collected $0.16 from pot
Dorex2007: doesn't show hand 
*** SUMMARY ***
Total pot $0.17 | Rake $0.01 
Board [9s 8h 2d Js Kd]
Seat 1: SAMI KALL folded before Flop (didn't bet)
Seat 2: veall95 (button) folded before Flop (didn't bet)
Seat 3: megazanos (small blind) folded before Flop
Seat 4: Dorex2007 (big blind) collected ($0.16)
Seat 6: maverick1880 folded before Flop (didn't bet)
Seat 7: valdecism folded before Flop (didn't bet)
Seat 9: MATYZAO folded on the River



PokerStars Hand #230410642960:  Hold'em No Limit ($0.01/$0.02 USD) - 2021/10/06 16:36:39 PT [2021/10/06 19:36:39 ET]
Table 'Tyl' 9-max Seat #3 is the button
Seat 1: SAMI KALL ($1.18 in chips) 
Seat 2: veall95 ($1.99 in chips) 
Seat 3: megazanos ($2 in chips) 
Seat 4: Dorex2007 ($2.40 in chips) 
Seat 5: Akinakserj ($0.80 in chips) 
Seat 6: maverick1880 ($2 in chips) 
Seat 7: valdecism ($1.14 in chips) 
Seat 8: NeXLyc ($0.80 in chips) 
Seat 9: MATYZAO ($1.19 in chips) 
Dorex2007: posts small blind $0.01
Akinakserj: posts big blind $0.02
NeXLyc: posts big blind $0.02
*** HOLE CARDS ***
Dealt to Dorex2007 [Ah Ad]
maverick1880: raises $0.06 to $0.08
valdecism: folds 
NeXLyc: raises $0.06 to $0.14
MATYZAO: calls $0.14
SAMI KALL: folds 
veall95: folds 
megazanos: folds 
Dorex2007: raises $2.26 to $2.40 and is all-in
Akinakserj: folds 
maverick1880: folds 
NeXLyc: calls $0.66 and is all-in
MATYZAO: calls $1.05 and is all-in
Uncalled bet ($1.21) returned to Dorex2007
*** FLOP *** [As 8h 5s]
*** TURN *** [As 8h 5s] [9h]
*** RIVER *** [As 8h 5s 9h] [3c]
*** SHOW DOWN ***
Dorex2007: shows [Ah Ad] (three of a kind, Aces)
MATYZAO: shows [Js Tc] (high card Ace)
NeXLyc: shows [8d 8c] (three of a kind, Eights)
Dorex2007 cashed out the hand for $2.27 | Cash Out Fee $0.02
*** SUMMARY ***
Total pot $3.28 Main pot $2.41. Side pot $0.76. | Rake $0.11 
Board [As 8h 5s 9h 3c]
Seat 1: SAMI KALL folded before Flop (didn't bet)
Seat 2: veall95 folded before Flop (didn't bet)
Seat 3: megazanos (button) folded before Flop (didn't bet)
Seat 4: Dorex2007 (small blind) showed [Ah Ad] and won ($3.17) with three of a kind, Aces (pot not awarded as player cashed out)
Seat 5: Akinakserj (big blind) folded before Flop
Seat 6: maverick1880 folded before Flop
Seat 7: valdecism folded before Flop (didn't bet)
Seat 8: NeXLyc showed [8d 8c] and lost with three of a kind, Eights
Seat 9: MATYZAO showed [Js Tc] and lost with high card Ace



PokerStars Hand #230410659758:  Hold'em No Limit ($0.01/$0.02 USD) - 2021/10/06 16:37:37 PT [2021/10/06 19:37:37 ET]
Table 'Tyl' 9-max Seat #4 is the button
Seat 1: SAMI KALL ($1.18 in chips) 
Seat 2: veall95 ($1.99 in chips) 
Seat 3: megazanos ($2 in chips) 
Seat 4: Dorex2007 ($3.48 in chips) 
Seat 5: Akinakserj ($0.78 in chips) 
Seat 6: maverick1880 ($2 in chips) 
Seat 7: valdecism ($1.14 in chips) 
Akinakserj: posts small blind $0.01
maverick1880: posts big blind $0.02
*** HOLE CARDS ***
Dealt to Dorex2007 [4c 3d]
valdecism: folds 
SAMI KALL: folds 
veall95: folds 
MATYZAO leaves the table
megazanos: folds 
Dorex2007: folds 
Akinakserj: folds 
Uncalled bet ($0.01) returned to maverick1880
maverick1880 collected $0.02 from pot
maverick1880: doesn't show hand 
*** SUMMARY ***
Total pot $0.02 | Rake $0 
Seat 1: SAMI KALL folded before Flop (didn't bet)
Seat 2: veall95 folded before Flop (didn't bet)
Seat 3: megazanos folded before Flop (didn't bet)
Seat 4: Dorex2007 (button) folded before Flop (didn't bet)
Seat 5: Akinakserj (small blind) folded before Flop
Seat 6: maverick1880 (big blind) collected ($0.02)
Seat 7: valdecism folded before Flop (didn't bet)



PokerStars Hand #230410664241:  Hold'em No Limit ($0.01/$0.02 USD) - 2021/10/06 16:37:53 PT [2021/10/06 19:37:53 ET]
Table 'Tyl' 9-max Seat #5 is the button
Seat 1: SAMI KALL ($1.18 in chips) 
Seat 2: veall95 ($1.99 in chips) 
Seat 3: megazanos ($2 in chips) 
Seat 4: Dorex2007 ($3.48 in chips) 
Seat 5: Akinakserj ($0.77 in chips) 
Seat 6: maverick1880 ($2.01 in chips) 
Seat 7: valdecism ($1.14 in chips) 
Seat 8: NeXLyc ($0.80 in chips) 
maverick1880: posts small blind $0.01
valdecism: posts big blind $0.02
*** HOLE CARDS ***
Dealt to Dorex2007 [Kd Ts]
NeXLyc has timed out
NeXLyc: folds 
SAMI KALL: folds 
veall95: folds 
megazanos: folds 
Dorex2007: folds 
Akinakserj: folds 
maverick1880: folds 
Uncalled bet ($0.01) returned to valdecism
valdecism collected $0.02 from pot
valdecism: doesn't show hand 
*** SUMMARY ***
Total pot $0.02 | Rake $0 
Seat 1: SAMI KALL folded before Flop (didn't bet)
Seat 2: veall95 folded before Flop (didn't bet)
Seat 3: megazanos folded before Flop (didn't bet)
Seat 4: Dorex2007 folded before Flop (didn't bet)
Seat 5: Akinakserj (button) folded before Flop (didn't bet)
Seat 6: maverick1880 (small blind) folded before Flop
Seat 7: valdecism (big blind) collected ($0.02)
Seat 8: NeXLyc folded before Flop (didn't bet)



PokerStars Hand #230410670985:  Hold'em No Limit ($0.01/$0.02 USD) - 2021/10/06 16:38:16 PT [2021/10/06 19:38:16 ET]
Table 'Tyl' 9-max Seat #6 is the button
Seat 1: SAMI KALL ($1.18 in chips) 
Seat 2: veall95 ($1.99 in chips) 
Seat 3: megazanos ($2 in chips) 
Seat 4: Dorex2007 ($3.48 in chips) 
Seat 5: Akinakserj ($0.77 in chips) 
Seat 6: maverick1880 ($2 in chips) 
Seat 7: valdecism ($1.15 in chips) 
Seat 8: NeXLyc ($0.80 in chips) 
valdecism: posts small blind $0.01
NeXLyc: posts big blind $0.02
*** HOLE CARDS ***
Dealt to Dorex2007 [Kh 5d]
SAMI KALL: raises $0.02 to $0.04
veall95: folds 
megazanos: folds 
Dorex2007: folds 
Akinakserj: folds 
maverick1880: calls $0.04
valdecism: folds 
NeXLyc: calls $0.02
*** FLOP *** [2c Td 6c]
Maxshwole joins the table at seat #9 
NeXLyc: bets $0.06
SAMI KALL: calls $0.06
maverick1880: folds 
*** TURN *** [2c Td 6c] [8s]
NeXLyc: checks 
SAMI KALL: bets $0.18
NeXLyc: folds 
Uncalled bet ($0.18) returned to SAMI KALL
SAMI KALL collected $0.24 from pot
SAMI KALL: doesn't show hand 
*** SUMMARY ***
Total pot $0.25 | Rake $0.01 
Board [2c Td 6c 8s]
Seat 1: SAMI KALL collected ($0.24)
Seat 2: veall95 folded before Flop (didn't bet)
Seat 3: megazanos folded before Flop (didn't bet)
Seat 4: Dorex2007 folded before Flop (didn't bet)
Seat 5: Akinakserj folded before Flop (didn't bet)
Seat 6: maverick1880 (button) folded on the Flop
Seat 7: valdecism (small blind) folded before Flop
Seat 8: NeXLyc (big blind) folded on the Turn



PokerStars Hand #230410686068:  Hold'em No Limit ($0.01/$0.02 USD) - 2021/10/06 16:39:08 PT [2021/10/06 19:39:08 ET]
Table 'Tyl' 9-max Seat #7 is the button
Seat 1: SAMI KALL ($1.32 in chips) 
Seat 2: veall95 ($1.99 in chips) 
Seat 3: megazanos ($2 in chips) 
Seat 4: Dorex2007 ($3.48 in chips) 
Seat 5: Akinakserj ($0.77 in chips) 
Seat 6: maverick1880 ($2 in chips) 
Seat 7: valdecism ($1.14 in chips) 
Seat 8: NeXLyc ($0.70 in chips) 
Seat 9: Maxshwole ($2 in chips) 
NeXLyc: posts small blind $0.01
Maxshwole: posts big blind $0.02
*** HOLE CARDS ***
Dealt to Dorex2007 [As Js]
SAMI KALL: folds 
veall95: folds 
megazanos: folds 
Dorex2007: raises $0.04 to $0.06
Akinakserj: folds 
maverick1880: folds 
SAMI KALL leaves the table
valdecism: calls $0.06
NeXLyc: folds 
Maxshwole: calls $0.04
*** FLOP *** [8d 8c 6h]
Maxshwole: checks 
Dorex2007: bets $0.09
valdecism: calls $0.09
Maxshwole: calls $0.09
*** TURN *** [8d 8c 6h] [Td]
Maxshwole: bets $0.04
Dorex2007: folds 
valdecism: calls $0.04
*** RIVER *** [8d 8c 6h Td] [2s]
Maxshwole: bets $0.94
valdecism: folds 
Uncalled bet ($0.94) returned to Maxshwole
Maxshwole collected $0.52 from pot
Maxshwole: doesn't show hand 
*** SUMMARY ***
Total pot $0.54 | Rake $0.02 
Board [8d 8c 6h Td 2s]
Seat 1: SAMI KALL folded before Flop (didn't bet)
Seat 2: veall95 folded before Flop (didn't bet)
Seat 3: megazanos folded before Flop (didn't bet)
Seat 4: Dorex2007 folded on the Turn
Seat 5: Akinakserj folded before Flop (didn't bet)
Seat 6: maverick1880 folded before Flop (didn't bet)
Seat 7: valdecism (button) folded on the River
Seat 8: NeXLyc (small blind) folded before Flop
Seat 9: Maxshwole (big blind) collected ($0.52)



PokerStars Hand #230410703226:  Hold'em No Limit ($0.01/$0.02 USD) - 2021/10/06 16:40:08 PT [2021/10/06 19:40:08 ET]
Table 'Tyl' 9-max Seat #8 is the button
Seat 2: veall95 ($1.99 in chips) 
Seat 3: megazanos ($2 in chips) 
Seat 4: Dorex2007 ($3.33 in chips) 
Seat 5: Akinakserj ($0.77 in chips) 
Seat 6: maverick1880 ($2 in chips) 
Seat 7: valdecism ($0.95 in chips) 
Seat 8: NeXLyc ($0.69 in chips) 
Seat 9: Maxshwole ($2.33 in chips) 
Maxshwole: posts small blind $0.01
veall95: posts big blind $0.02
*** HOLE CARDS ***
Dealt to Dorex2007 [4d 5c]
megazanos: raises $0.04 to $0.06
Dorex2007: folds 
gomes1925 joins the table at seat #1 
Akinakserj: folds 
maverick1880: folds 
valdecism: calls $0.06
NeXLyc: folds 
Maxshwole: folds 
veall95: folds 
*** FLOP *** [4s 7s 6s]
megazanos: bets $0.09
valdecism: calls $0.09
*** TURN *** [4s 7s 6s] [8h]
megazanos: checks 
valdecism: bets $0.16
megazanos: folds 
Uncalled bet ($0.16) returned to valdecism
valdecism collected $0.32 from pot
valdecism: doesn't show hand 
*** SUMMARY ***
Total pot $0.33 | Rake $0.01 
Board [4s 7s 6s 8h]
Seat 2: veall95 (big blind) folded before Flop
Seat 3: megazanos folded on the Turn
Seat 4: Dorex2007 folded before Flop (didn't bet)
Seat 5: Akinakserj folded before Flop (didn't bet)
Seat 6: maverick1880 folded before Flop (didn't bet)
Seat 7: valdecism collected ($0.32)
Seat 8: NeXLyc (button) folded before Flop (didn't bet)
Seat 9: Maxshwole (small blind) folded before Flop



PokerStars Hand #230410720635:  Hold'em No Limit ($0.01/$0.02 USD) - 2021/10/06 16:41:09 PT [2021/10/06 19:41:09 ET]
Table 'Tyl' 9-max Seat #9 is the button
Seat 2: veall95 ($1.97 in chips) 
Seat 3: megazanos ($2 in chips) 
Seat 4: Dorex2007 ($3.33 in chips) 
Seat 5: Akinakserj ($0.77 in chips) 
Seat 6: maverick1880 ($2 in chips) 
Seat 7: valdecism ($1.12 in chips) 
Seat 8: NeXLyc ($0.69 in chips) 
Seat 9: Maxshwole ($2.32 in chips) 
veall95: posts small blind $0.01
megazanos: posts big blind $0.02
*** HOLE CARDS ***
Dealt to Dorex2007 [5c Qh]
Dorex2007: folds 
Akinakserj: folds 
maverick1880: folds 
valdecism: raises $0.04 to $0.06
NeXLyc: folds 
Maxshwole: calls $0.06
veall95: folds 
megazanos: calls $0.04
*** FLOP *** [6h 6s 8d]
megazanos: checks 
valdecism: bets $0.09
Maxshwole: calls $0.09
megazanos: folds 
*** TURN *** [6h 6s 8d] [Kh]
valdecism: bets $0.18
Maxshwole: raises $0.18 to $0.36
valdecism: calls $0.18
*** RIVER *** [6h 6s 8d Kh] [Ad]
valdecism: bets $0.61 and is all-in
Maxshwole: calls $0.61
*** SHOW DOWN ***
valdecism: shows [Ac Th] (two pair, Aces and Sixes)
Maxshwole: shows [6d 4d] (three of a kind, Sixes)
Maxshwole collected $2.23 from pot
*** SUMMARY ***
Total pot $2.31 | Rake $0.08 
Board [6h 6s 8d Kh Ad]
Seat 2: veall95 (small blind) folded before Flop
Seat 3: megazanos (big blind) folded on the Flop
Seat 4: Dorex2007 folded before Flop (didn't bet)
Seat 5: Akinakserj folded before Flop (didn't bet)
Seat 6: maverick1880 folded before Flop (didn't bet)
Seat 7: valdecism showed [Ac Th] and lost with two pair, Aces and Sixes
Seat 8: NeXLyc folded before Flop (didn't bet)
Seat 9: Maxshwole (button) showed [6d 4d] and won ($2.23) with three of a kind, Sixes



PokerStars Hand #230410737386:  Hold'em No Limit ($0.01/$0.02 USD) - 2021/10/06 16:41:53 PT [2021/10/06 19:41:53 ET]
Table 'Tyl' 9-max Seat #2 is the button
Seat 1: gomes1925 ($2 in chips) 
Seat 2: veall95 ($1.96 in chips) 
Seat 3: megazanos ($2 in chips) 
Seat 4: Dorex2007 ($3.33 in chips) 
Seat 5: Akinakserj ($0.77 in chips) 
Seat 6: maverick1880 ($2 in chips) 
Seat 8: NeXLyc ($0.69 in chips) 
Seat 9: Maxshwole ($3.43 in chips) 
megazanos: posts small blind $0.01
Dorex2007: posts big blind $0.02
gomes1925: posts big blind $0.02
*** HOLE CARDS ***
Dealt to Dorex2007 [9d 7d]
Akinakserj: folds 
maverick1880: folds 
NeXLyc: folds 
Maxshwole: calls $0.02
gomes1925: checks 
veall95: folds 
megazanos: folds 
valdecism leaves the table
Dorex2007: checks 
*** FLOP *** [Kc Qd 9c]
Dorex2007: checks 
Maxshwole: checks 
gomes1925: checks 
*** TURN *** [Kc Qd 9c] [Qs]
Dorex2007: bets $0.05
Gkalmpinos365 joins the table at seat #7 
Maxshwole: folds 
gomes1925: folds 
Uncalled bet ($0.05) returned to Dorex2007
Dorex2007 collected $0.07 from pot
Dorex2007: doesn't show hand 
*** SUMMARY ***
Total pot $0.07 | Rake $0 
Board [Kc Qd 9c Qs]
Seat 1: gomes1925 folded on the Turn (didn't bet)
Seat 2: veall95 (button) folded before Flop (didn't bet)
Seat 3: megazanos (small blind) folded before Flop
Seat 4: Dorex2007 (big blind) collected ($0.07)
Seat 5: Akinakserj folded before Flop (didn't bet)
Seat 6: maverick1880 folded before Flop (didn't bet)
Seat 8: NeXLyc folded before Flop (didn't bet)
Seat 9: Maxshwole folded on the Turn



PokerStars Hand #230410749994:  Hold'em No Limit ($0.01/$0.02 USD) - 2021/10/06 16:42:37 PT [2021/10/06 19:42:37 ET]
Table 'Tyl' 9-max Seat #3 is the button
Seat 1: gomes1925 ($1.98 in chips) 
Seat 2: veall95 ($1.96 in chips) 
Seat 3: megazanos ($2 in chips) 
Seat 4: Dorex2007 ($3.38 in chips) 
Seat 5: Akinakserj ($0.77 in chips) 
Seat 6: maverick1880 ($2 in chips) 
Seat 7: Gkalmpinos365 ($0.80 in chips) 
Seat 8: NeXLyc ($0.69 in chips) 
Seat 9: Maxshwole ($3.41 in chips) 
Dorex2007: posts small blind $0.01
Akinakserj: posts big blind $0.02
Gkalmpinos365: posts big blind $0.02
*** HOLE CARDS ***
Dealt to Dorex2007 [4h Ac]
maverick1880: folds 
Gkalmpinos365: checks 
NeXLyc: raises $0.03 to $0.05
Maxshwole: calls $0.05
gomes1925: folds 
veall95: folds 
megazanos: folds 
Dorex2007: folds 
Akinakserj: folds 
Gkalmpinos365: calls $0.03
*** FLOP *** [Kh 7c 9d]
Gkalmpinos365: bets $0.02
NeXLyc: calls $0.02
Maxshwole: raises $0.02 to $0.04
Gkalmpinos365: calls $0.02
NeXLyc: folds 
*** TURN *** [Kh 7c 9d] [3c]
Gkalmpinos365: bets $0.02
Maxshwole: raises $0.02 to $0.04
Gkalmpinos365: calls $0.02
*** RIVER *** [Kh 7c 9d 3c] [Jc]
Gkalmpinos365: checks 
Maxshwole: bets $0.35
Gkalmpinos365: folds 
Uncalled bet ($0.35) returned to Maxshwole
Maxshwole collected $0.35 from pot
Maxshwole: doesn't show hand 
*** SUMMARY ***
Total pot $0.36 | Rake $0.01 
Board [Kh 7c 9d 3c Jc]
Seat 1: gomes1925 folded before Flop (didn't bet)
Seat 2: veall95 folded before Flop (didn't bet)
Seat 3: megazanos (button) folded before Flop (didn't bet)
Seat 4: Dorex2007 (small blind) folded before Flop
Seat 5: Akinakserj (big blind) folded before Flop
Seat 6: maverick1880 folded before Flop (didn't bet)
Seat 7: Gkalmpinos365 folded on the River
Seat 8: NeXLyc folded on the Flop
Seat 9: Maxshwole collected ($0.35)



PokerStars Hand #230410774418:  Hold'em No Limit ($0.01/$0.02 USD) - 2021/10/06 16:43:40 PT [2021/10/06 19:43:40 ET]
Table 'Tyl' 9-max Seat #4 is the button
Seat 1: gomes1925 ($1.98 in chips) 
Seat 2: veall95 ($1.96 in chips) 
Seat 3: megazanos ($2 in chips) 
Seat 4: Dorex2007 ($3.37 in chips) 
Seat 5: Akinakserj ($0.75 in chips) 
Seat 6: maverick1880 ($2 in chips) 
Seat 7: Gkalmpinos365 ($0.67 in chips) 
Seat 8: NeXLyc ($0.62 in chips) 
Seat 9: Maxshwole ($3.63 in chips) 
Akinakserj: posts small blind $0.01
maverick1880: posts big blind $0.02
*** HOLE CARDS ***
Dealt to Dorex2007 [7d 4d]
Gkalmpinos365: folds 
Gkalmpinos365 leaves the table
NeXLyc: folds 
Maxshwole has timed out
Maxshwole: folds 
gomes1925: folds 
veall95: folds 
megazanos: raises $0.04 to $0.06
Dorex2007: folds 
shawmoney joins the table at seat #7 
Akinakserj: folds 
maverick1880: raises $0.16 to $0.22
shawmoney leaves the table
megazanos: raises $0.16 to $0.38
maverick1880: folds 
Uncalled bet ($0.16) returned to megazanos
megazanos collected $0.45 from pot
megazanos: doesn't show hand 
*** SUMMARY ***
Total pot $0.45 | Rake $0 
Seat 1: gomes1925 folded before Flop (didn't bet)
Seat 2: veall95 folded before Flop (didn't bet)
Seat 3: megazanos collected ($0.45)
Seat 4: Dorex2007 (button) folded before Flop (didn't bet)
Seat 5: Akinakserj (small blind) folded before Flop
Seat 6: maverick1880 (big blind) folded before Flop
Seat 7: Gkalmpinos365 folded before Flop (didn't bet)
Seat 8: NeXLyc folded before Flop (didn't bet)
Seat 9: Maxshwole folded before Flop (didn't bet)



PokerStars Hand #230410791076:  Hold'em No Limit ($0.01/$0.02 USD) - 2021/10/06 16:44:39 PT [2021/10/06 19:44:39 ET]
Table 'Tyl' 9-max Seat #5 is the button
Seat 1: gomes1925 ($1.98 in chips) 
Seat 2: veall95 ($1.96 in chips) 
Seat 3: megazanos ($2.23 in chips) 
Seat 4: Dorex2007 ($3.37 in chips) 
Seat 5: Akinakserj ($0.74 in chips) 
Seat 6: maverick1880 ($2 in chips) 
Seat 8: NeXLyc ($0.62 in chips) 
Seat 9: Maxshwole ($3.63 in chips) 
maverick1880: posts small blind $0.01
NeXLyc: posts big blind $0.02
*** HOLE CARDS ***
Dealt to Dorex2007 [Kh 3h]
Maxshwole: calls $0.02
realmadrid18win joins the table at seat #7 
gomes1925 has timed out
gomes1925: folds 
veall95: folds 
megazanos: folds 
Dorex2007: folds 
Akinakserj: folds 
maverick1880: folds 
NeXLyc: checks 
*** FLOP *** [3s 7h Qs]
NeXLyc: checks 
Maxshwole: checks 
*** TURN *** [3s 7h Qs] [9c]
NeXLyc: bets $0.04
Maxshwole: calls $0.04
*** RIVER *** [3s 7h Qs 9c] [5d]
NeXLyc: checks 
Maxshwole: bets $0.02
NeXLyc: calls $0.02
*** SHOW DOWN ***
Maxshwole: shows [5s 8h] (a pair of Fives)
NeXLyc: shows [9d 2d] (a pair of Nines)
NeXLyc collected $0.16 from pot
*** SUMMARY ***
Total pot $0.17 | Rake $0.01 
Board [3s 7h Qs 9c 5d]
Seat 1: gomes1925 folded before Flop (didn't bet)
Seat 2: veall95 folded before Flop (didn't bet)
Seat 3: megazanos folded before Flop (didn't bet)
Seat 4: Dorex2007 folded before Flop (didn't bet)
Seat 5: Akinakserj (button) folded before Flop (didn't bet)
Seat 6: maverick1880 (small blind) folded before Flop
Seat 8: NeXLyc (big blind) showed [9d 2d] and won ($0.16) with a pair of Nines
Seat 9: Maxshwole showed [5s 8h] and lost with a pair of Fives



PokerStars Hand #230410803052:  Hold'em No Limit ($0.01/$0.02 USD) - 2021/10/06 16:45:22 PT [2021/10/06 19:45:22 ET]
Table 'Tyl' 9-max Seat #6 is the button
Seat 1: gomes1925 ($1.98 in chips) 
Seat 2: veall95 ($1.96 in chips) 
Seat 3: megazanos ($2.23 in chips) 
Seat 4: Dorex2007 ($3.37 in chips) 
Seat 5: Akinakserj ($0.74 in chips) 
Seat 6: maverick1880 ($1.99 in chips) 
Seat 8: NeXLyc ($0.70 in chips) 
Seat 9: Maxshwole ($3.55 in chips) 
NeXLyc: posts small blind $0.01
Maxshwole: posts big blind $0.02
*** HOLE CARDS ***
Dealt to Dorex2007 [7c 8d]
gomes1925: folds 
veall95: folds 
megazanos: folds 
Dorex2007: folds 
Akinakserj: folds 
maverick1880: folds 
NeXLyc: raises $0.03 to $0.05
Maxshwole: calls $0.03
*** FLOP *** [3s 6c 4h]
NeXLyc: bets $0.04
Maxshwole: calls $0.04
*** TURN *** [3s 6c 4h] [Jc]
NeXLyc: bets $0.08
Maxshwole: calls $0.08
*** RIVER *** [3s 6c 4h Jc] [Ac]
NeXLyc: bets $0.53 and is all-in
Maxshwole: calls $0.53
*** SHOW DOWN ***
NeXLyc: shows [Jd As] (two pair, Aces and Jacks)
Maxshwole: shows [3h 3d] (three of a kind, Threes)
Maxshwole collected $1.35 from pot
*** SUMMARY ***
Total pot $1.40 | Rake $0.05 
Board [3s 6c 4h Jc Ac]
Seat 1: gomes1925 folded before Flop (didn't bet)
Seat 2: veall95 folded before Flop (didn't bet)
Seat 3: megazanos folded before Flop (didn't bet)
Seat 4: Dorex2007 folded before Flop (didn't bet)
Seat 5: Akinakserj folded before Flop (didn't bet)
Seat 6: maverick1880 (button) folded before Flop (didn't bet)
Seat 8: NeXLyc (small blind) showed [Jd As] and lost with two pair, Aces and Jacks
Seat 9: Maxshwole (big blind) showed [3h 3d] and won ($1.35) with three of a kind, Threes



PokerStars Hand #230410813205:  Hold'em No Limit ($0.01/$0.02 USD) - 2021/10/06 16:45:58 PT [2021/10/06 19:45:58 ET]
Table 'Tyl' 9-max Seat #9 is the button
Seat 1: gomes1925 ($1.98 in chips) 
Seat 2: veall95 ($1.96 in chips) 
Seat 3: megazanos ($2.23 in chips) 
Seat 4: Dorex2007 ($3.37 in chips) 
Seat 5: Akinakserj ($0.74 in chips) 
Seat 6: maverick1880 ($1.99 in chips) 
Seat 9: Maxshwole ($4.20 in chips) 
gomes1925: posts small blind $0.01
veall95: posts big blind $0.02
realmadrid18win: sits out 
*** HOLE CARDS ***
Dealt to Dorex2007 [6c Js]
NeXLyc leaves the table
megazanos: raises $0.04 to $0.06
Dorex2007: folds 
Akinakserj: folds 
maverick1880: folds 
Maxshwole: calls $0.06
gomes1925: folds 
buggspray joins the table at seat #8 
veall95 is disconnected 
veall95 has timed out while disconnected
veall95: folds 
*** FLOP *** [Ts 5c Td]
megazanos: checks 
Maxshwole: checks 
*** TURN *** [Ts 5c Td] [Ad]
megazanos: bets $0.09
Maxshwole: calls $0.09
*** RIVER *** [Ts 5c Td Ad] [4c]
megazanos: checks 
Maxshwole: bets $0.02
megazanos: calls $0.02
*** SHOW DOWN ***
Maxshwole: shows [Qh Qc] (two pair, Queens and Tens)
megazanos: mucks hand 
Maxshwole collected $0.36 from pot
*** SUMMARY ***
Total pot $0.37 | Rake $0.01 
Board [Ts 5c Td Ad 4c]
Seat 1: gomes1925 (small blind) folded before Flop
Seat 2: veall95 (big blind) folded before Flop
Seat 3: megazanos mucked [Qd Jd]
Seat 4: Dorex2007 folded before Flop (didn't bet)
Seat 5: Akinakserj folded before Flop (didn't bet)
Seat 6: maverick1880 folded before Flop (didn't bet)
Seat 9: Maxshwole (button) showed [Qh Qc] and won ($0.36) with two pair, Queens and Tens



PokerStars Hand #230410846756:  Hold'em No Limit ($0.01/$0.02 USD) - 2021/10/06 16:47:59 PT [2021/10/06 19:47:59 ET]
Table 'Tyl' 9-max Seat #1 is the button
Seat 1: gomes1925 ($1.97 in chips) 
Seat 3: megazanos ($2.06 in chips) 
Seat 4: Dorex2007 ($3.37 in chips) 
Seat 5: Akinakserj ($0.74 in chips) 
Seat 6: maverick1880 ($1.99 in chips) 
Seat 9: Maxshwole ($4.39 in chips) 
megazanos: posts small blind $0.01
Dorex2007: posts big blind $0.02
realmadrid18win: sits out 
buggspray: sits out 
*** HOLE CARDS ***
Dealt to Dorex2007 [8d Ts]
Akinakserj: folds 
maverick1880: folds 
Maxshwole: folds 
gomes1925: folds 
megazanos: folds 
Uncalled bet ($0.01) returned to Dorex2007
Dorex2007 collected $0.02 from pot
Dorex2007: doesn't show hand 
*** SUMMARY ***
Total pot $0.02 | Rake $0 
Seat 1: gomes1925 (button) folded before Flop (didn't bet)
Seat 3: megazanos (small blind) folded before Flop
Seat 4: Dorex2007 (big blind) collected ($0.02)
Seat 5: Akinakserj folded before Flop (didn't bet)
Seat 6: maverick1880 folded before Flop (didn't bet)
Seat 9: Maxshwole folded before Flop (didn't bet)



PokerStars Hand #230410851113:  Hold'em No Limit ($0.01/$0.02 USD) - 2021/10/06 16:48:15 PT [2021/10/06 19:48:15 ET]
Table 'Tyl' 9-max Seat #3 is the button
Seat 1: gomes1925 ($1.97 in chips) 
Seat 3: megazanos ($2.05 in chips) 
Seat 4: Dorex2007 ($3.38 in chips) 
Seat 5: Akinakserj ($0.74 in chips) 
Seat 6: maverick1880 ($1.99 in chips) 
Seat 9: Maxshwole ($4.39 in chips) 
Dorex2007: posts small blind $0.01
Akinakserj: posts big blind $0.02
realmadrid18win: sits out 
buggspray: sits out 
*** HOLE CARDS ***
Dealt to Dorex2007 [Jh 6d]
maverick1880: folds 
Maxshwole: calls $0.02
gomes1925: folds 
megazanos: folds 
Dorex2007: calls $0.01
Akinakserj: checks 
*** FLOP *** [7s Js 6h]
Dorex2007: checks 
Akinakserj: checks 
Maxshwole: checks 
*** TURN *** [7s Js 6h] [Th]
Dorex2007: bets $0.06
Akinakserj: folds 
Maxshwole: folds 
Uncalled bet ($0.06) returned to Dorex2007
Dorex2007 collected $0.06 from pot
Dorex2007: doesn't show hand 
*** SUMMARY ***
Total pot $0.06 | Rake $0 
Board [7s Js 6h Th]
Seat 1: gomes1925 folded before Flop (didn't bet)
Seat 3: megazanos (button) folded before Flop (didn't bet)
Seat 4: Dorex2007 (small blind) collected ($0.06)
Seat 5: Akinakserj (big blind) folded on the Turn
Seat 6: maverick1880 folded before Flop (didn't bet)
Seat 9: Maxshwole folded on the Turn



PokerStars Hand #230410861671:  Hold'em No Limit ($0.01/$0.02 USD) - 2021/10/06 16:48:53 PT [2021/10/06 19:48:53 ET]
Table 'Tyl' 9-max Seat #4 is the button
Seat 1: gomes1925 ($1.97 in chips) 
Seat 3: megazanos ($2.05 in chips) 
Seat 4: Dorex2007 ($3.42 in chips) 
Seat 5: Akinakserj ($0.72 in chips) 
Seat 6: maverick1880 ($1.99 in chips) 
Seat 9: Maxshwole ($4.37 in chips) 
Akinakserj: posts small blind $0.01
maverick1880: posts big blind $0.02
realmadrid18win: sits out 
buggspray: sits out 
*** HOLE CARDS ***
Dealt to Dorex2007 [8h Th]
Maxshwole: calls $0.02
gomes1925: folds 
megazanos: folds 
Dorex2007: calls $0.02
Akinakserj: calls $0.01
maverick1880: checks 
*** FLOP *** [Qc 6d Td]
Akinakserj: checks 
maverick1880: checks 
Maxshwole: checks 
Dorex2007: bets $0.05
Akinakserj: folds 
maverick1880: folds 
Maxshwole: calls $0.05
*** TURN *** [Qc 6d Td] [Ad]
Maxshwole: checks 
Dorex2007: checks 
*** RIVER *** [Qc 6d Td Ad] [9s]
Maxshwole: bets $0.24
Dorex2007: folds 
Uncalled bet ($0.24) returned to Maxshwole
Maxshwole collected $0.17 from pot
Maxshwole: doesn't show hand 
*** SUMMARY ***
Total pot $0.18 | Rake $0.01 
Board [Qc 6d Td Ad 9s]
Seat 1: gomes1925 folded before Flop (didn't bet)
Seat 3: megazanos folded before Flop (didn't bet)
Seat 4: Dorex2007 (button) folded on the River
Seat 5: Akinakserj (small blind) folded on the Flop
Seat 6: maverick1880 (big blind) folded on the Flop
Seat 9: Maxshwole collected ($0.17)



PokerStars Hand #230410880837:  Hold'em No Limit ($0.01/$0.02 USD) - 2021/10/06 16:50:02 PT [2021/10/06 19:50:02 ET]
Table 'Tyl' 9-max Seat #5 is the button
Seat 1: gomes1925 ($1.97 in chips) 
Seat 3: megazanos ($2.05 in chips) 
Seat 4: Dorex2007 ($3.35 in chips) 
Seat 5: Akinakserj ($0.70 in chips) 
Seat 6: maverick1880 ($2 in chips) 
Seat 7: realmadrid18win ($0.80 in chips) 
Seat 9: Maxshwole ($4.47 in chips) 
maverick1880: posts small blind $0.01
realmadrid18win: posts big blind $0.02
buggspray: sits out 
*** HOLE CARDS ***
Dealt to Dorex2007 [5s 3c]
Maxshwole: calls $0.02
gomes1925 has timed out
gomes1925: folds 
megazanos: folds 
Dorex2007: folds 
Akinakserj: raises $0.10 to $0.12
maverick1880: folds 
realmadrid18win: folds 
Maxshwole: raises $0.10 to $0.22
Akinakserj: raises $0.48 to $0.70 and is all-in
Maxshwole: calls $0.48
*** FLOP *** [9h 6d 4h]
*** TURN *** [9h 6d 4h] [3h]
*** RIVER *** [9h 6d 4h 3h] [5d]
*** SHOW DOWN ***
Maxshwole: shows [Qs Qh] (a pair of Queens)
Akinakserj: shows [Ks Ah] (high card Ace)
Maxshwole collected $1.38 from pot
*** SUMMARY ***
Total pot $1.43 | Rake $0.05 
Board [9h 6d 4h 3h 5d]
Seat 1: gomes1925 folded before Flop (didn't bet)
Seat 3: megazanos folded before Flop (didn't bet)
Seat 4: Dorex2007 folded before Flop (didn't bet)
Seat 5: Akinakserj (button) showed [Ks Ah] and lost with high card Ace
Seat 6: maverick1880 (small blind) folded before Flop
Seat 7: realmadrid18win (big blind) folded before Flop
Seat 9: Maxshwole showed [Qs Qh] and won ($1.38) with a pair of Queens



PokerStars Hand #230410894680:  Hold'em No Limit ($0.01/$0.02 USD) - 2021/10/06 16:50:53 PT [2021/10/06 19:50:53 ET]
Table 'Tyl' 9-max Seat #6 is the button
Seat 1: gomes1925 ($1.97 in chips) 
Seat 3: megazanos ($2.05 in chips) 
Seat 4: Dorex2007 ($3.35 in chips) 
Seat 6: maverick1880 ($1.99 in chips) 
Seat 7: realmadrid18win ($0.78 in chips) 
Seat 8: buggspray ($2 in chips) 
Seat 9: Maxshwole ($5.15 in chips) 
realmadrid18win: posts small blind $0.01
buggspray: posts big blind $0.02
*** HOLE CARDS ***
Dealt to Dorex2007 [Tc 2s]
Maxshwole: raises $0.02 to $0.04
gomes1925: folds 
megazanos: folds 
Dorex2007: folds 
maverick1880: folds 
realmadrid18win: folds 
buggspray: folds 
Uncalled bet ($0.02) returned to Maxshwole
Maxshwole collected $0.05 from pot
Maxshwole: doesn't show hand 
*** SUMMARY ***
Total pot $0.05 | Rake $0 
Seat 1: gomes1925 folded before Flop (didn't bet)
Seat 3: megazanos folded before Flop (didn't bet)
Seat 4: Dorex2007 folded before Flop (didn't bet)
Seat 6: maverick1880 (button) folded before Flop (didn't bet)
Seat 7: realmadrid18win (small blind) folded before Flop
Seat 8: buggspray (big blind) folded before Flop
Seat 9: Maxshwole collected ($0.05)



PokerStars Hand #230410900431:  Hold'em No Limit ($0.01/$0.02 USD) - 2021/10/06 16:51:14 PT [2021/10/06 19:51:14 ET]
Table 'Tyl' 9-max Seat #7 is the button
Seat 1: gomes1925 ($1.97 in chips) 
Seat 3: megazanos ($2.05 in chips) 
Seat 4: Dorex2007 ($3.35 in chips) 
Seat 5: Akinakserj ($0.80 in chips) 
Seat 6: maverick1880 ($1.99 in chips) 
Seat 7: realmadrid18win ($0.77 in chips) 
Seat 8: buggspray ($1.98 in chips) 
Seat 9: Maxshwole ($5.18 in chips) 
buggspray: posts small blind $0.01
Maxshwole: posts big blind $0.02
*** HOLE CARDS ***
Dealt to Dorex2007 [3d Th]
gomes1925: raises $0.02 to $0.04
megazanos: folds 
Dorex2007: folds 
Akinakserj: folds 
maverick1880: folds 
realmadrid18win: folds 
buggspray: calls $0.03
Maxshwole: raises $0.02 to $0.06
gomes1925: raises $0.02 to $0.08
buggspray: calls $0.04
Maxshwole: raises $0.02 to $0.10
gomes1925: calls $0.02
buggspray: calls $0.02
*** FLOP *** [6c 7c 4h]
buggspray: bets $0.14
Maxshwole: calls $0.14
gomes1925: folds 
*** TURN *** [6c 7c 4h] [9d]
buggspray: bets $0.28
Maxshwole: calls $0.28
*** RIVER *** [6c 7c 4h 9d] [9s]
buggspray: bets $1.10
Maxshwole: calls $1.10
*** SHOW DOWN ***
buggspray: shows [7h Ah] (two pair, Nines and Sevens)
Maxshwole: mucks hand 
buggspray collected $3.22 from pot
*** SUMMARY ***
Total pot $3.34 | Rake $0.12 
Board [6c 7c 4h 9d 9s]
Seat 1: gomes1925 folded on the Flop
Seat 3: megazanos folded before Flop (didn't bet)
Seat 4: Dorex2007 folded before Flop (didn't bet)
Seat 5: Akinakserj folded before Flop (didn't bet)
Seat 6: maverick1880 folded before Flop (didn't bet)
Seat 7: realmadrid18win (button) folded before Flop (didn't bet)
Seat 8: buggspray (small blind) showed [7h Ah] and won ($3.22) with two pair, Nines and Sevens
Seat 9: Maxshwole (big blind) mucked [Qs As]



PokerStars Hand #230410928581:  Hold'em No Limit ($0.01/$0.02 USD) - 2021/10/06 16:52:58 PT [2021/10/06 19:52:58 ET]
Table 'Tyl' 9-max Seat #8 is the button
Seat 1: gomes1925 ($1.87 in chips) 
Seat 3: megazanos ($2.05 in chips) 
Seat 4: Dorex2007 ($3.35 in chips) 
Seat 5: Akinakserj ($0.80 in chips) 
Seat 6: maverick1880 ($1.99 in chips) 
Seat 7: realmadrid18win ($0.77 in chips) 
Seat 8: buggspray ($3.58 in chips) 
Seat 9: Maxshwole ($3.56 in chips) 
Maxshwole: posts small blind $0.01
gomes1925: posts big blind $0.02
*** HOLE CARDS ***
Dealt to Dorex2007 [8h Jh]
megazanos: folds 
Dorex2007: folds 
Akinakserj: folds 
maverick1880: folds 
realmadrid18win: folds 
buggspray: folds 
Maxshwole: folds 
Uncalled bet ($0.01) returned to gomes1925
Maxshwole leaves the table
gomes1925 collected $0.02 from pot
gomes1925: doesn't show hand 
*** SUMMARY ***
Total pot $0.02 | Rake $0 
Seat 1: gomes1925 (big blind) collected ($0.02)
Seat 3: megazanos folded before Flop (didn't bet)
Seat 4: Dorex2007 folded before Flop (didn't bet)
Seat 5: Akinakserj folded before Flop (didn't bet)
Seat 6: maverick1880 folded before Flop (didn't bet)
Seat 7: realmadrid18win folded before Flop (didn't bet)
Seat 8: buggspray (button) folded before Flop (didn't bet)
Seat 9: Maxshwole (small blind) folded before Flop



PokerStars Hand #230410933531:  Hold'em No Limit ($0.01/$0.02 USD) - 2021/10/06 16:53:16 PT [2021/10/06 19:53:16 ET]
Table 'Tyl' 9-max Seat #1 is the button
Seat 1: gomes1925 ($1.88 in chips) 
Seat 3: megazanos ($2.05 in chips) 
Seat 4: Dorex2007 ($3.35 in chips) 
Seat 5: Akinakserj ($0.80 in chips) 
Seat 6: maverick1880 ($1.99 in chips) 
Seat 7: realmadrid18win ($0.77 in chips) 
Seat 8: buggspray ($3.58 in chips) 
megazanos: posts small blind $0.01
Dorex2007: posts big blind $0.02
*** HOLE CARDS ***
Dealt to Dorex2007 [7h 7s]
Akinakserj: folds 
maverick1880: folds 
realmadrid18win: folds 
buggspray: raises $0.04 to $0.06
gomes1925: folds 
Demidov V.S. joins the table at seat #9 
megazanos: folds 
Dorex2007: calls $0.04
*** FLOP *** [Tc 9d 6d]
Dorex2007: checks 
buggspray: bets $0.06
Dorex2007: folds 
Uncalled bet ($0.06) returned to buggspray
buggspray collected $0.13 from pot
buggspray: doesn't show hand 
*** SUMMARY ***
Total pot $0.13 | Rake $0 
Board [Tc 9d 6d]
Seat 1: gomes1925 (button) folded before Flop (didn't bet)
Seat 3: megazanos (small blind) folded before Flop
Seat 4: Dorex2007 (big blind) folded on the Flop
Seat 5: Akinakserj folded before Flop (didn't bet)
Seat 6: maverick1880 folded before Flop (didn't bet)
Seat 7: realmadrid18win folded before Flop (didn't bet)
Seat 8: buggspray collected ($0.13)



PokerStars Hand #230410941238:  Hold'em No Limit ($0.01/$0.02 USD) - 2021/10/06 16:53:45 PT [2021/10/06 19:53:45 ET]
Table 'Tyl' 9-max Seat #3 is the button
Seat 1: gomes1925 ($1.88 in chips) 
Seat 3: megazanos ($2.04 in chips) 
Seat 4: Dorex2007 ($3.29 in chips) 
Seat 5: Akinakserj ($0.80 in chips) 
Seat 6: maverick1880 ($1.99 in chips) 
Seat 7: realmadrid18win ($0.77 in chips) 
Seat 8: buggspray ($3.65 in chips) 
Seat 9: Demidov V.S. ($2 in chips) 
Dorex2007: posts small blind $0.01
Akinakserj: posts big blind $0.02
Demidov V.S.: posts big blind $0.02
*** HOLE CARDS ***
Dealt to Dorex2007 [Td Th]
maverick1880: folds 
realmadrid18win: folds 
buggspray: folds 
Demidov V.S.: checks 
gomes1925: folds 
megazanos: folds 
Dorex2007: raises $0.04 to $0.06
Akinakserj: raises $0.18 to $0.24
Demidov V.S.: folds 
Dorex2007: folds 
Uncalled bet ($0.18) returned to Akinakserj
Akinakserj collected $0.14 from pot
Akinakserj: doesn't show hand 
*** SUMMARY ***
Total pot $0.14 | Rake $0 
Seat 1: gomes1925 folded before Flop (didn't bet)
Seat 3: megazanos (button) folded before Flop (didn't bet)
Seat 4: Dorex2007 (small blind) folded before Flop
Seat 5: Akinakserj (big blind) collected ($0.14)
Seat 6: maverick1880 folded before Flop (didn't bet)
Seat 7: realmadrid18win folded before Flop (didn't bet)
Seat 8: buggspray folded before Flop (didn't bet)
Seat 9: Demidov V.S. folded before Flop (didn't bet)



PokerStars Hand #230410951530:  Hold'em No Limit ($0.01/$0.02 USD) - 2021/10/06 16:54:23 PT [2021/10/06 19:54:23 ET]
Table 'Tyl' 9-max Seat #4 is the button
Seat 1: gomes1925 ($1.88 in chips) 
Seat 3: megazanos ($2.04 in chips) 
Seat 4: Dorex2007 ($3.23 in chips) 
Seat 5: Akinakserj ($0.88 in chips) 
Seat 6: maverick1880 ($1.99 in chips) 
Seat 7: realmadrid18win ($0.77 in chips) 
Seat 8: buggspray ($3.65 in chips) 
Seat 9: Demidov V.S. ($1.98 in chips) 
Akinakserj: posts small blind $0.01
maverick1880: posts big blind $0.02
*** HOLE CARDS ***
Dealt to Dorex2007 [8d As]
realmadrid18win: folds 
buggspray: folds 
Demidov V.S.: folds 
gomes1925: folds 
megazanos: raises $0.04 to $0.06
Dorex2007: folds 
Akinakserj: folds 
maverick1880: folds 
Uncalled bet ($0.04) returned to megazanos
megazanos collected $0.05 from pot
megazanos: doesn't show hand 
*** SUMMARY ***
Total pot $0.05 | Rake $0 
Seat 1: gomes1925 folded before Flop (didn't bet)
Seat 3: megazanos collected ($0.05)
Seat 4: Dorex2007 (button) folded before Flop (didn't bet)
Seat 5: Akinakserj (small blind) folded before Flop
Seat 6: maverick1880 (big blind) folded before Flop
Seat 7: realmadrid18win folded before Flop (didn't bet)
Seat 8: buggspray folded before Flop (didn't bet)
Seat 9: Demidov V.S. folded before Flop (didn't bet)



PokerStars Hand #230410957617:  Hold'em No Limit ($0.01/$0.02 USD) - 2021/10/06 16:54:45 PT [2021/10/06 19:54:45 ET]
Table 'Tyl' 9-max Seat #5 is the button
Seat 1: gomes1925 ($1.88 in chips) 
Seat 3: megazanos ($2.07 in chips) 
Seat 4: Dorex2007 ($3.23 in chips) 
Seat 5: Akinakserj ($0.87 in chips) 
Seat 6: maverick1880 ($2 in chips) 
Seat 7: realmadrid18win ($0.77 in chips) 
Seat 8: buggspray ($3.65 in chips) 
Seat 9: Demidov V.S. ($1.98 in chips) 
maverick1880: posts small blind $0.01
realmadrid18win: posts big blind $0.02
*** HOLE CARDS ***
Dealt to Dorex2007 [Jd 2h]
buggspray: folds 
Demidov V.S.: folds 
gomes1925: folds 
megazanos: folds 
Dorex2007: folds 
Akinakserj: folds 
maverick1880: raises $0.03 to $0.05
realmadrid18win: folds 
Uncalled bet ($0.03) returned to maverick1880
maverick1880 collected $0.04 from pot
maverick1880: doesn't show hand 
*** SUMMARY ***
Total pot $0.04 | Rake $0 
Seat 1: gomes1925 folded before Flop (didn't bet)
Seat 3: megazanos folded before Flop (didn't bet)
Seat 4: Dorex2007 folded before Flop (didn't bet)
Seat 5: Akinakserj (button) folded before Flop (didn't bet)
Seat 6: maverick1880 (small blind) collected ($0.04)
Seat 7: realmadrid18win (big blind) folded before Flop
Seat 8: buggspray folded before Flop (didn't bet)
Seat 9: Demidov V.S. folded before Flop (didn't bet)



PokerStars Hand #230410964006:  Hold'em No Limit ($0.01/$0.02 USD) - 2021/10/06 16:55:09 PT [2021/10/06 19:55:09 ET]
Table 'Tyl' 9-max Seat #6 is the button
Seat 1: gomes1925 ($1.88 in chips) 
Seat 2: veall95 ($1.94 in chips) 
Seat 3: megazanos ($2.07 in chips) 
Seat 4: Dorex2007 ($3.23 in chips) 
Seat 5: Akinakserj ($0.87 in chips) 
Seat 6: maverick1880 ($2.02 in chips) 
Seat 7: realmadrid18win ($0.75 in chips) 
Seat 8: buggspray ($3.65 in chips) 
Seat 9: Demidov V.S. ($1.98 in chips) 
realmadrid18win: posts small blind $0.01
buggspray: posts big blind $0.02
veall95: posts small blind $0.01
*** HOLE CARDS ***
Dealt to Dorex2007 [9h Qc]
Demidov V.S.: folds 
gomes1925: folds 
veall95: folds 
megazanos: folds 
Dorex2007: folds 
Akinakserj: folds 
maverick1880: folds 
realmadrid18win: folds 
Uncalled bet ($0.01) returned to buggspray
buggspray collected $0.03 from pot
buggspray: doesn't show hand 
*** SUMMARY ***
Total pot $0.03 | Rake $0 
Seat 1: gomes1925 folded before Flop (didn't bet)
Seat 2: veall95 folded before Flop (didn't bet)
Seat 3: megazanos folded before Flop (didn't bet)
Seat 4: Dorex2007 folded before Flop (didn't bet)
Seat 5: Akinakserj folded before Flop (didn't bet)
Seat 6: maverick1880 (button) folded before Flop (didn't bet)
Seat 7: realmadrid18win (small blind) folded before Flop
Seat 8: buggspray (big blind) collected ($0.03)
Seat 9: Demidov V.S. folded before Flop (didn't bet)



PokerStars Hand #230410968694:  Hold'em No Limit ($0.01/$0.02 USD) - 2021/10/06 16:55:29 PT [2021/10/06 19:55:29 ET]
Table 'Tyl' 9-max Seat #7 is the button
Seat 1: gomes1925 ($1.88 in chips) 
Seat 2: veall95 ($1.93 in chips) 
Seat 3: megazanos ($2.07 in chips) 
Seat 4: Dorex2007 ($3.23 in chips) 
Seat 5: Akinakserj ($0.87 in chips) 
Seat 6: maverick1880 ($2.02 in chips) 
Seat 7: realmadrid18win ($0.74 in chips) 
Seat 8: buggspray ($3.67 in chips) 
Seat 9: Demidov V.S. ($1.98 in chips) 
buggspray: posts small blind $0.01
Demidov V.S.: posts big blind $0.02
*** HOLE CARDS ***
Dealt to Dorex2007 [7c 4d]
gomes1925: folds 
veall95: folds 
megazanos: folds 
Dorex2007: folds 
Akinakserj: raises $0.04 to $0.06
maverick1880: folds 
realmadrid18win: folds 
buggspray: calls $0.05
Demidov V.S.: folds 
*** FLOP *** [3s 2s 9s]
buggspray: checks 
Akinakserj: checks 
*** TURN *** [3s 2s 9s] [2d]
buggspray: bets $0.02
Akinakserj: raises $0.09 to $0.11
buggspray: calls $0.09
*** RIVER *** [3s 2s 9s 2d] [4s]
buggspray: bets $0.17
Akinakserj: raises $0.35 to $0.52
buggspray: raises $0.35 to $0.87
Akinakserj: calls $0.18 and is all-in
Uncalled bet ($0.17) returned to buggspray
*** SHOW DOWN ***
buggspray: shows [2h 2c] (four of a kind, Deuces)
Akinakserj: shows [5s As] (a straight flush, Ace to Five)
Akinakserj collected $1.70 from pot
*** SUMMARY ***
Total pot $1.76 | Rake $0.06 
Board [3s 2s 9s 2d 4s]
Seat 1: gomes1925 folded before Flop (didn't bet)
Seat 2: veall95 folded before Flop (didn't bet)
Seat 3: megazanos folded before Flop (didn't bet)
Seat 4: Dorex2007 folded before Flop (didn't bet)
Seat 5: Akinakserj showed [5s As] and won ($1.70) with a straight flush, Ace to Five
Seat 6: maverick1880 folded before Flop (didn't bet)
Seat 7: realmadrid18win (button) folded before Flop (didn't bet)
Seat 8: buggspray (small blind) showed [2h 2c] and lost with four of a kind, Deuces
Seat 9: Demidov V.S. (big blind) folded before Flop



PokerStars Hand #230410990035:  Hold'em No Limit ($0.01/$0.02 USD) - 2021/10/06 16:57:01 PT [2021/10/06 19:57:01 ET]
Table 'Tyl' 9-max Seat #8 is the button
Seat 1: gomes1925 ($1.88 in chips) 
Seat 2: veall95 ($2 in chips) 
Seat 3: megazanos ($2.07 in chips) 
Seat 4: Dorex2007 ($3.23 in chips) 
Seat 5: Akinakserj ($1.70 in chips) 
Seat 6: maverick1880 ($2.02 in chips) 
Seat 7: realmadrid18win ($0.74 in chips) 
Seat 8: buggspray ($2.80 in chips) 
Seat 9: Demidov V.S. ($1.96 in chips) 
Demidov V.S.: posts small blind $0.01
gomes1925: posts big blind $0.02
*** HOLE CARDS ***
Dealt to Dorex2007 [3s 6s]
veall95: folds 
megazanos: folds 
Dorex2007: folds 
Akinakserj: folds 
maverick1880: folds 
realmadrid18win: folds 
buggspray: folds 
Akinakserj leaves the table
Demidov V.S.: raises $0.04 to $0.06
jumpturn joins the table at seat #5 
gomes1925: calls $0.04
*** FLOP *** [Td 7d 9c]
Demidov V.S.: bets $0.10
gomes1925: folds 
Uncalled bet ($0.10) returned to Demidov V.S.
Demidov V.S. collected $0.12 from pot
Demidov V.S.: doesn't show hand 
*** SUMMARY ***
Total pot $0.12 | Rake $0 
Board [Td 7d 9c]
Seat 1: gomes1925 (big blind) folded on the Flop
Seat 2: veall95 folded before Flop (didn't bet)
Seat 3: megazanos folded before Flop (didn't bet)
Seat 4: Dorex2007 folded before Flop (didn't bet)
Seat 5: Akinakserj folded before Flop (didn't bet)
Seat 6: maverick1880 folded before Flop (didn't bet)
Seat 7: realmadrid18win folded before Flop (didn't bet)
Seat 8: buggspray (button) folded before Flop (didn't bet)
Seat 9: Demidov V.S. (small blind) collected ($0.12)



PokerStars Hand #230411000601:  Hold'em No Limit ($0.01/$0.02 USD) - 2021/10/06 16:57:49 PT [2021/10/06 19:57:49 ET]
Table 'Tyl' 9-max Seat #9 is the button
Seat 1: gomes1925 ($1.82 in chips) 
Seat 2: veall95 ($2 in chips) 
Seat 3: megazanos ($2.07 in chips) 
Seat 4: Dorex2007 ($3.23 in chips) 
Seat 6: maverick1880 ($2.02 in chips) 
Seat 7: realmadrid18win ($0.74 in chips) 
Seat 8: buggspray ($2.80 in chips) 
Seat 9: Demidov V.S. ($2.02 in chips) 
gomes1925: posts small blind $0.01
veall95: posts big blind $0.02
jumpturn: sits out 
*** HOLE CARDS ***
Dealt to Dorex2007 [6c Ks]
megazanos: folds 
Dorex2007: folds 
maverick1880: raises $0.04 to $0.06
realmadrid18win: folds 
buggspray: folds 
Demidov V.S.: folds 
gomes1925: folds 
veall95: folds 
Uncalled bet ($0.04) returned to maverick1880
maverick1880 collected $0.05 from pot
maverick1880: doesn't show hand 
*** SUMMARY ***
Total pot $0.05 | Rake $0 
Seat 1: gomes1925 (small blind) folded before Flop
Seat 2: veall95 (big blind) folded before Flop
Seat 3: megazanos folded before Flop (didn't bet)
Seat 4: Dorex2007 folded before Flop (didn't bet)
Seat 6: maverick1880 collected ($0.05)
Seat 7: realmadrid18win folded before Flop (didn't bet)
Seat 8: buggspray folded before Flop (didn't bet)
Seat 9: Demidov V.S. (button) folded before Flop (didn't bet)



PokerStars Hand #230411011837:  Hold'em No Limit ($0.01/$0.02 USD) - 2021/10/06 16:58:11 PT [2021/10/06 19:58:11 ET]
Table 'Tyl' 9-max Seat #1 is the button
Seat 1: gomes1925 ($1.81 in chips) 
Seat 2: veall95 ($1.98 in chips) 
Seat 4: Dorex2007 ($3.23 in chips) 
Seat 6: maverick1880 ($2.05 in chips) 
Seat 7: realmadrid18win ($0.74 in chips) 
Seat 8: buggspray ($2.80 in chips) 
Seat 9: Demidov V.S. ($2.02 in chips) 
veall95: posts small blind $0.01
megazanos: is sitting out 
Dorex2007: posts big blind $0.02
jumpturn: sits out 
*** HOLE CARDS ***
Dealt to Dorex2007 [Ad 3h]
maverick1880: folds 
realmadrid18win: folds 
buggspray: raises $0.04 to $0.06
Demidov V.S.: folds 
gomes1925: folds 
veall95: folds 
Dorex2007: folds 
Uncalled bet ($0.04) returned to buggspray
buggspray collected $0.05 from pot
buggspray: doesn't show hand 
*** SUMMARY ***
Total pot $0.05 | Rake $0 
Seat 1: gomes1925 (button) folded before Flop (didn't bet)
Seat 2: veall95 (small blind) folded before Flop
Seat 4: Dorex2007 (big blind) folded before Flop
Seat 6: maverick1880 folded before Flop (didn't bet)
Seat 7: realmadrid18win folded before Flop (didn't bet)
Seat 8: buggspray collected ($0.05)
Seat 9: Demidov V.S. folded before Flop (didn't bet)



PokerStars Hand #230411016007:  Hold'em No Limit ($0.01/$0.02 USD) - 2021/10/06 16:58:30 PT [2021/10/06 19:58:30 ET]
Table 'Tyl' 9-max Seat #2 is the button
Seat 1: gomes1925 ($1.81 in chips) 
Seat 2: veall95 ($1.97 in chips) 
Seat 4: Dorex2007 ($3.21 in chips) 
Seat 5: jumpturn ($2 in chips) 
Seat 6: maverick1880 ($2.05 in chips) 
Seat 7: realmadrid18win ($0.74 in chips) 
Seat 8: buggspray ($2.83 in chips) 
Seat 9: Demidov V.S. ($2.02 in chips) 
Dorex2007: posts small blind $0.01
jumpturn: posts big blind $0.02
*** HOLE CARDS ***
Dealt to Dorex2007 [Ah Th]
maverick1880: folds 
realmadrid18win: calls $0.02
buggspray: folds 
Demidov V.S.: folds 
gomes1925: folds 
veall95: folds 
Dorex2007: raises $0.06 to $0.08
jumpturn has timed out
jumpturn: folds 
realmadrid18win: calls $0.06
*** FLOP *** [9s 7h 2h]
Dorex2007: bets $0.17
realmadrid18win: folds 
Uncalled bet ($0.17) returned to Dorex2007
Dorex2007 collected $0.17 from pot
Dorex2007: doesn't show hand 
*** SUMMARY ***
Total pot $0.18 | Rake $0.01 
Board [9s 7h 2h]
Seat 1: gomes1925 folded before Flop (didn't bet)
Seat 2: veall95 (button) folded before Flop (didn't bet)
Seat 4: Dorex2007 (small blind) collected ($0.17)
Seat 5: jumpturn (big blind) folded before Flop
Seat 6: maverick1880 folded before Flop (didn't bet)
Seat 7: realmadrid18win folded on the Flop
Seat 8: buggspray folded before Flop (didn't bet)
Seat 9: Demidov V.S. folded before Flop (didn't bet)



PokerStars Hand #230411038214:  Hold'em No Limit ($0.01/$0.02 USD) - 2021/10/06 16:59:32 PT [2021/10/06 19:59:32 ET]
Table 'Tyl' 9-max Seat #4 is the button
Seat 1: gomes1925 ($1.81 in chips) 
Seat 2: veall95 ($1.97 in chips) 
Seat 4: Dorex2007 ($3.30 in chips) 
Seat 5: jumpturn ($2 in chips) 
Seat 6: maverick1880 ($2.05 in chips) 
Seat 7: realmadrid18win ($0.66 in chips) 
Seat 8: buggspray ($2.83 in chips) 
Seat 9: Demidov V.S. ($2.02 in chips) 
jumpturn: posts small blind $0.01
maverick1880: posts big blind $0.02
*** HOLE CARDS ***
Dealt to Dorex2007 [3s Kc]
realmadrid18win: folds 
buggspray: folds 
Demidov V.S.: folds 
gomes1925: calls $0.02
veall95: folds 
Dorex2007: folds 
jumpturn: folds 
maverick1880: checks 
*** FLOP *** [Jd 9h Qh]
maverick1880: checks 
megazanos leaves the table
gomes1925: checks 
*** TURN *** [Jd 9h Qh] [2c]
maverick1880: checks 
gomes1925: checks 
*** RIVER *** [Jd 9h Qh 2c] [Kd]
maverick1880: checks 
gomes1925: checks 
*** SHOW DOWN ***
maverick1880: shows [6s 5h] (high card King)
gomes1925: shows [3c Jc] (a pair of Jacks)
gomes1925 collected $0.05 from pot
*** SUMMARY ***
Total pot $0.05 | Rake $0 
Board [Jd 9h Qh 2c Kd]
Seat 1: gomes1925 showed [3c Jc] and won ($0.05) with a pair of Jacks
Seat 2: veall95 folded before Flop (didn't bet)
Seat 4: Dorex2007 (button) folded before Flop (didn't bet)
Seat 5: jumpturn (small blind) folded before Flop
Seat 6: maverick1880 (big blind) showed [6s 5h] and lost with high card King
Seat 7: realmadrid18win folded before Flop (didn't bet)
Seat 8: buggspray folded before Flop (didn't bet)
Seat 9: Demidov V.S. folded before Flop (didn't bet)



PokerStars Hand #230411044178:  Hold'em No Limit ($0.01/$0.02 USD) - 2021/10/06 16:59:59 PT [2021/10/06 19:59:59 ET]
Table 'Tyl' 9-max Seat #5 is the button
Seat 1: gomes1925 ($1.84 in chips) 
Seat 2: veall95 ($1.97 in chips) 
Seat 4: Dorex2007 ($3.30 in chips) 
Seat 5: jumpturn ($2 in chips) 
Seat 6: maverick1880 ($2.03 in chips) 
Seat 7: realmadrid18win ($0.66 in chips) 
Seat 8: buggspray ($2.83 in chips) 
Seat 9: Demidov V.S. ($2.02 in chips) 
maverick1880: posts small blind $0.01
realmadrid18win: posts big blind $0.02
*** HOLE CARDS ***
Dealt to Dorex2007 [Kh Ac]
buggspray: folds 
Demidov V.S.: folds 
gomes1925: calls $0.02
veall95: folds 
Dorex2007: raises $0.04 to $0.06
jumpturn: folds 
maverick1880: folds 
realmadrid18win: folds 
gomes1925: calls $0.04
*** FLOP *** [2c 6h 3s]
gomes1925: checks 
Dorex2007: bets $0.14
gomes1925: folds 
Uncalled bet ($0.14) returned to Dorex2007
Dorex2007 collected $0.14 from pot
Dorex2007: doesn't show hand 
*** SUMMARY ***
Total pot $0.15 | Rake $0.01 
Board [2c 6h 3s]
Seat 1: gomes1925 folded on the Flop
Seat 2: veall95 folded before Flop (didn't bet)
Seat 4: Dorex2007 collected ($0.14)
Seat 5: jumpturn (button) folded before Flop (didn't bet)
Seat 6: maverick1880 (small blind) folded before Flop
Seat 7: realmadrid18win (big blind) folded before Flop
Seat 8: buggspray folded before Flop (didn't bet)
Seat 9: Demidov V.S. folded before Flop (didn't bet)



PokerStars Hand #230411051934:  Hold'em No Limit ($0.01/$0.02 USD) - 2021/10/06 17:00:33 PT [2021/10/06 20:00:33 ET]
Table 'Tyl' 9-max Seat #6 is the button
Seat 1: gomes1925 ($1.78 in chips) 
Seat 2: veall95 ($1.97 in chips) 
Seat 4: Dorex2007 ($3.38 in chips) 
Seat 5: jumpturn ($2 in chips) 
Seat 6: maverick1880 ($2.02 in chips) 
Seat 7: realmadrid18win ($0.64 in chips) 
Seat 9: Demidov V.S. ($2.02 in chips) 
realmadrid18win: posts small blind $0.01
buggspray: is sitting out 
Demidov V.S.: posts big blind $0.02
*** HOLE CARDS ***
Dealt to Dorex2007 [8c 2d]
gomes1925: raises $0.02 to $0.04
veall95: calls $0.04
Dorex2007: folds 
jumpturn: folds 
maverick1880: folds 
realmadrid18win: folds 
Demidov V.S.: folds 
*** FLOP *** [9h 8h 2h]
gomes1925: checks 
veall95: checks 
*** TURN *** [9h 8h 2h] [Jd]
gomes1925: checks 
veall95: checks 
*** RIVER *** [9h 8h 2h Jd] [4c]
gomes1925: bets $0.06
veall95: folds 
Uncalled bet ($0.06) returned to gomes1925
gomes1925 collected $0.11 from pot
gomes1925: doesn't show hand 
*** SUMMARY ***
Total pot $0.11 | Rake $0 
Board [9h 8h 2h Jd 4c]
Seat 1: gomes1925 collected ($0.11)
Seat 2: veall95 folded on the River
Seat 4: Dorex2007 folded before Flop (didn't bet)
Seat 5: jumpturn folded before Flop (didn't bet)
Seat 6: maverick1880 (button) folded before Flop (didn't bet)
Seat 7: realmadrid18win (small blind) folded before Flop
Seat 9: Demidov V.S. (big blind) folded before Flop



PokerStars Hand #230411064243:  Hold'em No Limit ($0.01/$0.02 USD) - 2021/10/06 17:01:23 PT [2021/10/06 20:01:23 ET]
Table 'Tyl' 9-max Seat #7 is the button
Seat 1: gomes1925 ($1.85 in chips) 
Seat 2: veall95 ($1.93 in chips) 
Seat 4: Dorex2007 ($3.38 in chips) 
Seat 5: jumpturn ($2 in chips) 
Seat 6: maverick1880 ($2.02 in chips) 
Seat 7: realmadrid18win ($0.63 in chips) 
Seat 9: Demidov V.S. ($2 in chips) 
Demidov V.S.: posts small blind $0.01
gomes1925: posts big blind $0.02
*** HOLE CARDS ***
Dealt to Dorex2007 [Qc 7h]
veall95: folds 
Dorex2007: folds 
jumpturn: folds 
maverick1880: folds 
realmadrid18win: folds 
Demidov V.S.: raises $0.04 to $0.06
gomes1925: calls $0.04
*** FLOP *** [8c Td Js]
Demidov V.S.: checks 
gomes1925: bets $0.06
Demidov V.S.: folds 
Uncalled bet ($0.06) returned to gomes1925
gomes1925 collected $0.12 from pot
gomes1925: doesn't show hand 
*** SUMMARY ***
Total pot $0.12 | Rake $0 
Board [8c Td Js]
Seat 1: gomes1925 (big blind) collected ($0.12)
Seat 2: veall95 folded before Flop (didn't bet)
Seat 4: Dorex2007 folded before Flop (didn't bet)
Seat 5: jumpturn folded before Flop (didn't bet)
Seat 6: maverick1880 folded before Flop (didn't bet)
Seat 7: realmadrid18win (button) folded before Flop (didn't bet)
Seat 9: Demidov V.S. (small blind) folded on the Flop



PokerStars Hand #230411074247:  Hold'em No Limit ($0.01/$0.02 USD) - 2021/10/06 17:02:03 PT [2021/10/06 20:02:03 ET]
Table 'Tyl' 9-max Seat #9 is the button
Seat 1: gomes1925 ($1.91 in chips) 
Seat 2: veall95 ($2 in chips) 
Seat 4: Dorex2007 ($3.38 in chips) 
Seat 5: jumpturn ($2 in chips) 
Seat 6: maverick1880 ($2.02 in chips) 
Seat 7: realmadrid18win ($0.63 in chips) 
Seat 9: Demidov V.S. ($1.94 in chips) 
gomes1925: posts small blind $0.01
veall95: posts big blind $0.02
*** HOLE CARDS ***
Dealt to Dorex2007 [2d 6s]
Dorex2007: folds 
jumpturn: raises $0.04 to $0.06
maverick1880: folds 
realmadrid18win: folds 
Demidov V.S.: folds 
gomes1925: folds 
veall95: folds 
Uncalled bet ($0.04) returned to jumpturn
jumpturn collected $0.05 from pot
jumpturn: doesn't show hand 
*** SUMMARY ***
Total pot $0.05 | Rake $0 
Seat 1: gomes1925 (small blind) folded before Flop
Seat 2: veall95 (big blind) folded before Flop
Seat 4: Dorex2007 folded before Flop (didn't bet)
Seat 5: jumpturn collected ($0.05)
Seat 6: maverick1880 folded before Flop (didn't bet)
Seat 7: realmadrid18win folded before Flop (didn't bet)
Seat 9: Demidov V.S. (button) folded before Flop (didn't bet)



PokerStars Hand #230411080211:  Hold'em No Limit ($0.01/$0.02 USD) - 2021/10/06 17:02:25 PT [2021/10/06 20:02:25 ET]
Table 'Tyl' 9-max Seat #1 is the button
Seat 1: gomes1925 ($1.90 in chips) 
Seat 2: veall95 ($1.98 in chips) 
Seat 4: Dorex2007 ($3.38 in chips) 
Seat 5: jumpturn ($2.03 in chips) 
Seat 6: maverick1880 ($2.02 in chips) 
Seat 7: realmadrid18win ($0.63 in chips) 
Seat 9: Demidov V.S. ($1.94 in chips) 
veall95: posts small blind $0.01
Dorex2007: posts big blind $0.02
*** HOLE CARDS ***
Dealt to Dorex2007 [3d Kh]
jumpturn: folds 
maverick1880: folds 
realmadrid18win: folds 
Demidov V.S.: folds 
gomes1925: calls $0.02
veall95: folds 
Dorex2007: checks 
*** FLOP *** [3h Qc 8c]
Dorex2007: checks 
gomes1925: checks 
*** TURN *** [3h Qc 8c] [4s]
Dorex2007: bets $0.03
gomes1925: calls $0.03
*** RIVER *** [3h Qc 8c 4s] [9s]
Dorex2007: checks 
gomes1925: bets $0.06
Dorex2007: calls $0.06
*** SHOW DOWN ***
gomes1925: shows [6s Ad] (high card Ace)
Dorex2007: shows [3d Kh] (a pair of Threes)
Dorex2007 collected $0.22 from pot
*** SUMMARY ***
Total pot $0.23 | Rake $0.01 
Board [3h Qc 8c 4s 9s]
Seat 1: gomes1925 (button) showed [6s Ad] and lost with high card Ace
Seat 2: veall95 (small blind) folded before Flop
Seat 4: Dorex2007 (big blind) showed [3d Kh] and won ($0.22) with a pair of Threes
Seat 5: jumpturn folded before Flop (didn't bet)
Seat 6: maverick1880 folded before Flop (didn't bet)
Seat 7: realmadrid18win folded before Flop (didn't bet)
Seat 9: Demidov V.S. folded before Flop (didn't bet)



PokerStars Hand #230411090910:  Hold'em No Limit ($0.01/$0.02 USD) - 2021/10/06 17:03:06 PT [2021/10/06 20:03:06 ET]
Table 'Tyl' 9-max Seat #2 is the button
Seat 1: gomes1925 ($1.79 in chips) 
Seat 2: veall95 ($1.97 in chips) 
Seat 4: Dorex2007 ($3.49 in chips) 
Seat 5: jumpturn ($2.03 in chips) 
Seat 6: maverick1880 ($2.02 in chips) 
Seat 7: realmadrid18win ($0.63 in chips) 
Seat 9: Demidov V.S. ($1.94 in chips) 
Dorex2007: posts small blind $0.01
jumpturn: posts big blind $0.02
*** HOLE CARDS ***
Dealt to Dorex2007 [8h 5c]
maverick1880: folds 
realmadrid18win: folds 
Demidov V.S.: folds 
gomes1925: folds 
veall95: folds 
Dorex2007: folds 
Uncalled bet ($0.01) returned to jumpturn
jumpturn collected $0.02 from pot
jumpturn: doesn't show hand 
*** SUMMARY ***
Total pot $0.02 | Rake $0 
Seat 1: gomes1925 folded before Flop (didn't bet)
Seat 2: veall95 (button) folded before Flop (didn't bet)
Seat 4: Dorex2007 (small blind) folded before Flop
Seat 5: jumpturn (big blind) collected ($0.02)
Seat 6: maverick1880 folded before Flop (didn't bet)
Seat 7: realmadrid18win folded before Flop (didn't bet)
Seat 9: Demidov V.S. folded before Flop (didn't bet)



PokerStars Hand #230411093874:  Hold'em No Limit ($0.01/$0.02 USD) - 2021/10/06 17:03:18 PT [2021/10/06 20:03:18 ET]
Table 'Tyl' 9-max Seat #4 is the button
Seat 1: gomes1925 ($1.79 in chips) 
Seat 2: veall95 ($1.97 in chips) 
Seat 4: Dorex2007 ($3.48 in chips) 
Seat 5: jumpturn ($2.04 in chips) 
Seat 6: maverick1880 ($2.02 in chips) 
Seat 7: realmadrid18win ($0.63 in chips) 
Seat 9: Demidov V.S. ($1.94 in chips) 
jumpturn: posts small blind $0.01
maverick1880: posts big blind $0.02
*** HOLE CARDS ***
Dealt to Dorex2007 [Qs 5h]
realmadrid18win: folds 
Demidov V.S.: folds 
gomes1925: folds 
veall95: folds 
Dorex2007: folds 
jumpturn: folds 
Uncalled bet ($0.01) returned to maverick1880
maverick1880 collected $0.02 from pot
maverick1880: doesn't show hand 
*** SUMMARY ***
Total pot $0.02 | Rake $0 
Seat 1: gomes1925 folded before Flop (didn't bet)
Seat 2: veall95 folded before Flop (didn't bet)
Seat 4: Dorex2007 (button) folded before Flop (didn't bet)
Seat 5: jumpturn (small blind) folded before Flop
Seat 6: maverick1880 (big blind) collected ($0.02)
Seat 7: realmadrid18win folded before Flop (didn't bet)
Seat 9: Demidov V.S. folded before Flop (didn't bet)



PokerStars Hand #230411098407:  Hold'em No Limit ($0.01/$0.02 USD) - 2021/10/06 17:03:35 PT [2021/10/06 20:03:35 ET]
Table 'Tyl' 9-max Seat #5 is the button
Seat 1: gomes1925 ($1.79 in chips) 
Seat 2: veall95 ($1.97 in chips) 
Seat 4: Dorex2007 ($3.48 in chips) 
Seat 5: jumpturn ($2.03 in chips) 
Seat 6: maverick1880 ($2.03 in chips) 
Seat 7: realmadrid18win ($0.63 in chips) 
Seat 9: Demidov V.S. ($1.94 in chips) 
maverick1880: posts small blind $0.01
realmadrid18win: posts big blind $0.02
*** HOLE CARDS ***
Dealt to Dorex2007 [8s 5c]
Jomar Lessa joins the table at seat #3 
Demidov V.S.: folds 
gomes1925: folds 
veall95: folds 
Dorex2007: folds 
jumpturn: folds 
maverick1880: raises $0.03 to $0.05
realmadrid18win: folds 
Uncalled bet ($0.03) returned to maverick1880
maverick1880 collected $0.04 from pot
maverick1880: doesn't show hand 
*** SUMMARY ***
Total pot $0.04 | Rake $0 
Seat 1: gomes1925 folded before Flop (didn't bet)
Seat 2: veall95 folded before Flop (didn't bet)
Seat 4: Dorex2007 folded before Flop (didn't bet)
Seat 5: jumpturn (button) folded before Flop (didn't bet)
Seat 6: maverick1880 (small blind) collected ($0.04)
Seat 7: realmadrid18win (big blind) folded before Flop
Seat 9: Demidov V.S. folded before Flop (didn't bet)



PokerStars Hand #230411102474:  Hold'em No Limit ($0.01/$0.02 USD) - 2021/10/06 17:03:50 PT [2021/10/06 20:03:50 ET]
Table 'Tyl' 9-max Seat #6 is the button
Seat 1: gomes1925 ($1.79 in chips) 
Seat 2: veall95 ($1.97 in chips) 
Seat 3: Jomar Lessa ($0.80 in chips) 
Seat 4: Dorex2007 ($3.48 in chips) 
Seat 5: jumpturn ($2.03 in chips) 
Seat 6: maverick1880 ($2.05 in chips) 
Seat 7: realmadrid18win ($0.61 in chips) 
Seat 9: Demidov V.S. ($1.94 in chips) 
realmadrid18win: posts small blind $0.01
Demidov V.S.: posts big blind $0.02
Jomar Lessa: posts big blind $0.02
*** HOLE CARDS ***
Dealt to Dorex2007 [8c Jh]
gomes1925: raises $0.04 to $0.06
veall95: folds 
Jomar Lessa: calls $0.04
Dorex2007: folds 
jumpturn: folds 
maverick1880: folds 
realmadrid18win: folds 
Demidov V.S.: folds 
*** FLOP *** [Kc 2s 3c]
gomes1925: checks 
Jomar Lessa: checks 
*** TURN *** [Kc 2s 3c] [6c]
gomes1925: bets $0.07
Jomar Lessa: calls $0.07
*** RIVER *** [Kc 2s 3c 6c] [4c]
gomes1925: checks 
Jomar Lessa: bets $0.28
gomes1925: calls $0.28
*** SHOW DOWN ***
Jomar Lessa: shows [2c As] (a flush, King high)
gomes1925: mucks hand 
Jomar Lessa collected $0.82 from pot
*** SUMMARY ***
Total pot $0.85 | Rake $0.03 
Board [Kc 2s 3c 6c 4c]
Seat 1: gomes1925 mucked [8s 8d]
Seat 2: veall95 folded before Flop (didn't bet)
Seat 3: Jomar Lessa showed [2c As] and won ($0.82) with a flush, King high
Seat 4: Dorex2007 folded before Flop (didn't bet)
Seat 5: jumpturn folded before Flop (didn't bet)
Seat 6: maverick1880 (button) folded before Flop (didn't bet)
Seat 7: realmadrid18win (small blind) folded before Flop
Seat 9: Demidov V.S. (big blind) folded before Flop



PokerStars Hand #230411119800:  Hold'em No Limit ($0.01/$0.02 USD) - 2021/10/06 17:04:56 PT [2021/10/06 20:04:56 ET]
Table 'Tyl' 9-max Seat #7 is the button
Seat 1: gomes1925 ($1.38 in chips) 
Seat 2: veall95 ($1.97 in chips) 
Seat 3: Jomar Lessa ($1.21 in chips) 
Seat 4: Dorex2007 ($3.48 in chips) 
Seat 5: jumpturn ($2.03 in chips) 
Seat 6: maverick1880 ($2.05 in chips) 
Seat 7: realmadrid18win ($0.60 in chips) 
Seat 9: Demidov V.S. ($1.92 in chips) 
Demidov V.S.: posts small blind $0.01
gomes1925: posts big blind $0.02
*** HOLE CARDS ***
Dealt to Dorex2007 [Qs 2c]
veall95: raises $0.02 to $0.04
Jomar Lessa: folds 
Dorex2007: folds 
jumpturn has timed out
jumpturn: folds 
maverick1880: folds 
realmadrid18win: calls $0.04
Demidov V.S.: folds 
gomes1925: folds 
*** FLOP *** [3h Jd 7h]
veall95: checks 
realmadrid18win: checks 
*** TURN *** [3h Jd 7h] [8d]
veall95: checks 
realmadrid18win: checks 
*** RIVER *** [3h Jd 7h 8d] [8c]
veall95: checks 
realmadrid18win: checks 
*** SHOW DOWN ***
veall95: shows [Qd Td] (a pair of Eights)
realmadrid18win: shows [5h 5c] (two pair, Eights and Fives)
realmadrid18win collected $0.11 from pot
*** SUMMARY ***
Total pot $0.11 | Rake $0 
Board [3h Jd 7h 8d 8c]
Seat 1: gomes1925 (big blind) folded before Flop
Seat 2: veall95 showed [Qd Td] and lost with a pair of Eights
Seat 3: Jomar Lessa folded before Flop (didn't bet)
Seat 4: Dorex2007 folded before Flop (didn't bet)
Seat 5: jumpturn folded before Flop (didn't bet)
Seat 6: maverick1880 folded before Flop (didn't bet)
Seat 7: realmadrid18win (button) showed [5h 5c] and won ($0.11) with two pair, Eights and Fives
Seat 9: Demidov V.S. (small blind) folded before Flop



PokerStars Hand #230411133938:  Hold'em No Limit ($0.01/$0.02 USD) - 2021/10/06 17:05:50 PT [2021/10/06 20:05:50 ET]
Table 'Tyl' 9-max Seat #9 is the button
Seat 1: gomes1925 ($1.36 in chips) 
Seat 2: veall95 ($1.93 in chips) 
Seat 3: Jomar Lessa ($1.21 in chips) 
Seat 4: Dorex2007 ($3.48 in chips) 
Seat 6: maverick1880 ($2.05 in chips) 
Seat 7: realmadrid18win ($0.67 in chips) 
Seat 9: Demidov V.S. ($1.91 in chips) 
gomes1925: posts small blind $0.01
veall95: posts big blind $0.02
*** HOLE CARDS ***
Dealt to Dorex2007 [Kh 9h]
Jomar Lessa: folds 
Dorex2007: calls $0.02
maverick1880: folds 
realmadrid18win: calls $0.02
Demidov V.S.: folds 
gomes1925: calls $0.01
veall95: checks 
*** FLOP *** [4s 6d 3s]
gomes1925: checks 
veall95: checks 
Dorex2007: checks 
realmadrid18win: checks 
*** TURN *** [4s 6d 3s] [Kd]
gomes1925: bets $0.04
veall95: folds 
Dorex2007: calls $0.04
realmadrid18win: calls $0.04
*** RIVER *** [4s 6d 3s Kd] [4c]
gomes1925: bets $0.10
Dorex2007: calls $0.10
realmadrid18win: calls $0.10
*** SHOW DOWN ***
gomes1925: shows [5d 7d] (a straight, Three to Seven)
Dorex2007: mucks hand 
realmadrid18win: mucks hand 
gomes1925 collected $0.48 from pot
*** SUMMARY ***
Total pot $0.50 | Rake $0.02 
Board [4s 6d 3s Kd 4c]
Seat 1: gomes1925 (small blind) showed [5d 7d] and won ($0.48) with a straight, Three to Seven
Seat 2: veall95 (big blind) folded on the Turn
Seat 3: Jomar Lessa folded before Flop (didn't bet)
Seat 4: Dorex2007 mucked [Kh 9h]
Seat 6: maverick1880 folded before Flop (didn't bet)
Seat 7: realmadrid18win mucked [Ks Ah]
Seat 9: Demidov V.S. (button) folded before Flop (didn't bet)



PokerStars Hand #230411151101:  Hold'em No Limit ($0.01/$0.02 USD) - 2021/10/06 17:06:55 PT [2021/10/06 20:06:55 ET]
Table 'Tyl' 9-max Seat #1 is the button
Seat 1: gomes1925 ($1.68 in chips) 
Seat 2: veall95 ($1.91 in chips) 
Seat 3: Jomar Lessa ($1.21 in chips) 
Seat 4: Dorex2007 ($3.32 in chips) 
Seat 6: maverick1880 ($2.05 in chips) 
Seat 7: realmadrid18win ($0.51 in chips) 
Seat 9: Demidov V.S. ($1.91 in chips) 
veall95: posts small blind $0.01
Jomar Lessa: posts big blind $0.02
*** HOLE CARDS ***
Dealt to Dorex2007 [4d 3s]
Dorex2007: folds 
maverick1880: folds 
realmadrid18win: folds 
Demidov V.S.: folds 
gomes1925: raises $0.02 to $0.04
veall95: folds 
Jomar Lessa: folds 
Uncalled bet ($0.02) returned to gomes1925
gomes1925 collected $0.05 from pot
gomes1925: doesn't show hand 
*** SUMMARY ***
Total pot $0.05 | Rake $0 
Seat 1: gomes1925 (button) collected ($0.05)
Seat 2: veall95 (small blind) folded before Flop
Seat 3: Jomar Lessa (big blind) folded before Flop
Seat 4: Dorex2007 folded before Flop (didn't bet)
Seat 6: maverick1880 folded before Flop (didn't bet)
Seat 7: realmadrid18win folded before Flop (didn't bet)
Seat 9: Demidov V.S. folded before Flop (didn't bet)



PokerStars Hand #230411160807:  Hold'em No Limit ($0.01/$0.02 USD) - 2021/10/06 17:07:21 PT [2021/10/06 20:07:21 ET]
Table 'Tyl' 9-max Seat #2 is the button
Seat 1: gomes1925 ($1.71 in chips) 
Seat 2: veall95 ($1.99 in chips) 
Seat 3: Jomar Lessa ($1.19 in chips) 
Seat 4: Dorex2007 ($3.32 in chips) 
Seat 6: maverick1880 ($2.05 in chips) 
Seat 7: realmadrid18win ($0.51 in chips) 
Seat 9: Demidov V.S. ($1.91 in chips) 
Jomar Lessa: posts small blind $0.01
Dorex2007: posts big blind $0.02
*** HOLE CARDS ***
Dealt to Dorex2007 [Qc As]
maverick1880: folds 
realmadrid18win: raises $0.04 to $0.06
Demidov V.S.: folds 
gomes1925: folds 
veall95: folds 
Jomar Lessa: folds 
Dorex2007: calls $0.04
*** FLOP *** [2s 7h Kh]
Dorex2007: bets $0.09
realmadrid18win: calls $0.09
*** TURN *** [2s 7h Kh] [Qh]
Dorex2007: bets $0.15
realmadrid18win: raises $0.21 to $0.36 and is all-in
Dorex2007: calls $0.21
*** RIVER *** [2s 7h Kh Qh] [8s]
*** SHOW DOWN ***
Dorex2007: shows [Qc As] (a pair of Queens)
realmadrid18win: shows [Ah 4h] (a flush, Ace high)
realmadrid18win collected $0.98 from pot
*** SUMMARY ***
Total pot $1.03 | Rake $0.05 
Board [2s 7h Kh Qh 8s]
Seat 1: gomes1925 folded before Flop (didn't bet)
Seat 2: veall95 (button) folded before Flop (didn't bet)
Seat 3: Jomar Lessa (small blind) folded before Flop
Seat 4: Dorex2007 (big blind) showed [Qc As] and lost with a pair of Queens
Seat 6: maverick1880 folded before Flop (didn't bet)
Seat 7: realmadrid18win showed [Ah 4h] and won ($0.98) with a flush, Ace high
Seat 9: Demidov V.S. folded before Flop (didn't bet)



PokerStars Hand #230411173101:  Hold'em No Limit ($0.01/$0.02 USD) - 2021/10/06 17:08:08 PT [2021/10/06 20:08:08 ET]
Table 'Tyl' 9-max Seat #3 is the button
Seat 1: gomes1925 ($1.71 in chips) 
Seat 2: veall95 ($1.99 in chips) 
Seat 3: Jomar Lessa ($1.18 in chips) 
Seat 4: Dorex2007 ($2.81 in chips) 
Seat 5: jumpturn ($2.03 in chips) 
Seat 6: maverick1880 ($2.05 in chips) 
Seat 7: realmadrid18win ($0.98 in chips) 
Seat 9: Demidov V.S. ($1.91 in chips) 
Dorex2007: posts small blind $0.01
jumpturn: posts big blind $0.02
*** HOLE CARDS ***
Dealt to Dorex2007 [Jc Ts]
maverick1880: folds 
realmadrid18win: folds 
Demidov V.S.: folds 
gomes1925: folds 
veall95: folds 
Jomar Lessa: calls $0.02
Dorex2007: calls $0.01
jumpturn: raises $0.06 to $0.08
Jomar Lessa: folds 
Dorex2007: calls $0.06
*** FLOP *** [Qs 3s Kh]
Dorex2007: checks 
jumpturn: bets $0.09
Dorex2007: calls $0.09
*** TURN *** [Qs 3s Kh] [Td]
Dorex2007: bets $0.35
jumpturn: folds 
Uncalled bet ($0.35) returned to Dorex2007
Dorex2007 collected $0.35 from pot
Dorex2007: doesn't show hand 
*** SUMMARY ***
Total pot $0.36 | Rake $0.01 
Board [Qs 3s Kh Td]
Seat 1: gomes1925 folded before Flop (didn't bet)
Seat 2: veall95 folded before Flop (didn't bet)
Seat 3: Jomar Lessa (button) folded before Flop
Seat 4: Dorex2007 (small blind) collected ($0.35)
Seat 5: jumpturn (big blind) folded on the Turn
Seat 6: maverick1880 folded before Flop (didn't bet)
Seat 7: realmadrid18win folded before Flop (didn't bet)
Seat 9: Demidov V.S. folded before Flop (didn't bet)



PokerStars Hand #230411192178:  Hold'em No Limit ($0.01/$0.02 USD) - 2021/10/06 17:09:21 PT [2021/10/06 20:09:21 ET]
Table 'Tyl' 9-max Seat #4 is the button
Seat 1: gomes1925 ($1.71 in chips) 
Seat 2: veall95 ($1.99 in chips) 
Seat 3: Jomar Lessa ($1.16 in chips) 
Seat 4: Dorex2007 ($2.99 in chips) 
Seat 5: jumpturn ($2 in chips) 
Seat 6: maverick1880 ($2.05 in chips) 
Seat 7: realmadrid18win ($0.98 in chips) 
Seat 9: Demidov V.S. ($1.91 in chips) 
jumpturn: posts small blind $0.01
maverick1880: posts big blind $0.02
*** HOLE CARDS ***
Dealt to Dorex2007 [8s 9c]
realmadrid18win: raises $0.04 to $0.06
Demidov V.S.: folds 
gomes1925: folds 
veall95: calls $0.06
Jomar Lessa: folds 
Dorex2007: folds 
jumpturn: calls $0.05
maverick1880: folds 
*** FLOP *** [2s 2d 3c]
jumpturn: checks 
realmadrid18win: checks 
veall95: bets $0.09
jumpturn: folds 
realmadrid18win: calls $0.09
*** TURN *** [2s 2d 3c] [5c]
realmadrid18win: checks 
veall95: bets $0.18
realmadrid18win: folds 
Uncalled bet ($0.18) returned to veall95
veall95 collected $0.37 from pot
veall95: doesn't show hand 
*** SUMMARY ***
Total pot $0.38 | Rake $0.01 
Board [2s 2d 3c 5c]
Seat 1: gomes1925 folded before Flop (didn't bet)
Seat 2: veall95 collected ($0.37)
Seat 3: Jomar Lessa folded before Flop (didn't bet)
Seat 4: Dorex2007 (button) folded before Flop (didn't bet)
Seat 5: jumpturn (small blind) folded on the Flop
Seat 6: maverick1880 (big blind) folded before Flop
Seat 7: realmadrid18win folded on the Turn
Seat 9: Demidov V.S. folded before Flop (didn't bet)



PokerStars Hand #230411210541:  Hold'em No Limit ($0.01/$0.02 USD) - 2021/10/06 17:10:31 PT [2021/10/06 20:10:31 ET]
Table 'Tyl' 9-max Seat #5 is the button
Seat 1: gomes1925 ($1.71 in chips) 
Seat 2: veall95 ($2.21 in chips) 
Seat 3: Jomar Lessa ($1.16 in chips) 
Seat 4: Dorex2007 ($2.99 in chips) 
Seat 5: jumpturn ($2 in chips) 
Seat 6: maverick1880 ($2.03 in chips) 
Seat 7: realmadrid18win ($0.83 in chips) 
Seat 9: Demidov V.S. ($1.91 in chips) 
maverick1880: posts small blind $0.01
realmadrid18win: posts big blind $0.02
buggspray: sits out 
*** HOLE CARDS ***
Dealt to Dorex2007 [Qs 9d]
Demidov V.S.: folds 
gomes1925: folds 
veall95: raises $0.02 to $0.04
Jomar Lessa: calls $0.04
Dorex2007: folds 
jumpturn: folds 
maverick1880: folds 
realmadrid18win: folds 
*** FLOP *** [9s Ts Jd]
veall95: bets $0.05
Jomar Lessa: calls $0.05
*** TURN *** [9s Ts Jd] [2h]
veall95: bets $0.10
Jomar Lessa: calls $0.10
*** RIVER *** [9s Ts Jd 2h] [4h]
veall95: bets $0.20
Jomar Lessa: folds 
Uncalled bet ($0.20) returned to veall95
veall95 collected $0.40 from pot
veall95: doesn't show hand 
*** SUMMARY ***
Total pot $0.41 | Rake $0.01 
Board [9s Ts Jd 2h 4h]
Seat 1: gomes1925 folded before Flop (didn't bet)
Seat 2: veall95 collected ($0.40)
Seat 3: Jomar Lessa folded on the River
Seat 4: Dorex2007 folded before Flop (didn't bet)
Seat 5: jumpturn (button) folded before Flop (didn't bet)
Seat 6: maverick1880 (small blind) folded before Flop
Seat 7: realmadrid18win (big blind) folded before Flop
Seat 9: Demidov V.S. folded before Flop (didn't bet)



PokerStars Hand #230411224527:  Hold'em No Limit ($0.01/$0.02 USD) - 2021/10/06 17:11:25 PT [2021/10/06 20:11:25 ET]
Table 'Tyl' 9-max Seat #6 is the button
Seat 1: gomes1925 ($1.71 in chips) 
Seat 2: veall95 ($2.42 in chips) 
Seat 3: Jomar Lessa ($0.97 in chips) 
Seat 4: Dorex2007 ($2.99 in chips) 
Seat 5: jumpturn ($2 in chips) 
Seat 6: maverick1880 ($2.02 in chips) 
Seat 7: realmadrid18win ($0.81 in chips) 
Seat 8: buggspray ($2.83 in chips) 
Seat 9: Demidov V.S. ($1.91 in chips) 
realmadrid18win: posts small blind $0.01
buggspray: posts big blind $0.02
*** HOLE CARDS ***
Dealt to Dorex2007 [Js 9c]
Demidov V.S.: folds 
gomes1925: raises $0.02 to $0.04
veall95: folds 
Jomar Lessa: raises $0.11 to $0.15
Dorex2007: folds 
jumpturn: folds 
maverick1880: folds 
realmadrid18win: folds 
buggspray: raises $0.29 to $0.44
gomes1925: folds 
Jomar Lessa: calls $0.29
*** FLOP *** [7c 6s 2s]
buggspray: bets $0.45
Jomar Lessa: folds 
Uncalled bet ($0.45) returned to buggspray
buggspray collected $0.90 from pot
buggspray: doesn't show hand 
*** SUMMARY ***
Total pot $0.93 | Rake $0.03 
Board [7c 6s 2s]
Seat 1: gomes1925 folded before Flop
Seat 2: veall95 folded before Flop (didn't bet)
Seat 3: Jomar Lessa folded on the Flop
Seat 4: Dorex2007 folded before Flop (didn't bet)
Seat 5: jumpturn folded before Flop (didn't bet)
Seat 6: maverick1880 (button) folded before Flop (didn't bet)
Seat 7: realmadrid18win (small blind) folded before Flop
Seat 8: buggspray (big blind) collected ($0.90)
Seat 9: Demidov V.S. folded before Flop (didn't bet)



PokerStars Hand #230411248720:  Hold'em No Limit ($0.01/$0.02 USD) - 2021/10/06 17:12:38 PT [2021/10/06 20:12:38 ET]
Table 'Tyl' 9-max Seat #7 is the button
Seat 1: gomes1925 ($1.67 in chips) 
Seat 2: veall95 ($2.42 in chips) 
Seat 3: Jomar Lessa ($0.53 in chips) 
Seat 4: Dorex2007 ($2.99 in chips) 
Seat 5: jumpturn ($2 in chips) 
Seat 6: maverick1880 ($2.02 in chips) 
Seat 7: realmadrid18win ($0.80 in chips) 
Seat 8: buggspray ($3.29 in chips) 
Seat 9: Demidov V.S. ($1.91 in chips) 
buggspray: posts small blind $0.01
Demidov V.S.: posts big blind $0.02
*** HOLE CARDS ***
Dealt to Dorex2007 [Jh 5s]
gomes1925: folds 
veall95: folds 
Jomar Lessa: raises $0.04 to $0.06
Dorex2007: folds 
jumpturn: folds 
maverick1880: folds 
realmadrid18win: folds 
buggspray: folds 
Demidov V.S.: calls $0.04
*** FLOP *** [Ad 6d 2h]
Demidov V.S.: checks 
Jomar Lessa: bets $0.47 and is all-in
Demidov V.S.: folds 
Uncalled bet ($0.47) returned to Jomar Lessa
Jomar Lessa collected $0.13 from pot
Jomar Lessa: doesn't show hand 
*** SUMMARY ***
Total pot $0.13 | Rake $0 
Board [Ad 6d 2h]
Seat 1: gomes1925 folded before Flop (didn't bet)
Seat 2: veall95 folded before Flop (didn't bet)
Seat 3: Jomar Lessa collected ($0.13)
Seat 4: Dorex2007 folded before Flop (didn't bet)
Seat 5: jumpturn folded before Flop (didn't bet)
Seat 6: maverick1880 folded before Flop (didn't bet)
Seat 7: realmadrid18win (button) folded before Flop (didn't bet)
Seat 8: buggspray (small blind) folded before Flop
Seat 9: Demidov V.S. (big blind) folded on the Flop



PokerStars Hand #230411260025:  Hold'em No Limit ($0.01/$0.02 USD) - 2021/10/06 17:13:21 PT [2021/10/06 20:13:21 ET]
Table 'Tyl' 9-max Seat #8 is the button
Seat 1: gomes1925 ($1.67 in chips) 
Seat 2: veall95 ($2.42 in chips) 
Seat 3: Jomar Lessa ($0.60 in chips) 
Seat 4: Dorex2007 ($2.99 in chips) 
Seat 5: jumpturn ($2 in chips) 
Seat 6: maverick1880 ($2.02 in chips) 
Seat 7: realmadrid18win ($0.80 in chips) 
Seat 8: buggspray ($3.28 in chips) 
Seat 9: Demidov V.S. ($1.85 in chips) 
Demidov V.S.: posts small blind $0.01
gomes1925: posts big blind $0.02
*** HOLE CARDS ***
Dealt to Dorex2007 [7s Ah]
veall95: folds 
Jomar Lessa: folds 
Dorex2007: folds 
jumpturn: folds 
maverick1880: folds 
realmadrid18win: raises $0.04 to $0.06
buggspray: folds 
Demidov V.S.: folds 
gomes1925: calls $0.04
*** FLOP *** [5h 8d 6h]
gomes1925: checks 
realmadrid18win: checks 
*** TURN *** [5h 8d 6h] [5d]
gomes1925: checks 
realmadrid18win: checks 
*** RIVER *** [5h 8d 6h 5d] [Jh]
gomes1925: checks 
realmadrid18win: checks 
*** SHOW DOWN ***
gomes1925: shows [Ad 4d] (a pair of Fives)
realmadrid18win: shows [2d 2c] (two pair, Fives and Deuces)
realmadrid18win collected $0.13 from pot
*** SUMMARY ***
Total pot $0.13 | Rake $0 
Board [5h 8d 6h 5d Jh]
Seat 1: gomes1925 (big blind) showed [Ad 4d] and lost with a pair of Fives
Seat 2: veall95 folded before Flop (didn't bet)
Seat 3: Jomar Lessa folded before Flop (didn't bet)
Seat 4: Dorex2007 folded before Flop (didn't bet)
Seat 5: jumpturn folded before Flop (didn't bet)
Seat 6: maverick1880 folded before Flop (didn't bet)
Seat 7: realmadrid18win showed [2d 2c] and won ($0.13) with two pair, Fives and Deuces
Seat 8: buggspray (button) folded before Flop (didn't bet)
Seat 9: Demidov V.S. (small blind) folded before Flop



PokerStars Hand #230411274586:  Hold'em No Limit ($0.01/$0.02 USD) - 2021/10/06 17:14:18 PT [2021/10/06 20:14:18 ET]
Table 'Tyl' 9-max Seat #9 is the button
Seat 1: gomes1925 ($1.61 in chips) 
Seat 2: veall95 ($2.42 in chips) 
Seat 3: Jomar Lessa ($0.60 in chips) 
Seat 4: Dorex2007 ($2.99 in chips) 
Seat 5: jumpturn ($2 in chips) 
Seat 6: maverick1880 ($2.02 in chips) 
Seat 7: realmadrid18win ($0.87 in chips) 
Seat 8: buggspray ($3.28 in chips) 
Seat 9: Demidov V.S. ($1.84 in chips) 
gomes1925: posts small blind $0.01
veall95: posts big blind $0.02
*** HOLE CARDS ***
Dealt to Dorex2007 [Ad 5c]
Jomar Lessa: folds 
Dorex2007: folds 
jumpturn: folds 
maverick1880: folds 
realmadrid18win: folds 
buggspray: raises $0.04 to $0.06
Demidov V.S.: folds 
gomes1925: calls $0.05
veall95: folds 
*** FLOP *** [Js 9c Ah]
gomes1925: checks 
buggspray: bets $0.07
gomes1925: folds 
Uncalled bet ($0.07) returned to buggspray
buggspray collected $0.14 from pot
buggspray: doesn't show hand 
*** SUMMARY ***
Total pot $0.14 | Rake $0 
Board [Js 9c Ah]
Seat 1: gomes1925 (small blind) folded on the Flop
Seat 2: veall95 (big blind) folded before Flop
Seat 3: Jomar Lessa folded before Flop (didn't bet)
Seat 4: Dorex2007 folded before Flop (didn't bet)
Seat 5: jumpturn folded before Flop (didn't bet)
Seat 6: maverick1880 folded before Flop (didn't bet)
Seat 7: realmadrid18win folded before Flop (didn't bet)
Seat 8: buggspray collected ($0.14)
Seat 9: Demidov V.S. (button) folded before Flop (didn't bet)



PokerStars Hand #230411284951:  Hold'em No Limit ($0.01/$0.02 USD) - 2021/10/06 17:14:58 PT [2021/10/06 20:14:58 ET]
Table 'Tyl' 9-max Seat #1 is the button
Seat 1: gomes1925 ($1.55 in chips) 
Seat 2: veall95 ($2.40 in chips) 
Seat 3: Jomar Lessa ($0.60 in chips) 
Seat 4: Dorex2007 ($2.99 in chips) 
Seat 5: jumpturn ($2 in chips) 
Seat 6: maverick1880 ($2.02 in chips) 
Seat 7: realmadrid18win ($0.87 in chips) 
Seat 8: buggspray ($3.36 in chips) 
Seat 9: Demidov V.S. ($1.84 in chips) 
veall95: posts small blind $0.01
Jomar Lessa: posts big blind $0.02
*** HOLE CARDS ***
Dealt to Dorex2007 [3c 3d]
Dorex2007: folds 
jumpturn: raises $0.03 to $0.05
maverick1880: folds 
realmadrid18win: folds 
buggspray: calls $0.05
Demidov V.S.: folds 
gomes1925: folds 
veall95: folds 
Jomar Lessa: calls $0.03
*** FLOP *** [6c 2d Ah]
Jomar Lessa: checks 
jumpturn: bets $0.08
buggspray: calls $0.08
Jomar Lessa: folds 
*** TURN *** [6c 2d Ah] [Js]
jumpturn: checks 
buggspray: checks 
*** RIVER *** [6c 2d Ah Js] [Qc]
jumpturn: checks 
buggspray: checks 
*** SHOW DOWN ***
jumpturn: shows [5h 4h] (high card Ace)
buggspray: shows [Ad 9d] (a pair of Aces)
buggspray collected $0.31 from pot
*** SUMMARY ***
Total pot $0.32 | Rake $0.01 
Board [6c 2d Ah Js Qc]
Seat 1: gomes1925 (button) folded before Flop (didn't bet)
Seat 2: veall95 (small blind) folded before Flop
Seat 3: Jomar Lessa (big blind) folded on the Flop
Seat 4: Dorex2007 folded before Flop (didn't bet)
Seat 5: jumpturn showed [5h 4h] and lost with high card Ace
Seat 6: maverick1880 folded before Flop (didn't bet)
Seat 7: realmadrid18win folded before Flop (didn't bet)
Seat 8: buggspray showed [Ad 9d] and won ($0.31) with a pair of Aces
Seat 9: Demidov V.S. folded before Flop (didn't bet)



PokerStars Hand #230411301182:  Hold'em No Limit ($0.01/$0.02 USD) - 2021/10/06 17:16:01 PT [2021/10/06 20:16:01 ET]
Table 'Tyl' 9-max Seat #2 is the button
Seat 1: gomes1925 ($1.55 in chips) 
Seat 2: veall95 ($2.39 in chips) 
Seat 3: Jomar Lessa ($0.55 in chips) 
Seat 4: Dorex2007 ($2.99 in chips) 
Seat 5: jumpturn ($2 in chips) 
Seat 6: maverick1880 ($2.02 in chips) 
Seat 7: realmadrid18win ($0.87 in chips) 
Seat 8: buggspray ($3.54 in chips) 
Seat 9: Demidov V.S. ($1.84 in chips) 
Jomar Lessa: posts small blind $0.01
Dorex2007: posts big blind $0.02
*** HOLE CARDS ***
Dealt to Dorex2007 [As 3s]
jumpturn: folds 
maverick1880: folds 
realmadrid18win: folds 
buggspray: folds 
Demidov V.S.: folds 
gomes1925: calls $0.02
veall95: folds 
Jomar Lessa: raises $0.04 to $0.06
Dorex2007: calls $0.04
gomes1925: calls $0.04
*** FLOP *** [5s 8h Jc]
Jomar Lessa: checks 
jumpturn leaves the table
Dorex2007: bets $0.11
gomes1925: calls $0.11
Jomar Lessa: folds 
*** TURN *** [5s 8h Jc] [Js]
Dorex2007: bets $0.26
gomes1925: calls $0.26
*** RIVER *** [5s 8h Jc Js] [6c]
Dorex2007: bets $0.45
gomes1925: folds 
Uncalled bet ($0.45) returned to Dorex2007
Dorex2007 collected $0.89 from pot
Dorex2007: doesn't show hand 
*** SUMMARY ***
Total pot $0.92 | Rake $0.03 
Board [5s 8h Jc Js 6c]
Seat 1: gomes1925 folded on the River
Seat 2: veall95 (button) folded before Flop (didn't bet)
Seat 3: Jomar Lessa (small blind) folded on the Flop
Seat 4: Dorex2007 (big blind) collected ($0.89)
Seat 5: jumpturn folded before Flop (didn't bet)
Seat 6: maverick1880 folded before Flop (didn't bet)
Seat 7: realmadrid18win folded before Flop (didn't bet)
Seat 8: buggspray folded before Flop (didn't bet)
Seat 9: Demidov V.S. folded before Flop (didn't bet)



PokerStars Hand #230411314102:  Hold'em No Limit ($0.01/$0.02 USD) - 2021/10/06 17:16:52 PT [2021/10/06 20:16:52 ET]
Table 'Tyl' 9-max Seat #3 is the button
Seat 1: gomes1925 ($1.12 in chips) 
Seat 2: veall95 ($2.39 in chips) 
Seat 3: Jomar Lessa ($0.49 in chips) 
Seat 4: Dorex2007 ($3.45 in chips) 
Seat 7: realmadrid18win ($0.87 in chips) 
Seat 8: buggspray ($3.54 in chips) 
Seat 9: Demidov V.S. ($1.84 in chips) 
Dorex2007: posts small blind $0.01
realmadrid18win: posts big blind $0.02
*** HOLE CARDS ***
Dealt to Dorex2007 [9s Kh]
buggspray: folds 
Demidov V.S.: folds 
gomes1925: folds 
veall95: raises $0.02 to $0.04
Jomar Lessa: calls $0.04
Dorex2007: folds 
realmadrid18win: folds 
*** FLOP *** [Th 5s Kd]
veall95: bets $0.05
Jomar Lessa: folds 
Uncalled bet ($0.05) returned to veall95
veall95 collected $0.11 from pot
veall95: doesn't show hand 
*** SUMMARY ***
Total pot $0.11 | Rake $0 
Board [Th 5s Kd]
Seat 1: gomes1925 folded before Flop (didn't bet)
Seat 2: veall95 collected ($0.11)
Seat 3: Jomar Lessa (button) folded on the Flop
Seat 4: Dorex2007 (small blind) folded before Flop
Seat 7: realmadrid18win (big blind) folded before Flop
Seat 8: buggspray folded before Flop (didn't bet)
Seat 9: Demidov V.S. folded before Flop (didn't bet)



PokerStars Hand #230411321355:  Hold'em No Limit ($0.01/$0.02 USD) - 2021/10/06 17:17:20 PT [2021/10/06 20:17:20 ET]
Table 'Tyl' 9-max Seat #4 is the button
Seat 1: gomes1925 ($1.12 in chips) 
Seat 2: veall95 ($2.46 in chips) 
Seat 3: Jomar Lessa ($0.45 in chips) 
Seat 4: Dorex2007 ($3.44 in chips) 
Seat 7: realmadrid18win ($0.85 in chips) 
Seat 8: buggspray ($3.54 in chips) 
Seat 9: Demidov V.S. ($1.84 in chips) 
realmadrid18win: posts small blind $0.01
buggspray: posts big blind $0.02
*** HOLE CARDS ***
Dealt to Dorex2007 [8d Jh]
Demidov V.S.: folds 
gomes1925: folds 
veall95: folds 
Jomar Lessa: raises $0.04 to $0.06
Dorex2007: folds 
realmadrid18win: folds 
buggspray: folds 
Uncalled bet ($0.04) returned to Jomar Lessa
Jomar Lessa collected $0.05 from pot
Jomar Lessa: doesn't show hand 
*** SUMMARY ***
Total pot $0.05 | Rake $0 
Seat 1: gomes1925 folded before Flop (didn't bet)
Seat 2: veall95 folded before Flop (didn't bet)
Seat 3: Jomar Lessa collected ($0.05)
Seat 4: Dorex2007 (button) folded before Flop (didn't bet)
Seat 7: realmadrid18win (small blind) folded before Flop
Seat 8: buggspray (big blind) folded before Flop
Seat 9: Demidov V.S. folded before Flop (didn't bet)



PokerStars Hand #230411327053:  Hold'em No Limit ($0.01/$0.02 USD) - 2021/10/06 17:17:43 PT [2021/10/06 20:17:43 ET]
Table 'Tyl' 9-max Seat #7 is the button
Seat 1: gomes1925 ($1.12 in chips) 
Seat 2: veall95 ($2.46 in chips) 
Seat 3: Jomar Lessa ($0.48 in chips) 
Seat 4: Dorex2007 ($3.44 in chips) 
Seat 7: realmadrid18win ($0.84 in chips) 
Seat 8: buggspray ($3.52 in chips) 
Seat 9: Demidov V.S. ($1.84 in chips) 
buggspray: posts small blind $0.01
Demidov V.S.: posts big blind $0.02
*** HOLE CARDS ***
Dealt to Dorex2007 [Jd 2h]
gomes1925: folds 
veall95: folds 
BrandonBorg joins the table at seat #5 
Jomar Lessa: raises $0.06 to $0.08
Dorex2007: folds 
realmadrid18win: folds 
buggspray: folds 
Demidov V.S.: raises $1.76 to $1.84 and is all-in
Jomar Lessa: calls $0.40 and is all-in
Uncalled bet ($1.36) returned to Demidov V.S.
*** FLOP *** [Jc Th As]
*** TURN *** [Jc Th As] [Kd]
*** RIVER *** [Jc Th As Kd] [Qc]
*** SHOW DOWN ***
Demidov V.S.: shows [Ad Kh] (a straight, Ten to Ace)
Jomar Lessa: shows [6c 6h] (a straight, Ten to Ace)
Demidov V.S. collected $0.47 from pot
Jomar Lessa cashed out the hand for $0.50 | Cash Out Fee $0.01
*** SUMMARY ***
Total pot $0.97 | Rake $0.03 
Board [Jc Th As Kd Qc]
Seat 1: gomes1925 folded before Flop (didn't bet)
Seat 2: veall95 folded before Flop (didn't bet)
Seat 3: Jomar Lessa showed [6c 6h] and won ($0.47) with a straight, Ten to Ace (pot not awarded as player cashed out)
Seat 4: Dorex2007 folded before Flop (didn't bet)
Seat 7: realmadrid18win (button) folded before Flop (didn't bet)
Seat 8: buggspray (small blind) folded before Flop
Seat 9: Demidov V.S. (big blind) showed [Ad Kh] and won ($0.47) with a straight, Ten to Ace



PokerStars Hand #230411335477:  Hold'em No Limit ($0.01/$0.02 USD) - 2021/10/06 17:18:15 PT [2021/10/06 20:18:15 ET]
Table 'Tyl' 9-max Seat #8 is the button
Seat 1: gomes1925 ($1.12 in chips) 
Seat 2: veall95 ($2.46 in chips) 
Seat 3: Jomar Lessa ($0.50 in chips) 
Seat 4: Dorex2007 ($3.44 in chips) 
Seat 5: BrandonBorg ($1.30 in chips) 
Seat 7: realmadrid18win ($0.84 in chips) 
Seat 8: buggspray ($3.51 in chips) 
Seat 9: Demidov V.S. ($1.83 in chips) 
Demidov V.S.: posts small blind $0.01
gomes1925: posts big blind $0.02
BrandonBorg: posts big blind $0.02
*** HOLE CARDS ***
Dealt to Dorex2007 [Qh Ac]
veall95: folds 
Jomar Lessa: folds 
Dorex2007: raises $0.04 to $0.06
BrandonBorg: calls $0.04
realmadrid18win: folds 
buggspray: folds 
Demidov V.S.: folds 
gomes1925: folds 
*** FLOP *** [Kd 5s Js]
Dorex2007: bets $0.07
BrandonBorg: folds 
Uncalled bet ($0.07) returned to Dorex2007
Dorex2007 collected $0.14 from pot
Dorex2007: doesn't show hand 
*** SUMMARY ***
Total pot $0.15 | Rake $0.01 
Board [Kd 5s Js]
Seat 1: gomes1925 (big blind) folded before Flop
Seat 2: veall95 folded before Flop (didn't bet)
Seat 3: Jomar Lessa folded before Flop (didn't bet)
Seat 4: Dorex2007 collected ($0.14)
Seat 5: BrandonBorg folded on the Flop
Seat 7: realmadrid18win folded before Flop (didn't bet)
Seat 8: buggspray (button) folded before Flop (didn't bet)
Seat 9: Demidov V.S. (small blind) folded before Flop



PokerStars Hand #230411346086:  Hold'em No Limit ($0.01/$0.02 USD) - 2021/10/06 17:18:57 PT [2021/10/06 20:18:57 ET]
Table 'Tyl' 9-max Seat #9 is the button
Seat 1: gomes1925 ($1.10 in chips) 
Seat 2: veall95 ($2.46 in chips) 
Seat 3: Jomar Lessa ($0.50 in chips) 
Seat 4: Dorex2007 ($3.52 in chips) 
Seat 5: BrandonBorg ($1.24 in chips) 
Seat 7: realmadrid18win ($0.84 in chips) 
Seat 8: buggspray ($3.51 in chips) 
Seat 9: Demidov V.S. ($1.82 in chips) 
gomes1925: posts small blind $0.01
veall95: posts big blind $0.02
*** HOLE CARDS ***
Dealt to Dorex2007 [2h 9c]
Jomar Lessa: raises $0.04 to $0.06
Dorex2007: folds 
BrandonBorg: folds 
realmadrid18win: folds 
buggspray: folds 
Demidov V.S.: folds 
gomes1925: folds 
veall95: folds 
Uncalled bet ($0.04) returned to Jomar Lessa
Jomar Lessa collected $0.05 from pot
Jomar Lessa: doesn't show hand 
*** SUMMARY ***
Total pot $0.05 | Rake $0 
Seat 1: gomes1925 (small blind) folded before Flop
Seat 2: veall95 (big blind) folded before Flop
Seat 3: Jomar Lessa collected ($0.05)
Seat 4: Dorex2007 folded before Flop (didn't bet)
Seat 5: BrandonBorg folded before Flop (didn't bet)
Seat 7: realmadrid18win folded before Flop (didn't bet)
Seat 8: buggspray folded before Flop (didn't bet)
Seat 9: Demidov V.S. (button) folded before Flop (didn't bet)



PokerStars Hand #230411350690:  Hold'em No Limit ($0.01/$0.02 USD) - 2021/10/06 17:19:15 PT [2021/10/06 20:19:15 ET]
Table 'Tyl' 9-max Seat #1 is the button
Seat 1: gomes1925 ($1.09 in chips) 
Seat 2: veall95 ($2.44 in chips) 
Seat 3: Jomar Lessa ($0.53 in chips) 
Seat 4: Dorex2007 ($3.52 in chips) 
Seat 5: BrandonBorg ($1.24 in chips) 
Seat 7: realmadrid18win ($0.84 in chips) 
Seat 8: buggspray ($3.51 in chips) 
Seat 9: Demidov V.S. ($1.82 in chips) 
veall95: posts small blind $0.01
Jomar Lessa: posts big blind $0.02
*** HOLE CARDS ***
Dealt to Dorex2007 [8s Td]
Dorex2007: folds 
BrandonBorg: folds 
realmadrid18win: folds 
buggspray: folds 
Demidov V.S.: folds 
gomes1925: calls $0.02
veall95: folds 
Jomar Lessa: checks 
*** FLOP *** [7d Js Ad]
Jomar Lessa: bets $0.05
gomes1925: calls $0.05
*** TURN *** [7d Js Ad] [5h]
Jomar Lessa: bets $0.14
gomes1925: calls $0.14
*** RIVER *** [7d Js Ad 5h] [Kc]
Jomar Lessa: checks 
gomes1925: bets $0.21
Jomar Lessa: folds 
Uncalled bet ($0.21) returned to gomes1925
gomes1925 collected $0.41 from pot
gomes1925: doesn't show hand 
*** SUMMARY ***
Total pot $0.43 | Rake $0.02 
Board [7d Js Ad 5h Kc]
Seat 1: gomes1925 (button) collected ($0.41)
Seat 2: veall95 (small blind) folded before Flop
Seat 3: Jomar Lessa (big blind) folded on the River
Seat 4: Dorex2007 folded before Flop (didn't bet)
Seat 5: BrandonBorg folded before Flop (didn't bet)
Seat 7: realmadrid18win folded before Flop (didn't bet)
Seat 8: buggspray folded before Flop (didn't bet)
Seat 9: Demidov V.S. folded before Flop (didn't bet)



PokerStars Hand #230411364206:  Hold'em No Limit ($0.01/$0.02 USD) - 2021/10/06 17:20:08 PT [2021/10/06 20:20:08 ET]
Table 'Tyl' 9-max Seat #2 is the button
Seat 1: gomes1925 ($1.29 in chips) 
Seat 2: veall95 ($2.43 in chips) 
Seat 3: Jomar Lessa ($0.32 in chips) 
Seat 4: Dorex2007 ($3.52 in chips) 
Seat 5: BrandonBorg ($1.24 in chips) 
Seat 7: realmadrid18win ($0.84 in chips) 
Seat 8: buggspray ($3.51 in chips) 
Seat 9: Demidov V.S. ($1.82 in chips) 
Jomar Lessa: posts small blind $0.01
Dorex2007: posts big blind $0.02
*** HOLE CARDS ***
Dealt to Dorex2007 [6c Ad]
BrandonBorg: raises $0.04 to $0.06
realmadrid18win: calls $0.06
buggspray: folds 
Demidov V.S.: folds 
gomes1925: folds 
veall95: calls $0.06
Jomar Lessa: raises $0.26 to $0.32 and is all-in
Dorex2007: folds 
BrandonBorg: calls $0.26
realmadrid18win: folds 
veall95: raises $1.04 to $1.36
BrandonBorg: calls $0.92 and is all-in
Uncalled bet ($0.12) returned to veall95
*** FLOP *** [Td Jc 4h]
*** TURN *** [Td Jc 4h] [Jd]
*** RIVER *** [Td Jc 4h Jd] [7d]
*** SHOW DOWN ***
BrandonBorg: shows [Qh Qs] (two pair, Queens and Jacks)
veall95: shows [7h 7s] (a full house, Sevens full of Jacks)
veall95 collected $1.78 from side pot
Jomar Lessa: shows [Kd 9s] (a pair of Jacks)
veall95 collected $1 from main pot
*** SUMMARY ***
Total pot $2.88 Main pot $1. Side pot $1.78. | Rake $0.10 
Board [Td Jc 4h Jd 7d]
Seat 1: gomes1925 folded before Flop (didn't bet)
Seat 2: veall95 (button) showed [7h 7s] and won ($2.78) with a full house, Sevens full of Jacks
Seat 3: Jomar Lessa (small blind) showed [Kd 9s] and lost with a pair of Jacks
Seat 4: Dorex2007 (big blind) folded before Flop
Seat 5: BrandonBorg showed [Qh Qs] and lost with two pair, Queens and Jacks
Seat 7: realmadrid18win folded before Flop
Seat 8: buggspray folded before Flop (didn't bet)
Seat 9: Demidov V.S. folded before Flop (didn't bet)



PokerStars Hand #230411380453:  Hold'em No Limit ($0.01/$0.02 USD) - 2021/10/06 17:21:12 PT [2021/10/06 20:21:12 ET]
Table 'Tyl' 9-max Seat #4 is the button
Seat 1: gomes1925 ($1.29 in chips) 
Seat 2: veall95 ($3.97 in chips) 
Seat 4: Dorex2007 ($3.50 in chips) 
Seat 7: realmadrid18win ($0.78 in chips) 
Seat 8: buggspray ($3.51 in chips) 
Seat 9: Demidov V.S. ($1.82 in chips) 
realmadrid18win: posts small blind $0.01
buggspray: posts big blind $0.02
*** HOLE CARDS ***
Dealt to Dorex2007 [Ac As]
Demidov V.S.: folds 
BrandonBorg leaves the table
gomes1925: calls $0.02
veall95: folds 
Dorex2007: raises $0.04 to $0.06
realmadrid18win: folds 
buggspray: calls $0.04
gomes1925: calls $0.04
*** FLOP *** [7c 8h Js]
mike1740 joins the table at seat #5 
buggspray: checks 
gomes1925: checks 
Dorex2007: bets $0.18
buggspray: folds 
gomes1925: calls $0.18
*** TURN *** [7c 8h Js] [4c]
gomes1925: checks 
Dorex2007: bets $3.26 and is all-in
gomes1925: folds 
Uncalled bet ($3.26) returned to Dorex2007
Dorex2007 collected $0.53 from pot
Dorex2007: doesn't show hand 
*** SUMMARY ***
Total pot $0.55 | Rake $0.02 
Board [7c 8h Js 4c]
Seat 1: gomes1925 folded on the Turn
Seat 2: veall95 folded before Flop (didn't bet)
Seat 4: Dorex2007 (button) collected ($0.53)
Seat 7: realmadrid18win (small blind) folded before Flop
Seat 8: buggspray (big blind) folded on the Flop
Seat 9: Demidov V.S. folded before Flop (didn't bet)



PokerStars Hand #230411399426:  Hold'em No Limit ($0.01/$0.02 USD) - 2021/10/06 17:22:26 PT [2021/10/06 20:22:26 ET]
Table 'Tyl' 9-max Seat #7 is the button
Seat 1: gomes1925 ($1.05 in chips) 
Seat 2: veall95 ($3.97 in chips) 
Seat 3: Jomar Lessa ($2 in chips) 
Seat 4: Dorex2007 ($3.79 in chips) 
Seat 5: mike1740 ($1.60 in chips) 
Seat 7: realmadrid18win ($0.77 in chips) 
Seat 8: buggspray ($3.45 in chips) 
Seat 9: Demidov V.S. ($1.82 in chips) 
buggspray: posts small blind $0.01
Demidov V.S.: posts big blind $0.02
mike1740: posts big blind $0.02
*** HOLE CARDS ***
Dealt to Dorex2007 [2d 5s]
gomes1925: folds 
veall95: raises $0.07 to $0.09
Jomar Lessa: folds 
Dorex2007: folds 
mike1740: folds 
realmadrid18win: folds 
buggspray: folds 
Demidov V.S.: folds 
Uncalled bet ($0.07) returned to veall95
veall95 collected $0.07 from pot
veall95: doesn't show hand 
*** SUMMARY ***
Total pot $0.07 | Rake $0 
Seat 1: gomes1925 folded before Flop (didn't bet)
Seat 2: veall95 collected ($0.07)
Seat 3: Jomar Lessa folded before Flop (didn't bet)
Seat 4: Dorex2007 folded before Flop (didn't bet)
Seat 5: mike1740 folded before Flop (didn't bet)
Seat 7: realmadrid18win (button) folded before Flop (didn't bet)
Seat 8: buggspray (small blind) folded before Flop
Seat 9: Demidov V.S. (big blind) folded before Flop



PokerStars Hand #230411405433:  Hold'em No Limit ($0.01/$0.02 USD) - 2021/10/06 17:22:50 PT [2021/10/06 20:22:50 ET]
Table 'Tyl' 9-max Seat #8 is the button
Seat 1: gomes1925 ($1.05 in chips) 
Seat 2: veall95 ($4.02 in chips) 
Seat 3: Jomar Lessa ($2 in chips) 
Seat 4: Dorex2007 ($3.79 in chips) 
Seat 5: mike1740 ($1.58 in chips) 
Seat 7: realmadrid18win ($0.77 in chips) 
Seat 8: buggspray ($3.44 in chips) 
Seat 9: Demidov V.S. ($1.80 in chips) 
Demidov V.S.: posts small blind $0.01
gomes1925: posts big blind $0.02
*** HOLE CARDS ***
Dealt to Dorex2007 [9h 2c]
veall95: folds 
Jomar Lessa: raises $0.04 to $0.06
Dorex2007: folds 
mike1740: calls $0.06
realmadrid18win: folds 
buggspray: folds 
Demidov V.S.: folds 
gomes1925: folds 
*** FLOP *** [6d Js Qc]
Jomar Lessa: bets $0.12
mike1740: folds 
Uncalled bet ($0.12) returned to Jomar Lessa
Jomar Lessa collected $0.14 from pot
Jomar Lessa: doesn't show hand 
*** SUMMARY ***
Total pot $0.15 | Rake $0.01 
Board [6d Js Qc]
Seat 1: gomes1925 (big blind) folded before Flop
Seat 2: veall95 folded before Flop (didn't bet)
Seat 3: Jomar Lessa collected ($0.14)
Seat 4: Dorex2007 folded before Flop (didn't bet)
Seat 5: mike1740 folded on the Flop
Seat 7: realmadrid18win folded before Flop (didn't bet)
Seat 8: buggspray (button) folded before Flop (didn't bet)
Seat 9: Demidov V.S. (small blind) folded before Flop



PokerStars Hand #230411421328:  Hold'em No Limit ($0.01/$0.02 USD) - 2021/10/06 17:23:24 PT [2021/10/06 20:23:24 ET]
Table 'Tyl' 9-max Seat #9 is the button
Seat 1: gomes1925 ($1.03 in chips) 
Seat 2: veall95 ($4.02 in chips) 
Seat 3: Jomar Lessa ($2.08 in chips) 
Seat 4: Dorex2007 ($3.79 in chips) 
Seat 5: mike1740 ($1.52 in chips) 
Seat 7: realmadrid18win ($0.77 in chips) 
Seat 8: buggspray ($3.44 in chips) 
Seat 9: Demidov V.S. ($1.79 in chips) 
gomes1925: posts small blind $0.01
veall95: posts big blind $0.02
*** HOLE CARDS ***
Dealt to Dorex2007 [Qh 3s]
Jomar Lessa: folds 
Dorex2007: folds 
mike1740: raises $0.04 to $0.06
realmadrid18win has timed out
realmadrid18win: folds 
buggspray: folds 
Demidov V.S.: folds 
gomes1925: folds 
veall95: folds 
Uncalled bet ($0.04) returned to mike1740
mike1740 collected $0.05 from pot
*** SUMMARY ***
Total pot $0.05 | Rake $0 
Seat 1: gomes1925 (small blind) folded before Flop
Seat 2: veall95 (big blind) folded before Flop
Seat 3: Jomar Lessa folded before Flop (didn't bet)
Seat 4: Dorex2007 folded before Flop (didn't bet)
Seat 5: mike1740 collected ($0.05)
Seat 7: realmadrid18win folded before Flop (didn't bet)
Seat 8: buggspray folded before Flop (didn't bet)
Seat 9: Demidov V.S. (button) folded before Flop (didn't bet)



PokerStars Hand #230411429935:  Hold'em No Limit ($0.01/$0.02 USD) - 2021/10/06 17:23:58 PT [2021/10/06 20:23:58 ET]
Table 'Tyl' 9-max Seat #1 is the button
Seat 1: gomes1925 ($1.02 in chips) 
Seat 2: veall95 ($4 in chips) 
Seat 3: Jomar Lessa ($2.08 in chips) 
Seat 4: Dorex2007 ($3.79 in chips) 
Seat 5: mike1740 ($1.55 in chips) 
Seat 8: buggspray ($3.44 in chips) 
Seat 9: Demidov V.S. ($1.79 in chips) 
veall95: posts small blind $0.01
Jomar Lessa: posts big blind $0.02
*** HOLE CARDS ***
Dealt to Dorex2007 [7s 2s]
Dorex2007: raises $0.02 to $0.04
mike1740: calls $0.04
buggspray: folds 
Demidov V.S.: folds 
gomes1925: folds 
veall95: folds 
Jomar Lessa: calls $0.02
*** FLOP *** [8s Qs 3h]
Jomar Lessa: checks 
Dorex2007: bets $0.13
mike1740: folds 
Jomar Lessa: folds 
Uncalled bet ($0.13) returned to Dorex2007
Dorex2007 collected $0.13 from pot
Dorex2007: doesn't show hand 
*** SUMMARY ***
Total pot $0.13 | Rake $0 
Board [8s Qs 3h]
Seat 1: gomes1925 (button) folded before Flop (didn't bet)
Seat 2: veall95 (small blind) folded before Flop
Seat 3: Jomar Lessa (big blind) folded on the Flop
Seat 4: Dorex2007 collected ($0.13)
Seat 5: mike1740 folded on the Flop
Seat 8: buggspray folded before Flop (didn't bet)
Seat 9: Demidov V.S. folded before Flop (didn't bet)



PokerStars Hand #230411451680:  Hold'em No Limit ($0.01/$0.02 USD) - 2021/10/06 17:24:45 PT [2021/10/06 20:24:45 ET]
Table 'Tyl' 9-max Seat #2 is the button
Seat 1: gomes1925 ($2 in chips) 
Seat 2: veall95 ($3.99 in chips) 
Seat 3: Jomar Lessa ($2.04 in chips) 
Seat 4: Dorex2007 ($3.88 in chips) 
Seat 5: mike1740 ($1.51 in chips) 
Seat 7: realmadrid18win ($0.77 in chips) 
Seat 8: buggspray ($3.44 in chips) 
Seat 9: Demidov V.S. ($1.79 in chips) 
Jomar Lessa: posts small blind $0.01
Dorex2007: posts big blind $0.02
*** HOLE CARDS ***
Dealt to Dorex2007 [9c 7h]
mike1740: calls $0.02
realmadrid18win: folds 
buggspray: folds 
Demidov V.S.: folds 
gomes1925: calls $0.02
veall95: folds 
Jomar Lessa: calls $0.01
Dorex2007: checks 
*** FLOP *** [6s Qd 4c]
Jomar Lessa: checks 
Dorex2007: checks 
mike1740: checks 
gomes1925: bets $0.04
Jomar Lessa: calls $0.04
Dorex2007: folds 
mike1740: calls $0.04
*** TURN *** [6s Qd 4c] [6d]
Jomar Lessa: checks 
mike1740: checks 
gomes1925: checks 
*** RIVER *** [6s Qd 4c 6d] [7s]
Jomar Lessa: bets $0.19
mike1740: folds 
gomes1925: calls $0.19
*** SHOW DOWN ***
Jomar Lessa: shows [6h Kc] (three of a kind, Sixes)
gomes1925: mucks hand 
Jomar Lessa collected $0.56 from pot
*** SUMMARY ***
Total pot $0.58 | Rake $0.02 
Board [6s Qd 4c 6d 7s]
Seat 1: gomes1925 mucked [Ac Qs]
Seat 2: veall95 (button) folded before Flop (didn't bet)
Seat 3: Jomar Lessa (small blind) showed [6h Kc] and won ($0.56) with three of a kind, Sixes
Seat 4: Dorex2007 (big blind) folded on the Flop
Seat 5: mike1740 folded on the River
Seat 7: realmadrid18win folded before Flop (didn't bet)
Seat 8: buggspray folded before Flop (didn't bet)
Seat 9: Demidov V.S. folded before Flop (didn't bet)



PokerStars Hand #230411465207:  Hold'em No Limit ($0.01/$0.02 USD) - 2021/10/06 17:25:39 PT [2021/10/06 20:25:39 ET]
Table 'Tyl' 9-max Seat #3 is the button
Seat 1: gomes1925 ($1.75 in chips) 
Seat 2: veall95 ($3.99 in chips) 
Seat 3: Jomar Lessa ($2.35 in chips) 
Seat 4: Dorex2007 ($3.86 in chips) 
Seat 5: mike1740 ($1.45 in chips) 
Seat 7: realmadrid18win ($0.77 in chips) 
Seat 8: buggspray ($3.44 in chips) 
Seat 9: Demidov V.S. ($1.79 in chips) 
Dorex2007: posts small blind $0.01
mike1740: posts big blind $0.02
*** HOLE CARDS ***
Dealt to Dorex2007 [Qc 8s]
realmadrid18win: folds 
buggspray: raises $0.04 to $0.06
Demidov V.S.: folds 
gomes1925: folds 
veall95: folds 
Jomar Lessa: folds 
Dorex2007: folds 
mike1740: calls $0.04
*** FLOP *** [Qs Ad Ah]
mike1740: checks 
buggspray: bets $0.06
mike1740: folds 
Uncalled bet ($0.06) returned to buggspray
buggspray collected $0.13 from pot
buggspray: doesn't show hand 
*** SUMMARY ***
Total pot $0.13 | Rake $0 
Board [Qs Ad Ah]
Seat 1: gomes1925 folded before Flop (didn't bet)
Seat 2: veall95 folded before Flop (didn't bet)
Seat 3: Jomar Lessa (button) folded before Flop (didn't bet)
Seat 4: Dorex2007 (small blind) folded before Flop
Seat 5: mike1740 (big blind) folded on the Flop
Seat 7: realmadrid18win folded before Flop (didn't bet)
Seat 8: buggspray collected ($0.13)
Seat 9: Demidov V.S. folded before Flop (didn't bet)



PokerStars Hand #230411471705:  Hold'em No Limit ($0.01/$0.02 USD) - 2021/10/06 17:26:05 PT [2021/10/06 20:26:05 ET]
Table 'Tyl' 9-max Seat #4 is the button
Seat 1: gomes1925 ($1.75 in chips) 
Seat 2: veall95 ($3.99 in chips) 
Seat 3: Jomar Lessa ($2.35 in chips) 
Seat 4: Dorex2007 ($3.85 in chips) 
Seat 5: mike1740 ($1.39 in chips) 
Seat 7: realmadrid18win ($0.77 in chips) 
Seat 8: buggspray ($3.51 in chips) 
Seat 9: Demidov V.S. ($1.79 in chips) 
mike1740: posts small blind $0.01
realmadrid18win: posts big blind $0.02
*** HOLE CARDS ***
Dealt to Dorex2007 [Ks 5c]
buggspray: folds 
Demidov V.S.: folds 
gomes1925: folds 
veall95: raises $0.02 to $0.04
Jomar Lessa: folds 
Dorex2007: folds 
mike1740: calls $0.03
gomes1925 leaves the table
realmadrid18win: folds 
*** FLOP *** [3d Th 9c]
mike1740: bets $0.05
veall95: calls $0.05
*** TURN *** [3d Th 9c] [3h]
mike1740: checks 
veall95: bets $0.09
mike1740: calls $0.09
*** RIVER *** [3d Th 9c 3h] [4s]
mike1740: checks 
veall95: checks 
*** SHOW DOWN ***
mike1740: shows [Kh Ac] (a pair of Threes)
veall95: shows [2d 2s] (two pair, Threes and Deuces)
veall95 collected $0.37 from pot
*** SUMMARY ***
Total pot $0.38 | Rake $0.01 
Board [3d Th 9c 3h 4s]
Seat 1: gomes1925 folded before Flop (didn't bet)
Seat 2: veall95 showed [2d 2s] and won ($0.37) with two pair, Threes and Deuces
Seat 3: Jomar Lessa folded before Flop (didn't bet)
Seat 4: Dorex2007 (button) folded before Flop (didn't bet)
Seat 5: mike1740 (small blind) showed [Kh Ac] and lost with a pair of Threes
Seat 7: realmadrid18win (big blind) folded before Flop
Seat 8: buggspray folded before Flop (didn't bet)
Seat 9: Demidov V.S. folded before Flop (didn't bet)



PokerStars Hand #230411479508:  Hold'em No Limit ($0.01/$0.02 USD) - 2021/10/06 17:26:36 PT [2021/10/06 20:26:36 ET]
Table 'Tyl' 9-max Seat #5 is the button
Seat 2: veall95 ($4.18 in chips) 
Seat 3: Jomar Lessa ($2.35 in chips) 
Seat 4: Dorex2007 ($3.85 in chips) 
Seat 5: mike1740 ($1.21 in chips) 
Seat 7: realmadrid18win ($0.75 in chips) 
Seat 8: buggspray ($3.51 in chips) 
Seat 9: Demidov V.S. ($1.79 in chips) 
realmadrid18win: posts small blind $0.01
buggspray: posts big blind $0.02
*** HOLE CARDS ***
Dealt to Dorex2007 [Td 2s]
Demidov V.S.: folds 
veall95: folds 
Jomar Lessa: calls $0.02
Dorex2007: folds 
xeneize&ricota joins the table at seat #1 
mike1740: calls $0.02
realmadrid18win: calls $0.01
buggspray: checks 
*** FLOP *** [7h 8d Jd]
realmadrid18win: checks 
buggspray: bets $0.04
Jomar Lessa: calls $0.04
mike1740: calls $0.04
realmadrid18win: folds 
*** TURN *** [7h 8d Jd] [3s]
buggspray: bets $0.07
Jomar Lessa: calls $0.07
mike1740: calls $0.07
*** RIVER *** [7h 8d Jd 3s] [Qh]
buggspray: checks 
Jomar Lessa: checks 
mike1740: bets $0.24
buggspray: folds 
Jomar Lessa: folds 
Uncalled bet ($0.24) returned to mike1740
mike1740 collected $0.40 from pot
*** SUMMARY ***
Total pot $0.41 | Rake $0.01 
Board [7h 8d Jd 3s Qh]
Seat 2: veall95 folded before Flop (didn't bet)
Seat 3: Jomar Lessa folded on the River
Seat 4: Dorex2007 folded before Flop (didn't bet)
Seat 5: mike1740 (button) collected ($0.40)
Seat 7: realmadrid18win (small blind) folded on the Flop
Seat 8: buggspray (big blind) folded on the River
Seat 9: Demidov V.S. folded before Flop (didn't bet)



PokerStars Hand #230411508156:  Hold'em No Limit ($0.01/$0.02 USD) - 2021/10/06 17:28:00 PT [2021/10/06 20:28:00 ET]
Table 'Tyl' 9-max Seat #7 is the button
Seat 2: veall95 ($4.18 in chips) 
Seat 3: Jomar Lessa ($2.22 in chips) 
Seat 4: Dorex2007 ($3.85 in chips) 
Seat 5: mike1740 ($1.48 in chips) 
Seat 7: realmadrid18win ($0.73 in chips) 
Seat 8: buggspray ($3.38 in chips) 
Seat 9: Demidov V.S. ($1.79 in chips) 
buggspray: posts small blind $0.01
Demidov V.S.: posts big blind $0.02
xeneize&ricota: sits out 
*** HOLE CARDS ***
Dealt to Dorex2007 [6d Jd]
veall95: folds 
Jomar Lessa: raises $0.04 to $0.06
Dorex2007: folds 
mike1740: calls $0.06
realmadrid18win: folds 
buggspray: folds 
Demidov V.S.: folds 
*** FLOP *** [Jh Kd 3s]
Jomar Lessa: checks 
mike1740: bets $0.08
Jomar Lessa: raises $0.08 to $0.16
mike1740: folds 
Uncalled bet ($0.08) returned to Jomar Lessa
Jomar Lessa collected $0.30 from pot
Jomar Lessa: doesn't show hand 
*** SUMMARY ***
Total pot $0.31 | Rake $0.01 
Board [Jh Kd 3s]
Seat 2: veall95 folded before Flop (didn't bet)
Seat 3: Jomar Lessa collected ($0.30)
Seat 4: Dorex2007 folded before Flop (didn't bet)
Seat 5: mike1740 folded on the Flop
Seat 7: realmadrid18win (button) folded before Flop (didn't bet)
Seat 8: buggspray (small blind) folded before Flop
Seat 9: Demidov V.S. (big blind) folded before Flop



PokerStars Hand #230411515762:  Hold'em No Limit ($0.01/$0.02 USD) - 2021/10/06 17:28:30 PT [2021/10/06 20:28:30 ET]
Table 'Tyl' 9-max Seat #8 is the button
Seat 1: xeneize&ricota ($1.60 in chips) 
Seat 2: veall95 ($4.18 in chips) 
Seat 3: Jomar Lessa ($2.38 in chips) 
Seat 4: Dorex2007 ($3.85 in chips) 
Seat 5: mike1740 ($1.34 in chips) 
Seat 7: realmadrid18win ($0.73 in chips) 
Seat 8: buggspray ($3.37 in chips) 
Seat 9: Demidov V.S. ($1.77 in chips) 
Demidov V.S.: posts small blind $0.01
xeneize&ricota: posts big blind $0.02
*** HOLE CARDS ***
Dealt to Dorex2007 [As Ah]
veall95: folds 
Jomar Lessa: folds 
Dorex2007: raises $0.04 to $0.06
mike1740: folds 
realmadrid18win: folds 
buggspray: folds 
Demidov V.S.: folds 
xeneize&ricota: folds 
Uncalled bet ($0.04) returned to Dorex2007
Dorex2007 collected $0.05 from pot
Dorex2007: doesn't show hand 
*** SUMMARY ***
Total pot $0.05 | Rake $0 
Seat 1: xeneize&ricota (big blind) folded before Flop
Seat 2: veall95 folded before Flop (didn't bet)
Seat 3: Jomar Lessa folded before Flop (didn't bet)
Seat 4: Dorex2007 collected ($0.05)
Seat 5: mike1740 folded before Flop (didn't bet)
Seat 7: realmadrid18win folded before Flop (didn't bet)
Seat 8: buggspray (button) folded before Flop (didn't bet)
Seat 9: Demidov V.S. (small blind) folded before Flop



PokerStars Hand #230411523295:  Hold'em No Limit ($0.01/$0.02 USD) - 2021/10/06 17:29:00 PT [2021/10/06 20:29:00 ET]
Table 'Tyl' 9-max Seat #9 is the button
Seat 1: xeneize&ricota ($1.58 in chips) 
Seat 2: veall95 ($4.18 in chips) 
Seat 3: Jomar Lessa ($2.38 in chips) 
Seat 4: Dorex2007 ($3.88 in chips) 
Seat 5: mike1740 ($1.34 in chips) 
Seat 7: realmadrid18win ($0.73 in chips) 
Seat 8: buggspray ($3.37 in chips) 
Seat 9: Demidov V.S. ($1.76 in chips) 
xeneize&ricota: posts small blind $0.01
veall95: posts big blind $0.02
*** HOLE CARDS ***
Dealt to Dorex2007 [6h 3d]
Jomar Lessa: calls $0.02
Dorex2007: folds 
mike1740: calls $0.02
realmadrid18win: folds 
buggspray: folds 
Demidov V.S.: folds 
xeneize&ricota: folds 
veall95: checks 
*** FLOP *** [3s Qc Kh]
veall95: checks 
Jomar Lessa: checks 
mike1740: bets $0.04
veall95: calls $0.04
Jomar Lessa: folds 
*** TURN *** [3s Qc Kh] [5c]
veall95: checks 
mike1740: bets $0.08
veall95: calls $0.08
*** RIVER *** [3s Qc Kh 5c] [7d]
veall95: checks 
mike1740: checks 
*** SHOW DOWN ***
veall95: shows [Th Qs] (a pair of Queens)
mike1740: mucks hand 
veall95 collected $0.30 from pot
*** SUMMARY ***
Total pot $0.31 | Rake $0.01 
Board [3s Qc Kh 5c 7d]
Seat 1: xeneize&ricota (small blind) folded before Flop
Seat 2: veall95 (big blind) showed [Th Qs] and won ($0.30) with a pair of Queens
Seat 3: Jomar Lessa folded on the Flop
Seat 4: Dorex2007 folded before Flop (didn't bet)
Seat 5: mike1740 mucked [3c 4c]
Seat 7: realmadrid18win folded before Flop (didn't bet)
Seat 8: buggspray folded before Flop (didn't bet)
Seat 9: Demidov V.S. (button) folded before Flop (didn't bet)



PokerStars Hand #230411534489:  Hold'em No Limit ($0.01/$0.02 USD) - 2021/10/06 17:29:45 PT [2021/10/06 20:29:45 ET]
Table 'Tyl' 9-max Seat #1 is the button
Seat 1: xeneize&ricota ($1.57 in chips) 
Seat 2: veall95 ($4.34 in chips) 
Seat 3: Jomar Lessa ($2.36 in chips) 
Seat 4: Dorex2007 ($3.88 in chips) 
Seat 5: mike1740 ($1.20 in chips) 
Seat 7: realmadrid18win ($0.73 in chips) 
Seat 8: buggspray ($3.37 in chips) 
Seat 9: Demidov V.S. ($1.76 in chips) 
veall95: posts small blind $0.01
Jomar Lessa: posts big blind $0.02
*** HOLE CARDS ***
Dealt to Dorex2007 [Js 3d]
Dorex2007: folds 
mike1740: folds 
realmadrid18win: raises $0.04 to $0.06
buggspray: calls $0.06
Demidov V.S.: folds 
xeneize&ricota: folds 
veall95: folds 
Jomar Lessa: calls $0.04
*** FLOP *** [Jc 7h 7d]
Jomar Lessa: checks 
realmadrid18win: checks 
buggspray: bets $0.09
Jomar Lessa: folds 
realmadrid18win: folds 
Uncalled bet ($0.09) returned to buggspray
buggspray collected $0.18 from pot
buggspray: doesn't show hand 
*** SUMMARY ***
Total pot $0.19 | Rake $0.01 
Board [Jc 7h 7d]
Seat 1: xeneize&ricota (button) folded before Flop (didn't bet)
Seat 2: veall95 (small blind) folded before Flop
Seat 3: Jomar Lessa (big blind) folded on the Flop
Seat 4: Dorex2007 folded before Flop (didn't bet)
Seat 5: mike1740 folded before Flop (didn't bet)
Seat 7: realmadrid18win folded on the Flop
Seat 8: buggspray collected ($0.18)
Seat 9: Demidov V.S. folded before Flop (didn't bet)



PokerStars Hand #230411544923:  Hold'em No Limit ($0.01/$0.02 USD) - 2021/10/06 17:30:26 PT [2021/10/06 20:30:26 ET]
Table 'Tyl' 9-max Seat #2 is the button
Seat 1: xeneize&ricota ($1.57 in chips) 
Seat 2: veall95 ($4.33 in chips) 
Seat 3: Jomar Lessa ($2.30 in chips) 
Seat 4: Dorex2007 ($3.88 in chips) 
Seat 5: mike1740 ($1.20 in chips) 
Seat 7: realmadrid18win ($0.67 in chips) 
Seat 8: buggspray ($3.49 in chips) 
Seat 9: Demidov V.S. ($1.76 in chips) 
Jomar Lessa: posts small blind $0.01
Dorex2007: posts big blind $0.02
*** HOLE CARDS ***
Dealt to Dorex2007 [3d Ah]
mike1740: calls $0.02
realmadrid18win: folds 
buggspray: folds 
Demidov V.S.: folds 
xeneize&ricota: folds 
veall95: folds 
Jomar Lessa: folds 
Dorex2007: checks 
*** FLOP *** [Td Tc Jd]
Dorex2007: checks 
mike1740: bets $0.05
Dorex2007: folds 
Uncalled bet ($0.05) returned to mike1740
mike1740 collected $0.05 from pot
*** SUMMARY ***
Total pot $0.05 | Rake $0 
Board [Td Tc Jd]
Seat 1: xeneize&ricota folded before Flop (didn't bet)
Seat 2: veall95 (button) folded before Flop (didn't bet)
Seat 3: Jomar Lessa (small blind) folded before Flop
Seat 4: Dorex2007 (big blind) folded on the Flop
Seat 5: mike1740 collected ($0.05)
Seat 7: realmadrid18win folded before Flop (didn't bet)
Seat 8: buggspray folded before Flop (didn't bet)
Seat 9: Demidov V.S. folded before Flop (didn't bet)



PokerStars Hand #230411553546:  Hold'em No Limit ($0.01/$0.02 USD) - 2021/10/06 17:31:00 PT [2021/10/06 20:31:00 ET]
Table 'Tyl' 9-max Seat #3 is the button
Seat 1: xeneize&ricota ($1.57 in chips) 
Seat 2: veall95 ($4.33 in chips) 
Seat 3: Jomar Lessa ($2.29 in chips) 
Seat 4: Dorex2007 ($3.86 in chips) 
Seat 5: mike1740 ($1.23 in chips) 
Seat 7: realmadrid18win ($0.67 in chips) 
Seat 8: buggspray ($3.49 in chips) 
Seat 9: Demidov V.S. ($1.76 in chips) 
Dorex2007: posts small blind $0.01
mike1740: posts big blind $0.02
maverick1880: sits out 
*** HOLE CARDS ***
Dealt to Dorex2007 [2s 9h]
realmadrid18win: folds 
buggspray: raises $0.04 to $0.06
Demidov V.S.: folds 
xeneize&ricota: folds 
veall95: folds 
Jomar Lessa: calls $0.06
Dorex2007: folds 
mike1740: calls $0.04
*** FLOP *** [9s 6c 5h]
mike1740: checks 
buggspray: checks 
Jomar Lessa: bets $0.18
mike1740: folds 
buggspray: folds 
Uncalled bet ($0.18) returned to Jomar Lessa
Jomar Lessa collected $0.18 from pot
Jomar Lessa: doesn't show hand 
*** SUMMARY ***
Total pot $0.19 | Rake $0.01 
Board [9s 6c 5h]
Seat 1: xeneize&ricota folded before Flop (didn't bet)
Seat 2: veall95 folded before Flop (didn't bet)
Seat 3: Jomar Lessa (button) collected ($0.18)
Seat 4: Dorex2007 (small blind) folded before Flop
Seat 5: mike1740 (big blind) folded on the Flop
Seat 7: realmadrid18win folded before Flop (didn't bet)
Seat 8: buggspray folded on the Flop
Seat 9: Demidov V.S. folded before Flop (didn't bet)



PokerStars Hand #230411563186:  Hold'em No Limit ($0.01/$0.02 USD) - 2021/10/06 17:31:39 PT [2021/10/06 20:31:39 ET]
Table 'Tyl' 9-max Seat #4 is the button
Seat 1: xeneize&ricota ($1.57 in chips) 
Seat 2: veall95 ($4.33 in chips) 
Seat 3: Jomar Lessa ($2.41 in chips) 
Seat 4: Dorex2007 ($3.85 in chips) 
Seat 5: mike1740 ($1.17 in chips) 
Seat 6: maverick1880 ($2.02 in chips) 
Seat 7: realmadrid18win ($0.67 in chips) 
Seat 8: buggspray ($3.43 in chips) 
Seat 9: Demidov V.S. ($1.76 in chips) 
mike1740: posts small blind $0.01
maverick1880: posts big blind $0.02
*** HOLE CARDS ***
Dealt to Dorex2007 [3d Tc]
realmadrid18win: folds 
buggspray: folds 
Demidov V.S.: folds 
xeneize&ricota: folds 
veall95: folds 
Jomar Lessa: calls $0.02
Dorex2007: folds 
mike1740: calls $0.01
maverick1880: checks 
*** FLOP *** [7h 2c Jd]
mike1740: bets $0.03
maverick1880: folds 
Jomar Lessa: folds 
Uncalled bet ($0.03) returned to mike1740
mike1740 collected $0.06 from pot
*** SUMMARY ***
Total pot $0.06 | Rake $0 
Board [7h 2c Jd]
Seat 1: xeneize&ricota folded before Flop (didn't bet)
Seat 2: veall95 folded before Flop (didn't bet)
Seat 3: Jomar Lessa folded on the Flop
Seat 4: Dorex2007 (button) folded before Flop (didn't bet)
Seat 5: mike1740 (small blind) collected ($0.06)
Seat 6: maverick1880 (big blind) folded on the Flop
Seat 7: realmadrid18win folded before Flop (didn't bet)
Seat 8: buggspray folded before Flop (didn't bet)
Seat 9: Demidov V.S. folded before Flop (didn't bet)



PokerStars Hand #230411571146:  Hold'em No Limit ($0.01/$0.02 USD) - 2021/10/06 17:32:11 PT [2021/10/06 20:32:11 ET]
Table 'Tyl' 9-max Seat #5 is the button
Seat 1: xeneize&ricota ($1.57 in chips) 
Seat 2: veall95 ($4.33 in chips) 
Seat 3: Jomar Lessa ($2.39 in chips) 
Seat 4: Dorex2007 ($3.85 in chips) 
Seat 5: mike1740 ($1.21 in chips) 
Seat 6: maverick1880 ($2 in chips) 
Seat 7: realmadrid18win ($0.67 in chips) 
Seat 8: buggspray ($3.43 in chips) 
Seat 9: Demidov V.S. ($1.76 in chips) 
maverick1880: posts small blind $0.01
realmadrid18win: posts big blind $0.02
*** HOLE CARDS ***
Dealt to Dorex2007 [Td Ad]
buggspray: folds 
Demidov V.S.: folds 
xeneize&ricota: folds 
veall95: folds 
Jomar Lessa: folds 
Dorex2007: raises $0.04 to $0.06
mike1740: calls $0.06
maverick1880: folds 
realmadrid18win: folds 
*** FLOP *** [Jc 9c As]
Dorex2007: bets $0.14
mike1740: folds 
Uncalled bet ($0.14) returned to Dorex2007
Dorex2007 collected $0.14 from pot
Dorex2007: doesn't show hand 
*** SUMMARY ***
Total pot $0.15 | Rake $0.01 
Board [Jc 9c As]
Seat 1: xeneize&ricota folded before Flop (didn't bet)
Seat 2: veall95 folded before Flop (didn't bet)
Seat 3: Jomar Lessa folded before Flop (didn't bet)
Seat 4: Dorex2007 collected ($0.14)
Seat 5: mike1740 (button) folded on the Flop
Seat 6: maverick1880 (small blind) folded before Flop
Seat 7: realmadrid18win (big blind) folded before Flop
Seat 8: buggspray folded before Flop (didn't bet)
Seat 9: Demidov V.S. folded before Flop (didn't bet)



PokerStars Hand #230411579146:  Hold'em No Limit ($0.01/$0.02 USD) - 2021/10/06 17:32:44 PT [2021/10/06 20:32:44 ET]
Table 'Tyl' 9-max Seat #6 is the button
Seat 1: xeneize&ricota ($1.57 in chips) 
Seat 2: veall95 ($4.33 in chips) 
Seat 3: Jomar Lessa ($2.39 in chips) 
Seat 4: Dorex2007 ($3.93 in chips) 
Seat 5: mike1740 ($1.15 in chips) 
Seat 6: maverick1880 ($1.99 in chips) 
Seat 7: realmadrid18win ($0.65 in chips) 
Seat 8: buggspray ($3.43 in chips) 
Seat 9: Demidov V.S. ($1.76 in chips) 
realmadrid18win: posts small blind $0.01
buggspray: posts big blind $0.02
*** HOLE CARDS ***
Dealt to Dorex2007 [6h 8s]
Demidov V.S.: folds 
xeneize&ricota: folds 
veall95: folds 
Jomar Lessa: calls $0.02
Dorex2007: folds 
mike1740: calls $0.02
maverick1880: folds 
realmadrid18win: calls $0.01
buggspray: checks 
*** FLOP *** [4s Td 2h]
realmadrid18win: checks 
buggspray: bets $0.08
Jomar Lessa: folds 
mike1740: folds 
realmadrid18win: folds 
Uncalled bet ($0.08) returned to buggspray
buggspray collected $0.08 from pot
buggspray: doesn't show hand 
*** SUMMARY ***
Total pot $0.08 | Rake $0 
Board [4s Td 2h]
Seat 1: xeneize&ricota folded before Flop (didn't bet)
Seat 2: veall95 folded before Flop (didn't bet)
Seat 3: Jomar Lessa folded on the Flop
Seat 4: Dorex2007 folded before Flop (didn't bet)
Seat 5: mike1740 folded on the Flop
Seat 6: maverick1880 (button) folded before Flop (didn't bet)
Seat 7: realmadrid18win (small blind) folded on the Flop
Seat 8: buggspray (big blind) collected ($0.08)
Seat 9: Demidov V.S. folded before Flop (didn't bet)



PokerStars Hand #230411586534:  Hold'em No Limit ($0.01/$0.02 USD) - 2021/10/06 17:33:13 PT [2021/10/06 20:33:13 ET]
Table 'Tyl' 9-max Seat #7 is the button
Seat 1: xeneize&ricota ($1.57 in chips) 
Seat 2: veall95 ($4.33 in chips) 
Seat 3: Jomar Lessa ($2.37 in chips) 
Seat 4: Dorex2007 ($3.93 in chips) 
Seat 5: mike1740 ($1.13 in chips) 
Seat 6: maverick1880 ($1.99 in chips) 
Seat 7: realmadrid18win ($0.63 in chips) 
Seat 8: buggspray ($3.49 in chips) 
Seat 9: Demidov V.S. ($1.76 in chips) 
buggspray: posts small blind $0.01
Demidov V.S.: posts big blind $0.02
*** HOLE CARDS ***
Dealt to Dorex2007 [3d 9h]
xeneize&ricota: calls $0.02
veall95: folds 
Jomar Lessa: calls $0.02
Dorex2007: folds 
mike1740: calls $0.02
maverick1880: calls $0.02
realmadrid18win: folds 
buggspray: calls $0.01
Demidov V.S.: checks 
*** FLOP *** [7c Kh Ks]
buggspray: checks 
Demidov V.S.: checks 
xeneize&ricota: checks 
Jomar Lessa: checks 
mike1740: checks 
maverick1880: checks 
*** TURN *** [7c Kh Ks] [6d]
buggspray: checks 
Demidov V.S.: checks 
xeneize&ricota: checks 
Jomar Lessa: bets $0.12
mike1740: folds 
maverick1880: folds 
buggspray: folds 
Demidov V.S.: folds 
xeneize&ricota: folds 
Uncalled bet ($0.12) returned to Jomar Lessa
Jomar Lessa collected $0.12 from pot
Jomar Lessa: doesn't show hand 
*** SUMMARY ***
Total pot $0.12 | Rake $0 
Board [7c Kh Ks 6d]
Seat 1: xeneize&ricota folded on the Turn
Seat 2: veall95 folded before Flop (didn't bet)
Seat 3: Jomar Lessa collected ($0.12)
Seat 4: Dorex2007 folded before Flop (didn't bet)
Seat 5: mike1740 folded on the Turn
Seat 6: maverick1880 folded on the Turn
Seat 7: realmadrid18win (button) folded before Flop (didn't bet)
Seat 8: buggspray (small blind) folded on the Turn
Seat 9: Demidov V.S. (big blind) folded on the Turn



PokerStars Hand #230411604603:  Hold'em No Limit ($0.01/$0.02 USD) - 2021/10/06 17:34:27 PT [2021/10/06 20:34:27 ET]
Table 'Tyl' 9-max Seat #8 is the button
Seat 1: xeneize&ricota ($1.55 in chips) 
Seat 2: veall95 ($4.33 in chips) 
Seat 3: Jomar Lessa ($2.47 in chips) 
Seat 4: Dorex2007 ($3.93 in chips) 
Seat 5: mike1740 ($1.11 in chips) 
Seat 6: maverick1880 ($2 in chips) 
Seat 7: realmadrid18win ($0.63 in chips) 
Seat 8: buggspray ($3.47 in chips) 
xeneize&ricota: posts small blind $0.01
veall95: posts big blind $0.02
*** HOLE CARDS ***
Dealt to Dorex2007 [Ts 5d]
Jomar Lessa: folds 
Dorex2007: folds 
mike1740: calls $0.02
maverick1880: folds 
realmadrid18win: folds 
buggspray: raises $0.07 to $0.09
xeneize&ricota: folds 
veall95: folds 
mike1740: calls $0.07
*** FLOP *** [Th 2d Qc]
mike1740: checks 
buggspray: bets $0.20
mike1740: calls $0.20
*** TURN *** [Th 2d Qc] [7c]
mike1740: bets $0.30
buggspray: raises $1.19 to $1.49
mike1740: calls $0.52 and is all-in
Uncalled bet ($0.67) returned to buggspray
*** RIVER *** [Th 2d Qc 7c] [Jd]
*** SHOW DOWN ***
mike1740: shows [Qd Ah] (a pair of Queens)
buggspray: shows [Tc Qh] (two pair, Queens and Tens)
buggspray collected $2.17 from pot
*** SUMMARY ***
Total pot $2.25 | Rake $0.08 
Board [Th 2d Qc 7c Jd]
Seat 1: xeneize&ricota (small blind) folded before Flop
Seat 2: veall95 (big blind) folded before Flop
Seat 3: Jomar Lessa folded before Flop (didn't bet)
Seat 4: Dorex2007 folded before Flop (didn't bet)
Seat 5: mike1740 showed [Qd Ah] and lost with a pair of Queens
Seat 6: maverick1880 folded before Flop (didn't bet)
Seat 7: realmadrid18win folded before Flop (didn't bet)
Seat 8: buggspray (button) showed [Tc Qh] and won ($2.17) with two pair, Queens and Tens



PokerStars Hand #230411615348:  Hold'em No Limit ($0.01/$0.02 USD) - 2021/10/06 17:35:10 PT [2021/10/06 20:35:10 ET]
Table 'Tyl' 9-max Seat #1 is the button
Seat 1: xeneize&ricota ($1.54 in chips) 
Seat 2: veall95 ($4.31 in chips) 
Seat 3: Jomar Lessa ($2.47 in chips) 
Seat 4: Dorex2007 ($3.93 in chips) 
Seat 6: maverick1880 ($2 in chips) 
Seat 7: realmadrid18win ($0.63 in chips) 
Seat 8: buggspray ($4.53 in chips) 
veall95: posts small blind $0.01
Jomar Lessa: posts big blind $0.02
*** HOLE CARDS ***
Dealt to Dorex2007 [Jc Js]
Dorex2007: raises $0.04 to $0.06
maverick1880: folds 
realmadrid18win: folds 
mike1740 leaves the table
buggspray: folds 
xeneize&ricota: calls $0.06
veall95: folds 
Jomar Lessa: calls $0.04
*** FLOP *** [9c 2d 5h]
Jomar Lessa: checks 
Dorex2007: bets $0.18
xeneize&ricota: calls $0.18
Jomar Lessa: raises $0.30 to $0.48
Dorex2007: calls $0.30
xeneize&ricota: folds 
*** TURN *** [9c 2d 5h] [Kc]
Jomar Lessa: checks 
Dorex2007: bets $0.64
Jomar Lessa: calls $0.64
*** RIVER *** [9c 2d 5h Kc] [8s]
Jomar Lessa: checks 
Dorex2007: checks 
*** SHOW DOWN ***
Jomar Lessa: shows [2s 2h] (three of a kind, Deuces)
Dorex2007: mucks hand 
Jomar Lessa collected $2.52 from pot
*** SUMMARY ***
Total pot $2.61 | Rake $0.09 
Board [9c 2d 5h Kc 8s]
Seat 1: xeneize&ricota (button) folded on the Flop
Seat 2: veall95 (small blind) folded before Flop
Seat 3: Jomar Lessa (big blind) showed [2s 2h] and won ($2.52) with three of a kind, Deuces
Seat 4: Dorex2007 mucked [Jc Js]
Seat 6: maverick1880 folded before Flop (didn't bet)
Seat 7: realmadrid18win folded before Flop (didn't bet)
Seat 8: buggspray folded before Flop (didn't bet)



PokerStars Hand #230411634339:  Hold'em No Limit ($0.01/$0.02 USD) - 2021/10/06 17:36:27 PT [2021/10/06 20:36:27 ET]
Table 'Tyl' 9-max Seat #2 is the button
Seat 1: xeneize&ricota ($1.30 in chips) 
Seat 2: veall95 ($4.30 in chips) 
Seat 3: Jomar Lessa ($3.81 in chips) 
Seat 4: Dorex2007 ($2.75 in chips) 
Seat 6: maverick1880 ($2 in chips) 
Seat 7: realmadrid18win ($0.63 in chips) 
Seat 8: buggspray ($4.53 in chips) 
Jomar Lessa: posts small blind $0.01
Dorex2007: posts big blind $0.02
*** HOLE CARDS ***
Dealt to Dorex2007 [4c Th]
maverick1880: raises $0.04 to $0.06
realmadrid18win: folds 
buggspray: folds 
xeneize&ricota: folds 
veall95: folds 
Jomar Lessa: folds 
Dorex2007: folds 
Uncalled bet ($0.04) returned to maverick1880
maverick1880 collected $0.05 from pot
maverick1880: doesn't show hand 
*** SUMMARY ***
Total pot $0.05 | Rake $0 
Seat 1: xeneize&ricota folded before Flop (didn't bet)
Seat 2: veall95 (button) folded before Flop (didn't bet)
Seat 3: Jomar Lessa (small blind) folded before Flop
Seat 4: Dorex2007 (big blind) folded before Flop
Seat 6: maverick1880 collected ($0.05)
Seat 7: realmadrid18win folded before Flop (didn't bet)
Seat 8: buggspray folded before Flop (didn't bet)



PokerStars Hand #230411637704:  Hold'em No Limit ($0.01/$0.02 USD) - 2021/10/06 17:36:40 PT [2021/10/06 20:36:40 ET]
Table 'Tyl' 9-max Seat #3 is the button
Seat 1: xeneize&ricota ($2 in chips) 
Seat 2: veall95 ($4.30 in chips) 
Seat 3: Jomar Lessa ($3.80 in chips) 
Seat 4: Dorex2007 ($2.73 in chips) 
Seat 6: maverick1880 ($2.03 in chips) 
Seat 7: realmadrid18win ($0.63 in chips) 
Seat 8: buggspray ($4.53 in chips) 
Dorex2007: posts small blind $0.01
maverick1880: posts big blind $0.02
*** HOLE CARDS ***
Dealt to Dorex2007 [7d 4s]
realmadrid18win: folds 
buggspray: folds 
xeneize&ricota: folds 
veall95: raises $0.02 to $0.04
Jomar Lessa: calls $0.04
Dorex2007: folds 
maverick1880: calls $0.02
*** FLOP *** [Qc Td 4d]
maverick1880: checks 
veall95: checks 
Jomar Lessa: checks 
*** TURN *** [Qc Td 4d] [5h]
maverick1880: checks 
veall95: checks 
Jomar Lessa: bets $0.12
maverick1880: folds 
veall95: folds 
Uncalled bet ($0.12) returned to Jomar Lessa
Jomar Lessa collected $0.13 from pot
Jomar Lessa: doesn't show hand 
*** SUMMARY ***
Total pot $0.13 | Rake $0 
Board [Qc Td 4d 5h]
Seat 1: xeneize&ricota folded before Flop (didn't bet)
Seat 2: veall95 folded on the Turn
Seat 3: Jomar Lessa (button) collected ($0.13)
Seat 4: Dorex2007 (small blind) folded before Flop
Seat 6: maverick1880 (big blind) folded on the Turn
Seat 7: realmadrid18win folded before Flop (didn't bet)
Seat 8: buggspray folded before Flop (didn't bet)



PokerStars Hand #230411647116:  Hold'em No Limit ($0.01/$0.02 USD) - 2021/10/06 17:37:18 PT [2021/10/06 20:37:18 ET]
Table 'Tyl' 9-max Seat #4 is the button
Seat 1: xeneize&ricota ($2 in chips) 
Seat 2: veall95 ($4.26 in chips) 
Seat 3: Jomar Lessa ($3.89 in chips) 
Seat 4: Dorex2007 ($2.72 in chips) 
Seat 6: maverick1880 ($1.99 in chips) 
Seat 7: realmadrid18win ($0.63 in chips) 
Seat 8: buggspray ($4.53 in chips) 
maverick1880: posts small blind $0.01
realmadrid18win: posts big blind $0.02
Demidov V.S.: sits out 
*** HOLE CARDS ***
Dealt to Dorex2007 [5s 6s]
buggspray: folds 
xeneize&ricota: folds 
veall95: folds 
Jomar Lessa: calls $0.02
Dorex2007: calls $0.02
maverick1880: folds 
realmadrid18win: checks 
*** FLOP *** [6c 4s 8h]
realmadrid18win: checks 
Jomar Lessa: checks 
okotokian1 joins the table at seat #5 
Dorex2007: bets $0.05
realmadrid18win: folds 
Jomar Lessa: calls $0.05
*** TURN *** [6c 4s 8h] [3c]
Jomar Lessa: checks 
Dorex2007: checks 
*** RIVER *** [6c 4s 8h 3c] [4d]
Jomar Lessa: bets $0.12
Dorex2007: calls $0.12
*** SHOW DOWN ***
Jomar Lessa: shows [Jh Ks] (a pair of Fours)
Dorex2007: shows [5s 6s] (two pair, Sixes and Fours)
Dorex2007 collected $0.40 from pot
*** SUMMARY ***
Total pot $0.41 | Rake $0.01 
Board [6c 4s 8h 3c 4d]
Seat 1: xeneize&ricota folded before Flop (didn't bet)
Seat 2: veall95 folded before Flop (didn't bet)
Seat 3: Jomar Lessa showed [Jh Ks] and lost with a pair of Fours
Seat 4: Dorex2007 (button) showed [5s 6s] and won ($0.40) with two pair, Sixes and Fours
Seat 6: maverick1880 (small blind) folded before Flop
Seat 7: realmadrid18win (big blind) folded on the Flop
Seat 8: buggspray folded before Flop (didn't bet)



PokerStars Hand #230411662480:  Hold'em No Limit ($0.01/$0.02 USD) - 2021/10/06 17:38:21 PT [2021/10/06 20:38:21 ET]
Table 'Tyl' 9-max Seat #6 is the button
Seat 1: xeneize&ricota ($2 in chips) 
Seat 2: veall95 ($4.26 in chips) 
Seat 3: Jomar Lessa ($3.70 in chips) 
Seat 4: Dorex2007 ($2.93 in chips) 
Seat 6: maverick1880 ($1.98 in chips) 
Seat 7: realmadrid18win ($0.61 in chips) 
Seat 9: Demidov V.S. ($1.74 in chips) 
realmadrid18win: posts small blind $0.01
buggspray: is sitting out 
Demidov V.S.: posts big blind $0.02
okotokian1: sits out 
*** HOLE CARDS ***
Dealt to Dorex2007 [Ah 2h]
xeneize&ricota: folds 
veall95: folds 
Jomar Lessa: calls $0.02
Dorex2007: folds 
maverick1880: raises $0.05 to $0.07
realmadrid18win: folds 
Demidov V.S.: folds 
Jomar Lessa: calls $0.05
*** FLOP *** [6c 9h 6d]
Jomar Lessa: checks 
maverick1880: bets $0.05
Jomar Lessa: raises $0.05 to $0.10
maverick1880: calls $0.05
*** TURN *** [6c 9h 6d] [8d]
Jomar Lessa: bets $0.12
maverick1880: folds 
Uncalled bet ($0.12) returned to Jomar Lessa
Jomar Lessa collected $0.36 from pot
Jomar Lessa: doesn't show hand 
*** SUMMARY ***
Total pot $0.37 | Rake $0.01 
Board [6c 9h 6d 8d]
Seat 1: xeneize&ricota folded before Flop (didn't bet)
Seat 2: veall95 folded before Flop (didn't bet)
Seat 3: Jomar Lessa collected ($0.36)
Seat 4: Dorex2007 folded before Flop (didn't bet)
Seat 6: maverick1880 (button) folded on the Turn
Seat 7: realmadrid18win (small blind) folded before Flop
Seat 9: Demidov V.S. (big blind) folded before Flop



PokerStars Hand #230411672691:  Hold'em No Limit ($0.01/$0.02 USD) - 2021/10/06 17:39:02 PT [2021/10/06 20:39:02 ET]
Table 'Tyl' 9-max Seat #7 is the button
Seat 1: xeneize&ricota ($2 in chips) 
Seat 2: veall95 ($4.26 in chips) 
Seat 3: Jomar Lessa ($3.89 in chips) 
Seat 4: Dorex2007 ($2.93 in chips) 
Seat 6: maverick1880 ($2 in chips) 
Seat 7: realmadrid18win ($0.60 in chips) 
Seat 9: Demidov V.S. ($1.72 in chips) 
Demidov V.S.: posts small blind $0.01
xeneize&ricota: posts big blind $0.02
okotokian1: sits out 
*** HOLE CARDS ***
Dealt to Dorex2007 [Ts 8h]
veall95: folds 
Jomar Lessa: calls $0.02
Dorex2007: folds 
maverick1880: folds 
realmadrid18win has timed out
realmadrid18win: folds 
Demidov V.S.: folds 
xeneize&ricota: checks 
*** FLOP *** [7c 9s 2h]
xeneize&ricota: checks 
Jomar Lessa: checks 
*** TURN *** [7c 9s 2h] [7h]
xeneize&ricota: checks 
Jomar Lessa: checks 
*** RIVER *** [7c 9s 2h 7h] [3c]
xeneize&ricota: checks 
Jomar Lessa: checks 
*** SHOW DOWN ***
xeneize&ricota: shows [3h Qc] (two pair, Sevens and Threes)
Jomar Lessa: mucks hand 
xeneize&ricota collected $0.05 from pot
*** SUMMARY ***
Total pot $0.05 | Rake $0 
Board [7c 9s 2h 7h 3c]
Seat 1: xeneize&ricota (big blind) showed [3h Qc] and won ($0.05) with two pair, Sevens and Threes
Seat 2: veall95 folded before Flop (didn't bet)
Seat 3: Jomar Lessa mucked [5c 6c]
Seat 4: Dorex2007 folded before Flop (didn't bet)
Seat 6: maverick1880 folded before Flop (didn't bet)
Seat 7: realmadrid18win (button) folded before Flop (didn't bet)
Seat 9: Demidov V.S. (small blind) folded before Flop



PokerStars Hand #230411690091:  Hold'em No Limit ($0.01/$0.02 USD) - 2021/10/06 17:40:13 PT [2021/10/06 20:40:13 ET]
Table 'Tyl' 9-max Seat #9 is the button
Seat 1: xeneize&ricota ($2.03 in chips) 
Seat 2: veall95 ($4.26 in chips) 
Seat 3: Jomar Lessa ($3.87 in chips) 
Seat 4: Dorex2007 ($2.93 in chips) 
Seat 6: maverick1880 ($2 in chips) 
Seat 7: realmadrid18win ($0.60 in chips) 
Seat 9: Demidov V.S. ($1.71 in chips) 
xeneize&ricota: posts small blind $0.01
veall95: posts big blind $0.02
okotokian1: sits out 
*** HOLE CARDS ***
Dealt to Dorex2007 [Qc Qs]
Jomar Lessa: folds 
Dorex2007: raises $0.04 to $0.06
maverick1880: folds 
realmadrid18win: folds 
Demidov V.S.: folds 
xeneize&ricota: folds 
veall95: folds 
Uncalled bet ($0.04) returned to Dorex2007
Dorex2007 collected $0.05 from pot
Dorex2007: doesn't show hand 
*** SUMMARY ***
Total pot $0.05 | Rake $0 
Seat 1: xeneize&ricota (small blind) folded before Flop
Seat 2: veall95 (big blind) folded before Flop
Seat 3: Jomar Lessa folded before Flop (didn't bet)
Seat 4: Dorex2007 collected ($0.05)
Seat 6: maverick1880 folded before Flop (didn't bet)
Seat 7: realmadrid18win folded before Flop (didn't bet)
Seat 9: Demidov V.S. (button) folded before Flop (didn't bet)



PokerStars Hand #230411693734:  Hold'em No Limit ($0.01/$0.02 USD) - 2021/10/06 17:40:28 PT [2021/10/06 20:40:28 ET]
Table 'Tyl' 9-max Seat #1 is the button
Seat 1: xeneize&ricota ($2.02 in chips) 
Seat 2: veall95 ($4.24 in chips) 
Seat 3: Jomar Lessa ($3.87 in chips) 
Seat 4: Dorex2007 ($2.96 in chips) 
Seat 6: maverick1880 ($2 in chips) 
Seat 7: realmadrid18win ($0.60 in chips) 
Seat 9: Demidov V.S. ($1.71 in chips) 
veall95: posts small blind $0.01
Jomar Lessa: posts big blind $0.02
okotokian1: sits out 
*** HOLE CARDS ***
Dealt to Dorex2007 [9c 7d]
Dorex2007: folds 
maverick1880: folds 
realmadrid18win: folds 
Demidov V.S.: folds 
buggspray leaves the table
xeneize&ricota: folds 
veall95: folds 
Uncalled bet ($0.01) returned to Jomar Lessa
Jomar Lessa collected $0.02 from pot
Jomar Lessa: doesn't show hand 
*** SUMMARY ***
Total pot $0.02 | Rake $0 
Seat 1: xeneize&ricota (button) folded before Flop (didn't bet)
Seat 2: veall95 (small blind) folded before Flop
Seat 3: Jomar Lessa (big blind) collected ($0.02)
Seat 4: Dorex2007 folded before Flop (didn't bet)
Seat 6: maverick1880 folded before Flop (didn't bet)
Seat 7: realmadrid18win folded before Flop (didn't bet)
Seat 9: Demidov V.S. folded before Flop (didn't bet)



