PokerStars Hand #228172070643:  Hold'em No Limit ($0.01/$0.02 USD) - 2021/07/09 12:56:33 PT [2021/07/09 15:56:33 ET]
Table 'Arduina IV' 9-max Seat #2 is the button
Seat 1: ktmac15 ($1.48 in chips) 
Seat 2: DenyLi ($2.85 in chips) 
Seat 3: pokadi40 ($0.57 in chips) 
Seat 5: Nikk05 ($1.72 in chips) 
Seat 6: cebrail1 ($2.07 in chips) 
Seat 7: zhdipakety ($2.88 in chips) 
Seat 8: Dorex2007 ($2 in chips) 
Seat 9: Roman.Leo75 ($1.97 in chips) 
pokadi40: posts small blind $0.01
HungAngry: is sitting out 
Nikk05: posts big blind $0.02
Dorex2007: posts big blind $0.02
*** HOLE CARDS ***
Dealt to Dorex2007 [9c 4c]
cebrail1: folds 
zhdipakety: raises $0.02 to $0.04
Dorex2007: folds 
Roman.Leo75: folds 
ktmac15: folds 
DenyLi: folds 
pokadi40: calls $0.03
Nikk05: calls $0.02
*** FLOP *** [Jh Jc 6d]
pokadi40: checks 
Nikk05: checks 
zhdipakety: checks 
*** TURN *** [Jh Jc 6d] [Js]
pokadi40: bets $0.06
Nikk05: folds 
zhdipakety: calls $0.06
*** RIVER *** [Jh Jc 6d Js] [8s]
pokadi40: bets $0.06
zhdipakety: folds 
Uncalled bet ($0.06) returned to pokadi40
pokadi40 collected $0.25 from pot
pokadi40: doesn't show hand 
*** SUMMARY ***
Total pot $0.26 | Rake $0.01 
Board [Jh Jc 6d Js 8s]
Seat 1: ktmac15 folded before Flop (didn't bet)
Seat 2: DenyLi (button) folded before Flop (didn't bet)
Seat 3: pokadi40 (small blind) collected ($0.25)
Seat 5: Nikk05 (big blind) folded on the Turn
Seat 6: cebrail1 folded before Flop (didn't bet)
Seat 7: zhdipakety folded on the River
Seat 8: Dorex2007 folded before Flop (didn't bet)
Seat 9: Roman.Leo75 folded before Flop (didn't bet)



PokerStars Hand #228172087695:  Hold'em No Limit ($0.01/$0.02 USD) - 2021/07/09 12:57:24 PT [2021/07/09 15:57:24 ET]
Table 'Arduina IV' 9-max Seat #3 is the button
Seat 1: ktmac15 ($1.48 in chips) 
Seat 2: DenyLi ($2.85 in chips) 
Seat 3: pokadi40 ($0.72 in chips) 
Seat 5: Nikk05 ($1.68 in chips) 
Seat 6: cebrail1 ($2.07 in chips) 
Seat 7: zhdipakety ($2.78 in chips) 
Seat 8: Dorex2007 ($1.98 in chips) 
Seat 9: Roman.Leo75 ($1.97 in chips) 
Nikk05: posts small blind $0.01
cebrail1: posts big blind $0.02
*** HOLE CARDS ***
Dealt to Dorex2007 [Qd Jh]
zhdipakety: raises $0.02 to $0.04
Dorex2007: folds 
Roman.Leo75: folds 
ktmac15: folds 
DenyLi: folds 
pokadi40: calls $0.04
Nikk05: folds 
cebrail1: folds 
*** FLOP *** [Td As 6d]
zhdipakety: checks 
pokadi40: checks 
*** TURN *** [Td As 6d] [2s]
zhdipakety: checks 
pokadi40: bets $0.02
zhdipakety: calls $0.02
*** RIVER *** [Td As 6d 2s] [2d]
zhdipakety: checks 
pokadi40: bets $0.10
zhdipakety: calls $0.10
*** SHOW DOWN ***
pokadi40: shows [7d Qh] (a pair of Deuces)
zhdipakety: shows [Js Tc] (two pair, Tens and Deuces)
zhdipakety collected $0.34 from pot
*** SUMMARY ***
Total pot $0.35 | Rake $0.01 
Board [Td As 6d 2s 2d]
Seat 1: ktmac15 folded before Flop (didn't bet)
Seat 2: DenyLi folded before Flop (didn't bet)
Seat 3: pokadi40 (button) showed [7d Qh] and lost with a pair of Deuces
Seat 5: Nikk05 (small blind) folded before Flop
Seat 6: cebrail1 (big blind) folded before Flop
Seat 7: zhdipakety showed [Js Tc] and won ($0.34) with two pair, Tens and Deuces
Seat 8: Dorex2007 folded before Flop (didn't bet)
Seat 9: Roman.Leo75 folded before Flop (didn't bet)



PokerStars Hand #228172097529:  Hold'em No Limit ($0.01/$0.02 USD) - 2021/07/09 12:57:54 PT [2021/07/09 15:57:54 ET]
Table 'Arduina IV' 9-max Seat #5 is the button
Seat 1: ktmac15 ($1.48 in chips) 
Seat 2: DenyLi ($2.85 in chips) 
Seat 3: pokadi40 ($0.56 in chips) 
Seat 5: Nikk05 ($1.67 in chips) 
Seat 6: cebrail1 ($2.05 in chips) 
Seat 7: zhdipakety ($2.96 in chips) 
Seat 8: Dorex2007 ($1.98 in chips) 
Seat 9: Roman.Leo75 ($1.97 in chips) 
cebrail1: posts small blind $0.01
zhdipakety: posts big blind $0.02
*** HOLE CARDS ***
Dealt to Dorex2007 [Jd 6h]
Dorex2007: folds 
Roman.Leo75: folds 
ktmac15: folds 
DenyLi: raises $0.04 to $0.06
pokadi40: folds 
Nikk05: folds 
cebrail1: folds 
zhdipakety: folds 
Uncalled bet ($0.04) returned to DenyLi
DenyLi collected $0.05 from pot
*** SUMMARY ***
Total pot $0.05 | Rake $0 
Seat 1: ktmac15 folded before Flop (didn't bet)
Seat 2: DenyLi collected ($0.05)
Seat 3: pokadi40 folded before Flop (didn't bet)
Seat 5: Nikk05 (button) folded before Flop (didn't bet)
Seat 6: cebrail1 (small blind) folded before Flop
Seat 7: zhdipakety (big blind) folded before Flop
Seat 8: Dorex2007 folded before Flop (didn't bet)
Seat 9: Roman.Leo75 folded before Flop (didn't bet)



PokerStars Hand #228172102664:  Hold'em No Limit ($0.01/$0.02 USD) - 2021/07/09 12:58:09 PT [2021/07/09 15:58:09 ET]
Table 'Arduina IV' 9-max Seat #6 is the button
Seat 1: ktmac15 ($1.48 in chips) 
Seat 2: DenyLi ($2.88 in chips) 
Seat 3: pokadi40 ($0.56 in chips) 
Seat 5: Nikk05 ($1.67 in chips) 
Seat 6: cebrail1 ($2.04 in chips) 
Seat 7: zhdipakety ($2.94 in chips) 
Seat 8: Dorex2007 ($1.98 in chips) 
Seat 9: Roman.Leo75 ($1.97 in chips) 
zhdipakety: posts small blind $0.01
Dorex2007: posts big blind $0.02
*** HOLE CARDS ***
Dealt to Dorex2007 [Ad 7s]
Roman.Leo75: raises $0.04 to $0.06
ktmac15: folds 
DenyLi: folds 
pokadi40: calls $0.06
Nikk05: folds 
cebrail1: folds 
zhdipakety: folds 
Dorex2007: folds 
*** FLOP *** [Qh Ac Js]
Roman.Leo75: checks 
pokadi40: bets $0.06
Roman.Leo75: calls $0.06
*** TURN *** [Qh Ac Js] [Kh]
Roman.Leo75: checks 
pokadi40: bets $0.14
Roman.Leo75: calls $0.14
*** RIVER *** [Qh Ac Js Kh] [Td]
Roman.Leo75: checks 
pokadi40: checks 
*** SHOW DOWN ***
Roman.Leo75: shows [Jd Jh] (a straight, Ten to Ace)
pokadi40: shows [5s As] (a straight, Ten to Ace)
Roman.Leo75 collected $0.27 from pot
pokadi40 collected $0.26 from pot
*** SUMMARY ***
Total pot $0.55 | Rake $0.02 
Board [Qh Ac Js Kh Td]
Seat 1: ktmac15 folded before Flop (didn't bet)
Seat 2: DenyLi folded before Flop (didn't bet)
Seat 3: pokadi40 showed [5s As] and won ($0.26) with a straight, Ten to Ace
Seat 5: Nikk05 folded before Flop (didn't bet)
Seat 6: cebrail1 (button) folded before Flop (didn't bet)
Seat 7: zhdipakety (small blind) folded before Flop
Seat 8: Dorex2007 (big blind) folded before Flop
Seat 9: Roman.Leo75 showed [Jd Jh] and won ($0.27) with a straight, Ten to Ace



PokerStars Hand #228172120127:  Hold'em No Limit ($0.01/$0.02 USD) - 2021/07/09 12:59:01 PT [2021/07/09 15:59:01 ET]
Table 'Arduina IV' 9-max Seat #7 is the button
Seat 1: ktmac15 ($1.48 in chips) 
Seat 2: DenyLi ($2.88 in chips) 
Seat 3: pokadi40 ($0.56 in chips) 
Seat 5: Nikk05 ($1.67 in chips) 
Seat 6: cebrail1 ($2.04 in chips) 
Seat 7: zhdipakety ($2.93 in chips) 
Seat 8: Dorex2007 ($1.96 in chips) 
Seat 9: Roman.Leo75 ($1.98 in chips) 
Dorex2007: posts small blind $0.01
Roman.Leo75: posts big blind $0.02
*** HOLE CARDS ***
Dealt to Dorex2007 [7d 4d]
ktmac15: folds 
DenyLi: folds 
pokadi40: calls $0.02
Nikk05: folds 
cebrail1: folds 
zhdipakety: calls $0.02
Dorex2007: folds 
Roman.Leo75: checks 
*** FLOP *** [Kd 3s 7h]
Roman.Leo75: checks 
pokadi40: checks 
zhdipakety: bets $0.04
Roman.Leo75: folds 
pokadi40: calls $0.04
*** TURN *** [Kd 3s 7h] [9d]
pokadi40: bets $0.02
zhdipakety: calls $0.02
*** RIVER *** [Kd 3s 7h 9d] [5d]
pokadi40: bets $0.06
zhdipakety: calls $0.06
*** SHOW DOWN ***
pokadi40: shows [7s 8c] (a pair of Sevens)
zhdipakety: mucks hand 
pokadi40 collected $0.30 from pot
*** SUMMARY ***
Total pot $0.31 | Rake $0.01 
Board [Kd 3s 7h 9d 5d]
Seat 1: ktmac15 folded before Flop (didn't bet)
Seat 2: DenyLi folded before Flop (didn't bet)
Seat 3: pokadi40 showed [7s 8c] and won ($0.30) with a pair of Sevens
Seat 5: Nikk05 folded before Flop (didn't bet)
Seat 6: cebrail1 folded before Flop (didn't bet)
Seat 7: zhdipakety (button) mucked [6c 6s]
Seat 8: Dorex2007 (small blind) folded before Flop
Seat 9: Roman.Leo75 (big blind) folded on the Flop



PokerStars Hand #228172133325:  Hold'em No Limit ($0.01/$0.02 USD) - 2021/07/09 12:59:40 PT [2021/07/09 15:59:40 ET]
Table 'Arduina IV' 9-max Seat #8 is the button
Seat 1: ktmac15 ($1.48 in chips) 
Seat 2: DenyLi ($2.88 in chips) 
Seat 3: pokadi40 ($0.72 in chips) 
Seat 5: Nikk05 ($1.67 in chips) 
Seat 6: cebrail1 ($2.04 in chips) 
Seat 7: zhdipakety ($2.79 in chips) 
Seat 8: Dorex2007 ($1.95 in chips) 
Seat 9: Roman.Leo75 ($1.96 in chips) 
Roman.Leo75: posts small blind $0.01
ktmac15: posts big blind $0.02
*** HOLE CARDS ***
Dealt to Dorex2007 [8c 6s]
DenyLi: folds 
pokadi40: calls $0.02
Nikk05: folds 
cebrail1: folds 
zhdipakety: raises $0.02 to $0.04
Dorex2007: folds 
Roman.Leo75: folds 
ktmac15: calls $0.02
pokadi40: calls $0.02
*** FLOP *** [4c 5h Th]
ktmac15: checks 
pokadi40: checks 
zhdipakety: checks 
*** TURN *** [4c 5h Th] [Ts]
ktmac15: bets $0.04
pokadi40: calls $0.04
zhdipakety: calls $0.04
*** RIVER *** [4c 5h Th Ts] [3d]
ktmac15: checks 
pokadi40: bets $0.06
zhdipakety: calls $0.06
ktmac15: folds 
*** SHOW DOWN ***
pokadi40: shows [Jc Js] (two pair, Jacks and Tens)
zhdipakety: mucks hand 
pokadi40 collected $0.36 from pot
*** SUMMARY ***
Total pot $0.37 | Rake $0.01 
Board [4c 5h Th Ts 3d]
Seat 1: ktmac15 (big blind) folded on the River
Seat 2: DenyLi folded before Flop (didn't bet)
Seat 3: pokadi40 showed [Jc Js] and won ($0.36) with two pair, Jacks and Tens
Seat 5: Nikk05 folded before Flop (didn't bet)
Seat 6: cebrail1 folded before Flop (didn't bet)
Seat 7: zhdipakety mucked [2d 2h]
Seat 8: Dorex2007 (button) folded before Flop (didn't bet)
Seat 9: Roman.Leo75 (small blind) folded before Flop



PokerStars Hand #228172148460:  Hold'em No Limit ($0.01/$0.02 USD) - 2021/07/09 13:00:23 PT [2021/07/09 16:00:23 ET]
Table 'Arduina IV' 9-max Seat #9 is the button
Seat 1: ktmac15 ($1.40 in chips) 
Seat 2: DenyLi ($2.88 in chips) 
Seat 3: pokadi40 ($0.94 in chips) 
Seat 5: Nikk05 ($1.67 in chips) 
Seat 6: cebrail1 ($2.04 in chips) 
Seat 7: zhdipakety ($2.65 in chips) 
Seat 8: Dorex2007 ($1.95 in chips) 
Seat 9: Roman.Leo75 ($1.95 in chips) 
ktmac15: posts small blind $0.01
DenyLi: posts big blind $0.02
*** HOLE CARDS ***
Dealt to Dorex2007 [Tc 5h]
pokadi40: calls $0.02
Nikk05: folds 
cebrail1: folds 
zhdipakety: raises $0.02 to $0.04
Dorex2007: folds 
Roman.Leo75: folds 
ktmac15: folds 
DenyLi: folds 
pokadi40: calls $0.02
*** FLOP *** [Ad Qh Ah]
pokadi40: bets $0.06
zhdipakety: calls $0.06
*** TURN *** [Ad Qh Ah] [3s]
pokadi40: bets $0.06
zhdipakety: folds 
Uncalled bet ($0.06) returned to pokadi40
pokadi40 collected $0.22 from pot
pokadi40: doesn't show hand 
*** SUMMARY ***
Total pot $0.23 | Rake $0.01 
Board [Ad Qh Ah 3s]
Seat 1: ktmac15 (small blind) folded before Flop
Seat 2: DenyLi (big blind) folded before Flop
Seat 3: pokadi40 collected ($0.22)
Seat 5: Nikk05 folded before Flop (didn't bet)
Seat 6: cebrail1 folded before Flop (didn't bet)
Seat 7: zhdipakety folded on the Turn
Seat 8: Dorex2007 folded before Flop (didn't bet)
Seat 9: Roman.Leo75 (button) folded before Flop (didn't bet)



PokerStars Hand #228172162758:  Hold'em No Limit ($0.01/$0.02 USD) - 2021/07/09 13:01:02 PT [2021/07/09 16:01:02 ET]
Table 'Arduina IV' 9-max Seat #1 is the button
Seat 1: ktmac15 ($1.39 in chips) 
Seat 2: DenyLi ($2.86 in chips) 
Seat 3: pokadi40 ($1.06 in chips) 
Seat 5: Nikk05 ($1.67 in chips) 
Seat 6: cebrail1 ($2.04 in chips) 
Seat 7: zhdipakety ($2.55 in chips) 
Seat 8: Dorex2007 ($1.95 in chips) 
Seat 9: Roman.Leo75 ($1.95 in chips) 
DenyLi: posts small blind $0.01
pokadi40: posts big blind $0.02
*** HOLE CARDS ***
Dealt to Dorex2007 [Jh Tc]
Nikk05: folds 
cebrail1: folds 
zhdipakety: raises $0.02 to $0.04
Dorex2007: folds 
Roman.Leo75: folds 
ktmac15: folds 
DenyLi: folds 
pokadi40: folds 
Uncalled bet ($0.02) returned to zhdipakety
zhdipakety collected $0.05 from pot
zhdipakety: doesn't show hand 
*** SUMMARY ***
Total pot $0.05 | Rake $0 
Seat 1: ktmac15 (button) folded before Flop (didn't bet)
Seat 2: DenyLi (small blind) folded before Flop
Seat 3: pokadi40 (big blind) folded before Flop
Seat 5: Nikk05 folded before Flop (didn't bet)
Seat 6: cebrail1 folded before Flop (didn't bet)
Seat 7: zhdipakety collected ($0.05)
Seat 8: Dorex2007 folded before Flop (didn't bet)
Seat 9: Roman.Leo75 folded before Flop (didn't bet)



PokerStars Hand #228172169951:  Hold'em No Limit ($0.01/$0.02 USD) - 2021/07/09 13:01:19 PT [2021/07/09 16:01:19 ET]
Table 'Arduina IV' 9-max Seat #2 is the button
Seat 1: ktmac15 ($1.39 in chips) 
Seat 2: DenyLi ($2.85 in chips) 
Seat 3: pokadi40 ($1.04 in chips) 
Seat 5: Nikk05 ($1.67 in chips) 
Seat 6: cebrail1 ($2.04 in chips) 
Seat 7: zhdipakety ($2.58 in chips) 
Seat 8: Dorex2007 ($1.95 in chips) 
Seat 9: Roman.Leo75 ($1.95 in chips) 
pokadi40: posts small blind $0.01
Nikk05: posts big blind $0.02
*** HOLE CARDS ***
Dealt to Dorex2007 [Jd Td]
cebrail1 has timed out
cebrail1: folds 
zhdipakety: folds 
zhdipakety leaves the table
Dorex2007: folds 
Roman.Leo75: folds 
ktmac15: folds 
DenyLi: folds 
pokadi40: calls $0.01
Nikk05: checks 
*** FLOP *** [Qd Ac 7h]
pokadi40: checks 
Nikk05: checks 
*** TURN *** [Qd Ac 7h] [Ts]
pokadi40: checks 
Nikk05: checks 
*** RIVER *** [Qd Ac 7h Ts] [Ah]
pokadi40: bets $0.06
Nikk05: folds 
Uncalled bet ($0.06) returned to pokadi40
pokadi40 collected $0.04 from pot
pokadi40: doesn't show hand 
*** SUMMARY ***
Total pot $0.04 | Rake $0 
Board [Qd Ac 7h Ts Ah]
Seat 1: ktmac15 folded before Flop (didn't bet)
Seat 2: DenyLi (button) folded before Flop (didn't bet)
Seat 3: pokadi40 (small blind) collected ($0.04)
Seat 5: Nikk05 (big blind) folded on the River
Seat 6: cebrail1 folded before Flop (didn't bet)
Seat 7: zhdipakety folded before Flop (didn't bet)
Seat 8: Dorex2007 folded before Flop (didn't bet)
Seat 9: Roman.Leo75 folded before Flop (didn't bet)



PokerStars Hand #228172185970:  Hold'em No Limit ($0.01/$0.02 USD) - 2021/07/09 13:01:56 PT [2021/07/09 16:01:56 ET]
Table 'Arduina IV' 9-max Seat #3 is the button
Seat 1: ktmac15 ($1.39 in chips) 
Seat 2: DenyLi ($2.85 in chips) 
Seat 3: pokadi40 ($1.06 in chips) 
Seat 5: Nikk05 ($1.65 in chips) 
Seat 6: cebrail1 ($2.04 in chips) 
Seat 8: Dorex2007 ($1.95 in chips) 
Seat 9: Roman.Leo75 ($1.95 in chips) 
Nikk05: posts small blind $0.01
cebrail1: posts big blind $0.02
*** HOLE CARDS ***
Dealt to Dorex2007 [Kh 4d]
Dorex2007: folds 
Roman.Leo75: folds 
ktmac15: folds 
DenyLi: raises $0.04 to $0.06
pokadi40: calls $0.06
Nikk05: folds 
cebrail1: folds 
*** FLOP *** [8d 4s 7d]
DenyLi: bets $0.09
pokadi40: calls $0.09
*** TURN *** [8d 4s 7d] [Td]
DenyLi: checks 
pokadi40: bets $0.06
pokoslav2010 joins the table at seat #7 
DenyLi: calls $0.06
*** RIVER *** [8d 4s 7d Td] [Tc]
DenyLi: checks 
pokadi40: bets $0.10
DenyLi: calls $0.10
*** SHOW DOWN ***
pokadi40: shows [7s Jh] (two pair, Tens and Sevens)
DenyLi: shows [9c 9s] (two pair, Tens and Nines)
DenyLi collected $0.63 from pot
*** SUMMARY ***
Total pot $0.65 | Rake $0.02 
Board [8d 4s 7d Td Tc]
Seat 1: ktmac15 folded before Flop (didn't bet)
Seat 2: DenyLi showed [9c 9s] and won ($0.63) with two pair, Tens and Nines
Seat 3: pokadi40 (button) showed [7s Jh] and lost with two pair, Tens and Sevens
Seat 5: Nikk05 (small blind) folded before Flop
Seat 6: cebrail1 (big blind) folded before Flop
Seat 8: Dorex2007 folded before Flop (didn't bet)
Seat 9: Roman.Leo75 folded before Flop (didn't bet)



PokerStars Hand #228172206656:  Hold'em No Limit ($0.01/$0.02 USD) - 2021/07/09 13:02:42 PT [2021/07/09 16:02:42 ET]
Table 'Arduina IV' 9-max Seat #5 is the button
Seat 1: ktmac15 ($1.39 in chips) 
Seat 2: DenyLi ($3.17 in chips) 
Seat 3: pokadi40 ($0.75 in chips) 
Seat 5: Nikk05 ($1.64 in chips) 
Seat 6: cebrail1 ($2.02 in chips) 
Seat 7: pokoslav2010 ($2 in chips) 
Seat 8: Dorex2007 ($1.95 in chips) 
Seat 9: Roman.Leo75 ($1.95 in chips) 
cebrail1: posts small blind $0.01
pokoslav2010: posts big blind $0.02
*** HOLE CARDS ***
Dealt to Dorex2007 [5s 9c]
Dorex2007: folds 
Roman.Leo75: folds 
ktmac15: folds 
DenyLi: raises $0.04 to $0.06
pokadi40: calls $0.06
Nikk05: folds 
cebrail1: folds 
pokoslav2010: calls $0.04
*** FLOP *** [Ac 6d Jc]
pokoslav2010: checks 
DenyLi: checks 
pokadi40: checks 
*** TURN *** [Ac 6d Jc] [4c]
pokoslav2010: checks 
DenyLi: checks 
pokadi40: bets $0.06
pokoslav2010: calls $0.06
DenyLi: folds 
*** RIVER *** [Ac 6d Jc 4c] [6h]
pokoslav2010: checks 
pokadi40: bets $0.10
pokoslav2010: folds 
Uncalled bet ($0.10) returned to pokadi40
pokadi40 collected $0.30 from pot
pokadi40: doesn't show hand 
*** SUMMARY ***
Total pot $0.31 | Rake $0.01 
Board [Ac 6d Jc 4c 6h]
Seat 1: ktmac15 folded before Flop (didn't bet)
Seat 2: DenyLi folded on the Turn
Seat 3: pokadi40 collected ($0.30)
Seat 5: Nikk05 (button) folded before Flop (didn't bet)
Seat 6: cebrail1 (small blind) folded before Flop
Seat 7: pokoslav2010 (big blind) folded on the River
Seat 8: Dorex2007 folded before Flop (didn't bet)
Seat 9: Roman.Leo75 folded before Flop (didn't bet)



PokerStars Hand #228172231095:  Hold'em No Limit ($0.01/$0.02 USD) - 2021/07/09 13:03:36 PT [2021/07/09 16:03:36 ET]
Table 'Arduina IV' 9-max Seat #6 is the button
Seat 1: ktmac15 ($1.39 in chips) 
Seat 2: DenyLi ($3.11 in chips) 
Seat 3: pokadi40 ($0.93 in chips) 
Seat 5: Nikk05 ($1.64 in chips) 
Seat 6: cebrail1 ($2.01 in chips) 
Seat 7: pokoslav2010 ($1.88 in chips) 
Seat 8: Dorex2007 ($1.95 in chips) 
Seat 9: Roman.Leo75 ($1.95 in chips) 
pokoslav2010: posts small blind $0.01
Dorex2007: posts big blind $0.02
*** HOLE CARDS ***
Dealt to Dorex2007 [6d Jh]
Roman.Leo75: folds 
ktmac15: calls $0.02
DenyLi: folds 
pokadi40: calls $0.02
Nikk05: folds 
cebrail1: folds 
pokoslav2010: folds 
Dorex2007: checks 
*** FLOP *** [Ah 6c 5c]
Dorex2007: checks 
ktmac15: bets $0.02
pokadi40: calls $0.02
Dorex2007: folds 
*** TURN *** [Ah 6c 5c] [Th]
ktmac15: bets $0.06
pokadi40: raises $0.06 to $0.12
ktmac15: calls $0.06
*** RIVER *** [Ah 6c 5c Th] [9s]
ktmac15: bets $0.22
pokadi40: raises $0.55 to $0.77 and is all-in
ktmac15: calls $0.55
*** SHOW DOWN ***
pokadi40: shows [Ts Ac] (two pair, Aces and Tens)
ktmac15: shows [Tc 9c] (two pair, Tens and Nines)
pokadi40 collected $1.80 from pot
*** SUMMARY ***
Total pot $1.89 | Rake $0.09 
Board [Ah 6c 5c Th 9s]
Seat 1: ktmac15 showed [Tc 9c] and lost with two pair, Tens and Nines
Seat 2: DenyLi folded before Flop (didn't bet)
Seat 3: pokadi40 showed [Ts Ac] and won ($1.80) with two pair, Aces and Tens
Seat 5: Nikk05 folded before Flop (didn't bet)
Seat 6: cebrail1 (button) folded before Flop (didn't bet)
Seat 7: pokoslav2010 (small blind) folded before Flop
Seat 8: Dorex2007 (big blind) folded on the Flop
Seat 9: Roman.Leo75 folded before Flop (didn't bet)



PokerStars Hand #228172257101:  Hold'em No Limit ($0.01/$0.02 USD) - 2021/07/09 13:04:33 PT [2021/07/09 16:04:33 ET]
Table 'Arduina IV' 9-max Seat #7 is the button
Seat 1: ktmac15 ($0.46 in chips) 
Seat 2: DenyLi ($3.11 in chips) 
Seat 3: pokadi40 ($1.80 in chips) 
Seat 5: Nikk05 ($1.64 in chips) 
Seat 6: cebrail1 ($2.01 in chips) 
Seat 7: pokoslav2010 ($1.87 in chips) 
Seat 8: Dorex2007 ($1.93 in chips) 
Seat 9: Roman.Leo75 ($1.95 in chips) 
Dorex2007: posts small blind $0.01
Roman.Leo75: posts big blind $0.02
*** HOLE CARDS ***
Dealt to Dorex2007 [As 3s]
ktmac15: calls $0.02
DenyLi: folds 
pokadi40: calls $0.02
Nikk05: calls $0.02
cebrail1: folds 
pokoslav2010: calls $0.02
Dorex2007: calls $0.01
Roman.Leo75: checks 
*** FLOP *** [4s 7c 7s]
Dorex2007: checks 
Roman.Leo75: checks 
ktmac15: checks 
pokadi40: checks 
Nikk05: checks 
pokoslav2010: checks 
*** TURN *** [4s 7c 7s] [Qs]
Dorex2007: checks 
Roman.Leo75: checks 
ktmac15: checks 
pokadi40: checks 
Nikk05: checks 
pokoslav2010: bets $0.08
Dorex2007: calls $0.08
Roman.Leo75: folds 
ktmac15: folds 
pokadi40: folds 
Nikk05: folds 
*** RIVER *** [4s 7c 7s Qs] [5c]
Dorex2007: checks 
pokoslav2010: bets $0.14
Dorex2007: raises $0.20 to $0.34
pokoslav2010: calls $0.20
*** SHOW DOWN ***
Dorex2007: shows [As 3s] (a flush, Ace high)
pokoslav2010: mucks hand 
Dorex2007 collected $0.93 from pot
*** SUMMARY ***
Total pot $0.96 | Rake $0.03 
Board [4s 7c 7s Qs 5c]
Seat 1: ktmac15 folded on the Turn
Seat 2: DenyLi folded before Flop (didn't bet)
Seat 3: pokadi40 folded on the Turn
Seat 5: Nikk05 folded on the Turn
Seat 6: cebrail1 folded before Flop (didn't bet)
Seat 7: pokoslav2010 (button) mucked [8d Qd]
Seat 8: Dorex2007 (small blind) showed [As 3s] and won ($0.93) with a flush, Ace high
Seat 9: Roman.Leo75 (big blind) folded on the Turn



PokerStars Hand #228172294086:  Hold'em No Limit ($0.01/$0.02 USD) - 2021/07/09 13:05:54 PT [2021/07/09 16:05:54 ET]
Table 'Arduina IV' 9-max Seat #8 is the button
Seat 1: ktmac15 ($0.44 in chips) 
Seat 2: DenyLi ($3.11 in chips) 
Seat 3: pokadi40 ($1.78 in chips) 
Seat 5: Nikk05 ($1.62 in chips) 
Seat 6: cebrail1 ($2.01 in chips) 
Seat 7: pokoslav2010 ($1.43 in chips) 
Seat 8: Dorex2007 ($2.42 in chips) 
Seat 9: Roman.Leo75 ($1.93 in chips) 
Roman.Leo75: posts small blind $0.01
ktmac15: posts big blind $0.02
HungAngry: sits out 
*** HOLE CARDS ***
Dealt to Dorex2007 [8c Td]
DenyLi: folds 
pokadi40: calls $0.02
Nikk05: calls $0.02
cebrail1: folds 
pokoslav2010: folds 
Dorex2007: folds 
Roman.Leo75: folds 
ktmac15: checks 
*** FLOP *** [2d 6h 9s]
ktmac15: bets $0.42 and is all-in
pokadi40: folds 
Nikk05: folds 
Uncalled bet ($0.42) returned to ktmac15
ktmac15 collected $0.07 from pot
ktmac15: doesn't show hand 
*** SUMMARY ***
Total pot $0.07 | Rake $0 
Board [2d 6h 9s]
Seat 1: ktmac15 (big blind) collected ($0.07)
Seat 2: DenyLi folded before Flop (didn't bet)
Seat 3: pokadi40 folded on the Flop
Seat 5: Nikk05 folded on the Flop
Seat 6: cebrail1 folded before Flop (didn't bet)
Seat 7: pokoslav2010 folded before Flop (didn't bet)
Seat 8: Dorex2007 (button) folded before Flop (didn't bet)
Seat 9: Roman.Leo75 (small blind) folded before Flop



PokerStars Hand #228172307844:  Hold'em No Limit ($0.01/$0.02 USD) - 2021/07/09 13:06:24 PT [2021/07/09 16:06:24 ET]
Table 'Arduina IV' 9-max Seat #9 is the button
Seat 1: ktmac15 ($0.49 in chips) 
Seat 2: DenyLi ($3.11 in chips) 
Seat 3: pokadi40 ($1.76 in chips) 
Seat 5: Nikk05 ($1.60 in chips) 
Seat 6: cebrail1 ($2.01 in chips) 
Seat 7: pokoslav2010 ($1.43 in chips) 
Seat 8: Dorex2007 ($2.42 in chips) 
Seat 9: Roman.Leo75 ($1.92 in chips) 
ktmac15: posts small blind $0.01
DenyLi: posts big blind $0.02
HungAngry: sits out 
*** HOLE CARDS ***
Dealt to Dorex2007 [Jh Td]
pokadi40: calls $0.02
Nikk05: folds 
cebrail1: folds 
pokoslav2010: folds 
Dorex2007: calls $0.02
Roman.Leo75: folds 
ktmac15: calls $0.01
DenyLi: checks 
*** FLOP *** [Th Js 8d]
ktmac15: checks 
DenyLi: checks 
pokadi40: checks 
Dorex2007: checks 
*** TURN *** [Th Js 8d] [Qd]
ktmac15: bets $0.47 and is all-in
DenyLi: folds 
pokadi40: folds 
Dorex2007: calls $0.47
*** RIVER *** [Th Js 8d Qd] [6h]
*** SHOW DOWN ***
ktmac15: shows [Qh 8s] (two pair, Queens and Eights)
Dorex2007: shows [Jh Td] (two pair, Jacks and Tens)
ktmac15 collected $0.98 from pot
*** SUMMARY ***
Total pot $1.02 | Rake $0.04 
Board [Th Js 8d Qd 6h]
Seat 1: ktmac15 (small blind) showed [Qh 8s] and won ($0.98) with two pair, Queens and Eights
Seat 2: DenyLi (big blind) folded on the Turn
Seat 3: pokadi40 folded on the Turn
Seat 5: Nikk05 folded before Flop (didn't bet)
Seat 6: cebrail1 folded before Flop (didn't bet)
Seat 7: pokoslav2010 folded before Flop (didn't bet)
Seat 8: Dorex2007 showed [Jh Td] and lost with two pair, Jacks and Tens
Seat 9: Roman.Leo75 (button) folded before Flop (didn't bet)



PokerStars Hand #228172335774:  Hold'em No Limit ($0.01/$0.02 USD) - 2021/07/09 13:07:25 PT [2021/07/09 16:07:25 ET]
Table 'Arduina IV' 9-max Seat #1 is the button
Seat 1: ktmac15 ($0.98 in chips) 
Seat 2: DenyLi ($3.09 in chips) 
Seat 3: pokadi40 ($1.74 in chips) 
Seat 5: Nikk05 ($1.60 in chips) 
Seat 6: cebrail1 ($2.01 in chips) 
Seat 7: pokoslav2010 ($1.43 in chips) 
Seat 8: Dorex2007 ($1.93 in chips) 
Seat 9: Roman.Leo75 ($1.92 in chips) 
DenyLi: posts small blind $0.01
pokadi40: posts big blind $0.02
HungAngry: sits out 
*** HOLE CARDS ***
Dealt to Dorex2007 [5s 9s]
Nikk05: folds 
cebrail1: folds 
pokoslav2010: calls $0.02
Dorex2007: folds 
Roman.Leo75: folds 
ktmac15: folds 
DenyLi: raises $0.06 to $0.08
pokadi40: calls $0.06
pokoslav2010: calls $0.06
*** FLOP *** [Ac Qs 3s]
DenyLi: checks 
pokadi40: checks 
pokoslav2010: bets $0.14
DenyLi: folds 
pokadi40: calls $0.14
*** TURN *** [Ac Qs 3s] [Ts]
pokadi40: checks 
pokoslav2010: bets $0.25
pokadi40: calls $0.25
*** RIVER *** [Ac Qs 3s Ts] [8d]
pokadi40: checks 
pokoslav2010: checks 
*** SHOW DOWN ***
pokadi40: shows [Qc 9d] (a pair of Queens)
pokoslav2010: shows [Ah Tc] (two pair, Aces and Tens)
pokoslav2010 collected $0.98 from pot
*** SUMMARY ***
Total pot $1.02 | Rake $0.04 
Board [Ac Qs 3s Ts 8d]
Seat 1: ktmac15 (button) folded before Flop (didn't bet)
Seat 2: DenyLi (small blind) folded on the Flop
Seat 3: pokadi40 (big blind) showed [Qc 9d] and lost with a pair of Queens
Seat 5: Nikk05 folded before Flop (didn't bet)
Seat 6: cebrail1 folded before Flop (didn't bet)
Seat 7: pokoslav2010 showed [Ah Tc] and won ($0.98) with two pair, Aces and Tens
Seat 8: Dorex2007 folded before Flop (didn't bet)
Seat 9: Roman.Leo75 folded before Flop (didn't bet)



PokerStars Hand #228172367404:  Hold'em No Limit ($0.01/$0.02 USD) - 2021/07/09 13:08:34 PT [2021/07/09 16:08:34 ET]
Table 'Arduina IV' 9-max Seat #2 is the button
Seat 1: ktmac15 ($0.98 in chips) 
Seat 2: DenyLi ($3.01 in chips) 
Seat 3: pokadi40 ($1.27 in chips) 
Seat 4: HungAngry ($0.80 in chips) 
Seat 5: Nikk05 ($1.60 in chips) 
Seat 6: cebrail1 ($2.01 in chips) 
Seat 7: pokoslav2010 ($1.94 in chips) 
Seat 8: Dorex2007 ($1.93 in chips) 
Seat 9: Roman.Leo75 ($1.92 in chips) 
pokadi40: posts small blind $0.01
HungAngry: posts big blind $0.02
*** HOLE CARDS ***
Dealt to Dorex2007 [3s Qd]
Nikk05: folds 
cebrail1: folds 
pokoslav2010: raises $0.04 to $0.06
Dorex2007: folds 
Roman.Leo75: folds 
ktmac15: folds 
DenyLi: folds 
pokadi40: calls $0.05
HungAngry: calls $0.04
*** FLOP *** [4c 5c 5d]
pokadi40: bets $0.06
HungAngry: calls $0.06
pokoslav2010: calls $0.06
*** TURN *** [4c 5c 5d] [9h]
pokadi40: checks 
HungAngry: checks 
pokoslav2010: checks 
*** RIVER *** [4c 5c 5d 9h] [7s]
pokadi40: bets $0.10
HungAngry: calls $0.10
pokoslav2010: folds 
*** SHOW DOWN ***
pokadi40: shows [4h 3h] (two pair, Fives and Fours)
HungAngry: shows [Jh Jc] (two pair, Jacks and Fives)
HungAngry collected $0.54 from pot
*** SUMMARY ***
Total pot $0.56 | Rake $0.02 
Board [4c 5c 5d 9h 7s]
Seat 1: ktmac15 folded before Flop (didn't bet)
Seat 2: DenyLi (button) folded before Flop (didn't bet)
Seat 3: pokadi40 (small blind) showed [4h 3h] and lost with two pair, Fives and Fours
Seat 4: HungAngry (big blind) showed [Jh Jc] and won ($0.54) with two pair, Jacks and Fives
Seat 5: Nikk05 folded before Flop (didn't bet)
Seat 6: cebrail1 folded before Flop (didn't bet)
Seat 7: pokoslav2010 folded on the River
Seat 8: Dorex2007 folded before Flop (didn't bet)
Seat 9: Roman.Leo75 folded before Flop (didn't bet)



PokerStars Hand #228172430288:  Hold'em No Limit ($0.01/$0.02 USD) - 2021/07/09 13:10:54 PT [2021/07/09 16:10:54 ET]
Table 'Arduina IV' 9-max Seat #3 is the button
Seat 1: ktmac15 ($0.98 in chips) 
Seat 2: DenyLi ($3.01 in chips) 
Seat 3: pokadi40 ($1.05 in chips) 
Seat 4: HungAngry ($1.12 in chips) 
Seat 5: Nikk05 ($1.60 in chips) 
Seat 6: cebrail1 ($2.01 in chips) 
Seat 7: pokoslav2010 ($1.82 in chips) 
Seat 8: Dorex2007 ($1.93 in chips) 
Seat 9: Roman.Leo75 ($1.92 in chips) 
HungAngry: posts small blind $0.01
Nikk05: posts big blind $0.02
*** HOLE CARDS ***
Dealt to Dorex2007 [Kd 8d]
cebrail1: folds 
pokoslav2010: folds 
Dorex2007: folds 
Roman.Leo75: folds 
ktmac15: raises $0.04 to $0.06
DenyLi: folds 
pokadi40: calls $0.06
HungAngry: folds 
Nikk05: folds 
*** FLOP *** [Ad Qs Qd]
ktmac15: checks 
pokadi40: checks 
*** TURN *** [Ad Qs Qd] [6d]
ktmac15: checks 
pokadi40: bets $0.06
ktmac15: calls $0.06
*** RIVER *** [Ad Qs Qd 6d] [Kh]
ktmac15: checks 
pokadi40: bets $0.14
ktmac15: folds 
Uncalled bet ($0.14) returned to pokadi40
pokadi40 collected $0.26 from pot
pokadi40: doesn't show hand 
*** SUMMARY ***
Total pot $0.27 | Rake $0.01 
Board [Ad Qs Qd 6d Kh]
Seat 1: ktmac15 folded on the River
Seat 2: DenyLi folded before Flop (didn't bet)
Seat 3: pokadi40 (button) collected ($0.26)
Seat 4: HungAngry (small blind) folded before Flop
Seat 5: Nikk05 (big blind) folded before Flop
Seat 6: cebrail1 folded before Flop (didn't bet)
Seat 7: pokoslav2010 folded before Flop (didn't bet)
Seat 8: Dorex2007 folded before Flop (didn't bet)
Seat 9: Roman.Leo75 folded before Flop (didn't bet)



PokerStars Hand #228172456878:  Hold'em No Limit ($0.01/$0.02 USD) - 2021/07/09 13:11:53 PT [2021/07/09 16:11:53 ET]
Table 'Arduina IV' 9-max Seat #4 is the button
Seat 1: ktmac15 ($0.86 in chips) 
Seat 2: DenyLi ($3.01 in chips) 
Seat 3: pokadi40 ($1.19 in chips) 
Seat 4: HungAngry ($1.11 in chips) 
Seat 5: Nikk05 ($1.58 in chips) 
Seat 6: cebrail1 ($2.01 in chips) 
Seat 7: pokoslav2010 ($1.82 in chips) 
Seat 8: Dorex2007 ($1.93 in chips) 
Seat 9: Roman.Leo75 ($1.92 in chips) 
Nikk05: posts small blind $0.01
cebrail1: posts big blind $0.02
*** HOLE CARDS ***
Dealt to Dorex2007 [Js 3h]
pokoslav2010: folds 
Dorex2007 has timed out
Dorex2007: folds 
Roman.Leo75: folds 
ktmac15: raises $0.04 to $0.06
DenyLi: folds 
pokadi40: calls $0.06
HungAngry: folds 
Nikk05: folds 
cebrail1: folds 
*** FLOP *** [Kd 8s Th]
ktmac15: checks 
pokadi40: checks 
*** TURN *** [Kd 8s Th] [Kh]
ktmac15: bets $0.02
pokadi40: folds 
Uncalled bet ($0.02) returned to ktmac15
ktmac15 collected $0.14 from pot
ktmac15: doesn't show hand 
*** SUMMARY ***
Total pot $0.15 | Rake $0.01 
Board [Kd 8s Th Kh]
Seat 1: ktmac15 collected ($0.14)
Seat 2: DenyLi folded before Flop (didn't bet)
Seat 3: pokadi40 folded on the Turn
Seat 4: HungAngry (button) folded before Flop (didn't bet)
Seat 5: Nikk05 (small blind) folded before Flop
Seat 6: cebrail1 (big blind) folded before Flop
Seat 7: pokoslav2010 folded before Flop (didn't bet)
Seat 8: Dorex2007 folded before Flop (didn't bet)
Seat 9: Roman.Leo75 folded before Flop (didn't bet)



PokerStars Hand #228172475863:  Hold'em No Limit ($0.01/$0.02 USD) - 2021/07/09 13:12:35 PT [2021/07/09 16:12:35 ET]
Table 'Arduina IV' 9-max Seat #5 is the button
Seat 1: ktmac15 ($0.94 in chips) 
Seat 2: DenyLi ($3.01 in chips) 
Seat 3: pokadi40 ($1.13 in chips) 
Seat 4: HungAngry ($1.11 in chips) 
Seat 5: Nikk05 ($1.57 in chips) 
Seat 6: cebrail1 ($1.99 in chips) 
Seat 7: pokoslav2010 ($1.82 in chips) 
Seat 8: Dorex2007 ($1.93 in chips) 
Seat 9: Roman.Leo75 ($1.92 in chips) 
cebrail1: posts small blind $0.01
pokoslav2010: posts big blind $0.02
*** HOLE CARDS ***
Dealt to Dorex2007 [Td Jd]
Dorex2007: folds 
Roman.Leo75: folds 
ktmac15: raises $0.02 to $0.04
DenyLi: calls $0.04
pokadi40: calls $0.04
HungAngry: folds 
Nikk05: folds 
cebrail1: folds 
pokoslav2010: folds 
*** FLOP *** [9d Ks 7s]
ktmac15: bets $0.06
DenyLi: folds 
pokadi40: calls $0.06
*** TURN *** [9d Ks 7s] [5c]
ktmac15: bets $0.10
pokadi40: raises $0.10 to $0.20
ktmac15: raises $0.64 to $0.84 and is all-in
pokadi40: calls $0.64
*** RIVER *** [9d Ks 7s 5c] [Jc]
*** SHOW DOWN ***
ktmac15: shows [Ac Kd] (a pair of Kings)
pokadi40: shows [Kh 5h] (two pair, Kings and Fives)
pokadi40 cashed out the hand for $1.48 | Cash Out Fee $0.01
*** SUMMARY ***
Total pot $1.95 | Rake $0.07 
Board [9d Ks 7s 5c Jc]
Seat 1: ktmac15 showed [Ac Kd] and lost with a pair of Kings
Seat 2: DenyLi folded on the Flop
Seat 3: pokadi40 showed [Kh 5h] and won ($1.88) with two pair, Kings and Fives (pot not awarded as player cashed out)
Seat 4: HungAngry folded before Flop (didn't bet)
Seat 5: Nikk05 (button) folded before Flop (didn't bet)
Seat 6: cebrail1 (small blind) folded before Flop
Seat 7: pokoslav2010 (big blind) folded before Flop
Seat 8: Dorex2007 folded before Flop (didn't bet)
Seat 9: Roman.Leo75 folded before Flop (didn't bet)



PokerStars Hand #228172522528:  Hold'em No Limit ($0.01/$0.02 USD) - 2021/07/09 13:13:55 PT [2021/07/09 16:13:55 ET]
Table 'Arduina IV' 9-max Seat #6 is the button
Seat 2: DenyLi ($2.97 in chips) 
Seat 3: pokadi40 ($1.67 in chips) 
Seat 4: HungAngry ($1.11 in chips) 
Seat 5: Nikk05 ($1.57 in chips) 
Seat 6: cebrail1 ($1.98 in chips) 
Seat 7: pokoslav2010 ($1.80 in chips) 
Seat 8: Dorex2007 ($1.93 in chips) 
Seat 9: Roman.Leo75 ($1.92 in chips) 
pokoslav2010: posts small blind $0.01
Dorex2007: posts big blind $0.02
*** HOLE CARDS ***
Dealt to Dorex2007 [7c 4c]
Roman.Leo75: folds 
DenyLi: folds 
pokadi40: calls $0.02
HungAngry: folds 
Nikk05: folds 
cebrail1: folds 
pokoslav2010: calls $0.01
Dorex2007: checks 
*** FLOP *** [9d Js 9s]
pokoslav2010: checks 
Dorex2007: checks 
pokadi40: checks 
*** TURN *** [9d Js 9s] [5c]
pokoslav2010: checks 
Dorex2007: checks 
pokadi40: bets $0.06
pokoslav2010: folds 
Dorex2007: folds 
Uncalled bet ($0.06) returned to pokadi40
pokadi40 collected $0.06 from pot
pokadi40: doesn't show hand 
*** SUMMARY ***
Total pot $0.06 | Rake $0 
Board [9d Js 9s 5c]
Seat 2: DenyLi folded before Flop (didn't bet)
Seat 3: pokadi40 collected ($0.06)
Seat 4: HungAngry folded before Flop (didn't bet)
Seat 5: Nikk05 folded before Flop (didn't bet)
Seat 6: cebrail1 (button) folded before Flop (didn't bet)
Seat 7: pokoslav2010 (small blind) folded on the Turn
Seat 8: Dorex2007 (big blind) folded on the Turn
Seat 9: Roman.Leo75 folded before Flop (didn't bet)



PokerStars Hand #228172543201:  Hold'em No Limit ($0.01/$0.02 USD) - 2021/07/09 13:14:41 PT [2021/07/09 16:14:41 ET]
Table 'Arduina IV' 9-max Seat #7 is the button
Seat 1: ktmac15 ($1.02 in chips) 
Seat 2: DenyLi ($2.97 in chips) 
Seat 3: pokadi40 ($1.71 in chips) 
Seat 4: HungAngry ($1.11 in chips) 
Seat 5: Nikk05 ($1.57 in chips) 
Seat 6: cebrail1 ($1.98 in chips) 
Seat 7: pokoslav2010 ($1.78 in chips) 
Seat 8: Dorex2007 ($1.91 in chips) 
Seat 9: Roman.Leo75 ($1.92 in chips) 
Dorex2007: posts small blind $0.01
Roman.Leo75: posts big blind $0.02
*** HOLE CARDS ***
Dealt to Dorex2007 [4d 6d]
ktmac15: folds 
DenyLi: folds 
pokadi40: calls $0.02
HungAngry has timed out
HungAngry: folds 
Nikk05: folds 
cebrail1: folds 
pokoslav2010: folds 
Dorex2007: folds 
Roman.Leo75: checks 
*** FLOP *** [8c 2s 9d]
Roman.Leo75: checks 
pokadi40: checks 
*** TURN *** [8c 2s 9d] [4c]
Roman.Leo75: checks 
pokadi40: bets $0.06
Roman.Leo75: calls $0.06
*** RIVER *** [8c 2s 9d 4c] [Ac]
Roman.Leo75: checks 
pokadi40: bets $0.10
Roman.Leo75: calls $0.10
*** SHOW DOWN ***
pokadi40: shows [Jd Kc] (high card Ace)
Roman.Leo75: shows [Ah Qs] (a pair of Aces)
Roman.Leo75 collected $0.36 from pot
*** SUMMARY ***
Total pot $0.37 | Rake $0.01 
Board [8c 2s 9d 4c Ac]
Seat 1: ktmac15 folded before Flop (didn't bet)
Seat 2: DenyLi folded before Flop (didn't bet)
Seat 3: pokadi40 showed [Jd Kc] and lost with high card Ace
Seat 4: HungAngry folded before Flop (didn't bet)
Seat 5: Nikk05 folded before Flop (didn't bet)
Seat 6: cebrail1 folded before Flop (didn't bet)
Seat 7: pokoslav2010 (button) folded before Flop (didn't bet)
Seat 8: Dorex2007 (small blind) folded before Flop
Seat 9: Roman.Leo75 (big blind) showed [Ah Qs] and won ($0.36) with a pair of Aces



PokerStars Hand #228172574368:  Hold'em No Limit ($0.01/$0.02 USD) - 2021/07/09 13:15:35 PT [2021/07/09 16:15:35 ET]
Table 'Arduina IV' 9-max Seat #8 is the button
Seat 1: ktmac15 ($1.02 in chips) 
Seat 2: DenyLi ($2.97 in chips) 
Seat 3: pokadi40 ($1.53 in chips) 
Seat 5: Nikk05 ($1.57 in chips) 
Seat 6: cebrail1 ($1.98 in chips) 
Seat 7: pokoslav2010 ($1.78 in chips) 
Seat 8: Dorex2007 ($1.90 in chips) 
Seat 9: Roman.Leo75 ($2.10 in chips) 
Roman.Leo75: posts small blind $0.01
ktmac15: posts big blind $0.02
*** HOLE CARDS ***
Dealt to Dorex2007 [7h 6h]
DenyLi: folds 
pokadi40: folds 
Nikk05: calls $0.02
cebrail1: folds 
pokoslav2010: folds 
Dorex2007: folds 
Roman.Leo75: calls $0.01
ktmac15: checks 
*** FLOP *** [5h Ac 5d]
Roman.Leo75: checks 
ktmac15: checks 
Nikk05: checks 
*** TURN *** [5h Ac 5d] [Qh]
Roman.Leo75: checks 
ktmac15: checks 
Nikk05: checks 
*** RIVER *** [5h Ac 5d Qh] [Ad]
Roman.Leo75: checks 
ktmac15: bets $0.02
Nikk05: folds 
Roman.Leo75: calls $0.02
*** SHOW DOWN ***
ktmac15: shows [Kh 4s] (two pair, Aces and Fives)
Roman.Leo75: shows [Ks Td] (two pair, Aces and Fives)
Roman.Leo75 collected $0.05 from pot
ktmac15 collected $0.05 from pot
*** SUMMARY ***
Total pot $0.10 | Rake $0 
Board [5h Ac 5d Qh Ad]
Seat 1: ktmac15 (big blind) showed [Kh 4s] and won ($0.05) with two pair, Aces and Fives
Seat 2: DenyLi folded before Flop (didn't bet)
Seat 3: pokadi40 folded before Flop (didn't bet)
Seat 5: Nikk05 folded on the River
Seat 6: cebrail1 folded before Flop (didn't bet)
Seat 7: pokoslav2010 folded before Flop (didn't bet)
Seat 8: Dorex2007 (button) folded before Flop (didn't bet)
Seat 9: Roman.Leo75 (small blind) showed [Ks Td] and won ($0.05) with two pair, Aces and Fives



PokerStars Hand #228172604931:  Hold'em No Limit ($0.01/$0.02 USD) - 2021/07/09 13:16:40 PT [2021/07/09 16:16:40 ET]
Table 'Arduina IV' 9-max Seat #9 is the button
Seat 1: ktmac15 ($1.03 in chips) 
Seat 2: DenyLi ($2.97 in chips) 
Seat 3: pokadi40 ($1.53 in chips) 
Seat 4: HungAngry ($1.11 in chips) 
Seat 5: Nikk05 ($1.55 in chips) 
Seat 6: cebrail1 ($1.98 in chips) 
Seat 7: pokoslav2010 ($1.78 in chips) 
Seat 8: Dorex2007 ($1.90 in chips) 
Seat 9: Roman.Leo75 ($2.11 in chips) 
ktmac15: posts small blind $0.01
DenyLi: posts big blind $0.02
*** HOLE CARDS ***
Dealt to Dorex2007 [4h 9c]
pokadi40: calls $0.02
HungAngry: calls $0.02
Nikk05: folds 
cebrail1: folds 
pokoslav2010: folds 
Dorex2007: folds 
Roman.Leo75: folds 
ktmac15: folds 
DenyLi: checks 
*** FLOP *** [Jc Ad 7d]
DenyLi: checks 
pokadi40: checks 
HungAngry: checks 
*** TURN *** [Jc Ad 7d] [5h]
DenyLi: checks 
pokadi40: bets $0.06
HungAngry: folds 
DenyLi: folds 
Uncalled bet ($0.06) returned to pokadi40
pokadi40 collected $0.07 from pot
pokadi40: doesn't show hand 
*** SUMMARY ***
Total pot $0.07 | Rake $0 
Board [Jc Ad 7d 5h]
Seat 1: ktmac15 (small blind) folded before Flop
Seat 2: DenyLi (big blind) folded on the Turn
Seat 3: pokadi40 collected ($0.07)
Seat 4: HungAngry folded on the Turn
Seat 5: Nikk05 folded before Flop (didn't bet)
Seat 6: cebrail1 folded before Flop (didn't bet)
Seat 7: pokoslav2010 folded before Flop (didn't bet)
Seat 8: Dorex2007 folded before Flop (didn't bet)
Seat 9: Roman.Leo75 (button) folded before Flop (didn't bet)



PokerStars Hand #228172626495:  Hold'em No Limit ($0.01/$0.02 USD) - 2021/07/09 13:17:27 PT [2021/07/09 16:17:27 ET]
Table 'Arduina IV' 9-max Seat #1 is the button
Seat 1: ktmac15 ($1.02 in chips) 
Seat 2: DenyLi ($2.95 in chips) 
Seat 3: pokadi40 ($1.58 in chips) 
Seat 4: HungAngry ($1.09 in chips) 
Seat 5: Nikk05 ($1.55 in chips) 
Seat 6: cebrail1 ($1.98 in chips) 
Seat 7: pokoslav2010 ($1.78 in chips) 
Seat 8: Dorex2007 ($1.90 in chips) 
Seat 9: Roman.Leo75 ($2.11 in chips) 
DenyLi: posts small blind $0.01
pokadi40: posts big blind $0.02
*** HOLE CARDS ***
Dealt to Dorex2007 [7s Jd]
HungAngry: calls $0.02
Nikk05: folds 
cebrail1: folds 
pokoslav2010: folds 
Dorex2007: folds 
Roman.Leo75: folds 
ktmac15: calls $0.02
DenyLi: folds 
pokadi40: checks 
*** FLOP *** [Ah 9c 9d]
pokadi40: checks 
HungAngry: checks 
ktmac15: bets $0.04
pokadi40: raises $0.04 to $0.08
HungAngry: folds 
ktmac15: calls $0.04
*** TURN *** [Ah 9c 9d] [Kc]
pokadi40: bets $0.14
ktmac15: calls $0.14
*** RIVER *** [Ah 9c 9d Kc] [Ts]
pokadi40: bets $0.14
ktmac15: calls $0.14
*** SHOW DOWN ***
pokadi40: shows [9s 2c] (three of a kind, Nines)
ktmac15: mucks hand 
pokadi40 collected $0.75 from pot
*** SUMMARY ***
Total pot $0.79 | Rake $0.04 
Board [Ah 9c 9d Kc Ts]
Seat 1: ktmac15 (button) mucked [Jh As]
Seat 2: DenyLi (small blind) folded before Flop
Seat 3: pokadi40 (big blind) showed [9s 2c] and won ($0.75) with three of a kind, Nines
Seat 4: HungAngry folded on the Flop
Seat 5: Nikk05 folded before Flop (didn't bet)
Seat 6: cebrail1 folded before Flop (didn't bet)
Seat 7: pokoslav2010 folded before Flop (didn't bet)
Seat 8: Dorex2007 folded before Flop (didn't bet)
Seat 9: Roman.Leo75 folded before Flop (didn't bet)



PokerStars Hand #228172664580:  Hold'em No Limit ($0.01/$0.02 USD) - 2021/07/09 13:18:47 PT [2021/07/09 16:18:47 ET]
Table 'Arduina IV' 9-max Seat #2 is the button
Seat 1: ktmac15 ($0.64 in chips) 
Seat 2: DenyLi ($2.94 in chips) 
Seat 3: pokadi40 ($1.95 in chips) 
Seat 4: HungAngry ($1.07 in chips) 
Seat 5: Nikk05 ($1.55 in chips) 
Seat 6: cebrail1 ($1.98 in chips) 
Seat 7: pokoslav2010 ($1.78 in chips) 
Seat 8: Dorex2007 ($1.90 in chips) 
Seat 9: Roman.Leo75 ($2.11 in chips) 
pokadi40: posts small blind $0.01
HungAngry: posts big blind $0.02
*** HOLE CARDS ***
Dealt to Dorex2007 [Kh 6c]
Nikk05: calls $0.02
cebrail1: folds 
pokoslav2010: folds 
Dorex2007: folds 
Roman.Leo75: folds 
ktmac15: calls $0.02
DenyLi: folds 
pokadi40: calls $0.01
HungAngry: checks 
*** FLOP *** [8h 9d 4s]
pokadi40: checks 
HungAngry: checks 
Nikk05: bets $0.06
ktmac15: folds 
pokadi40: folds 
HungAngry: calls $0.06
*** TURN *** [8h 9d 4s] [9c]
HungAngry: checks 
Nikk05: checks 
*** RIVER *** [8h 9d 4s 9c] [7c]
HungAngry: checks 
Nikk05: checks 
*** SHOW DOWN ***
HungAngry: shows [7s 8s] (two pair, Nines and Eights)
Nikk05: mucks hand 
HungAngry collected $0.19 from pot
*** SUMMARY ***
Total pot $0.20 | Rake $0.01 
Board [8h 9d 4s 9c 7c]
Seat 1: ktmac15 folded on the Flop
Seat 2: DenyLi (button) folded before Flop (didn't bet)
Seat 3: pokadi40 (small blind) folded on the Flop
Seat 4: HungAngry (big blind) showed [7s 8s] and won ($0.19) with two pair, Nines and Eights
Seat 5: Nikk05 mucked [Ks Ad]
Seat 6: cebrail1 folded before Flop (didn't bet)
Seat 7: pokoslav2010 folded before Flop (didn't bet)
Seat 8: Dorex2007 folded before Flop (didn't bet)
Seat 9: Roman.Leo75 folded before Flop (didn't bet)



PokerStars Hand #228172691857:  Hold'em No Limit ($0.01/$0.02 USD) - 2021/07/09 13:19:45 PT [2021/07/09 16:19:45 ET]
Table 'Arduina IV' 9-max Seat #3 is the button
Seat 1: ktmac15 ($0.62 in chips) 
Seat 2: DenyLi ($2.94 in chips) 
Seat 3: pokadi40 ($1.93 in chips) 
Seat 4: HungAngry ($1.18 in chips) 
Seat 5: Nikk05 ($1.47 in chips) 
Seat 6: cebrail1 ($1.98 in chips) 
Seat 7: pokoslav2010 ($1.78 in chips) 
Seat 8: Dorex2007 ($1.90 in chips) 
Seat 9: Roman.Leo75 ($2.11 in chips) 
HungAngry: posts small blind $0.01
Nikk05: posts big blind $0.02
*** HOLE CARDS ***
Dealt to Dorex2007 [5c 5s]
cebrail1: folds 
pokoslav2010: folds 
Dorex2007: calls $0.02
Roman.Leo75: folds 
ktmac15: folds 
DenyLi: folds 
pokadi40: calls $0.02
HungAngry: raises $0.06 to $0.08
Nikk05: calls $0.06
Dorex2007: calls $0.06
pokadi40: calls $0.06
*** FLOP *** [Ad 3c Qc]
HungAngry: bets $0.21
Nikk05: folds 
Dorex2007: folds 
pokadi40: calls $0.21
*** TURN *** [Ad 3c Qc] [Js]
HungAngry: checks 
pokadi40: bets $0.06
HungAngry: calls $0.06
*** RIVER *** [Ad 3c Qc Js] [7h]
HungAngry: checks 
pokadi40: bets $0.14
HungAngry: calls $0.14
*** SHOW DOWN ***
pokadi40: shows [Qh Tc] (a pair of Queens)
HungAngry: shows [Ks As] (a pair of Aces)
HungAngry collected $1.10 from pot
*** SUMMARY ***
Total pot $1.14 | Rake $0.04 
Board [Ad 3c Qc Js 7h]
Seat 1: ktmac15 folded before Flop (didn't bet)
Seat 2: DenyLi folded before Flop (didn't bet)
Seat 3: pokadi40 (button) showed [Qh Tc] and lost with a pair of Queens
Seat 4: HungAngry (small blind) showed [Ks As] and won ($1.10) with a pair of Aces
Seat 5: Nikk05 (big blind) folded on the Flop
Seat 6: cebrail1 folded before Flop (didn't bet)
Seat 7: pokoslav2010 folded before Flop (didn't bet)
Seat 8: Dorex2007 folded on the Flop
Seat 9: Roman.Leo75 folded before Flop (didn't bet)



PokerStars Hand #228172731564:  Hold'em No Limit ($0.01/$0.02 USD) - 2021/07/09 13:21:08 PT [2021/07/09 16:21:08 ET]
Table 'Arduina IV' 9-max Seat #4 is the button
Seat 1: ktmac15 ($0.62 in chips) 
Seat 2: DenyLi ($2.94 in chips) 
Seat 3: pokadi40 ($1.44 in chips) 
Seat 4: HungAngry ($1.79 in chips) 
Seat 5: Nikk05 ($1.39 in chips) 
Seat 6: cebrail1 ($1.98 in chips) 
Seat 7: pokoslav2010 ($1.78 in chips) 
Seat 8: Dorex2007 ($1.82 in chips) 
Seat 9: Roman.Leo75 ($2.11 in chips) 
Nikk05: posts small blind $0.01
cebrail1: posts big blind $0.02
*** HOLE CARDS ***
Dealt to Dorex2007 [4d Kh]
pokoslav2010: folds 
Dorex2007: folds 
Roman.Leo75: folds 
ktmac15: raises $0.60 to $0.62 and is all-in
DenyLi: folds 
pokadi40: folds 
HungAngry: folds 
Nikk05: folds 
cebrail1: folds 
Uncalled bet ($0.60) returned to ktmac15
ktmac15 collected $0.05 from pot
ktmac15: doesn't show hand 
*** SUMMARY ***
Total pot $0.05 | Rake $0 
Seat 1: ktmac15 collected ($0.05)
Seat 2: DenyLi folded before Flop (didn't bet)
Seat 3: pokadi40 folded before Flop (didn't bet)
Seat 4: HungAngry (button) folded before Flop (didn't bet)
Seat 5: Nikk05 (small blind) folded before Flop
Seat 6: cebrail1 (big blind) folded before Flop
Seat 7: pokoslav2010 folded before Flop (didn't bet)
Seat 8: Dorex2007 folded before Flop (didn't bet)
Seat 9: Roman.Leo75 folded before Flop (didn't bet)



PokerStars Hand #228172743070:  Hold'em No Limit ($0.01/$0.02 USD) - 2021/07/09 13:21:33 PT [2021/07/09 16:21:33 ET]
Table 'Arduina IV' 9-max Seat #5 is the button
Seat 1: ktmac15 ($0.65 in chips) 
Seat 2: DenyLi ($2.94 in chips) 
Seat 3: pokadi40 ($1.44 in chips) 
Seat 4: HungAngry ($1.79 in chips) 
Seat 5: Nikk05 ($1.38 in chips) 
Seat 6: cebrail1 ($1.96 in chips) 
Seat 7: pokoslav2010 ($1.78 in chips) 
Seat 8: Dorex2007 ($1.82 in chips) 
Seat 9: Roman.Leo75 ($2.11 in chips) 
cebrail1: posts small blind $0.01
pokoslav2010: posts big blind $0.02
*** HOLE CARDS ***
Dealt to Dorex2007 [5s 5c]
Dorex2007: calls $0.02
Roman.Leo75: folds 
ktmac15: folds 
DenyLi: folds 
pokadi40: calls $0.02
HungAngry: raises $0.06 to $0.08
Nikk05: calls $0.08
cebrail1: folds 
pokoslav2010: raises $0.10 to $0.18
Dorex2007: folds 
pokadi40: folds 
HungAngry: raises $0.42 to $0.60
Nikk05: folds 
pokoslav2010: raises $0.42 to $1.02
HungAngry: raises $0.42 to $1.44
pokoslav2010: raises $0.34 to $1.78 and is all-in
HungAngry: calls $0.34
*** FLOP *** [7d 6s Qd]
*** TURN *** [7d 6s Qd] [Kd]
*** RIVER *** [7d 6s Qd Kd] [Td]
*** SHOW DOWN ***
pokoslav2010: shows [Ac Ad] (a flush, Ace high)
HungAngry: shows [Ah As] (a pair of Aces)
pokoslav2010 collected $3.56 from pot
*** SUMMARY ***
Total pot $3.69 | Rake $0.13 
Board [7d 6s Qd Kd Td]
Seat 1: ktmac15 folded before Flop (didn't bet)
Seat 2: DenyLi folded before Flop (didn't bet)
Seat 3: pokadi40 folded before Flop
Seat 4: HungAngry showed [Ah As] and lost with a pair of Aces
Seat 5: Nikk05 (button) folded before Flop
Seat 6: cebrail1 (small blind) folded before Flop
Seat 7: pokoslav2010 (big blind) showed [Ac Ad] and won ($3.56) with a flush, Ace high
Seat 8: Dorex2007 folded before Flop
Seat 9: Roman.Leo75 folded before Flop (didn't bet)



PokerStars Hand #228172774202:  Hold'em No Limit ($0.01/$0.02 USD) - 2021/07/09 13:22:38 PT [2021/07/09 16:22:38 ET]
Table 'Arduina IV' 9-max Seat #6 is the button
Seat 1: ktmac15 ($0.65 in chips) 
Seat 2: DenyLi ($2.94 in chips) 
Seat 3: pokadi40 ($1.42 in chips) 
Seat 4: HungAngry ($0.80 in chips) 
Seat 5: Nikk05 ($1.30 in chips) 
Seat 6: cebrail1 ($1.95 in chips) 
Seat 7: pokoslav2010 ($3.56 in chips) 
Seat 8: Dorex2007 ($1.80 in chips) 
Seat 9: Roman.Leo75 ($2.11 in chips) 
pokoslav2010: posts small blind $0.01
Dorex2007: posts big blind $0.02
*** HOLE CARDS ***
Dealt to Dorex2007 [3d Jd]
Roman.Leo75: folds 
ktmac15: folds 
DenyLi: folds 
pokadi40: folds 
HungAngry: calls $0.02
Nikk05: folds 
cebrail1: folds 
pokoslav2010: folds 
Dorex2007: checks 
*** FLOP *** [8d 8s 6s]
Dorex2007: checks 
HungAngry: checks 
*** TURN *** [8d 8s 6s] [Jh]
Dorex2007: bets $0.05
HungAngry: raises $0.15 to $0.20
Dorex2007: folds 
Uncalled bet ($0.15) returned to HungAngry
HungAngry collected $0.14 from pot
HungAngry: doesn't show hand 
*** SUMMARY ***
Total pot $0.15 | Rake $0.01 
Board [8d 8s 6s Jh]
Seat 1: ktmac15 folded before Flop (didn't bet)
Seat 2: DenyLi folded before Flop (didn't bet)
Seat 3: pokadi40 folded before Flop (didn't bet)
Seat 4: HungAngry collected ($0.14)
Seat 5: Nikk05 folded before Flop (didn't bet)
Seat 6: cebrail1 (button) folded before Flop (didn't bet)
Seat 7: pokoslav2010 (small blind) folded before Flop
Seat 8: Dorex2007 (big blind) folded on the Turn
Seat 9: Roman.Leo75 folded before Flop (didn't bet)



PokerStars Hand #228172796263:  Hold'em No Limit ($0.01/$0.02 USD) - 2021/07/09 13:23:24 PT [2021/07/09 16:23:24 ET]
Table 'Arduina IV' 9-max Seat #7 is the button
Seat 1: ktmac15 ($0.65 in chips) 
Seat 2: DenyLi ($2.94 in chips) 
Seat 3: pokadi40 ($1.42 in chips) 
Seat 4: HungAngry ($0.87 in chips) 
Seat 5: Nikk05 ($1.30 in chips) 
Seat 6: cebrail1 ($1.95 in chips) 
Seat 7: pokoslav2010 ($3.55 in chips) 
Seat 8: Dorex2007 ($1.73 in chips) 
Seat 9: Roman.Leo75 ($2.11 in chips) 
Dorex2007: posts small blind $0.01
Roman.Leo75: posts big blind $0.02
*** HOLE CARDS ***
Dealt to Dorex2007 [3h 8h]
ktmac15: folds 
DenyLi: folds 
pokadi40: calls $0.02
HungAngry: folds 
Nikk05: folds 
cebrail1: calls $0.02
pokoslav2010: raises $0.06 to $0.08
Dorex2007: folds 
Roman.Leo75: folds 
pokadi40: calls $0.06
cebrail1: calls $0.06
*** FLOP *** [Js 2s 4s]
pokadi40: checks 
cebrail1: checks 
pokoslav2010: bets $0.18
pokadi40: folds 
cebrail1: folds 
Uncalled bet ($0.18) returned to pokoslav2010
pokoslav2010 collected $0.26 from pot
pokoslav2010: doesn't show hand 
*** SUMMARY ***
Total pot $0.27 | Rake $0.01 
Board [Js 2s 4s]
Seat 1: ktmac15 folded before Flop (didn't bet)
Seat 2: DenyLi folded before Flop (didn't bet)
Seat 3: pokadi40 folded on the Flop
Seat 4: HungAngry folded before Flop (didn't bet)
Seat 5: Nikk05 folded before Flop (didn't bet)
Seat 6: cebrail1 folded on the Flop
Seat 7: pokoslav2010 (button) collected ($0.26)
Seat 8: Dorex2007 (small blind) folded before Flop
Seat 9: Roman.Leo75 (big blind) folded before Flop



PokerStars Hand #228172820355:  Hold'em No Limit ($0.01/$0.02 USD) - 2021/07/09 13:24:15 PT [2021/07/09 16:24:15 ET]
Table 'Arduina IV' 9-max Seat #8 is the button
Seat 1: ktmac15 ($0.65 in chips) 
Seat 2: DenyLi ($2.94 in chips) 
Seat 3: pokadi40 ($1.34 in chips) 
Seat 4: HungAngry ($0.87 in chips) 
Seat 5: Nikk05 ($1.30 in chips) 
Seat 6: cebrail1 ($1.87 in chips) 
Seat 7: pokoslav2010 ($3.73 in chips) 
Seat 8: Dorex2007 ($1.72 in chips) 
Seat 9: Roman.Leo75 ($2.09 in chips) 
Roman.Leo75: posts small blind $0.01
ktmac15: posts big blind $0.02
*** HOLE CARDS ***
Dealt to Dorex2007 [5s 6d]
DenyLi: folds 
pokadi40: calls $0.02
HungAngry: folds 
Nikk05: raises $0.08 to $0.10
cebrail1: folds 
pokoslav2010: raises $0.08 to $0.18
Dorex2007: folds 
Roman.Leo75: folds 
ktmac15: raises $0.47 to $0.65 and is all-in
pokadi40: folds 
Nikk05: calls $0.55
pokoslav2010: raises $1.98 to $2.63
Nikk05: calls $0.65 and is all-in
Uncalled bet ($1.33) returned to pokoslav2010
*** FLOP *** [3h Tc 3d]
*** TURN *** [3h Tc 3d] [4d]
*** RIVER *** [3h Tc 3d 4d] [9c]
*** SHOW DOWN ***
Nikk05: shows [Jc Jd] (two pair, Jacks and Threes)
pokoslav2010: shows [Ah As] (two pair, Aces and Threes)
ktmac15: shows [Js Qc] (a pair of Threes)
pokoslav2010 cashed out the hand for $2.61 | Cash Out Fee $0.03
*** SUMMARY ***
Total pot $3.28 Main pot $1.91. Side pot $1.26. | Rake $0.11 
Board [3h Tc 3d 4d 9c]
Seat 1: ktmac15 (big blind) showed [Js Qc] and lost with a pair of Threes
Seat 2: DenyLi folded before Flop (didn't bet)
Seat 3: pokadi40 folded before Flop
Seat 4: HungAngry folded before Flop (didn't bet)
Seat 5: Nikk05 showed [Jc Jd] and lost with two pair, Jacks and Threes
Seat 6: cebrail1 folded before Flop (didn't bet)
Seat 7: pokoslav2010 showed [Ah As] and won ($3.17) with two pair, Aces and Threes (pot not awarded as player cashed out)
Seat 8: Dorex2007 (button) folded before Flop (didn't bet)
Seat 9: Roman.Leo75 (small blind) folded before Flop



PokerStars Hand #228172843691:  Hold'em No Limit ($0.01/$0.02 USD) - 2021/07/09 13:25:04 PT [2021/07/09 16:25:04 ET]
Table 'Arduina IV' 9-max Seat #9 is the button
Seat 2: DenyLi ($2.94 in chips) 
Seat 4: HungAngry ($0.87 in chips) 
Seat 6: cebrail1 ($1.87 in chips) 
Seat 7: pokoslav2010 ($5.04 in chips) 
Seat 8: Dorex2007 ($1.72 in chips) 
Seat 9: Roman.Leo75 ($2.08 in chips) 
DenyLi: posts small blind $0.01
pokadi40: is sitting out 
ktmac15 leaves the table
HungAngry: posts big blind $0.02
*** HOLE CARDS ***
Dealt to Dorex2007 [Js Qh]
cebrail1: folds 
Nikk05 leaves the table
pokoslav2010: folds 
Dorex2007: calls $0.02
Roman.Leo75: folds 
HDTPe joins the table at seat #5 
DenyLi: folds 
HungAngry: checks 
*** FLOP *** [4h 8h Kc]
HungAngry: checks 
Dorex2007: checks 
*** TURN *** [4h 8h Kc] [6c]
HungAngry: checks 
Dorex2007: checks 
*** RIVER *** [4h 8h Kc 6c] [3h]
HungAngry: checks 
Dorex2007: bets $0.12
fizikfil joins the table at seat #1 
HungAngry: folds 
Uncalled bet ($0.12) returned to Dorex2007
Dorex2007 collected $0.05 from pot
Dorex2007: doesn't show hand 
*** SUMMARY ***
Total pot $0.05 | Rake $0 
Board [4h 8h Kc 6c 3h]
Seat 2: DenyLi (small blind) folded before Flop
Seat 4: HungAngry (big blind) folded on the River
Seat 6: cebrail1 folded before Flop (didn't bet)
Seat 7: pokoslav2010 folded before Flop (didn't bet)
Seat 8: Dorex2007 collected ($0.05)
Seat 9: Roman.Leo75 (button) folded before Flop (didn't bet)



PokerStars Hand #228172866032:  Hold'em No Limit ($0.01/$0.02 USD) - 2021/07/09 13:25:51 PT [2021/07/09 16:25:51 ET]
Table 'Arduina IV' 9-max Seat #2 is the button
Seat 2: DenyLi ($2.93 in chips) 
Seat 4: HungAngry ($0.85 in chips) 
Seat 5: HDTPe ($2 in chips) 
Seat 6: cebrail1 ($1.87 in chips) 
Seat 7: pokoslav2010 ($5.04 in chips) 
Seat 8: Dorex2007 ($1.75 in chips) 
Seat 9: Roman.Leo75 ($2.08 in chips) 
HungAngry: posts small blind $0.01
HDTPe: posts big blind $0.02
fizikfil: sits out 
*** HOLE CARDS ***
Dealt to Dorex2007 [8h 9c]
pokadi40 leaves the table
cebrail1: folds 
pokoslav2010: folds 
Dorex2007: folds 
Roman.Leo75: folds 
DenyLi: folds 
HungAngry: folds 
Uncalled bet ($0.01) returned to HDTPe
HDTPe collected $0.02 from pot
HDTPe: doesn't show hand 
*** SUMMARY ***
Total pot $0.02 | Rake $0 
Seat 2: DenyLi (button) folded before Flop (didn't bet)
Seat 4: HungAngry (small blind) folded before Flop
Seat 5: HDTPe (big blind) collected ($0.02)
Seat 6: cebrail1 folded before Flop (didn't bet)
Seat 7: pokoslav2010 folded before Flop (didn't bet)
Seat 8: Dorex2007 folded before Flop (didn't bet)
Seat 9: Roman.Leo75 folded before Flop (didn't bet)



PokerStars Hand #228172876414:  Hold'em No Limit ($0.01/$0.02 USD) - 2021/07/09 13:26:13 PT [2021/07/09 16:26:13 ET]
Table 'Arduina IV' 9-max Seat #4 is the button
Seat 2: DenyLi ($2.93 in chips) 
Seat 4: HungAngry ($0.84 in chips) 
Seat 5: HDTPe ($2.01 in chips) 
Seat 6: cebrail1 ($1.87 in chips) 
Seat 7: pokoslav2010 ($5.04 in chips) 
Seat 8: Dorex2007 ($1.75 in chips) 
Seat 9: Roman.Leo75 ($2.08 in chips) 
HDTPe: posts small blind $0.01
cebrail1: posts big blind $0.02
fizikfil: sits out 
*** HOLE CARDS ***
Dealt to Dorex2007 [5h 8d]
pokoslav2010: calls $0.02
Dorex2007: folds 
Roman.Leo75: folds 
DenyLi: folds 
Gudum41 joins the table at seat #3 
HungAngry: folds 
HDTPe: folds 
cebrail1: checks 
*** FLOP *** [Ac 3c 5s]
cebrail1: checks 
pokoslav2010: checks 
*** TURN *** [Ac 3c 5s] [5d]
cebrail1: checks 
pokoslav2010: checks 
*** RIVER *** [Ac 3c 5s 5d] [5c]
cebrail1: checks 
pokoslav2010: checks 
*** SHOW DOWN ***
cebrail1: shows [Td 4c] (three of a kind, Fives)
pokoslav2010: shows [Jc Kh] (three of a kind, Fives - Ace+King kicker)
pokoslav2010 collected $0.05 from pot
*** SUMMARY ***
Total pot $0.05 | Rake $0 
Board [Ac 3c 5s 5d 5c]
Seat 2: DenyLi folded before Flop (didn't bet)
Seat 4: HungAngry (button) folded before Flop (didn't bet)
Seat 5: HDTPe (small blind) folded before Flop
Seat 6: cebrail1 (big blind) showed [Td 4c] and lost with three of a kind, Fives
Seat 7: pokoslav2010 showed [Jc Kh] and won ($0.05) with three of a kind, Fives
Seat 8: Dorex2007 folded before Flop (didn't bet)
Seat 9: Roman.Leo75 folded before Flop (didn't bet)



PokerStars Hand #228172895348:  Hold'em No Limit ($0.01/$0.02 USD) - 2021/07/09 13:26:53 PT [2021/07/09 16:26:53 ET]
Table 'Arduina IV' 9-max Seat #5 is the button
Seat 2: DenyLi ($2.93 in chips) 
Seat 4: HungAngry ($0.84 in chips) 
Seat 5: HDTPe ($2 in chips) 
Seat 6: cebrail1 ($1.85 in chips) 
Seat 8: Dorex2007 ($1.75 in chips) 
Seat 9: Roman.Leo75 ($2.08 in chips) 
cebrail1: posts small blind $0.01
pokoslav2010: is sitting out 
Dorex2007: posts big blind $0.02
fizikfil: sits out 
Gudum41: sits out 
*** HOLE CARDS ***
Dealt to Dorex2007 [8d 8c]
Roman.Leo75: folds 
DenyLi: folds 
Roman.Leo75 leaves the table
HungAngry: folds 
pokoslav2010 leaves the table
HDTPe: folds 
cebrail1: folds 
Uncalled bet ($0.01) returned to Dorex2007
Dorex2007 collected $0.02 from pot
Dorex2007: doesn't show hand 
*** SUMMARY ***
Total pot $0.02 | Rake $0 
Seat 2: DenyLi folded before Flop (didn't bet)
Seat 4: HungAngry folded before Flop (didn't bet)
Seat 5: HDTPe (button) folded before Flop (didn't bet)
Seat 6: cebrail1 (small blind) folded before Flop
Seat 8: Dorex2007 (big blind) collected ($0.02)
Seat 9: Roman.Leo75 folded before Flop (didn't bet)



PokerStars Hand #228172902929:  Hold'em No Limit ($0.01/$0.02 USD) - 2021/07/09 13:27:09 PT [2021/07/09 16:27:09 ET]
Table 'Arduina IV' 9-max Seat #6 is the button
Seat 1: fizikfil ($2 in chips) 
Seat 2: DenyLi ($2.93 in chips) 
Seat 4: HungAngry ($0.84 in chips) 
Seat 5: HDTPe ($2 in chips) 
Seat 6: cebrail1 ($1.84 in chips) 
Seat 8: Dorex2007 ($1.76 in chips) 
Dorex2007: posts small blind $0.01
fizikfil: posts big blind $0.02
Gudum41: sits out 
*** HOLE CARDS ***
Dealt to Dorex2007 [6s Jd]
DenyLi: folds 
HungAngry: folds 
HDTPe: folds 
DenyLi leaves the table
cebrail1: raises $0.04 to $0.06
Dorex2007: folds 
fizikfil: folds 
Uncalled bet ($0.04) returned to cebrail1
cebrail1 collected $0.05 from pot
cebrail1: doesn't show hand 
*** SUMMARY ***
Total pot $0.05 | Rake $0 
Seat 1: fizikfil (big blind) folded before Flop
Seat 2: DenyLi folded before Flop (didn't bet)
Seat 4: HungAngry folded before Flop (didn't bet)
Seat 5: HDTPe folded before Flop (didn't bet)
Seat 6: cebrail1 (button) collected ($0.05)
Seat 8: Dorex2007 (small blind) folded before Flop



PokerStars Hand #228172913132:  Hold'em No Limit ($0.01/$0.02 USD) - 2021/07/09 13:27:31 PT [2021/07/09 16:27:31 ET]
Table 'Arduina IV' 9-max Seat #8 is the button
Seat 1: fizikfil ($2 in chips) 
Seat 3: Gudum41 ($2 in chips) 
Seat 4: HungAngry ($0.84 in chips) 
Seat 5: HDTPe ($2 in chips) 
Seat 6: cebrail1 ($1.87 in chips) 
Seat 8: Dorex2007 ($1.75 in chips) 
fizikfil: posts small blind $0.01
Gudum41: posts big blind $0.02
*** HOLE CARDS ***
Dealt to Dorex2007 [Qd Ad]
Luci847 joins the table at seat #7 
HungAngry has timed out
HungAngry: folds 
HDTPe: folds 
cebrail1: folds 
Dorex2007: raises $0.04 to $0.06
fizikfil: folds 
Gudum41: folds 
Uncalled bet ($0.04) returned to Dorex2007
Dorex2007 collected $0.05 from pot
Dorex2007: doesn't show hand 
*** SUMMARY ***
Total pot $0.05 | Rake $0 
Seat 1: fizikfil (small blind) folded before Flop
Seat 3: Gudum41 (big blind) folded before Flop
Seat 4: HungAngry folded before Flop (didn't bet)
Seat 5: HDTPe folded before Flop (didn't bet)
Seat 6: cebrail1 folded before Flop (didn't bet)
Seat 8: Dorex2007 (button) collected ($0.05)



PokerStars Hand #228172924257:  Hold'em No Limit ($0.01/$0.02 USD) - 2021/07/09 13:27:55 PT [2021/07/09 16:27:55 ET]
Table 'Arduina IV' 9-max Seat #1 is the button
Seat 1: fizikfil ($2 in chips) 
Seat 3: Gudum41 ($1.98 in chips) 
Seat 4: HungAngry ($0.84 in chips) 
Seat 5: HDTPe ($2 in chips) 
Seat 6: cebrail1 ($1.87 in chips) 
Seat 7: Luci847 ($0.80 in chips) 
Seat 8: Dorex2007 ($1.78 in chips) 
Gudum41: posts small blind $0.01
HungAngry: posts big blind $0.02
Luci847: posts big blind $0.02
*** HOLE CARDS ***
Dealt to Dorex2007 [7c 2d]
HDTPe: folds 
cebrail1: folds 
Luci847: checks 
Dorex2007: folds 
fizikfil: raises $0.05 to $0.07
Gudum41: folds 
HungAngry: folds 
Luci847: calls $0.05
*** FLOP *** [4s 7d Qd]
Luci847: checks 
fizikfil: bets $0.05
Luci847: folds 
Uncalled bet ($0.05) returned to fizikfil
fizikfil collected $0.16 from pot
fizikfil: doesn't show hand 
*** SUMMARY ***
Total pot $0.17 | Rake $0.01 
Board [4s 7d Qd]
Seat 1: fizikfil (button) collected ($0.16)
Seat 3: Gudum41 (small blind) folded before Flop
Seat 4: HungAngry (big blind) folded before Flop
Seat 5: HDTPe folded before Flop (didn't bet)
Seat 6: cebrail1 folded before Flop (didn't bet)
Seat 7: Luci847 folded on the Flop
Seat 8: Dorex2007 folded before Flop (didn't bet)



PokerStars Hand #228172938690:  Hold'em No Limit ($0.01/$0.02 USD) - 2021/07/09 13:28:26 PT [2021/07/09 16:28:26 ET]
Table 'Arduina IV' 9-max Seat #3 is the button
Seat 1: fizikfil ($2.09 in chips) 
Seat 3: Gudum41 ($1.97 in chips) 
Seat 4: HungAngry ($0.82 in chips) 
Seat 6: cebrail1 ($1.87 in chips) 
Seat 7: Luci847 ($0.73 in chips) 
Seat 8: Dorex2007 ($1.78 in chips) 
HungAngry: posts small blind $0.01
HDTPe: is sitting out 
cebrail1: posts big blind $0.02
*** HOLE CARDS ***
Dealt to Dorex2007 [Qd Td]
Luci847: calls $0.02
Dorex2007: folds 
fizikfil: folds 
Gudum41: calls $0.02
HungAngry: calls $0.01
cebrail1: checks 
*** FLOP *** [5s Kh Th]
HungAngry has timed out
HungAngry: checks 
cebrail1: checks 
Luci847: checks 
Gudum41: checks 
*** TURN *** [5s Kh Th] [Ks]
HungAngry: checks 
cebrail1: checks 
Luci847: bets $0.06
kiling1 joins the table at seat #2 
Gudum41: raises $0.06 to $0.12
AlekseyAD173 joins the table at seat #9 
HungAngry: folds 
cebrail1: folds 
Luci847: folds 
Uncalled bet ($0.06) returned to Gudum41
Gudum41 collected $0.19 from pot
Gudum41: doesn't show hand 
*** SUMMARY ***
Total pot $0.20 | Rake $0.01 
Board [5s Kh Th Ks]
Seat 1: fizikfil folded before Flop (didn't bet)
Seat 3: Gudum41 (button) collected ($0.19)
Seat 4: HungAngry (small blind) folded on the Turn
Seat 6: cebrail1 (big blind) folded on the Turn
Seat 7: Luci847 folded on the Turn
Seat 8: Dorex2007 folded before Flop (didn't bet)



PokerStars Hand #228172981768:  Hold'em No Limit ($0.01/$0.02 USD) - 2021/07/09 13:29:58 PT [2021/07/09 16:29:58 ET]
Table 'Arduina IV' 9-max Seat #4 is the button
Seat 1: fizikfil ($2.09 in chips) 
Seat 3: Gudum41 ($2.08 in chips) 
Seat 4: HungAngry ($0.80 in chips) 
Seat 6: cebrail1 ($1.85 in chips) 
Seat 7: Luci847 ($0.65 in chips) 
Seat 8: Dorex2007 ($1.78 in chips) 
Seat 9: AlekseyAD173 ($0.80 in chips) 
cebrail1: posts small blind $0.01
Luci847: posts big blind $0.02
AlekseyAD173: posts big blind $0.02
kiling1: sits out 
*** HOLE CARDS ***
Dealt to Dorex2007 [7s 3d]
Dorex2007: folds 
AlekseyAD173: checks 
fizikfil: folds 
Gudum41: folds 
HungAngry: calls $0.02
cebrail1: folds 
Luci847: checks 
*** FLOP *** [Ad Th Qc]
Luci847: checks 
AlekseyAD173: checks 
HungAngry: bets $0.05
Luci847: folds 
AlekseyAD173: folds 
Uncalled bet ($0.05) returned to HungAngry
HungAngry collected $0.07 from pot
HungAngry: doesn't show hand 
*** SUMMARY ***
Total pot $0.07 | Rake $0 
Board [Ad Th Qc]
Seat 1: fizikfil folded before Flop (didn't bet)
Seat 3: Gudum41 folded before Flop (didn't bet)
Seat 4: HungAngry (button) collected ($0.07)
Seat 6: cebrail1 (small blind) folded before Flop
Seat 7: Luci847 (big blind) folded on the Flop
Seat 8: Dorex2007 folded before Flop (didn't bet)
Seat 9: AlekseyAD173 folded on the Flop (didn't bet)



PokerStars Hand #228172996475:  Hold'em No Limit ($0.01/$0.02 USD) - 2021/07/09 13:30:29 PT [2021/07/09 16:30:29 ET]
Table 'Arduina IV' 9-max Seat #6 is the button
Seat 1: fizikfil ($2.09 in chips) 
Seat 3: Gudum41 ($2.08 in chips) 
Seat 4: HungAngry ($0.85 in chips) 
Seat 6: cebrail1 ($1.84 in chips) 
Seat 7: Luci847 ($0.63 in chips) 
Seat 8: Dorex2007 ($1.78 in chips) 
Seat 9: AlekseyAD173 ($0.78 in chips) 
Luci847: posts small blind $0.01
Dorex2007: posts big blind $0.02
kiling1: sits out 
HDTPe: sits out 
*** HOLE CARDS ***
Dealt to Dorex2007 [2s Kd]
AlekseyAD173: calls $0.02
fizikfil: raises $0.06 to $0.08
Gudum41: folds 
HungAngry: folds 
cebrail1: folds 
Luci847: calls $0.07
Dorex2007: folds 
AlekseyAD173: calls $0.06
*** FLOP *** [4s 3h 6c]
Luci847: checks 
AlekseyAD173: checks 
fizikfil: bets $0.08
Luci847: folds 
AlekseyAD173: calls $0.08
*** TURN *** [4s 3h 6c] [Qc]
AlekseyAD173: checks 
fizikfil: checks 
*** RIVER *** [4s 3h 6c Qc] [Ts]
AlekseyAD173: checks 
fizikfil: checks 
*** SHOW DOWN ***
AlekseyAD173: shows [5d 5h] (a pair of Fives)
fizikfil: shows [Th Ad] (a pair of Tens)
fizikfil collected $0.41 from pot
*** SUMMARY ***
Total pot $0.42 | Rake $0.01 
Board [4s 3h 6c Qc Ts]
Seat 1: fizikfil showed [Th Ad] and won ($0.41) with a pair of Tens
Seat 3: Gudum41 folded before Flop (didn't bet)
Seat 4: HungAngry folded before Flop (didn't bet)
Seat 6: cebrail1 (button) folded before Flop (didn't bet)
Seat 7: Luci847 (small blind) folded on the Flop
Seat 8: Dorex2007 (big blind) folded before Flop
Seat 9: AlekseyAD173 showed [5d 5h] and lost with a pair of Fives



PokerStars Hand #228173016121:  Hold'em No Limit ($0.01/$0.02 USD) - 2021/07/09 13:31:11 PT [2021/07/09 16:31:11 ET]
Table 'Arduina IV' 9-max Seat #7 is the button
Seat 1: fizikfil ($2.34 in chips) 
Seat 3: Gudum41 ($2.08 in chips) 
Seat 4: HungAngry ($0.85 in chips) 
Seat 6: cebrail1 ($1.84 in chips) 
Seat 7: Luci847 ($0.55 in chips) 
Seat 8: Dorex2007 ($1.76 in chips) 
Seat 9: AlekseyAD173 ($0.62 in chips) 
Dorex2007: posts small blind $0.01
AlekseyAD173: posts big blind $0.02
kiling1: sits out 
HDTPe: sits out 
*** HOLE CARDS ***
Dealt to Dorex2007 [3s 6d]
fizikfil: raises $0.04 to $0.06
Gudum41: raises $0.04 to $0.10
HungAngry: folds 
cebrail1: folds 
Luci847: calls $0.10
Dorex2007: folds 
AlekseyAD173: folds 
fizikfil: calls $0.04
*** FLOP *** [7c 6h Kd]
fizikfil: checks 
Gudum41: checks 
Luci847: checks 
*** TURN *** [7c 6h Kd] [4s]
fizikfil: checks 
Gudum41: checks 
Luci847: checks 
*** RIVER *** [7c 6h Kd 4s] [9d]
fizikfil: bets $0.11
Gudum41: folds 
Luci847: calls $0.11
*** SHOW DOWN ***
fizikfil: shows [Ac Qs] (high card Ace)
Luci847: shows [9c Qh] (a pair of Nines)
Luci847 collected $0.53 from pot
*** SUMMARY ***
Total pot $0.55 | Rake $0.02 
Board [7c 6h Kd 4s 9d]
Seat 1: fizikfil showed [Ac Qs] and lost with high card Ace
Seat 3: Gudum41 folded on the River
Seat 4: HungAngry folded before Flop (didn't bet)
Seat 6: cebrail1 folded before Flop (didn't bet)
Seat 7: Luci847 (button) showed [9c Qh] and won ($0.53) with a pair of Nines
Seat 8: Dorex2007 (small blind) folded before Flop
Seat 9: AlekseyAD173 (big blind) folded before Flop



PokerStars Hand #228173036410:  Hold'em No Limit ($0.01/$0.02 USD) - 2021/07/09 13:31:54 PT [2021/07/09 16:31:54 ET]
Table 'Arduina IV' 9-max Seat #8 is the button
Seat 1: fizikfil ($2.13 in chips) 
Seat 3: Gudum41 ($1.98 in chips) 
Seat 4: HungAngry ($0.85 in chips) 
Seat 6: cebrail1 ($1.84 in chips) 
Seat 7: Luci847 ($0.87 in chips) 
Seat 8: Dorex2007 ($1.75 in chips) 
Seat 9: AlekseyAD173 ($0.60 in chips) 
AlekseyAD173: posts small blind $0.01
fizikfil: posts big blind $0.02
kiling1: sits out 
HDTPe: sits out 
*** HOLE CARDS ***
Dealt to Dorex2007 [6d 5h]
Gudum41 has timed out
Gudum41: folds 
HungAngry: folds 
cebrail1: folds 
Luci847: calls $0.02
Dorex2007: folds 
AlekseyAD173: folds 
fizikfil: checks 
*** FLOP *** [3c 4d Qd]
fizikfil: checks 
Luci847: checks 
*** TURN *** [3c 4d Qd] [9h]
fizikfil: checks 
Luci847: checks 
*** RIVER *** [3c 4d Qd 9h] [Ah]
fizikfil: checks 
Luci847: checks 
*** SHOW DOWN ***
fizikfil: shows [2s Ts] (high card Ace)
Luci847: shows [4c 8h] (a pair of Fours)
Luci847 collected $0.05 from pot
*** SUMMARY ***
Total pot $0.05 | Rake $0 
Board [3c 4d Qd 9h Ah]
Seat 1: fizikfil (big blind) showed [2s Ts] and lost with high card Ace
Seat 3: Gudum41 folded before Flop (didn't bet)
Seat 4: HungAngry folded before Flop (didn't bet)
Seat 6: cebrail1 folded before Flop (didn't bet)
Seat 7: Luci847 showed [4c 8h] and won ($0.05) with a pair of Fours
Seat 8: Dorex2007 (button) folded before Flop (didn't bet)
Seat 9: AlekseyAD173 (small blind) folded before Flop



PokerStars Hand #228173053039:  Hold'em No Limit ($0.01/$0.02 USD) - 2021/07/09 13:32:30 PT [2021/07/09 16:32:30 ET]
Table 'Arduina IV' 9-max Seat #9 is the button
Seat 1: fizikfil ($2.11 in chips) 
Seat 2: kiling1 ($1.60 in chips) 
Seat 3: Gudum41 ($1.98 in chips) 
Seat 4: HungAngry ($0.85 in chips) 
Seat 6: cebrail1 ($1.84 in chips) 
Seat 7: Luci847 ($0.90 in chips) 
Seat 8: Dorex2007 ($1.75 in chips) 
Seat 9: AlekseyAD173 ($0.59 in chips) 
fizikfil: posts small blind $0.01
kiling1: posts big blind $0.02
HDTPe: sits out 
*** HOLE CARDS ***
Dealt to Dorex2007 [Qc Kc]
Gudum41: folds 
HungAngry: calls $0.02
cebrail1: folds 
Luci847: folds 
Dorex2007: calls $0.02
AlekseyAD173: calls $0.02
fizikfil: folds 
kiling1: checks 
*** FLOP *** [9h 3c 4d]
kiling1: checks 
HungAngry: checks 
Dorex2007: checks 
AlekseyAD173: checks 
*** TURN *** [9h 3c 4d] [6d]
kiling1: checks 
HungAngry: checks 
Dorex2007: checks 
AlekseyAD173: checks 
*** RIVER *** [9h 3c 4d 6d] [Jc]
kiling1: checks 
HungAngry: checks 
Dorex2007: bets $0.09
AlekseyAD173: folds 
kiling1: folds 
HungAngry: folds 
Uncalled bet ($0.09) returned to Dorex2007
Dorex2007 collected $0.09 from pot
Dorex2007: doesn't show hand 
*** SUMMARY ***
Total pot $0.09 | Rake $0 
Board [9h 3c 4d 6d Jc]
Seat 1: fizikfil (small blind) folded before Flop
Seat 2: kiling1 (big blind) folded on the River
Seat 3: Gudum41 folded before Flop (didn't bet)
Seat 4: HungAngry folded on the River
Seat 6: cebrail1 folded before Flop (didn't bet)
Seat 7: Luci847 folded before Flop (didn't bet)
Seat 8: Dorex2007 collected ($0.09)
Seat 9: AlekseyAD173 (button) folded on the River



PokerStars Hand #228173082833:  Hold'em No Limit ($0.01/$0.02 USD) - 2021/07/09 13:33:33 PT [2021/07/09 16:33:33 ET]
Table 'Arduina IV' 9-max Seat #1 is the button
Seat 1: fizikfil ($2.10 in chips) 
Seat 2: kiling1 ($1.58 in chips) 
Seat 3: Gudum41 ($1.98 in chips) 
Seat 4: HungAngry ($0.83 in chips) 
Seat 6: cebrail1 ($1.84 in chips) 
Seat 7: Luci847 ($0.90 in chips) 
Seat 8: Dorex2007 ($1.82 in chips) 
Seat 9: AlekseyAD173 ($0.57 in chips) 
kiling1: posts small blind $0.01
Gudum41: posts big blind $0.02
HDTPe: sits out 
*** HOLE CARDS ***
Dealt to Dorex2007 [7h 6s]
HungAngry: folds 
cebrail1: folds 
Luci847: calls $0.02
Dorex2007: folds 
AlekseyAD173: folds 
fizikfil: raises $0.05 to $0.07
kiling1: folds 
Gudum41: folds 
Luci847: calls $0.05
*** FLOP *** [Qs 6d Ts]
Luci847: checks 
fizikfil: checks 
*** TURN *** [Qs 6d Ts] [Ad]
Luci847: checks 
fizikfil: checks 
*** RIVER *** [Qs 6d Ts Ad] [5d]
Luci847: checks 
fizikfil: checks 
*** SHOW DOWN ***
Luci847: shows [2d 6c] (a pair of Sixes)
fizikfil: mucks hand 
Luci847 collected $0.16 from pot
*** SUMMARY ***
Total pot $0.17 | Rake $0.01 
Board [Qs 6d Ts Ad 5d]
Seat 1: fizikfil (button) mucked [7s 3s]
Seat 2: kiling1 (small blind) folded before Flop
Seat 3: Gudum41 (big blind) folded before Flop
Seat 4: HungAngry folded before Flop (didn't bet)
Seat 6: cebrail1 folded before Flop (didn't bet)
Seat 7: Luci847 showed [2d 6c] and won ($0.16) with a pair of Sixes
Seat 8: Dorex2007 folded before Flop (didn't bet)
Seat 9: AlekseyAD173 folded before Flop (didn't bet)



PokerStars Hand #228173099293:  Hold'em No Limit ($0.01/$0.02 USD) - 2021/07/09 13:34:09 PT [2021/07/09 16:34:09 ET]
Table 'Arduina IV' 9-max Seat #2 is the button
Seat 1: fizikfil ($2.03 in chips) 
Seat 2: kiling1 ($1.57 in chips) 
Seat 3: Gudum41 ($1.96 in chips) 
Seat 5: HDTPe ($2 in chips) 
Seat 6: cebrail1 ($1.84 in chips) 
Seat 7: Luci847 ($0.99 in chips) 
Seat 8: Dorex2007 ($1.82 in chips) 
Seat 9: AlekseyAD173 ($0.57 in chips) 
Gudum41: posts small blind $0.01
HungAngry: is sitting out 
HDTPe: posts big blind $0.02
*** HOLE CARDS ***
Dealt to Dorex2007 [Qd 7d]
cebrail1: folds 
Luci847: calls $0.02
Dorex2007: folds 
AlekseyAD173: folds 
fizikfil: raises $0.05 to $0.07
kiling1: folds 
Gudum41: folds 
HDTPe: folds 
Luci847: calls $0.05
*** FLOP *** [3c 9d 4c]
Luci847: checks 
fizikfil: checks 
*** TURN *** [3c 9d 4c] [As]
Luci847: checks 
fizikfil: checks 
*** RIVER *** [3c 9d 4c As] [6c]
Luci847: bets $0.10
fizikfil: raises $0.20 to $0.30
Luci847: calls $0.20
*** SHOW DOWN ***
fizikfil: shows [Qc 8c] (a flush, Queen high)
Luci847: mucks hand 
fizikfil collected $0.74 from pot
*** SUMMARY ***
Total pot $0.77 | Rake $0.03 
Board [3c 9d 4c As 6c]
Seat 1: fizikfil showed [Qc 8c] and won ($0.74) with a flush, Queen high
Seat 2: kiling1 (button) folded before Flop (didn't bet)
Seat 3: Gudum41 (small blind) folded before Flop
Seat 5: HDTPe (big blind) folded before Flop
Seat 6: cebrail1 folded before Flop (didn't bet)
Seat 7: Luci847 mucked [2c Jc]
Seat 8: Dorex2007 folded before Flop (didn't bet)
Seat 9: AlekseyAD173 folded before Flop (didn't bet)



PokerStars Hand #228173118708:  Hold'em No Limit ($0.01/$0.02 USD) - 2021/07/09 13:34:50 PT [2021/07/09 16:34:50 ET]
Table 'Arduina IV' 9-max Seat #3 is the button
Seat 1: fizikfil ($2.40 in chips) 
Seat 2: kiling1 ($1.57 in chips) 
Seat 3: Gudum41 ($1.95 in chips) 
Seat 5: HDTPe ($1.98 in chips) 
Seat 6: cebrail1 ($1.84 in chips) 
Seat 7: Luci847 ($0.62 in chips) 
Seat 8: Dorex2007 ($1.82 in chips) 
Seat 9: AlekseyAD173 ($0.57 in chips) 
HDTPe: posts small blind $0.01
cebrail1: posts big blind $0.02
*** HOLE CARDS ***
Dealt to Dorex2007 [3d 4d]
Luci847: calls $0.02
Dorex2007: folds 
AlekseyAD173: folds 
fizikfil: folds 
kiling1: folds 
Gudum41 has timed out
Gudum41: folds 
HDTPe: folds 
cebrail1: checks 
*** FLOP *** [8d 2d 7d]
cebrail1: checks 
Luci847: checks 
*** TURN *** [8d 2d 7d] [8s]
cebrail1: checks 
Luci847: bets $0.10
cebrail1: calls $0.10
*** RIVER *** [8d 2d 7d 8s] [3h]
cebrail1: checks 
Luci847: bets $0.10
cebrail1: folds 
Uncalled bet ($0.10) returned to Luci847
Luci847 collected $0.24 from pot
Luci847: doesn't show hand 
*** SUMMARY ***
Total pot $0.25 | Rake $0.01 
Board [8d 2d 7d 8s 3h]
Seat 1: fizikfil folded before Flop (didn't bet)
Seat 2: kiling1 folded before Flop (didn't bet)
Seat 3: Gudum41 (button) folded before Flop (didn't bet)
Seat 5: HDTPe (small blind) folded before Flop
Seat 6: cebrail1 (big blind) folded on the River
Seat 7: Luci847 collected ($0.24)
Seat 8: Dorex2007 folded before Flop (didn't bet)
Seat 9: AlekseyAD173 folded before Flop (didn't bet)



PokerStars Hand #228173145625:  Hold'em No Limit ($0.01/$0.02 USD) - 2021/07/09 13:35:47 PT [2021/07/09 16:35:47 ET]
Table 'Arduina IV' 9-max Seat #5 is the button
Seat 1: fizikfil ($2.40 in chips) 
Seat 2: kiling1 ($1.57 in chips) 
Seat 3: Gudum41 ($1.95 in chips) 
Seat 5: HDTPe ($1.97 in chips) 
Seat 6: cebrail1 ($1.72 in chips) 
Seat 7: Luci847 ($0.74 in chips) 
Seat 8: Dorex2007 ($1.82 in chips) 
Seat 9: AlekseyAD173 ($0.57 in chips) 
cebrail1: posts small blind $0.01
Luci847: posts big blind $0.02
*** HOLE CARDS ***
Dealt to Dorex2007 [Jd 2d]
Dorex2007: folds 
AlekseyAD173: calls $0.02
fizikfil: folds 
kiling1: raises $0.06 to $0.08
Gudum41: calls $0.08
HDTPe: folds 
cebrail1: folds 
Luci847: calls $0.06
AlekseyAD173: calls $0.06
*** FLOP *** [8s 6d 7h]
Luci847: checks 
AlekseyAD173: checks 
kiling1: checks 
Gudum41: bets $0.02
Luci847: calls $0.02
AlekseyAD173: folds 
kiling1: calls $0.02
*** TURN *** [8s 6d 7h] [Kd]
Luci847: checks 
kiling1: checks 
Gudum41: bets $0.19
Luci847: folds 
kiling1: folds 
Uncalled bet ($0.19) returned to Gudum41
Gudum41 collected $0.38 from pot
Gudum41: doesn't show hand 
*** SUMMARY ***
Total pot $0.39 | Rake $0.01 
Board [8s 6d 7h Kd]
Seat 1: fizikfil folded before Flop (didn't bet)
Seat 2: kiling1 folded on the Turn
Seat 3: Gudum41 collected ($0.38)
Seat 5: HDTPe (button) folded before Flop (didn't bet)
Seat 6: cebrail1 (small blind) folded before Flop
Seat 7: Luci847 (big blind) folded on the Turn
Seat 8: Dorex2007 folded before Flop (didn't bet)
Seat 9: AlekseyAD173 folded on the Flop



PokerStars Hand #228173170344:  Hold'em No Limit ($0.01/$0.02 USD) - 2021/07/09 13:36:41 PT [2021/07/09 16:36:41 ET]
Table 'Arduina IV' 9-max Seat #6 is the button
Seat 1: fizikfil ($2.40 in chips) 
Seat 2: kiling1 ($1.47 in chips) 
Seat 3: Gudum41 ($2.23 in chips) 
Seat 5: HDTPe ($1.97 in chips) 
Seat 6: cebrail1 ($1.71 in chips) 
Seat 7: Luci847 ($0.64 in chips) 
Seat 8: Dorex2007 ($1.82 in chips) 
Seat 9: AlekseyAD173 ($0.49 in chips) 
Luci847: posts small blind $0.01
Dorex2007: posts big blind $0.02
*** HOLE CARDS ***
Dealt to Dorex2007 [9d 3c]
AlekseyAD173: folds 
fizikfil: folds 
kiling1: folds 
Gudum41: folds 
HDTPe: folds 
cebrail1: folds 
Luci847: calls $0.01
Dorex2007: checks 
*** FLOP *** [7h Ac 8s]
Luci847: checks 
Dorex2007: checks 
*** TURN *** [7h Ac 8s] [Td]
Luci847: checks 
Dorex2007: checks 
*** RIVER *** [7h Ac 8s Td] [Qc]
Luci847: checks 
Dorex2007: checks 
*** SHOW DOWN ***
Luci847: shows [Jd Kd] (a straight, Ten to Ace)
Dorex2007: mucks hand 
Luci847 collected $0.04 from pot
*** SUMMARY ***
Total pot $0.04 | Rake $0 
Board [7h Ac 8s Td Qc]
Seat 1: fizikfil folded before Flop (didn't bet)
Seat 2: kiling1 folded before Flop (didn't bet)
Seat 3: Gudum41 folded before Flop (didn't bet)
Seat 5: HDTPe folded before Flop (didn't bet)
Seat 6: cebrail1 (button) folded before Flop (didn't bet)
Seat 7: Luci847 (small blind) showed [Jd Kd] and won ($0.04) with a straight, Ten to Ace
Seat 8: Dorex2007 (big blind) mucked [9d 3c]
Seat 9: AlekseyAD173 folded before Flop (didn't bet)



PokerStars Hand #228173183259:  Hold'em No Limit ($0.01/$0.02 USD) - 2021/07/09 13:37:08 PT [2021/07/09 16:37:08 ET]
Table 'Arduina IV' 9-max Seat #7 is the button
Seat 1: fizikfil ($2.40 in chips) 
Seat 2: kiling1 ($1.47 in chips) 
Seat 3: Gudum41 ($2.23 in chips) 
Seat 5: HDTPe ($1.97 in chips) 
Seat 6: cebrail1 ($1.71 in chips) 
Seat 7: Luci847 ($0.66 in chips) 
Seat 8: Dorex2007 ($1.80 in chips) 
Seat 9: AlekseyAD173 ($0.49 in chips) 
Dorex2007: posts small blind $0.01
AlekseyAD173: posts big blind $0.02
*** HOLE CARDS ***
Dealt to Dorex2007 [2d 7h]
fizikfil: folds 
kiling1: folds 
Gudum41: calls $0.02
HDTPe has timed out
HDTPe: folds 
cebrail1: folds 
Luci847: calls $0.02
Dorex2007: folds 
AlekseyAD173: checks 
*** FLOP *** [6c 8c 7s]
AlekseyAD173: checks 
Gudum41: checks 
Luci847: checks 
*** TURN *** [6c 8c 7s] [Ac]
AlekseyAD173: checks 
Gudum41: bets $0.02
Luci847: folds 
AlekseyAD173: calls $0.02
*** RIVER *** [6c 8c 7s Ac] [6s]
AlekseyAD173: checks 
Gudum41: checks 
*** SHOW DOWN ***
AlekseyAD173: shows [As Qd] (two pair, Aces and Sixes)
Gudum41: mucks hand 
AlekseyAD173 collected $0.11 from pot
*** SUMMARY ***
Total pot $0.11 | Rake $0 
Board [6c 8c 7s Ac 6s]
Seat 1: fizikfil folded before Flop (didn't bet)
Seat 2: kiling1 folded before Flop (didn't bet)
Seat 3: Gudum41 mucked [3d 3h]
Seat 5: HDTPe folded before Flop (didn't bet)
Seat 6: cebrail1 folded before Flop (didn't bet)
Seat 7: Luci847 (button) folded on the Turn
Seat 8: Dorex2007 (small blind) folded before Flop
Seat 9: AlekseyAD173 (big blind) showed [As Qd] and won ($0.11) with two pair, Aces and Sixes



PokerStars Hand #228173215639:  Hold'em No Limit ($0.01/$0.02 USD) - 2021/07/09 13:38:18 PT [2021/07/09 16:38:18 ET]
Table 'Arduina IV' 9-max Seat #8 is the button
Seat 1: fizikfil ($2.40 in chips) 
Seat 2: kiling1 ($1.47 in chips) 
Seat 3: Gudum41 ($2.19 in chips) 
Seat 5: HDTPe ($1.97 in chips) 
Seat 6: cebrail1 ($1.71 in chips) 
Seat 7: Luci847 ($0.64 in chips) 
Seat 8: Dorex2007 ($1.79 in chips) 
Seat 9: AlekseyAD173 ($0.56 in chips) 
AlekseyAD173: posts small blind $0.01
fizikfil: posts big blind $0.02
*** HOLE CARDS ***
Dealt to Dorex2007 [4c As]
kiling1: folds 
Gudum41: folds 
HDTPe: folds 
cebrail1: folds 
Luci847: calls $0.02
Dorex2007: folds 
AlekseyAD173: folds 
Gudum41 leaves the table
fizikfil: checks 
*** FLOP *** [8s Ts Jc]
letsg0fishin joins the table at seat #3 
fizikfil: checks 
Luci847: checks 
*** TURN *** [8s Ts Jc] [5c]
fizikfil: checks 
Luci847: checks 
*** RIVER *** [8s Ts Jc 5c] [Qh]
fizikfil: bets $0.03
Luci847: raises $0.17 to $0.20
fizikfil: raises $0.30 to $0.50
Luci847: calls $0.30
*** SHOW DOWN ***
fizikfil: shows [9c 6h] (a straight, Eight to Queen)
Luci847: shows [Jh 9h] (a straight, Eight to Queen)
fizikfil collected $0.51 from pot
Luci847 collected $0.50 from pot
*** SUMMARY ***
Total pot $1.05 | Rake $0.04 
Board [8s Ts Jc 5c Qh]
Seat 1: fizikfil (big blind) showed [9c 6h] and won ($0.51) with a straight, Eight to Queen
Seat 2: kiling1 folded before Flop (didn't bet)
Seat 3: Gudum41 folded before Flop (didn't bet)
Seat 5: HDTPe folded before Flop (didn't bet)
Seat 6: cebrail1 folded before Flop (didn't bet)
Seat 7: Luci847 showed [Jh 9h] and won ($0.50) with a straight, Eight to Queen
Seat 8: Dorex2007 (button) folded before Flop (didn't bet)
Seat 9: AlekseyAD173 (small blind) folded before Flop



PokerStars Hand #228173251342:  Hold'em No Limit ($0.01/$0.02 USD) - 2021/07/09 13:39:17 PT [2021/07/09 16:39:17 ET]
Table 'Arduina IV' 9-max Seat #9 is the button
Seat 1: fizikfil ($2.39 in chips) 
Seat 2: kiling1 ($1.47 in chips) 
Seat 5: HDTPe ($1.97 in chips) 
Seat 6: cebrail1 ($1.71 in chips) 
Seat 7: Luci847 ($0.62 in chips) 
Seat 8: Dorex2007 ($1.79 in chips) 
Seat 9: AlekseyAD173 ($0.55 in chips) 
fizikfil: posts small blind $0.01
kiling1: posts big blind $0.02
letsg0fishin: sits out 
*** HOLE CARDS ***
Dealt to Dorex2007 [8s 5s]
HDTPe: folds 
cebrail1: folds 
Luci847: calls $0.02
Dorex2007: folds 
AlekseyAD173: folds 
fizikfil: folds 
kiling1: checks 
*** FLOP *** [6h 6c Kd]
kiling1: bets $0.05
Luci847: raises $0.55 to $0.60 and is all-in
kiling1: folds 
Uncalled bet ($0.55) returned to Luci847
Luci847 collected $0.14 from pot
Luci847: doesn't show hand 
*** SUMMARY ***
Total pot $0.15 | Rake $0.01 
Board [6h 6c Kd]
Seat 1: fizikfil (small blind) folded before Flop
Seat 2: kiling1 (big blind) folded on the Flop
Seat 5: HDTPe folded before Flop (didn't bet)
Seat 6: cebrail1 folded before Flop (didn't bet)
Seat 7: Luci847 collected ($0.14)
Seat 8: Dorex2007 folded before Flop (didn't bet)
Seat 9: AlekseyAD173 (button) folded before Flop (didn't bet)



PokerStars Hand #228173275519:  Hold'em No Limit ($0.01/$0.02 USD) - 2021/07/09 13:40:10 PT [2021/07/09 16:40:10 ET]
Table 'Arduina IV' 9-max Seat #1 is the button
Seat 1: fizikfil ($2.38 in chips) 
Seat 2: kiling1 ($1.40 in chips) 
Seat 3: letsg0fishin ($2 in chips) 
Seat 5: HDTPe ($1.97 in chips) 
Seat 6: cebrail1 ($1.71 in chips) 
Seat 7: Luci847 ($0.69 in chips) 
Seat 8: Dorex2007 ($1.79 in chips) 
Seat 9: AlekseyAD173 ($0.55 in chips) 
kiling1: posts small blind $0.01
letsg0fishin: posts big blind $0.02
*** HOLE CARDS ***
Dealt to Dorex2007 [6s 7h]
HDTPe: folds 
cebrail1: folds 
Luci847: calls $0.02
Dorex2007: folds 
AlekseyAD173: calls $0.02
fizikfil: folds 
kiling1: folds 
letsg0fishin: checks 
*** FLOP *** [4h 4d 2c]
letsg0fishin: checks 
Luci847: checks 
AlekseyAD173: checks 
*** TURN *** [4h 4d 2c] [8s]
letsg0fishin: checks 
Luci847: checks 
AlekseyAD173: checks 
*** RIVER *** [4h 4d 2c 8s] [Qc]
letsg0fishin: checks 
Luci847: checks 
AlekseyAD173: checks 
*** SHOW DOWN ***
letsg0fishin: shows [Kh Jd] (a pair of Fours)
Luci847: shows [Qh Kd] (two pair, Queens and Fours)
AlekseyAD173: mucks hand 
Luci847 collected $0.07 from pot
*** SUMMARY ***
Total pot $0.07 | Rake $0 
Board [4h 4d 2c 8s Qc]
Seat 1: fizikfil (button) folded before Flop (didn't bet)
Seat 2: kiling1 (small blind) folded before Flop
Seat 3: letsg0fishin (big blind) showed [Kh Jd] and lost with a pair of Fours
Seat 5: HDTPe folded before Flop (didn't bet)
Seat 6: cebrail1 folded before Flop (didn't bet)
Seat 7: Luci847 showed [Qh Kd] and won ($0.07) with two pair, Queens and Fours
Seat 8: Dorex2007 folded before Flop (didn't bet)
Seat 9: AlekseyAD173 mucked [9s As]



PokerStars Hand #228173292264:  Hold'em No Limit ($0.01/$0.02 USD) - 2021/07/09 13:40:46 PT [2021/07/09 16:40:46 ET]
Table 'Arduina IV' 9-max Seat #2 is the button
Seat 1: fizikfil ($2.38 in chips) 
Seat 2: kiling1 ($1.39 in chips) 
Seat 3: letsg0fishin ($2 in chips) 
Seat 5: HDTPe ($1.97 in chips) 
Seat 6: cebrail1 ($1.71 in chips) 
Seat 7: Luci847 ($0.74 in chips) 
Seat 8: Dorex2007 ($1.79 in chips) 
Seat 9: AlekseyAD173 ($0.53 in chips) 
letsg0fishin: posts small blind $0.01
HDTPe: posts big blind $0.02
*** HOLE CARDS ***
Dealt to Dorex2007 [6h Ac]
cebrail1: folds 
Luci847: calls $0.02
Dorex2007: folds 
AlekseyAD173: folds 
fizikfil: folds 
kiling1: folds 
letsg0fishin: folds 
HDTPe: checks 
*** FLOP *** [Kd 3d 4c]
HDTPe: checks 
Luci847: checks 
*** TURN *** [Kd 3d 4c] [9h]
HDTPe: checks 
Luci847: checks 
*** RIVER *** [Kd 3d 4c 9h] [Ts]
HDTPe: checks 
Luci847: bets $0.20
HDTPe: folds 
Uncalled bet ($0.20) returned to Luci847
Luci847 collected $0.05 from pot
Luci847: doesn't show hand 
*** SUMMARY ***
Total pot $0.05 | Rake $0 
Board [Kd 3d 4c 9h Ts]
Seat 1: fizikfil folded before Flop (didn't bet)
Seat 2: kiling1 (button) folded before Flop (didn't bet)
Seat 3: letsg0fishin (small blind) folded before Flop
Seat 5: HDTPe (big blind) folded on the River
Seat 6: cebrail1 folded before Flop (didn't bet)
Seat 7: Luci847 collected ($0.05)
Seat 8: Dorex2007 folded before Flop (didn't bet)
Seat 9: AlekseyAD173 folded before Flop (didn't bet)



PokerStars Hand #228173318952:  Hold'em No Limit ($0.01/$0.02 USD) - 2021/07/09 13:41:44 PT [2021/07/09 16:41:44 ET]
Table 'Arduina IV' 9-max Seat #3 is the button
Seat 1: fizikfil ($2.38 in chips) 
Seat 2: kiling1 ($1.39 in chips) 
Seat 3: letsg0fishin ($2 in chips) 
Seat 5: HDTPe ($1.95 in chips) 
Seat 6: cebrail1 ($1.71 in chips) 
Seat 7: Luci847 ($0.77 in chips) 
Seat 8: Dorex2007 ($1.79 in chips) 
Seat 9: AlekseyAD173 ($0.53 in chips) 
HDTPe: posts small blind $0.01
cebrail1: posts big blind $0.02
*** HOLE CARDS ***
Dealt to Dorex2007 [7s Qh]
Luci847: calls $0.02
Dorex2007: folds 
AlekseyAD173: raises $0.07 to $0.09
fizikfil: folds 
kiling1: folds 
letsg0fishin: calls $0.09
HDTPe: folds 
cebrail1: folds 
Luci847: calls $0.07
*** FLOP *** [Jh Th Ac]
Luci847: checks 
AlekseyAD173: bets $0.15
letsg0fishin: calls $0.15
Luci847: calls $0.15
*** TURN *** [Jh Th Ac] [2h]
Luci847: checks 
AlekseyAD173: bets $0.29 and is all-in
letsg0fishin: calls $0.29
Luci847: calls $0.29
*** RIVER *** [Jh Th Ac 2h] [4h]
Luci847: checks 
letsg0fishin: checks 
*** SHOW DOWN ***
Luci847: shows [Jc 2s] (two pair, Jacks and Deuces)
AlekseyAD173: shows [Ad Kh] (a flush, King high)
letsg0fishin: mucks hand 
AlekseyAD173 collected $1.56 from pot
*** SUMMARY ***
Total pot $1.62 | Rake $0.06 
Board [Jh Th Ac 2h 4h]
Seat 1: fizikfil folded before Flop (didn't bet)
Seat 2: kiling1 folded before Flop (didn't bet)
Seat 3: letsg0fishin (button) mucked [Ks As]
Seat 5: HDTPe (small blind) folded before Flop
Seat 6: cebrail1 (big blind) folded before Flop
Seat 7: Luci847 showed [Jc 2s] and lost with two pair, Jacks and Deuces
Seat 8: Dorex2007 folded before Flop (didn't bet)
Seat 9: AlekseyAD173 showed [Ad Kh] and won ($1.56) with a flush, King high



PokerStars Hand #228173408845:  Hold'em No Limit ($0.01/$0.02 USD) - 2021/07/09 13:44:50 PT [2021/07/09 16:44:50 ET]
Table 'Arduina IV' 9-max Seat #1 is the button
Seat 1: fizikfil ($2.31 in chips) 
Seat 2: kiling1 ($1.37 in chips) 
Seat 3: letsg0fishin ($2 in chips) 
Seat 5: HDTPe ($1.94 in chips) 
Seat 6: cebrail1 ($2 in chips) 
Seat 7: Luci847 ($0.36 in chips) 
Seat 8: Dorex2007 ($1.79 in chips) 
Seat 9: 1Asthma1 ($2 in chips) 
kiling1: posts small blind $0.01
letsg0fishin: posts big blind $0.02
HungAngry: sits out 
Dorex2007: posts small & big blinds $0.03
1Asthma1: posts big blind $0.02
*** HOLE CARDS ***
Dealt to Dorex2007 [9d 5s]
HDTPe: folds 
cebrail1: folds 
Luci847: calls $0.02
Dorex2007: checks 
1Asthma1: checks 
fizikfil: folds 
kiling1: folds 
letsg0fishin: checks 
*** FLOP *** [4c Tc Jd]
letsg0fishin: checks 
Luci847: checks 
Dorex2007: checks 
1Asthma1: checks 
*** TURN *** [4c Tc Jd] [4d]
letsg0fishin: bets $0.05
Luci847: folds 
Dorex2007: folds 
1Asthma1: folds 
Uncalled bet ($0.05) returned to letsg0fishin
letsg0fishin collected $0.10 from pot
letsg0fishin: doesn't show hand 
*** SUMMARY ***
Total pot $0.10 | Rake $0 
Board [4c Tc Jd 4d]
Seat 1: fizikfil (button) folded before Flop (didn't bet)
Seat 2: kiling1 (small blind) folded before Flop
Seat 3: letsg0fishin (big blind) collected ($0.10)
Seat 5: HDTPe folded before Flop (didn't bet)
Seat 6: cebrail1 folded before Flop (didn't bet)
Seat 7: Luci847 folded on the Turn
Seat 8: Dorex2007 folded on the Turn (didn't bet)
Seat 9: 1Asthma1 folded on the Turn (didn't bet)



PokerStars Hand #228173440747:  Hold'em No Limit ($0.01/$0.02 USD) - 2021/07/09 13:45:59 PT [2021/07/09 16:45:59 ET]
Table 'Arduina IV' 9-max Seat #2 is the button
Seat 1: fizikfil ($2.31 in chips) 
Seat 2: kiling1 ($1.36 in chips) 
Seat 3: letsg0fishin ($2.08 in chips) 
Seat 4: HungAngry ($0.83 in chips) 
Seat 5: HDTPe ($1.94 in chips) 
Seat 6: cebrail1 ($2 in chips) 
Seat 7: Luci847 ($0.34 in chips) 
Seat 8: Dorex2007 ($1.76 in chips) 
Seat 9: 1Asthma1 ($2 in chips) 
letsg0fishin: posts small blind $0.01
HungAngry: posts big blind $0.02
*** HOLE CARDS ***
Dealt to Dorex2007 [Ts Ks]
HDTPe: folds 
cebrail1: folds 
Luci847: calls $0.02
Dorex2007: calls $0.02
1Asthma1: folds 
fizikfil: folds 
kiling1: calls $0.02
letsg0fishin: folds 
HungAngry: checks 
*** FLOP *** [Kd Js 6s]
HungAngry: checks 
Luci847: checks 
Dorex2007: bets $0.09
letsg0fishin leaves the table
kiling1: folds 
HungAngry: folds 
Luci847: folds 
Uncalled bet ($0.09) returned to Dorex2007
Dorex2007 collected $0.09 from pot
Dorex2007: doesn't show hand 
*** SUMMARY ***
Total pot $0.09 | Rake $0 
Board [Kd Js 6s]
Seat 1: fizikfil folded before Flop (didn't bet)
Seat 2: kiling1 (button) folded on the Flop
Seat 3: letsg0fishin (small blind) folded before Flop
Seat 4: HungAngry (big blind) folded on the Flop
Seat 5: HDTPe folded before Flop (didn't bet)
Seat 6: cebrail1 folded before Flop (didn't bet)
Seat 7: Luci847 folded on the Flop
Seat 8: Dorex2007 collected ($0.09)
Seat 9: 1Asthma1 folded before Flop (didn't bet)



PokerStars Hand #228173465840:  Hold'em No Limit ($0.01/$0.02 USD) - 2021/07/09 13:46:53 PT [2021/07/09 16:46:53 ET]
Table 'Arduina IV' 9-max Seat #4 is the button
Seat 1: fizikfil ($2.31 in chips) 
Seat 2: kiling1 ($1.34 in chips) 
Seat 4: HungAngry ($0.81 in chips) 
Seat 5: HDTPe ($1.94 in chips) 
Seat 6: cebrail1 ($2 in chips) 
Seat 7: Luci847 ($0.32 in chips) 
Seat 8: Dorex2007 ($1.83 in chips) 
Seat 9: 1Asthma1 ($2 in chips) 
HDTPe: posts small blind $0.01
cebrail1: posts big blind $0.02
*** HOLE CARDS ***
Dealt to Dorex2007 [4s 8s]
Luci847: calls $0.02
Dorex2007: folds 
1Asthma1: folds 
fizikfil: folds 
kiling1: folds 
HungAngry: calls $0.02
HDTPe: raises $0.13 to $0.15
cebrail1: folds 
Luci847: calls $0.13
D1AZ85 joins the table at seat #3 
HungAngry: folds 
*** FLOP *** [3h 8d 7h]
HDTPe: bets $0.33
Luci847: folds 
Uncalled bet ($0.33) returned to HDTPe
HDTPe collected $0.33 from pot
HDTPe: doesn't show hand 
*** SUMMARY ***
Total pot $0.34 | Rake $0.01 
Board [3h 8d 7h]
Seat 1: fizikfil folded before Flop (didn't bet)
Seat 2: kiling1 folded before Flop (didn't bet)
Seat 4: HungAngry (button) folded before Flop
Seat 5: HDTPe (small blind) collected ($0.33)
Seat 6: cebrail1 (big blind) folded before Flop
Seat 7: Luci847 folded on the Flop
Seat 8: Dorex2007 folded before Flop (didn't bet)
Seat 9: 1Asthma1 folded before Flop (didn't bet)



PokerStars Hand #228173491117:  Hold'em No Limit ($0.01/$0.02 USD) - 2021/07/09 13:47:38 PT [2021/07/09 16:47:38 ET]
Table 'Arduina IV' 9-max Seat #5 is the button
Seat 1: fizikfil ($2.31 in chips) 
Seat 2: kiling1 ($1.34 in chips) 
Seat 4: HungAngry ($0.80 in chips) 
Seat 5: HDTPe ($2.12 in chips) 
Seat 6: cebrail1 ($1.98 in chips) 
Seat 7: Luci847 ($0.17 in chips) 
Seat 8: Dorex2007 ($1.83 in chips) 
Seat 9: 1Asthma1 ($2 in chips) 
cebrail1: posts small blind $0.01
Luci847: posts big blind $0.02
D1AZ85: sits out 
*** HOLE CARDS ***
Dealt to Dorex2007 [Td 5h]
Dorex2007: folds 
1Asthma1: folds 
fizikfil: folds 
kiling1: folds 
HungAngry: folds 
HDTPe: folds 
cebrail1: folds 
Uncalled bet ($0.01) returned to Luci847
Luci847 collected $0.02 from pot
Luci847: doesn't show hand 
*** SUMMARY ***
Total pot $0.02 | Rake $0 
Seat 1: fizikfil folded before Flop (didn't bet)
Seat 2: kiling1 folded before Flop (didn't bet)
Seat 4: HungAngry folded before Flop (didn't bet)
Seat 5: HDTPe (button) folded before Flop (didn't bet)
Seat 6: cebrail1 (small blind) folded before Flop
Seat 7: Luci847 (big blind) collected ($0.02)
Seat 8: Dorex2007 folded before Flop (didn't bet)
Seat 9: 1Asthma1 folded before Flop (didn't bet)



PokerStars Hand #228173500886:  Hold'em No Limit ($0.01/$0.02 USD) - 2021/07/09 13:47:59 PT [2021/07/09 16:47:59 ET]
Table 'Arduina IV' 9-max Seat #6 is the button
Seat 1: fizikfil ($2.31 in chips) 
Seat 2: kiling1 ($1.34 in chips) 
Seat 3: D1AZ85 ($0.99 in chips) 
Seat 4: HungAngry ($0.80 in chips) 
Seat 5: HDTPe ($2.12 in chips) 
Seat 6: cebrail1 ($1.97 in chips) 
Seat 7: Luci847 ($0.18 in chips) 
Seat 8: Dorex2007 ($1.83 in chips) 
Seat 9: 1Asthma1 ($2 in chips) 
Luci847: posts small blind $0.01
Dorex2007: posts big blind $0.02
D1AZ85: posts big blind $0.02
*** HOLE CARDS ***
Dealt to Dorex2007 [Js Kc]
1Asthma1: folds 
fizikfil: calls $0.02
kiling1: folds 
D1AZ85: checks 
kiling1 leaves the table
HungAngry: folds 
sevendues1980 joins the table at seat #2 
HDTPe: calls $0.02
cebrail1: folds 
Luci847: raises $0.16 to $0.18 and is all-in
Dorex2007: folds 
fizikfil: folds 
D1AZ85: calls $0.16
HDTPe: folds 
*** FLOP *** [Ad 3s 4d]
*** TURN *** [Ad 3s 4d] [3d]
*** RIVER *** [Ad 3s 4d 3d] [9d]
*** SHOW DOWN ***
Luci847: shows [As 6d] (a flush, Ace high)
D1AZ85: shows [4h 2h] (two pair, Fours and Threes)
Luci847 collected $0.41 from pot
*** SUMMARY ***
Total pot $0.42 | Rake $0.01 
Board [Ad 3s 4d 3d 9d]
Seat 1: fizikfil folded before Flop
Seat 2: kiling1 folded before Flop (didn't bet)
Seat 3: D1AZ85 showed [4h 2h] and lost with two pair, Fours and Threes
Seat 4: HungAngry folded before Flop (didn't bet)
Seat 5: HDTPe folded before Flop
Seat 6: cebrail1 (button) folded before Flop (didn't bet)
Seat 7: Luci847 (small blind) showed [As 6d] and won ($0.41) with a flush, Ace high
Seat 8: Dorex2007 (big blind) folded before Flop
Seat 9: 1Asthma1 folded before Flop (didn't bet)



PokerStars Hand #228173541217:  Hold'em No Limit ($0.01/$0.02 USD) - 2021/07/09 13:49:26 PT [2021/07/09 16:49:26 ET]
Table 'Arduina IV' 9-max Seat #7 is the button
Seat 1: fizikfil ($2.29 in chips) 
Seat 2: sevendues1980 ($2 in chips) 
Seat 3: D1AZ85 ($0.81 in chips) 
Seat 4: HungAngry ($0.80 in chips) 
Seat 5: HDTPe ($2.10 in chips) 
Seat 6: cebrail1 ($1.97 in chips) 
Seat 7: Luci847 ($0.41 in chips) 
Seat 8: Dorex2007 ($1.81 in chips) 
Seat 9: 1Asthma1 ($2 in chips) 
Dorex2007: posts small blind $0.01
1Asthma1: posts big blind $0.02
sevendues1980: posts big blind $0.02
*** HOLE CARDS ***
Dealt to Dorex2007 [3d 2c]
fizikfil: folds 
sevendues1980: checks 
D1AZ85: calls $0.02
HungAngry: folds 
HDTPe: folds 
cebrail1: folds 
Luci847: calls $0.02
Dorex2007: folds 
1Asthma1: checks 
*** FLOP *** [Qh 4h 2h]
1Asthma1: checks 
sevendues1980: checks 
D1AZ85: checks 
Luci847: checks 
*** TURN *** [Qh 4h 2h] [5d]
1Asthma1: checks 
sevendues1980: checks 
D1AZ85: bets $0.03
Luci847: calls $0.03
1Asthma1: folds 
sevendues1980: calls $0.03
*** RIVER *** [Qh 4h 2h 5d] [3h]
sevendues1980: bets $0.09
D1AZ85: folds 
Luci847: calls $0.09
*** SHOW DOWN ***
sevendues1980: shows [8s Kh] (a flush, King high)
Luci847: mucks hand 
sevendues1980 collected $0.35 from pot
*** SUMMARY ***
Total pot $0.36 | Rake $0.01 
Board [Qh 4h 2h 5d 3h]
Seat 1: fizikfil folded before Flop (didn't bet)
Seat 2: sevendues1980 showed [8s Kh] and won ($0.35) with a flush, King high
Seat 3: D1AZ85 folded on the River
Seat 4: HungAngry folded before Flop (didn't bet)
Seat 5: HDTPe folded before Flop (didn't bet)
Seat 6: cebrail1 folded before Flop (didn't bet)
Seat 7: Luci847 (button) mucked [6h Qd]
Seat 8: Dorex2007 (small blind) folded before Flop
Seat 9: 1Asthma1 (big blind) folded on the Turn



PokerStars Hand #228173565493:  Hold'em No Limit ($0.01/$0.02 USD) - 2021/07/09 13:50:19 PT [2021/07/09 16:50:19 ET]
Table 'Arduina IV' 9-max Seat #8 is the button
Seat 1: fizikfil ($2.29 in chips) 
Seat 2: sevendues1980 ($2.21 in chips) 
Seat 3: D1AZ85 ($0.76 in chips) 
Seat 4: HungAngry ($0.80 in chips) 
Seat 5: HDTPe ($2.10 in chips) 
Seat 6: cebrail1 ($1.97 in chips) 
Seat 7: Luci847 ($0.27 in chips) 
Seat 8: Dorex2007 ($1.80 in chips) 
Seat 9: 1Asthma1 ($2 in chips) 
1Asthma1: posts small blind $0.01
fizikfil: posts big blind $0.02
*** HOLE CARDS ***
Dealt to Dorex2007 [8h 5s]
sevendues1980: folds 
D1AZ85: raises $0.02 to $0.04
HungAngry: folds 
HDTPe: folds 
cebrail1: folds 
Luci847: calls $0.04
Dorex2007: folds 
1Asthma1: folds 
fizikfil: calls $0.02
*** FLOP *** [Kh 8s Th]
fizikfil: checks 
D1AZ85: bets $0.02
Luci847: folds 
fizikfil: folds 
Uncalled bet ($0.02) returned to D1AZ85
D1AZ85 collected $0.13 from pot
D1AZ85: doesn't show hand 
*** SUMMARY ***
Total pot $0.13 | Rake $0 
Board [Kh 8s Th]
Seat 1: fizikfil (big blind) folded on the Flop
Seat 2: sevendues1980 folded before Flop (didn't bet)
Seat 3: D1AZ85 collected ($0.13)
Seat 4: HungAngry folded before Flop (didn't bet)
Seat 5: HDTPe folded before Flop (didn't bet)
Seat 6: cebrail1 folded before Flop (didn't bet)
Seat 7: Luci847 folded on the Flop
Seat 8: Dorex2007 (button) folded before Flop (didn't bet)
Seat 9: 1Asthma1 (small blind) folded before Flop



PokerStars Hand #228173579556:  Hold'em No Limit ($0.01/$0.02 USD) - 2021/07/09 13:50:49 PT [2021/07/09 16:50:49 ET]
Table 'Arduina IV' 9-max Seat #9 is the button
Seat 1: fizikfil ($2.25 in chips) 
Seat 2: sevendues1980 ($2.21 in chips) 
Seat 3: D1AZ85 ($0.85 in chips) 
Seat 4: HungAngry ($0.80 in chips) 
Seat 5: HDTPe ($2.10 in chips) 
Seat 6: cebrail1 ($1.97 in chips) 
Seat 7: Luci847 ($0.23 in chips) 
Seat 8: Dorex2007 ($1.80 in chips) 
Seat 9: 1Asthma1 ($2 in chips) 
fizikfil: posts small blind $0.01
sevendues1980: posts big blind $0.02
*** HOLE CARDS ***
Dealt to Dorex2007 [8d 4d]
D1AZ85: calls $0.02
HungAngry: folds 
HDTPe: folds 
cebrail1: calls $0.02
Luci847: calls $0.02
Dorex2007: folds 
1Asthma1: folds 
fizikfil: raises $0.09 to $0.11
sevendues1980: folds 
D1AZ85: calls $0.09
cebrail1: calls $0.09
Luci847: raises $0.12 to $0.23 and is all-in
fizikfil: calls $0.12
D1AZ85: calls $0.12
cebrail1: calls $0.12
*** FLOP *** [Kd Tc 8h]
fizikfil: checks 
D1AZ85: checks 
cebrail1: checks 
*** TURN *** [Kd Tc 8h] [7s]
fizikfil: checks 
D1AZ85: bets $0.02
cebrail1: folds 
fizikfil: raises $0.04 to $0.06
D1AZ85: calls $0.04
*** RIVER *** [Kd Tc 8h 7s] [2s]
fizikfil: checks 
D1AZ85: bets $0.05
fizikfil: calls $0.05
*** SHOW DOWN ***
D1AZ85: shows [6d Td] (a pair of Tens)
fizikfil: shows [Jh Js] (a pair of Jacks)
fizikfil collected $0.21 from side pot
Luci847: mucks hand 
fizikfil collected $0.91 from main pot
*** SUMMARY ***
Total pot $1.16 Main pot $0.91. Side pot $0.21. | Rake $0.04 
Board [Kd Tc 8h 7s 2s]
Seat 1: fizikfil (small blind) showed [Jh Js] and won ($1.12) with a pair of Jacks
Seat 2: sevendues1980 (big blind) folded before Flop
Seat 3: D1AZ85 showed [6d Td] and lost with a pair of Tens
Seat 4: HungAngry folded before Flop (didn't bet)
Seat 5: HDTPe folded before Flop (didn't bet)
Seat 6: cebrail1 folded on the Turn
Seat 7: Luci847 mucked [3h 5c]
Seat 8: Dorex2007 folded before Flop (didn't bet)
Seat 9: 1Asthma1 (button) folded before Flop (didn't bet)



PokerStars Hand #228173617237:  Hold'em No Limit ($0.01/$0.02 USD) - 2021/07/09 13:52:11 PT [2021/07/09 16:52:11 ET]
Table 'Arduina IV' 9-max Seat #1 is the button
Seat 1: fizikfil ($3.03 in chips) 
Seat 2: sevendues1980 ($2.19 in chips) 
Seat 3: D1AZ85 ($0.51 in chips) 
Seat 4: HungAngry ($0.80 in chips) 
Seat 5: HDTPe ($2.10 in chips) 
Seat 6: cebrail1 ($1.74 in chips) 
Seat 8: Dorex2007 ($1.80 in chips) 
Seat 9: 1Asthma1 ($2 in chips) 
sevendues1980: posts small blind $0.01
D1AZ85: posts big blind $0.02
*** HOLE CARDS ***
Dealt to Dorex2007 [Js 6h]
HungAngry: folds 
Luci847 leaves the table
HDTPe: folds 
cebrail1: folds 
Dorex2007: folds 
1Asthma1: folds 
fizikfil: folds 
sevendues1980: folds 
Uncalled bet ($0.01) returned to D1AZ85
D1AZ85 collected $0.02 from pot
D1AZ85: doesn't show hand 
Rad wings joins the table at seat #7 
*** SUMMARY ***
Total pot $0.02 | Rake $0 
Seat 1: fizikfil (button) folded before Flop (didn't bet)
Seat 2: sevendues1980 (small blind) folded before Flop
Seat 3: D1AZ85 (big blind) collected ($0.02)
Seat 4: HungAngry folded before Flop (didn't bet)
Seat 5: HDTPe folded before Flop (didn't bet)
Seat 6: cebrail1 folded before Flop (didn't bet)
Seat 8: Dorex2007 folded before Flop (didn't bet)
Seat 9: 1Asthma1 folded before Flop (didn't bet)



PokerStars Hand #228173624615:  Hold'em No Limit ($0.01/$0.02 USD) - 2021/07/09 13:52:27 PT [2021/07/09 16:52:27 ET]
Table 'Arduina IV' 9-max Seat #2 is the button
Seat 1: fizikfil ($3.03 in chips) 
Seat 2: sevendues1980 ($2.18 in chips) 
Seat 3: D1AZ85 ($0.52 in chips) 
Seat 4: HungAngry ($0.80 in chips) 
Seat 5: HDTPe ($2.10 in chips) 
Seat 6: cebrail1 ($1.74 in chips) 
Seat 8: Dorex2007 ($1.80 in chips) 
Seat 9: 1Asthma1 ($2 in chips) 
D1AZ85: posts small blind $0.01
HungAngry: posts big blind $0.02
Rad wings: sits out 
*** HOLE CARDS ***
Dealt to Dorex2007 [9d 8h]
HDTPe: folds 
cebrail1: folds 
Dorex2007: folds 
1Asthma1: folds 
fizikfil: folds 
sevendues1980: folds 
D1AZ85: raises $0.02 to $0.04
HungAngry: folds 
Uncalled bet ($0.02) returned to D1AZ85
D1AZ85 collected $0.04 from pot
D1AZ85: doesn't show hand 
*** SUMMARY ***
Total pot $0.04 | Rake $0 
Seat 1: fizikfil folded before Flop (didn't bet)
Seat 2: sevendues1980 (button) folded before Flop (didn't bet)
Seat 3: D1AZ85 (small blind) collected ($0.04)
Seat 4: HungAngry (big blind) folded before Flop
Seat 5: HDTPe folded before Flop (didn't bet)
Seat 6: cebrail1 folded before Flop (didn't bet)
Seat 8: Dorex2007 folded before Flop (didn't bet)
Seat 9: 1Asthma1 folded before Flop (didn't bet)



PokerStars Hand #228173634702:  Hold'em No Limit ($0.01/$0.02 USD) - 2021/07/09 13:52:49 PT [2021/07/09 16:52:49 ET]
Table 'Arduina IV' 9-max Seat #3 is the button
Seat 1: fizikfil ($3.03 in chips) 
Seat 2: sevendues1980 ($2.18 in chips) 
Seat 3: D1AZ85 ($0.54 in chips) 
Seat 4: HungAngry ($0.80 in chips) 
Seat 5: HDTPe ($2.10 in chips) 
Seat 6: cebrail1 ($1.74 in chips) 
Seat 8: Dorex2007 ($1.80 in chips) 
Seat 9: 1Asthma1 ($2 in chips) 
HungAngry: posts small blind $0.01
HDTPe: posts big blind $0.02
Rad wings: sits out 
*** HOLE CARDS ***
Dealt to Dorex2007 [Ad Jd]
cebrail1: raises $0.02 to $0.04
Dorex2007: calls $0.04
1Asthma1: raises $0.18 to $0.22
fizikfil: folds 
sevendues1980: folds 
D1AZ85: calls $0.22
HungAngry: folds 
HDTPe: folds 
cebrail1: folds 
Dorex2007: folds 
*** FLOP *** [6s 4s 8d]
1Asthma1: bets $0.45
D1AZ85: folds 
Uncalled bet ($0.45) returned to 1Asthma1
1Asthma1 collected $0.53 from pot
1Asthma1: doesn't show hand 
*** SUMMARY ***
Total pot $0.55 | Rake $0.02 
Board [6s 4s 8d]
Seat 1: fizikfil folded before Flop (didn't bet)
Seat 2: sevendues1980 folded before Flop (didn't bet)
Seat 3: D1AZ85 (button) folded on the Flop
Seat 4: HungAngry (small blind) folded before Flop
Seat 5: HDTPe (big blind) folded before Flop
Seat 6: cebrail1 folded before Flop
Seat 8: Dorex2007 folded before Flop
Seat 9: 1Asthma1 collected ($0.53)



PokerStars Hand #228173652344:  Hold'em No Limit ($0.01/$0.02 USD) - 2021/07/09 13:53:27 PT [2021/07/09 16:53:27 ET]
Table 'Arduina IV' 9-max Seat #4 is the button
Seat 1: fizikfil ($3.03 in chips) 
Seat 2: sevendues1980 ($2.18 in chips) 
Seat 3: D1AZ85 ($0.32 in chips) 
Seat 4: HungAngry ($0.80 in chips) 
Seat 5: HDTPe ($2.08 in chips) 
Seat 6: cebrail1 ($1.70 in chips) 
Seat 8: Dorex2007 ($1.76 in chips) 
Seat 9: 1Asthma1 ($2.31 in chips) 
HDTPe: posts small blind $0.01
cebrail1: posts big blind $0.02
Rad wings: sits out 
*** HOLE CARDS ***
Dealt to Dorex2007 [Qd 5d]
Dorex2007: folds 
1Asthma1: folds 
1Asthma1 leaves the table
fizikfil: raises $0.04 to $0.06
sevendues1980: folds 
TommyShark23 joins the table at seat #9 
D1AZ85: folds 
HungAngry: folds 
HDTPe: folds 
cebrail1: folds 
Uncalled bet ($0.04) returned to fizikfil
fizikfil collected $0.05 from pot
fizikfil: doesn't show hand 
*** SUMMARY ***
Total pot $0.05 | Rake $0 
Seat 1: fizikfil collected ($0.05)
Seat 2: sevendues1980 folded before Flop (didn't bet)
Seat 3: D1AZ85 folded before Flop (didn't bet)
Seat 4: HungAngry (button) folded before Flop (didn't bet)
Seat 5: HDTPe (small blind) folded before Flop
Seat 6: cebrail1 (big blind) folded before Flop
Seat 8: Dorex2007 folded before Flop (didn't bet)
Seat 9: 1Asthma1 folded before Flop (didn't bet)



PokerStars Hand #228173660349:  Hold'em No Limit ($0.01/$0.02 USD) - 2021/07/09 13:53:45 PT [2021/07/09 16:53:45 ET]
Table 'Arduina IV' 9-max Seat #5 is the button
Seat 1: fizikfil ($3.06 in chips) 
Seat 2: sevendues1980 ($2.18 in chips) 
Seat 3: D1AZ85 ($0.32 in chips) 
Seat 4: HungAngry ($0.80 in chips) 
Seat 5: HDTPe ($2.07 in chips) 
Seat 6: cebrail1 ($1.68 in chips) 
Seat 7: Rad wings ($1.60 in chips) 
Seat 8: Dorex2007 ($1.76 in chips) 
cebrail1: posts small blind $0.01
Rad wings: posts big blind $0.02
TommyShark23: sits out 
*** HOLE CARDS ***
Dealt to Dorex2007 [Kh 5h]
Dorex2007: folds 
fizikfil: folds 
sevendues1980: folds 
D1AZ85: raises $0.02 to $0.04
HungAngry: folds 
HDTPe: folds 
cebrail1: folds 
Rad wings: calls $0.02
*** FLOP *** [8d Qc Jc]
Rad wings: checks 
D1AZ85: bets $0.02
Rad wings: raises $0.07 to $0.09
D1AZ85: calls $0.07
*** TURN *** [8d Qc Jc] [3d]
Rad wings: bets $0.20
D1AZ85: folds 
Uncalled bet ($0.20) returned to Rad wings
Rad wings collected $0.26 from pot
*** SUMMARY ***
Total pot $0.27 | Rake $0.01 
Board [8d Qc Jc 3d]
Seat 1: fizikfil folded before Flop (didn't bet)
Seat 2: sevendues1980 folded before Flop (didn't bet)
Seat 3: D1AZ85 folded on the Turn
Seat 4: HungAngry folded before Flop (didn't bet)
Seat 5: HDTPe (button) folded before Flop (didn't bet)
Seat 6: cebrail1 (small blind) folded before Flop
Seat 7: Rad wings (big blind) collected ($0.26)
Seat 8: Dorex2007 folded before Flop (didn't bet)



PokerStars Hand #228173683413:  Hold'em No Limit ($0.01/$0.02 USD) - 2021/07/09 13:54:35 PT [2021/07/09 16:54:35 ET]
Table 'Arduina IV' 9-max Seat #6 is the button
Seat 1: fizikfil ($3.06 in chips) 
Seat 2: sevendues1980 ($2.18 in chips) 
Seat 3: D1AZ85 ($0.19 in chips) 
Seat 4: HungAngry ($0.80 in chips) 
Seat 5: HDTPe ($2.07 in chips) 
Seat 6: cebrail1 ($1.99 in chips) 
Seat 7: Rad wings ($1.73 in chips) 
Seat 8: Dorex2007 ($1.76 in chips) 
Rad wings: posts small blind $0.01
Dorex2007: posts big blind $0.02
TommyShark23: sits out 
*** HOLE CARDS ***
Dealt to Dorex2007 [Qs Jc]
fizikfil: folds 
sevendues1980: calls $0.02
D1AZ85: calls $0.02
HungAngry: folds 
HDTPe: folds 
cebrail1: folds 
Rad wings: calls $0.01
Dorex2007: checks 
*** FLOP *** [5s 5d 9h]
Rad wings: checks 
Dorex2007: checks 
TommyShark23 leaves the table
sevendues1980: checks 
D1AZ85: bets $0.02
Rad wings: folds 
Dorex2007: calls $0.02
sevendues1980: folds 
*** TURN *** [5s 5d 9h] [Td]
Dorex2007: checks 
D1AZ85: bets $0.05
Dorex2007: calls $0.05
*** RIVER *** [5s 5d 9h Td] [8c]
Dorex2007: checks 
D1AZ85: bets $0.10 and is all-in
Dorex2007: calls $0.10
*** SHOW DOWN ***
D1AZ85: shows [4s 4h] (two pair, Fives and Fours)
Dorex2007: shows [Qs Jc] (a straight, Eight to Queen)
Dorex2007 collected $0.41 from pot
*** SUMMARY ***
Total pot $0.42 | Rake $0.01 
Board [5s 5d 9h Td 8c]
Seat 1: fizikfil folded before Flop (didn't bet)
Seat 2: sevendues1980 folded on the Flop
Seat 3: D1AZ85 showed [4s 4h] and lost with two pair, Fives and Fours
Seat 4: HungAngry folded before Flop (didn't bet)
Seat 5: HDTPe folded before Flop (didn't bet)
Seat 6: cebrail1 (button) folded before Flop (didn't bet)
Seat 7: Rad wings (small blind) folded on the Flop
Seat 8: Dorex2007 (big blind) showed [Qs Jc] and won ($0.41) with a straight, Eight to Queen



PokerStars Hand #228173710026:  Hold'em No Limit ($0.01/$0.02 USD) - 2021/07/09 13:55:40 PT [2021/07/09 16:55:40 ET]
Table 'Arduina IV' 9-max Seat #7 is the button
Seat 2: sevendues1980 ($2.16 in chips) 
Seat 4: HungAngry ($0.80 in chips) 
Seat 5: HDTPe ($2.07 in chips) 
Seat 6: cebrail1 ($1.99 in chips) 
Seat 7: Rad wings ($1.71 in chips) 
Seat 8: Dorex2007 ($1.98 in chips) 
Dorex2007: posts small blind $0.01
fizikfil: is sitting out 
sevendues1980: posts big blind $0.02
*** HOLE CARDS ***
Dealt to Dorex2007 [Qs Kh]
HungAngry: folds 
fizikfil leaves the table
HDTPe: folds 
cebrail1: folds 
SawaBeton joins the table at seat #9 
Rad wings: raises $0.02 to $0.04
D1AZ85 is disconnected 
Dorex2007: calls $0.03
sevendues1980: folds 
*** FLOP *** [9s 5h Qc]
Dorex2007: bets $0.10
Rad wings: folds 
Uncalled bet ($0.10) returned to Dorex2007
Dorex2007 collected $0.10 from pot
Dorex2007: doesn't show hand 
*** SUMMARY ***
Total pot $0.10 | Rake $0 
Board [9s 5h Qc]
Seat 2: sevendues1980 (big blind) folded before Flop
Seat 4: HungAngry folded before Flop (didn't bet)
Seat 5: HDTPe folded before Flop (didn't bet)
Seat 6: cebrail1 folded before Flop (didn't bet)
Seat 7: Rad wings (button) folded on the Flop
Seat 8: Dorex2007 (small blind) collected ($0.10)



PokerStars Hand #228173719737:  Hold'em No Limit ($0.01/$0.02 USD) - 2021/07/09 13:56:09 PT [2021/07/09 16:56:09 ET]
Table 'Arduina IV' 9-max Seat #8 is the button
Seat 2: sevendues1980 ($2.14 in chips) 
Seat 4: HungAngry ($0.80 in chips) 
Seat 5: HDTPe ($2.07 in chips) 
Seat 6: cebrail1 ($1.99 in chips) 
Seat 7: Rad wings ($1.67 in chips) 
Seat 8: Dorex2007 ($2.04 in chips) 
sevendues1980: posts small blind $0.01
HungAngry: posts big blind $0.02
*** HOLE CARDS ***
Dealt to Dorex2007 [8c 4h]
HDTPe: folds 
cebrail1: raises $0.04 to $0.06
Rad wings: folds 
Dorex2007: folds 
sevendues1980: folds 
HungAngry: calls $0.04
*** FLOP *** [4s 7d 6h]
HungAngry: checks 
cebrail1: checks 
*** TURN *** [4s 7d 6h] [Qc]
Hoffei077 joins the table at seat #1 
HungAngry: checks 
cebrail1: checks 
*** RIVER *** [4s 7d 6h Qc] [3d]
HungAngry: bets $0.74 and is all-in
cebrail1: folds 
Uncalled bet ($0.74) returned to HungAngry
HungAngry collected $0.13 from pot
HungAngry: doesn't show hand 
*** SUMMARY ***
Total pot $0.13 | Rake $0 
Board [4s 7d 6h Qc 3d]
Seat 2: sevendues1980 (small blind) folded before Flop
Seat 4: HungAngry (big blind) collected ($0.13)
Seat 5: HDTPe folded before Flop (didn't bet)
Seat 6: cebrail1 folded on the River
Seat 7: Rad wings folded before Flop (didn't bet)
Seat 8: Dorex2007 (button) folded before Flop (didn't bet)



PokerStars Hand #228173733662:  Hold'em No Limit ($0.01/$0.02 USD) - 2021/07/09 13:56:50 PT [2021/07/09 16:56:50 ET]
Table 'Arduina IV' 9-max Seat #2 is the button
Seat 1: Hoffei077 ($2 in chips) 
Seat 2: sevendues1980 ($2.13 in chips) 
Seat 4: HungAngry ($0.87 in chips) 
Seat 5: HDTPe ($2.07 in chips) 
Seat 6: cebrail1 ($1.93 in chips) 
Seat 7: Rad wings ($1.67 in chips) 
Seat 8: Dorex2007 ($2.04 in chips) 
HungAngry: posts small blind $0.01
HDTPe: posts big blind $0.02
SawaBeton: sits out 
Hoffei077: posts big blind $0.02
*** HOLE CARDS ***
Dealt to Dorex2007 [Jh 6s]
cebrail1: folds 
Rad wings: folds 
Dorex2007: folds 
Hoffei077: raises $0.02 to $0.04
sevendues1980: folds 
HungAngry: folds 
HDTPe: folds 
Uncalled bet ($0.02) returned to Hoffei077
Hoffei077 collected $0.05 from pot
Hoffei077: doesn't show hand 
*** SUMMARY ***
Total pot $0.05 | Rake $0 
Seat 1: Hoffei077 collected ($0.05)
Seat 2: sevendues1980 (button) folded before Flop (didn't bet)
Seat 4: HungAngry (small blind) folded before Flop
Seat 5: HDTPe (big blind) folded before Flop
Seat 6: cebrail1 folded before Flop (didn't bet)
Seat 7: Rad wings folded before Flop (didn't bet)
Seat 8: Dorex2007 folded before Flop (didn't bet)



PokerStars Hand #228173740909:  Hold'em No Limit ($0.01/$0.02 USD) - 2021/07/09 13:57:11 PT [2021/07/09 16:57:11 ET]
Table 'Arduina IV' 9-max Seat #4 is the button
Seat 1: Hoffei077 ($2.03 in chips) 
Seat 2: sevendues1980 ($2.13 in chips) 
Seat 4: HungAngry ($0.86 in chips) 
Seat 5: HDTPe ($2.05 in chips) 
Seat 6: cebrail1 ($1.93 in chips) 
Seat 7: Rad wings ($1.67 in chips) 
Seat 8: Dorex2007 ($2.04 in chips) 
HDTPe: posts small blind $0.01
cebrail1: posts big blind $0.02
SawaBeton: sits out 
*** HOLE CARDS ***
Dealt to Dorex2007 [3c Jh]
Rad wings: folds 
Dorex2007: folds 
Hoffei077: folds 
sevendues1980: folds 
HungAngry: folds 
HDTPe: raises $0.06 to $0.08
cebrail1: folds 
Uncalled bet ($0.06) returned to HDTPe
HDTPe collected $0.04 from pot
HDTPe: doesn't show hand 
*** SUMMARY ***
Total pot $0.04 | Rake $0 
Seat 1: Hoffei077 folded before Flop (didn't bet)
Seat 2: sevendues1980 folded before Flop (didn't bet)
Seat 4: HungAngry (button) folded before Flop (didn't bet)
Seat 5: HDTPe (small blind) collected ($0.04)
Seat 6: cebrail1 (big blind) folded before Flop
Seat 7: Rad wings folded before Flop (didn't bet)
Seat 8: Dorex2007 folded before Flop (didn't bet)



PokerStars Hand #228173747669:  Hold'em No Limit ($0.01/$0.02 USD) - 2021/07/09 13:57:31 PT [2021/07/09 16:57:31 ET]
Table 'Arduina IV' 9-max Seat #5 is the button
Seat 1: Hoffei077 ($2.03 in chips) 
Seat 2: sevendues1980 ($2.13 in chips) 
Seat 4: HungAngry ($0.86 in chips) 
Seat 5: HDTPe ($2.07 in chips) 
Seat 6: cebrail1 ($1.91 in chips) 
Seat 7: Rad wings ($1.67 in chips) 
Seat 8: Dorex2007 ($2.04 in chips) 
cebrail1: posts small blind $0.01
Rad wings: posts big blind $0.02
SawaBeton: sits out 
*** HOLE CARDS ***
Dealt to Dorex2007 [Ks 3s]
Dorex2007: folds 
Hoffei077: folds 
sevendues1980: folds 
HungAngry: folds 
HDTPe: folds 
cebrail1: folds 
Uncalled bet ($0.01) returned to Rad wings
Rad wings collected $0.02 from pot
*** SUMMARY ***
Total pot $0.02 | Rake $0 
Seat 1: Hoffei077 folded before Flop (didn't bet)
Seat 2: sevendues1980 folded before Flop (didn't bet)
Seat 4: HungAngry folded before Flop (didn't bet)
Seat 5: HDTPe (button) folded before Flop (didn't bet)
Seat 6: cebrail1 (small blind) folded before Flop
Seat 7: Rad wings (big blind) collected ($0.02)
Seat 8: Dorex2007 folded before Flop (didn't bet)



PokerStars Hand #228173754415:  Hold'em No Limit ($0.01/$0.02 USD) - 2021/07/09 13:57:50 PT [2021/07/09 16:57:50 ET]
Table 'Arduina IV' 9-max Seat #6 is the button
Seat 1: Hoffei077 ($2.03 in chips) 
Seat 2: sevendues1980 ($2.13 in chips) 
Seat 4: HungAngry ($0.86 in chips) 
Seat 5: HDTPe ($2.07 in chips) 
Seat 6: cebrail1 ($1.90 in chips) 
Seat 7: Rad wings ($1.68 in chips) 
Seat 8: Dorex2007 ($2.04 in chips) 
Rad wings: posts small blind $0.01
Dorex2007: posts big blind $0.02
SawaBeton: sits out 
*** HOLE CARDS ***
Dealt to Dorex2007 [Ks 5s]
Hoffei077: raises $0.02 to $0.04
sevendues1980: folds 
HungAngry: folds 
HDTPe: folds 
cebrail1: calls $0.04
Rad wings: folds 
Dorex2007: folds 
*** FLOP *** [5c Ah As]
Hoffei077: checks 
cebrail1: bets $0.04
Hoffei077: calls $0.04
*** TURN *** [5c Ah As] [3c]
Hoffei077: checks 
cebrail1: bets $0.09
Hoffei077: calls $0.09
*** RIVER *** [5c Ah As 3c] [9d]
Hoffei077: checks 
cebrail1: checks 
*** SHOW DOWN ***
Hoffei077: shows [4d 6d] (a pair of Aces)
cebrail1: shows [Kh Ad] (three of a kind, Aces)
cebrail1 collected $0.36 from pot
*** SUMMARY ***
Total pot $0.37 | Rake $0.01 
Board [5c Ah As 3c 9d]
Seat 1: Hoffei077 showed [4d 6d] and lost with a pair of Aces
Seat 2: sevendues1980 folded before Flop (didn't bet)
Seat 4: HungAngry folded before Flop (didn't bet)
Seat 5: HDTPe folded before Flop (didn't bet)
Seat 6: cebrail1 (button) showed [Kh Ad] and won ($0.36) with three of a kind, Aces
Seat 7: Rad wings (small blind) folded before Flop
Seat 8: Dorex2007 (big blind) folded before Flop



PokerStars Hand #228173771178:  Hold'em No Limit ($0.01/$0.02 USD) - 2021/07/09 13:58:39 PT [2021/07/09 16:58:39 ET]
Table 'Arduina IV' 9-max Seat #7 is the button
Seat 1: Hoffei077 ($1.86 in chips) 
Seat 2: sevendues1980 ($2.13 in chips) 
Seat 4: HungAngry ($0.86 in chips) 
Seat 5: HDTPe ($2.07 in chips) 
Seat 6: cebrail1 ($2.09 in chips) 
Seat 7: Rad wings ($1.67 in chips) 
Seat 8: Dorex2007 ($2.02 in chips) 
Seat 9: SawaBeton ($1.60 in chips) 
Dorex2007: posts small blind $0.01
SawaBeton: posts big blind $0.02
*** HOLE CARDS ***
Dealt to Dorex2007 [6h 8d]
Hoffei077: folds 
sevendues1980: folds 
HungAngry: calls $0.02
HDTPe: folds 
cebrail1: calls $0.02
Rad wings: calls $0.02
Dorex2007: folds 
SawaBeton: raises $0.09 to $0.11
HungAngry: folds 
cebrail1: calls $0.09
Rad wings: folds 
*** FLOP *** [7s 9h 4h]
SawaBeton: bets $0.13
cebrail1: folds 
Uncalled bet ($0.13) returned to SawaBeton
SawaBeton collected $0.26 from pot
*** SUMMARY ***
Total pot $0.27 | Rake $0.01 
Board [7s 9h 4h]
Seat 1: Hoffei077 folded before Flop (didn't bet)
Seat 2: sevendues1980 folded before Flop (didn't bet)
Seat 4: HungAngry folded before Flop
Seat 5: HDTPe folded before Flop (didn't bet)
Seat 6: cebrail1 folded on the Flop
Seat 7: Rad wings (button) folded before Flop
Seat 8: Dorex2007 (small blind) folded before Flop
Seat 9: SawaBeton (big blind) collected ($0.26)



PokerStars Hand #228173784094:  Hold'em No Limit ($0.01/$0.02 USD) - 2021/07/09 13:59:17 PT [2021/07/09 16:59:17 ET]
Table 'Arduina IV' 9-max Seat #8 is the button
Seat 1: Hoffei077 ($1.86 in chips) 
Seat 2: sevendues1980 ($2.13 in chips) 
Seat 4: HungAngry ($0.84 in chips) 
Seat 5: HDTPe ($2.07 in chips) 
Seat 6: cebrail1 ($1.98 in chips) 
Seat 7: Rad wings ($1.65 in chips) 
Seat 8: Dorex2007 ($2.01 in chips) 
Seat 9: SawaBeton ($1.75 in chips) 
SawaBeton: posts small blind $0.01
Hoffei077: posts big blind $0.02
*** HOLE CARDS ***
Dealt to Dorex2007 [6c 5s]
sevendues1980: folds 
HungAngry: folds 
HDTPe: folds 
cebrail1: folds 
Rad wings: folds 
Dorex2007: folds 
SawaBeton: folds 
Uncalled bet ($0.01) returned to Hoffei077
Hoffei077 collected $0.02 from pot
Hoffei077: doesn't show hand 
*** SUMMARY ***
Total pot $0.02 | Rake $0 
Seat 1: Hoffei077 (big blind) collected ($0.02)
Seat 2: sevendues1980 folded before Flop (didn't bet)
Seat 4: HungAngry folded before Flop (didn't bet)
Seat 5: HDTPe folded before Flop (didn't bet)
Seat 6: cebrail1 folded before Flop (didn't bet)
Seat 7: Rad wings folded before Flop (didn't bet)
Seat 8: Dorex2007 (button) folded before Flop (didn't bet)
Seat 9: SawaBeton (small blind) folded before Flop



PokerStars Hand #228173789313:  Hold'em No Limit ($0.01/$0.02 USD) - 2021/07/09 13:59:32 PT [2021/07/09 16:59:32 ET]
Table 'Arduina IV' 9-max Seat #9 is the button
Seat 1: Hoffei077 ($1.87 in chips) 
Seat 2: sevendues1980 ($2.13 in chips) 
Seat 4: HungAngry ($0.84 in chips) 
Seat 5: HDTPe ($2.07 in chips) 
Seat 6: cebrail1 ($1.98 in chips) 
Seat 7: Rad wings ($1.65 in chips) 
Seat 8: Dorex2007 ($2.01 in chips) 
Seat 9: SawaBeton ($1.99 in chips) 
Hoffei077: posts small blind $0.01
sevendues1980: posts big blind $0.02
*** HOLE CARDS ***
Dealt to Dorex2007 [4d 5d]
HungAngry: calls $0.02
HDTPe: folds 
cebrail1: folds 
Rad wings: folds 
Dorex2007: folds 
SawaBeton: folds 
Hoffei077: folds 
sevendues1980: checks 
*** FLOP *** [Kd Td As]
sevendues1980: checks 
HungAngry: checks 
*** TURN *** [Kd Td As] [6s]
sevendues1980: checks 
HungAngry: checks 
*** RIVER *** [Kd Td As 6s] [2s]
sevendues1980: checks 
HungAngry: checks 
*** SHOW DOWN ***
sevendues1980: shows [7d Ts] (a pair of Tens)
HungAngry: shows [Kc Qs] (a pair of Kings)
HungAngry collected $0.05 from pot
*** SUMMARY ***
Total pot $0.05 | Rake $0 
Board [Kd Td As 6s 2s]
Seat 1: Hoffei077 (small blind) folded before Flop
Seat 2: sevendues1980 (big blind) showed [7d Ts] and lost with a pair of Tens
Seat 4: HungAngry showed [Kc Qs] and won ($0.05) with a pair of Kings
Seat 5: HDTPe folded before Flop (didn't bet)
Seat 6: cebrail1 folded before Flop (didn't bet)
Seat 7: Rad wings folded before Flop (didn't bet)
Seat 8: Dorex2007 folded before Flop (didn't bet)
Seat 9: SawaBeton (button) folded before Flop (didn't bet)



PokerStars Hand #228173803883:  Hold'em No Limit ($0.01/$0.02 USD) - 2021/07/09 14:00:14 PT [2021/07/09 17:00:14 ET]
Table 'Arduina IV' 9-max Seat #1 is the button
Seat 1: Hoffei077 ($1.86 in chips) 
Seat 2: sevendues1980 ($2.11 in chips) 
Seat 4: HungAngry ($0.87 in chips) 
Seat 5: HDTPe ($2.07 in chips) 
Seat 6: cebrail1 ($1.98 in chips) 
Seat 7: Rad wings ($1.65 in chips) 
Seat 8: Dorex2007 ($2.01 in chips) 
Seat 9: SawaBeton ($1.99 in chips) 
sevendues1980: posts small blind $0.01
HungAngry: posts big blind $0.02
*** HOLE CARDS ***
Dealt to Dorex2007 [Tc Qc]
HDTPe: folds 
cebrail1: folds 
Rad wings: folds 
Dorex2007: calls $0.02
SawaBeton: folds 
Hoffei077: raises $0.05 to $0.07
sevendues1980: raises $0.09 to $0.16
HungAngry: folds 
Dorex2007: folds 
Hoffei077: calls $0.09
*** FLOP *** [Kh 9h 9c]
sevendues1980: checks 
Hoffei077: bets $0.14
sevendues1980: calls $0.14
*** TURN *** [Kh 9h 9c] [3d]
sevendues1980: checks 
Hoffei077: checks 
*** RIVER *** [Kh 9h 9c 3d] [8c]
sevendues1980: checks 
Hoffei077: checks 
*** SHOW DOWN ***
sevendues1980: shows [Qs Ah] (a pair of Nines)
Hoffei077: shows [7s 7c] (two pair, Nines and Sevens)
Hoffei077 collected $0.62 from pot
*** SUMMARY ***
Total pot $0.64 | Rake $0.02 
Board [Kh 9h 9c 3d 8c]
Seat 1: Hoffei077 (button) showed [7s 7c] and won ($0.62) with two pair, Nines and Sevens
Seat 2: sevendues1980 (small blind) showed [Qs Ah] and lost with a pair of Nines
Seat 4: HungAngry (big blind) folded before Flop
Seat 5: HDTPe folded before Flop (didn't bet)
Seat 6: cebrail1 folded before Flop (didn't bet)
Seat 7: Rad wings folded before Flop (didn't bet)
Seat 8: Dorex2007 folded before Flop
Seat 9: SawaBeton folded before Flop (didn't bet)



PokerStars Hand #228173835354:  Hold'em No Limit ($0.01/$0.02 USD) - 2021/07/09 14:01:35 PT [2021/07/09 17:01:35 ET]
Table 'Arduina IV' 9-max Seat #2 is the button
Seat 1: Hoffei077 ($2.18 in chips) 
Seat 2: sevendues1980 ($1.81 in chips) 
Seat 4: HungAngry ($0.85 in chips) 
Seat 6: cebrail1 ($1.98 in chips) 
Seat 7: Rad wings ($1.65 in chips) 
Seat 8: Dorex2007 ($1.99 in chips) 
Seat 9: SawaBeton ($1.99 in chips) 
HungAngry: posts small blind $0.01
HDTPe: is sitting out 
cebrail1: posts big blind $0.02
*** HOLE CARDS ***
Dealt to Dorex2007 [Kc 4d]
Rad wings: folds 
Dorex2007: folds 
SawaBeton: folds 
Hoffei077: folds 
HDTPe leaves the table
sevendues1980: raises $0.02 to $0.04
HungAngry: folds 
cebrail1: folds 
Uncalled bet ($0.02) returned to sevendues1980
sevendues1980 collected $0.05 from pot
sevendues1980: doesn't show hand 
*** SUMMARY ***
Total pot $0.05 | Rake $0 
Seat 1: Hoffei077 folded before Flop (didn't bet)
Seat 2: sevendues1980 (button) collected ($0.05)
Seat 4: HungAngry (small blind) folded before Flop
Seat 6: cebrail1 (big blind) folded before Flop
Seat 7: Rad wings folded before Flop (didn't bet)
Seat 8: Dorex2007 folded before Flop (didn't bet)
Seat 9: SawaBeton folded before Flop (didn't bet)



PokerStars Hand #228173848452:  Hold'em No Limit ($0.01/$0.02 USD) - 2021/07/09 14:02:06 PT [2021/07/09 17:02:06 ET]
Table 'Arduina IV' 9-max Seat #4 is the button
Seat 1: Hoffei077 ($2.18 in chips) 
Seat 2: sevendues1980 ($1.84 in chips) 
Seat 4: HungAngry ($0.84 in chips) 
Seat 6: cebrail1 ($1.96 in chips) 
Seat 7: Rad wings ($1.65 in chips) 
Seat 8: Dorex2007 ($1.99 in chips) 
Seat 9: SawaBeton ($1.99 in chips) 
cebrail1: posts small blind $0.01
Rad wings: posts big blind $0.02
*** HOLE CARDS ***
Dealt to Dorex2007 [9d Ah]
Dorex2007: calls $0.02
SawaBeton: folds 
cinar6868 joins the table at seat #5 
Hoffei077: raises $0.04 to $0.06
sevendues1980: folds 
HungAngry: folds 
cebrail1: folds 
Rad wings: calls $0.04
Dorex2007: folds 
*** FLOP *** [5c Ac Jd]
Rad wings: checks 
Hoffei077: bets $0.05
Rad wings: folds 
Uncalled bet ($0.05) returned to Hoffei077
Hoffei077 collected $0.14 from pot
Hoffei077: doesn't show hand 
*** SUMMARY ***
Total pot $0.15 | Rake $0.01 
Board [5c Ac Jd]
Seat 1: Hoffei077 collected ($0.14)
Seat 2: sevendues1980 folded before Flop (didn't bet)
Seat 4: HungAngry (button) folded before Flop (didn't bet)
Seat 6: cebrail1 (small blind) folded before Flop
Seat 7: Rad wings (big blind) folded on the Flop
Seat 8: Dorex2007 folded before Flop
Seat 9: SawaBeton folded before Flop (didn't bet)



PokerStars Hand #228173872746:  Hold'em No Limit ($0.01/$0.02 USD) - 2021/07/09 14:02:46 PT [2021/07/09 17:02:46 ET]
Table 'Arduina IV' 9-max Seat #6 is the button
Seat 1: Hoffei077 ($2.26 in chips) 
Seat 2: sevendues1980 ($1.84 in chips) 
Seat 4: HungAngry ($0.84 in chips) 
Seat 5: cinar6868 ($0.80 in chips) 
Seat 6: cebrail1 ($1.95 in chips) 
Seat 7: Rad wings ($1.59 in chips) 
Seat 8: Dorex2007 ($1.97 in chips) 
Seat 9: SawaBeton ($1.99 in chips) 
Rad wings: posts small blind $0.01
Dorex2007: posts big blind $0.02
cinar6868: posts big blind $0.02
*** HOLE CARDS ***
Dealt to Dorex2007 [7c Jd]
SawaBeton: folds 
Hoffei077: folds 
sevendues1980: folds 
HungAngry: folds 
cinar6868: checks 
cebrail1: folds 
Rad wings: calls $0.01
Dorex2007: checks 
*** FLOP *** [8d 2d Qh]
Rad wings: checks 
Dorex2007: checks 
cinar6868: checks 
*** TURN *** [8d 2d Qh] [Td]
Rad wings: checks 
Dorex2007: bets $0.08
cinar6868: calls $0.08
Rad wings: folds 
*** RIVER *** [8d 2d Qh Td] [7h]
Dorex2007: checks 
cinar6868: checks 
*** SHOW DOWN ***
Dorex2007: shows [7c Jd] (a pair of Sevens)
cinar6868: mucks hand 
Dorex2007 collected $0.21 from pot
*** SUMMARY ***
Total pot $0.22 | Rake $0.01 
Board [8d 2d Qh Td 7h]
Seat 1: Hoffei077 folded before Flop (didn't bet)
Seat 2: sevendues1980 folded before Flop (didn't bet)
Seat 4: HungAngry folded before Flop (didn't bet)
Seat 5: cinar6868 mucked [6h Ad]
Seat 6: cebrail1 (button) folded before Flop (didn't bet)
Seat 7: Rad wings (small blind) folded on the Turn
Seat 8: Dorex2007 (big blind) showed [7c Jd] and won ($0.21) with a pair of Sevens
Seat 9: SawaBeton folded before Flop (didn't bet)



PokerStars Hand #228173891149:  Hold'em No Limit ($0.01/$0.02 USD) - 2021/07/09 14:03:26 PT [2021/07/09 17:03:26 ET]
Table 'Arduina IV' 9-max Seat #7 is the button
Seat 1: Hoffei077 ($2.26 in chips) 
Seat 2: sevendues1980 ($1.84 in chips) 
Seat 4: HungAngry ($0.84 in chips) 
Seat 5: cinar6868 ($0.70 in chips) 
Seat 6: cebrail1 ($1.95 in chips) 
Seat 7: Rad wings ($1.57 in chips) 
Seat 8: Dorex2007 ($2.08 in chips) 
Seat 9: SawaBeton ($1.99 in chips) 
Dorex2007: posts small blind $0.01
SawaBeton: posts big blind $0.02
*** HOLE CARDS ***
Dealt to Dorex2007 [2d 3h]
Hoffei077: folds 
sevendues1980: folds 
HungAngry: folds 
cinar6868: calls $0.02
cebrail1: folds 
Rad wings: folds 
Dorex2007: folds 
SawaBeton: checks 
*** FLOP *** [5h 6d 6c]
SawaBeton: checks 
cinar6868: checks 
*** TURN *** [5h 6d 6c] [Kd]
SawaBeton: checks 
cinar6868: checks 
*** RIVER *** [5h 6d 6c Kd] [Js]
SawaBeton: checks 
cinar6868: checks 
*** SHOW DOWN ***
SawaBeton: shows [Qd 3s] (a pair of Sixes)
cinar6868: shows [8c Ah] (a pair of Sixes - Ace kicker)
cinar6868 collected $0.05 from pot
*** SUMMARY ***
Total pot $0.05 | Rake $0 
Board [5h 6d 6c Kd Js]
Seat 1: Hoffei077 folded before Flop (didn't bet)
Seat 2: sevendues1980 folded before Flop (didn't bet)
Seat 4: HungAngry folded before Flop (didn't bet)
Seat 5: cinar6868 showed [8c Ah] and won ($0.05) with a pair of Sixes
Seat 6: cebrail1 folded before Flop (didn't bet)
Seat 7: Rad wings (button) folded before Flop (didn't bet)
Seat 8: Dorex2007 (small blind) folded before Flop
Seat 9: SawaBeton (big blind) showed [Qd 3s] and lost with a pair of Sixes



PokerStars Hand #228173908637:  Hold'em No Limit ($0.01/$0.02 USD) - 2021/07/09 14:04:04 PT [2021/07/09 17:04:04 ET]
Table 'Arduina IV' 9-max Seat #8 is the button
Seat 1: Hoffei077 ($2.26 in chips) 
Seat 2: sevendues1980 ($1.84 in chips) 
Seat 4: HungAngry ($0.84 in chips) 
Seat 5: cinar6868 ($0.73 in chips) 
Seat 6: cebrail1 ($1.95 in chips) 
Seat 7: Rad wings ($1.57 in chips) 
Seat 8: Dorex2007 ($2.07 in chips) 
Seat 9: SawaBeton ($1.97 in chips) 
SawaBeton: posts small blind $0.01
Hoffei077: posts big blind $0.02
*** HOLE CARDS ***
Dealt to Dorex2007 [Qs 9s]
sevendues1980: folds 
HungAngry: folds 
cinar6868: folds 
cebrail1: folds 
Rad wings: folds 
Dorex2007: raises $0.04 to $0.06
SawaBeton: folds 
Hoffei077: calls $0.04
*** FLOP *** [3d Qh 9d]
Hoffei077: checks 
Dorex2007: checks 
*** TURN *** [3d Qh 9d] [3h]
Hoffei077: bets $0.04
Dorex2007: raises $0.08 to $0.12
Hoffei077: folds 
Uncalled bet ($0.08) returned to Dorex2007
Dorex2007 collected $0.20 from pot
Dorex2007: doesn't show hand 
*** SUMMARY ***
Total pot $0.21 | Rake $0.01 
Board [3d Qh 9d 3h]
Seat 1: Hoffei077 (big blind) folded on the Turn
Seat 2: sevendues1980 folded before Flop (didn't bet)
Seat 4: HungAngry folded before Flop (didn't bet)
Seat 5: cinar6868 folded before Flop (didn't bet)
Seat 6: cebrail1 folded before Flop (didn't bet)
Seat 7: Rad wings folded before Flop (didn't bet)
Seat 8: Dorex2007 (button) collected ($0.20)
Seat 9: SawaBeton (small blind) folded before Flop



PokerStars Hand #228173924122:  Hold'em No Limit ($0.01/$0.02 USD) - 2021/07/09 14:04:38 PT [2021/07/09 17:04:38 ET]
Table 'Arduina IV' 9-max Seat #9 is the button
Seat 1: Hoffei077 ($2.16 in chips) 
Seat 2: sevendues1980 ($1.84 in chips) 
Seat 4: HungAngry ($0.84 in chips) 
Seat 5: cinar6868 ($0.73 in chips) 
Seat 7: Rad wings ($1.57 in chips) 
Seat 8: Dorex2007 ($2.17 in chips) 
Seat 9: SawaBeton ($1.96 in chips) 
Hoffei077: posts small blind $0.01
sevendues1980: posts big blind $0.02
*** HOLE CARDS ***
Dealt to Dorex2007 [Th 2s]
HungAngry: calls $0.02
cinar6868: folds 
Rad wings: folds 
Dorex2007: folds 
SawaBeton: folds 
Hoffei077: calls $0.01
sevendues1980: checks 
*** FLOP *** [Jc 7c Jd]
Hoffei077: checks 
sevendues1980: checks 
HungAngry: checks 
*** TURN *** [Jc 7c Jd] [3h]
Hoffei077: checks 
sevendues1980: checks 
HungAngry: checks 
*** RIVER *** [Jc 7c Jd 3h] [8c]
Hoffei077: bets $0.03
sevendues1980: raises $0.05 to $0.08
HungAngry: folds 
Hoffei077: calls $0.05
*** SHOW DOWN ***
sevendues1980: shows [3c Qc] (a flush, Queen high)
Hoffei077: mucks hand 
sevendues1980 collected $0.21 from pot
*** SUMMARY ***
Total pot $0.22 | Rake $0.01 
Board [Jc 7c Jd 3h 8c]
Seat 1: Hoffei077 (small blind) mucked [8s 2c]
Seat 2: sevendues1980 (big blind) showed [3c Qc] and won ($0.21) with a flush, Queen high
Seat 4: HungAngry folded on the River
Seat 5: cinar6868 folded before Flop (didn't bet)
Seat 7: Rad wings folded before Flop (didn't bet)
Seat 8: Dorex2007 folded before Flop (didn't bet)
Seat 9: SawaBeton (button) folded before Flop (didn't bet)



PokerStars Hand #228173949692:  Hold'em No Limit ($0.01/$0.02 USD) - 2021/07/09 14:05:33 PT [2021/07/09 17:05:33 ET]
Table 'Arduina IV' 9-max Seat #1 is the button
Seat 1: Hoffei077 ($2.06 in chips) 
Seat 2: sevendues1980 ($1.95 in chips) 
Seat 4: HungAngry ($0.82 in chips) 
Seat 5: cinar6868 ($0.73 in chips) 
Seat 7: Rad wings ($1.57 in chips) 
Seat 8: Dorex2007 ($2.17 in chips) 
Seat 9: SawaBeton ($1.96 in chips) 
sevendues1980: posts small blind $0.01
HungAngry: posts big blind $0.02
*** HOLE CARDS ***
Dealt to Dorex2007 [Th Ac]
cinar6868: calls $0.02
Rad wings: folds 
Dorex2007: calls $0.02
SawaBeton: folds 
Hoffei077: folds 
sevendues1980: folds 
D1AZ85 leaves the table
HungAngry: checks 
*** FLOP *** [4h Td 4d]
HungAngry: checks 
cinar6868: checks 
FeketeAdamAkos joins the table at seat #3 
Dorex2007: bets $0.18
HungAngry: folds 
cinar6868: folds 
Uncalled bet ($0.18) returned to Dorex2007
Dorex2007 collected $0.07 from pot
Dorex2007: doesn't show hand 
*** SUMMARY ***
Total pot $0.07 | Rake $0 
Board [4h Td 4d]
Seat 1: Hoffei077 (button) folded before Flop (didn't bet)
Seat 2: sevendues1980 (small blind) folded before Flop
Seat 4: HungAngry (big blind) folded on the Flop
Seat 5: cinar6868 folded on the Flop
Seat 7: Rad wings folded before Flop (didn't bet)
Seat 8: Dorex2007 collected ($0.07)
Seat 9: SawaBeton folded before Flop (didn't bet)



PokerStars Hand #228173991168:  Hold'em No Limit ($0.01/$0.02 USD) - 2021/07/09 14:06:46 PT [2021/07/09 17:06:46 ET]
Table 'Arduina IV' 9-max Seat #2 is the button
Seat 1: Hoffei077 ($2.06 in chips) 
Seat 2: sevendues1980 ($1.94 in chips) 
Seat 4: HungAngry ($0.80 in chips) 
Seat 5: cinar6868 ($0.71 in chips) 
Seat 7: Rad wings ($1.57 in chips) 
Seat 8: Dorex2007 ($2.22 in chips) 
Seat 9: SawaBeton ($1.96 in chips) 
HungAngry: posts small blind $0.01
cinar6868: posts big blind $0.02
*** HOLE CARDS ***
Dealt to Dorex2007 [9h 8d]
Rad wings: folds 
Dorex2007: folds 
SawaBeton: folds 
Hoffei077: folds 
sevendues1980: folds 
HungAngry: calls $0.01
cinar6868: checks 
*** FLOP *** [4s 3s 3c]
HungAngry: checks 
cinar6868: checks 
*** TURN *** [4s 3s 3c] [8s]
HungAngry: checks 
cinar6868: checks 
*** RIVER *** [4s 3s 3c 8s] [6d]
HungAngry: checks 
cinar6868: checks 
*** SHOW DOWN ***
HungAngry: shows [Td Kd] (a pair of Threes)
cinar6868: shows [6h Qd] (two pair, Sixes and Threes)
cinar6868 collected $0.04 from pot
*** SUMMARY ***
Total pot $0.04 | Rake $0 
Board [4s 3s 3c 8s 6d]
Seat 1: Hoffei077 folded before Flop (didn't bet)
Seat 2: sevendues1980 (button) folded before Flop (didn't bet)
Seat 4: HungAngry (small blind) showed [Td Kd] and lost with a pair of Threes
Seat 5: cinar6868 (big blind) showed [6h Qd] and won ($0.04) with two pair, Sixes and Threes
Seat 7: Rad wings folded before Flop (didn't bet)
Seat 8: Dorex2007 folded before Flop (didn't bet)
Seat 9: SawaBeton folded before Flop (didn't bet)



PokerStars Hand #228174003418:  Hold'em No Limit ($0.01/$0.02 USD) - 2021/07/09 14:07:13 PT [2021/07/09 17:07:13 ET]
Table 'Arduina IV' 9-max Seat #4 is the button
Seat 1: Hoffei077 ($2.06 in chips) 
Seat 2: sevendues1980 ($1.94 in chips) 
Seat 3: FeketeAdamAkos ($1.60 in chips) 
Seat 4: HungAngry ($0.80 in chips) 
Seat 5: cinar6868 ($0.73 in chips) 
Seat 7: Rad wings ($1.57 in chips) 
Seat 8: Dorex2007 ($2.22 in chips) 
Seat 9: SawaBeton ($1.96 in chips) 
cinar6868: posts small blind $0.01
Rad wings: posts big blind $0.02
FeketeAdamAkos: posts big blind $0.02
*** HOLE CARDS ***
Dealt to Dorex2007 [Qc 3s]
Dorex2007: folds 
SawaBeton: folds 
Hoffei077: folds 
sevendues1980: folds 
FeketeAdamAkos: checks 
HungAngry: folds 
cinar6868: raises $0.06 to $0.08
Rad wings: folds 
FeketeAdamAkos: calls $0.06
*** FLOP *** [6h 3c 4s]
cinar6868: bets $0.09
FeketeAdamAkos: calls $0.09
*** TURN *** [6h 3c 4s] [Qs]
cinar6868: checks 
FeketeAdamAkos: bets $0.10
cinar6868: calls $0.10
*** RIVER *** [6h 3c 4s Qs] [7c]
cinar6868: checks 
FeketeAdamAkos: bets $0.44
cinar6868: folds 
Uncalled bet ($0.44) returned to FeketeAdamAkos
FeketeAdamAkos collected $0.54 from pot
FeketeAdamAkos: doesn't show hand 
*** SUMMARY ***
Total pot $0.56 | Rake $0.02 
Board [6h 3c 4s Qs 7c]
Seat 1: Hoffei077 folded before Flop (didn't bet)
Seat 2: sevendues1980 folded before Flop (didn't bet)
Seat 3: FeketeAdamAkos collected ($0.54)
Seat 4: HungAngry (button) folded before Flop (didn't bet)
Seat 5: cinar6868 (small blind) folded on the River
Seat 7: Rad wings (big blind) folded before Flop
Seat 8: Dorex2007 folded before Flop (didn't bet)
Seat 9: SawaBeton folded before Flop (didn't bet)



PokerStars Hand #228174030919:  Hold'em No Limit ($0.01/$0.02 USD) - 2021/07/09 14:08:13 PT [2021/07/09 17:08:13 ET]
Table 'Arduina IV' 9-max Seat #5 is the button
Seat 1: Hoffei077 ($2.06 in chips) 
Seat 2: sevendues1980 ($1.94 in chips) 
Seat 3: FeketeAdamAkos ($1.87 in chips) 
Seat 4: HungAngry ($0.80 in chips) 
Seat 5: cinar6868 ($0.46 in chips) 
Seat 7: Rad wings ($1.55 in chips) 
Seat 8: Dorex2007 ($2.22 in chips) 
Seat 9: SawaBeton ($1.96 in chips) 
Rad wings: posts small blind $0.01
Dorex2007: posts big blind $0.02
*** HOLE CARDS ***
Dealt to Dorex2007 [3c Th]
SawaBeton: raises $0.04 to $0.06
Hoffei077: raises $0.08 to $0.14
sevendues1980: folds 
FeketeAdamAkos: calls $0.14
HungAngry: folds 
cinar6868: folds 
Rad wings: folds 
Dorex2007: folds 
SawaBeton: folds 
*** FLOP *** [9h 5d Jd]
Hoffei077: bets $0.11
FeketeAdamAkos: calls $0.11
*** TURN *** [9h 5d Jd] [6h]
Hoffei077: bets $0.22
FeketeAdamAkos: folds 
Uncalled bet ($0.22) returned to Hoffei077
Hoffei077 collected $0.57 from pot
Hoffei077: doesn't show hand 
*** SUMMARY ***
Total pot $0.59 | Rake $0.02 
Board [9h 5d Jd 6h]
Seat 1: Hoffei077 collected ($0.57)
Seat 2: sevendues1980 folded before Flop (didn't bet)
Seat 3: FeketeAdamAkos folded on the Turn
Seat 4: HungAngry folded before Flop (didn't bet)
Seat 5: cinar6868 (button) folded before Flop (didn't bet)
Seat 7: Rad wings (small blind) folded before Flop
Seat 8: Dorex2007 (big blind) folded before Flop
Seat 9: SawaBeton folded before Flop



PokerStars Hand #228174070319:  Hold'em No Limit ($0.01/$0.02 USD) - 2021/07/09 14:09:39 PT [2021/07/09 17:09:39 ET]
Table 'Arduina IV' 9-max Seat #7 is the button
Seat 1: Hoffei077 ($2.38 in chips) 
Seat 2: sevendues1980 ($1.94 in chips) 
Seat 3: FeketeAdamAkos ($1.62 in chips) 
Seat 4: HungAngry ($0.80 in chips) 
Seat 5: cinar6868 ($0.46 in chips) 
Seat 7: Rad wings ($1.54 in chips) 
Seat 8: Dorex2007 ($2.20 in chips) 
Seat 9: SawaBeton ($1.90 in chips) 
Dorex2007: posts small blind $0.01
SawaBeton: posts big blind $0.02
cebrail1: sits out 
*** HOLE CARDS ***
Dealt to Dorex2007 [8h 7s]
Hoffei077: folds 
sevendues1980: folds 
FeketeAdamAkos: folds 
HungAngry: folds 
cinar6868: calls $0.02
Rad wings: folds 
Dorex2007: folds 
SawaBeton: checks 
*** FLOP *** [5c 9h 9d]
SawaBeton: checks 
cinar6868: checks 
*** TURN *** [5c 9h 9d] [9c]
SawaBeton: checks 
cinar6868: checks 
*** RIVER *** [5c 9h 9d 9c] [2c]
SawaBeton: checks 
cinar6868: bets $0.02
SawaBeton: folds 
Uncalled bet ($0.02) returned to cinar6868
cinar6868 collected $0.05 from pot
cinar6868: doesn't show hand 
*** SUMMARY ***
Total pot $0.05 | Rake $0 
Board [5c 9h 9d 9c 2c]
Seat 1: Hoffei077 folded before Flop (didn't bet)
Seat 2: sevendues1980 folded before Flop (didn't bet)
Seat 3: FeketeAdamAkos folded before Flop (didn't bet)
Seat 4: HungAngry folded before Flop (didn't bet)
Seat 5: cinar6868 collected ($0.05)
Seat 7: Rad wings (button) folded before Flop (didn't bet)
Seat 8: Dorex2007 (small blind) folded before Flop
Seat 9: SawaBeton (big blind) folded on the River



PokerStars Hand #228174084880:  Hold'em No Limit ($0.01/$0.02 USD) - 2021/07/09 14:10:10 PT [2021/07/09 17:10:10 ET]
Table 'Arduina IV' 9-max Seat #8 is the button
Seat 1: Hoffei077 ($2.38 in chips) 
Seat 2: sevendues1980 ($1.94 in chips) 
Seat 3: FeketeAdamAkos ($1.62 in chips) 
Seat 4: HungAngry ($0.80 in chips) 
Seat 5: cinar6868 ($0.49 in chips) 
Seat 7: Rad wings ($1.54 in chips) 
Seat 8: Dorex2007 ($2.19 in chips) 
Seat 9: SawaBeton ($1.88 in chips) 
SawaBeton: posts small blind $0.01
Hoffei077: posts big blind $0.02
cebrail1: sits out 
*** HOLE CARDS ***
Dealt to Dorex2007 [Kh 7c]
sevendues1980: folds 
FeketeAdamAkos: folds 
HungAngry: calls $0.02
cinar6868: calls $0.02
Rad wings: folds 
Dorex2007: folds 
SawaBeton: folds 
Hoffei077: checks 
*** FLOP *** [Ac 5h 6s]
Hoffei077: checks 
HungAngry: checks 
cinar6868: checks 
*** TURN *** [Ac 5h 6s] [6h]
Hoffei077: checks 
HungAngry: checks 
cinar6868: checks 
*** RIVER *** [Ac 5h 6s 6h] [Ad]
Hoffei077: checks 
HungAngry: bets $0.07
cinar6868: folds 
Hoffei077: folds 
Uncalled bet ($0.07) returned to HungAngry
HungAngry collected $0.07 from pot
*** SUMMARY ***
Total pot $0.07 | Rake $0 
Board [Ac 5h 6s 6h Ad]
Seat 1: Hoffei077 (big blind) folded on the River
Seat 2: sevendues1980 folded before Flop (didn't bet)
Seat 3: FeketeAdamAkos folded before Flop (didn't bet)
Seat 4: HungAngry collected ($0.07)
Seat 5: cinar6868 folded on the River
Seat 7: Rad wings folded before Flop (didn't bet)
Seat 8: Dorex2007 (button) folded before Flop (didn't bet)
Seat 9: SawaBeton (small blind) folded before Flop



PokerStars Hand #228174122925:  Hold'em No Limit ($0.01/$0.02 USD) - 2021/07/09 14:11:35 PT [2021/07/09 17:11:35 ET]
Table 'Arduina IV' 9-max Seat #9 is the button
Seat 1: Hoffei077 ($2.36 in chips) 
Seat 3: FeketeAdamAkos ($1.62 in chips) 
Seat 4: HungAngry ($0.85 in chips) 
Seat 5: cinar6868 ($0.47 in chips) 
Seat 7: Rad wings ($1.54 in chips) 
Seat 8: Dorex2007 ($2.19 in chips) 
Seat 9: SawaBeton ($1.99 in chips) 
Hoffei077: posts small blind $0.01
sevendues1980: is sitting out 
FeketeAdamAkos: posts big blind $0.02
cebrail1: sits out 
*** HOLE CARDS ***
Dealt to Dorex2007 [Qs Td]
HungAngry: calls $0.02
cinar6868: folds 
sevendues1980 leaves the table
Rad wings: folds 
Dorex2007: calls $0.02
SawaBeton: folds 
andrey_kasav joins the table at seat #2 
Hoffei077: raises $0.04 to $0.06
FeketeAdamAkos: calls $0.04
HungAngry is disconnected 
HungAngry has timed out while being disconnected
HungAngry: folds 
Dorex2007: calls $0.04
*** FLOP *** [6d Ah 7h]
Hoffei077: bets $0.06
FeketeAdamAkos: folds 
Dorex2007: folds 
Uncalled bet ($0.06) returned to Hoffei077
Hoffei077 collected $0.19 from pot
Hoffei077: doesn't show hand 
*** SUMMARY ***
Total pot $0.20 | Rake $0.01 
Board [6d Ah 7h]
Seat 1: Hoffei077 (small blind) collected ($0.19)
Seat 3: FeketeAdamAkos (big blind) folded on the Flop
Seat 4: HungAngry folded before Flop
Seat 5: cinar6868 folded before Flop (didn't bet)
Seat 7: Rad wings folded before Flop (didn't bet)
Seat 8: Dorex2007 folded on the Flop
Seat 9: SawaBeton (button) folded before Flop (didn't bet)



PokerStars Hand #228174177200:  Hold'em No Limit ($0.01/$0.02 USD) - 2021/07/09 14:13:34 PT [2021/07/09 17:13:34 ET]
Table 'Arduina IV' 9-max Seat #1 is the button
Seat 1: Hoffei077 ($2.49 in chips) 
Seat 3: FeketeAdamAkos ($1.56 in chips) 
Seat 5: cinar6868 ($0.47 in chips) 
Seat 7: Rad wings ($1.54 in chips) 
Seat 8: Dorex2007 ($2.13 in chips) 
Seat 9: SawaBeton ($1.99 in chips) 
FeketeAdamAkos: posts small blind $0.01
cinar6868: posts big blind $0.02
cebrail1: sits out 
*** HOLE CARDS ***
Dealt to Dorex2007 [2s 6h]
Rad wings: folds 
Dorex2007: folds 
SawaBeton: folds 
Hoffei077: folds 
FeketeAdamAkos: calls $0.01
cinar6868: checks 
*** FLOP *** [9c Qh 8c]
FeketeAdamAkos: checks 
cinar6868: checks 
*** TURN *** [9c Qh 8c] [8d]
FeketeAdamAkos: checks 
cinar6868: checks 
*** RIVER *** [9c Qh 8c 8d] [Ac]
FeketeAdamAkos: bets $0.04
cinar6868: folds 
Uncalled bet ($0.04) returned to FeketeAdamAkos
FeketeAdamAkos collected $0.04 from pot
FeketeAdamAkos: doesn't show hand 
*** SUMMARY ***
Total pot $0.04 | Rake $0 
Board [9c Qh 8c 8d Ac]
Seat 1: Hoffei077 (button) folded before Flop (didn't bet)
Seat 3: FeketeAdamAkos (small blind) collected ($0.04)
Seat 5: cinar6868 (big blind) folded on the River
Seat 7: Rad wings folded before Flop (didn't bet)
Seat 8: Dorex2007 folded before Flop (didn't bet)
Seat 9: SawaBeton folded before Flop (didn't bet)



PokerStars Hand #228174188990:  Hold'em No Limit ($0.01/$0.02 USD) - 2021/07/09 14:14:00 PT [2021/07/09 17:14:00 ET]
Table 'Arduina IV' 9-max Seat #3 is the button
Seat 1: Hoffei077 ($2.49 in chips) 
Seat 3: FeketeAdamAkos ($1.58 in chips) 
Seat 5: cinar6868 ($0.45 in chips) 
Seat 6: cebrail1 ($1.95 in chips) 
Seat 7: Rad wings ($1.54 in chips) 
Seat 8: Dorex2007 ($2.13 in chips) 
Seat 9: SawaBeton ($1.99 in chips) 
cinar6868: posts small blind $0.01
cebrail1: posts big blind $0.02
andrey_kasav: sits out 
*** HOLE CARDS ***
Dealt to Dorex2007 [2d Qc]
Rad wings: folds 
HungAngry is disconnected 
Dorex2007: folds 
SawaBeton: folds 
Hoffei077: folds 
FeketeAdamAkos: calls $0.02
cinar6868: calls $0.01
cebrail1: checks 
*** FLOP *** [6c Js 8c]
cinar6868: checks 
cebrail1: checks 
FeketeAdamAkos: bets $0.02
cinar6868: folds 
cebrail1: folds 
Uncalled bet ($0.02) returned to FeketeAdamAkos
FeketeAdamAkos collected $0.06 from pot
FeketeAdamAkos: doesn't show hand 
*** SUMMARY ***
Total pot $0.06 | Rake $0 
Board [6c Js 8c]
Seat 1: Hoffei077 folded before Flop (didn't bet)
Seat 3: FeketeAdamAkos (button) collected ($0.06)
Seat 5: cinar6868 (small blind) folded on the Flop
Seat 6: cebrail1 (big blind) folded on the Flop
Seat 7: Rad wings folded before Flop (didn't bet)
Seat 8: Dorex2007 folded before Flop (didn't bet)
Seat 9: SawaBeton folded before Flop (didn't bet)



PokerStars Hand #228174203261:  Hold'em No Limit ($0.01/$0.02 USD) - 2021/07/09 14:14:31 PT [2021/07/09 17:14:31 ET]
Table 'Arduina IV' 9-max Seat #5 is the button
Seat 1: Hoffei077 ($2.49 in chips) 
Seat 3: FeketeAdamAkos ($1.62 in chips) 
Seat 5: cinar6868 ($0.43 in chips) 
Seat 6: cebrail1 ($1.93 in chips) 
Seat 7: Rad wings ($1.54 in chips) 
Seat 8: Dorex2007 ($2.13 in chips) 
Seat 9: SawaBeton ($1.99 in chips) 
cebrail1: posts small blind $0.01
Rad wings: posts big blind $0.02
andrey_kasav: sits out 
HungAngry: sits out 
*** HOLE CARDS ***
Dealt to Dorex2007 [5d Qd]
Dorex2007: folds 
SawaBeton: folds 
Hoffei077: raises $0.03 to $0.05
FeketeAdamAkos: folds 
cinar6868: calls $0.05
cebrail1: folds 
Rad wings: calls $0.03
*** FLOP *** [Jh As Ac]
Rad wings: checks 
Hoffei077: checks 
cinar6868: checks 
*** TURN *** [Jh As Ac] [9h]
Rad wings: bets $0.08
Hoffei077: folds 
cinar6868: calls $0.08
*** RIVER *** [Jh As Ac 9h] [Qc]
Rad wings: bets $0.08
cinar6868: folds 
Uncalled bet ($0.08) returned to Rad wings
Rad wings collected $0.31 from pot
*** SUMMARY ***
Total pot $0.32 | Rake $0.01 
Board [Jh As Ac 9h Qc]
Seat 1: Hoffei077 folded on the Turn
Seat 3: FeketeAdamAkos folded before Flop (didn't bet)
Seat 5: cinar6868 (button) folded on the River
Seat 6: cebrail1 (small blind) folded before Flop
Seat 7: Rad wings (big blind) collected ($0.31)
Seat 8: Dorex2007 folded before Flop (didn't bet)
Seat 9: SawaBeton folded before Flop (didn't bet)



PokerStars Hand #228174221294:  Hold'em No Limit ($0.01/$0.02 USD) - 2021/07/09 14:15:11 PT [2021/07/09 17:15:11 ET]
Table 'Arduina IV' 9-max Seat #6 is the button
Seat 1: Hoffei077 ($2.44 in chips) 
Seat 3: FeketeAdamAkos ($1.62 in chips) 
Seat 5: cinar6868 ($0.30 in chips) 
Seat 6: cebrail1 ($1.92 in chips) 
Seat 7: Rad wings ($1.72 in chips) 
Seat 8: Dorex2007 ($2.13 in chips) 
Seat 9: SawaBeton ($1.99 in chips) 
Rad wings: posts small blind $0.01
Dorex2007: posts big blind $0.02
andrey_kasav: sits out 
HungAngry: sits out 
*** HOLE CARDS ***
Dealt to Dorex2007 [Th Qh]
SawaBeton: folds 
Hoffei077: folds 
FeketeAdamAkos: folds 
cinar6868: folds 
cebrail1: folds 
Rad wings: calls $0.01
Dorex2007: raises $0.06 to $0.08
Rad wings: folds 
Uncalled bet ($0.06) returned to Dorex2007
Dorex2007 collected $0.04 from pot
Dorex2007: doesn't show hand 
*** SUMMARY ***
Total pot $0.04 | Rake $0 
Seat 1: Hoffei077 folded before Flop (didn't bet)
Seat 3: FeketeAdamAkos folded before Flop (didn't bet)
Seat 5: cinar6868 folded before Flop (didn't bet)
Seat 6: cebrail1 (button) folded before Flop (didn't bet)
Seat 7: Rad wings (small blind) folded before Flop
Seat 8: Dorex2007 (big blind) collected ($0.04)
Seat 9: SawaBeton folded before Flop (didn't bet)



PokerStars Hand #228174230382:  Hold'em No Limit ($0.01/$0.02 USD) - 2021/07/09 14:15:31 PT [2021/07/09 17:15:31 ET]
Table 'Arduina IV' 9-max Seat #7 is the button
Seat 1: Hoffei077 ($2.44 in chips) 
Seat 3: FeketeAdamAkos ($1.62 in chips) 
Seat 5: cinar6868 ($0.30 in chips) 
Seat 6: cebrail1 ($1.92 in chips) 
Seat 7: Rad wings ($1.70 in chips) 
Seat 8: Dorex2007 ($2.15 in chips) 
Seat 9: SawaBeton ($1.99 in chips) 
Dorex2007: posts small blind $0.01
SawaBeton: posts big blind $0.02
andrey_kasav: sits out 
HungAngry: sits out 
*** HOLE CARDS ***
Dealt to Dorex2007 [Kd 9s]
Hoffei077: folds 
FeketeAdamAkos: calls $0.02
cinar6868: folds 
cebrail1: calls $0.02
Rad wings: calls $0.02
Dorex2007: folds 
SawaBeton: checks 
*** FLOP *** [3s 8d 4h]
SawaBeton: checks 
FeketeAdamAkos: checks 
cebrail1: bets $0.05
Rad wings: folds 
SawaBeton: folds 
FeketeAdamAkos: folds 
Uncalled bet ($0.05) returned to cebrail1
cebrail1 collected $0.09 from pot
cebrail1: doesn't show hand 
*** SUMMARY ***
Total pot $0.09 | Rake $0 
Board [3s 8d 4h]
Seat 1: Hoffei077 folded before Flop (didn't bet)
Seat 3: FeketeAdamAkos folded on the Flop
Seat 5: cinar6868 folded before Flop (didn't bet)
Seat 6: cebrail1 collected ($0.09)
Seat 7: Rad wings (button) folded on the Flop
Seat 8: Dorex2007 (small blind) folded before Flop
Seat 9: SawaBeton (big blind) folded on the Flop



PokerStars Hand #228174245299:  Hold'em No Limit ($0.01/$0.02 USD) - 2021/07/09 14:16:04 PT [2021/07/09 17:16:04 ET]
Table 'Arduina IV' 9-max Seat #8 is the button
Seat 1: Hoffei077 ($2.44 in chips) 
Seat 3: FeketeAdamAkos ($1.60 in chips) 
Seat 5: cinar6868 ($0.30 in chips) 
Seat 6: cebrail1 ($1.99 in chips) 
Seat 7: Rad wings ($1.68 in chips) 
Seat 8: Dorex2007 ($2.14 in chips) 
Seat 9: SawaBeton ($1.97 in chips) 
SawaBeton: posts small blind $0.01
Hoffei077: posts big blind $0.02
andrey_kasav: sits out 
HungAngry: sits out 
*** HOLE CARDS ***
Dealt to Dorex2007 [Jd 3d]
FeketeAdamAkos: calls $0.02
cinar6868: folds 
cebrail1: folds 
Rad wings: calls $0.02
Dorex2007: folds 
SawaBeton: calls $0.01
Hoffei077: checks 
*** FLOP *** [7d Jh 4h]
SawaBeton: bets $0.04
Hoffei077: folds 
FeketeAdamAkos: calls $0.04
Rad wings: calls $0.04
*** TURN *** [7d Jh 4h] [Ad]
SawaBeton: bets $0.10
FeketeAdamAkos: calls $0.10
Rad wings: raises $0.49 to $0.59
SawaBeton: raises $1.32 to $1.91 and is all-in
FeketeAdamAkos: folds 
Rad wings: calls $1.03 and is all-in
Uncalled bet ($0.29) returned to SawaBeton
*** RIVER *** [7d Jh 4h Ad] [Tc]
*** SHOW DOWN ***
SawaBeton: shows [4s 4c] (three of a kind, Fours)
Rad wings: shows [Ah Jc] (two pair, Aces and Jacks)
SawaBeton collected $3.42 from pot
*** SUMMARY ***
Total pot $3.54 | Rake $0.12 
Board [7d Jh 4h Ad Tc]
Seat 1: Hoffei077 (big blind) folded on the Flop
Seat 3: FeketeAdamAkos folded on the Turn
Seat 5: cinar6868 folded before Flop (didn't bet)
Seat 6: cebrail1 folded before Flop (didn't bet)
Seat 7: Rad wings showed [Ah Jc] and lost with two pair, Aces and Jacks
Seat 8: Dorex2007 (button) folded before Flop (didn't bet)
Seat 9: SawaBeton (small blind) showed [4s 4c] and won ($3.42) with three of a kind, Fours



PokerStars Hand #228174273393:  Hold'em No Limit ($0.01/$0.02 USD) - 2021/07/09 14:17:06 PT [2021/07/09 17:17:06 ET]
Table 'Arduina IV' 9-max Seat #9 is the button
Seat 1: Hoffei077 ($2.42 in chips) 
Seat 2: andrey_kasav ($1.60 in chips) 
Seat 3: FeketeAdamAkos ($1.44 in chips) 
Seat 5: cinar6868 ($0.30 in chips) 
Seat 6: cebrail1 ($1.99 in chips) 
Seat 8: Dorex2007 ($2.14 in chips) 
Seat 9: SawaBeton ($3.71 in chips) 
Hoffei077: posts small blind $0.01
andrey_kasav: posts big blind $0.02
HungAngry: sits out 
*** HOLE CARDS ***
Dealt to Dorex2007 [Qc 4s]
FeketeAdamAkos: folds 
cinar6868: calls $0.02
cebrail1: folds 
Dorex2007: folds 
SawaBeton: folds 
Hoffei077: raises $0.02 to $0.04
andrey_kasav: folds 
cinar6868: calls $0.02
*** FLOP *** [Td 4h Qd]
Hoffei077: bets $0.04
cinar6868: folds 
Uncalled bet ($0.04) returned to Hoffei077
Hoffei077 collected $0.10 from pot
Hoffei077: doesn't show hand 
*** SUMMARY ***
Total pot $0.10 | Rake $0 
Board [Td 4h Qd]
Seat 1: Hoffei077 (small blind) collected ($0.10)
Seat 2: andrey_kasav (big blind) folded before Flop
Seat 3: FeketeAdamAkos folded before Flop (didn't bet)
Seat 5: cinar6868 folded on the Flop
Seat 6: cebrail1 folded before Flop (didn't bet)
Seat 8: Dorex2007 folded before Flop (didn't bet)
Seat 9: SawaBeton (button) folded before Flop (didn't bet)



PokerStars Hand #228174285494:  Hold'em No Limit ($0.01/$0.02 USD) - 2021/07/09 14:17:33 PT [2021/07/09 17:17:33 ET]
Table 'Arduina IV' 9-max Seat #1 is the button
Seat 1: Hoffei077 ($2.48 in chips) 
Seat 2: andrey_kasav ($1.58 in chips) 
Seat 3: FeketeAdamAkos ($1.44 in chips) 
Seat 5: cinar6868 ($0.26 in chips) 
Seat 6: cebrail1 ($1.99 in chips) 
Seat 7: Rad wings ($2 in chips) 
Seat 8: Dorex2007 ($2.14 in chips) 
Seat 9: SawaBeton ($3.71 in chips) 
andrey_kasav: posts small blind $0.01
FeketeAdamAkos: posts big blind $0.02
HungAngry: sits out 
*** HOLE CARDS ***
Dealt to Dorex2007 [Kc Ks]
cinar6868: calls $0.02
cebrail1: folds 
Rad wings: calls $0.02
Dorex2007: raises $0.04 to $0.06
SawaBeton: folds 
Hoffei077: folds 
andrey_kasav: calls $0.05
FeketeAdamAkos: folds 
cinar6868: calls $0.04
Rad wings: calls $0.04
*** FLOP *** [4c 6c 3s]
andrey_kasav: checks 
cinar6868: checks 
Rad wings: checks 
Dorex2007: bets $0.25
andrey_kasav: folds 
cinar6868: folds 
Rad wings: folds 
Uncalled bet ($0.25) returned to Dorex2007
Dorex2007 collected $0.25 from pot
Dorex2007: doesn't show hand 
*** SUMMARY ***
Total pot $0.26 | Rake $0.01 
Board [4c 6c 3s]
Seat 1: Hoffei077 (button) folded before Flop (didn't bet)
Seat 2: andrey_kasav (small blind) folded on the Flop
Seat 3: FeketeAdamAkos (big blind) folded before Flop
Seat 5: cinar6868 folded on the Flop
Seat 6: cebrail1 folded before Flop (didn't bet)
Seat 7: Rad wings folded on the Flop
Seat 8: Dorex2007 collected ($0.25)
Seat 9: SawaBeton folded before Flop (didn't bet)



PokerStars Hand #228174308664:  Hold'em No Limit ($0.01/$0.02 USD) - 2021/07/09 14:18:24 PT [2021/07/09 17:18:24 ET]
Table 'Arduina IV' 9-max Seat #2 is the button
Seat 1: Hoffei077 ($2.48 in chips) 
Seat 2: andrey_kasav ($1.52 in chips) 
Seat 3: FeketeAdamAkos ($1.42 in chips) 
Seat 4: HungAngry ($0.83 in chips) 
Seat 5: cinar6868 ($0.20 in chips) 
Seat 6: cebrail1 ($1.99 in chips) 
Seat 7: Rad wings ($1.94 in chips) 
Seat 8: Dorex2007 ($2.33 in chips) 
Seat 9: SawaBeton ($3.71 in chips) 
FeketeAdamAkos: posts small blind $0.01
HungAngry: posts big blind $0.02
*** HOLE CARDS ***
Dealt to Dorex2007 [7d 4s]
cinar6868: folds 
cebrail1: raises $0.02 to $0.04
Rad wings: calls $0.04
Dorex2007: folds 
SawaBeton: folds 
Hoffei077: folds 
andrey_kasav: folds 
Hoffei077 leaves the table
FeketeAdamAkos: folds 
HungAngry: folds 
*** FLOP *** [Ac Tc 5d]
cebrail1: checks 
Rad wings: bets $0.02
maxim-ka4a joins the table at seat #1 
cebrail1: calls $0.02
*** TURN *** [Ac Tc 5d] [Jd]
cebrail1: checks 
Rad wings: bets $0.04
cebrail1: calls $0.04
*** RIVER *** [Ac Tc 5d Jd] [5h]
cebrail1: checks 
Rad wings: bets $0.04
cebrail1: calls $0.04
*** SHOW DOWN ***
Rad wings: shows [As 6s] (two pair, Aces and Fives)
cebrail1: mucks hand 
Rad wings collected $0.30 from pot
*** SUMMARY ***
Total pot $0.31 | Rake $0.01 
Board [Ac Tc 5d Jd 5h]
Seat 1: Hoffei077 folded before Flop (didn't bet)
Seat 2: andrey_kasav (button) folded before Flop (didn't bet)
Seat 3: FeketeAdamAkos (small blind) folded before Flop
Seat 4: HungAngry (big blind) folded before Flop
Seat 5: cinar6868 folded before Flop (didn't bet)
Seat 6: cebrail1 mucked [Jh Qh]
Seat 7: Rad wings showed [As 6s] and won ($0.30) with two pair, Aces and Fives
Seat 8: Dorex2007 folded before Flop (didn't bet)
Seat 9: SawaBeton folded before Flop (didn't bet)



PokerStars Hand #228174375508:  Hold'em No Limit ($0.01/$0.02 USD) - 2021/07/09 14:20:51 PT [2021/07/09 17:20:51 ET]
Table 'Arduina IV' 9-max Seat #5 is the button
Seat 1: luis-lui123 ($0.80 in chips) 
Seat 2: andrey_kasav ($1.52 in chips) 
Seat 3: FeketeAdamAkos ($1.41 in chips) 
Seat 4: HungAngry ($0.80 in chips) 
Seat 5: cinar6868 ($0.16 in chips) 
Seat 6: cebrail1 ($1.90 in chips) 
Seat 7: Rad wings ($2.10 in chips) 
Seat 8: Dorex2007 ($2.33 in chips) 
Seat 9: SawaBeton ($3.71 in chips) 
cebrail1: posts small blind $0.01
Rad wings: posts big blind $0.02
luis-lui123: posts big blind $0.02
*** HOLE CARDS ***
Dealt to Dorex2007 [2d Qd]
Dorex2007: folds 
SawaBeton: folds 
luis-lui123: checks 
andrey_kasav: folds 
FeketeAdamAkos: folds 
HungAngry: folds 
cinar6868 is connected 
cinar6868: folds 
cebrail1: folds 
Rad wings: checks 
*** FLOP *** [8s Th 5s]
Rad wings: checks 
luis-lui123: checks 
*** TURN *** [8s Th 5s] [Qh]
Rad wings: checks 
luis-lui123: checks 
*** RIVER *** [8s Th 5s Qh] [Ah]
Rad wings: checks 
luis-lui123: bets $0.02
Rad wings: folds 
Uncalled bet ($0.02) returned to luis-lui123
luis-lui123 collected $0.05 from pot
luis-lui123: doesn't show hand 
*** SUMMARY ***
Total pot $0.05 | Rake $0 
Board [8s Th 5s Qh Ah]
Seat 1: luis-lui123 collected ($0.05)
Seat 2: andrey_kasav folded before Flop (didn't bet)
Seat 3: FeketeAdamAkos folded before Flop (didn't bet)
Seat 4: HungAngry folded before Flop (didn't bet)
Seat 5: cinar6868 (button) folded before Flop (didn't bet)
Seat 6: cebrail1 (small blind) folded before Flop
Seat 7: Rad wings (big blind) folded on the River
Seat 8: Dorex2007 folded before Flop (didn't bet)
Seat 9: SawaBeton folded before Flop (didn't bet)



PokerStars Hand #228174398717:  Hold'em No Limit ($0.01/$0.02 USD) - 2021/07/09 14:21:42 PT [2021/07/09 17:21:42 ET]
Table 'Arduina IV' 9-max Seat #6 is the button
Seat 1: luis-lui123 ($0.83 in chips) 
Seat 2: andrey_kasav ($1.52 in chips) 
Seat 3: FeketeAdamAkos ($1.41 in chips) 
Seat 4: HungAngry ($0.80 in chips) 
Seat 5: cinar6868 ($0.16 in chips) 
Seat 6: cebrail1 ($1.89 in chips) 
Seat 7: Rad wings ($2.08 in chips) 
Seat 8: Dorex2007 ($2.33 in chips) 
Seat 9: SawaBeton ($3.71 in chips) 
Rad wings: posts small blind $0.01
Dorex2007: posts big blind $0.02
*** HOLE CARDS ***
Dealt to Dorex2007 [2h Th]
SawaBeton: folds 
luis-lui123: calls $0.02
andrey_kasav: calls $0.02
FeketeAdamAkos: calls $0.02
HungAngry: folds 
cinar6868: folds 
cebrail1: folds 
Rad wings: calls $0.01
Dorex2007: checks 
*** FLOP *** [3d Qd 6c]
Rad wings: checks 
Dorex2007: checks 
luis-lui123: bets $0.02
andrey_kasav: folds 
FeketeAdamAkos: calls $0.02
Rad wings: folds 
Dorex2007: folds 
*** TURN *** [3d Qd 6c] [3s]
luis-lui123: checks 
FeketeAdamAkos: checks 
*** RIVER *** [3d Qd 6c 3s] [5c]
luis-lui123: checks 
FeketeAdamAkos: checks 
*** SHOW DOWN ***
luis-lui123: shows [Ad 5d] (two pair, Fives and Threes)
FeketeAdamAkos: mucks hand 
luis-lui123 collected $0.14 from pot
*** SUMMARY ***
Total pot $0.14 | Rake $0 
Board [3d Qd 6c 3s 5c]
Seat 1: luis-lui123 showed [Ad 5d] and won ($0.14) with two pair, Fives and Threes
Seat 2: andrey_kasav folded on the Flop
Seat 3: FeketeAdamAkos mucked [Jd Kh]
Seat 4: HungAngry folded before Flop (didn't bet)
Seat 5: cinar6868 folded before Flop (didn't bet)
Seat 6: cebrail1 (button) folded before Flop (didn't bet)
Seat 7: Rad wings (small blind) folded on the Flop
Seat 8: Dorex2007 (big blind) folded on the Flop
Seat 9: SawaBeton folded before Flop (didn't bet)



PokerStars Hand #228174430998:  Hold'em No Limit ($0.01/$0.02 USD) - 2021/07/09 14:22:49 PT [2021/07/09 17:22:49 ET]
Table 'Arduina IV' 9-max Seat #7 is the button
Seat 1: luis-lui123 ($0.93 in chips) 
Seat 2: andrey_kasav ($1.50 in chips) 
Seat 3: FeketeAdamAkos ($1.37 in chips) 
Seat 4: HungAngry ($0.80 in chips) 
Seat 5: cinar6868 ($0.16 in chips) 
Seat 6: cebrail1 ($1.89 in chips) 
Seat 7: Rad wings ($2.06 in chips) 
Seat 8: Dorex2007 ($2.31 in chips) 
Dorex2007: posts small blind $0.01
SawaBeton: is sitting out 
luis-lui123: posts big blind $0.02
*** HOLE CARDS ***
Dealt to Dorex2007 [Ah 2s]
andrey_kasav: folds 
SawaBeton leaves the table
FeketeAdamAkos: calls $0.02
HungAngry: folds 
cinar6868 is disconnected 
cinar6868 has timed out while disconnected
cinar6868: folds 
cebrail1: folds 
Rad wings: folds 
Dorex2007: folds 
luis-lui123: checks 
*** FLOP *** [Kc 3d 8h]
luis-lui123: checks 
FeketeAdamAkos: bets $0.02
luis-lui123: folds 
Uncalled bet ($0.02) returned to FeketeAdamAkos
Tucan008 joins the table at seat #9 
FeketeAdamAkos collected $0.05 from pot
FeketeAdamAkos: doesn't show hand 
*** SUMMARY ***
Total pot $0.05 | Rake $0 
Board [Kc 3d 8h]
Seat 1: luis-lui123 (big blind) folded on the Flop
Seat 2: andrey_kasav folded before Flop (didn't bet)
Seat 3: FeketeAdamAkos collected ($0.05)
Seat 4: HungAngry folded before Flop (didn't bet)
Seat 5: cinar6868 folded before Flop (didn't bet)
Seat 6: cebrail1 folded before Flop (didn't bet)
Seat 7: Rad wings (button) folded before Flop (didn't bet)
Seat 8: Dorex2007 (small blind) folded before Flop



PokerStars Hand #228174450920:  Hold'em No Limit ($0.01/$0.02 USD) - 2021/07/09 14:23:33 PT [2021/07/09 17:23:33 ET]
Table 'Arduina IV' 9-max Seat #8 is the button
Seat 1: luis-lui123 ($0.91 in chips) 
Seat 2: andrey_kasav ($1.50 in chips) 
Seat 3: FeketeAdamAkos ($1.40 in chips) 
Seat 4: HungAngry ($0.80 in chips) 
Seat 5: cinar6868 ($0.16 in chips) 
Seat 6: cebrail1 ($1.89 in chips) 
Seat 7: Rad wings ($2.06 in chips) 
Seat 8: Dorex2007 ($2.30 in chips) 
luis-lui123: posts small blind $0.01
andrey_kasav: posts big blind $0.02
*** HOLE CARDS ***
Dealt to Dorex2007 [Ad Th]
FeketeAdamAkos: calls $0.02
HungAngry: calls $0.02
cinar6868: folds 
cebrail1: folds 
Rad wings: folds 
Dorex2007: raises $0.04 to $0.06
luis-lui123: calls $0.05
andrey_kasav: calls $0.04
FeketeAdamAkos: folds 
HungAngry: folds 
*** FLOP *** [Ah 6h 4c]
luis-lui123: bets $0.10
andrey_kasav: calls $0.10
Dorex2007: calls $0.10
*** TURN *** [Ah 6h 4c] [Tc]
luis-lui123: bets $0.02
andrey_kasav: raises $0.27 to $0.29
Dorex2007: calls $0.29
luis-lui123: calls $0.27
*** RIVER *** [Ah 6h 4c Tc] [3s]
luis-lui123: checks 
andrey_kasav: checks 
Dorex2007: bets $0.67
luis-lui123: calls $0.46 and is all-in
andrey_kasav: folds 
Uncalled bet ($0.21) returned to Dorex2007
*** SHOW DOWN ***
Dorex2007: shows [Ad Th] (two pair, Aces and Tens)
luis-lui123: shows [As Qd] (a pair of Aces)
Dorex2007 collected $2.23 from pot
*** SUMMARY ***
Total pot $2.31 | Rake $0.08 
Board [Ah 6h 4c Tc 3s]
Seat 1: luis-lui123 (small blind) showed [As Qd] and lost with a pair of Aces
Seat 2: andrey_kasav (big blind) folded on the River
Seat 3: FeketeAdamAkos folded before Flop
Seat 4: HungAngry folded before Flop
Seat 5: cinar6868 folded before Flop (didn't bet)
Seat 6: cebrail1 folded before Flop (didn't bet)
Seat 7: Rad wings folded before Flop (didn't bet)
Seat 8: Dorex2007 (button) showed [Ad Th] and won ($2.23) with two pair, Aces and Tens



PokerStars Hand #228174493747:  Hold'em No Limit ($0.01/$0.02 USD) - 2021/07/09 14:25:08 PT [2021/07/09 17:25:08 ET]
Table 'Arduina IV' 9-max Seat #2 is the button
Seat 2: andrey_kasav ($1.05 in chips) 
Seat 3: FeketeAdamAkos ($1.38 in chips) 
Seat 4: HungAngry ($0.80 in chips) 
Seat 5: cinar6868 ($0.16 in chips) 
Seat 6: cebrail1 ($1.89 in chips) 
Seat 7: Rad wings ($2.06 in chips) 
Seat 8: Dorex2007 ($3.62 in chips) 
FeketeAdamAkos: posts small blind $0.01
HungAngry: posts big blind $0.02
Tucan008: sits out 
*** HOLE CARDS ***
Dealt to Dorex2007 [5d 2c]
cinar6868: folds 
cebrail1: folds 
Rad wings: folds 
Dorex2007: folds 
andrey_kasav: folds 
FeketeAdamAkos: calls $0.01
HungAngry: checks 
*** FLOP *** [Ah 3h 7d]
luis-lui123 leaves the table
FeketeAdamAkos: checks 
HungAngry: bets $0.02
FeketeAdamAkos: folds 
Uncalled bet ($0.02) returned to HungAngry
HungAngry collected $0.04 from pot
HungAngry: doesn't show hand 
*** SUMMARY ***
Total pot $0.04 | Rake $0 
Board [Ah 3h 7d]
Seat 2: andrey_kasav (button) folded before Flop (didn't bet)
Seat 3: FeketeAdamAkos (small blind) folded on the Flop
Seat 4: HungAngry (big blind) collected ($0.04)
Seat 5: cinar6868 folded before Flop (didn't bet)
Seat 6: cebrail1 folded before Flop (didn't bet)
Seat 7: Rad wings folded before Flop (didn't bet)
Seat 8: Dorex2007 folded before Flop (didn't bet)



PokerStars Hand #228174508373:  Hold'em No Limit ($0.01/$0.02 USD) - 2021/07/09 14:25:41 PT [2021/07/09 17:25:41 ET]
Table 'Arduina IV' 9-max Seat #3 is the button
Seat 2: andrey_kasav ($1.05 in chips) 
Seat 3: FeketeAdamAkos ($1.36 in chips) 
Seat 4: HungAngry ($0.82 in chips) 
Seat 5: cinar6868 ($0.16 in chips) 
Seat 6: cebrail1 ($1.89 in chips) 
Seat 7: Rad wings ($2.06 in chips) 
Seat 8: Dorex2007 ($3.62 in chips) 
HungAngry: posts small blind $0.01
cinar6868: posts big blind $0.02
Tucan008: sits out 
*** HOLE CARDS ***
Dealt to Dorex2007 [5h Qs]
cebrail1: folds 
Rad wings: folds 
Dorex2007: folds 
andrey_kasav: folds 
FeketeAdamAkos: calls $0.02
HungAngry: calls $0.01
cinar6868: checks 
*** FLOP *** [6h 2h 5c]
HungAngry: checks 
cinar6868: checks 
FeketeAdamAkos: checks 
*** TURN *** [6h 2h 5c] [2d]
HungAngry: checks 
cinar6868: checks 
FeketeAdamAkos: checks 
*** RIVER *** [6h 2h 5c 2d] [As]
HungAngry: checks 
cinar6868: checks 
FeketeAdamAkos: bets $0.02
HungAngry: calls $0.02
cinar6868: folds 
*** SHOW DOWN ***
FeketeAdamAkos: shows [8s 5s] (two pair, Fives and Deuces)
HungAngry: shows [Ac Tc] (two pair, Aces and Deuces)
HungAngry collected $0.10 from pot
*** SUMMARY ***
Total pot $0.10 | Rake $0 
Board [6h 2h 5c 2d As]
Seat 2: andrey_kasav folded before Flop (didn't bet)
Seat 3: FeketeAdamAkos (button) showed [8s 5s] and lost with two pair, Fives and Deuces
Seat 4: HungAngry (small blind) showed [Ac Tc] and won ($0.10) with two pair, Aces and Deuces
Seat 5: cinar6868 (big blind) folded on the River
Seat 6: cebrail1 folded before Flop (didn't bet)
Seat 7: Rad wings folded before Flop (didn't bet)
Seat 8: Dorex2007 folded before Flop (didn't bet)



PokerStars Hand #228174545795:  Hold'em No Limit ($0.01/$0.02 USD) - 2021/07/09 14:26:43 PT [2021/07/09 17:26:43 ET]
Table 'Arduina IV' 9-max Seat #4 is the button
Seat 2: andrey_kasav ($1.05 in chips) 
Seat 3: FeketeAdamAkos ($1.32 in chips) 
Seat 4: HungAngry ($0.88 in chips) 
Seat 5: cinar6868 ($0.14 in chips) 
Seat 6: cebrail1 ($1.89 in chips) 
Seat 7: Rad wings ($2.06 in chips) 
Seat 8: Dorex2007 ($3.62 in chips) 
cinar6868: posts small blind $0.01
cebrail1: posts big blind $0.02
Tucan008: sits out 
*** HOLE CARDS ***
Dealt to Dorex2007 [Jd 6s]
Rad wings: folds 
Dorex2007: folds 
andrey_kasav: folds 
FeketeAdamAkos: calls $0.02
HungAngry: calls $0.02
cinar6868: calls $0.01
cebrail1: checks 
*** FLOP *** [7h 8h 2d]
cinar6868: checks 
cebrail1: checks 
FeketeAdamAkos: checks 
HungAngry: checks 
*** TURN *** [7h 8h 2d] [Td]
cinar6868: checks 
cebrail1: checks 
FeketeAdamAkos: checks 
HungAngry: checks 
*** RIVER *** [7h 8h 2d Td] [9h]
cinar6868: checks 
rudenko.ya joins the table at seat #1 
cebrail1: checks 
FeketeAdamAkos: bets $0.08
HungAngry: calls $0.08
cinar6868: folds 
cebrail1: folds 
*** SHOW DOWN ***
FeketeAdamAkos: shows [Th Ad] (a pair of Tens)
HungAngry: shows [Ac 6c] (a straight, Six to Ten)
HungAngry collected $0.23 from pot
*** SUMMARY ***
Total pot $0.24 | Rake $0.01 
Board [7h 8h 2d Td 9h]
Seat 2: andrey_kasav folded before Flop (didn't bet)
Seat 3: FeketeAdamAkos showed [Th Ad] and lost with a pair of Tens
Seat 4: HungAngry (button) showed [Ac 6c] and won ($0.23) with a straight, Six to Ten
Seat 5: cinar6868 (small blind) folded on the River
Seat 6: cebrail1 (big blind) folded on the River
Seat 7: Rad wings folded before Flop (didn't bet)
Seat 8: Dorex2007 folded before Flop (didn't bet)



PokerStars Hand #228174584880:  Hold'em No Limit ($0.01/$0.02 USD) - 2021/07/09 14:28:11 PT [2021/07/09 17:28:11 ET]
Table 'Arduina IV' 9-max Seat #5 is the button
Seat 2: andrey_kasav ($1.05 in chips) 
Seat 3: FeketeAdamAkos ($1.22 in chips) 
Seat 4: HungAngry ($1.01 in chips) 
Seat 5: cinar6868 ($0.12 in chips) 
Seat 6: cebrail1 ($1.87 in chips) 
Seat 7: Rad wings ($2.06 in chips) 
Seat 8: Dorex2007 ($3.62 in chips) 
cebrail1: posts small blind $0.01
Rad wings: posts big blind $0.02
Tucan008: sits out 
rudenko.ya: sits out 
*** HOLE CARDS ***
Dealt to Dorex2007 [Qc 2s]
Dorex2007: folds 
andrey_kasav: folds 
FeketeAdamAkos: calls $0.02
HungAngry: folds 
cinar6868: calls $0.02
cebrail1: folds 
Rad wings: checks 
*** FLOP *** [2h 8h 6h]
Rad wings: bets $0.04
FeketeAdamAkos: calls $0.04
cinar6868: folds 
*** TURN *** [2h 8h 6h] [Ts]
Rad wings: bets $0.07
FeketeAdamAkos: raises $0.07 to $0.14
Rad wings: raises $0.42 to $0.56
FeketeAdamAkos: folds 
Uncalled bet ($0.42) returned to Rad wings
Rad wings collected $0.41 from pot
*** SUMMARY ***
Total pot $0.43 | Rake $0.02 
Board [2h 8h 6h Ts]
Seat 2: andrey_kasav folded before Flop (didn't bet)
Seat 3: FeketeAdamAkos folded on the Turn
Seat 4: HungAngry folded before Flop (didn't bet)
Seat 5: cinar6868 (button) folded on the Flop
Seat 6: cebrail1 (small blind) folded before Flop
Seat 7: Rad wings (big blind) collected ($0.41)
Seat 8: Dorex2007 folded before Flop (didn't bet)



PokerStars Hand #228174614003:  Hold'em No Limit ($0.01/$0.02 USD) - 2021/07/09 14:29:08 PT [2021/07/09 17:29:08 ET]
Table 'Arduina IV' 9-max Seat #6 is the button
Seat 2: andrey_kasav ($1.05 in chips) 
Seat 3: FeketeAdamAkos ($1.02 in chips) 
Seat 4: HungAngry ($1.01 in chips) 
Seat 5: cinar6868 ($0.10 in chips) 
Seat 6: cebrail1 ($1.86 in chips) 
Seat 7: Rad wings ($2.27 in chips) 
Seat 8: Dorex2007 ($3.62 in chips) 
Rad wings: posts small blind $0.01
Dorex2007: posts big blind $0.02
Tucan008: sits out 
rudenko.ya: sits out 
*** HOLE CARDS ***
Dealt to Dorex2007 [Th 8h]
andrey_kasav: folds 
FeketeAdamAkos: folds 
FeketeAdamAkos leaves the table
HungAngry: folds 
cinar6868: folds 
cebrail1: folds 
Rad wings: calls $0.01
Dorex2007: checks 
*** FLOP *** [2s 2c 7h]
Rad wings: checks 
Dorex2007: checks 
*** TURN *** [2s 2c 7h] [Qc]
Rad wings: checks 
Dorex2007: bets $0.04
Rad wings: folds 
Uncalled bet ($0.04) returned to Dorex2007
Dorex2007 collected $0.04 from pot
Dorex2007: doesn't show hand 
*** SUMMARY ***
Total pot $0.04 | Rake $0 
Board [2s 2c 7h Qc]
Seat 2: andrey_kasav folded before Flop (didn't bet)
Seat 3: FeketeAdamAkos folded before Flop (didn't bet)
Seat 4: HungAngry folded before Flop (didn't bet)
Seat 5: cinar6868 folded before Flop (didn't bet)
Seat 6: cebrail1 (button) folded before Flop (didn't bet)
Seat 7: Rad wings (small blind) folded on the Turn
Seat 8: Dorex2007 (big blind) collected ($0.04)



PokerStars Hand #228174628164:  Hold'em No Limit ($0.01/$0.02 USD) - 2021/07/09 14:29:40 PT [2021/07/09 17:29:40 ET]
Table 'Arduina IV' 9-max Seat #7 is the button
Seat 2: andrey_kasav ($1.05 in chips) 
Seat 4: HungAngry ($1.01 in chips) 
Seat 5: cinar6868 ($0.10 in chips) 
Seat 6: cebrail1 ($1.86 in chips) 
Seat 7: Rad wings ($2.25 in chips) 
Seat 8: Dorex2007 ($3.64 in chips) 
Seat 9: Tucan008 ($2 in chips) 
Dorex2007: posts small blind $0.01
Tucan008: posts big blind $0.02
rudenko.ya: sits out 
*** HOLE CARDS ***
Dealt to Dorex2007 [Ah 7h]
WalterPinkman89 joins the table at seat #3 
andrey_kasav: folds 
HungAngry: folds 
cinar6868: calls $0.02
cebrail1: folds 
Rad wings: folds 
Dorex2007: calls $0.01
Tucan008: checks 
*** FLOP *** [Kc 7s 8c]
Dorex2007: checks 
Tucan008: checks 
cinar6868: checks 
*** TURN *** [Kc 7s 8c] [2d]
Dorex2007: checks 
Tucan008: checks 
cinar6868: checks 
*** RIVER *** [Kc 7s 8c 2d] [6d]
Dorex2007: bets $0.06
Tucan008: raises $0.06 to $0.12
cinar6868: folds 
Dorex2007: folds 
Uncalled bet ($0.06) returned to Tucan008
Tucan008 collected $0.17 from pot
Tucan008: doesn't show hand 
*** SUMMARY ***
Total pot $0.18 | Rake $0.01 
Board [Kc 7s 8c 2d 6d]
Seat 2: andrey_kasav folded before Flop (didn't bet)
Seat 4: HungAngry folded before Flop (didn't bet)
Seat 5: cinar6868 folded on the River
Seat 6: cebrail1 folded before Flop (didn't bet)
Seat 7: Rad wings (button) folded before Flop (didn't bet)
Seat 8: Dorex2007 (small blind) folded on the River
Seat 9: Tucan008 (big blind) collected ($0.17)



PokerStars Hand #228174653883:  Hold'em No Limit ($0.01/$0.02 USD) - 2021/07/09 14:30:38 PT [2021/07/09 17:30:38 ET]
Table 'Arduina IV' 9-max Seat #8 is the button
Seat 1: rudenko.ya ($2 in chips) 
Seat 2: andrey_kasav ($1.05 in chips) 
Seat 4: HungAngry ($1.01 in chips) 
Seat 5: cinar6868 ($0.08 in chips) 
Seat 6: cebrail1 ($1.86 in chips) 
Seat 7: Rad wings ($2.25 in chips) 
Seat 8: Dorex2007 ($3.56 in chips) 
Seat 9: Tucan008 ($2.09 in chips) 
Tucan008: posts small blind $0.01
rudenko.ya: posts big blind $0.02
WalterPinkman89: sits out 
*** HOLE CARDS ***
Dealt to Dorex2007 [2c 5s]
andrey_kasav: raises $0.02 to $0.04
HungAngry: calls $0.04
cinar6868: folds 
cebrail1: folds 
Rad wings: folds 
Dorex2007: folds 
Tucan008: folds 
rudenko.ya: calls $0.02
*** FLOP *** [8h 7d 4c]
rudenko.ya: checks 
andrey_kasav: bets $0.06
HungAngry: calls $0.06
rudenko.ya: folds 
*** TURN *** [8h 7d 4c] [2s]
andrey_kasav: bets $0.12
HungAngry: folds 
Uncalled bet ($0.12) returned to andrey_kasav
andrey_kasav collected $0.24 from pot
andrey_kasav: doesn't show hand 
*** SUMMARY ***
Total pot $0.25 | Rake $0.01 
Board [8h 7d 4c 2s]
Seat 1: rudenko.ya (big blind) folded on the Flop
Seat 2: andrey_kasav collected ($0.24)
Seat 4: HungAngry folded on the Turn
Seat 5: cinar6868 folded before Flop (didn't bet)
Seat 6: cebrail1 folded before Flop (didn't bet)
Seat 7: Rad wings folded before Flop (didn't bet)
Seat 8: Dorex2007 (button) folded before Flop (didn't bet)
Seat 9: Tucan008 (small blind) folded before Flop



PokerStars Hand #228174685618:  Hold'em No Limit ($0.01/$0.02 USD) - 2021/07/09 14:31:50 PT [2021/07/09 17:31:50 ET]
Table 'Arduina IV' 9-max Seat #9 is the button
Seat 1: rudenko.ya ($1.96 in chips) 
Seat 2: andrey_kasav ($1.19 in chips) 
Seat 3: WalterPinkman89 ($0.88 in chips) 
Seat 4: HungAngry ($0.91 in chips) 
Seat 5: cinar6868 ($0.08 in chips) 
Seat 6: cebrail1 ($1.86 in chips) 
Seat 7: Rad wings ($2.25 in chips) 
Seat 8: Dorex2007 ($3.56 in chips) 
Seat 9: Tucan008 ($2.08 in chips) 
rudenko.ya: posts small blind $0.01
andrey_kasav: posts big blind $0.02
WalterPinkman89: posts big blind $0.02
*** HOLE CARDS ***
Dealt to Dorex2007 [3d 2d]
WalterPinkman89: checks 
HungAngry: calls $0.02
cinar6868: calls $0.02
cebrail1: folds 
Rad wings: folds 
Dorex2007: folds 
Tucan008: folds 
rudenko.ya: calls $0.01
andrey_kasav: checks 
*** FLOP *** [6d 4c Ks]
rudenko.ya: bets $0.05
andrey_kasav: folds 
WalterPinkman89: calls $0.05
HungAngry: folds 
cinar6868: folds 
*** TURN *** [6d 4c Ks] [8s]
rudenko.ya: bets $0.10
WalterPinkman89: calls $0.10
*** RIVER *** [6d 4c Ks 8s] [2s]
rudenko.ya: checks 
WalterPinkman89: checks 
*** SHOW DOWN ***
rudenko.ya: shows [6h 6c] (three of a kind, Sixes)
WalterPinkman89: mucks hand 
rudenko.ya collected $0.39 from pot
*** SUMMARY ***
Total pot $0.40 | Rake $0.01 
Board [6d 4c Ks 8s 2s]
Seat 1: rudenko.ya (small blind) showed [6h 6c] and won ($0.39) with three of a kind, Sixes
Seat 2: andrey_kasav (big blind) folded on the Flop
Seat 3: WalterPinkman89 mucked [Ac 7s]
Seat 4: HungAngry folded on the Flop
Seat 5: cinar6868 folded on the Flop
Seat 6: cebrail1 folded before Flop (didn't bet)
Seat 7: Rad wings folded before Flop (didn't bet)
Seat 8: Dorex2007 folded before Flop (didn't bet)
Seat 9: Tucan008 (button) folded before Flop (didn't bet)



PokerStars Hand #228174711857:  Hold'em No Limit ($0.01/$0.02 USD) - 2021/07/09 14:32:49 PT [2021/07/09 17:32:49 ET]
Table 'Arduina IV' 9-max Seat #1 is the button
Seat 1: rudenko.ya ($2.18 in chips) 
Seat 2: andrey_kasav ($1.17 in chips) 
Seat 3: WalterPinkman89 ($0.71 in chips) 
Seat 4: HungAngry ($0.89 in chips) 
Seat 5: cinar6868 ($0.06 in chips) 
Seat 6: cebrail1 ($1.86 in chips) 
Seat 7: Rad wings ($2.25 in chips) 
Seat 8: Dorex2007 ($3.56 in chips) 
Seat 9: Tucan008 ($2.08 in chips) 
andrey_kasav: posts small blind $0.01
WalterPinkman89: posts big blind $0.02
*** HOLE CARDS ***
Dealt to Dorex2007 [6d 7s]
HungAngry: folds 
cinar6868: folds 
cebrail1: folds 
Rad wings: folds 
Dorex2007: folds 
Tucan008: raises $0.02 to $0.04
rudenko.ya: folds 
andrey_kasav: calls $0.03
WalterPinkman89: calls $0.02
*** FLOP *** [3c Jc 7h]
andrey_kasav: checks 
WalterPinkman89: checks 
Tucan008: checks 
*** TURN *** [3c Jc 7h] [Kh]
andrey_kasav: bets $0.06
WalterPinkman89: calls $0.06
Tucan008: folds 
*** RIVER *** [3c Jc 7h Kh] [8d]
andrey_kasav: bets $0.23
WalterPinkman89: folds 
Uncalled bet ($0.23) returned to andrey_kasav
andrey_kasav collected $0.23 from pot
andrey_kasav: doesn't show hand 
*** SUMMARY ***
Total pot $0.24 | Rake $0.01 
Board [3c Jc 7h Kh 8d]
Seat 1: rudenko.ya (button) folded before Flop (didn't bet)
Seat 2: andrey_kasav (small blind) collected ($0.23)
Seat 3: WalterPinkman89 (big blind) folded on the River
Seat 4: HungAngry folded before Flop (didn't bet)
Seat 5: cinar6868 folded before Flop (didn't bet)
Seat 6: cebrail1 folded before Flop (didn't bet)
Seat 7: Rad wings folded before Flop (didn't bet)
Seat 8: Dorex2007 folded before Flop (didn't bet)
Seat 9: Tucan008 folded on the Turn



PokerStars Hand #228174738146:  Hold'em No Limit ($0.01/$0.02 USD) - 2021/07/09 14:33:49 PT [2021/07/09 17:33:49 ET]
Table 'Arduina IV' 9-max Seat #2 is the button
Seat 1: rudenko.ya ($2.18 in chips) 
Seat 2: andrey_kasav ($1.30 in chips) 
Seat 3: WalterPinkman89 ($0.61 in chips) 
Seat 4: HungAngry ($0.89 in chips) 
Seat 5: cinar6868 ($0.06 in chips) 
Seat 6: cebrail1 ($1.86 in chips) 
Seat 7: Rad wings ($2.25 in chips) 
Seat 8: Dorex2007 ($3.56 in chips) 
Seat 9: Tucan008 ($2.04 in chips) 
WalterPinkman89: posts small blind $0.01
HungAngry: posts big blind $0.02
*** HOLE CARDS ***
Dealt to Dorex2007 [3c Ah]
cinar6868 has timed out
cinar6868: folds 
cebrail1: folds 
Rad wings: folds 
Dorex2007: folds 
Tucan008: folds 
rudenko.ya: folds 
andrey_kasav: folds 
WalterPinkman89: calls $0.01
HungAngry: checks 
*** FLOP *** [9c As Ad]
WalterPinkman89: checks 
HungAngry: checks 
*** TURN *** [9c As Ad] [2h]
WalterPinkman89: checks 
HungAngry: checks 
*** RIVER *** [9c As Ad 2h] [3s]
WalterPinkman89: checks 
HungAngry: checks 
*** SHOW DOWN ***
WalterPinkman89: shows [2c 7c] (two pair, Aces and Deuces)
HungAngry: mucks hand 
WalterPinkman89 collected $0.04 from pot
*** SUMMARY ***
Total pot $0.04 | Rake $0 
Board [9c As Ad 2h 3s]
Seat 1: rudenko.ya folded before Flop (didn't bet)
Seat 2: andrey_kasav (button) folded before Flop (didn't bet)
Seat 3: WalterPinkman89 (small blind) showed [2c 7c] and won ($0.04) with two pair, Aces and Deuces
Seat 4: HungAngry (big blind) mucked [Jc 7s]
Seat 5: cinar6868 folded before Flop (didn't bet)
Seat 6: cebrail1 folded before Flop (didn't bet)
Seat 7: Rad wings folded before Flop (didn't bet)
Seat 8: Dorex2007 folded before Flop (didn't bet)
Seat 9: Tucan008 folded before Flop (didn't bet)



PokerStars Hand #228174758364:  Hold'em No Limit ($0.01/$0.02 USD) - 2021/07/09 14:34:35 PT [2021/07/09 17:34:35 ET]
Table 'Arduina IV' 9-max Seat #3 is the button
Seat 1: rudenko.ya ($2.18 in chips) 
Seat 2: andrey_kasav ($1.30 in chips) 
Seat 3: WalterPinkman89 ($0.63 in chips) 
Seat 4: HungAngry ($0.87 in chips) 
Seat 5: cinar6868 ($0.06 in chips) 
Seat 6: cebrail1 ($1.86 in chips) 
Seat 7: Rad wings ($2.25 in chips) 
Seat 8: Dorex2007 ($3.56 in chips) 
Seat 9: Tucan008 ($2.04 in chips) 
HungAngry: posts small blind $0.01
cinar6868: posts big blind $0.02
*** HOLE CARDS ***
Dealt to Dorex2007 [As Kh]
cebrail1: folds 
Rad wings: folds 
Dorex2007: raises $0.04 to $0.06
Tucan008: folds 
rudenko.ya: folds 
andrey_kasav: folds 
WalterPinkman89: calls $0.06
HungAngry: folds 
cinar6868: folds 
*** FLOP *** [9h 7h Tc]
Dorex2007: checks 
WalterPinkman89: checks 
*** TURN *** [9h 7h Tc] [Js]
Dorex2007: bets $0.14
WalterPinkman89: folds 
Uncalled bet ($0.14) returned to Dorex2007
Dorex2007 collected $0.14 from pot
Dorex2007: doesn't show hand 
*** SUMMARY ***
Total pot $0.15 | Rake $0.01 
Board [9h 7h Tc Js]
Seat 1: rudenko.ya folded before Flop (didn't bet)
Seat 2: andrey_kasav folded before Flop (didn't bet)
Seat 3: WalterPinkman89 (button) folded on the Turn
Seat 4: HungAngry (small blind) folded before Flop
Seat 5: cinar6868 (big blind) folded before Flop
Seat 6: cebrail1 folded before Flop (didn't bet)
Seat 7: Rad wings folded before Flop (didn't bet)
Seat 8: Dorex2007 collected ($0.14)
Seat 9: Tucan008 folded before Flop (didn't bet)



PokerStars Hand #228174776778:  Hold'em No Limit ($0.01/$0.02 USD) - 2021/07/09 14:35:17 PT [2021/07/09 17:35:17 ET]
Table 'Arduina IV' 9-max Seat #4 is the button
Seat 1: rudenko.ya ($2.18 in chips) 
Seat 2: andrey_kasav ($1.30 in chips) 
Seat 3: WalterPinkman89 ($0.57 in chips) 
Seat 4: HungAngry ($0.86 in chips) 
Seat 5: cinar6868 ($0.04 in chips) 
Seat 6: cebrail1 ($1.86 in chips) 
Seat 7: Rad wings ($2.25 in chips) 
Seat 8: Dorex2007 ($3.64 in chips) 
Seat 9: Tucan008 ($2.04 in chips) 
cinar6868: posts small blind $0.01
cebrail1: posts big blind $0.02
*** HOLE CARDS ***
Dealt to Dorex2007 [Ac 7h]
Rad wings: folds 
Rad wings leaves the table
Dorex2007: folds 
Tucan008: folds 
rudenko.ya: folds 
andrey_kasav: raises $0.04 to $0.06
WalterPinkman89: folds 
HungAngry: folds 
European1000 joins the table at seat #7 
cinar6868: folds 
cebrail1: folds 
Uncalled bet ($0.04) returned to andrey_kasav
andrey_kasav collected $0.05 from pot
andrey_kasav: doesn't show hand 
*** SUMMARY ***
Total pot $0.05 | Rake $0 
Seat 1: rudenko.ya folded before Flop (didn't bet)
Seat 2: andrey_kasav collected ($0.05)
Seat 3: WalterPinkman89 folded before Flop (didn't bet)
Seat 4: HungAngry (button) folded before Flop (didn't bet)
Seat 5: cinar6868 (small blind) folded before Flop
Seat 6: cebrail1 (big blind) folded before Flop
Seat 7: Rad wings folded before Flop (didn't bet)
Seat 8: Dorex2007 folded before Flop (didn't bet)
Seat 9: Tucan008 folded before Flop (didn't bet)



