PokerStars Hand #224337854721:  Hold'em No Limit ($0.01/$0.02 USD) - 2021/02/28 20:32:36 PT [2021/02/28 23:32:36 ET]
Table 'Terradas' 9-max Seat #8 is the button
Seat 1: CCOROS ($0.66 in chips) 
Seat 2: Bassist2006 ($1.59 in chips) 
Seat 3: A102lex ($2.47 in chips) 
Seat 4: budweiservacay ($3.10 in chips) 
Seat 5: SlavikPuha ($2.68 in chips) 
Seat 6: Dorex2007 ($1.50 in chips) 
Seat 7: georgebigode ($3.05 in chips) 
Seat 8: w3sby ($2 in chips) 
Seat 9: baligo666 ($2.86 in chips) 
baligo666: posts small blind $0.01
CCOROS: posts big blind $0.02
Dorex2007: posts big blind $0.02
*** HOLE CARDS ***
Dealt to Dorex2007 [6d 5h]
Bassist2006: calls $0.02
A102lex: folds 
budweiservacay: folds 
SlavikPuha: folds 
Dorex2007: checks 
georgebigode: calls $0.02
w3sby: folds 
baligo666: raises $2.84 to $2.86 and is all-in
CCOROS: folds 
Bassist2006: calls $1.57 and is all-in
Dorex2007: folds 
georgebigode: folds 
Uncalled bet ($1.27) returned to baligo666
*** FLOP *** [2s Jh 7c]
*** TURN *** [2s Jh 7c] [Js]
*** RIVER *** [2s Jh 7c Js] [3d]
*** SHOW DOWN ***
baligo666: shows [Kc Ac] (a pair of Jacks)
Bassist2006: shows [Ah Ad] (two pair, Aces and Jacks)
Bassist2006 collected $3.13 from pot
*** SUMMARY ***
Total pot $3.24 | Rake $0.11 
Board [2s Jh 7c Js 3d]
Seat 1: CCOROS (big blind) folded before Flop
Seat 2: Bassist2006 showed [Ah Ad] and won ($3.13) with two pair, Aces and Jacks
Seat 3: A102lex folded before Flop (didn't bet)
Seat 4: budweiservacay folded before Flop (didn't bet)
Seat 5: SlavikPuha folded before Flop (didn't bet)
Seat 6: Dorex2007 folded before Flop (didn't bet)
Seat 7: georgebigode folded before Flop
Seat 8: w3sby (button) folded before Flop (didn't bet)
Seat 9: baligo666 (small blind) showed [Kc Ac] and lost with a pair of Jacks



PokerStars Hand #224337862522:  Hold'em No Limit ($0.01/$0.02 USD) - 2021/02/28 20:33:11 PT [2021/02/28 23:33:11 ET]
Table 'Terradas' 9-max Seat #9 is the button
Seat 1: CCOROS ($0.64 in chips) 
Seat 2: Bassist2006 ($3.13 in chips) 
Seat 3: A102lex ($2.47 in chips) 
Seat 4: budweiservacay ($3.10 in chips) 
Seat 5: SlavikPuha ($2.68 in chips) 
Seat 6: Dorex2007 ($1.48 in chips) 
Seat 7: georgebigode ($3.03 in chips) 
Seat 8: w3sby ($2 in chips) 
Seat 9: baligo666 ($1.27 in chips) 
CCOROS: posts small blind $0.01
Bassist2006: posts big blind $0.02
*** HOLE CARDS ***
Dealt to Dorex2007 [As 9c]
A102lex: folds 
budweiservacay: folds 
SlavikPuha: folds 
Dorex2007: folds 
georgebigode: folds 
w3sby: folds 
baligo666: raises $0.02 to $0.04
CCOROS: calls $0.03
Bassist2006: calls $0.02
*** FLOP *** [7h 7c 6c]
CCOROS: bets $0.06
Bassist2006: calls $0.06
baligo666: calls $0.06
*** TURN *** [7h 7c 6c] [6s]
CCOROS: bets $0.08
Bassist2006: calls $0.08
baligo666: calls $0.08
*** RIVER *** [7h 7c 6c 6s] [2c]
CCOROS: bets $0.08
Bassist2006: calls $0.08
baligo666: folds 
*** SHOW DOWN ***
CCOROS: shows [4s 6d] (a full house, Sixes full of Sevens)
Bassist2006: mucks hand 
CCOROS collected $0.68 from pot
*** SUMMARY ***
Total pot $0.70 | Rake $0.02 
Board [7h 7c 6c 6s 2c]
Seat 1: CCOROS (small blind) showed [4s 6d] and won ($0.68) with a full house, Sixes full of Sevens
Seat 2: Bassist2006 (big blind) mucked [Jd Jh]
Seat 3: A102lex folded before Flop (didn't bet)
Seat 4: budweiservacay folded before Flop (didn't bet)
Seat 5: SlavikPuha folded before Flop (didn't bet)
Seat 6: Dorex2007 folded before Flop (didn't bet)
Seat 7: georgebigode folded before Flop (didn't bet)
Seat 8: w3sby folded before Flop (didn't bet)
Seat 9: baligo666 (button) folded on the River



PokerStars Hand #224337878643:  Hold'em No Limit ($0.01/$0.02 USD) - 2021/02/28 20:33:59 PT [2021/02/28 23:33:59 ET]
Table 'Terradas' 9-max Seat #1 is the button
Seat 1: CCOROS ($1.06 in chips) 
Seat 2: Bassist2006 ($2.87 in chips) 
Seat 3: A102lex ($2.47 in chips) 
Seat 4: budweiservacay ($3.10 in chips) 
Seat 5: SlavikPuha ($2.68 in chips) 
Seat 6: Dorex2007 ($1.48 in chips) 
Seat 7: georgebigode ($3.03 in chips) 
Seat 8: w3sby ($2 in chips) 
Seat 9: baligo666 ($1.09 in chips) 
Bassist2006: posts small blind $0.01
A102lex: posts big blind $0.02
*** HOLE CARDS ***
Dealt to Dorex2007 [2s 7s]
budweiservacay: folds 
SlavikPuha: folds 
Dorex2007: folds 
georgebigode: calls $0.02
w3sby: calls $0.02
baligo666: calls $0.02
CCOROS: calls $0.02
Bassist2006: calls $0.01
A102lex: checks 
*** FLOP *** [2d 5h Ad]
Bassist2006: bets $0.02
A102lex: folds 
georgebigode: raises $0.08 to $0.10
w3sby: folds 
baligo666: folds 
CCOROS: raises $0.08 to $0.18
Bassist2006: calls $0.16
georgebigode: calls $0.08
*** TURN *** [2d 5h Ad] [8s]
Bassist2006: bets $0.02
georgebigode: calls $0.02
CCOROS: raises $0.16 to $0.18
Bassist2006: calls $0.16
georgebigode: calls $0.16
*** RIVER *** [2d 5h Ad 8s] [Td]
Bassist2006: bets $0.02
georgebigode: calls $0.02
CCOROS: calls $0.02
*** SHOW DOWN ***
Bassist2006: shows [Ac Jd] (a pair of Aces)
georgebigode: shows [Ah Jc] (a pair of Aces)
CCOROS: shows [5d 5c] (three of a kind, Fives)
CCOROS collected $1.22 from pot
*** SUMMARY ***
Total pot $1.26 | Rake $0.04 
Board [2d 5h Ad 8s Td]
Seat 1: CCOROS (button) showed [5d 5c] and won ($1.22) with three of a kind, Fives
Seat 2: Bassist2006 (small blind) showed [Ac Jd] and lost with a pair of Aces
Seat 3: A102lex (big blind) folded on the Flop
Seat 4: budweiservacay folded before Flop (didn't bet)
Seat 5: SlavikPuha folded before Flop (didn't bet)
Seat 6: Dorex2007 folded before Flop (didn't bet)
Seat 7: georgebigode showed [Ah Jc] and lost with a pair of Aces
Seat 8: w3sby folded on the Flop
Seat 9: baligo666 folded on the Flop



PokerStars Hand #224337900227:  Hold'em No Limit ($0.01/$0.02 USD) - 2021/02/28 20:35:14 PT [2021/02/28 23:35:14 ET]
Table 'Terradas' 9-max Seat #2 is the button
Seat 1: CCOROS ($1.88 in chips) 
Seat 2: Bassist2006 ($2.47 in chips) 
Seat 3: A102lex ($2.45 in chips) 
Seat 4: budweiservacay ($3.10 in chips) 
Seat 5: SlavikPuha ($2.68 in chips) 
Seat 6: Dorex2007 ($1.48 in chips) 
Seat 7: georgebigode ($2.63 in chips) 
Seat 8: w3sby ($2 in chips) 
Seat 9: baligo666 ($1.98 in chips) 
A102lex: posts small blind $0.01
budweiservacay: posts big blind $0.02
*** HOLE CARDS ***
Dealt to Dorex2007 [Qd Kh]
SlavikPuha: folds 
Dorex2007: raises $0.04 to $0.06
georgebigode: folds 
w3sby: folds 
baligo666: calls $0.06
CCOROS: folds 
Bassist2006: folds 
A102lex: folds 
budweiservacay: calls $0.04
*** FLOP *** [2s 9d 5c]
budweiservacay: checks 
Dorex2007: checks 
baligo666: checks 
*** TURN *** [2s 9d 5c] [3d]
budweiservacay: checks 
Dorex2007: checks 
baligo666: bets $0.11
budweiservacay: folds 
Dorex2007: folds 
Uncalled bet ($0.11) returned to baligo666
baligo666 collected $0.18 from pot
baligo666: doesn't show hand 
*** SUMMARY ***
Total pot $0.19 | Rake $0.01 
Board [2s 9d 5c 3d]
Seat 1: CCOROS folded before Flop (didn't bet)
Seat 2: Bassist2006 (button) folded before Flop (didn't bet)
Seat 3: A102lex (small blind) folded before Flop
Seat 4: budweiservacay (big blind) folded on the Turn
Seat 5: SlavikPuha folded before Flop (didn't bet)
Seat 6: Dorex2007 folded on the Turn
Seat 7: georgebigode folded before Flop (didn't bet)
Seat 8: w3sby folded before Flop (didn't bet)
Seat 9: baligo666 collected ($0.18)



PokerStars Hand #224337911496:  Hold'em No Limit ($0.01/$0.02 USD) - 2021/02/28 20:36:11 PT [2021/02/28 23:36:11 ET]
Table 'Terradas' 9-max Seat #3 is the button
Seat 1: CCOROS ($1.88 in chips) 
Seat 2: Bassist2006 ($2.47 in chips) 
Seat 3: A102lex ($2.44 in chips) 
Seat 4: budweiservacay ($3.04 in chips) 
Seat 5: SlavikPuha ($2.68 in chips) 
Seat 6: Dorex2007 ($1.42 in chips) 
Seat 7: georgebigode ($2.63 in chips) 
Seat 8: w3sby ($2 in chips) 
Seat 9: baligo666 ($2.10 in chips) 
budweiservacay: posts small blind $0.01
SlavikPuha: posts big blind $0.02
*** HOLE CARDS ***
Dealt to Dorex2007 [Ts 6s]
Dorex2007: folds 
georgebigode: folds 
w3sby: folds 
baligo666: folds 
CCOROS: raises $0.02 to $0.04
Bassist2006: calls $0.04
A102lex: folds 
budweiservacay: folds 
SlavikPuha: folds 
*** FLOP *** [9d 6d Kd]
CCOROS: checks 
Bassist2006: checks 
*** TURN *** [9d 6d Kd] [3s]
CCOROS: bets $0.04
Bassist2006: folds 
Uncalled bet ($0.04) returned to CCOROS
CCOROS collected $0.11 from pot
*** SUMMARY ***
Total pot $0.11 | Rake $0 
Board [9d 6d Kd 3s]
Seat 1: CCOROS collected ($0.11)
Seat 2: Bassist2006 folded on the Turn
Seat 3: A102lex (button) folded before Flop (didn't bet)
Seat 4: budweiservacay (small blind) folded before Flop
Seat 5: SlavikPuha (big blind) folded before Flop
Seat 6: Dorex2007 folded before Flop (didn't bet)
Seat 7: georgebigode folded before Flop (didn't bet)
Seat 8: w3sby folded before Flop (didn't bet)
Seat 9: baligo666 folded before Flop (didn't bet)



PokerStars Hand #224337919823:  Hold'em No Limit ($0.01/$0.02 USD) - 2021/02/28 20:36:53 PT [2021/02/28 23:36:53 ET]
Table 'Terradas' 9-max Seat #4 is the button
Seat 1: CCOROS ($1.95 in chips) 
Seat 2: Bassist2006 ($2.43 in chips) 
Seat 3: A102lex ($2.44 in chips) 
Seat 4: budweiservacay ($3.03 in chips) 
Seat 5: SlavikPuha ($2.66 in chips) 
Seat 6: Dorex2007 ($1.42 in chips) 
Seat 7: georgebigode ($2.63 in chips) 
Seat 8: w3sby ($2 in chips) 
Seat 9: baligo666 ($2.10 in chips) 
SlavikPuha: posts small blind $0.01
Dorex2007: posts big blind $0.02
*** HOLE CARDS ***
Dealt to Dorex2007 [8d 2c]
georgebigode: folds 
w3sby: folds 
baligo666: folds 
CCOROS: folds 
Bassist2006: calls $0.02
A102lex: calls $0.02
budweiservacay: folds 
SlavikPuha: raises $0.08 to $0.10
Dorex2007: folds 
Bassist2006: folds 
A102lex: folds 
Uncalled bet ($0.08) returned to SlavikPuha
SlavikPuha collected $0.08 from pot
SlavikPuha: doesn't show hand 
*** SUMMARY ***
Total pot $0.08 | Rake $0 
Seat 1: CCOROS folded before Flop (didn't bet)
Seat 2: Bassist2006 folded before Flop
Seat 3: A102lex folded before Flop
Seat 4: budweiservacay (button) folded before Flop (didn't bet)
Seat 5: SlavikPuha (small blind) collected ($0.08)
Seat 6: Dorex2007 (big blind) folded before Flop
Seat 7: georgebigode folded before Flop (didn't bet)
Seat 8: w3sby folded before Flop (didn't bet)
Seat 9: baligo666 folded before Flop (didn't bet)



PokerStars Hand #224337926900:  Hold'em No Limit ($0.01/$0.02 USD) - 2021/02/28 20:37:28 PT [2021/02/28 23:37:28 ET]
Table 'Terradas' 9-max Seat #5 is the button
Seat 1: CCOROS ($1.95 in chips) 
Seat 2: Bassist2006 ($2.41 in chips) 
Seat 3: A102lex ($2.42 in chips) 
Seat 4: budweiservacay ($3.03 in chips) 
Seat 5: SlavikPuha ($2.72 in chips) 
Seat 6: Dorex2007 ($1.40 in chips) 
Seat 7: georgebigode ($2.63 in chips) 
Seat 8: w3sby ($2 in chips) 
Seat 9: baligo666 ($2.10 in chips) 
Dorex2007: posts small blind $0.01
georgebigode: posts big blind $0.02
*** HOLE CARDS ***
Dealt to Dorex2007 [8c 6c]
w3sby: folds 
baligo666: folds 
CCOROS: folds 
Bassist2006: calls $0.02
A102lex: folds 
budweiservacay: folds 
SlavikPuha: folds 
Dorex2007: folds 
georgebigode: checks 
*** FLOP *** [7c 8d Kd]
georgebigode: checks 
Bassist2006: checks 
*** TURN *** [7c 8d Kd] [9s]
georgebigode: bets $0.02
Bassist2006: calls $0.02
*** RIVER *** [7c 8d Kd 9s] [9h]
georgebigode: bets $0.02
Bassist2006: calls $0.02
*** SHOW DOWN ***
georgebigode: shows [7s 6d] (two pair, Nines and Sevens)
Bassist2006: mucks hand 
georgebigode collected $0.13 from pot
*** SUMMARY ***
Total pot $0.13 | Rake $0 
Board [7c 8d Kd 9s 9h]
Seat 1: CCOROS folded before Flop (didn't bet)
Seat 2: Bassist2006 mucked [3d 5h]
Seat 3: A102lex folded before Flop (didn't bet)
Seat 4: budweiservacay folded before Flop (didn't bet)
Seat 5: SlavikPuha (button) folded before Flop (didn't bet)
Seat 6: Dorex2007 (small blind) folded before Flop
Seat 7: georgebigode (big blind) showed [7s 6d] and won ($0.13) with two pair, Nines and Sevens
Seat 8: w3sby folded before Flop (didn't bet)
Seat 9: baligo666 folded before Flop (didn't bet)



PokerStars Hand #224337935349:  Hold'em No Limit ($0.01/$0.02 USD) - 2021/02/28 20:38:11 PT [2021/02/28 23:38:11 ET]
Table 'Terradas' 9-max Seat #6 is the button
Seat 1: CCOROS ($1.95 in chips) 
Seat 2: Bassist2006 ($2.35 in chips) 
Seat 3: A102lex ($2.42 in chips) 
Seat 4: budweiservacay ($3.03 in chips) 
Seat 5: SlavikPuha ($2.72 in chips) 
Seat 6: Dorex2007 ($1.39 in chips) 
Seat 7: georgebigode ($2.70 in chips) 
Seat 8: w3sby ($2 in chips) 
Seat 9: baligo666 ($2.10 in chips) 
georgebigode: posts small blind $0.01
w3sby: posts big blind $0.02
*** HOLE CARDS ***
Dealt to Dorex2007 [Kd Jc]
baligo666: folds 
CCOROS: raises $0.02 to $0.04
Bassist2006: calls $0.04
A102lex: folds 
budweiservacay: raises $0.10 to $0.14
SlavikPuha: folds 
Dorex2007: folds 
georgebigode: folds 
w3sby: folds 
CCOROS: folds 
Bassist2006: calls $0.10
*** FLOP *** [5h Ad 4h]
Bassist2006: checks 
budweiservacay: bets $0.17
Bassist2006: folds 
Uncalled bet ($0.17) returned to budweiservacay
budweiservacay collected $0.34 from pot
budweiservacay: doesn't show hand 
*** SUMMARY ***
Total pot $0.35 | Rake $0.01 
Board [5h Ad 4h]
Seat 1: CCOROS folded before Flop
Seat 2: Bassist2006 folded on the Flop
Seat 3: A102lex folded before Flop (didn't bet)
Seat 4: budweiservacay collected ($0.34)
Seat 5: SlavikPuha folded before Flop (didn't bet)
Seat 6: Dorex2007 (button) folded before Flop (didn't bet)
Seat 7: georgebigode (small blind) folded before Flop
Seat 8: w3sby (big blind) folded before Flop
Seat 9: baligo666 folded before Flop (didn't bet)



PokerStars Hand #224337941710:  Hold'em No Limit ($0.01/$0.02 USD) - 2021/02/28 20:38:43 PT [2021/02/28 23:38:43 ET]
Table 'Terradas' 9-max Seat #7 is the button
Seat 1: CCOROS ($1.91 in chips) 
Seat 2: Bassist2006 ($2.21 in chips) 
Seat 3: A102lex ($2.42 in chips) 
Seat 4: budweiservacay ($3.23 in chips) 
Seat 5: SlavikPuha ($2.72 in chips) 
Seat 6: Dorex2007 ($1.39 in chips) 
Seat 7: georgebigode ($2.69 in chips) 
Seat 8: w3sby ($2 in chips) 
Seat 9: baligo666 ($2.10 in chips) 
w3sby: posts small blind $0.01
baligo666: posts big blind $0.02
*** HOLE CARDS ***
Dealt to Dorex2007 [9h 4d]
CCOROS: folds 
Bassist2006: calls $0.02
A102lex: folds 
budweiservacay: raises $0.04 to $0.06
SlavikPuha: folds 
Dorex2007: folds 
georgebigode: folds 
w3sby: folds 
baligo666: folds 
Bassist2006: calls $0.04
*** FLOP *** [Kh 9s 2c]
Bassist2006: checks 
budweiservacay: checks 
*** TURN *** [Kh 9s 2c] [Qs]
Bassist2006: checks 
budweiservacay: bets $0.14
Bassist2006: calls $0.14
*** RIVER *** [Kh 9s 2c Qs] [Jc]
Bassist2006: bets $0.02
budweiservacay: raises $0.45 to $0.47
Bassist2006: calls $0.45
*** SHOW DOWN ***
budweiservacay: shows [Ad Ac] (a pair of Aces)
Bassist2006: shows [Qc 2s] (two pair, Queens and Deuces)
Bassist2006 collected $1.32 from pot
*** SUMMARY ***
Total pot $1.37 | Rake $0.05 
Board [Kh 9s 2c Qs Jc]
Seat 1: CCOROS folded before Flop (didn't bet)
Seat 2: Bassist2006 showed [Qc 2s] and won ($1.32) with two pair, Queens and Deuces
Seat 3: A102lex folded before Flop (didn't bet)
Seat 4: budweiservacay showed [Ad Ac] and lost with a pair of Aces
Seat 5: SlavikPuha folded before Flop (didn't bet)
Seat 6: Dorex2007 folded before Flop (didn't bet)
Seat 7: georgebigode (button) folded before Flop (didn't bet)
Seat 8: w3sby (small blind) folded before Flop
Seat 9: baligo666 (big blind) folded before Flop



PokerStars Hand #224337955389:  Hold'em No Limit ($0.01/$0.02 USD) - 2021/02/28 20:39:28 PT [2021/02/28 23:39:28 ET]
Table 'Terradas' 9-max Seat #8 is the button
Seat 1: CCOROS ($1.91 in chips) 
Seat 2: Bassist2006 ($2.86 in chips) 
Seat 3: A102lex ($2.42 in chips) 
Seat 4: budweiservacay ($2.56 in chips) 
Seat 5: SlavikPuha ($2.72 in chips) 
Seat 6: Dorex2007 ($1.39 in chips) 
Seat 7: georgebigode ($2.69 in chips) 
Seat 8: w3sby ($2 in chips) 
Seat 9: baligo666 ($2.08 in chips) 
baligo666: posts small blind $0.01
CCOROS: posts big blind $0.02
*** HOLE CARDS ***
Dealt to Dorex2007 [Ac 7h]
Bassist2006: calls $0.02
A102lex: folds 
budweiservacay: folds 
SlavikPuha: raises $0.04 to $0.06
Dorex2007: folds 
georgebigode: folds 
w3sby: folds 
baligo666: calls $0.05
CCOROS: calls $0.04
Bassist2006: calls $0.04
*** FLOP *** [Kh Qc 3d]
baligo666: checks 
CCOROS: checks 
Bassist2006: checks 
SlavikPuha: checks 
*** TURN *** [Kh Qc 3d] [8s]
baligo666: bets $0.05
CCOROS: folds 
Bassist2006: calls $0.05
SlavikPuha: calls $0.05
*** RIVER *** [Kh Qc 3d 8s] [6c]
baligo666: bets $0.19
Bassist2006: folds 
SlavikPuha: folds 
Uncalled bet ($0.19) returned to baligo666
baligo666 collected $0.38 from pot
baligo666: doesn't show hand 
*** SUMMARY ***
Total pot $0.39 | Rake $0.01 
Board [Kh Qc 3d 8s 6c]
Seat 1: CCOROS (big blind) folded on the Turn
Seat 2: Bassist2006 folded on the River
Seat 3: A102lex folded before Flop (didn't bet)
Seat 4: budweiservacay folded before Flop (didn't bet)
Seat 5: SlavikPuha folded on the River
Seat 6: Dorex2007 folded before Flop (didn't bet)
Seat 7: georgebigode folded before Flop (didn't bet)
Seat 8: w3sby (button) folded before Flop (didn't bet)
Seat 9: baligo666 (small blind) collected ($0.38)



PokerStars Hand #224337967552:  Hold'em No Limit ($0.01/$0.02 USD) - 2021/02/28 20:40:29 PT [2021/02/28 23:40:29 ET]
Table 'Terradas' 9-max Seat #9 is the button
Seat 1: CCOROS ($1.85 in chips) 
Seat 2: Bassist2006 ($2.75 in chips) 
Seat 3: A102lex ($2.42 in chips) 
Seat 4: budweiservacay ($2.56 in chips) 
Seat 5: SlavikPuha ($2.61 in chips) 
Seat 6: Dorex2007 ($1.39 in chips) 
Seat 7: georgebigode ($2.69 in chips) 
Seat 8: w3sby ($2 in chips) 
Seat 9: baligo666 ($2.35 in chips) 
CCOROS: posts small blind $0.01
Bassist2006: posts big blind $0.02
*** HOLE CARDS ***
Dealt to Dorex2007 [2c 7d]
A102lex: folds 
budweiservacay: raises $0.04 to $0.06
SlavikPuha: calls $0.06
Dorex2007: folds 
georgebigode: folds 
w3sby: folds 
baligo666: calls $0.06
CCOROS: calls $0.05
Bassist2006: calls $0.04
*** FLOP *** [Ts 9h 5c]
CCOROS: checks 
Bassist2006: checks 
budweiservacay: bets $0.15
SlavikPuha: folds 
baligo666: calls $0.15
CCOROS: folds 
Bassist2006: calls $0.15
*** TURN *** [Ts 9h 5c] [Jd]
Bassist2006: checks 
budweiservacay: bets $2.35 and is all-in
baligo666: folds 
Bassist2006: folds 
Uncalled bet ($2.35) returned to budweiservacay
budweiservacay collected $0.72 from pot
budweiservacay: doesn't show hand 
*** SUMMARY ***
Total pot $0.75 | Rake $0.03 
Board [Ts 9h 5c Jd]
Seat 1: CCOROS (small blind) folded on the Flop
Seat 2: Bassist2006 (big blind) folded on the Turn
Seat 3: A102lex folded before Flop (didn't bet)
Seat 4: budweiservacay collected ($0.72)
Seat 5: SlavikPuha folded on the Flop
Seat 6: Dorex2007 folded before Flop (didn't bet)
Seat 7: georgebigode folded before Flop (didn't bet)
Seat 8: w3sby folded before Flop (didn't bet)
Seat 9: baligo666 (button) folded on the Turn



PokerStars Hand #224337980360:  Hold'em No Limit ($0.01/$0.02 USD) - 2021/02/28 20:41:34 PT [2021/02/28 23:41:34 ET]
Table 'Terradas' 9-max Seat #1 is the button
Seat 1: CCOROS ($1.79 in chips) 
Seat 2: Bassist2006 ($2.54 in chips) 
Seat 3: A102lex ($2.42 in chips) 
Seat 4: budweiservacay ($3.07 in chips) 
Seat 5: SlavikPuha ($2.55 in chips) 
Seat 6: Dorex2007 ($1.39 in chips) 
Seat 7: georgebigode ($2.69 in chips) 
Seat 8: w3sby ($2 in chips) 
Seat 9: baligo666 ($2.14 in chips) 
Bassist2006: posts small blind $0.01
A102lex: posts big blind $0.02
*** HOLE CARDS ***
Dealt to Dorex2007 [7d Jd]
budweiservacay: folds 
SlavikPuha: folds 
Dorex2007: folds 
georgebigode: raises $0.04 to $0.06
w3sby: folds 
baligo666: folds 
CCOROS: folds 
Bassist2006: calls $0.05
A102lex: calls $0.04
*** FLOP *** [9h 5s 3d]
Bassist2006: checks 
A102lex: checks 
georgebigode: bets $0.10
Bassist2006: calls $0.10
A102lex: folds 
*** TURN *** [9h 5s 3d] [6h]
Bassist2006: checks 
georgebigode: checks 
*** RIVER *** [9h 5s 3d 6h] [3c]
Bassist2006: checks 
georgebigode: checks 
*** SHOW DOWN ***
Bassist2006: shows [2c 6d] (two pair, Sixes and Threes)
georgebigode: mucks hand 
Bassist2006 collected $0.37 from pot
*** SUMMARY ***
Total pot $0.38 | Rake $0.01 
Board [9h 5s 3d 6h 3c]
Seat 1: CCOROS (button) folded before Flop (didn't bet)
Seat 2: Bassist2006 (small blind) showed [2c 6d] and won ($0.37) with two pair, Sixes and Threes
Seat 3: A102lex (big blind) folded on the Flop
Seat 4: budweiservacay folded before Flop (didn't bet)
Seat 5: SlavikPuha folded before Flop (didn't bet)
Seat 6: Dorex2007 folded before Flop (didn't bet)
Seat 7: georgebigode mucked [Ad Ks]
Seat 8: w3sby folded before Flop (didn't bet)
Seat 9: baligo666 folded before Flop (didn't bet)



PokerStars Hand #224337991804:  Hold'em No Limit ($0.01/$0.02 USD) - 2021/02/28 20:42:31 PT [2021/02/28 23:42:31 ET]
Table 'Terradas' 9-max Seat #2 is the button
Seat 1: CCOROS ($1.79 in chips) 
Seat 2: Bassist2006 ($2.75 in chips) 
Seat 3: A102lex ($2.36 in chips) 
Seat 4: budweiservacay ($3.07 in chips) 
Seat 5: SlavikPuha ($2.55 in chips) 
Seat 6: Dorex2007 ($1.39 in chips) 
Seat 7: georgebigode ($2.53 in chips) 
Seat 8: w3sby ($2 in chips) 
Seat 9: baligo666 ($2.14 in chips) 
A102lex: posts small blind $0.01
budweiservacay: posts big blind $0.02
*** HOLE CARDS ***
Dealt to Dorex2007 [As 4c]
SlavikPuha: folds 
Dorex2007: folds 
georgebigode: folds 
w3sby: folds 
baligo666: calls $0.02
CCOROS: calls $0.02
Bassist2006: calls $0.02
A102lex: calls $0.01
budweiservacay: checks 
*** FLOP *** [Kh Qs 5d]
A102lex: checks 
budweiservacay: bets $0.10
baligo666: calls $0.10
CCOROS: folds 
Bassist2006: folds 
A102lex: calls $0.10
*** TURN *** [Kh Qs 5d] [2s]
A102lex: checks 
budweiservacay: checks 
baligo666: bets $0.10
A102lex: calls $0.10
budweiservacay: calls $0.10
*** RIVER *** [Kh Qs 5d 2s] [7d]
A102lex: checks 
budweiservacay: bets $0.68
baligo666: calls $0.68
A102lex: folds 
*** SHOW DOWN ***
budweiservacay: shows [5h 7s] (two pair, Sevens and Fives)
baligo666: mucks hand 
budweiservacay collected $1.99 from pot
*** SUMMARY ***
Total pot $2.06 | Rake $0.07 
Board [Kh Qs 5d 2s 7d]
Seat 1: CCOROS folded on the Flop
Seat 2: Bassist2006 (button) folded on the Flop
Seat 3: A102lex (small blind) folded on the River
Seat 4: budweiservacay (big blind) showed [5h 7s] and won ($1.99) with two pair, Sevens and Fives
Seat 5: SlavikPuha folded before Flop (didn't bet)
Seat 6: Dorex2007 folded before Flop (didn't bet)
Seat 7: georgebigode folded before Flop (didn't bet)
Seat 8: w3sby folded before Flop (didn't bet)
Seat 9: baligo666 mucked [Kd 9h]



PokerStars Hand #224338006997:  Hold'em No Limit ($0.01/$0.02 USD) - 2021/02/28 20:43:50 PT [2021/02/28 23:43:50 ET]
Table 'Terradas' 9-max Seat #3 is the button
Seat 1: CCOROS ($1.77 in chips) 
Seat 2: Bassist2006 ($2.73 in chips) 
Seat 3: A102lex ($2.14 in chips) 
Seat 4: budweiservacay ($4.16 in chips) 
Seat 5: SlavikPuha ($2.55 in chips) 
Seat 6: Dorex2007 ($1.39 in chips) 
Seat 7: georgebigode ($2.53 in chips) 
Seat 8: w3sby ($2 in chips) 
Seat 9: baligo666 ($1.24 in chips) 
budweiservacay: posts small blind $0.01
SlavikPuha: posts big blind $0.02
*** HOLE CARDS ***
Dealt to Dorex2007 [7s Ah]
Dorex2007: folds 
georgebigode: calls $0.02
w3sby: folds 
baligo666: folds 
CCOROS: raises $0.02 to $0.04
Bassist2006: calls $0.04
A102lex: folds 
budweiservacay: folds 
SlavikPuha: calls $0.02
georgebigode: calls $0.02
*** FLOP *** [As 7d 2d]
SlavikPuha: checks 
georgebigode: checks 
CCOROS: bets $0.06
Bassist2006: calls $0.06
SlavikPuha: folds 
georgebigode: folds 
*** TURN *** [As 7d 2d] [3h]
CCOROS: checks 
Bassist2006: checks 
*** RIVER *** [As 7d 2d 3h] [5d]
CCOROS: bets $0.08
Bassist2006: calls $0.08
*** SHOW DOWN ***
CCOROS: shows [Td Jd] (a flush, Jack high)
Bassist2006: mucks hand 
CCOROS collected $0.43 from pot
*** SUMMARY ***
Total pot $0.45 | Rake $0.02 
Board [As 7d 2d 3h 5d]
Seat 1: CCOROS showed [Td Jd] and won ($0.43) with a flush, Jack high
Seat 2: Bassist2006 mucked [Ad Kh]
Seat 3: A102lex (button) folded before Flop (didn't bet)
Seat 4: budweiservacay (small blind) folded before Flop
Seat 5: SlavikPuha (big blind) folded on the Flop
Seat 6: Dorex2007 folded before Flop (didn't bet)
Seat 7: georgebigode folded on the Flop
Seat 8: w3sby folded before Flop (didn't bet)
Seat 9: baligo666 folded before Flop (didn't bet)



PokerStars Hand #224338015849:  Hold'em No Limit ($0.01/$0.02 USD) - 2021/02/28 20:44:35 PT [2021/02/28 23:44:35 ET]
Table 'Terradas' 9-max Seat #4 is the button
Seat 1: CCOROS ($2.02 in chips) 
Seat 2: Bassist2006 ($2.55 in chips) 
Seat 3: A102lex ($2.14 in chips) 
Seat 4: budweiservacay ($4.15 in chips) 
Seat 5: SlavikPuha ($2.51 in chips) 
Seat 6: Dorex2007 ($1.39 in chips) 
Seat 7: georgebigode ($2.49 in chips) 
Seat 8: w3sby ($2 in chips) 
Seat 9: baligo666 ($1.24 in chips) 
SlavikPuha: posts small blind $0.01
Dorex2007: posts big blind $0.02
*** HOLE CARDS ***
Dealt to Dorex2007 [Qs Kd]
georgebigode: folds 
w3sby: folds 
baligo666: calls $0.02
CCOROS: folds 
Bassist2006: calls $0.02
A102lex: folds 
budweiservacay: folds 
SlavikPuha: folds 
Dorex2007: checks 
*** FLOP *** [6h 9s 4d]
Dorex2007: checks 
baligo666: checks 
Bassist2006: checks 
*** TURN *** [6h 9s 4d] [5c]
Dorex2007: checks 
baligo666: checks 
Bassist2006: checks 
*** RIVER *** [6h 9s 4d 5c] [3d]
Dorex2007: checks 
baligo666: bets $0.07
Bassist2006: calls $0.07
Dorex2007: folds 
*** SHOW DOWN ***
baligo666: shows [Jh 7h] (a straight, Three to Seven)
Bassist2006: mucks hand 
baligo666 collected $0.20 from pot
*** SUMMARY ***
Total pot $0.21 | Rake $0.01 
Board [6h 9s 4d 5c 3d]
Seat 1: CCOROS folded before Flop (didn't bet)
Seat 2: Bassist2006 mucked [4c Ts]
Seat 3: A102lex folded before Flop (didn't bet)
Seat 4: budweiservacay (button) folded before Flop (didn't bet)
Seat 5: SlavikPuha (small blind) folded before Flop
Seat 6: Dorex2007 (big blind) folded on the River
Seat 7: georgebigode folded before Flop (didn't bet)
Seat 8: w3sby folded before Flop (didn't bet)
Seat 9: baligo666 showed [Jh 7h] and won ($0.20) with a straight, Three to Seven



PokerStars Hand #224338026522:  Hold'em No Limit ($0.01/$0.02 USD) - 2021/02/28 20:45:31 PT [2021/02/28 23:45:31 ET]
Table 'Terradas' 9-max Seat #5 is the button
Seat 1: CCOROS ($2.02 in chips) 
Seat 2: Bassist2006 ($2.46 in chips) 
Seat 3: A102lex ($2.14 in chips) 
Seat 4: budweiservacay ($4.15 in chips) 
Seat 5: SlavikPuha ($2.50 in chips) 
Seat 6: Dorex2007 ($1.37 in chips) 
Seat 7: georgebigode ($2.49 in chips) 
Seat 8: w3sby ($2 in chips) 
Seat 9: baligo666 ($1.35 in chips) 
Dorex2007: posts small blind $0.01
georgebigode: posts big blind $0.02
*** HOLE CARDS ***
Dealt to Dorex2007 [9d 6c]
w3sby: folds 
baligo666: folds 
CCOROS: raises $0.04 to $0.06
Bassist2006: calls $0.06
A102lex: folds 
budweiservacay: folds 
SlavikPuha: calls $0.06
Dorex2007: folds 
georgebigode: calls $0.04
*** FLOP *** [6h 6s 7h]
georgebigode: checks 
CCOROS: bets $0.06
Bassist2006: calls $0.06
SlavikPuha: calls $0.06
georgebigode: calls $0.06
*** TURN *** [6h 6s 7h] [5d]
georgebigode: checks 
CCOROS: checks 
Bassist2006: checks 
SlavikPuha: bets $0.24
georgebigode: calls $0.24
CCOROS: folds 
Bassist2006: calls $0.24
*** RIVER *** [6h 6s 7h 5d] [Jh]
georgebigode: checks 
Bassist2006: bets $0.02
SlavikPuha: calls $0.02
georgebigode: raises $0.08 to $0.10
Bassist2006: calls $0.08
SlavikPuha: folds 
*** SHOW DOWN ***
georgebigode: shows [5h 5s] (a full house, Fives full of Sixes)
Bassist2006: mucks hand 
georgebigode collected $1.38 from pot
*** SUMMARY ***
Total pot $1.43 | Rake $0.05 
Board [6h 6s 7h 5d Jh]
Seat 1: CCOROS folded on the Turn
Seat 2: Bassist2006 mucked [3s 4h]
Seat 3: A102lex folded before Flop (didn't bet)
Seat 4: budweiservacay folded before Flop (didn't bet)
Seat 5: SlavikPuha (button) folded on the River
Seat 6: Dorex2007 (small blind) folded before Flop
Seat 7: georgebigode (big blind) showed [5h 5s] and won ($1.38) with a full house, Fives full of Sixes
Seat 8: w3sby folded before Flop (didn't bet)
Seat 9: baligo666 folded before Flop (didn't bet)



PokerStars Hand #224338042576:  Hold'em No Limit ($0.01/$0.02 USD) - 2021/02/28 20:46:55 PT [2021/02/28 23:46:55 ET]
Table 'Terradas' 9-max Seat #6 is the button
Seat 1: CCOROS ($1.90 in chips) 
Seat 2: Bassist2006 ($2 in chips) 
Seat 3: A102lex ($2.14 in chips) 
Seat 4: budweiservacay ($4.15 in chips) 
Seat 5: SlavikPuha ($2.12 in chips) 
Seat 6: Dorex2007 ($1.36 in chips) 
Seat 7: georgebigode ($3.41 in chips) 
Seat 8: w3sby ($2 in chips) 
Seat 9: baligo666 ($1.35 in chips) 
georgebigode: posts small blind $0.01
w3sby: posts big blind $0.02
*** HOLE CARDS ***
Dealt to Dorex2007 [Kh 8h]
baligo666: folds 
CCOROS: raises $0.04 to $0.06
Bassist2006: calls $0.06
A102lex: folds 
budweiservacay: folds 
SlavikPuha: calls $0.06
Dorex2007: folds 
georgebigode: folds 
w3sby: folds 
*** FLOP *** [7d Js 8c]
CCOROS: checks 
Bassist2006: checks 
SlavikPuha: bets $0.10
CCOROS: calls $0.10
Bassist2006: calls $0.10
*** TURN *** [7d Js 8c] [Kd]
CCOROS: checks 
Bassist2006: checks 
SlavikPuha: checks 
*** RIVER *** [7d Js 8c Kd] [8s]
CCOROS: checks 
Bassist2006: checks 
SlavikPuha: checks 
*** SHOW DOWN ***
CCOROS: shows [Ah Th] (a pair of Eights)
Bassist2006: shows [7c As] (two pair, Eights and Sevens)
SlavikPuha: mucks hand 
Bassist2006 collected $0.49 from pot
*** SUMMARY ***
Total pot $0.51 | Rake $0.02 
Board [7d Js 8c Kd 8s]
Seat 1: CCOROS showed [Ah Th] and lost with a pair of Eights
Seat 2: Bassist2006 showed [7c As] and won ($0.49) with two pair, Eights and Sevens
Seat 3: A102lex folded before Flop (didn't bet)
Seat 4: budweiservacay folded before Flop (didn't bet)
Seat 5: SlavikPuha mucked [9s 6s]
Seat 6: Dorex2007 (button) folded before Flop (didn't bet)
Seat 7: georgebigode (small blind) folded before Flop
Seat 8: w3sby (big blind) folded before Flop
Seat 9: baligo666 folded before Flop (didn't bet)



PokerStars Hand #224338051679:  Hold'em No Limit ($0.01/$0.02 USD) - 2021/02/28 20:47:43 PT [2021/02/28 23:47:43 ET]
Table 'Terradas' 9-max Seat #7 is the button
Seat 1: CCOROS ($1.74 in chips) 
Seat 2: Bassist2006 ($2.33 in chips) 
Seat 3: A102lex ($2.14 in chips) 
Seat 4: budweiservacay ($4.15 in chips) 
Seat 5: SlavikPuha ($2 in chips) 
Seat 6: Dorex2007 ($1.36 in chips) 
Seat 7: georgebigode ($3.40 in chips) 
Seat 8: w3sby ($2 in chips) 
Seat 9: baligo666 ($1.35 in chips) 
w3sby: posts small blind $0.01
baligo666: posts big blind $0.02
*** HOLE CARDS ***
Dealt to Dorex2007 [5h 8h]
CCOROS: raises $0.02 to $0.04
Bassist2006: calls $0.04
A102lex: folds 
budweiservacay: raises $0.15 to $0.19
SlavikPuha: folds 
Dorex2007: folds 
georgebigode: folds 
w3sby: folds 
baligo666: calls $0.17
CCOROS: folds 
Bassist2006: folds 
*** FLOP *** [5c 3d 8d]
baligo666: checks 
budweiservacay: checks 
*** TURN *** [5c 3d 8d] [6c]
baligo666: checks 
budweiservacay: bets $0.45
baligo666: raises $0.71 to $1.16 and is all-in
budweiservacay: calls $0.71
*** RIVER *** [5c 3d 8d 6c] [Tc]
*** SHOW DOWN ***
baligo666: shows [As Jc] (high card Ace)
budweiservacay: shows [Js Ah] (high card Ace)
baligo666 collected $1.35 from pot
budweiservacay collected $1.34 from pot
*** SUMMARY ***
Total pot $2.79 | Rake $0.10 
Board [5c 3d 8d 6c Tc]
Seat 1: CCOROS folded before Flop
Seat 2: Bassist2006 folded before Flop
Seat 3: A102lex folded before Flop (didn't bet)
Seat 4: budweiservacay showed [Js Ah] and won ($1.34) with high card Ace
Seat 5: SlavikPuha folded before Flop (didn't bet)
Seat 6: Dorex2007 folded before Flop (didn't bet)
Seat 7: georgebigode (button) folded before Flop (didn't bet)
Seat 8: w3sby (small blind) folded before Flop
Seat 9: baligo666 (big blind) showed [As Jc] and won ($1.35) with high card Ace



PokerStars Hand #224338064365:  Hold'em No Limit ($0.01/$0.02 USD) - 2021/02/28 20:48:50 PT [2021/02/28 23:48:50 ET]
Table 'Terradas' 9-max Seat #8 is the button
Seat 1: CCOROS ($1.70 in chips) 
Seat 2: Bassist2006 ($2.29 in chips) 
Seat 3: A102lex ($2.14 in chips) 
Seat 4: budweiservacay ($4.14 in chips) 
Seat 5: SlavikPuha ($2 in chips) 
Seat 6: Dorex2007 ($1.36 in chips) 
Seat 7: georgebigode ($3.40 in chips) 
Seat 8: w3sby ($2 in chips) 
Seat 9: baligo666 ($1.35 in chips) 
baligo666: posts small blind $0.01
CCOROS: posts big blind $0.02
*** HOLE CARDS ***
Dealt to Dorex2007 [6d Kh]
Bassist2006: calls $0.02
A102lex: folds 
budweiservacay: folds 
SlavikPuha: raises $0.04 to $0.06
Dorex2007: folds 
georgebigode: folds 
w3sby: folds 
baligo666: calls $0.05
CCOROS: calls $0.04
Bassist2006: calls $0.04
*** FLOP *** [7h Js 7s]
baligo666: checks 
CCOROS: checks 
Bassist2006: bets $0.02
SlavikPuha: calls $0.02
baligo666: calls $0.02
CCOROS: calls $0.02
*** TURN *** [7h Js 7s] [2s]
baligo666: checks 
CCOROS: checks 
Bassist2006: checks 
SlavikPuha: checks 
*** RIVER *** [7h Js 7s 2s] [5s]
baligo666: checks 
CCOROS: bets $0.06
Bassist2006: raises $0.06 to $0.12
SlavikPuha: folds 
baligo666: folds 
CCOROS: calls $0.06
*** SHOW DOWN ***
Bassist2006: shows [Tc 7d] (three of a kind, Sevens)
CCOROS: shows [5c 9s] (a flush, Jack high)
CCOROS collected $0.54 from pot
*** SUMMARY ***
Total pot $0.56 | Rake $0.02 
Board [7h Js 7s 2s 5s]
Seat 1: CCOROS (big blind) showed [5c 9s] and won ($0.54) with a flush, Jack high
Seat 2: Bassist2006 showed [Tc 7d] and lost with three of a kind, Sevens
Seat 3: A102lex folded before Flop (didn't bet)
Seat 4: budweiservacay folded before Flop (didn't bet)
Seat 5: SlavikPuha folded on the River
Seat 6: Dorex2007 folded before Flop (didn't bet)
Seat 7: georgebigode folded before Flop (didn't bet)
Seat 8: w3sby (button) folded before Flop (didn't bet)
Seat 9: baligo666 (small blind) folded on the River



PokerStars Hand #224338074105:  Hold'em No Limit ($0.01/$0.02 USD) - 2021/02/28 20:49:42 PT [2021/02/28 23:49:42 ET]
Table 'Terradas' 9-max Seat #9 is the button
Seat 1: CCOROS ($2.04 in chips) 
Seat 2: Bassist2006 ($2.09 in chips) 
Seat 3: A102lex ($2.14 in chips) 
Seat 4: budweiservacay ($4.14 in chips) 
Seat 5: SlavikPuha ($2 in chips) 
Seat 6: Dorex2007 ($1.36 in chips) 
Seat 7: georgebigode ($3.40 in chips) 
Seat 8: w3sby ($2 in chips) 
Seat 9: baligo666 ($1.27 in chips) 
CCOROS: posts small blind $0.01
Bassist2006: posts big blind $0.02
*** HOLE CARDS ***
Dealt to Dorex2007 [5d 4s]
A102lex: folds 
budweiservacay: raises $0.05 to $0.07
SlavikPuha: calls $0.07
Dorex2007: folds 
georgebigode: folds 
w3sby: calls $0.07
baligo666: folds 
CCOROS: folds 
Bassist2006: calls $0.05
*** FLOP *** [6s 5s 7d]
Bassist2006: checks 
budweiservacay: checks 
SlavikPuha: checks 
w3sby: bets $0.20
Bassist2006: calls $0.20
budweiservacay: folds 
SlavikPuha: folds 
*** TURN *** [6s 5s 7d] [Th]
Bassist2006: checks 
w3sby: bets $0.47
Bassist2006: calls $0.47
*** RIVER *** [6s 5s 7d Th] [Ac]
Bassist2006: checks 
w3sby: bets $0.47
Bassist2006: calls $0.47
*** SHOW DOWN ***
w3sby: shows [7c 7h] (three of a kind, Sevens)
Bassist2006: shows [9c 8s] (a straight, Six to Ten)
Bassist2006 collected $2.48 from pot
*** SUMMARY ***
Total pot $2.57 | Rake $0.09 
Board [6s 5s 7d Th Ac]
Seat 1: CCOROS (small blind) folded before Flop
Seat 2: Bassist2006 (big blind) showed [9c 8s] and won ($2.48) with a straight, Six to Ten
Seat 3: A102lex folded before Flop (didn't bet)
Seat 4: budweiservacay folded on the Flop
Seat 5: SlavikPuha folded on the Flop
Seat 6: Dorex2007 folded before Flop (didn't bet)
Seat 7: georgebigode folded before Flop (didn't bet)
Seat 8: w3sby showed [7c 7h] and lost with three of a kind, Sevens
Seat 9: baligo666 (button) folded before Flop (didn't bet)



PokerStars Hand #224338086088:  Hold'em No Limit ($0.01/$0.02 USD) - 2021/02/28 20:50:34 PT [2021/02/28 23:50:34 ET]
Table 'Terradas' 9-max Seat #1 is the button
Seat 1: CCOROS ($2.03 in chips) 
Seat 2: Bassist2006 ($3.36 in chips) 
Seat 3: A102lex ($2.14 in chips) 
Seat 4: budweiservacay ($4.07 in chips) 
Seat 5: SlavikPuha ($2 in chips) 
Seat 6: Dorex2007 ($1.36 in chips) 
Seat 7: georgebigode ($3.40 in chips) 
Seat 8: w3sby ($2 in chips) 
Seat 9: baligo666 ($1.27 in chips) 
Bassist2006: posts small blind $0.01
A102lex: posts big blind $0.02
*** HOLE CARDS ***
Dealt to Dorex2007 [Td 8s]
budweiservacay: raises $0.05 to $0.07
SlavikPuha: folds 
Dorex2007: folds 
georgebigode: folds 
w3sby: folds 
baligo666: folds 
CCOROS: folds 
Bassist2006: calls $0.06
A102lex: folds 
*** FLOP *** [Js As 2d]
Bassist2006: checks 
budweiservacay: bets $0.15
Bassist2006: folds 
Uncalled bet ($0.15) returned to budweiservacay
budweiservacay collected $0.15 from pot
budweiservacay: doesn't show hand 
*** SUMMARY ***
Total pot $0.16 | Rake $0.01 
Board [Js As 2d]
Seat 1: CCOROS (button) folded before Flop (didn't bet)
Seat 2: Bassist2006 (small blind) folded on the Flop
Seat 3: A102lex (big blind) folded before Flop
Seat 4: budweiservacay collected ($0.15)
Seat 5: SlavikPuha folded before Flop (didn't bet)
Seat 6: Dorex2007 folded before Flop (didn't bet)
Seat 7: georgebigode folded before Flop (didn't bet)
Seat 8: w3sby folded before Flop (didn't bet)
Seat 9: baligo666 folded before Flop (didn't bet)



PokerStars Hand #224338090922:  Hold'em No Limit ($0.01/$0.02 USD) - 2021/02/28 20:51:00 PT [2021/02/28 23:51:00 ET]
Table 'Terradas' 9-max Seat #2 is the button
Seat 1: CCOROS ($2.03 in chips) 
Seat 2: Bassist2006 ($3.29 in chips) 
Seat 3: A102lex ($2.12 in chips) 
Seat 4: budweiservacay ($4.15 in chips) 
Seat 5: SlavikPuha ($2 in chips) 
Seat 6: Dorex2007 ($1.36 in chips) 
Seat 7: georgebigode ($3.40 in chips) 
Seat 8: w3sby ($2 in chips) 
Seat 9: baligo666 ($1.27 in chips) 
A102lex: posts small blind $0.01
budweiservacay: posts big blind $0.02
*** HOLE CARDS ***
Dealt to Dorex2007 [2s Kd]
SlavikPuha: folds 
Dorex2007: folds 
georgebigode: folds 
w3sby: folds 
baligo666: folds 
CCOROS: raises $0.04 to $0.06
Bassist2006: calls $0.06
A102lex: folds 
budweiservacay: raises $0.19 to $0.25
CCOROS: calls $0.19
Bassist2006: calls $0.19
*** FLOP *** [8c 6h 8h]
budweiservacay: bets $0.37
CCOROS: folds 
Bassist2006: folds 
Uncalled bet ($0.37) returned to budweiservacay
budweiservacay collected $0.73 from pot
budweiservacay: doesn't show hand 
*** SUMMARY ***
Total pot $0.76 | Rake $0.03 
Board [8c 6h 8h]
Seat 1: CCOROS folded on the Flop
Seat 2: Bassist2006 (button) folded on the Flop
Seat 3: A102lex (small blind) folded before Flop
Seat 4: budweiservacay (big blind) collected ($0.73)
Seat 5: SlavikPuha folded before Flop (didn't bet)
Seat 6: Dorex2007 folded before Flop (didn't bet)
Seat 7: georgebigode folded before Flop (didn't bet)
Seat 8: w3sby folded before Flop (didn't bet)
Seat 9: baligo666 folded before Flop (didn't bet)



PokerStars Hand #224338098100:  Hold'em No Limit ($0.01/$0.02 USD) - 2021/02/28 20:51:39 PT [2021/02/28 23:51:39 ET]
Table 'Terradas' 9-max Seat #3 is the button
Seat 1: CCOROS ($1.78 in chips) 
Seat 2: Bassist2006 ($3.04 in chips) 
Seat 3: A102lex ($2.11 in chips) 
Seat 4: budweiservacay ($4.63 in chips) 
Seat 5: SlavikPuha ($2 in chips) 
Seat 6: Dorex2007 ($1.36 in chips) 
Seat 7: georgebigode ($3.40 in chips) 
Seat 8: w3sby ($2 in chips) 
Seat 9: baligo666 ($1.27 in chips) 
budweiservacay: posts small blind $0.01
SlavikPuha: posts big blind $0.02
*** HOLE CARDS ***
Dealt to Dorex2007 [4s Td]
Dorex2007: folds 
georgebigode: folds 
w3sby: folds 
baligo666: folds 
CCOROS: folds 
Bassist2006: calls $0.02
A102lex: folds 
budweiservacay: folds 
SlavikPuha: raises $0.16 to $0.18
Bassist2006: folds 
Uncalled bet ($0.16) returned to SlavikPuha
SlavikPuha collected $0.05 from pot
SlavikPuha: doesn't show hand 
*** SUMMARY ***
Total pot $0.05 | Rake $0 
Seat 1: CCOROS folded before Flop (didn't bet)
Seat 2: Bassist2006 folded before Flop
Seat 3: A102lex (button) folded before Flop (didn't bet)
Seat 4: budweiservacay (small blind) folded before Flop
Seat 5: SlavikPuha (big blind) collected ($0.05)
Seat 6: Dorex2007 folded before Flop (didn't bet)
Seat 7: georgebigode folded before Flop (didn't bet)
Seat 8: w3sby folded before Flop (didn't bet)
Seat 9: baligo666 folded before Flop (didn't bet)



PokerStars Hand #224338102338:  Hold'em No Limit ($0.01/$0.02 USD) - 2021/02/28 20:52:01 PT [2021/02/28 23:52:01 ET]
Table 'Terradas' 9-max Seat #4 is the button
Seat 1: CCOROS ($1.78 in chips) 
Seat 2: Bassist2006 ($3.02 in chips) 
Seat 3: A102lex ($2.11 in chips) 
Seat 4: budweiservacay ($4.62 in chips) 
Seat 5: SlavikPuha ($2.03 in chips) 
Seat 6: Dorex2007 ($1.36 in chips) 
Seat 7: georgebigode ($3.40 in chips) 
Seat 8: w3sby ($2 in chips) 
Seat 9: baligo666 ($1.27 in chips) 
SlavikPuha: posts small blind $0.01
Dorex2007: posts big blind $0.02
*** HOLE CARDS ***
Dealt to Dorex2007 [4d 8h]
georgebigode: calls $0.02
w3sby: folds 
baligo666: folds 
CCOROS: folds 
Bassist2006: calls $0.02
A102lex: folds 
budweiservacay: folds 
SlavikPuha: raises $0.04 to $0.06
Dorex2007: folds 
georgebigode: calls $0.04
Bassist2006: calls $0.04
*** FLOP *** [3c Ks 5d]
SlavikPuha: bets $0.08
georgebigode: folds 
Bassist2006: calls $0.08
*** TURN *** [3c Ks 5d] [2h]
SlavikPuha: bets $0.08
Bassist2006: calls $0.08
*** RIVER *** [3c Ks 5d 2h] [3s]
SlavikPuha: bets $0.25
Bassist2006: calls $0.25
*** SHOW DOWN ***
SlavikPuha: shows [5s As] (two pair, Fives and Threes)
Bassist2006: shows [Kc 9c] (two pair, Kings and Threes)
Bassist2006 collected $0.98 from pot
*** SUMMARY ***
Total pot $1.02 | Rake $0.04 
Board [3c Ks 5d 2h 3s]
Seat 1: CCOROS folded before Flop (didn't bet)
Seat 2: Bassist2006 showed [Kc 9c] and won ($0.98) with two pair, Kings and Threes
Seat 3: A102lex folded before Flop (didn't bet)
Seat 4: budweiservacay (button) folded before Flop (didn't bet)
Seat 5: SlavikPuha (small blind) showed [5s As] and lost with two pair, Fives and Threes
Seat 6: Dorex2007 (big blind) folded before Flop
Seat 7: georgebigode folded on the Flop
Seat 8: w3sby folded before Flop (didn't bet)
Seat 9: baligo666 folded before Flop (didn't bet)



PokerStars Hand #224338110375:  Hold'em No Limit ($0.01/$0.02 USD) - 2021/02/28 20:52:45 PT [2021/02/28 23:52:45 ET]
Table 'Terradas' 9-max Seat #5 is the button
Seat 1: CCOROS ($1.78 in chips) 
Seat 2: Bassist2006 ($3.53 in chips) 
Seat 3: A102lex ($2.11 in chips) 
Seat 4: budweiservacay ($4.62 in chips) 
Seat 5: SlavikPuha ($2 in chips) 
Seat 6: Dorex2007 ($1.34 in chips) 
Seat 7: georgebigode ($3.34 in chips) 
Seat 8: w3sby ($2 in chips) 
Seat 9: baligo666 ($1.27 in chips) 
Dorex2007: posts small blind $0.01
georgebigode: posts big blind $0.02
*** HOLE CARDS ***
Dealt to Dorex2007 [Jd 6d]
w3sby: folds 
baligo666: folds 
CCOROS: raises $0.04 to $0.06
Bassist2006: calls $0.06
A102lex: folds 
budweiservacay: folds 
SlavikPuha: folds 
Dorex2007: folds 
georgebigode: raises $0.12 to $0.18
CCOROS: calls $0.12
Bassist2006: folds 
*** FLOP *** [9h 2c 4d]
georgebigode: bets $0.32
CCOROS: folds 
Uncalled bet ($0.32) returned to georgebigode
georgebigode collected $0.41 from pot
*** SUMMARY ***
Total pot $0.43 | Rake $0.02 
Board [9h 2c 4d]
Seat 1: CCOROS folded on the Flop
Seat 2: Bassist2006 folded before Flop
Seat 3: A102lex folded before Flop (didn't bet)
Seat 4: budweiservacay folded before Flop (didn't bet)
Seat 5: SlavikPuha (button) folded before Flop (didn't bet)
Seat 6: Dorex2007 (small blind) folded before Flop
Seat 7: georgebigode (big blind) collected ($0.41)
Seat 8: w3sby folded before Flop (didn't bet)
Seat 9: baligo666 folded before Flop (didn't bet)



PokerStars Hand #224338119392:  Hold'em No Limit ($0.01/$0.02 USD) - 2021/02/28 20:53:33 PT [2021/02/28 23:53:33 ET]
Table 'Terradas' 9-max Seat #6 is the button
Seat 1: CCOROS ($1.60 in chips) 
Seat 2: Bassist2006 ($3.47 in chips) 
Seat 3: A102lex ($2.11 in chips) 
Seat 4: budweiservacay ($4.62 in chips) 
Seat 5: SlavikPuha ($2 in chips) 
Seat 6: Dorex2007 ($1.33 in chips) 
Seat 7: georgebigode ($3.57 in chips) 
Seat 8: w3sby ($2 in chips) 
Seat 9: baligo666 ($1.27 in chips) 
georgebigode: posts small blind $0.01
w3sby: posts big blind $0.02
*** HOLE CARDS ***
Dealt to Dorex2007 [4d Kh]
baligo666: folds 
CCOROS: folds 
Bassist2006: calls $0.02
A102lex: raises $0.06 to $0.08
budweiservacay: folds 
SlavikPuha: calls $0.08
Dorex2007: folds 
georgebigode: folds 
w3sby: folds 
Bassist2006: calls $0.06
*** FLOP *** [Kd 6c 4c]
Bassist2006: checks 
A102lex: bets $0.13
SlavikPuha: folds 
Bassist2006: calls $0.13
*** TURN *** [Kd 6c 4c] [5d]
Bassist2006: checks 
A102lex: checks 
*** RIVER *** [Kd 6c 4c 5d] [Ad]
Bassist2006: checks 
A102lex: bets $0.34
Bassist2006: folds 
Uncalled bet ($0.34) returned to A102lex
A102lex collected $0.51 from pot
*** SUMMARY ***
Total pot $0.53 | Rake $0.02 
Board [Kd 6c 4c 5d Ad]
Seat 1: CCOROS folded before Flop (didn't bet)
Seat 2: Bassist2006 folded on the River
Seat 3: A102lex collected ($0.51)
Seat 4: budweiservacay folded before Flop (didn't bet)
Seat 5: SlavikPuha folded on the Flop
Seat 6: Dorex2007 (button) folded before Flop (didn't bet)
Seat 7: georgebigode (small blind) folded before Flop
Seat 8: w3sby (big blind) folded before Flop
Seat 9: baligo666 folded before Flop (didn't bet)



PokerStars Hand #224338128900:  Hold'em No Limit ($0.01/$0.02 USD) - 2021/02/28 20:54:23 PT [2021/02/28 23:54:23 ET]
Table 'Terradas' 9-max Seat #7 is the button
Seat 1: CCOROS ($1.60 in chips) 
Seat 2: Bassist2006 ($3.26 in chips) 
Seat 3: A102lex ($2.41 in chips) 
Seat 4: budweiservacay ($4.62 in chips) 
Seat 5: SlavikPuha ($2 in chips) 
Seat 6: Dorex2007 ($1.33 in chips) 
Seat 7: georgebigode ($3.56 in chips) 
Seat 8: w3sby ($2 in chips) 
Seat 9: baligo666 ($1.27 in chips) 
w3sby: posts small blind $0.01
baligo666: posts big blind $0.02
*** HOLE CARDS ***
Dealt to Dorex2007 [Th Qc]
CCOROS: folds 
Bassist2006: calls $0.02
A102lex: folds 
budweiservacay: folds 
SlavikPuha: folds 
Dorex2007: raises $0.06 to $0.08
georgebigode: folds 
w3sby: folds 
baligo666: folds 
Bassist2006: calls $0.06
*** FLOP *** [5h 2d 3s]
Bassist2006: checks 
Dorex2007: bets $0.18
Bassist2006: folds 
Uncalled bet ($0.18) returned to Dorex2007
Dorex2007 collected $0.18 from pot
Dorex2007: doesn't show hand 
*** SUMMARY ***
Total pot $0.19 | Rake $0.01 
Board [5h 2d 3s]
Seat 1: CCOROS folded before Flop (didn't bet)
Seat 2: Bassist2006 folded on the Flop
Seat 3: A102lex folded before Flop (didn't bet)
Seat 4: budweiservacay folded before Flop (didn't bet)
Seat 5: SlavikPuha folded before Flop (didn't bet)
Seat 6: Dorex2007 collected ($0.18)
Seat 7: georgebigode (button) folded before Flop (didn't bet)
Seat 8: w3sby (small blind) folded before Flop
Seat 9: baligo666 (big blind) folded before Flop



PokerStars Hand #224338134526:  Hold'em No Limit ($0.01/$0.02 USD) - 2021/02/28 20:54:50 PT [2021/02/28 23:54:50 ET]
Table 'Terradas' 9-max Seat #8 is the button
Seat 1: CCOROS ($1.60 in chips) 
Seat 2: Bassist2006 ($3.18 in chips) 
Seat 3: A102lex ($2.41 in chips) 
Seat 4: budweiservacay ($4.62 in chips) 
Seat 5: SlavikPuha ($2 in chips) 
Seat 6: Dorex2007 ($1.43 in chips) 
Seat 7: georgebigode ($3.56 in chips) 
Seat 8: w3sby ($2 in chips) 
Seat 9: baligo666 ($1.25 in chips) 
baligo666: posts small blind $0.01
CCOROS: posts big blind $0.02
*** HOLE CARDS ***
Dealt to Dorex2007 [Ks 4h]
Bassist2006: calls $0.02
A102lex: folds 
budweiservacay: folds 
SlavikPuha: folds 
Dorex2007: folds 
georgebigode: calls $0.02
w3sby: folds 
baligo666: raises $0.17 to $0.19
CCOROS: folds 
Bassist2006: folds 
georgebigode: folds 
Uncalled bet ($0.17) returned to baligo666
baligo666 collected $0.08 from pot
baligo666: doesn't show hand 
*** SUMMARY ***
Total pot $0.08 | Rake $0 
Seat 1: CCOROS (big blind) folded before Flop
Seat 2: Bassist2006 folded before Flop
Seat 3: A102lex folded before Flop (didn't bet)
Seat 4: budweiservacay folded before Flop (didn't bet)
Seat 5: SlavikPuha folded before Flop (didn't bet)
Seat 6: Dorex2007 folded before Flop (didn't bet)
Seat 7: georgebigode folded before Flop
Seat 8: w3sby (button) folded before Flop (didn't bet)
Seat 9: baligo666 (small blind) collected ($0.08)



PokerStars Hand #224338140281:  Hold'em No Limit ($0.01/$0.02 USD) - 2021/02/28 20:55:26 PT [2021/02/28 23:55:26 ET]
Table 'Terradas' 9-max Seat #9 is the button
Seat 1: CCOROS ($1.58 in chips) 
Seat 2: Bassist2006 ($3.16 in chips) 
Seat 3: A102lex ($2.41 in chips) 
Seat 4: budweiservacay ($4.62 in chips) 
Seat 5: SlavikPuha ($2 in chips) 
Seat 6: Dorex2007 ($1.43 in chips) 
Seat 7: georgebigode ($3.54 in chips) 
Seat 8: w3sby ($2 in chips) 
Seat 9: baligo666 ($1.31 in chips) 
CCOROS: posts small blind $0.01
Bassist2006: posts big blind $0.02
*** HOLE CARDS ***
Dealt to Dorex2007 [Kh Td]
A102lex: folds 
budweiservacay: raises $0.04 to $0.06
SlavikPuha: folds 
Dorex2007: folds 
georgebigode: folds 
w3sby: folds 
baligo666: calls $0.06
CCOROS: calls $0.05
Bassist2006: calls $0.04
*** FLOP *** [8h 7s Tc]
CCOROS: checks 
Bassist2006: checks 
budweiservacay: bets $0.12
baligo666: calls $0.12
CCOROS: folds 
Bassist2006: folds 
*** TURN *** [8h 7s Tc] [Qd]
budweiservacay: bets $0.46
baligo666: calls $0.46
*** RIVER *** [8h 7s Tc Qd] [7c]
budweiservacay: bets $3.98 and is all-in
baligo666: calls $0.67 and is all-in
Uncalled bet ($3.31) returned to budweiservacay
*** SHOW DOWN ***
budweiservacay: shows [7d 8d] (a full house, Sevens full of Eights)
baligo666: shows [Ts 3s] (two pair, Tens and Sevens)
budweiservacay collected $2.64 from pot
*** SUMMARY ***
Total pot $2.74 | Rake $0.10 
Board [8h 7s Tc Qd 7c]
Seat 1: CCOROS (small blind) folded on the Flop
Seat 2: Bassist2006 (big blind) folded on the Flop
Seat 3: A102lex folded before Flop (didn't bet)
Seat 4: budweiservacay showed [7d 8d] and won ($2.64) with a full house, Sevens full of Eights
Seat 5: SlavikPuha folded before Flop (didn't bet)
Seat 6: Dorex2007 folded before Flop (didn't bet)
Seat 7: georgebigode folded before Flop (didn't bet)
Seat 8: w3sby folded before Flop (didn't bet)
Seat 9: baligo666 (button) showed [Ts 3s] and lost with two pair, Tens and Sevens



PokerStars Hand #224338164938:  Hold'em No Limit ($0.01/$0.02 USD) - 2021/02/28 20:56:49 PT [2021/02/28 23:56:49 ET]
Table 'Terradas' 9-max Seat #1 is the button
Seat 1: CCOROS ($1.52 in chips) 
Seat 2: Bassist2006 ($3.10 in chips) 
Seat 3: A102lex ($2.41 in chips) 
Seat 4: budweiservacay ($5.95 in chips) 
Seat 5: SlavikPuha ($2 in chips) 
Seat 6: Dorex2007 ($1.43 in chips) 
Seat 7: georgebigode ($3.54 in chips) 
Seat 8: w3sby ($2 in chips) 
Bassist2006: posts small blind $0.01
A102lex: posts big blind $0.02
*** HOLE CARDS ***
Dealt to Dorex2007 [8c 4h]
budweiservacay: folds 
SlavikPuha: raises $0.04 to $0.06
Dorex2007: folds 
baligo666 leaves the table
georgebigode: folds 
w3sby: folds 
CCOROS: folds 
Bassist2006: calls $0.05
A102lex: folds 
*** FLOP *** [Ts Qs 3c]
Bassist2006: checks 
SlavikPuha: bets $0.07
Bassist2006: folds 
Uncalled bet ($0.07) returned to SlavikPuha
SlavikPuha collected $0.14 from pot
SlavikPuha: doesn't show hand 
*** SUMMARY ***
Total pot $0.14 | Rake $0 
Board [Ts Qs 3c]
Seat 1: CCOROS (button) folded before Flop (didn't bet)
Seat 2: Bassist2006 (small blind) folded on the Flop
Seat 3: A102lex (big blind) folded before Flop
Seat 4: budweiservacay folded before Flop (didn't bet)
Seat 5: SlavikPuha collected ($0.14)
Seat 6: Dorex2007 folded before Flop (didn't bet)
Seat 7: georgebigode folded before Flop (didn't bet)
Seat 8: w3sby folded before Flop (didn't bet)



PokerStars Hand #224338168754:  Hold'em No Limit ($0.01/$0.02 USD) - 2021/02/28 20:57:14 PT [2021/02/28 23:57:14 ET]
Table 'Terradas' 9-max Seat #2 is the button
Seat 1: CCOROS ($1.52 in chips) 
Seat 2: Bassist2006 ($3.04 in chips) 
Seat 3: A102lex ($2.39 in chips) 
Seat 4: budweiservacay ($5.95 in chips) 
Seat 5: SlavikPuha ($2.08 in chips) 
Seat 6: Dorex2007 ($1.43 in chips) 
Seat 7: georgebigode ($3.54 in chips) 
Seat 8: w3sby ($2 in chips) 
A102lex: posts small blind $0.01
budweiservacay: posts big blind $0.02
*** HOLE CARDS ***
Dealt to Dorex2007 [6d Qh]
SlavikPuha: raises $0.04 to $0.06
Dorex2007: folds 
georgebigode: folds 
w3sby: calls $0.06
CCOROS: folds 
Bassist2006: calls $0.06
A102lex: folds 
budweiservacay: folds 
*** FLOP *** [Qc 4s Qd]
SlavikPuha: checks 
w3sby: checks 
Bassist2006: bets $0.02
SlavikPuha: calls $0.02
w3sby: folds 
*** TURN *** [Qc 4s Qd] [Ks]
felipepi123 joins the table at seat #9 
SlavikPuha: checks 
Bassist2006: checks 
*** RIVER *** [Qc 4s Qd Ks] [Tc]
SlavikPuha: bets $0.08
Bassist2006: calls $0.08
*** SHOW DOWN ***
SlavikPuha: shows [Ad Td] (two pair, Queens and Tens)
Bassist2006: shows [Kd 9d] (two pair, Kings and Queens)
Bassist2006 collected $0.40 from pot
*** SUMMARY ***
Total pot $0.41 | Rake $0.01 
Board [Qc 4s Qd Ks Tc]
Seat 1: CCOROS folded before Flop (didn't bet)
Seat 2: Bassist2006 (button) showed [Kd 9d] and won ($0.40) with two pair, Kings and Queens
Seat 3: A102lex (small blind) folded before Flop
Seat 4: budweiservacay (big blind) folded before Flop
Seat 5: SlavikPuha showed [Ad Td] and lost with two pair, Queens and Tens
Seat 6: Dorex2007 folded before Flop (didn't bet)
Seat 7: georgebigode folded before Flop (didn't bet)
Seat 8: w3sby folded on the Flop



PokerStars Hand #224338175978:  Hold'em No Limit ($0.01/$0.02 USD) - 2021/02/28 20:58:03 PT [2021/02/28 23:58:03 ET]
Table 'Terradas' 9-max Seat #3 is the button
Seat 1: CCOROS ($1.52 in chips) 
Seat 2: Bassist2006 ($3.28 in chips) 
Seat 3: A102lex ($2.38 in chips) 
Seat 4: budweiservacay ($5.93 in chips) 
Seat 5: SlavikPuha ($2 in chips) 
Seat 6: Dorex2007 ($1.43 in chips) 
Seat 7: georgebigode ($3.54 in chips) 
Seat 8: w3sby ($2 in chips) 
budweiservacay: posts small blind $0.01
SlavikPuha: posts big blind $0.02
felipepi123: sits out 
*** HOLE CARDS ***
Dealt to Dorex2007 [5d Qc]
Dorex2007: folds 
georgebigode: folds 
w3sby: folds 
CCOROS: raises $0.02 to $0.04
Bassist2006: calls $0.04
A102lex: folds 
budweiservacay: folds 
SlavikPuha: folds 
*** FLOP *** [7d 6h 2s]
CCOROS: bets $0.06
budweiservacay leaves the table
Bassist2006: calls $0.06
*** TURN *** [7d 6h 2s] [3c]
CCOROS: bets $0.06
georgebigode leaves the table
Bassist2006: calls $0.06
*** RIVER *** [7d 6h 2s 3c] [Qs]
CCOROS: bets $0.06
Bassist2006: folds 
Uncalled bet ($0.06) returned to CCOROS
CCOROS collected $0.34 from pot
*** SUMMARY ***
Total pot $0.35 | Rake $0.01 
Board [7d 6h 2s 3c Qs]
Seat 1: CCOROS collected ($0.34)
Seat 2: Bassist2006 folded on the River
Seat 3: A102lex (button) folded before Flop (didn't bet)
Seat 4: budweiservacay (small blind) folded before Flop
Seat 5: SlavikPuha (big blind) folded before Flop
Seat 6: Dorex2007 folded before Flop (didn't bet)
Seat 7: georgebigode folded before Flop (didn't bet)
Seat 8: w3sby folded before Flop (didn't bet)



PokerStars Hand #224338181800:  Hold'em No Limit ($0.01/$0.02 USD) - 2021/02/28 20:58:43 PT [2021/02/28 23:58:43 ET]
Table 'Terradas' 9-max Seat #5 is the button
Seat 1: CCOROS ($1.70 in chips) 
Seat 3: A102lex ($2.38 in chips) 
Seat 5: SlavikPuha ($2 in chips) 
Seat 6: Dorex2007 ($1.43 in chips) 
Seat 8: w3sby ($2 in chips) 
Seat 9: felipepi123 ($0.80 in chips) 
Dorex2007: posts small blind $0.01
w3sby: posts big blind $0.02
felipepi123: posts big blind $0.02
*** HOLE CARDS ***
Dealt to Dorex2007 [Th Jh]
felipepi123: checks 
CCOROS: raises $0.04 to $0.06
A102lex: folds 
SlavikPuha: calls $0.06
Dorex2007: calls $0.05
w3sby: folds 
felipepi123: folds 
*** FLOP *** [7c 3h 2h]
Dorex2007: bets $0.16
CCOROS: calls $0.16
SlavikPuha: folds 
*** TURN *** [7c 3h 2h] [Tc]
Dorex2007: bets $0.52
CCOROS: folds 
Uncalled bet ($0.52) returned to Dorex2007
Dorex2007 collected $0.52 from pot
Dorex2007: doesn't show hand 
*** SUMMARY ***
Total pot $0.54 | Rake $0.02 
Board [7c 3h 2h Tc]
Seat 1: CCOROS folded on the Turn
Seat 3: A102lex folded before Flop (didn't bet)
Seat 5: SlavikPuha (button) folded on the Flop
Seat 6: Dorex2007 (small blind) collected ($0.52)
Seat 8: w3sby (big blind) folded before Flop
Seat 9: felipepi123 folded before Flop (didn't bet)



PokerStars Hand #224338187821:  Hold'em No Limit ($0.01/$0.02 USD) - 2021/02/28 20:59:23 PT [2021/02/28 23:59:23 ET]
Table 'Terradas' 9-max Seat #6 is the button
Seat 1: CCOROS ($1.48 in chips) 
Seat 3: A102lex ($2.38 in chips) 
Seat 5: SlavikPuha ($2 in chips) 
Seat 6: Dorex2007 ($1.73 in chips) 
Seat 8: w3sby ($2 in chips) 
Seat 9: felipepi123 ($0.78 in chips) 
w3sby: posts small blind $0.01
felipepi123: posts big blind $0.02
*** HOLE CARDS ***
Dealt to Dorex2007 [2c Ah]
CCOROS: raises $0.04 to $0.06
A102lex: folds 
SlavikPuha: folds 
Dorex2007: folds 
w3sby: folds 
felipepi123: calls $0.04
*** FLOP *** [2d 3d 8c]
felipepi123: checks 
CCOROS: bets $0.06
felipepi123: folds 
Uncalled bet ($0.06) returned to CCOROS
CCOROS collected $0.13 from pot
*** SUMMARY ***
Total pot $0.13 | Rake $0 
Board [2d 3d 8c]
Seat 1: CCOROS collected ($0.13)
Seat 3: A102lex folded before Flop (didn't bet)
Seat 5: SlavikPuha folded before Flop (didn't bet)
Seat 6: Dorex2007 (button) folded before Flop (didn't bet)
Seat 8: w3sby (small blind) folded before Flop
Seat 9: felipepi123 (big blind) folded on the Flop



PokerStars Hand #224338191062:  Hold'em No Limit ($0.01/$0.02 USD) - 2021/02/28 20:59:45 PT [2021/02/28 23:59:45 ET]
Table 'Terradas' 9-max Seat #8 is the button
Seat 1: CCOROS ($1.55 in chips) 
Seat 2: Bassist2006 ($3.12 in chips) 
Seat 3: A102lex ($2.38 in chips) 
Seat 5: SlavikPuha ($2 in chips) 
Seat 6: Dorex2007 ($1.73 in chips) 
Seat 8: w3sby ($2 in chips) 
Seat 9: felipepi123 ($0.72 in chips) 
felipepi123: posts small blind $0.01
CCOROS: posts big blind $0.02
*** HOLE CARDS ***
Dealt to Dorex2007 [Tc 9c]
Bassist2006: calls $0.02
123LADY123 joins the table at seat #4 
A102lex: raises $0.06 to $0.08
SlavikPuha: folds 
Dorex2007: folds 
w3sby: folds 
felipepi123: folds 
CCOROS: calls $0.06
Bassist2006: calls $0.06
*** FLOP *** [Qs 2h 9d]
CCOROS: checks 
Bassist2006: checks 
A102lex: bets $0.18
CCOROS: folds 
Bassist2006: folds 
Uncalled bet ($0.18) returned to A102lex
A102lex collected $0.24 from pot
*** SUMMARY ***
Total pot $0.25 | Rake $0.01 
Board [Qs 2h 9d]
Seat 1: CCOROS (big blind) folded on the Flop
Seat 2: Bassist2006 folded on the Flop
Seat 3: A102lex collected ($0.24)
Seat 5: SlavikPuha folded before Flop (didn't bet)
Seat 6: Dorex2007 folded before Flop (didn't bet)
Seat 8: w3sby (button) folded before Flop (didn't bet)
Seat 9: felipepi123 (small blind) folded before Flop



