PokerStars Hand #229293344105:  Hold'em No Limit ($0.01/$0.02 USD) - 2021/08/23 20:41:31 PT [2021/08/23 23:41:31 ET]
Table 'Sabauda' 9-max Seat #3 is the button
Seat 1: kanawake333 ($3.20 in chips) 
Seat 2: Dorex2007 ($2 in chips) 
Seat 3: SMUTJAN72 ($1.65 in chips) 
Seat 4: VMDT. ($1.87 in chips) 
Seat 5: NickInPots ($1.98 in chips) 
Seat 6: dvikson ($2.03 in chips) 
Seat 7: Vgggik ($1.04 in chips) 
Seat 8: Picante26 ($1.99 in chips) 
Seat 9: SeregaM888 ($2 in chips) 
VMDT.: posts small blind $0.01
NickInPots: posts big blind $0.02
SeregaM888: posts big blind $0.02
Dorex2007: posts big blind $0.02
*** HOLE CARDS ***
Dealt to Dorex2007 [5s Kh]
dvikson: folds 
Vgggik: folds 
Picante26: folds 
SeregaM888: checks 
kanawake333: calls $0.02
Dorex2007: checks 
SMUTJAN72: folds 
VMDT.: folds 
NickInPots: checks 
*** FLOP *** [8s 9h 8h]
NickInPots: checks 
SeregaM888: checks 
kanawake333: checks 
Dorex2007: checks 
*** TURN *** [8s 9h 8h] [Jh]
NickInPots: checks 
SeregaM888: checks 
kanawake333: checks 
Dorex2007: checks 
*** RIVER *** [8s 9h 8h Jh] [Tc]
NickInPots: checks 
SeregaM888: checks 
kanawake333: checks 
Dorex2007: checks 
*** SHOW DOWN ***
NickInPots: shows [As 2c] (a pair of Eights)
SeregaM888: shows [2d Js] (two pair, Jacks and Eights)
kanawake333: mucks hand 
Dorex2007: mucks hand 
SeregaM888 collected $0.09 from pot
*** SUMMARY ***
Total pot $0.09 | Rake $0 
Board [8s 9h 8h Jh Tc]
Seat 1: kanawake333 mucked [4d 4h]
Seat 2: Dorex2007 mucked [5s Kh]
Seat 3: SMUTJAN72 (button) folded before Flop (didn't bet)
Seat 4: VMDT. (small blind) folded before Flop
Seat 5: NickInPots (big blind) showed [As 2c] and lost with a pair of Eights
Seat 6: dvikson folded before Flop (didn't bet)
Seat 7: Vgggik folded before Flop (didn't bet)
Seat 8: Picante26 folded before Flop (didn't bet)
Seat 9: SeregaM888 showed [2d Js] and won ($0.09) with two pair, Jacks and Eights



PokerStars Hand #229293360689:  Hold'em No Limit ($0.01/$0.02 USD) - 2021/08/23 20:42:51 PT [2021/08/23 23:42:51 ET]
Table 'Sabauda' 9-max Seat #4 is the button
Seat 1: kanawake333 ($3.18 in chips) 
Seat 2: Dorex2007 ($1.98 in chips) 
Seat 3: SMUTJAN72 ($1.65 in chips) 
Seat 4: VMDT. ($1.86 in chips) 
Seat 5: NickInPots ($1.96 in chips) 
Seat 6: dvikson ($2.03 in chips) 
Seat 7: Vgggik ($1.04 in chips) 
Seat 8: Picante26 ($1.99 in chips) 
Seat 9: SeregaM888 ($2.07 in chips) 
NickInPots: posts small blind $0.01
dvikson: posts big blind $0.02
*** HOLE CARDS ***
Dealt to Dorex2007 [6s 4c]
Vgggik: folds 
Picante26: folds 
SeregaM888: folds 
kanawake333: folds 
Dorex2007: folds 
SMUTJAN72: folds 
VMDT.: folds 
NickInPots: folds 
Uncalled bet ($0.01) returned to dvikson
dvikson collected $0.02 from pot
dvikson: doesn't show hand 
*** SUMMARY ***
Total pot $0.02 | Rake $0 
Seat 1: kanawake333 folded before Flop (didn't bet)
Seat 2: Dorex2007 folded before Flop (didn't bet)
Seat 3: SMUTJAN72 folded before Flop (didn't bet)
Seat 4: VMDT. (button) folded before Flop (didn't bet)
Seat 5: NickInPots (small blind) folded before Flop
Seat 6: dvikson (big blind) collected ($0.02)
Seat 7: Vgggik folded before Flop (didn't bet)
Seat 8: Picante26 folded before Flop (didn't bet)
Seat 9: SeregaM888 folded before Flop (didn't bet)



PokerStars Hand #229293363508:  Hold'em No Limit ($0.01/$0.02 USD) - 2021/08/23 20:43:07 PT [2021/08/23 23:43:07 ET]
Table 'Sabauda' 9-max Seat #5 is the button
Seat 1: kanawake333 ($3.18 in chips) 
Seat 2: Dorex2007 ($1.98 in chips) 
Seat 3: SMUTJAN72 ($1.65 in chips) 
Seat 4: VMDT. ($1.86 in chips) 
Seat 5: NickInPots ($1.95 in chips) 
Seat 6: dvikson ($2.04 in chips) 
Seat 7: Vgggik ($1.04 in chips) 
Seat 8: Picante26 ($1.99 in chips) 
Seat 9: SeregaM888 ($2.07 in chips) 
dvikson: posts small blind $0.01
Vgggik: posts big blind $0.02
*** HOLE CARDS ***
Dealt to Dorex2007 [Ah 6c]
Picante26: folds 
SeregaM888: folds 
kanawake333: folds 
Dorex2007: folds 
SMUTJAN72: raises $0.04 to $0.06
VMDT.: folds 
NickInPots: calls $0.06
dvikson: calls $0.05
Vgggik: folds 
*** FLOP *** [3s 9s 2h]
dvikson: checks 
SMUTJAN72: checks 
NickInPots: bets $0.10
dvikson: folds 
SMUTJAN72: folds 
Uncalled bet ($0.10) returned to NickInPots
NickInPots collected $0.19 from pot
NickInPots: doesn't show hand 
*** SUMMARY ***
Total pot $0.20 | Rake $0.01 
Board [3s 9s 2h]
Seat 1: kanawake333 folded before Flop (didn't bet)
Seat 2: Dorex2007 folded before Flop (didn't bet)
Seat 3: SMUTJAN72 folded on the Flop
Seat 4: VMDT. folded before Flop (didn't bet)
Seat 5: NickInPots (button) collected ($0.19)
Seat 6: dvikson (small blind) folded on the Flop
Seat 7: Vgggik (big blind) folded before Flop
Seat 8: Picante26 folded before Flop (didn't bet)
Seat 9: SeregaM888 folded before Flop (didn't bet)



PokerStars Hand #229293371387:  Hold'em No Limit ($0.01/$0.02 USD) - 2021/08/23 20:43:55 PT [2021/08/23 23:43:55 ET]
Table 'Sabauda' 9-max Seat #6 is the button
Seat 1: kanawake333 ($3.18 in chips) 
Seat 2: Dorex2007 ($1.98 in chips) 
Seat 3: SMUTJAN72 ($1.59 in chips) 
Seat 4: VMDT. ($1.86 in chips) 
Seat 5: NickInPots ($2.08 in chips) 
Seat 6: dvikson ($1.98 in chips) 
Seat 7: Vgggik ($1.02 in chips) 
Seat 8: Picante26 ($1.99 in chips) 
Seat 9: SeregaM888 ($2.07 in chips) 
Vgggik: posts small blind $0.01
Picante26: posts big blind $0.02
*** HOLE CARDS ***
Dealt to Dorex2007 [Ac 2c]
SeregaM888: folds 
kanawake333: folds 
Dorex2007: folds 
SMUTJAN72: folds 
VMDT.: folds 
NickInPots: folds 
dvikson: folds 
Vgggik: raises $0.04 to $0.06
Picante26: calls $0.04
*** FLOP *** [3s Kc 5h]
Vgggik: bets $0.06
Picante26: calls $0.06
*** TURN *** [3s Kc 5h] [Ah]
Vgggik: checks 
Picante26: bets $0.07
Vgggik: folds 
Uncalled bet ($0.07) returned to Picante26
Picante26 collected $0.23 from pot
Picante26: doesn't show hand 
*** SUMMARY ***
Total pot $0.24 | Rake $0.01 
Board [3s Kc 5h Ah]
Seat 1: kanawake333 folded before Flop (didn't bet)
Seat 2: Dorex2007 folded before Flop (didn't bet)
Seat 3: SMUTJAN72 folded before Flop (didn't bet)
Seat 4: VMDT. folded before Flop (didn't bet)
Seat 5: NickInPots folded before Flop (didn't bet)
Seat 6: dvikson (button) folded before Flop (didn't bet)
Seat 7: Vgggik (small blind) folded on the Turn
Seat 8: Picante26 (big blind) collected ($0.23)
Seat 9: SeregaM888 folded before Flop (didn't bet)



PokerStars Hand #229293378918:  Hold'em No Limit ($0.01/$0.02 USD) - 2021/08/23 20:44:40 PT [2021/08/23 23:44:40 ET]
Table 'Sabauda' 9-max Seat #7 is the button
Seat 1: kanawake333 ($3.18 in chips) 
Seat 2: Dorex2007 ($1.98 in chips) 
Seat 3: SMUTJAN72 ($1.59 in chips) 
Seat 4: VMDT. ($1.86 in chips) 
Seat 5: NickInPots ($2.08 in chips) 
Seat 6: dvikson ($1.98 in chips) 
Seat 7: Vgggik ($0.90 in chips) 
Seat 8: Picante26 ($2.10 in chips) 
Seat 9: SeregaM888 ($2.07 in chips) 
Picante26: posts small blind $0.01
SeregaM888: posts big blind $0.02
*** HOLE CARDS ***
Dealt to Dorex2007 [5c Ac]
kanawake333: folds 
Dorex2007: raises $0.04 to $0.06
SMUTJAN72: folds 
VMDT.: folds 
NickInPots: folds 
dvikson: folds 
Vgggik: folds 
Picante26: folds 
SeregaM888: calls $0.04
*** FLOP *** [Qd 7c Ah]
SeregaM888: checks 
Dorex2007: checks 
*** TURN *** [Qd 7c Ah] [4c]
SeregaM888: bets $0.04
Dorex2007: raises $0.12 to $0.16
SeregaM888: calls $0.12
*** RIVER *** [Qd 7c Ah 4c] [Qc]
SeregaM888: checks 
Dorex2007: bets $0.29
SeregaM888: folds 
Uncalled bet ($0.29) returned to Dorex2007
Dorex2007 collected $0.43 from pot
Dorex2007: doesn't show hand 
*** SUMMARY ***
Total pot $0.45 | Rake $0.02 
Board [Qd 7c Ah 4c Qc]
Seat 1: kanawake333 folded before Flop (didn't bet)
Seat 2: Dorex2007 collected ($0.43)
Seat 3: SMUTJAN72 folded before Flop (didn't bet)
Seat 4: VMDT. folded before Flop (didn't bet)
Seat 5: NickInPots folded before Flop (didn't bet)
Seat 6: dvikson folded before Flop (didn't bet)
Seat 7: Vgggik (button) folded before Flop (didn't bet)
Seat 8: Picante26 (small blind) folded before Flop
Seat 9: SeregaM888 (big blind) folded on the River



PokerStars Hand #229293388241:  Hold'em No Limit ($0.01/$0.02 USD) - 2021/08/23 20:45:37 PT [2021/08/23 23:45:37 ET]
Table 'Sabauda' 9-max Seat #8 is the button
Seat 1: kanawake333 ($3.18 in chips) 
Seat 2: Dorex2007 ($2.19 in chips) 
Seat 3: SMUTJAN72 ($1.59 in chips) 
Seat 4: VMDT. ($1.86 in chips) 
Seat 5: NickInPots ($2.08 in chips) 
Seat 6: dvikson ($1.98 in chips) 
Seat 7: Vgggik ($0.90 in chips) 
Seat 8: Picante26 ($2.09 in chips) 
Seat 9: SeregaM888 ($1.85 in chips) 
SeregaM888: posts small blind $0.01
kanawake333: posts big blind $0.02
*** HOLE CARDS ***
Dealt to Dorex2007 [2d 7s]
Dorex2007: folds 
SMUTJAN72: folds 
VMDT.: folds 
NickInPots: folds 
dvikson: folds 
Vgggik: raises $0.02 to $0.04
Picante26: folds 
SeregaM888: folds 
kanawake333: folds 
Uncalled bet ($0.02) returned to Vgggik
Vgggik collected $0.05 from pot
Vgggik: doesn't show hand 
*** SUMMARY ***
Total pot $0.05 | Rake $0 
Seat 1: kanawake333 (big blind) folded before Flop
Seat 2: Dorex2007 folded before Flop (didn't bet)
Seat 3: SMUTJAN72 folded before Flop (didn't bet)
Seat 4: VMDT. folded before Flop (didn't bet)
Seat 5: NickInPots folded before Flop (didn't bet)
Seat 6: dvikson folded before Flop (didn't bet)
Seat 7: Vgggik collected ($0.05)
Seat 8: Picante26 (button) folded before Flop (didn't bet)
Seat 9: SeregaM888 (small blind) folded before Flop



PokerStars Hand #229293392362:  Hold'em No Limit ($0.01/$0.02 USD) - 2021/08/23 20:46:01 PT [2021/08/23 23:46:01 ET]
Table 'Sabauda' 9-max Seat #9 is the button
Seat 1: kanawake333 ($3.16 in chips) 
Seat 2: Dorex2007 ($2.19 in chips) 
Seat 3: SMUTJAN72 ($1.59 in chips) 
Seat 4: VMDT. ($1.86 in chips) 
Seat 5: NickInPots ($2.08 in chips) 
Seat 6: dvikson ($1.98 in chips) 
Seat 7: Vgggik ($0.93 in chips) 
Seat 8: Picante26 ($2.09 in chips) 
Seat 9: SeregaM888 ($1.84 in chips) 
kanawake333: posts small blind $0.01
Dorex2007: posts big blind $0.02
*** HOLE CARDS ***
Dealt to Dorex2007 [5h Jd]
SMUTJAN72: folds 
VMDT.: calls $0.02
NickInPots: folds 
dvikson: folds 
Vgggik: folds 
Picante26: folds 
SeregaM888: raises $0.06 to $0.08
kanawake333: folds 
Dorex2007: folds 
VMDT.: calls $0.06
*** FLOP *** [2s 9d Jc]
VMDT.: checks 
SeregaM888: bets $0.06
VMDT.: calls $0.06
*** TURN *** [2s 9d Jc] [8s]
VMDT.: checks 
SeregaM888: bets $0.15
Vgggik leaves the table
VMDT.: calls $0.15
*** RIVER *** [2s 9d Jc 8s] [3c]
VMDT.: checks 
SeregaM888: checks 
*** SHOW DOWN ***
VMDT.: shows [Qh As] (high card Ace)
SeregaM888: mucks hand 
VMDT. collected $0.59 from pot
*** SUMMARY ***
Total pot $0.61 | Rake $0.02 
Board [2s 9d Jc 8s 3c]
Seat 1: kanawake333 (small blind) folded before Flop
Seat 2: Dorex2007 (big blind) folded before Flop
Seat 3: SMUTJAN72 folded before Flop (didn't bet)
Seat 4: VMDT. showed [Qh As] and won ($0.59) with high card Ace
Seat 5: NickInPots folded before Flop (didn't bet)
Seat 6: dvikson folded before Flop (didn't bet)
Seat 7: Vgggik folded before Flop (didn't bet)
Seat 8: Picante26 folded before Flop (didn't bet)
Seat 9: SeregaM888 (button) mucked [Ad 7c]



PokerStars Hand #229293401753:  Hold'em No Limit ($0.01/$0.02 USD) - 2021/08/23 20:46:58 PT [2021/08/23 23:46:58 ET]
Table 'Sabauda' 9-max Seat #1 is the button
Seat 1: kanawake333 ($3.15 in chips) 
Seat 2: Dorex2007 ($2.17 in chips) 
Seat 3: SMUTJAN72 ($1.59 in chips) 
Seat 4: VMDT. ($2.16 in chips) 
Seat 5: NickInPots ($2.08 in chips) 
Seat 6: dvikson ($1.98 in chips) 
Seat 8: Picante26 ($2.09 in chips) 
Seat 9: SeregaM888 ($2 in chips) 
Dorex2007: posts small blind $0.01
SMUTJAN72: posts big blind $0.02
*** HOLE CARDS ***
Dealt to Dorex2007 [2h 4c]
VMDT.: folds 
NickInPots: folds 
dvikson: folds 
Picante26: folds 
SeregaM888: folds 
kanawake333: folds 
Dorex2007: folds 
Uncalled bet ($0.01) returned to SMUTJAN72
SMUTJAN72 collected $0.02 from pot
*** SUMMARY ***
Total pot $0.02 | Rake $0 
Seat 1: kanawake333 (button) folded before Flop (didn't bet)
Seat 2: Dorex2007 (small blind) folded before Flop
Seat 3: SMUTJAN72 (big blind) collected ($0.02)
Seat 4: VMDT. folded before Flop (didn't bet)
Seat 5: NickInPots folded before Flop (didn't bet)
Seat 6: dvikson folded before Flop (didn't bet)
Seat 8: Picante26 folded before Flop (didn't bet)
Seat 9: SeregaM888 folded before Flop (didn't bet)



PokerStars Hand #229293404637:  Hold'em No Limit ($0.01/$0.02 USD) - 2021/08/23 20:47:16 PT [2021/08/23 23:47:16 ET]
Table 'Sabauda' 9-max Seat #2 is the button
Seat 1: kanawake333 ($3.15 in chips) 
Seat 2: Dorex2007 ($2.16 in chips) 
Seat 3: SMUTJAN72 ($1.60 in chips) 
Seat 4: VMDT. ($2.16 in chips) 
Seat 5: NickInPots ($2.08 in chips) 
Seat 6: dvikson ($1.98 in chips) 
Seat 8: Picante26 ($2.09 in chips) 
Seat 9: SeregaM888 ($2 in chips) 
SMUTJAN72: posts small blind $0.01
VMDT.: posts big blind $0.02
*** HOLE CARDS ***
Dealt to Dorex2007 [8d 9s]
NickInPots: folds 
dvikson: folds 
Picante26: raises $0.03 to $0.05
SeregaM888: folds 
kanawake333: folds 
Dorex2007: folds 
SMUTJAN72: folds 
q7w8 joins the table at seat #7 
VMDT.: folds 
Uncalled bet ($0.03) returned to Picante26
Picante26 collected $0.05 from pot
Picante26: doesn't show hand 
*** SUMMARY ***
Total pot $0.05 | Rake $0 
Seat 1: kanawake333 folded before Flop (didn't bet)
Seat 2: Dorex2007 (button) folded before Flop (didn't bet)
Seat 3: SMUTJAN72 (small blind) folded before Flop
Seat 4: VMDT. (big blind) folded before Flop
Seat 5: NickInPots folded before Flop (didn't bet)
Seat 6: dvikson folded before Flop (didn't bet)
Seat 8: Picante26 collected ($0.05)
Seat 9: SeregaM888 folded before Flop (didn't bet)



PokerStars Hand #229293409876:  Hold'em No Limit ($0.01/$0.02 USD) - 2021/08/23 20:47:47 PT [2021/08/23 23:47:47 ET]
Table 'Sabauda' 9-max Seat #3 is the button
Seat 1: kanawake333 ($3.15 in chips) 
Seat 2: Dorex2007 ($2.16 in chips) 
Seat 3: SMUTJAN72 ($1.59 in chips) 
Seat 4: VMDT. ($2.14 in chips) 
Seat 5: NickInPots ($2.08 in chips) 
Seat 6: dvikson ($1.98 in chips) 
Seat 8: Picante26 ($2.12 in chips) 
Seat 9: SeregaM888 ($2 in chips) 
VMDT.: posts small blind $0.01
NickInPots: posts big blind $0.02
q7w8: sits out 
*** HOLE CARDS ***
Dealt to Dorex2007 [5c 8d]
dvikson: folds 
Picante26: folds 
SeregaM888: folds 
kanawake333: folds 
Dorex2007: folds 
SMUTJAN72: folds 
VMDT.: calls $0.01
NickInPots: checks 
*** FLOP *** [3d 9h Qh]
VMDT.: checks 
NickInPots: checks 
*** TURN *** [3d 9h Qh] [7d]
VMDT.: checks 
NickInPots: bets $0.02
VMDT.: calls $0.02
*** RIVER *** [3d 9h Qh 7d] [2h]
VMDT.: checks 
NickInPots: checks 
*** SHOW DOWN ***
VMDT.: shows [Ah Jh] (a flush, Ace high)
NickInPots: mucks hand 
VMDT. collected $0.08 from pot
*** SUMMARY ***
Total pot $0.08 | Rake $0 
Board [3d 9h Qh 7d 2h]
Seat 1: kanawake333 folded before Flop (didn't bet)
Seat 2: Dorex2007 folded before Flop (didn't bet)
Seat 3: SMUTJAN72 (button) folded before Flop (didn't bet)
Seat 4: VMDT. (small blind) showed [Ah Jh] and won ($0.08) with a flush, Ace high
Seat 5: NickInPots (big blind) mucked [Ad 7h]
Seat 6: dvikson folded before Flop (didn't bet)
Seat 8: Picante26 folded before Flop (didn't bet)
Seat 9: SeregaM888 folded before Flop (didn't bet)



PokerStars Hand #229293420150:  Hold'em No Limit ($0.01/$0.02 USD) - 2021/08/23 20:48:23 PT [2021/08/23 23:48:23 ET]
Table 'Sabauda' 9-max Seat #4 is the button
Seat 1: kanawake333 ($3.15 in chips) 
Seat 2: Dorex2007 ($2.16 in chips) 
Seat 3: SMUTJAN72 ($1.59 in chips) 
Seat 4: VMDT. ($2.18 in chips) 
Seat 5: NickInPots ($2.04 in chips) 
Seat 6: dvikson ($1.98 in chips) 
Seat 8: Picante26 ($2.12 in chips) 
Seat 9: SeregaM888 ($2 in chips) 
NickInPots: posts small blind $0.01
dvikson: posts big blind $0.02
q7w8: sits out 
*** HOLE CARDS ***
Dealt to Dorex2007 [Td Qd]
Picante26: folds 
SeregaM888: folds 
kanawake333: folds 
Dorex2007: raises $0.04 to $0.06
SMUTJAN72: folds 
VMDT.: raises $0.04 to $0.10
NickInPots: folds 
dvikson: folds 
Dorex2007: calls $0.04
*** FLOP *** [Qs 3h 7s]
Dorex2007: checks 
VMDT.: bets $0.22
Dorex2007: raises $0.66 to $0.88
VMDT.: raises $1.20 to $2.08 and is all-in
Dorex2007: calls $1.18 and is all-in
Uncalled bet ($0.02) returned to VMDT.
*** TURN *** [Qs 3h 7s] [Ts]
*** RIVER *** [Qs 3h 7s Ts] [6s]
*** SHOW DOWN ***
Dorex2007: shows [Td Qd] (two pair, Queens and Tens)
VMDT.: shows [Ac Ah] (a pair of Aces)
Dorex2007 collected $4.20 from pot
*** SUMMARY ***
Total pot $4.35 | Rake $0.15 
Board [Qs 3h 7s Ts 6s]
Seat 1: kanawake333 folded before Flop (didn't bet)
Seat 2: Dorex2007 showed [Td Qd] and won ($4.20) with two pair, Queens and Tens
Seat 3: SMUTJAN72 folded before Flop (didn't bet)
Seat 4: VMDT. (button) showed [Ac Ah] and lost with a pair of Aces
Seat 5: NickInPots (small blind) folded before Flop
Seat 6: dvikson (big blind) folded before Flop
Seat 8: Picante26 folded before Flop (didn't bet)
Seat 9: SeregaM888 folded before Flop (didn't bet)



PokerStars Hand #229293427846:  Hold'em No Limit ($0.01/$0.02 USD) - 2021/08/23 20:49:10 PT [2021/08/23 23:49:10 ET]
Table 'Sabauda' 9-max Seat #5 is the button
Seat 1: kanawake333 ($3.15 in chips) 
Seat 2: Dorex2007 ($4.20 in chips) 
Seat 3: SMUTJAN72 ($1.59 in chips) 
Seat 4: VMDT. ($0.02 in chips) 
Seat 5: NickInPots ($2.03 in chips) 
Seat 6: dvikson ($1.96 in chips) 
Seat 7: q7w8 ($2 in chips) 
Seat 8: Picante26 ($2.12 in chips) 
Seat 9: SeregaM888 ($2 in chips) 
dvikson: posts small blind $0.01
q7w8: posts big blind $0.02
*** HOLE CARDS ***
Dealt to Dorex2007 [Qh Ad]
Picante26: folds 
SeregaM888: folds 
kanawake333: folds 
Dorex2007: raises $0.04 to $0.06
SMUTJAN72: folds 
VMDT.: calls $0.02 and is all-in
NickInPots: folds 
dvikson: calls $0.05
q7w8: raises $1.94 to $2 and is all-in
Dorex2007: folds 
dvikson: folds 
Uncalled bet ($1.94) returned to q7w8
*** FLOP *** [Kc 8s 9s]
*** TURN *** [Kc 8s 9s] [Qd]
*** RIVER *** [Kc 8s 9s Qd] [3c]
*** SHOW DOWN ***
q7w8: shows [Ah Ks] (a pair of Kings)
q7w8 collected $0.11 from side pot
VMDT.: shows [Jc 9c] (a pair of Nines)
q7w8 collected $0.08 from main pot
*** SUMMARY ***
Total pot $0.20 Main pot $0.08. Side pot $0.11. | Rake $0.01 
Board [Kc 8s 9s Qd 3c]
Seat 1: kanawake333 folded before Flop (didn't bet)
Seat 2: Dorex2007 folded before Flop
Seat 3: SMUTJAN72 folded before Flop (didn't bet)
Seat 4: VMDT. showed [Jc 9c] and lost with a pair of Nines
Seat 5: NickInPots (button) folded before Flop (didn't bet)
Seat 6: dvikson (small blind) folded before Flop
Seat 7: q7w8 (big blind) showed [Ah Ks] and won ($0.19) with a pair of Kings
Seat 8: Picante26 folded before Flop (didn't bet)
Seat 9: SeregaM888 folded before Flop (didn't bet)



PokerStars Hand #229293434837:  Hold'em No Limit ($0.01/$0.02 USD) - 2021/08/23 20:49:52 PT [2021/08/23 23:49:52 ET]
Table 'Sabauda' 9-max Seat #6 is the button
Seat 1: kanawake333 ($3.15 in chips) 
Seat 2: Dorex2007 ($4.14 in chips) 
Seat 3: SMUTJAN72 ($1.59 in chips) 
Seat 5: NickInPots ($2.03 in chips) 
Seat 6: dvikson ($1.90 in chips) 
Seat 7: q7w8 ($2.13 in chips) 
Seat 8: Picante26 ($2.12 in chips) 
Seat 9: SeregaM888 ($2 in chips) 
q7w8: posts small blind $0.01
Picante26: posts big blind $0.02
*** HOLE CARDS ***
Dealt to Dorex2007 [3d 5c]
SeregaM888: folds 
VMDT. leaves the table
kanawake333: folds 
Dorex2007: folds 
SMUTJAN72: folds 
NickInPots: folds 
dvikson: calls $0.02
q7w8: folds 
Picante26: checks 
*** FLOP *** [Jc 9d Jh]
Picante26: checks 
dvikson: checks 
*** TURN *** [Jc 9d Jh] [Kd]
Picante26: bets $0.03
dvikson: calls $0.03
*** RIVER *** [Jc 9d Jh Kd] [Tc]
Picante26: bets $0.06
dvikson: calls $0.06
*** SHOW DOWN ***
Picante26: shows [8s Qs] (a straight, Nine to King)
dvikson: mucks hand 
Picante26 collected $0.22 from pot
*** SUMMARY ***
Total pot $0.23 | Rake $0.01 
Board [Jc 9d Jh Kd Tc]
Seat 1: kanawake333 folded before Flop (didn't bet)
Seat 2: Dorex2007 folded before Flop (didn't bet)
Seat 3: SMUTJAN72 folded before Flop (didn't bet)
Seat 5: NickInPots folded before Flop (didn't bet)
Seat 6: dvikson (button) mucked [9s Ks]
Seat 7: q7w8 (small blind) folded before Flop
Seat 8: Picante26 (big blind) showed [8s Qs] and won ($0.22) with a straight, Nine to King
Seat 9: SeregaM888 folded before Flop (didn't bet)



PokerStars Hand #229293444741:  Hold'em No Limit ($0.01/$0.02 USD) - 2021/08/23 20:50:53 PT [2021/08/23 23:50:53 ET]
Table 'Sabauda' 9-max Seat #7 is the button
Seat 1: kanawake333 ($3.15 in chips) 
Seat 2: Dorex2007 ($4.14 in chips) 
Seat 3: SMUTJAN72 ($1.59 in chips) 
Seat 5: NickInPots ($2.03 in chips) 
Seat 6: dvikson ($1.79 in chips) 
Seat 7: q7w8 ($2.12 in chips) 
Seat 8: Picante26 ($2.23 in chips) 
Seat 9: SeregaM888 ($2 in chips) 
Picante26: posts small blind $0.01
SeregaM888: posts big blind $0.02
*** HOLE CARDS ***
Dealt to Dorex2007 [Ts 6d]
kanawake333: folds 
Dorex2007: folds 
SMUTJAN72: folds 
NickInPots: folds 
dvikson: folds 
q7w8: folds 
Picante26: folds 
Uncalled bet ($0.01) returned to SeregaM888
SeregaM888 collected $0.02 from pot
*** SUMMARY ***
Total pot $0.02 | Rake $0 
Seat 1: kanawake333 folded before Flop (didn't bet)
Seat 2: Dorex2007 folded before Flop (didn't bet)
Seat 3: SMUTJAN72 folded before Flop (didn't bet)
Seat 5: NickInPots folded before Flop (didn't bet)
Seat 6: dvikson folded before Flop (didn't bet)
Seat 7: q7w8 (button) folded before Flop (didn't bet)
Seat 8: Picante26 (small blind) folded before Flop
Seat 9: SeregaM888 (big blind) collected ($0.02)



PokerStars Hand #229293447991:  Hold'em No Limit ($0.01/$0.02 USD) - 2021/08/23 20:51:13 PT [2021/08/23 23:51:13 ET]
Table 'Sabauda' 9-max Seat #8 is the button
Seat 1: kanawake333 ($3.15 in chips) 
Seat 2: Dorex2007 ($4.14 in chips) 
Seat 3: SMUTJAN72 ($1.59 in chips) 
Seat 5: NickInPots ($2.03 in chips) 
Seat 6: dvikson ($1.79 in chips) 
Seat 7: q7w8 ($2.12 in chips) 
Seat 8: Picante26 ($2.22 in chips) 
Seat 9: SeregaM888 ($2.01 in chips) 
SeregaM888: posts small blind $0.01
kanawake333: posts big blind $0.02
*** HOLE CARDS ***
Dealt to Dorex2007 [9s 6s]
Dorex2007: folds 
SMUTJAN72: folds 
NickInPots: folds 
dvikson: folds 
q7w8: folds 
Picante26: folds 
SeregaM888: folds 
Uncalled bet ($0.01) returned to kanawake333
kanawake333 collected $0.02 from pot
*** SUMMARY ***
Total pot $0.02 | Rake $0 
Seat 1: kanawake333 (big blind) collected ($0.02)
Seat 2: Dorex2007 folded before Flop (didn't bet)
Seat 3: SMUTJAN72 folded before Flop (didn't bet)
Seat 5: NickInPots folded before Flop (didn't bet)
Seat 6: dvikson folded before Flop (didn't bet)
Seat 7: q7w8 folded before Flop (didn't bet)
Seat 8: Picante26 (button) folded before Flop (didn't bet)
Seat 9: SeregaM888 (small blind) folded before Flop



PokerStars Hand #229293451002:  Hold'em No Limit ($0.01/$0.02 USD) - 2021/08/23 20:51:32 PT [2021/08/23 23:51:32 ET]
Table 'Sabauda' 9-max Seat #9 is the button
Seat 1: kanawake333 ($3.16 in chips) 
Seat 2: Dorex2007 ($4.14 in chips) 
Seat 3: SMUTJAN72 ($1.59 in chips) 
Seat 5: NickInPots ($2.03 in chips) 
Seat 6: dvikson ($1.79 in chips) 
Seat 7: q7w8 ($2.12 in chips) 
Seat 8: Picante26 ($2.22 in chips) 
Seat 9: SeregaM888 ($2 in chips) 
kanawake333: posts small blind $0.01
Dorex2007: posts big blind $0.02
*** HOLE CARDS ***
Dealt to Dorex2007 [8s 7s]
SMUTJAN72: folds 
NickInPots: folds 
dvikson: folds 
q7w8: folds 
Picante26: raises $0.03 to $0.05
SeregaM888: folds 
kanawake333: calls $0.04
Dorex2007: calls $0.03
*** FLOP *** [9c Jc 8c]
kanawake333: bets $0.07
Dorex2007: raises $0.07 to $0.14
Picante26: calls $0.14
kanawake333: folds 
*** TURN *** [9c Jc 8c] [9s]
Dorex2007: bets $0.24
Picante26: calls $0.24
*** RIVER *** [9c Jc 8c 9s] [7c]
Dorex2007: bets $0.63
*VM*727 joins the table at seat #4 
Picante26: folds 
Uncalled bet ($0.63) returned to Dorex2007
Dorex2007 collected $0.95 from pot
Dorex2007: doesn't show hand 
*** SUMMARY ***
Total pot $0.98 | Rake $0.03 
Board [9c Jc 8c 9s 7c]
Seat 1: kanawake333 (small blind) folded on the Flop
Seat 2: Dorex2007 (big blind) collected ($0.95)
Seat 3: SMUTJAN72 folded before Flop (didn't bet)
Seat 5: NickInPots folded before Flop (didn't bet)
Seat 6: dvikson folded before Flop (didn't bet)
Seat 7: q7w8 folded before Flop (didn't bet)
Seat 8: Picante26 folded on the River
Seat 9: SeregaM888 (button) folded before Flop (didn't bet)



PokerStars Hand #229293460539:  Hold'em No Limit ($0.01/$0.02 USD) - 2021/08/23 20:52:30 PT [2021/08/23 23:52:30 ET]
Table 'Sabauda' 9-max Seat #1 is the button
Seat 1: kanawake333 ($3.04 in chips) 
Seat 2: Dorex2007 ($4.66 in chips) 
Seat 3: SMUTJAN72 ($1.59 in chips) 
Seat 5: NickInPots ($2.03 in chips) 
Seat 6: dvikson ($1.79 in chips) 
Seat 7: q7w8 ($2.12 in chips) 
Seat 8: Picante26 ($1.79 in chips) 
Seat 9: SeregaM888 ($2 in chips) 
Dorex2007: posts small blind $0.01
SMUTJAN72: posts big blind $0.02
*VM*727: sits out 
*** HOLE CARDS ***
Dealt to Dorex2007 [4h 4d]
NickInPots: folds 
dvikson: calls $0.02
q7w8: folds 
Picante26: folds 
SeregaM888: raises $0.04 to $0.06
kanawake333: calls $0.06
Dorex2007: folds 
SMUTJAN72: folds 
dvikson: calls $0.04
*** FLOP *** [8h 6s 7s]
dvikson: checks 
SeregaM888: checks 
kanawake333: bets $0.16
dvikson: calls $0.16
SeregaM888: folds 
*** TURN *** [8h 6s 7s] [9h]
dvikson: checks 
kanawake333: checks 
*** RIVER *** [8h 6s 7s 9h] [8s]
dvikson: bets $0.25
kanawake333: raises $2.57 to $2.82 and is all-in
dvikson: folds 
Uncalled bet ($2.57) returned to kanawake333
kanawake333 collected $0.99 from pot
*** SUMMARY ***
Total pot $1.03 | Rake $0.04 
Board [8h 6s 7s 9h 8s]
Seat 1: kanawake333 (button) collected ($0.99)
Seat 2: Dorex2007 (small blind) folded before Flop
Seat 3: SMUTJAN72 (big blind) folded before Flop
Seat 5: NickInPots folded before Flop (didn't bet)
Seat 6: dvikson folded on the River
Seat 7: q7w8 folded before Flop (didn't bet)
Seat 8: Picante26 folded before Flop (didn't bet)
Seat 9: SeregaM888 folded on the Flop



PokerStars Hand #229293476286:  Hold'em No Limit ($0.01/$0.02 USD) - 2021/08/23 20:54:05 PT [2021/08/23 23:54:05 ET]
Table 'Sabauda' 9-max Seat #2 is the button
Seat 1: kanawake333 ($3.56 in chips) 
Seat 2: Dorex2007 ($4.65 in chips) 
Seat 3: SMUTJAN72 ($1.57 in chips) 
Seat 4: *VM*727 ($2 in chips) 
Seat 5: NickInPots ($2.03 in chips) 
Seat 6: dvikson ($1.32 in chips) 
Seat 7: q7w8 ($2.12 in chips) 
Seat 8: Picante26 ($1.79 in chips) 
Seat 9: SeregaM888 ($1.94 in chips) 
SMUTJAN72: posts small blind $0.01
*VM*727: posts big blind $0.02
*** HOLE CARDS ***
Dealt to Dorex2007 [6s 3c]
NickInPots: folds 
dvikson: calls $0.02
q7w8: folds 
Picante26: folds 
SeregaM888: folds 
kanawake333: folds 
Dorex2007: folds 
SMUTJAN72: folds 
*VM*727: checks 
*** FLOP *** [Td Ad 7d]
*VM*727: checks 
dvikson: bets $0.02
*VM*727: calls $0.02
*** TURN *** [Td Ad 7d] [Js]
*VM*727: checks 
dvikson: bets $0.04
*VM*727: calls $0.04
*** RIVER *** [Td Ad 7d Js] [9c]
*VM*727: checks 
dvikson: bets $0.08
*VM*727: calls $0.08
*** SHOW DOWN ***
dvikson: shows [5d Kd] (a flush, Ace high)
*VM*727: mucks hand 
dvikson collected $0.32 from pot
*** SUMMARY ***
Total pot $0.33 | Rake $0.01 
Board [Td Ad 7d Js 9c]
Seat 1: kanawake333 folded before Flop (didn't bet)
Seat 2: Dorex2007 (button) folded before Flop (didn't bet)
Seat 3: SMUTJAN72 (small blind) folded before Flop
Seat 4: *VM*727 (big blind) mucked [Jc 9d]
Seat 5: NickInPots folded before Flop (didn't bet)
Seat 6: dvikson showed [5d Kd] and won ($0.32) with a flush, Ace high
Seat 7: q7w8 folded before Flop (didn't bet)
Seat 8: Picante26 folded before Flop (didn't bet)
Seat 9: SeregaM888 folded before Flop (didn't bet)



PokerStars Hand #229293491105:  Hold'em No Limit ($0.01/$0.02 USD) - 2021/08/23 20:54:55 PT [2021/08/23 23:54:55 ET]
Table 'Sabauda' 9-max Seat #3 is the button
Seat 1: kanawake333 ($3.56 in chips) 
Seat 2: Dorex2007 ($4.65 in chips) 
Seat 3: SMUTJAN72 ($1.56 in chips) 
Seat 4: *VM*727 ($1.84 in chips) 
Seat 5: NickInPots ($2.03 in chips) 
Seat 6: dvikson ($1.48 in chips) 
Seat 7: q7w8 ($2.12 in chips) 
Seat 8: Picante26 ($1.79 in chips) 
Seat 9: SeregaM888 ($1.94 in chips) 
*VM*727: posts small blind $0.01
NickInPots: posts big blind $0.02
*** HOLE CARDS ***
Dealt to Dorex2007 [4s Kc]
dvikson: folds 
q7w8: folds 
Picante26: folds 
SeregaM888: folds 
kanawake333: folds 
Dorex2007: folds 
SMUTJAN72: raises $0.04 to $0.06
*VM*727: folds 
NickInPots: folds 
Uncalled bet ($0.04) returned to SMUTJAN72
SMUTJAN72 collected $0.05 from pot
*** SUMMARY ***
Total pot $0.05 | Rake $0 
Seat 1: kanawake333 folded before Flop (didn't bet)
Seat 2: Dorex2007 folded before Flop (didn't bet)
Seat 3: SMUTJAN72 (button) collected ($0.05)
Seat 4: *VM*727 (small blind) folded before Flop
Seat 5: NickInPots (big blind) folded before Flop
Seat 6: dvikson folded before Flop (didn't bet)
Seat 7: q7w8 folded before Flop (didn't bet)
Seat 8: Picante26 folded before Flop (didn't bet)
Seat 9: SeregaM888 folded before Flop (didn't bet)



PokerStars Hand #229293494759:  Hold'em No Limit ($0.01/$0.02 USD) - 2021/08/23 20:55:20 PT [2021/08/23 23:55:20 ET]
Table 'Sabauda' 9-max Seat #4 is the button
Seat 1: kanawake333 ($3.56 in chips) 
Seat 2: Dorex2007 ($4.65 in chips) 
Seat 3: SMUTJAN72 ($1.59 in chips) 
Seat 4: *VM*727 ($1.83 in chips) 
Seat 5: NickInPots ($2.01 in chips) 
Seat 6: dvikson ($1.48 in chips) 
Seat 7: q7w8 ($2.12 in chips) 
Seat 8: Picante26 ($1.79 in chips) 
Seat 9: SeregaM888 ($1.94 in chips) 
NickInPots: posts small blind $0.01
dvikson: posts big blind $0.02
*** HOLE CARDS ***
Dealt to Dorex2007 [4h 5d]
q7w8: folds 
Picante26: raises $0.03 to $0.05
SeregaM888: folds 
kanawake333: folds 
Dorex2007: folds 
SMUTJAN72: folds 
*VM*727: folds 
NickInPots: folds 
dvikson: folds 
Uncalled bet ($0.03) returned to Picante26
Picante26 collected $0.05 from pot
Picante26: doesn't show hand 
*** SUMMARY ***
Total pot $0.05 | Rake $0 
Seat 1: kanawake333 folded before Flop (didn't bet)
Seat 2: Dorex2007 folded before Flop (didn't bet)
Seat 3: SMUTJAN72 folded before Flop (didn't bet)
Seat 4: *VM*727 (button) folded before Flop (didn't bet)
Seat 5: NickInPots (small blind) folded before Flop
Seat 6: dvikson (big blind) folded before Flop
Seat 7: q7w8 folded before Flop (didn't bet)
Seat 8: Picante26 collected ($0.05)
Seat 9: SeregaM888 folded before Flop (didn't bet)



PokerStars Hand #229293498553:  Hold'em No Limit ($0.01/$0.02 USD) - 2021/08/23 20:55:47 PT [2021/08/23 23:55:47 ET]
Table 'Sabauda' 9-max Seat #5 is the button
Seat 1: kanawake333 ($3.56 in chips) 
Seat 2: Dorex2007 ($4.65 in chips) 
Seat 3: SMUTJAN72 ($1.59 in chips) 
Seat 4: *VM*727 ($1.83 in chips) 
Seat 5: NickInPots ($2 in chips) 
Seat 6: dvikson ($1.46 in chips) 
Seat 7: q7w8 ($2.12 in chips) 
Seat 8: Picante26 ($1.82 in chips) 
Seat 9: SeregaM888 ($1.94 in chips) 
dvikson: posts small blind $0.01
q7w8: posts big blind $0.02
*** HOLE CARDS ***
Dealt to Dorex2007 [8s 3c]
Picante26: folds 
SeregaM888: folds 
kanawake333: folds 
Dorex2007: folds 
SMUTJAN72: folds 
*VM*727: calls $0.02
NickInPots: folds 
dvikson: calls $0.01
q7w8: checks 
*** FLOP *** [8d 6h 3h]
dvikson: checks 
q7w8: checks 
*VM*727: checks 
*** TURN *** [8d 6h 3h] [Ac]
dvikson: checks 
q7w8: checks 
*VM*727: bets $0.03
dvikson: calls $0.03
q7w8: folds 
*** RIVER *** [8d 6h 3h Ac] [2d]
dvikson: checks 
*VM*727: checks 
*** SHOW DOWN ***
dvikson: shows [Ts 8h] (a pair of Eights)
*VM*727: mucks hand 
dvikson collected $0.12 from pot
*** SUMMARY ***
Total pot $0.12 | Rake $0 
Board [8d 6h 3h Ac 2d]
Seat 1: kanawake333 folded before Flop (didn't bet)
Seat 2: Dorex2007 folded before Flop (didn't bet)
Seat 3: SMUTJAN72 folded before Flop (didn't bet)
Seat 4: *VM*727 mucked [7s 6d]
Seat 5: NickInPots (button) folded before Flop (didn't bet)
Seat 6: dvikson (small blind) showed [Ts 8h] and won ($0.12) with a pair of Eights
Seat 7: q7w8 (big blind) folded on the Turn
Seat 8: Picante26 folded before Flop (didn't bet)
Seat 9: SeregaM888 folded before Flop (didn't bet)



PokerStars Hand #229293508517:  Hold'em No Limit ($0.01/$0.02 USD) - 2021/08/23 20:57:01 PT [2021/08/23 23:57:01 ET]
Table 'Sabauda' 9-max Seat #6 is the button
Seat 1: kanawake333 ($3.56 in chips) 
Seat 2: Dorex2007 ($4.65 in chips) 
Seat 3: SMUTJAN72 ($1.59 in chips) 
Seat 4: *VM*727 ($1.78 in chips) 
Seat 5: NickInPots ($2 in chips) 
Seat 6: dvikson ($1.53 in chips) 
Seat 7: q7w8 ($2.10 in chips) 
Seat 8: Picante26 ($1.82 in chips) 
Seat 9: SeregaM888 ($1.94 in chips) 
q7w8: posts small blind $0.01
Picante26: posts big blind $0.02
*** HOLE CARDS ***
Dealt to Dorex2007 [Kc 8d]
SeregaM888: folds 
kanawake333: folds 
Dorex2007: folds 
SMUTJAN72: folds 
*VM*727: raises $0.04 to $0.06
NickInPots: folds 
dvikson: folds 
q7w8: folds 
Picante26: folds 
Uncalled bet ($0.04) returned to *VM*727
*VM*727 collected $0.05 from pot
*** SUMMARY ***
Total pot $0.05 | Rake $0 
Seat 1: kanawake333 folded before Flop (didn't bet)
Seat 2: Dorex2007 folded before Flop (didn't bet)
Seat 3: SMUTJAN72 folded before Flop (didn't bet)
Seat 4: *VM*727 collected ($0.05)
Seat 5: NickInPots folded before Flop (didn't bet)
Seat 6: dvikson (button) folded before Flop (didn't bet)
Seat 7: q7w8 (small blind) folded before Flop
Seat 8: Picante26 (big blind) folded before Flop
Seat 9: SeregaM888 folded before Flop (didn't bet)



PokerStars Hand #229293512432:  Hold'em No Limit ($0.01/$0.02 USD) - 2021/08/23 20:57:29 PT [2021/08/23 23:57:29 ET]
Table 'Sabauda' 9-max Seat #7 is the button
Seat 1: kanawake333 ($3.56 in chips) 
Seat 2: Dorex2007 ($4.65 in chips) 
Seat 3: SMUTJAN72 ($1.59 in chips) 
Seat 4: *VM*727 ($1.81 in chips) 
Seat 5: NickInPots ($2 in chips) 
Seat 6: dvikson ($1.53 in chips) 
Seat 7: q7w8 ($2.09 in chips) 
Seat 8: Picante26 ($1.80 in chips) 
Seat 9: SeregaM888 ($1.94 in chips) 
Picante26: posts small blind $0.01
SeregaM888: posts big blind $0.02
*** HOLE CARDS ***
Dealt to Dorex2007 [7h 2s]
kanawake333: folds 
Dorex2007: folds 
SMUTJAN72: folds 
*VM*727: folds 
NickInPots: folds 
dvikson: folds 
q7w8: raises $0.02 to $0.04
Picante26: calls $0.03
SeregaM888: calls $0.02
*** FLOP *** [8d 2d 5s]
Picante26: checks 
SeregaM888: checks 
q7w8: checks 
*** TURN *** [8d 2d 5s] [Td]
Picante26: bets $0.06
SeregaM888: calls $0.06
q7w8: folds 
*** RIVER *** [8d 2d 5s Td] [9s]
Picante26: bets $0.12
SeregaM888: calls $0.12
*** SHOW DOWN ***
Picante26: shows [8s Ad] (a pair of Eights)
SeregaM888: shows [9d Kc] (a pair of Nines)
SeregaM888 collected $0.46 from pot
*** SUMMARY ***
Total pot $0.48 | Rake $0.02 
Board [8d 2d 5s Td 9s]
Seat 1: kanawake333 folded before Flop (didn't bet)
Seat 2: Dorex2007 folded before Flop (didn't bet)
Seat 3: SMUTJAN72 folded before Flop (didn't bet)
Seat 4: *VM*727 folded before Flop (didn't bet)
Seat 5: NickInPots folded before Flop (didn't bet)
Seat 6: dvikson folded before Flop (didn't bet)
Seat 7: q7w8 (button) folded on the Turn
Seat 8: Picante26 (small blind) showed [8s Ad] and lost with a pair of Eights
Seat 9: SeregaM888 (big blind) showed [9d Kc] and won ($0.46) with a pair of Nines



PokerStars Hand #229293522677:  Hold'em No Limit ($0.01/$0.02 USD) - 2021/08/23 20:58:45 PT [2021/08/23 23:58:45 ET]
Table 'Sabauda' 9-max Seat #8 is the button
Seat 1: kanawake333 ($3.56 in chips) 
Seat 2: Dorex2007 ($4.65 in chips) 
Seat 3: SMUTJAN72 ($1.59 in chips) 
Seat 4: *VM*727 ($1.81 in chips) 
Seat 5: NickInPots ($2 in chips) 
Seat 6: dvikson ($1.53 in chips) 
Seat 7: q7w8 ($2.05 in chips) 
Seat 8: Picante26 ($1.58 in chips) 
Seat 9: SeregaM888 ($2.18 in chips) 
SeregaM888: posts small blind $0.01
kanawake333: posts big blind $0.02
*** HOLE CARDS ***
Dealt to Dorex2007 [4d 4c]
Dorex2007: folds 
SMUTJAN72: raises $0.04 to $0.06
*VM*727: folds 
NickInPots: folds 
dvikson: calls $0.06
q7w8: folds 
Picante26: folds 
SeregaM888: calls $0.05
kanawake333: folds 
*** FLOP *** [9c Js 2d]
SeregaM888: checks 
SMUTJAN72: bets $0.19
dvikson: calls $0.19
SeregaM888: folds 
*** TURN *** [9c Js 2d] [3s]
SMUTJAN72: bets $0.56
dvikson: raises $0.72 to $1.28 and is all-in
SMUTJAN72: calls $0.72
*** RIVER *** [9c Js 2d 3s] [6h]
*** SHOW DOWN ***
SMUTJAN72: shows [Ac Jc] (a pair of Jacks)
dvikson: shows [Ad Ah] (a pair of Aces)
dvikson cashed out the hand for $2.86 | Cash Out Fee $0.03
*** SUMMARY ***
Total pot $3.14 | Rake $0.11 
Board [9c Js 2d 3s 6h]
Seat 1: kanawake333 (big blind) folded before Flop
Seat 2: Dorex2007 folded before Flop (didn't bet)
Seat 3: SMUTJAN72 showed [Ac Jc] and lost with a pair of Jacks
Seat 4: *VM*727 folded before Flop (didn't bet)
Seat 5: NickInPots folded before Flop (didn't bet)
Seat 6: dvikson showed [Ad Ah] and won ($3.03) with a pair of Aces (pot not awarded as player cashed out)
Seat 7: q7w8 folded before Flop (didn't bet)
Seat 8: Picante26 (button) folded before Flop (didn't bet)
Seat 9: SeregaM888 (small blind) folded on the Flop



PokerStars Hand #229293531591:  Hold'em No Limit ($0.01/$0.02 USD) - 2021/08/23 20:59:52 PT [2021/08/23 23:59:52 ET]
Table 'Sabauda' 9-max Seat #9 is the button
Seat 1: kanawake333 ($3.54 in chips) 
Seat 2: Dorex2007 ($4.65 in chips) 
Seat 3: SMUTJAN72 ($0.06 in chips) 
Seat 4: *VM*727 ($1.81 in chips) 
Seat 5: NickInPots ($2 in chips) 
Seat 6: dvikson ($2.86 in chips) 
Seat 7: q7w8 ($2.05 in chips) 
Seat 8: Picante26 ($1.58 in chips) 
Seat 9: SeregaM888 ($2.12 in chips) 
kanawake333: posts small blind $0.01
Dorex2007: posts big blind $0.02
*** HOLE CARDS ***
Dealt to Dorex2007 [Ac 3s]
SMUTJAN72: folds 
*VM*727: folds 
NickInPots: folds 
dvikson: folds 
q7w8: folds 
Picante26: raises $0.03 to $0.05
SeregaM888: folds 
kanawake333: calls $0.04
Dorex2007: folds 
*** FLOP *** [7h Jd 5c]
kanawake333: bets $0.06
Picante26: raises $0.12 to $0.18
kanawake333: calls $0.12
*** TURN *** [7h Jd 5c] [Qh]
kanawake333: bets $0.23
Picante26: raises $1.12 to $1.35 and is all-in
kanawake333: folds 
Uncalled bet ($1.12) returned to Picante26
Picante26 collected $0.91 from pot
Picante26: doesn't show hand 
*** SUMMARY ***
Total pot $0.94 | Rake $0.03 
Board [7h Jd 5c Qh]
Seat 1: kanawake333 (small blind) folded on the Turn
Seat 2: Dorex2007 (big blind) folded before Flop
Seat 3: SMUTJAN72 folded before Flop (didn't bet)
Seat 4: *VM*727 folded before Flop (didn't bet)
Seat 5: NickInPots folded before Flop (didn't bet)
Seat 6: dvikson folded before Flop (didn't bet)
Seat 7: q7w8 folded before Flop (didn't bet)
Seat 8: Picante26 collected ($0.91)
Seat 9: SeregaM888 (button) folded before Flop (didn't bet)



