PokerStars Hand #227356032011:  Hold'em No Limit ($0.01/$0.02 USD) - 2021/06/05 14:35:54 PT [2021/06/05 17:35:54 ET]
Table 'Anteros' 9-max Seat #5 is the button
Seat 1: k . A_063 ($2.34 in chips) 
Seat 2: Dorex2007 ($2 in chips) 
Seat 3: polly727 ($2.13 in chips) 
Seat 4: theweemon ($1.70 in chips) 
Seat 5: xxxx35 ($5.08 in chips) 
Seat 6: vadim3107 ($2.37 in chips) 
Seat 7: toonlass246 ($0.58 in chips) 
Seat 8: MArtin Justina0 ($1.49 in chips) 
vadim3107: posts small blind $0.01
toonlass246: posts big blind $0.02
lm0609: sits out 
Dorex2007: posts big blind $0.02
*** HOLE CARDS ***
Dealt to Dorex2007 [7c Ks]
MArtin Justina0: folds 
k . A_063: folds 
Dorex2007: checks 
polly727: folds 
theweemon: folds 
xxxx35: folds 
vadim3107: folds 
toonlass246: checks 
*** FLOP *** [Kd 8s 6h]
toonlass246: checks 
Dorex2007: bets $0.05
toonlass246: folds 
Uncalled bet ($0.05) returned to Dorex2007
Dorex2007 collected $0.05 from pot
Dorex2007: doesn't show hand 
*** SUMMARY ***
Total pot $0.05 | Rake $0 
Board [Kd 8s 6h]
Seat 1: k . A_063 folded before Flop (didn't bet)
Seat 2: Dorex2007 collected ($0.05)
Seat 3: polly727 folded before Flop (didn't bet)
Seat 4: theweemon folded before Flop (didn't bet)
Seat 5: xxxx35 (button) folded before Flop (didn't bet)
Seat 6: vadim3107 (small blind) folded before Flop
Seat 7: toonlass246 (big blind) folded on the Flop
Seat 8: MArtin Justina0 folded before Flop (didn't bet)



PokerStars Hand #227356047692:  Hold'em No Limit ($0.01/$0.02 USD) - 2021/06/05 14:36:27 PT [2021/06/05 17:36:27 ET]
Table 'Anteros' 9-max Seat #6 is the button
Seat 1: k . A_063 ($2.34 in chips) 
Seat 2: Dorex2007 ($2.03 in chips) 
Seat 3: polly727 ($2.13 in chips) 
Seat 4: theweemon ($1.70 in chips) 
Seat 5: xxxx35 ($5.08 in chips) 
Seat 6: vadim3107 ($2.36 in chips) 
Seat 7: toonlass246 ($0.56 in chips) 
Seat 8: MArtin Justina0 ($1.49 in chips) 
toonlass246: posts small blind $0.01
MArtin Justina0: posts big blind $0.02
lm0609: sits out 
*** HOLE CARDS ***
Dealt to Dorex2007 [7c 5h]
k . A_063: folds 
Dorex2007: folds 
polly727: folds 
theweemon: folds 
xxxx35: folds 
vadim3107: raises $0.02 to $0.04
toonlass246: calls $0.03
MArtin Justina0: calls $0.02
*** FLOP *** [8h 6d 7s]
toonlass246: checks 
MArtin Justina0: checks 
vadim3107: bets $0.06
toonlass246: calls $0.06
MArtin Justina0: calls $0.06
*** TURN *** [8h 6d 7s] [Kh]
toonlass246: bets $0.46 and is all-in
MArtin Justina0: folds 
vadim3107: folds 
Uncalled bet ($0.46) returned to toonlass246
toonlass246 collected $0.29 from pot
toonlass246: doesn't show hand 
*** SUMMARY ***
Total pot $0.30 | Rake $0.01 
Board [8h 6d 7s Kh]
Seat 1: k . A_063 folded before Flop (didn't bet)
Seat 2: Dorex2007 folded before Flop (didn't bet)
Seat 3: polly727 folded before Flop (didn't bet)
Seat 4: theweemon folded before Flop (didn't bet)
Seat 5: xxxx35 folded before Flop (didn't bet)
Seat 6: vadim3107 (button) folded on the Turn
Seat 7: toonlass246 (small blind) collected ($0.29)
Seat 8: MArtin Justina0 (big blind) folded on the Turn



PokerStars Hand #227356070038:  Hold'em No Limit ($0.01/$0.02 USD) - 2021/06/05 14:37:13 PT [2021/06/05 17:37:13 ET]
Table 'Anteros' 9-max Seat #7 is the button
Seat 1: k . A_063 ($2.34 in chips) 
Seat 2: Dorex2007 ($2.03 in chips) 
Seat 3: polly727 ($2.13 in chips) 
Seat 4: theweemon ($1.70 in chips) 
Seat 5: xxxx35 ($5.08 in chips) 
Seat 6: vadim3107 ($2.26 in chips) 
Seat 7: toonlass246 ($0.75 in chips) 
Seat 8: MArtin Justina0 ($1.39 in chips) 
Seat 9: lm0609 ($2 in chips) 
MArtin Justina0: posts small blind $0.01
lm0609: posts big blind $0.02
*** HOLE CARDS ***
Dealt to Dorex2007 [9h Ks]
k . A_063: folds 
Dorex2007: folds 
polly727: raises $0.02 to $0.04
theweemon: folds 
xxxx35: folds 
vadim3107: folds 
toonlass246: folds 
MArtin Justina0: calls $0.03
lm0609: folds 
*** FLOP *** [7c 9c 9s]
MArtin Justina0: checks 
polly727: bets $0.05
MArtin Justina0: folds 
Uncalled bet ($0.05) returned to polly727
polly727 collected $0.10 from pot
*** SUMMARY ***
Total pot $0.10 | Rake $0 
Board [7c 9c 9s]
Seat 1: k . A_063 folded before Flop (didn't bet)
Seat 2: Dorex2007 folded before Flop (didn't bet)
Seat 3: polly727 collected ($0.10)
Seat 4: theweemon folded before Flop (didn't bet)
Seat 5: xxxx35 folded before Flop (didn't bet)
Seat 6: vadim3107 folded before Flop (didn't bet)
Seat 7: toonlass246 (button) folded before Flop (didn't bet)
Seat 8: MArtin Justina0 (small blind) folded on the Flop
Seat 9: lm0609 (big blind) folded before Flop



PokerStars Hand #227356095188:  Hold'em No Limit ($0.01/$0.02 USD) - 2021/06/05 14:38:06 PT [2021/06/05 17:38:06 ET]
Table 'Anteros' 9-max Seat #8 is the button
Seat 1: k . A_063 ($2.34 in chips) 
Seat 2: Dorex2007 ($2.03 in chips) 
Seat 3: polly727 ($2.19 in chips) 
Seat 4: theweemon ($1.70 in chips) 
Seat 5: xxxx35 ($5.08 in chips) 
Seat 6: vadim3107 ($2.26 in chips) 
Seat 7: toonlass246 ($0.75 in chips) 
Seat 8: MArtin Justina0 ($1.35 in chips) 
Seat 9: lm0609 ($2 in chips) 
lm0609: posts small blind $0.01
k . A_063: posts big blind $0.02
*** HOLE CARDS ***
Dealt to Dorex2007 [3d 7c]
Dorex2007: folds 
polly727: folds 
theweemon: folds 
xxxx35: folds 
vadim3107: folds 
toonlass246: calls $0.02
MArtin Justina0: folds 
lm0609: folds 
k . A_063: checks 
*** FLOP *** [9d Qd 4c]
k . A_063: checks 
toonlass246: checks 
*** TURN *** [9d Qd 4c] [7d]
k . A_063: checks 
toonlass246: bets $0.05
k . A_063: folds 
Uncalled bet ($0.05) returned to toonlass246
toonlass246 collected $0.05 from pot
toonlass246: doesn't show hand 
*** SUMMARY ***
Total pot $0.05 | Rake $0 
Board [9d Qd 4c 7d]
Seat 1: k . A_063 (big blind) folded on the Turn
Seat 2: Dorex2007 folded before Flop (didn't bet)
Seat 3: polly727 folded before Flop (didn't bet)
Seat 4: theweemon folded before Flop (didn't bet)
Seat 5: xxxx35 folded before Flop (didn't bet)
Seat 6: vadim3107 folded before Flop (didn't bet)
Seat 7: toonlass246 collected ($0.05)
Seat 8: MArtin Justina0 (button) folded before Flop (didn't bet)
Seat 9: lm0609 (small blind) folded before Flop



PokerStars Hand #227356116882:  Hold'em No Limit ($0.01/$0.02 USD) - 2021/06/05 14:38:50 PT [2021/06/05 17:38:50 ET]
Table 'Anteros' 9-max Seat #9 is the button
Seat 1: k . A_063 ($2.32 in chips) 
Seat 2: Dorex2007 ($2.03 in chips) 
Seat 3: polly727 ($2.19 in chips) 
Seat 4: theweemon ($1.70 in chips) 
Seat 5: xxxx35 ($5.08 in chips) 
Seat 6: vadim3107 ($2.26 in chips) 
Seat 7: toonlass246 ($0.78 in chips) 
Seat 8: MArtin Justina0 ($1.35 in chips) 
Seat 9: lm0609 ($2 in chips) 
k . A_063: posts small blind $0.01
Dorex2007: posts big blind $0.02
*** HOLE CARDS ***
Dealt to Dorex2007 [Ac 9h]
polly727: folds 
theweemon: folds 
xxxx35: raises $0.02 to $0.04
vadim3107: folds 
toonlass246: folds 
MArtin Justina0: folds 
lm0609: folds 
k . A_063: folds 
Dorex2007: calls $0.02
*** FLOP *** [Js Tc 9c]
Dorex2007: checks 
xxxx35: checks 
*** TURN *** [Js Tc 9c] [2d]
Dorex2007: bets $0.06
xxxx35: folds 
Uncalled bet ($0.06) returned to Dorex2007
Dorex2007 collected $0.09 from pot
Dorex2007: doesn't show hand 
*** SUMMARY ***
Total pot $0.09 | Rake $0 
Board [Js Tc 9c 2d]
Seat 1: k . A_063 (small blind) folded before Flop
Seat 2: Dorex2007 (big blind) collected ($0.09)
Seat 3: polly727 folded before Flop (didn't bet)
Seat 4: theweemon folded before Flop (didn't bet)
Seat 5: xxxx35 folded on the Turn
Seat 6: vadim3107 folded before Flop (didn't bet)
Seat 7: toonlass246 folded before Flop (didn't bet)
Seat 8: MArtin Justina0 folded before Flop (didn't bet)
Seat 9: lm0609 (button) folded before Flop (didn't bet)



PokerStars Hand #227356143637:  Hold'em No Limit ($0.01/$0.02 USD) - 2021/06/05 14:39:47 PT [2021/06/05 17:39:47 ET]
Table 'Anteros' 9-max Seat #1 is the button
Seat 1: k . A_063 ($2.31 in chips) 
Seat 2: Dorex2007 ($2.08 in chips) 
Seat 3: polly727 ($2.19 in chips) 
Seat 4: theweemon ($1.70 in chips) 
Seat 5: xxxx35 ($5.04 in chips) 
Seat 6: vadim3107 ($2.26 in chips) 
Seat 7: toonlass246 ($0.78 in chips) 
Seat 8: MArtin Justina0 ($1.35 in chips) 
Seat 9: lm0609 ($2 in chips) 
Dorex2007: posts small blind $0.01
polly727: posts big blind $0.02
*** HOLE CARDS ***
Dealt to Dorex2007 [Tc 6d]
theweemon: folds 
xxxx35: folds 
vadim3107: folds 
toonlass246: folds 
MArtin Justina0: calls $0.02
lm0609: folds 
k . A_063: folds 
Dorex2007: folds 
vadim3107 leaves the table
polly727: checks 
*** FLOP *** [Qd 7s 2c]
polly727: bets $0.03
MArtin Justina0: calls $0.03
*** TURN *** [Qd 7s 2c] [7h]
letsg0fishin joins the table at seat #6 
polly727: bets $0.06
MArtin Justina0: calls $0.06
*** RIVER *** [Qd 7s 2c 7h] [Ks]
polly727: checks 
MArtin Justina0: checks 
*** SHOW DOWN ***
polly727: shows [Qh Th] (two pair, Queens and Sevens)
MArtin Justina0: mucks hand 
polly727 collected $0.22 from pot
*** SUMMARY ***
Total pot $0.23 | Rake $0.01 
Board [Qd 7s 2c 7h Ks]
Seat 1: k . A_063 (button) folded before Flop (didn't bet)
Seat 2: Dorex2007 (small blind) folded before Flop
Seat 3: polly727 (big blind) showed [Qh Th] and won ($0.22) with two pair, Queens and Sevens
Seat 4: theweemon folded before Flop (didn't bet)
Seat 5: xxxx35 folded before Flop (didn't bet)
Seat 6: vadim3107 folded before Flop (didn't bet)
Seat 7: toonlass246 folded before Flop (didn't bet)
Seat 8: MArtin Justina0 mucked [Js Jd]
Seat 9: lm0609 folded before Flop (didn't bet)



PokerStars Hand #227356162310:  Hold'em No Limit ($0.01/$0.02 USD) - 2021/06/05 14:40:26 PT [2021/06/05 17:40:26 ET]
Table 'Anteros' 9-max Seat #2 is the button
Seat 1: k . A_063 ($2.31 in chips) 
Seat 2: Dorex2007 ($2.07 in chips) 
Seat 3: polly727 ($2.30 in chips) 
Seat 4: theweemon ($1.70 in chips) 
Seat 5: xxxx35 ($5.04 in chips) 
Seat 7: toonlass246 ($0.78 in chips) 
Seat 8: MArtin Justina0 ($1.24 in chips) 
Seat 9: lm0609 ($2 in chips) 
polly727: posts small blind $0.01
theweemon: posts big blind $0.02
letsg0fishin: sits out 
*** HOLE CARDS ***
Dealt to Dorex2007 [Jh 7h]
xxxx35: folds 
toonlass246: calls $0.02
MArtin Justina0: raises $0.04 to $0.06
lm0609: calls $0.06
k . A_063: folds 
Dorex2007: folds 
polly727: folds 
theweemon: calls $0.04
toonlass246: calls $0.04
*** FLOP *** [Ts 9s 7d]
theweemon: checks 
toonlass246: checks 
MArtin Justina0: bets $0.02
lm0609: calls $0.02
theweemon: calls $0.02
toonlass246: calls $0.02
*** TURN *** [Ts 9s 7d] [2h]
theweemon: checks 
toonlass246: checks 
MArtin Justina0: bets $0.02
lm0609: folds 
theweemon: calls $0.02
toonlass246: calls $0.02
*** RIVER *** [Ts 9s 7d 2h] [5h]
theweemon: checks 
toonlass246: checks 
MArtin Justina0: bets $0.04
theweemon: calls $0.04
toonlass246: folds 
*** SHOW DOWN ***
MArtin Justina0: shows [Js Jc] (a pair of Jacks)
theweemon: mucks hand 
MArtin Justina0 collected $0.45 from pot
*** SUMMARY ***
Total pot $0.47 | Rake $0.02 
Board [Ts 9s 7d 2h 5h]
Seat 1: k . A_063 folded before Flop (didn't bet)
Seat 2: Dorex2007 (button) folded before Flop (didn't bet)
Seat 3: polly727 (small blind) folded before Flop
Seat 4: theweemon (big blind) mucked [Kh Th]
Seat 5: xxxx35 folded before Flop (didn't bet)
Seat 7: toonlass246 folded on the River
Seat 8: MArtin Justina0 showed [Js Jc] and won ($0.45) with a pair of Jacks
Seat 9: lm0609 folded on the Turn



PokerStars Hand #227356191109:  Hold'em No Limit ($0.01/$0.02 USD) - 2021/06/05 14:41:27 PT [2021/06/05 17:41:27 ET]
Table 'Anteros' 9-max Seat #3 is the button
Seat 1: k . A_063 ($2.31 in chips) 
Seat 2: Dorex2007 ($2.07 in chips) 
Seat 3: polly727 ($2.29 in chips) 
Seat 4: theweemon ($1.56 in chips) 
Seat 6: letsg0fishin ($2 in chips) 
Seat 7: toonlass246 ($0.68 in chips) 
Seat 8: MArtin Justina0 ($1.55 in chips) 
Seat 9: lm0609 ($2 in chips) 
theweemon: posts small blind $0.01
xxxx35: is sitting out 
letsg0fishin: posts big blind $0.02
*** HOLE CARDS ***
Dealt to Dorex2007 [Ts 6d]
toonlass246: calls $0.02
MArtin Justina0: calls $0.02
lm0609: folds 
k . A_063: folds 
Dorex2007: folds 
polly727: folds 
theweemon: folds 
letsg0fishin: checks 
*** FLOP *** [7d 3c 5c]
letsg0fishin: checks 
toonlass246: checks 
MArtin Justina0: checks 
*** TURN *** [7d 3c 5c] [Jc]
letsg0fishin: checks 
toonlass246: checks 
MArtin Justina0: checks 
*** RIVER *** [7d 3c 5c Jc] [8s]
letsg0fishin: checks 
toonlass246: checks 
xxxx35 leaves the table
MArtin Justina0: checks 
*** SHOW DOWN ***
letsg0fishin: shows [Ah 2d] (high card Ace)
toonlass246: shows [Qd 7c] (a pair of Sevens)
MArtin Justina0: mucks hand 
toonlass246 collected $0.07 from pot
*** SUMMARY ***
Total pot $0.07 | Rake $0 
Board [7d 3c 5c Jc 8s]
Seat 1: k . A_063 folded before Flop (didn't bet)
Seat 2: Dorex2007 folded before Flop (didn't bet)
Seat 3: polly727 (button) folded before Flop (didn't bet)
Seat 4: theweemon (small blind) folded before Flop
Seat 6: letsg0fishin (big blind) showed [Ah 2d] and lost with high card Ace
Seat 7: toonlass246 showed [Qd 7c] and won ($0.07) with a pair of Sevens
Seat 8: MArtin Justina0 mucked [7h 9s]
Seat 9: lm0609 folded before Flop (didn't bet)



PokerStars Hand #227356212133:  Hold'em No Limit ($0.01/$0.02 USD) - 2021/06/05 14:42:11 PT [2021/06/05 17:42:11 ET]
Table 'Anteros' 9-max Seat #4 is the button
Seat 1: k . A_063 ($2.31 in chips) 
Seat 2: Dorex2007 ($2.07 in chips) 
Seat 3: polly727 ($2.29 in chips) 
Seat 4: theweemon ($1.55 in chips) 
Seat 7: toonlass246 ($0.73 in chips) 
Seat 8: MArtin Justina0 ($1.53 in chips) 
Seat 9: lm0609 ($2 in chips) 
toonlass246: posts small blind $0.01
MArtin Justina0: posts big blind $0.02
*** HOLE CARDS ***
Dealt to Dorex2007 [5c Ad]
lm0609: folds 
k . A_063: folds 
Dorex2007: folds 
letsg0fishin leaves the table
polly727: folds 
theweemon: raises $0.02 to $0.04
toonlass246: folds 
MArtin Justina0: calls $0.02
*** FLOP *** [Ah 8c Kh]
MArtin Justina0: checks 
theweemon: bets $0.02
MArtin Justina0: folds 
Uncalled bet ($0.02) returned to theweemon
theweemon collected $0.09 from pot
theweemon: doesn't show hand 
*** SUMMARY ***
Total pot $0.09 | Rake $0 
Board [Ah 8c Kh]
Seat 1: k . A_063 folded before Flop (didn't bet)
Seat 2: Dorex2007 folded before Flop (didn't bet)
Seat 3: polly727 folded before Flop (didn't bet)
Seat 4: theweemon (button) collected ($0.09)
Seat 7: toonlass246 (small blind) folded before Flop
Seat 8: MArtin Justina0 (big blind) folded on the Flop
Seat 9: lm0609 folded before Flop (didn't bet)



PokerStars Hand #227356225037:  Hold'em No Limit ($0.01/$0.02 USD) - 2021/06/05 14:42:38 PT [2021/06/05 17:42:38 ET]
Table 'Anteros' 9-max Seat #7 is the button
Seat 1: k . A_063 ($2.31 in chips) 
Seat 2: Dorex2007 ($2.07 in chips) 
Seat 3: polly727 ($2.29 in chips) 
Seat 4: theweemon ($1.60 in chips) 
Seat 7: toonlass246 ($0.72 in chips) 
Seat 8: MArtin Justina0 ($1.49 in chips) 
Seat 9: lm0609 ($2 in chips) 
MArtin Justina0: posts small blind $0.01
lm0609: posts big blind $0.02
*** HOLE CARDS ***
Dealt to Dorex2007 [Th Jc]
k . A_063: folds 
Dorex2007: folds 
polly727: folds 
theweemon: calls $0.02
toonlass246: calls $0.02
MArtin Justina0: raises $0.02 to $0.04
lm0609: folds 
theweemon: calls $0.02
toonlass246: calls $0.02
*** FLOP *** [Ts Kd 6h]
MArtin Justina0: bets $0.02
theweemon: calls $0.02
toonlass246: calls $0.02
*** TURN *** [Ts Kd 6h] [Kc]
MArtin Justina0: checks 
theweemon: checks 
toonlass246: checks 
*** RIVER *** [Ts Kd 6h Kc] [As]
MArtin Justina0: checks 
theweemon: checks 
toonlass246: checks 
*** SHOW DOWN ***
MArtin Justina0: shows [Js Qc] (a straight, Ten to Ace)
theweemon: mucks hand 
toonlass246: mucks hand 
MArtin Justina0 collected $0.19 from pot
*** SUMMARY ***
Total pot $0.20 | Rake $0.01 
Board [Ts Kd 6h Kc As]
Seat 1: k . A_063 folded before Flop (didn't bet)
Seat 2: Dorex2007 folded before Flop (didn't bet)
Seat 3: polly727 folded before Flop (didn't bet)
Seat 4: theweemon mucked [6c 9c]
Seat 7: toonlass246 (button) mucked [7d 4d]
Seat 8: MArtin Justina0 (small blind) showed [Js Qc] and won ($0.19) with a straight, Ten to Ace
Seat 9: lm0609 (big blind) folded before Flop



PokerStars Hand #227356249451:  Hold'em No Limit ($0.01/$0.02 USD) - 2021/06/05 14:43:29 PT [2021/06/05 17:43:29 ET]
Table 'Anteros' 9-max Seat #8 is the button
Seat 1: k . A_063 ($2.31 in chips) 
Seat 2: Dorex2007 ($2.07 in chips) 
Seat 3: polly727 ($2.29 in chips) 
Seat 4: theweemon ($1.54 in chips) 
Seat 7: toonlass246 ($0.66 in chips) 
Seat 8: MArtin Justina0 ($1.62 in chips) 
Seat 9: lm0609 ($2 in chips) 
lm0609: posts small blind $0.01
k . A_063: posts big blind $0.02
*** HOLE CARDS ***
Dealt to Dorex2007 [4s 5c]
Dorex2007: folds 
polly727: folds 
theweemon: folds 
toonlass246: calls $0.02
MArtin Justina0: folds 
lm0609: folds 
k . A_063: checks 
*** FLOP *** [Ks Kc Js]
k . A_063: checks 
toonlass246: checks 
*** TURN *** [Ks Kc Js] [6s]
k . A_063: checks 
toonlass246: checks 
*** RIVER *** [Ks Kc Js 6s] [2h]
k . A_063: checks 
toonlass246: checks 
*** SHOW DOWN ***
k . A_063: shows [7h 4d] (a pair of Kings)
toonlass246: shows [9d 7d] (a pair of Kings - Jack+Nine kicker)
toonlass246 collected $0.05 from pot
*** SUMMARY ***
Total pot $0.05 | Rake $0 
Board [Ks Kc Js 6s 2h]
Seat 1: k . A_063 (big blind) showed [7h 4d] and lost with a pair of Kings
Seat 2: Dorex2007 folded before Flop (didn't bet)
Seat 3: polly727 folded before Flop (didn't bet)
Seat 4: theweemon folded before Flop (didn't bet)
Seat 7: toonlass246 showed [9d 7d] and won ($0.05) with a pair of Kings
Seat 8: MArtin Justina0 (button) folded before Flop (didn't bet)
Seat 9: lm0609 (small blind) folded before Flop



PokerStars Hand #227356262933:  Hold'em No Limit ($0.01/$0.02 USD) - 2021/06/05 14:43:57 PT [2021/06/05 17:43:57 ET]
Table 'Anteros' 9-max Seat #9 is the button
Seat 1: k . A_063 ($2.29 in chips) 
Seat 2: Dorex2007 ($2.07 in chips) 
Seat 3: polly727 ($2.29 in chips) 
Seat 4: theweemon ($1.54 in chips) 
Seat 7: toonlass246 ($0.69 in chips) 
Seat 8: MArtin Justina0 ($1.62 in chips) 
Seat 9: lm0609 ($2 in chips) 
k . A_063: posts small blind $0.01
Dorex2007: posts big blind $0.02
*** HOLE CARDS ***
Dealt to Dorex2007 [7c 4h]
polly727: folds 
theweemon: calls $0.02
toonlass246: calls $0.02
MArtin Justina0 has timed out
MArtin Justina0: folds 
lm0609: folds 
k . A_063: folds 
Dorex2007: checks 
*** FLOP *** [Ad Js 5d]
Dorex2007: checks 
theweemon: checks 
toonlass246: checks 
*** TURN *** [Ad Js 5d] [7h]
Dorex2007: checks 
theweemon: checks 
toonlass246: checks 
*** RIVER *** [Ad Js 5d 7h] [8s]
Dorex2007: checks 
theweemon: checks 
toonlass246: checks 
*** SHOW DOWN ***
Dorex2007: shows [7c 4h] (a pair of Sevens)
theweemon: mucks hand 
toonlass246: shows [7d 9c] (a pair of Sevens - Ace+Jack+Nine kicker)
toonlass246 collected $0.07 from pot
*** SUMMARY ***
Total pot $0.07 | Rake $0 
Board [Ad Js 5d 7h 8s]
Seat 1: k . A_063 (small blind) folded before Flop
Seat 2: Dorex2007 (big blind) showed [7c 4h] and lost with a pair of Sevens
Seat 3: polly727 folded before Flop (didn't bet)
Seat 4: theweemon mucked [6c 5c]
Seat 7: toonlass246 showed [7d 9c] and won ($0.07) with a pair of Sevens
Seat 8: MArtin Justina0 folded before Flop (didn't bet)
Seat 9: lm0609 (button) folded before Flop (didn't bet)



PokerStars Hand #227356285369:  Hold'em No Limit ($0.01/$0.02 USD) - 2021/06/05 14:44:45 PT [2021/06/05 17:44:45 ET]
Table 'Anteros' 9-max Seat #1 is the button
Seat 1: k . A_063 ($2.28 in chips) 
Seat 2: Dorex2007 ($2.05 in chips) 
Seat 3: polly727 ($2.29 in chips) 
Seat 4: theweemon ($1.52 in chips) 
Seat 7: toonlass246 ($0.74 in chips) 
Seat 8: MArtin Justina0 ($1.62 in chips) 
Seat 9: lm0609 ($2 in chips) 
Dorex2007: posts small blind $0.01
polly727: posts big blind $0.02
*** HOLE CARDS ***
Dealt to Dorex2007 [5c 3d]
theweemon: folds 
toonlass246: calls $0.02
MArtin Justina0: calls $0.02
lm0609: folds 
k . A_063: folds 
Dorex2007: folds 
polly727: checks 
*** FLOP *** [4s Jd 2h]
polly727: checks 
toonlass246: checks 
MArtin Justina0: bets $0.04
Sauce2323 joins the table at seat #6 
polly727: folds 
toonlass246: folds 
Uncalled bet ($0.04) returned to MArtin Justina0
MArtin Justina0 collected $0.07 from pot
MArtin Justina0: doesn't show hand 
*** SUMMARY ***
Total pot $0.07 | Rake $0 
Board [4s Jd 2h]
Seat 1: k . A_063 (button) folded before Flop (didn't bet)
Seat 2: Dorex2007 (small blind) folded before Flop
Seat 3: polly727 (big blind) folded on the Flop
Seat 4: theweemon folded before Flop (didn't bet)
Seat 7: toonlass246 folded on the Flop
Seat 8: MArtin Justina0 collected ($0.07)
Seat 9: lm0609 folded before Flop (didn't bet)



