PokerStars Hand #224711859625:  Hold'em No Limit ($0.01/$0.02 USD) - 2021/03/11 18:30:06 PT [2021/03/11 21:30:06 ET]
Table 'Malautra III' 9-max Seat #5 is the button
Seat 1: Ryusui ($1.84 in chips) 
Seat 2: grasian ($3.38 in chips) 
Seat 3: browpz ($1.96 in chips) 
Seat 4: JAQKJAQK1 ($4.56 in chips) 
Seat 5: Luks_Jr ($5.36 in chips) 
Seat 6: NessaCakes ($2.23 in chips) 
Seat 7: Dorex2007 ($1.50 in chips) 
Seat 8: 139qmb ($1.97 in chips) 
NessaCakes: posts small blind $0.01
Dorex2007: posts big blind $0.02
*** HOLE CARDS ***
Dealt to Dorex2007 [Kd 5c]
139qmb: raises $0.04 to $0.06
Ryusui: folds 
grasian: folds 
browpz: folds 
JAQKJAQK1: calls $0.06
Luks_Jr: folds 
NessaCakes: folds 
Dorex2007: folds 
*** FLOP *** [6s 8h Th]
139qmb: checks 
JAQKJAQK1: checks 
*** TURN *** [6s 8h Th] [3s]
139qmb: checks 
JAQKJAQK1: checks 
*** RIVER *** [6s 8h Th 3s] [Ks]
139qmb: bets $0.04
JAQKJAQK1: folds 
Uncalled bet ($0.04) returned to 139qmb
139qmb collected $0.14 from pot
139qmb: doesn't show hand 
*** SUMMARY ***
Total pot $0.15 | Rake $0.01 
Board [6s 8h Th 3s Ks]
Seat 1: Ryusui folded before Flop (didn't bet)
Seat 2: grasian folded before Flop (didn't bet)
Seat 3: browpz folded before Flop (didn't bet)
Seat 4: JAQKJAQK1 folded on the River
Seat 5: Luks_Jr (button) folded before Flop (didn't bet)
Seat 6: NessaCakes (small blind) folded before Flop
Seat 7: Dorex2007 (big blind) folded before Flop
Seat 8: 139qmb collected ($0.14)



PokerStars Hand #224711879533:  Hold'em No Limit ($0.01/$0.02 USD) - 2021/03/11 18:31:03 PT [2021/03/11 21:31:03 ET]
Table 'Malautra III' 9-max Seat #6 is the button
Seat 1: Ryusui ($1.84 in chips) 
Seat 2: grasian ($3.38 in chips) 
Seat 3: browpz ($1.96 in chips) 
Seat 4: JAQKJAQK1 ($4.50 in chips) 
Seat 5: Luks_Jr ($5.36 in chips) 
Seat 6: NessaCakes ($2.22 in chips) 
Seat 7: Dorex2007 ($1.48 in chips) 
Seat 8: 139qmb ($2.05 in chips) 
Dorex2007: posts small blind $0.01
139qmb: posts big blind $0.02
*** HOLE CARDS ***
Dealt to Dorex2007 [Th 5s]
Ryusui: raises $0.04 to $0.06
grasian: folds 
browpz: folds 
JAQKJAQK1: folds 
Luks_Jr: folds 
NessaCakes: calls $0.06
grasian leaves the table
Dorex2007: folds 
139qmb: calls $0.04
*** FLOP *** [2h Qd Kc]
139qmb: checks 
Ryusui: bets $0.08
NessaCakes: folds 
139qmb: calls $0.08
*** TURN *** [2h Qd Kc] [5d]
139qmb: checks 
Ryusui: bets $0.22
139qmb: calls $0.22
*** RIVER *** [2h Qd Kc 5d] [2d]
139qmb: checks 
Ryusui: bets $0.62
139qmb: calls $0.62
*** SHOW DOWN ***
Ryusui: shows [Qs Qc] (a full house, Queens full of Deuces)
139qmb: mucks hand 
Ryusui collected $1.96 from pot
*** SUMMARY ***
Total pot $2.03 | Rake $0.07 
Board [2h Qd Kc 5d 2d]
Seat 1: Ryusui showed [Qs Qc] and won ($1.96) with a full house, Queens full of Deuces
Seat 2: grasian folded before Flop (didn't bet)
Seat 3: browpz folded before Flop (didn't bet)
Seat 4: JAQKJAQK1 folded before Flop (didn't bet)
Seat 5: Luks_Jr folded before Flop (didn't bet)
Seat 6: NessaCakes (button) folded on the Flop
Seat 7: Dorex2007 (small blind) folded before Flop
Seat 8: 139qmb (big blind) mucked [Kh Qh]



PokerStars Hand #224711896862:  Hold'em No Limit ($0.01/$0.02 USD) - 2021/03/11 18:31:59 PT [2021/03/11 21:31:59 ET]
Table 'Malautra III' 9-max Seat #7 is the button
Seat 1: Ryusui ($2.82 in chips) 
Seat 3: browpz ($1.96 in chips) 
Seat 4: JAQKJAQK1 ($4.50 in chips) 
Seat 5: Luks_Jr ($5.36 in chips) 
Seat 6: NessaCakes ($2.16 in chips) 
Seat 7: Dorex2007 ($1.47 in chips) 
Seat 8: 139qmb ($1.07 in chips) 
139qmb: posts small blind $0.01
Ryusui: posts big blind $0.02
*** HOLE CARDS ***
Dealt to Dorex2007 [8h 3c]
browpz: calls $0.02
JAQKJAQK1: raises $0.08 to $0.10
Luks_Jr: folds 
NessaCakes: folds 
Dorex2007: folds 
139qmb: folds 
Ryusui: folds 
browpz: folds 
Uncalled bet ($0.08) returned to JAQKJAQK1
JAQKJAQK1 collected $0.07 from pot
*** SUMMARY ***
Total pot $0.07 | Rake $0 
Seat 1: Ryusui (big blind) folded before Flop
Seat 3: browpz folded before Flop
Seat 4: JAQKJAQK1 collected ($0.07)
Seat 5: Luks_Jr folded before Flop (didn't bet)
Seat 6: NessaCakes folded before Flop (didn't bet)
Seat 7: Dorex2007 (button) folded before Flop (didn't bet)
Seat 8: 139qmb (small blind) folded before Flop



PokerStars Hand #224711903932:  Hold'em No Limit ($0.01/$0.02 USD) - 2021/03/11 18:32:22 PT [2021/03/11 21:32:22 ET]
Table 'Malautra III' 9-max Seat #8 is the button
Seat 1: Ryusui ($2.80 in chips) 
Seat 3: browpz ($1.94 in chips) 
Seat 4: JAQKJAQK1 ($4.55 in chips) 
Seat 5: Luks_Jr ($5.36 in chips) 
Seat 6: NessaCakes ($2.16 in chips) 
Seat 7: Dorex2007 ($1.47 in chips) 
Seat 8: 139qmb ($1.99 in chips) 
Ryusui: posts small blind $0.01
browpz: posts big blind $0.02
*** HOLE CARDS ***
Dealt to Dorex2007 [Kh 7d]
JAQKJAQK1: folds 
Luks_Jr: folds 
NessaCakes: calls $0.02
Dorex2007: folds 
139qmb: folds 
Ryusui: folds 
browpz: checks 
*** FLOP *** [Ad Th Qc]
browpz: checks 
NessaCakes: checks 
*** TURN *** [Ad Th Qc] [9s]
browpz: checks 
NessaCakes: checks 
*** RIVER *** [Ad Th Qc 9s] [5s]
Komodo095 joins the table at seat #9 
browpz: checks 
NessaCakes: checks 
*** SHOW DOWN ***
browpz: shows [4c Jd] (high card Ace)
NessaCakes: shows [2d 2c] (a pair of Deuces)
NessaCakes collected $0.05 from pot
*** SUMMARY ***
Total pot $0.05 | Rake $0 
Board [Ad Th Qc 9s 5s]
Seat 1: Ryusui (small blind) folded before Flop
Seat 3: browpz (big blind) showed [4c Jd] and lost with high card Ace
Seat 4: JAQKJAQK1 folded before Flop (didn't bet)
Seat 5: Luks_Jr folded before Flop (didn't bet)
Seat 6: NessaCakes showed [2d 2c] and won ($0.05) with a pair of Deuces
Seat 7: Dorex2007 folded before Flop (didn't bet)
Seat 8: 139qmb (button) folded before Flop (didn't bet)



PokerStars Hand #224711912876:  Hold'em No Limit ($0.01/$0.02 USD) - 2021/03/11 18:32:52 PT [2021/03/11 21:32:52 ET]
Table 'Malautra III' 9-max Seat #1 is the button
Seat 1: Ryusui ($2.79 in chips) 
Seat 3: browpz ($1.92 in chips) 
Seat 4: JAQKJAQK1 ($4.55 in chips) 
Seat 5: Luks_Jr ($5.36 in chips) 
Seat 6: NessaCakes ($2.19 in chips) 
Seat 7: Dorex2007 ($1.47 in chips) 
Seat 8: 139qmb ($1.99 in chips) 
browpz: posts small blind $0.01
JAQKJAQK1: posts big blind $0.02
Komodo095: sits out 
*** HOLE CARDS ***
Dealt to Dorex2007 [Tc 8s]
Luks_Jr: folds 
NessaCakes: folds 
Dorex2007: folds 
139qmb: folds 
Ryusui: raises $0.04 to $0.06
browpz: folds 
JAQKJAQK1: calls $0.04
*** FLOP *** [Th 7s 7h]
JAQKJAQK1: checks 
Ryusui: bets $0.08
JAQKJAQK1: calls $0.08
*** TURN *** [Th 7s 7h] [7c]
JAQKJAQK1: checks 
Ryusui: checks 
*** RIVER *** [Th 7s 7h 7c] [5h]
JAQKJAQK1: bets $0.20
Ryusui: calls $0.20
*** SHOW DOWN ***
JAQKJAQK1: shows [6s 8c] (three of a kind, Sevens)
Ryusui: shows [Qh Jh] (a flush, Queen high)
Ryusui collected $0.67 from pot
*** SUMMARY ***
Total pot $0.69 | Rake $0.02 
Board [Th 7s 7h 7c 5h]
Seat 1: Ryusui (button) showed [Qh Jh] and won ($0.67) with a flush, Queen high
Seat 3: browpz (small blind) folded before Flop
Seat 4: JAQKJAQK1 (big blind) showed [6s 8c] and lost with three of a kind, Sevens
Seat 5: Luks_Jr folded before Flop (didn't bet)
Seat 6: NessaCakes folded before Flop (didn't bet)
Seat 7: Dorex2007 folded before Flop (didn't bet)
Seat 8: 139qmb folded before Flop (didn't bet)



PokerStars Hand #224711932756:  Hold'em No Limit ($0.01/$0.02 USD) - 2021/03/11 18:33:57 PT [2021/03/11 21:33:57 ET]
Table 'Malautra III' 9-max Seat #3 is the button
Seat 1: Ryusui ($3.12 in chips) 
Seat 3: browpz ($1.91 in chips) 
Seat 4: JAQKJAQK1 ($4.21 in chips) 
Seat 5: Luks_Jr ($5.36 in chips) 
Seat 6: NessaCakes ($2.19 in chips) 
Seat 7: Dorex2007 ($1.47 in chips) 
Seat 8: 139qmb ($1.99 in chips) 
JAQKJAQK1: posts small blind $0.01
Luks_Jr: posts big blind $0.02
Komodo095: sits out 
*** HOLE CARDS ***
Dealt to Dorex2007 [Qh Ts]
NessaCakes: calls $0.02
Dorex2007: folds 
139qmb: folds 
Ryusui: raises $0.04 to $0.06
browpz: calls $0.06
JAQKJAQK1: folds 
Luks_Jr: folds 
NessaCakes: calls $0.04
*** FLOP *** [3c 7d Jc]
NessaCakes: checks 
Ryusui: bets $0.12
Twisted369 joins the table at seat #2 
browpz: folds 
NessaCakes: folds 
Uncalled bet ($0.12) returned to Ryusui
Ryusui collected $0.20 from pot
Ryusui: doesn't show hand 
*** SUMMARY ***
Total pot $0.21 | Rake $0.01 
Board [3c 7d Jc]
Seat 1: Ryusui collected ($0.20)
Seat 3: browpz (button) folded on the Flop
Seat 4: JAQKJAQK1 (small blind) folded before Flop
Seat 5: Luks_Jr (big blind) folded before Flop
Seat 6: NessaCakes folded on the Flop
Seat 7: Dorex2007 folded before Flop (didn't bet)
Seat 8: 139qmb folded before Flop (didn't bet)



PokerStars Hand #224711955069:  Hold'em No Limit ($0.01/$0.02 USD) - 2021/03/11 18:34:41 PT [2021/03/11 21:34:41 ET]
Table 'Malautra III' 9-max Seat #4 is the button
Seat 1: Ryusui ($3.26 in chips) 
Seat 3: browpz ($1.85 in chips) 
Seat 4: JAQKJAQK1 ($4.20 in chips) 
Seat 5: Luks_Jr ($5.34 in chips) 
Seat 6: NessaCakes ($2.13 in chips) 
Seat 7: Dorex2007 ($1.47 in chips) 
Seat 8: 139qmb ($1.99 in chips) 
Luks_Jr: posts small blind $0.01
NessaCakes: posts big blind $0.02
Komodo095: sits out 
Twisted369: sits out 
*** HOLE CARDS ***
Dealt to Dorex2007 [9s Kd]
Dorex2007: folds 
139qmb: folds 
Ryusui: raises $0.02 to $0.04
browpz has timed out
browpz: folds 
JAQKJAQK1: calls $0.04
Luks_Jr: folds 
NessaCakes: folds 
*** FLOP *** [Kc 2h 8d]
Ryusui: bets $0.08
JAQKJAQK1: folds 
Uncalled bet ($0.08) returned to Ryusui
Ryusui collected $0.11 from pot
Ryusui: doesn't show hand 
*** SUMMARY ***
Total pot $0.11 | Rake $0 
Board [Kc 2h 8d]
Seat 1: Ryusui collected ($0.11)
Seat 3: browpz folded before Flop (didn't bet)
Seat 4: JAQKJAQK1 (button) folded on the Flop
Seat 5: Luks_Jr (small blind) folded before Flop
Seat 6: NessaCakes (big blind) folded before Flop
Seat 7: Dorex2007 folded before Flop (didn't bet)
Seat 8: 139qmb folded before Flop (didn't bet)



PokerStars Hand #224711967740:  Hold'em No Limit ($0.01/$0.02 USD) - 2021/03/11 18:35:22 PT [2021/03/11 21:35:22 ET]
Table 'Malautra III' 9-max Seat #5 is the button
Seat 1: Ryusui ($3.33 in chips) 
Seat 3: browpz ($1.85 in chips) 
Seat 4: JAQKJAQK1 ($4.16 in chips) 
Seat 5: Luks_Jr ($5.33 in chips) 
Seat 6: NessaCakes ($2.11 in chips) 
Seat 7: Dorex2007 ($1.47 in chips) 
Seat 8: 139qmb ($1.99 in chips) 
NessaCakes: posts small blind $0.01
Dorex2007: posts big blind $0.02
Komodo095: sits out 
Twisted369: sits out 
*** HOLE CARDS ***
Dealt to Dorex2007 [Jc 7c]
139qmb: folds 
Ryusui: folds 
browpz: folds 
JAQKJAQK1: raises $0.04 to $0.06
Luks_Jr: folds 
NessaCakes: folds 
Dorex2007: folds 
Uncalled bet ($0.04) returned to JAQKJAQK1
JAQKJAQK1 collected $0.05 from pot
*** SUMMARY ***
Total pot $0.05 | Rake $0 
Seat 1: Ryusui folded before Flop (didn't bet)
Seat 3: browpz folded before Flop (didn't bet)
Seat 4: JAQKJAQK1 collected ($0.05)
Seat 5: Luks_Jr (button) folded before Flop (didn't bet)
Seat 6: NessaCakes (small blind) folded before Flop
Seat 7: Dorex2007 (big blind) folded before Flop
Seat 8: 139qmb folded before Flop (didn't bet)



PokerStars Hand #224711973303:  Hold'em No Limit ($0.01/$0.02 USD) - 2021/03/11 18:35:40 PT [2021/03/11 21:35:40 ET]
Table 'Malautra III' 9-max Seat #6 is the button
Seat 1: Ryusui ($3.33 in chips) 
Seat 3: browpz ($1.85 in chips) 
Seat 4: JAQKJAQK1 ($4.19 in chips) 
Seat 5: Luks_Jr ($5.33 in chips) 
Seat 6: NessaCakes ($2.10 in chips) 
Seat 7: Dorex2007 ($1.45 in chips) 
Seat 8: 139qmb ($1.99 in chips) 
Dorex2007: posts small blind $0.01
139qmb: posts big blind $0.02
Komodo095: sits out 
Twisted369: sits out 
*** HOLE CARDS ***
Dealt to Dorex2007 [As 9h]
Ryusui: folds 
browpz: calls $0.02
JAQKJAQK1: calls $0.02
Luks_Jr: folds 
NessaCakes: folds 
Dorex2007: folds 
139qmb: checks 
*** FLOP *** [3s 9c 2h]
139qmb: checks 
browpz: checks 
JAQKJAQK1: bets $0.07
139qmb: folds 
browpz: folds 
Uncalled bet ($0.07) returned to JAQKJAQK1
JAQKJAQK1 collected $0.07 from pot
*** SUMMARY ***
Total pot $0.07 | Rake $0 
Board [3s 9c 2h]
Seat 1: Ryusui folded before Flop (didn't bet)
Seat 3: browpz folded on the Flop
Seat 4: JAQKJAQK1 collected ($0.07)
Seat 5: Luks_Jr folded before Flop (didn't bet)
Seat 6: NessaCakes (button) folded before Flop (didn't bet)
Seat 7: Dorex2007 (small blind) folded before Flop
Seat 8: 139qmb (big blind) folded on the Flop



PokerStars Hand #224711988387:  Hold'em No Limit ($0.01/$0.02 USD) - 2021/03/11 18:36:24 PT [2021/03/11 21:36:24 ET]
Table 'Malautra III' 9-max Seat #7 is the button
Seat 1: Ryusui ($3.33 in chips) 
Seat 3: browpz ($1.83 in chips) 
Seat 4: JAQKJAQK1 ($4.24 in chips) 
Seat 5: Luks_Jr ($5.33 in chips) 
Seat 6: NessaCakes ($2.10 in chips) 
Seat 7: Dorex2007 ($1.44 in chips) 
Seat 8: 139qmb ($1.97 in chips) 
Seat 9: Komodo095 ($2 in chips) 
139qmb: posts small blind $0.01
Komodo095: posts big blind $0.02
Twisted369: sits out 
*** HOLE CARDS ***
Dealt to Dorex2007 [Ks Th]
Ryusui: folds 
browpz: folds 
JAQKJAQK1: folds 
Luks_Jr: folds 
NessaCakes: folds 
Ryusui leaves the table
Dorex2007: folds 
139qmb: raises $0.04 to $0.06
Komodo095: folds 
Uncalled bet ($0.04) returned to 139qmb
139qmb collected $0.04 from pot
139qmb: doesn't show hand 
*** SUMMARY ***
Total pot $0.04 | Rake $0 
Seat 1: Ryusui folded before Flop (didn't bet)
Seat 3: browpz folded before Flop (didn't bet)
Seat 4: JAQKJAQK1 folded before Flop (didn't bet)
Seat 5: Luks_Jr folded before Flop (didn't bet)
Seat 6: NessaCakes folded before Flop (didn't bet)
Seat 7: Dorex2007 (button) folded before Flop (didn't bet)
Seat 8: 139qmb (small blind) collected ($0.04)
Seat 9: Komodo095 (big blind) folded before Flop



PokerStars Hand #224711993933:  Hold'em No Limit ($0.01/$0.02 USD) - 2021/03/11 18:36:42 PT [2021/03/11 21:36:42 ET]
Table 'Malautra III' 9-max Seat #8 is the button
Seat 2: Twisted369 ($2 in chips) 
Seat 3: browpz ($1.83 in chips) 
Seat 4: JAQKJAQK1 ($4.24 in chips) 
Seat 5: Luks_Jr ($5.33 in chips) 
Seat 6: NessaCakes ($2.10 in chips) 
Seat 7: Dorex2007 ($1.44 in chips) 
Seat 8: 139qmb ($1.99 in chips) 
Seat 9: Komodo095 ($2 in chips) 
stas9038rus joins the table at seat #1 
Komodo095: posts small blind $0.01
Twisted369: posts big blind $0.02
*** HOLE CARDS ***
Dealt to Dorex2007 [4s 4h]
browpz: folds 
JAQKJAQK1: folds 
Luks_Jr: folds 
NessaCakes: folds 
Dorex2007: calls $0.02
139qmb: raises $0.06 to $0.08
Komodo095: calls $0.07
Twisted369 has timed out
Twisted369: folds 
Dorex2007: folds 
*** FLOP *** [Kd Qc 7d]
Komodo095: checks 
139qmb: checks 
*** TURN *** [Kd Qc 7d] [Jc]
Komodo095: checks 
139qmb: bets $0.08
Komodo095: calls $0.08
*** RIVER *** [Kd Qc 7d Jc] [Jd]
Komodo095: checks 
139qmb: bets $0.20
Komodo095: raises $0.60 to $0.80
139qmb: raises $0.68 to $1.48
Komodo095: calls $0.68
*** SHOW DOWN ***
139qmb: shows [Js Jh] (four of a kind, Jacks)
Komodo095: mucks hand 
139qmb collected $3.20 from pot
*** SUMMARY ***
Total pot $3.32 | Rake $0.12 
Board [Kd Qc 7d Jc Jd]
Seat 2: Twisted369 (big blind) folded before Flop
Seat 3: browpz folded before Flop (didn't bet)
Seat 4: JAQKJAQK1 folded before Flop (didn't bet)
Seat 5: Luks_Jr folded before Flop (didn't bet)
Seat 6: NessaCakes folded before Flop (didn't bet)
Seat 7: Dorex2007 folded before Flop
Seat 8: 139qmb (button) showed [Js Jh] and won ($3.20) with four of a kind, Jacks
Seat 9: Komodo095 (small blind) mucked [3d Ad]



PokerStars Hand #224712028033:  Hold'em No Limit ($0.01/$0.02 USD) - 2021/03/11 18:38:31 PT [2021/03/11 21:38:31 ET]
Table 'Malautra III' 9-max Seat #9 is the button
Seat 3: browpz ($1.83 in chips) 
Seat 4: JAQKJAQK1 ($4.24 in chips) 
Seat 5: Luks_Jr ($5.33 in chips) 
Seat 6: NessaCakes ($2.10 in chips) 
Seat 7: Dorex2007 ($1.42 in chips) 
Seat 8: 139qmb ($3.55 in chips) 
Seat 9: Komodo095 ($2 in chips) 
browpz: posts small blind $0.01
JAQKJAQK1: posts big blind $0.02
*** HOLE CARDS ***
Dealt to Dorex2007 [8d 3d]
Luks_Jr: folds 
NessaCakes: folds 
Dorex2007: folds 
139qmb: folds 
Komodo095: folds 
browpz: folds 
Uncalled bet ($0.01) returned to JAQKJAQK1
JAQKJAQK1 collected $0.02 from pot
*** SUMMARY ***
Total pot $0.02 | Rake $0 
Seat 3: browpz (small blind) folded before Flop
Seat 4: JAQKJAQK1 (big blind) collected ($0.02)
Seat 5: Luks_Jr folded before Flop (didn't bet)
Seat 6: NessaCakes folded before Flop (didn't bet)
Seat 7: Dorex2007 folded before Flop (didn't bet)
Seat 8: 139qmb folded before Flop (didn't bet)
Seat 9: Komodo095 (button) folded before Flop (didn't bet)



PokerStars Hand #224712031519:  Hold'em No Limit ($0.01/$0.02 USD) - 2021/03/11 18:38:42 PT [2021/03/11 21:38:42 ET]
Table 'Malautra III' 9-max Seat #3 is the button
Seat 3: browpz ($1.82 in chips) 
Seat 4: JAQKJAQK1 ($4.25 in chips) 
Seat 5: Luks_Jr ($5.33 in chips) 
Seat 6: NessaCakes ($2.10 in chips) 
Seat 7: Dorex2007 ($1.42 in chips) 
Seat 8: 139qmb ($3.55 in chips) 
Seat 9: Komodo095 ($2 in chips) 
JAQKJAQK1: posts small blind $0.01
Luks_Jr: posts big blind $0.02
stas9038rus: sits out 
*** HOLE CARDS ***
Dealt to Dorex2007 [Qd Jc]
NessaCakes: folds 
Dorex2007: folds 
139qmb: folds 
Komodo095: folds 
browpz: folds 
JAQKJAQK1: calls $0.01
Luks_Jr: raises $0.04 to $0.06
JAQKJAQK1: calls $0.04
*** FLOP *** [9s 7d Tc]
JAQKJAQK1: checks 
Luks_Jr: checks 
*** TURN *** [9s 7d Tc] [7s]
JAQKJAQK1: bets $0.06
Luks_Jr: calls $0.06
*** RIVER *** [9s 7d Tc 7s] [9c]
JAQKJAQK1: bets $4.13 and is all-in
Luks_Jr: folds 
Uncalled bet ($4.13) returned to JAQKJAQK1
JAQKJAQK1 collected $0.23 from pot
*** SUMMARY ***
Total pot $0.24 | Rake $0.01 
Board [9s 7d Tc 7s 9c]
Seat 3: browpz (button) folded before Flop (didn't bet)
Seat 4: JAQKJAQK1 (small blind) collected ($0.23)
Seat 5: Luks_Jr (big blind) folded on the River
Seat 6: NessaCakes folded before Flop (didn't bet)
Seat 7: Dorex2007 folded before Flop (didn't bet)
Seat 8: 139qmb folded before Flop (didn't bet)
Seat 9: Komodo095 folded before Flop (didn't bet)



PokerStars Hand #224712045494:  Hold'em No Limit ($0.01/$0.02 USD) - 2021/03/11 18:39:28 PT [2021/03/11 21:39:28 ET]
Table 'Malautra III' 9-max Seat #4 is the button
Seat 3: browpz ($1.82 in chips) 
Seat 4: JAQKJAQK1 ($4.36 in chips) 
Seat 5: Luks_Jr ($5.21 in chips) 
Seat 6: NessaCakes ($2.10 in chips) 
Seat 7: Dorex2007 ($1.42 in chips) 
Seat 8: 139qmb ($3.55 in chips) 
Seat 9: Komodo095 ($2 in chips) 
Luks_Jr: posts small blind $0.01
NessaCakes: posts big blind $0.02
stas9038rus: sits out 
*** HOLE CARDS ***
Dealt to Dorex2007 [4d 2h]
Dorex2007: folds 
139qmb: folds 
Komodo095 has timed out
Komodo095: folds 
browpz: folds 
JAQKJAQK1: raises $0.04 to $0.06
Luks_Jr: folds 
NessaCakes: folds 
Uncalled bet ($0.04) returned to JAQKJAQK1
JAQKJAQK1 collected $0.05 from pot
*** SUMMARY ***
Total pot $0.05 | Rake $0 
Seat 3: browpz folded before Flop (didn't bet)
Seat 4: JAQKJAQK1 (button) collected ($0.05)
Seat 5: Luks_Jr (small blind) folded before Flop
Seat 6: NessaCakes (big blind) folded before Flop
Seat 7: Dorex2007 folded before Flop (didn't bet)
Seat 8: 139qmb folded before Flop (didn't bet)
Seat 9: Komodo095 folded before Flop (didn't bet)



PokerStars Hand #224712053959:  Hold'em No Limit ($0.01/$0.02 USD) - 2021/03/11 18:39:56 PT [2021/03/11 21:39:56 ET]
Table 'Malautra III' 9-max Seat #5 is the button
Seat 3: browpz ($1.82 in chips) 
Seat 4: JAQKJAQK1 ($4.39 in chips) 
Seat 5: Luks_Jr ($5.20 in chips) 
Seat 6: NessaCakes ($2.08 in chips) 
Seat 7: Dorex2007 ($1.42 in chips) 
Seat 8: 139qmb ($3.55 in chips) 
Seat 9: Komodo095 ($2 in chips) 
NessaCakes: posts small blind $0.01
Dorex2007: posts big blind $0.02
stas9038rus: sits out 
*** HOLE CARDS ***
Dealt to Dorex2007 [7s Kc]
139qmb: folds 
Komodo095: folds 
browpz: folds 
JAQKJAQK1: calls $0.02
Luks_Jr: folds 
NessaCakes: folds 
Dorex2007: checks 
*** FLOP *** [As 6s 8s]
Dorex2007: checks 
JAQKJAQK1: bets $4.37 and is all-in
Dorex2007: folds 
Uncalled bet ($4.37) returned to JAQKJAQK1
JAQKJAQK1 collected $0.05 from pot
*** SUMMARY ***
Total pot $0.05 | Rake $0 
Board [As 6s 8s]
Seat 3: browpz folded before Flop (didn't bet)
Seat 4: JAQKJAQK1 collected ($0.05)
Seat 5: Luks_Jr (button) folded before Flop (didn't bet)
Seat 6: NessaCakes (small blind) folded before Flop
Seat 7: Dorex2007 (big blind) folded on the Flop
Seat 8: 139qmb folded before Flop (didn't bet)
Seat 9: Komodo095 folded before Flop (didn't bet)



PokerStars Hand #224712062340:  Hold'em No Limit ($0.01/$0.02 USD) - 2021/03/11 18:40:22 PT [2021/03/11 21:40:22 ET]
Table 'Malautra III' 9-max Seat #6 is the button
Seat 3: browpz ($1.82 in chips) 
Seat 4: JAQKJAQK1 ($4.42 in chips) 
Seat 5: Luks_Jr ($5.20 in chips) 
Seat 6: NessaCakes ($2.07 in chips) 
Seat 7: Dorex2007 ($1.40 in chips) 
Seat 8: 139qmb ($3.55 in chips) 
Seat 9: Komodo095 ($2 in chips) 
Dorex2007: posts small blind $0.01
139qmb: posts big blind $0.02
stas9038rus: sits out 
*** HOLE CARDS ***
Dealt to Dorex2007 [8s Kd]
Komodo095: folds 
browpz: folds 
JAQKJAQK1: raises $0.04 to $0.06
Luks_Jr: folds 
NessaCakes: calls $0.06
Dorex2007: folds 
139qmb: folds 
*** FLOP *** [Qc Ks Qd]
JAQKJAQK1: checks 
NessaCakes: checks 
*** TURN *** [Qc Ks Qd] [Jd]
JAQKJAQK1: checks 
NessaCakes: checks 
*** RIVER *** [Qc Ks Qd Jd] [7s]
JAQKJAQK1: checks 
NessaCakes: checks 
*** SHOW DOWN ***
JAQKJAQK1: shows [Ac Kh] (two pair, Kings and Queens)
NessaCakes: mucks hand 
JAQKJAQK1 collected $0.14 from pot
*** SUMMARY ***
Total pot $0.15 | Rake $0.01 
Board [Qc Ks Qd Jd 7s]
Seat 3: browpz folded before Flop (didn't bet)
Seat 4: JAQKJAQK1 showed [Ac Kh] and won ($0.14) with two pair, Kings and Queens
Seat 5: Luks_Jr folded before Flop (didn't bet)
Seat 6: NessaCakes (button) mucked [Ah 6s]
Seat 7: Dorex2007 (small blind) folded before Flop
Seat 8: 139qmb (big blind) folded before Flop
Seat 9: Komodo095 folded before Flop (didn't bet)



PokerStars Hand #224712071833:  Hold'em No Limit ($0.01/$0.02 USD) - 2021/03/11 18:40:54 PT [2021/03/11 21:40:54 ET]
Table 'Malautra III' 9-max Seat #7 is the button
Seat 3: browpz ($1.82 in chips) 
Seat 4: JAQKJAQK1 ($4.50 in chips) 
Seat 5: Luks_Jr ($5.20 in chips) 
Seat 6: NessaCakes ($2.01 in chips) 
Seat 7: Dorex2007 ($1.39 in chips) 
Seat 8: 139qmb ($3.53 in chips) 
Seat 9: Komodo095 ($2 in chips) 
139qmb: posts small blind $0.01
Komodo095: posts big blind $0.02
stas9038rus: sits out 
*** HOLE CARDS ***
Dealt to Dorex2007 [2c Qs]
browpz: folds 
JAQKJAQK1: folds 
Luks_Jr: folds 
NessaCakes: folds 
Dorex2007: folds 
139qmb: folds 
Uncalled bet ($0.01) returned to Komodo095
Komodo095 collected $0.02 from pot
*** SUMMARY ***
Total pot $0.02 | Rake $0 
Seat 3: browpz folded before Flop (didn't bet)
Seat 4: JAQKJAQK1 folded before Flop (didn't bet)
Seat 5: Luks_Jr folded before Flop (didn't bet)
Seat 6: NessaCakes folded before Flop (didn't bet)
Seat 7: Dorex2007 (button) folded before Flop (didn't bet)
Seat 8: 139qmb (small blind) folded before Flop
Seat 9: Komodo095 (big blind) collected ($0.02)



PokerStars Hand #224712075627:  Hold'em No Limit ($0.01/$0.02 USD) - 2021/03/11 18:41:06 PT [2021/03/11 21:41:06 ET]
Table 'Malautra III' 9-max Seat #8 is the button
Seat 1: stas9038rus ($2 in chips) 
Seat 3: browpz ($1.82 in chips) 
Seat 4: JAQKJAQK1 ($4.50 in chips) 
Seat 5: Luks_Jr ($5.20 in chips) 
Seat 6: NessaCakes ($2.01 in chips) 
Seat 7: Dorex2007 ($1.39 in chips) 
Seat 8: 139qmb ($3.52 in chips) 
Seat 9: Komodo095 ($2.01 in chips) 
Komodo095: posts small blind $0.01
stas9038rus: posts big blind $0.02
*** HOLE CARDS ***
Dealt to Dorex2007 [Ad 2d]
browpz: folds 
JAQKJAQK1: folds 
Luks_Jr: folds 
NessaCakes: folds 
Dorex2007: calls $0.02
139qmb: folds 
Komodo095: folds 
stas9038rus: checks 
*** FLOP *** [3h 4s 3s]
stas9038rus: checks 
browpz leaves the table
Dorex2007: checks 
*** TURN *** [3h 4s 3s] [4h]
stas9038rus: checks 
Dorex2007: bets $0.03
kolyasik2401 joins the table at seat #3 
stas9038rus: folds 
Uncalled bet ($0.03) returned to Dorex2007
Dorex2007 collected $0.05 from pot
Dorex2007: doesn't show hand 
*** SUMMARY ***
Total pot $0.05 | Rake $0 
Board [3h 4s 3s 4h]
Seat 1: stas9038rus (big blind) folded on the Turn
Seat 3: browpz folded before Flop (didn't bet)
Seat 4: JAQKJAQK1 folded before Flop (didn't bet)
Seat 5: Luks_Jr folded before Flop (didn't bet)
Seat 6: NessaCakes folded before Flop (didn't bet)
Seat 7: Dorex2007 collected ($0.05)
Seat 8: 139qmb (button) folded before Flop (didn't bet)
Seat 9: Komodo095 (small blind) folded before Flop



PokerStars Hand #224712085736:  Hold'em No Limit ($0.01/$0.02 USD) - 2021/03/11 18:41:39 PT [2021/03/11 21:41:39 ET]
Table 'Malautra III' 9-max Seat #1 is the button
Seat 1: stas9038rus ($1.98 in chips) 
Seat 4: JAQKJAQK1 ($4.50 in chips) 
Seat 5: Luks_Jr ($5.20 in chips) 
Seat 6: NessaCakes ($2.01 in chips) 
Seat 7: Dorex2007 ($1.42 in chips) 
Seat 8: 139qmb ($3.52 in chips) 
JAQKJAQK1: posts small blind $0.01
Luks_Jr: posts big blind $0.02
*** HOLE CARDS ***
Dealt to Dorex2007 [2s 5d]
NessaCakes: folds 
Dorex2007: folds 
139qmb: folds 
stas9038rus: folds 
JAQKJAQK1: calls $0.01
Luks_Jr: checks 
*** FLOP *** [Qs 4h Js]
JAQKJAQK1: bets $0.08
Luks_Jr: folds 
Uncalled bet ($0.08) returned to JAQKJAQK1
JAQKJAQK1 collected $0.04 from pot
*** SUMMARY ***
Total pot $0.04 | Rake $0 
Board [Qs 4h Js]
Seat 1: stas9038rus (button) folded before Flop (didn't bet)
Seat 4: JAQKJAQK1 (small blind) collected ($0.04)
Seat 5: Luks_Jr (big blind) folded on the Flop
Seat 6: NessaCakes folded before Flop (didn't bet)
Seat 7: Dorex2007 folded before Flop (didn't bet)
Seat 8: 139qmb folded before Flop (didn't bet)



PokerStars Hand #224712093739:  Hold'em No Limit ($0.01/$0.02 USD) - 2021/03/11 18:42:05 PT [2021/03/11 21:42:05 ET]
Table 'Malautra III' 9-max Seat #4 is the button
Seat 1: stas9038rus ($1.98 in chips) 
Seat 4: JAQKJAQK1 ($4.52 in chips) 
Seat 5: Luks_Jr ($5.18 in chips) 
Seat 6: NessaCakes ($2.01 in chips) 
Seat 7: Dorex2007 ($1.42 in chips) 
Seat 8: 139qmb ($3.52 in chips) 
Luks_Jr: posts small blind $0.01
NessaCakes: posts big blind $0.02
kolyasik2401: sits out 
*** HOLE CARDS ***
Dealt to Dorex2007 [9c Ah]
Dorex2007: folds 
139qmb: calls $0.02
stas9038rus: folds 
JAQKJAQK1: calls $0.02
Luks_Jr: folds 
NessaCakes: raises $0.04 to $0.06
139qmb: calls $0.04
JAQKJAQK1: calls $0.04
*** FLOP *** [6c 3s 8h]
NessaCakes: bets $0.09
139qmb: folds 
JAQKJAQK1: calls $0.09
*** TURN *** [6c 3s 8h] [4h]
NessaCakes: checks 
JAQKJAQK1: bets $0.22
NessaCakes: folds 
Uncalled bet ($0.22) returned to JAQKJAQK1
JAQKJAQK1 collected $0.36 from pot
*** SUMMARY ***
Total pot $0.37 | Rake $0.01 
Board [6c 3s 8h 4h]
Seat 1: stas9038rus folded before Flop (didn't bet)
Seat 4: JAQKJAQK1 (button) collected ($0.36)
Seat 5: Luks_Jr (small blind) folded before Flop
Seat 6: NessaCakes (big blind) folded on the Turn
Seat 7: Dorex2007 folded before Flop (didn't bet)
Seat 8: 139qmb folded on the Flop



PokerStars Hand #224712109769:  Hold'em No Limit ($0.01/$0.02 USD) - 2021/03/11 18:42:57 PT [2021/03/11 21:42:57 ET]
Table 'Malautra III' 9-max Seat #5 is the button
Seat 1: stas9038rus ($1.98 in chips) 
Seat 4: JAQKJAQK1 ($4.73 in chips) 
Seat 5: Luks_Jr ($5.17 in chips) 
Seat 6: NessaCakes ($1.86 in chips) 
Seat 7: Dorex2007 ($1.42 in chips) 
Seat 8: 139qmb ($3.46 in chips) 
NessaCakes: posts small blind $0.01
Dorex2007: posts big blind $0.02
kolyasik2401: sits out 
*** HOLE CARDS ***
Dealt to Dorex2007 [4c 3h]
139qmb: folds 
stas9038rus: folds 
JAQKJAQK1: calls $0.02
Luks_Jr: folds 
NessaCakes: folds 
Dorex2007: checks 
*** FLOP *** [Qs Jd Ks]
Dorex2007: checks 
JAQKJAQK1: checks 
*** TURN *** [Qs Jd Ks] [6s]
Dorex2007: checks 
JAQKJAQK1: checks 
*** RIVER *** [Qs Jd Ks 6s] [Kd]
Dorex2007: checks 
JAQKJAQK1: checks 
*** SHOW DOWN ***
Dorex2007: shows [4c 3h] (a pair of Kings)
JAQKJAQK1: shows [7d 5h] (a pair of Kings - Queen+Jack+Seven kicker)
JAQKJAQK1 collected $0.05 from pot
*** SUMMARY ***
Total pot $0.05 | Rake $0 
Board [Qs Jd Ks 6s Kd]
Seat 1: stas9038rus folded before Flop (didn't bet)
Seat 4: JAQKJAQK1 showed [7d 5h] and won ($0.05) with a pair of Kings
Seat 5: Luks_Jr (button) folded before Flop (didn't bet)
Seat 6: NessaCakes (small blind) folded before Flop
Seat 7: Dorex2007 (big blind) showed [4c 3h] and lost with a pair of Kings
Seat 8: 139qmb folded before Flop (didn't bet)



PokerStars Hand #224712117901:  Hold'em No Limit ($0.01/$0.02 USD) - 2021/03/11 18:43:23 PT [2021/03/11 21:43:23 ET]
Table 'Malautra III' 9-max Seat #6 is the button
Seat 1: stas9038rus ($1.98 in chips) 
Seat 4: JAQKJAQK1 ($4.76 in chips) 
Seat 5: Luks_Jr ($5.17 in chips) 
Seat 6: NessaCakes ($1.85 in chips) 
Seat 7: Dorex2007 ($1.40 in chips) 
Seat 8: 139qmb ($3.46 in chips) 
Dorex2007: posts small blind $0.01
139qmb: posts big blind $0.02
kolyasik2401: sits out 
*** HOLE CARDS ***
Dealt to Dorex2007 [6c 3c]
stas9038rus: folds 
JAQKJAQK1: folds 
Luks_Jr: folds 
NessaCakes: folds 
Dorex2007: folds 
Uncalled bet ($0.01) returned to 139qmb
139qmb collected $0.02 from pot
139qmb: doesn't show hand 
*** SUMMARY ***
Total pot $0.02 | Rake $0 
Seat 1: stas9038rus folded before Flop (didn't bet)
Seat 4: JAQKJAQK1 folded before Flop (didn't bet)
Seat 5: Luks_Jr folded before Flop (didn't bet)
Seat 6: NessaCakes (button) folded before Flop (didn't bet)
Seat 7: Dorex2007 (small blind) folded before Flop
Seat 8: 139qmb (big blind) collected ($0.02)



PokerStars Hand #224712122808:  Hold'em No Limit ($0.01/$0.02 USD) - 2021/03/11 18:43:39 PT [2021/03/11 21:43:39 ET]
Table 'Malautra III' 9-max Seat #7 is the button
Seat 1: stas9038rus ($1.98 in chips) 
Seat 4: JAQKJAQK1 ($4.76 in chips) 
Seat 5: Luks_Jr ($5.17 in chips) 
Seat 6: NessaCakes ($1.85 in chips) 
Seat 7: Dorex2007 ($1.39 in chips) 
Seat 8: 139qmb ($3.47 in chips) 
139qmb: posts small blind $0.01
stas9038rus: posts big blind $0.02
kolyasik2401: sits out 
*** HOLE CARDS ***
Dealt to Dorex2007 [Jd Th]
JAQKJAQK1: folds 
Luks_Jr: folds 
NessaCakes: folds 
Dorex2007: raises $0.04 to $0.06
139qmb: folds 
stas9038rus: calls $0.04
*** FLOP *** [As Js Qh]
stas9038rus: checks 
Dorex2007: checks 
*** TURN *** [As Js Qh] [4c]
stas9038rus: checks 
Dorex2007: checks 
*** RIVER *** [As Js Qh 4c] [8h]
stas9038rus: bets $0.12
Dorex2007: folds 
Uncalled bet ($0.12) returned to stas9038rus
stas9038rus collected $0.13 from pot
stas9038rus: doesn't show hand 
*** SUMMARY ***
Total pot $0.13 | Rake $0 
Board [As Js Qh 4c 8h]
Seat 1: stas9038rus (big blind) collected ($0.13)
Seat 4: JAQKJAQK1 folded before Flop (didn't bet)
Seat 5: Luks_Jr folded before Flop (didn't bet)
Seat 6: NessaCakes folded before Flop (didn't bet)
Seat 7: Dorex2007 (button) folded on the River
Seat 8: 139qmb (small blind) folded before Flop



PokerStars Hand #224712143746:  Hold'em No Limit ($0.01/$0.02 USD) - 2021/03/11 18:44:14 PT [2021/03/11 21:44:14 ET]
Table 'Malautra III' 9-max Seat #8 is the button
Seat 1: stas9038rus ($2.05 in chips) 
Seat 3: kolyasik2401 ($2 in chips) 
Seat 4: JAQKJAQK1 ($4.76 in chips) 
Seat 5: Luks_Jr ($5.17 in chips) 
Seat 6: NessaCakes ($1.85 in chips) 
Seat 7: Dorex2007 ($1.33 in chips) 
Seat 8: 139qmb ($3.46 in chips) 
stas9038rus: posts small blind $0.01
kolyasik2401: posts big blind $0.02
*** HOLE CARDS ***
Dealt to Dorex2007 [Jc Qs]
JAQKJAQK1: folds 
Luks_Jr has timed out
Luks_Jr: folds 
NessaCakes: folds 
Dorex2007: calls $0.02
139qmb: folds 
stas9038rus: folds 
kolyasik2401: checks 
*** FLOP *** [Ts 5c Tc]
kolyasik2401: checks 
Dorex2007: checks 
*** TURN *** [Ts 5c Tc] [8s]
kolyasik2401: checks 
Dorex2007: checks 
*** RIVER *** [Ts 5c Tc 8s] [2c]
kolyasik2401: checks 
Dorex2007: bets $0.05
kolyasik2401: folds 
Uncalled bet ($0.05) returned to Dorex2007
Dorex2007 collected $0.05 from pot
Dorex2007: doesn't show hand 
*** SUMMARY ***
Total pot $0.05 | Rake $0 
Board [Ts 5c Tc 8s 2c]
Seat 1: stas9038rus (small blind) folded before Flop
Seat 3: kolyasik2401 (big blind) folded on the River
Seat 4: JAQKJAQK1 folded before Flop (didn't bet)
Seat 5: Luks_Jr folded before Flop (didn't bet)
Seat 6: NessaCakes folded before Flop (didn't bet)
Seat 7: Dorex2007 collected ($0.05)
Seat 8: 139qmb (button) folded before Flop (didn't bet)



PokerStars Hand #224712213441:  Hold'em No Limit ($0.01/$0.02 USD) - 2021/03/11 18:47:35 PT [2021/03/11 21:47:35 ET]
Table 'Malautra III' 9-max Seat #8 is the button
Seat 1: stas9038rus ($2.02 in chips) 
Seat 2: Twisted369 ($1.98 in chips) 
Seat 3: kolyasik2401 ($2 in chips) 
Seat 4: JAQKJAQK1 ($4.84 in chips) 
Seat 5: Luks_Jr ($5.17 in chips) 
Seat 6: NessaCakes ($1.97 in chips) 
Seat 7: Dorex2007 ($1.36 in chips) 
Seat 8: 139qmb ($3.43 in chips) 
stas9038rus: posts small blind $0.01
Twisted369: posts big blind $0.02
Dorex2007: posts small & big blinds $0.03
*** HOLE CARDS ***
Dealt to Dorex2007 [3c Ks]
kolyasik2401: folds 
JAQKJAQK1: raises $0.04 to $0.06
Luks_Jr: folds 
NessaCakes: folds 
Dorex2007: folds 
139qmb: folds 
stas9038rus: folds 
Twisted369: calls $0.04
*** FLOP *** [6d Jh 8s]
Twisted369: bets $0.08
JAQKJAQK1: calls $0.08
*** TURN *** [6d Jh 8s] [2d]
Twisted369: bets $0.18
JAQKJAQK1: folds 
Uncalled bet ($0.18) returned to Twisted369
Twisted369 collected $0.31 from pot
*** SUMMARY ***
Total pot $0.32 | Rake $0.01 
Board [6d Jh 8s 2d]
Seat 1: stas9038rus (small blind) folded before Flop
Seat 2: Twisted369 (big blind) collected ($0.31)
Seat 3: kolyasik2401 folded before Flop (didn't bet)
Seat 4: JAQKJAQK1 folded on the Turn
Seat 5: Luks_Jr folded before Flop (didn't bet)
Seat 6: NessaCakes folded before Flop (didn't bet)
Seat 7: Dorex2007 folded before Flop (didn't bet)
Seat 8: 139qmb (button) folded before Flop (didn't bet)



PokerStars Hand #224712228408:  Hold'em No Limit ($0.01/$0.02 USD) - 2021/03/11 18:48:24 PT [2021/03/11 21:48:24 ET]
Table 'Malautra III' 9-max Seat #1 is the button
Seat 1: stas9038rus ($2.01 in chips) 
Seat 2: Twisted369 ($2.15 in chips) 
Seat 3: kolyasik2401 ($2 in chips) 
Seat 4: JAQKJAQK1 ($4.70 in chips) 
Seat 5: Luks_Jr ($5.17 in chips) 
Seat 6: NessaCakes ($1.97 in chips) 
Seat 7: Dorex2007 ($1.33 in chips) 
Seat 8: 139qmb ($3.43 in chips) 
Twisted369: posts small blind $0.01
kolyasik2401: posts big blind $0.02
*** HOLE CARDS ***
Dealt to Dorex2007 [7d Ah]
JAQKJAQK1: folds 
Luks_Jr: folds 
NessaCakes: calls $0.02
Dorex2007: folds 
139qmb: folds 
stas9038rus: folds 
Twisted369: folds 
kolyasik2401: checks 
*** FLOP *** [5c Qs 4h]
kolyasik2401: checks 
NessaCakes: checks 
*** TURN *** [5c Qs 4h] [8s]
kolyasik2401: checks 
NessaCakes: bets $0.05
kolyasik2401: folds 
Uncalled bet ($0.05) returned to NessaCakes
NessaCakes collected $0.05 from pot
NessaCakes: doesn't show hand 
*** SUMMARY ***
Total pot $0.05 | Rake $0 
Board [5c Qs 4h 8s]
Seat 1: stas9038rus (button) folded before Flop (didn't bet)
Seat 2: Twisted369 (small blind) folded before Flop
Seat 3: kolyasik2401 (big blind) folded on the Turn
Seat 4: JAQKJAQK1 folded before Flop (didn't bet)
Seat 5: Luks_Jr folded before Flop (didn't bet)
Seat 6: NessaCakes collected ($0.05)
Seat 7: Dorex2007 folded before Flop (didn't bet)
Seat 8: 139qmb folded before Flop (didn't bet)



PokerStars Hand #224712240820:  Hold'em No Limit ($0.01/$0.02 USD) - 2021/03/11 18:49:04 PT [2021/03/11 21:49:04 ET]
Table 'Malautra III' 9-max Seat #2 is the button
Seat 1: stas9038rus ($2.01 in chips) 
Seat 2: Twisted369 ($2.14 in chips) 
Seat 3: kolyasik2401 ($2 in chips) 
Seat 4: JAQKJAQK1 ($4.70 in chips) 
Seat 5: Luks_Jr ($5.17 in chips) 
Seat 6: NessaCakes ($2 in chips) 
Seat 7: Dorex2007 ($1.33 in chips) 
Seat 8: 139qmb ($3.43 in chips) 
kolyasik2401: posts small blind $0.01
JAQKJAQK1: posts big blind $0.02
*** HOLE CARDS ***
Dealt to Dorex2007 [As 2h]
Luks_Jr: folds 
NessaCakes: folds 
Dorex2007: folds 
139qmb: folds 
stas9038rus: folds 
Twisted369: folds 
kolyasik2401: raises $0.04 to $0.06
JAQKJAQK1: calls $0.04
*** FLOP *** [7h Kc 8h]
kolyasik2401: bets $0.06
JAQKJAQK1: raises $4.58 to $4.64 and is all-in
kolyasik2401: folds 
Uncalled bet ($4.58) returned to JAQKJAQK1
JAQKJAQK1 collected $0.23 from pot
*** SUMMARY ***
Total pot $0.24 | Rake $0.01 
Board [7h Kc 8h]
Seat 1: stas9038rus folded before Flop (didn't bet)
Seat 2: Twisted369 (button) folded before Flop (didn't bet)
Seat 3: kolyasik2401 (small blind) folded on the Flop
Seat 4: JAQKJAQK1 (big blind) collected ($0.23)
Seat 5: Luks_Jr folded before Flop (didn't bet)
Seat 6: NessaCakes folded before Flop (didn't bet)
Seat 7: Dorex2007 folded before Flop (didn't bet)
Seat 8: 139qmb folded before Flop (didn't bet)



PokerStars Hand #224712255223:  Hold'em No Limit ($0.01/$0.02 USD) - 2021/03/11 18:49:53 PT [2021/03/11 21:49:53 ET]
Table 'Malautra III' 9-max Seat #3 is the button
Seat 1: stas9038rus ($2.01 in chips) 
Seat 2: Twisted369 ($2.14 in chips) 
Seat 3: kolyasik2401 ($2 in chips) 
Seat 4: JAQKJAQK1 ($4.81 in chips) 
Seat 5: Luks_Jr ($5.17 in chips) 
Seat 6: NessaCakes ($2 in chips) 
Seat 7: Dorex2007 ($1.33 in chips) 
Seat 8: 139qmb ($3.43 in chips) 
JAQKJAQK1: posts small blind $0.01
Luks_Jr: posts big blind $0.02
*** HOLE CARDS ***
Dealt to Dorex2007 [3s 2d]
NessaCakes: calls $0.02
Dorex2007: folds 
139qmb: folds 
stas9038rus: folds 
Twisted369: raises $0.07 to $0.09
kolyasik2401: folds 
JAQKJAQK1: folds 
Luks_Jr: folds 
NessaCakes: folds 
Uncalled bet ($0.07) returned to Twisted369
Twisted369 collected $0.07 from pot
*** SUMMARY ***
Total pot $0.07 | Rake $0 
Seat 1: stas9038rus folded before Flop (didn't bet)
Seat 2: Twisted369 collected ($0.07)
Seat 3: kolyasik2401 (button) folded before Flop (didn't bet)
Seat 4: JAQKJAQK1 (small blind) folded before Flop
Seat 5: Luks_Jr (big blind) folded before Flop
Seat 6: NessaCakes folded before Flop
Seat 7: Dorex2007 folded before Flop (didn't bet)
Seat 8: 139qmb folded before Flop (didn't bet)



PokerStars Hand #224712261638:  Hold'em No Limit ($0.01/$0.02 USD) - 2021/03/11 18:50:14 PT [2021/03/11 21:50:14 ET]
Table 'Malautra III' 9-max Seat #4 is the button
Seat 1: stas9038rus ($2.01 in chips) 
Seat 2: Twisted369 ($2.19 in chips) 
Seat 3: kolyasik2401 ($2 in chips) 
Seat 4: JAQKJAQK1 ($4.80 in chips) 
Seat 5: Luks_Jr ($5.15 in chips) 
Seat 6: NessaCakes ($1.98 in chips) 
Seat 7: Dorex2007 ($1.33 in chips) 
Seat 8: 139qmb ($3.43 in chips) 
Luks_Jr: posts small blind $0.01
NessaCakes: posts big blind $0.02
*** HOLE CARDS ***
Dealt to Dorex2007 [4c 9c]
Dorex2007: folds 
139qmb: folds 
stas9038rus: folds 
Twisted369: folds 
kolyasik2401: raises $0.04 to $0.06
JAQKJAQK1: calls $0.06
Luks_Jr: folds 
NessaCakes: calls $0.04
*** FLOP *** [Qc 5h 2c]
NessaCakes: bets $0.09
kolyasik2401: folds 
JAQKJAQK1: calls $0.09
*** TURN *** [Qc 5h 2c] [Ts]
NessaCakes: bets $0.18
JAQKJAQK1: calls $0.18
*** RIVER *** [Qc 5h 2c Ts] [Td]
NessaCakes: bets $0.40
JAQKJAQK1: folds 
Uncalled bet ($0.40) returned to NessaCakes
NessaCakes collected $0.70 from pot
NessaCakes: doesn't show hand 
*** SUMMARY ***
Total pot $0.73 | Rake $0.03 
Board [Qc 5h 2c Ts Td]
Seat 1: stas9038rus folded before Flop (didn't bet)
Seat 2: Twisted369 folded before Flop (didn't bet)
Seat 3: kolyasik2401 folded on the Flop
Seat 4: JAQKJAQK1 (button) folded on the River
Seat 5: Luks_Jr (small blind) folded before Flop
Seat 6: NessaCakes (big blind) collected ($0.70)
Seat 7: Dorex2007 folded before Flop (didn't bet)
Seat 8: 139qmb folded before Flop (didn't bet)



PokerStars Hand #224712277120:  Hold'em No Limit ($0.01/$0.02 USD) - 2021/03/11 18:51:06 PT [2021/03/11 21:51:06 ET]
Table 'Malautra III' 9-max Seat #5 is the button
Seat 1: stas9038rus ($2.01 in chips) 
Seat 2: Twisted369 ($2.19 in chips) 
Seat 3: kolyasik2401 ($2 in chips) 
Seat 4: JAQKJAQK1 ($4.47 in chips) 
Seat 5: Luks_Jr ($5.14 in chips) 
Seat 6: NessaCakes ($2.35 in chips) 
Seat 7: Dorex2007 ($1.33 in chips) 
NessaCakes: posts small blind $0.01
Dorex2007: posts big blind $0.02
*** HOLE CARDS ***
Dealt to Dorex2007 [4s Ks]
stas9038rus: folds 
Twisted369: folds 
kolyasik2401: folds 
JAQKJAQK1: raises $0.04 to $0.06
Luks_Jr: folds 
NessaCakes: folds 
Dorex2007: folds 
Uncalled bet ($0.04) returned to JAQKJAQK1
JAQKJAQK1 collected $0.05 from pot
*** SUMMARY ***
Total pot $0.05 | Rake $0 
Seat 1: stas9038rus folded before Flop (didn't bet)
Seat 2: Twisted369 folded before Flop (didn't bet)
Seat 3: kolyasik2401 folded before Flop (didn't bet)
Seat 4: JAQKJAQK1 collected ($0.05)
Seat 5: Luks_Jr (button) folded before Flop (didn't bet)
Seat 6: NessaCakes (small blind) folded before Flop
Seat 7: Dorex2007 (big blind) folded before Flop



PokerStars Hand #224712282623:  Hold'em No Limit ($0.01/$0.02 USD) - 2021/03/11 18:51:24 PT [2021/03/11 21:51:24 ET]
Table 'Malautra III' 9-max Seat #6 is the button
Seat 1: stas9038rus ($2.01 in chips) 
Seat 2: Twisted369 ($2.19 in chips) 
Seat 3: kolyasik2401 ($2 in chips) 
Seat 4: JAQKJAQK1 ($4.50 in chips) 
Seat 5: Luks_Jr ($5.14 in chips) 
Seat 6: NessaCakes ($2.34 in chips) 
Seat 7: Dorex2007 ($1.98 in chips) 
Dorex2007: posts small blind $0.01
stas9038rus: posts big blind $0.02
*** HOLE CARDS ***
Dealt to Dorex2007 [Js 3h]
Twisted369 has timed out
Twisted369: folds 
kolyasik2401: folds 
JAQKJAQK1: folds 
Luks_Jr: folds 
NessaCakes: calls $0.02
Dorex2007: folds 
stas9038rus: checks 
*** FLOP *** [Ts 7s 4s]
stas9038rus: checks 
NessaCakes: checks 
*** TURN *** [Ts 7s 4s] [9c]
stas9038rus: checks 
NessaCakes: checks 
*** RIVER *** [Ts 7s 4s 9c] [8c]
stas9038rus: checks 
NessaCakes: checks 
*** SHOW DOWN ***
stas9038rus: shows [6c 7d] (a straight, Six to Ten)
NessaCakes: mucks hand 
stas9038rus collected $0.05 from pot
*** SUMMARY ***
Total pot $0.05 | Rake $0 
Board [Ts 7s 4s 9c 8c]
Seat 1: stas9038rus (big blind) showed [6c 7d] and won ($0.05) with a straight, Six to Ten
Seat 2: Twisted369 folded before Flop (didn't bet)
Seat 3: kolyasik2401 folded before Flop (didn't bet)
Seat 4: JAQKJAQK1 folded before Flop (didn't bet)
Seat 5: Luks_Jr folded before Flop (didn't bet)
Seat 6: NessaCakes (button) mucked [Qc Td]
Seat 7: Dorex2007 (small blind) folded before Flop



PokerStars Hand #224712296325:  Hold'em No Limit ($0.01/$0.02 USD) - 2021/03/11 18:52:00 PT [2021/03/11 21:52:00 ET]
Table 'Malautra III' 9-max Seat #7 is the button
Seat 1: stas9038rus ($2.04 in chips) 
Seat 2: Twisted369 ($2.19 in chips) 
Seat 3: kolyasik2401 ($2 in chips) 
Seat 4: JAQKJAQK1 ($4.50 in chips) 
Seat 5: Luks_Jr ($5.14 in chips) 
Seat 6: NessaCakes ($2.32 in chips) 
Seat 7: Dorex2007 ($1.97 in chips) 
stas9038rus: posts small blind $0.01
Twisted369: posts big blind $0.02
*** HOLE CARDS ***
Dealt to Dorex2007 [Kc Ts]
kolyasik2401: folds 
JAQKJAQK1: folds 
Luks_Jr: folds 
NessaCakes: calls $0.02
Dorex2007: raises $0.06 to $0.08
stas9038rus: folds 
Twisted369: calls $0.06
NessaCakes: calls $0.06
*** FLOP *** [7c 8c 6h]
Twisted369: checks 
NessaCakes: checks 
Dorex2007: bets $0.24
Twisted369: folds 
NessaCakes: folds 
Uncalled bet ($0.24) returned to Dorex2007
Dorex2007 collected $0.24 from pot
Dorex2007: doesn't show hand 
*** SUMMARY ***
Total pot $0.25 | Rake $0.01 
Board [7c 8c 6h]
Seat 1: stas9038rus (small blind) folded before Flop
Seat 2: Twisted369 (big blind) folded on the Flop
Seat 3: kolyasik2401 folded before Flop (didn't bet)
Seat 4: JAQKJAQK1 folded before Flop (didn't bet)
Seat 5: Luks_Jr folded before Flop (didn't bet)
Seat 6: NessaCakes folded on the Flop
Seat 7: Dorex2007 (button) collected ($0.24)



PokerStars Hand #224712303908:  Hold'em No Limit ($0.01/$0.02 USD) - 2021/03/11 18:52:26 PT [2021/03/11 21:52:26 ET]
Table 'Malautra III' 9-max Seat #1 is the button
Seat 1: stas9038rus ($2.03 in chips) 
Seat 2: Twisted369 ($2.11 in chips) 
Seat 3: kolyasik2401 ($2 in chips) 
Seat 4: JAQKJAQK1 ($4.50 in chips) 
Seat 5: Luks_Jr ($5.14 in chips) 
Seat 6: NessaCakes ($2.24 in chips) 
Seat 7: Dorex2007 ($2.13 in chips) 
Twisted369: posts small blind $0.01
kolyasik2401: posts big blind $0.02
*** HOLE CARDS ***
Dealt to Dorex2007 [3h 6c]
JAQKJAQK1: folds 
Luks_Jr has timed out
Luks_Jr: folds 
NessaCakes: folds 
Dorex2007: folds 
stas9038rus: folds 
Twisted369: raises $0.04 to $0.06
kolyasik2401: folds 
Uncalled bet ($0.04) returned to Twisted369
Twisted369 collected $0.04 from pot
*** SUMMARY ***
Total pot $0.04 | Rake $0 
Seat 1: stas9038rus (button) folded before Flop (didn't bet)
Seat 2: Twisted369 (small blind) collected ($0.04)
Seat 3: kolyasik2401 (big blind) folded before Flop
Seat 4: JAQKJAQK1 folded before Flop (didn't bet)
Seat 5: Luks_Jr folded before Flop (didn't bet)
Seat 6: NessaCakes folded before Flop (didn't bet)
Seat 7: Dorex2007 folded before Flop (didn't bet)



PokerStars Hand #224712311595:  Hold'em No Limit ($0.01/$0.02 USD) - 2021/03/11 18:52:52 PT [2021/03/11 21:52:52 ET]
Table 'Malautra III' 9-max Seat #2 is the button
Seat 1: stas9038rus ($2.03 in chips) 
Seat 2: Twisted369 ($2.13 in chips) 
Seat 3: kolyasik2401 ($2 in chips) 
Seat 4: JAQKJAQK1 ($4.50 in chips) 
Seat 5: Luks_Jr ($5.14 in chips) 
Seat 6: NessaCakes ($2.24 in chips) 
Seat 7: Dorex2007 ($2.13 in chips) 
kolyasik2401: posts small blind $0.01
JAQKJAQK1: posts big blind $0.02
*** HOLE CARDS ***
Dealt to Dorex2007 [Ks Ad]
Luks_Jr: calls $0.02
NessaCakes: raises $0.07 to $0.09
Dorex2007: raises $0.09 to $0.18
stas9038rus: folds 
Twisted369: folds 
kolyasik2401: folds 
JAQKJAQK1: folds 
Luks_Jr: folds 
NessaCakes: raises $0.41 to $0.59
Dorex2007: calls $0.41
*** FLOP *** [Ac 4s 3c]
NessaCakes: bets $1.19
Dorex2007: raises $0.35 to $1.54 and is all-in
NessaCakes: calls $0.35
*** TURN *** [Ac 4s 3c] [4d]
*** RIVER *** [Ac 4s 3c 4d] [Td]
*** SHOW DOWN ***
NessaCakes: shows [As Jd] (two pair, Aces and Fours)
Dorex2007: shows [Ks Ad] (two pair, Aces and Fours - King kicker)
Dorex2007 collected $4.16 from pot
*** SUMMARY ***
Total pot $4.31 | Rake $0.15 
Board [Ac 4s 3c 4d Td]
Seat 1: stas9038rus folded before Flop (didn't bet)
Seat 2: Twisted369 (button) folded before Flop (didn't bet)
Seat 3: kolyasik2401 (small blind) folded before Flop
Seat 4: JAQKJAQK1 (big blind) folded before Flop
Seat 5: Luks_Jr folded before Flop
Seat 6: NessaCakes showed [As Jd] and lost with two pair, Aces and Fours
Seat 7: Dorex2007 showed [Ks Ad] and won ($4.16) with two pair, Aces and Fours



PokerStars Hand #224712324667:  Hold'em No Limit ($0.01/$0.02 USD) - 2021/03/11 18:53:36 PT [2021/03/11 21:53:36 ET]
Table 'Malautra III' 9-max Seat #3 is the button
Seat 1: stas9038rus ($2.03 in chips) 
Seat 2: Twisted369 ($2.13 in chips) 
Seat 3: kolyasik2401 ($2 in chips) 
Seat 4: JAQKJAQK1 ($4.48 in chips) 
Seat 5: Luks_Jr ($5.12 in chips) 
Seat 6: NessaCakes ($0.11 in chips) 
Seat 7: Dorex2007 ($4.16 in chips) 
JAQKJAQK1: posts small blind $0.01
Luks_Jr: posts big blind $0.02
*** HOLE CARDS ***
Dealt to Dorex2007 [7h Ad]
NessaCakes: folds 
Dorex2007: folds 
stas9038rus: folds 
Twisted369: raises $0.04 to $0.06
kolyasik2401: folds 
JAQKJAQK1: folds 
Luks_Jr: folds 
Uncalled bet ($0.04) returned to Twisted369
Twisted369 collected $0.05 from pot
*** SUMMARY ***
Total pot $0.05 | Rake $0 
Seat 1: stas9038rus folded before Flop (didn't bet)
Seat 2: Twisted369 collected ($0.05)
Seat 3: kolyasik2401 (button) folded before Flop (didn't bet)
Seat 4: JAQKJAQK1 (small blind) folded before Flop
Seat 5: Luks_Jr (big blind) folded before Flop
Seat 6: NessaCakes folded before Flop (didn't bet)
Seat 7: Dorex2007 folded before Flop (didn't bet)



PokerStars Hand #224712330204:  Hold'em No Limit ($0.01/$0.02 USD) - 2021/03/11 18:53:55 PT [2021/03/11 21:53:55 ET]
Table 'Malautra III' 9-max Seat #4 is the button
Seat 1: stas9038rus ($2.03 in chips) 
Seat 2: Twisted369 ($2.16 in chips) 
Seat 3: kolyasik2401 ($2 in chips) 
Seat 4: JAQKJAQK1 ($4.47 in chips) 
Seat 5: Luks_Jr ($5.10 in chips) 
Seat 6: NessaCakes ($0.11 in chips) 
Seat 7: Dorex2007 ($4.16 in chips) 
Luks_Jr: posts small blind $0.01
NessaCakes: posts big blind $0.02
*** HOLE CARDS ***
Dealt to Dorex2007 [Jd 7s]
Dorex2007: folds 
stas9038rus: folds 
Twisted369: raises $0.05 to $0.07
kolyasik2401: folds 
JAQKJAQK1: calls $0.07
Luks_Jr: folds 
NessaCakes: folds 
*** FLOP *** [4c 4s 7d]
Twisted369: checks 
JAQKJAQK1: checks 
*** TURN *** [4c 4s 7d] [6d]
Twisted369: checks 
JAQKJAQK1: checks 
*** RIVER *** [4c 4s 7d 6d] [2s]
kolyasik2401 leaves the table
Twisted369: bets $0.16
JAQKJAQK1: raises $0.52 to $0.68
Twisted369: folds 
Uncalled bet ($0.52) returned to JAQKJAQK1
JAQKJAQK1 collected $0.47 from pot
*** SUMMARY ***
Total pot $0.49 | Rake $0.02 
Board [4c 4s 7d 6d 2s]
Seat 1: stas9038rus folded before Flop (didn't bet)
Seat 2: Twisted369 folded on the River
Seat 3: kolyasik2401 folded before Flop (didn't bet)
Seat 4: JAQKJAQK1 (button) collected ($0.47)
Seat 5: Luks_Jr (small blind) folded before Flop
Seat 6: NessaCakes (big blind) folded before Flop
Seat 7: Dorex2007 folded before Flop (didn't bet)



PokerStars Hand #224712345619:  Hold'em No Limit ($0.01/$0.02 USD) - 2021/03/11 18:54:47 PT [2021/03/11 21:54:47 ET]
Table 'Malautra III' 9-max Seat #5 is the button
Seat 1: stas9038rus ($2.03 in chips) 
Seat 2: Twisted369 ($1.93 in chips) 
Seat 4: JAQKJAQK1 ($4.71 in chips) 
Seat 5: Luks_Jr ($5.09 in chips) 
Seat 6: NessaCakes ($1.98 in chips) 
Seat 7: Dorex2007 ($4.16 in chips) 
NessaCakes: posts small blind $0.01
Dorex2007: posts big blind $0.02
*** HOLE CARDS ***
Dealt to Dorex2007 [2d Kh]
stas9038rus: folds 
Twisted369: folds 
JAQKJAQK1: raises $0.04 to $0.06
Luks_Jr: folds 
NessaCakes: folds 
Dorex2007: folds 
Uncalled bet ($0.04) returned to JAQKJAQK1
JAQKJAQK1 collected $0.05 from pot
*** SUMMARY ***
Total pot $0.05 | Rake $0 
Seat 1: stas9038rus folded before Flop (didn't bet)
Seat 2: Twisted369 folded before Flop (didn't bet)
Seat 4: JAQKJAQK1 collected ($0.05)
Seat 5: Luks_Jr (button) folded before Flop (didn't bet)
Seat 6: NessaCakes (small blind) folded before Flop
Seat 7: Dorex2007 (big blind) folded before Flop



PokerStars Hand #224712350392:  Hold'em No Limit ($0.01/$0.02 USD) - 2021/03/11 18:55:03 PT [2021/03/11 21:55:03 ET]
Table 'Malautra III' 9-max Seat #6 is the button
Seat 1: stas9038rus ($2.03 in chips) 
Seat 2: Twisted369 ($1.93 in chips) 
Seat 4: JAQKJAQK1 ($4.74 in chips) 
Seat 5: Luks_Jr ($5.09 in chips) 
Seat 6: NessaCakes ($1.97 in chips) 
Seat 7: Dorex2007 ($4.14 in chips) 
Seat 8: 139qmb ($3.43 in chips) 
Dorex2007: posts small blind $0.01
139qmb: posts big blind $0.02
*** HOLE CARDS ***
Dealt to Dorex2007 [2d 5h]
stas9038rus: raises $0.04 to $0.06
Twisted369: folds 
JAQKJAQK1: calls $0.06
Luks_Jr: folds 
NessaCakes: calls $0.06
Dorex2007: folds 
139qmb: folds 
*** FLOP *** [Jd 7c Jc]
stas9038rus: bets $0.10
JAQKJAQK1: calls $0.10
NessaCakes: calls $0.10
*** TURN *** [Jd 7c Jc] [4s]
stas9038rus: checks 
Samir9997 joins the table at seat #3 
JAQKJAQK1: bets $0.30
NessaCakes: calls $0.30
stas9038rus: folds 
*** RIVER *** [Jd 7c Jc 4s] [Kc]
JAQKJAQK1: checks 
NessaCakes: bets $1.51 and is all-in
JAQKJAQK1: folds 
Uncalled bet ($1.51) returned to NessaCakes
NessaCakes collected $1.07 from pot
NessaCakes: doesn't show hand 
*** SUMMARY ***
Total pot $1.11 | Rake $0.04 
Board [Jd 7c Jc 4s Kc]
Seat 1: stas9038rus folded on the Turn
Seat 2: Twisted369 folded before Flop (didn't bet)
Seat 4: JAQKJAQK1 folded on the River
Seat 5: Luks_Jr folded before Flop (didn't bet)
Seat 6: NessaCakes (button) collected ($1.07)
Seat 7: Dorex2007 (small blind) folded before Flop
Seat 8: 139qmb (big blind) folded before Flop



PokerStars Hand #224712369656:  Hold'em No Limit ($0.01/$0.02 USD) - 2021/03/11 18:56:26 PT [2021/03/11 21:56:26 ET]
Table 'Malautra III' 9-max Seat #7 is the button
Seat 1: stas9038rus ($1.87 in chips) 
Seat 2: Twisted369 ($1.93 in chips) 
Seat 4: JAQKJAQK1 ($4.28 in chips) 
Seat 5: Luks_Jr ($5.09 in chips) 
Seat 6: NessaCakes ($2.58 in chips) 
Seat 7: Dorex2007 ($4.13 in chips) 
Seat 8: 139qmb ($3.41 in chips) 
139qmb: posts small blind $0.01
stas9038rus: posts big blind $0.02
Samir9997: sits out 
*** HOLE CARDS ***
Dealt to Dorex2007 [4c 5h]
Twisted369: calls $0.02
JAQKJAQK1: folds 
Luks_Jr: folds 
NessaCakes: folds 
Dorex2007: folds 
139qmb: calls $0.01
stas9038rus: checks 
*** FLOP *** [3c 2c 2s]
139qmb: bets $0.04
stas9038rus: folds 
Twisted369: folds 
Uncalled bet ($0.04) returned to 139qmb
139qmb collected $0.06 from pot
Komodo095 leaves the table
139qmb: doesn't show hand 
*** SUMMARY ***
Total pot $0.06 | Rake $0 
Board [3c 2c 2s]
Seat 1: stas9038rus (big blind) folded on the Flop
Seat 2: Twisted369 folded on the Flop
Seat 4: JAQKJAQK1 folded before Flop (didn't bet)
Seat 5: Luks_Jr folded before Flop (didn't bet)
Seat 6: NessaCakes folded before Flop (didn't bet)
Seat 7: Dorex2007 (button) folded before Flop (didn't bet)
Seat 8: 139qmb (small blind) collected ($0.06)



PokerStars Hand #224712381009:  Hold'em No Limit ($0.01/$0.02 USD) - 2021/03/11 18:56:53 PT [2021/03/11 21:56:53 ET]
Table 'Malautra III' 9-max Seat #8 is the button
Seat 1: stas9038rus ($1.85 in chips) 
Seat 2: Twisted369 ($1.91 in chips) 
Seat 4: JAQKJAQK1 ($4.28 in chips) 
Seat 5: Luks_Jr ($5.09 in chips) 
Seat 7: Dorex2007 ($4.13 in chips) 
Seat 8: 139qmb ($3.45 in chips) 
stas9038rus: posts small blind $0.01
Twisted369: posts big blind $0.02
Samir9997: sits out 
*** HOLE CARDS ***
Dealt to Dorex2007 [Ah 8c]
JAQKJAQK1: raises $0.04 to $0.06
Luks_Jr: folds 
Dorex2007: folds 
139qmb: folds 
stas9038rus: folds 
Twisted369: calls $0.04
*** FLOP *** [Jc Qd Tc]
Twisted369: bets $0.07
JAQKJAQK1: raises $0.19 to $0.26
Twisted369: calls $0.19
*** TURN *** [Jc Qd Tc] [5c]
Twisted369: checks 
JAQKJAQK1: checks 
*** RIVER *** [Jc Qd Tc 5c] [Kh]
Twisted369: checks 
JAQKJAQK1: checks 
Warningdanger1 joins the table at seat #9 
*** SHOW DOWN ***
Twisted369: shows [Ks 5s] (two pair, Kings and Fives)
JAQKJAQK1: mucks hand 
Twisted369 collected $0.63 from pot
*** SUMMARY ***
Total pot $0.65 | Rake $0.02 
Board [Jc Qd Tc 5c Kh]
Seat 1: stas9038rus (small blind) folded before Flop
Seat 2: Twisted369 (big blind) showed [Ks 5s] and won ($0.63) with two pair, Kings and Fives
Seat 4: JAQKJAQK1 mucked [Js Qh]
Seat 5: Luks_Jr folded before Flop (didn't bet)
Seat 7: Dorex2007 folded before Flop (didn't bet)
Seat 8: 139qmb (button) folded before Flop (didn't bet)



PokerStars Hand #224712399734:  Hold'em No Limit ($0.01/$0.02 USD) - 2021/03/11 18:57:42 PT [2021/03/11 21:57:42 ET]
Table 'Malautra III' 9-max Seat #1 is the button
Seat 1: stas9038rus ($1.84 in chips) 
Seat 2: Twisted369 ($2.22 in chips) 
Seat 3: Samir9997 ($1 in chips) 
Seat 4: JAQKJAQK1 ($3.96 in chips) 
Seat 5: Luks_Jr ($5.09 in chips) 
Seat 7: Dorex2007 ($4.13 in chips) 
Seat 8: 139qmb ($3.45 in chips) 
Twisted369: posts small blind $0.01
Samir9997: posts big blind $0.02
Warningdanger1: sits out 
*** HOLE CARDS ***
Dealt to Dorex2007 [2s Ad]
JAQKJAQK1: calls $0.02
Luks_Jr: folds 
Dorex2007: folds 
139qmb: folds 
stas9038rus: folds 
Twisted369: raises $0.06 to $0.08
Samir9997: folds 
JAQKJAQK1: calls $0.06
*** FLOP *** [Qd 3h 4h]
Twisted369: checks 
JAQKJAQK1: bets $0.17
Twisted369: folds 
Uncalled bet ($0.17) returned to JAQKJAQK1
JAQKJAQK1 collected $0.17 from pot
*** SUMMARY ***
Total pot $0.18 | Rake $0.01 
Board [Qd 3h 4h]
Seat 1: stas9038rus (button) folded before Flop (didn't bet)
Seat 2: Twisted369 (small blind) folded on the Flop
Seat 3: Samir9997 (big blind) folded before Flop
Seat 4: JAQKJAQK1 collected ($0.17)
Seat 5: Luks_Jr folded before Flop (didn't bet)
Seat 7: Dorex2007 folded before Flop (didn't bet)
Seat 8: 139qmb folded before Flop (didn't bet)



PokerStars Hand #224712408339:  Hold'em No Limit ($0.01/$0.02 USD) - 2021/03/11 18:58:20 PT [2021/03/11 21:58:20 ET]
Table 'Malautra III' 9-max Seat #2 is the button
Seat 1: stas9038rus ($1.84 in chips) 
Seat 2: Twisted369 ($2.14 in chips) 
Seat 3: Samir9997 ($0.98 in chips) 
Seat 4: JAQKJAQK1 ($4.05 in chips) 
Seat 5: Luks_Jr ($5.09 in chips) 
Seat 7: Dorex2007 ($4.13 in chips) 
Seat 8: 139qmb ($3.45 in chips) 
Seat 9: Warningdanger1 ($0.85 in chips) 
Samir9997: posts small blind $0.01
JAQKJAQK1: posts big blind $0.02
Warningdanger1: posts big blind $0.02
*** HOLE CARDS ***
Dealt to Dorex2007 [8d Jc]
Luks_Jr: folds 
Dorex2007: folds 
139qmb: folds 
Warningdanger1: checks 
stas9038rus: raises $0.06 to $0.08
Twisted369: calls $0.08
Samir9997: folds 
JAQKJAQK1: calls $0.06
Warningdanger1: folds 
*** FLOP *** [8s Kd Th]
JAQKJAQK1: checks 
stas9038rus: bets $0.23
Twisted369: folds 
JAQKJAQK1: folds 
Uncalled bet ($0.23) returned to stas9038rus
stas9038rus collected $0.26 from pot
stas9038rus: doesn't show hand 
*** SUMMARY ***
Total pot $0.27 | Rake $0.01 
Board [8s Kd Th]
Seat 1: stas9038rus collected ($0.26)
Seat 2: Twisted369 (button) folded on the Flop
Seat 3: Samir9997 (small blind) folded before Flop
Seat 4: JAQKJAQK1 (big blind) folded on the Flop
Seat 5: Luks_Jr folded before Flop (didn't bet)
Seat 7: Dorex2007 folded before Flop (didn't bet)
Seat 8: 139qmb folded before Flop (didn't bet)
Seat 9: Warningdanger1 folded before Flop (didn't bet)



PokerStars Hand #224712418169:  Hold'em No Limit ($0.01/$0.02 USD) - 2021/03/11 18:59:03 PT [2021/03/11 21:59:03 ET]
Table 'Malautra III' 9-max Seat #3 is the button
Seat 1: stas9038rus ($2.02 in chips) 
Seat 2: Twisted369 ($2.06 in chips) 
Seat 3: Samir9997 ($0.97 in chips) 
Seat 4: JAQKJAQK1 ($3.97 in chips) 
Seat 5: Luks_Jr ($5.09 in chips) 
Seat 7: Dorex2007 ($4.13 in chips) 
Seat 8: 139qmb ($3.45 in chips) 
Seat 9: Warningdanger1 ($0.83 in chips) 
JAQKJAQK1: posts small blind $0.01
Luks_Jr: posts big blind $0.02
*** HOLE CARDS ***
Dealt to Dorex2007 [Jd Ad]
Dorex2007: raises $0.06 to $0.08
139qmb: folds 
Warningdanger1: folds 
stas9038rus: folds 
Twisted369: folds 
Samir9997: raises $0.06 to $0.14
JAQKJAQK1: folds 
Luks_Jr: folds 
Dorex2007: calls $0.06
*** FLOP *** [Qh 5h 6s]
Dorex2007: checks 
Samir9997: bets $0.83 and is all-in
Dorex2007: folds 
Uncalled bet ($0.83) returned to Samir9997
Samir9997 collected $0.30 from pot
Samir9997: doesn't show hand 
*** SUMMARY ***
Total pot $0.31 | Rake $0.01 
Board [Qh 5h 6s]
Seat 1: stas9038rus folded before Flop (didn't bet)
Seat 2: Twisted369 folded before Flop (didn't bet)
Seat 3: Samir9997 (button) collected ($0.30)
Seat 4: JAQKJAQK1 (small blind) folded before Flop
Seat 5: Luks_Jr (big blind) folded before Flop
Seat 7: Dorex2007 folded on the Flop
Seat 8: 139qmb folded before Flop (didn't bet)
Seat 9: Warningdanger1 folded before Flop (didn't bet)



PokerStars Hand #224712427758:  Hold'em No Limit ($0.01/$0.02 USD) - 2021/03/11 18:59:46 PT [2021/03/11 21:59:46 ET]
Table 'Malautra III' 9-max Seat #4 is the button
Seat 1: stas9038rus ($2.02 in chips) 
Seat 2: Twisted369 ($2.06 in chips) 
Seat 3: Samir9997 ($1.13 in chips) 
Seat 4: JAQKJAQK1 ($3.96 in chips) 
Seat 5: Luks_Jr ($5.07 in chips) 
Seat 7: Dorex2007 ($3.99 in chips) 
Seat 8: 139qmb ($3.45 in chips) 
Seat 9: Warningdanger1 ($0.83 in chips) 
Luks_Jr: posts small blind $0.01
Dorex2007: posts big blind $0.02
*** HOLE CARDS ***
Dealt to Dorex2007 [6d 4s]
139qmb: folds 
Warningdanger1: calls $0.02
stas9038rus: folds 
Twisted369: folds 
Samir9997: raises $0.02 to $0.04
JAQKJAQK1: calls $0.04
Luks_Jr: folds 
Dorex2007: folds 
Warningdanger1: calls $0.02
*** FLOP *** [Jh 3c 6c]
Warningdanger1: checks 
Samir9997: bets $1.09 and is all-in
JAQKJAQK1: folds 
Warningdanger1: folds 
Uncalled bet ($1.09) returned to Samir9997
Samir9997 collected $0.14 from pot
Samir9997: doesn't show hand 
*** SUMMARY ***
Total pot $0.15 | Rake $0.01 
Board [Jh 3c 6c]
Seat 1: stas9038rus folded before Flop (didn't bet)
Seat 2: Twisted369 folded before Flop (didn't bet)
Seat 3: Samir9997 collected ($0.14)
Seat 4: JAQKJAQK1 (button) folded on the Flop
Seat 5: Luks_Jr (small blind) folded before Flop
Seat 7: Dorex2007 (big blind) folded before Flop
Seat 8: 139qmb folded before Flop (didn't bet)
Seat 9: Warningdanger1 folded on the Flop



PokerStars Hand #224712441353:  Hold'em No Limit ($0.01/$0.02 USD) - 2021/03/11 19:00:41 PT [2021/03/11 22:00:41 ET]
Table 'Malautra III' 9-max Seat #5 is the button
Seat 1: stas9038rus ($2.02 in chips) 
Seat 2: Twisted369 ($2.06 in chips) 
Seat 3: Samir9997 ($1.23 in chips) 
Seat 4: JAQKJAQK1 ($3.92 in chips) 
Seat 5: Luks_Jr ($5.06 in chips) 
Seat 7: Dorex2007 ($3.97 in chips) 
Seat 8: 139qmb ($3.45 in chips) 
Seat 9: Warningdanger1 ($0.79 in chips) 
Dorex2007: posts small blind $0.01
139qmb: posts big blind $0.02
*** HOLE CARDS ***
Dealt to Dorex2007 [Ts 7s]
Warningdanger1: calls $0.02
stas9038rus: folds 
Twisted369: calls $0.02
Samir9997: folds 
JAQKJAQK1: raises $0.10 to $0.12
Luks_Jr has timed out
Luks_Jr: folds 
Dorex2007: folds 
139qmb: folds 
Warningdanger1: folds 
Twisted369: calls $0.10
*** FLOP *** [3c 6s 5c]
Twisted369: checks 
JAQKJAQK1: bets $3.80 and is all-in
Twisted369: folds 
Uncalled bet ($3.80) returned to JAQKJAQK1
JAQKJAQK1 collected $0.28 from pot
*** SUMMARY ***
Total pot $0.29 | Rake $0.01 
Board [3c 6s 5c]
Seat 1: stas9038rus folded before Flop (didn't bet)
Seat 2: Twisted369 folded on the Flop
Seat 3: Samir9997 folded before Flop (didn't bet)
Seat 4: JAQKJAQK1 collected ($0.28)
Seat 5: Luks_Jr (button) folded before Flop (didn't bet)
Seat 7: Dorex2007 (small blind) folded before Flop
Seat 8: 139qmb (big blind) folded before Flop
Seat 9: Warningdanger1 folded before Flop



PokerStars Hand #224712458000:  Hold'em No Limit ($0.01/$0.02 USD) - 2021/03/11 19:01:40 PT [2021/03/11 22:01:40 ET]
Table 'Malautra III' 9-max Seat #7 is the button
Seat 1: stas9038rus ($2.02 in chips) 
Seat 2: Twisted369 ($1.94 in chips) 
Seat 3: Samir9997 ($1.23 in chips) 
Seat 4: JAQKJAQK1 ($4.08 in chips) 
Seat 6: NessaCakes ($2.58 in chips) 
Seat 7: Dorex2007 ($3.96 in chips) 
Seat 8: 139qmb ($3.43 in chips) 
Seat 9: Warningdanger1 ($0.77 in chips) 
139qmb: posts small blind $0.01
Warningdanger1: posts big blind $0.02
NessaCakes: posts small & big blinds $0.03
*** HOLE CARDS ***
Dealt to Dorex2007 [Ts 4c]
stas9038rus: folds 
Twisted369: folds 
Samir9997: raises $0.30 to $0.32
JAQKJAQK1: folds 
NessaCakes: folds 
Dorex2007: folds 
139qmb: folds 
Warningdanger1: folds 
Uncalled bet ($0.30) returned to Samir9997
Samir9997 collected $0.08 from pot
Samir9997: doesn't show hand 
*** SUMMARY ***
Total pot $0.08 | Rake $0 
Seat 1: stas9038rus folded before Flop (didn't bet)
Seat 2: Twisted369 folded before Flop (didn't bet)
Seat 3: Samir9997 collected ($0.08)
Seat 4: JAQKJAQK1 folded before Flop (didn't bet)
Seat 6: NessaCakes folded before Flop (didn't bet)
Seat 7: Dorex2007 (button) folded before Flop (didn't bet)
Seat 8: 139qmb (small blind) folded before Flop
Seat 9: Warningdanger1 (big blind) folded before Flop



PokerStars Hand #224712467585:  Hold'em No Limit ($0.01/$0.02 USD) - 2021/03/11 19:02:12 PT [2021/03/11 22:02:12 ET]
Table 'Malautra III' 9-max Seat #8 is the button
Seat 1: stas9038rus ($2.02 in chips) 
Seat 2: Twisted369 ($1.94 in chips) 
Seat 3: Samir9997 ($1.29 in chips) 
Seat 4: JAQKJAQK1 ($4.08 in chips) 
Seat 6: NessaCakes ($2.55 in chips) 
Seat 7: Dorex2007 ($3.96 in chips) 
Seat 8: 139qmb ($3.42 in chips) 
Seat 9: Warningdanger1 ($0.75 in chips) 
Warningdanger1: posts small blind $0.01
stas9038rus: posts big blind $0.02
*** HOLE CARDS ***
Dealt to Dorex2007 [Th Ad]
Twisted369: calls $0.02
Samir9997: calls $0.02
JAQKJAQK1: calls $0.02
NessaCakes: calls $0.02
Dorex2007: folds 
139qmb: calls $0.02
Warningdanger1: folds 
stas9038rus: checks 
*** FLOP *** [Ac Jd 7h]
stas9038rus: checks 
Twisted369: checks 
Samir9997: checks 
JAQKJAQK1: checks 
NessaCakes: checks 
139qmb: checks 
*** TURN *** [Ac Jd 7h] [Td]
stas9038rus: checks 
Twisted369: checks 
Samir9997: checks 
JAQKJAQK1: bets $0.13
NessaCakes: folds 
139qmb: folds 
stas9038rus: folds 
Twisted369: calls $0.13
Samir9997: folds 
*** RIVER *** [Ac Jd 7h Td] [8h]
Twisted369: checks 
JAQKJAQK1: bets $3.93 and is all-in
Twisted369: folds 
Uncalled bet ($3.93) returned to JAQKJAQK1
JAQKJAQK1 collected $0.38 from pot
*** SUMMARY ***
Total pot $0.39 | Rake $0.01 
Board [Ac Jd 7h Td 8h]
Seat 1: stas9038rus (big blind) folded on the Turn
Seat 2: Twisted369 folded on the River
Seat 3: Samir9997 folded on the Turn
Seat 4: JAQKJAQK1 collected ($0.38)
Seat 6: NessaCakes folded on the Turn
Seat 7: Dorex2007 folded before Flop (didn't bet)
Seat 8: 139qmb (button) folded on the Turn
Seat 9: Warningdanger1 (small blind) folded before Flop



PokerStars Hand #224712497993:  Hold'em No Limit ($0.01/$0.02 USD) - 2021/03/11 19:03:55 PT [2021/03/11 22:03:55 ET]
Table 'Malautra III' 9-max Seat #9 is the button
Seat 1: stas9038rus ($2 in chips) 
Seat 2: Twisted369 ($1.79 in chips) 
Seat 3: Samir9997 ($1.27 in chips) 
Seat 4: JAQKJAQK1 ($4.31 in chips) 
Seat 6: NessaCakes ($2.53 in chips) 
Seat 7: Dorex2007 ($3.96 in chips) 
Seat 8: 139qmb ($3.40 in chips) 
Seat 9: Warningdanger1 ($0.74 in chips) 
stas9038rus: posts small blind $0.01
Twisted369: posts big blind $0.02
*** HOLE CARDS ***
Dealt to Dorex2007 [Qd 5d]
Samir9997: calls $0.02
JAQKJAQK1: folds 
NessaCakes: folds 
Dorex2007: folds 
139qmb: calls $0.02
Warningdanger1: folds 
stas9038rus: folds 
Twisted369: checks 
*** FLOP *** [8h 9s 3s]
Twisted369: checks 
Samir9997: checks 
139qmb: checks 
*** TURN *** [8h 9s 3s] [Qc]
Twisted369: checks 
Samir9997: checks 
139qmb: checks 
*** RIVER *** [8h 9s 3s Qc] [As]
Twisted369: bets $0.07
Samir9997: folds 
139qmb: folds 
Uncalled bet ($0.07) returned to Twisted369
Twisted369 collected $0.07 from pot
*** SUMMARY ***
Total pot $0.07 | Rake $0 
Board [8h 9s 3s Qc As]
Seat 1: stas9038rus (small blind) folded before Flop
Seat 2: Twisted369 (big blind) collected ($0.07)
Seat 3: Samir9997 folded on the River
Seat 4: JAQKJAQK1 folded before Flop (didn't bet)
Seat 6: NessaCakes folded before Flop (didn't bet)
Seat 7: Dorex2007 folded before Flop (didn't bet)
Seat 8: 139qmb folded on the River
Seat 9: Warningdanger1 (button) folded before Flop (didn't bet)



PokerStars Hand #224712514079:  Hold'em No Limit ($0.01/$0.02 USD) - 2021/03/11 19:04:48 PT [2021/03/11 22:04:48 ET]
Table 'Malautra III' 9-max Seat #1 is the button
Seat 1: stas9038rus ($1.99 in chips) 
Seat 2: Twisted369 ($1.84 in chips) 
Seat 3: Samir9997 ($1.25 in chips) 
Seat 4: JAQKJAQK1 ($4.31 in chips) 
Seat 5: Luks_Jr ($5.06 in chips) 
Seat 6: NessaCakes ($2.53 in chips) 
Seat 7: Dorex2007 ($3.96 in chips) 
Seat 8: 139qmb ($3.38 in chips) 
Seat 9: Warningdanger1 ($0.74 in chips) 
Twisted369: posts small blind $0.01
Samir9997: posts big blind $0.02
*** HOLE CARDS ***
Dealt to Dorex2007 [Jc 2d]
JAQKJAQK1: raises $0.04 to $0.06
Luks_Jr: folds 
NessaCakes: folds 
Dorex2007: folds 
139qmb: folds 
Warningdanger1: folds 
stas9038rus: folds 
Twisted369: raises $1.78 to $1.84 and is all-in
Samir9997: folds 
JAQKJAQK1: folds 
Uncalled bet ($1.78) returned to Twisted369
Twisted369 collected $0.14 from pot
*** SUMMARY ***
Total pot $0.14 | Rake $0 
Seat 1: stas9038rus (button) folded before Flop (didn't bet)
Seat 2: Twisted369 (small blind) collected ($0.14)
Seat 3: Samir9997 (big blind) folded before Flop
Seat 4: JAQKJAQK1 folded before Flop
Seat 5: Luks_Jr folded before Flop (didn't bet)
Seat 6: NessaCakes folded before Flop (didn't bet)
Seat 7: Dorex2007 folded before Flop (didn't bet)
Seat 8: 139qmb folded before Flop (didn't bet)
Seat 9: Warningdanger1 folded before Flop (didn't bet)



PokerStars Hand #224712523389:  Hold'em No Limit ($0.01/$0.02 USD) - 2021/03/11 19:05:19 PT [2021/03/11 22:05:19 ET]
Table 'Malautra III' 9-max Seat #2 is the button
Seat 1: stas9038rus ($1.99 in chips) 
Seat 2: Twisted369 ($1.92 in chips) 
Seat 3: Samir9997 ($1.23 in chips) 
Seat 4: JAQKJAQK1 ($4.25 in chips) 
Seat 5: Luks_Jr ($5.06 in chips) 
Seat 6: NessaCakes ($2.53 in chips) 
Seat 7: Dorex2007 ($3.96 in chips) 
Seat 8: 139qmb ($3.38 in chips) 
Seat 9: Warningdanger1 ($0.74 in chips) 
Samir9997: posts small blind $0.01
JAQKJAQK1: posts big blind $0.02
*** HOLE CARDS ***
Dealt to Dorex2007 [2s 9h]
Luks_Jr: raises $0.02 to $0.04
NessaCakes: folds 
Dorex2007: folds 
139qmb: folds 
Warningdanger1: folds 
stas9038rus: calls $0.04
Twisted369: folds 
Samir9997: raises $0.02 to $0.06
JAQKJAQK1: folds 
Luks_Jr: calls $0.02
stas9038rus: calls $0.02
*** FLOP *** [4s 3c Ks]
Samir9997: checks 
Luks_Jr: checks 
stas9038rus: bets $0.10
Samir9997: calls $0.10
Luks_Jr: folds 
*** TURN *** [4s 3c Ks] [8c]
Samir9997: checks 
stas9038rus: bets $0.20
Samir9997: folds 
Uncalled bet ($0.20) returned to stas9038rus
stas9038rus collected $0.39 from pot
stas9038rus: doesn't show hand 
*** SUMMARY ***
Total pot $0.40 | Rake $0.01 
Board [4s 3c Ks 8c]
Seat 1: stas9038rus collected ($0.39)
Seat 2: Twisted369 (button) folded before Flop (didn't bet)
Seat 3: Samir9997 (small blind) folded on the Turn
Seat 4: JAQKJAQK1 (big blind) folded before Flop
Seat 5: Luks_Jr folded on the Flop
Seat 6: NessaCakes folded before Flop (didn't bet)
Seat 7: Dorex2007 folded before Flop (didn't bet)
Seat 8: 139qmb folded before Flop (didn't bet)
Seat 9: Warningdanger1 folded before Flop (didn't bet)



PokerStars Hand #224712539442:  Hold'em No Limit ($0.01/$0.02 USD) - 2021/03/11 19:06:13 PT [2021/03/11 22:06:13 ET]
Table 'Malautra III' 9-max Seat #3 is the button
Seat 1: stas9038rus ($2.22 in chips) 
Seat 2: Twisted369 ($1.92 in chips) 
Seat 3: Samir9997 ($1.07 in chips) 
Seat 4: JAQKJAQK1 ($4.23 in chips) 
Seat 5: Luks_Jr ($5 in chips) 
Seat 6: NessaCakes ($2.53 in chips) 
Seat 7: Dorex2007 ($3.96 in chips) 
Seat 8: 139qmb ($3.38 in chips) 
Seat 9: Warningdanger1 ($0.74 in chips) 
JAQKJAQK1: posts small blind $0.01
Luks_Jr: posts big blind $0.02
*** HOLE CARDS ***
Dealt to Dorex2007 [8c 4d]
NessaCakes: folds 
Dorex2007: folds 
139qmb: folds 
Warningdanger1: folds 
stas9038rus: folds 
Twisted369: folds 
Samir9997: raises $0.02 to $0.04
JAQKJAQK1: calls $0.03
Luks_Jr: calls $0.02
*** FLOP *** [3d 7h 8s]
JAQKJAQK1: checks 
Luks_Jr: checks 
Samir9997: bets $0.02
JAQKJAQK1: calls $0.02
Luks_Jr: raises $0.06 to $0.08
Samir9997: calls $0.06
JAQKJAQK1: calls $0.06
*** TURN *** [3d 7h 8s] [Kd]
JAQKJAQK1: checks 
Luks_Jr: checks 
Samir9997: bets $0.95 and is all-in
JAQKJAQK1: folds 
Luks_Jr: folds [8h]
Uncalled bet ($0.95) returned to Samir9997
Samir9997 collected $0.35 from pot
Samir9997: doesn't show hand 
*** SUMMARY ***
Total pot $0.36 | Rake $0.01 
Board [3d 7h 8s Kd]
Seat 1: stas9038rus folded before Flop (didn't bet)
Seat 2: Twisted369 folded before Flop (didn't bet)
Seat 3: Samir9997 (button) collected ($0.35)
Seat 4: JAQKJAQK1 (small blind) folded on the Turn
Seat 5: Luks_Jr (big blind) folded on the Turn
Seat 6: NessaCakes folded before Flop (didn't bet)
Seat 7: Dorex2007 folded before Flop (didn't bet)
Seat 8: 139qmb folded before Flop (didn't bet)
Seat 9: Warningdanger1 folded before Flop (didn't bet)



PokerStars Hand #224712577173:  Hold'em No Limit ($0.01/$0.02 USD) - 2021/03/11 19:07:57 PT [2021/03/11 22:07:57 ET]
Table 'Malautra III' 9-max Seat #4 is the button
Seat 1: stas9038rus ($2.22 in chips) 
Seat 2: Twisted369 ($1.92 in chips) 
Seat 3: Samir9997 ($1.30 in chips) 
Seat 4: JAQKJAQK1 ($4.11 in chips) 
Seat 5: Luks_Jr ($4.88 in chips) 
Seat 6: NessaCakes ($2.53 in chips) 
Seat 7: Dorex2007 ($3.96 in chips) 
Seat 8: 139qmb ($3.38 in chips) 
Seat 9: Warningdanger1 ($0.74 in chips) 
Luks_Jr: posts small blind $0.01
NessaCakes: posts big blind $0.02
*** HOLE CARDS ***
Dealt to Dorex2007 [Js 2s]
Dorex2007: folds 
139qmb: folds 
Warningdanger1: folds 
stas9038rus: raises $0.04 to $0.06
Twisted369: folds 
Samir9997: folds 
JAQKJAQK1: calls $0.06
Luks_Jr: folds 
NessaCakes: folds 
*** FLOP *** [Jc 8s 9d]
stas9038rus: bets $0.07
JAQKJAQK1: calls $0.07
*** TURN *** [Jc 8s 9d] [7s]
stas9038rus: checks 
JAQKJAQK1: bets $0.28
stas9038rus: calls $0.28
*** RIVER *** [Jc 8s 9d 7s] [Qh]
stas9038rus: checks 
JAQKJAQK1: bets $0.41
stas9038rus: folds 
Uncalled bet ($0.41) returned to JAQKJAQK1
JAQKJAQK1 collected $0.82 from pot
*** SUMMARY ***
Total pot $0.85 | Rake $0.03 
Board [Jc 8s 9d 7s Qh]
Seat 1: stas9038rus folded on the River
Seat 2: Twisted369 folded before Flop (didn't bet)
Seat 3: Samir9997 folded before Flop (didn't bet)
Seat 4: JAQKJAQK1 (button) collected ($0.82)
Seat 5: Luks_Jr (small blind) folded before Flop
Seat 6: NessaCakes (big blind) folded before Flop
Seat 7: Dorex2007 folded before Flop (didn't bet)
Seat 8: 139qmb folded before Flop (didn't bet)
Seat 9: Warningdanger1 folded before Flop (didn't bet)



PokerStars Hand #224712596310:  Hold'em No Limit ($0.01/$0.02 USD) - 2021/03/11 19:09:01 PT [2021/03/11 22:09:01 ET]
Table 'Malautra III' 9-max Seat #5 is the button
Seat 1: stas9038rus ($1.81 in chips) 
Seat 2: Twisted369 ($1.92 in chips) 
Seat 3: Samir9997 ($1.30 in chips) 
Seat 4: JAQKJAQK1 ($4.52 in chips) 
Seat 5: Luks_Jr ($4.87 in chips) 
Seat 6: NessaCakes ($2.51 in chips) 
Seat 7: Dorex2007 ($3.96 in chips) 
Seat 8: 139qmb ($3.38 in chips) 
Seat 9: Warningdanger1 ($0.74 in chips) 
NessaCakes: posts small blind $0.01
Dorex2007: posts big blind $0.02
*** HOLE CARDS ***
Dealt to Dorex2007 [6h Qd]
139qmb: folds 
Warningdanger1: calls $0.02
stas9038rus: folds 
Twisted369: folds 
Samir9997: folds 
JAQKJAQK1: folds 
Luks_Jr: folds 
NessaCakes: calls $0.01
Luks_Jr leaves the table
Dorex2007: checks 
*** FLOP *** [Ks 3h 5d]
NessaCakes: bets $0.02
Dorex2007: folds 
Warningdanger1: folds 
Uncalled bet ($0.02) returned to NessaCakes
NessaCakes collected $0.06 from pot
NessaCakes: doesn't show hand 
*** SUMMARY ***
Total pot $0.06 | Rake $0 
Board [Ks 3h 5d]
Seat 1: stas9038rus folded before Flop (didn't bet)
Seat 2: Twisted369 folded before Flop (didn't bet)
Seat 3: Samir9997 folded before Flop (didn't bet)
Seat 4: JAQKJAQK1 folded before Flop (didn't bet)
Seat 5: Luks_Jr (button) folded before Flop (didn't bet)
Seat 6: NessaCakes (small blind) collected ($0.06)
Seat 7: Dorex2007 (big blind) folded on the Flop
Seat 8: 139qmb folded before Flop (didn't bet)
Seat 9: Warningdanger1 folded on the Flop



PokerStars Hand #224712614035:  Hold'em No Limit ($0.01/$0.02 USD) - 2021/03/11 19:09:33 PT [2021/03/11 22:09:33 ET]
Table 'Malautra III' 9-max Seat #6 is the button
Seat 1: stas9038rus ($1.81 in chips) 
Seat 2: Twisted369 ($1.92 in chips) 
Seat 3: Samir9997 ($1.30 in chips) 
Seat 4: JAQKJAQK1 ($4.52 in chips) 
Seat 6: NessaCakes ($2.55 in chips) 
Seat 7: Dorex2007 ($3.94 in chips) 
Seat 8: 139qmb ($3.38 in chips) 
Seat 9: Warningdanger1 ($0.72 in chips) 
Dorex2007: posts small blind $0.01
139qmb: posts big blind $0.02
*** HOLE CARDS ***
Dealt to Dorex2007 [6h 5h]
Warningdanger1: folds 
stas9038rus: folds 
Twisted369: folds 
Samir9997: raises $0.02 to $0.04
JAQKJAQK1: calls $0.04
NessaCakes: folds 
Dorex2007: folds 
139qmb: calls $0.02
*** FLOP *** [3d Ts 8h]
139qmb: checks 
Samir9997: bets $0.10
JAQKJAQK1: folds 
139qmb: folds 
Uncalled bet ($0.10) returned to Samir9997
Samir9997 collected $0.13 from pot
Samir9997: doesn't show hand 
*** SUMMARY ***
Total pot $0.13 | Rake $0 
Board [3d Ts 8h]
Seat 1: stas9038rus folded before Flop (didn't bet)
Seat 2: Twisted369 folded before Flop (didn't bet)
Seat 3: Samir9997 collected ($0.13)
Seat 4: JAQKJAQK1 folded on the Flop
Seat 6: NessaCakes (button) folded before Flop (didn't bet)
Seat 7: Dorex2007 (small blind) folded before Flop
Seat 8: 139qmb (big blind) folded on the Flop
Seat 9: Warningdanger1 folded before Flop (didn't bet)



PokerStars Hand #224712624822:  Hold'em No Limit ($0.01/$0.02 USD) - 2021/03/11 19:10:10 PT [2021/03/11 22:10:10 ET]
Table 'Malautra III' 9-max Seat #7 is the button
Seat 1: stas9038rus ($1.81 in chips) 
Seat 2: Twisted369 ($1.92 in chips) 
Seat 3: Samir9997 ($1.39 in chips) 
Seat 4: JAQKJAQK1 ($4.48 in chips) 
Seat 6: NessaCakes ($2.55 in chips) 
Seat 7: Dorex2007 ($3.93 in chips) 
Seat 8: 139qmb ($3.34 in chips) 
Seat 9: Warningdanger1 ($0.72 in chips) 
139qmb: posts small blind $0.01
Warningdanger1: posts big blind $0.02
*** HOLE CARDS ***
Dealt to Dorex2007 [3d Ks]
stas9038rus: folds 
mrjapa1000 joins the table at seat #5 
Twisted369: folds 
Samir9997: calls $0.02
JAQKJAQK1: calls $0.02
NessaCakes: folds 
Dorex2007: folds 
139qmb: calls $0.01
Warningdanger1: checks 
*** FLOP *** [7c 3s Qc]
139qmb: checks 
Warningdanger1: checks 
Samir9997: bets $0.02
JAQKJAQK1: calls $0.02
139qmb: folds 
Warningdanger1: calls $0.02
*** TURN *** [7c 3s Qc] [8c]
Warningdanger1: checks 
Samir9997: bets $0.06
JAQKJAQK1: raises $0.26 to $0.32
Warningdanger1: folds 
Samir9997: calls $0.26
*** RIVER *** [7c 3s Qc 8c] [4d]
Samir9997: bets $0.10
JAQKJAQK1: raises $0.95 to $1.05
Samir9997: calls $0.93 and is all-in
Uncalled bet ($0.02) returned to JAQKJAQK1
*** SHOW DOWN ***
JAQKJAQK1: shows [9c Kc] (a flush, King high)
Samir9997: shows [Ah 8h] (a pair of Eights)
JAQKJAQK1 collected $2.74 from pot
*** SUMMARY ***
Total pot $2.84 | Rake $0.10 
Board [7c 3s Qc 8c 4d]
Seat 1: stas9038rus folded before Flop (didn't bet)
Seat 2: Twisted369 folded before Flop (didn't bet)
Seat 3: Samir9997 showed [Ah 8h] and lost with a pair of Eights
Seat 4: JAQKJAQK1 showed [9c Kc] and won ($2.74) with a flush, King high
Seat 6: NessaCakes folded before Flop (didn't bet)
Seat 7: Dorex2007 (button) folded before Flop (didn't bet)
Seat 8: 139qmb (small blind) folded on the Flop
Seat 9: Warningdanger1 (big blind) folded on the Turn



PokerStars Hand #224712649636:  Hold'em No Limit ($0.01/$0.02 USD) - 2021/03/11 19:11:35 PT [2021/03/11 22:11:35 ET]
Table 'Malautra III' 9-max Seat #8 is the button
Seat 1: stas9038rus ($1.81 in chips) 
Seat 2: Twisted369 ($1.92 in chips) 
Seat 4: JAQKJAQK1 ($5.83 in chips) 
Seat 5: mrjapa1000 ($1.88 in chips) 
Seat 6: NessaCakes ($2.55 in chips) 
Seat 7: Dorex2007 ($3.93 in chips) 
Seat 8: 139qmb ($3.32 in chips) 
Seat 9: Warningdanger1 ($0.68 in chips) 
Warningdanger1: posts small blind $0.01
stas9038rus: posts big blind $0.02
mrjapa1000: posts big blind $0.02
*** HOLE CARDS ***
Dealt to Dorex2007 [2d Td]
Twisted369: folds 
JAQKJAQK1 has timed out
JAQKJAQK1: folds 
mrjapa1000: checks 
NessaCakes: raises $0.10 to $0.12
Dorex2007: folds 
139qmb: folds 
Warningdanger1: folds 
stas9038rus: folds 
mrjapa1000: folds 
Uncalled bet ($0.10) returned to NessaCakes
NessaCakes collected $0.07 from pot
NessaCakes: doesn't show hand 
*** SUMMARY ***
Total pot $0.07 | Rake $0 
Seat 1: stas9038rus (big blind) folded before Flop
Seat 2: Twisted369 folded before Flop (didn't bet)
Seat 4: JAQKJAQK1 folded before Flop (didn't bet)
Seat 5: mrjapa1000 folded before Flop (didn't bet)
Seat 6: NessaCakes collected ($0.07)
Seat 7: Dorex2007 folded before Flop (didn't bet)
Seat 8: 139qmb (button) folded before Flop (didn't bet)
Seat 9: Warningdanger1 (small blind) folded before Flop



PokerStars Hand #224712657638:  Hold'em No Limit ($0.01/$0.02 USD) - 2021/03/11 19:12:02 PT [2021/03/11 22:12:02 ET]
Table 'Malautra III' 9-max Seat #9 is the button
Seat 1: stas9038rus ($1.79 in chips) 
Seat 2: Twisted369 ($1.92 in chips) 
Seat 4: JAQKJAQK1 ($5.83 in chips) 
Seat 5: mrjapa1000 ($1.86 in chips) 
Seat 6: NessaCakes ($2.60 in chips) 
Seat 7: Dorex2007 ($3.93 in chips) 
Seat 8: 139qmb ($3.32 in chips) 
Seat 9: Warningdanger1 ($0.67 in chips) 
stas9038rus: posts small blind $0.01
Twisted369: posts big blind $0.02
*** HOLE CARDS ***
Dealt to Dorex2007 [9c 3d]
JAQKJAQK1: raises $0.04 to $0.06
mrjapa1000: calls $0.06
NessaCakes: folds 
Dorex2007: folds 
139qmb: folds 
Warningdanger1: folds 
stas9038rus: folds 
Samir9997 leaves the table
Twisted369: folds 
*** FLOP *** [Jc 5c Kc]
JAQKJAQK1: bets $0.14
Olejka228822 joins the table at seat #3 
mrjapa1000: folds 
Uncalled bet ($0.14) returned to JAQKJAQK1
mrjapa1000 leaves the table
JAQKJAQK1 collected $0.14 from pot
*** SUMMARY ***
Total pot $0.15 | Rake $0.01 
Board [Jc 5c Kc]
Seat 1: stas9038rus (small blind) folded before Flop
Seat 2: Twisted369 (big blind) folded before Flop
Seat 4: JAQKJAQK1 collected ($0.14)
Seat 5: mrjapa1000 folded on the Flop
Seat 6: NessaCakes folded before Flop (didn't bet)
Seat 7: Dorex2007 folded before Flop (didn't bet)
Seat 8: 139qmb folded before Flop (didn't bet)
Seat 9: Warningdanger1 (button) folded before Flop (didn't bet)



PokerStars Hand #224712674215:  Hold'em No Limit ($0.01/$0.02 USD) - 2021/03/11 19:12:59 PT [2021/03/11 22:12:59 ET]
Table 'Malautra III' 9-max Seat #1 is the button
Seat 1: stas9038rus ($1.78 in chips) 
Seat 2: Twisted369 ($1.90 in chips) 
Seat 3: Olejka228822 ($2 in chips) 
Seat 4: JAQKJAQK1 ($5.91 in chips) 
Seat 6: NessaCakes ($2.60 in chips) 
Seat 7: Dorex2007 ($3.93 in chips) 
Seat 8: 139qmb ($3.32 in chips) 
Seat 9: Warningdanger1 ($0.67 in chips) 
Twisted369: posts small blind $0.01
Olejka228822: posts big blind $0.02
*** HOLE CARDS ***
Dealt to Dorex2007 [Kh 2s]
JAQKJAQK1: folds 
NessaCakes: folds 
Dorex2007: folds 
139qmb: calls $0.02
Morgenbier joins the table at seat #5 
Warningdanger1: raises $0.04 to $0.06
stas9038rus: folds 
Twisted369 has timed out
Twisted369: folds 
Olejka228822: folds 
139qmb: folds 
Uncalled bet ($0.04) returned to Warningdanger1
Warningdanger1 collected $0.07 from pot
Warningdanger1: doesn't show hand 
*** SUMMARY ***
Total pot $0.07 | Rake $0 
Seat 1: stas9038rus (button) folded before Flop (didn't bet)
Seat 2: Twisted369 (small blind) folded before Flop
Seat 3: Olejka228822 (big blind) folded before Flop
Seat 4: JAQKJAQK1 folded before Flop (didn't bet)
Seat 6: NessaCakes folded before Flop (didn't bet)
Seat 7: Dorex2007 folded before Flop (didn't bet)
Seat 8: 139qmb folded before Flop
Seat 9: Warningdanger1 collected ($0.07)



PokerStars Hand #224712689010:  Hold'em No Limit ($0.01/$0.02 USD) - 2021/03/11 19:13:49 PT [2021/03/11 22:13:49 ET]
Table 'Malautra III' 9-max Seat #3 is the button
Seat 1: stas9038rus ($1.78 in chips) 
Seat 3: Olejka228822 ($2 in chips) 
Seat 4: JAQKJAQK1 ($5.91 in chips) 
Seat 5: Morgenbier ($1.60 in chips) 
Seat 6: NessaCakes ($2.60 in chips) 
Seat 7: Dorex2007 ($3.93 in chips) 
Seat 8: 139qmb ($3.30 in chips) 
Seat 9: Warningdanger1 ($0.72 in chips) 
JAQKJAQK1: posts small blind $0.01
Morgenbier: posts big blind $0.02
*** HOLE CARDS ***
Dealt to Dorex2007 [Qc 9s]
NessaCakes: calls $0.02
Dorex2007: folds 
139qmb: folds 
Warningdanger1: folds 
stas9038rus: raises $0.07 to $0.09
Olejka228822: folds 
JAQKJAQK1: folds 
Morgenbier: folds 
NessaCakes: calls $0.07
*** FLOP *** [5c 3h 7h]
NessaCakes: bets $0.02
stas9038rus: raises $0.12 to $0.14
NessaCakes: calls $0.12
*** TURN *** [5c 3h 7h] [Qh]
NessaCakes: checks 
stas9038rus: bets $0.24
NessaCakes: folds 
Uncalled bet ($0.24) returned to stas9038rus
stas9038rus collected $0.47 from pot
stas9038rus: doesn't show hand 
*** SUMMARY ***
Total pot $0.49 | Rake $0.02 
Board [5c 3h 7h Qh]
Seat 1: stas9038rus collected ($0.47)
Seat 3: Olejka228822 (button) folded before Flop (didn't bet)
Seat 4: JAQKJAQK1 (small blind) folded before Flop
Seat 5: Morgenbier (big blind) folded before Flop
Seat 6: NessaCakes folded on the Turn
Seat 7: Dorex2007 folded before Flop (didn't bet)
Seat 8: 139qmb folded before Flop (didn't bet)
Seat 9: Warningdanger1 folded before Flop (didn't bet)



PokerStars Hand #224712703158:  Hold'em No Limit ($0.01/$0.02 USD) - 2021/03/11 19:14:38 PT [2021/03/11 22:14:38 ET]
Table 'Malautra III' 9-max Seat #4 is the button
Seat 1: stas9038rus ($2.02 in chips) 
Seat 3: Olejka228822 ($2 in chips) 
Seat 4: JAQKJAQK1 ($5.90 in chips) 
Seat 5: Morgenbier ($1.58 in chips) 
Seat 6: NessaCakes ($2.37 in chips) 
Seat 7: Dorex2007 ($3.93 in chips) 
Seat 8: 139qmb ($3.30 in chips) 
Seat 9: Warningdanger1 ($0.72 in chips) 
Morgenbier: posts small blind $0.01
NessaCakes: posts big blind $0.02
*** HOLE CARDS ***
Dealt to Dorex2007 [Js 7s]
Dorex2007: folds 
139qmb: folds 
Warningdanger1: folds 
stas9038rus: folds 
Olejka228822: folds 
JAQKJAQK1: raises $0.04 to $0.06
Morgenbier: folds 
NessaCakes: folds 
Uncalled bet ($0.04) returned to JAQKJAQK1
JAQKJAQK1 collected $0.05 from pot
*** SUMMARY ***
Total pot $0.05 | Rake $0 
Seat 1: stas9038rus folded before Flop (didn't bet)
Seat 3: Olejka228822 folded before Flop (didn't bet)
Seat 4: JAQKJAQK1 (button) collected ($0.05)
Seat 5: Morgenbier (small blind) folded before Flop
Seat 6: NessaCakes (big blind) folded before Flop
Seat 7: Dorex2007 folded before Flop (didn't bet)
Seat 8: 139qmb folded before Flop (didn't bet)
Seat 9: Warningdanger1 folded before Flop (didn't bet)



PokerStars Hand #224712707939:  Hold'em No Limit ($0.01/$0.02 USD) - 2021/03/11 19:14:54 PT [2021/03/11 22:14:54 ET]
Table 'Malautra III' 9-max Seat #5 is the button
Seat 1: stas9038rus ($2.02 in chips) 
Seat 3: Olejka228822 ($2 in chips) 
Seat 4: JAQKJAQK1 ($5.93 in chips) 
Seat 5: Morgenbier ($1.57 in chips) 
Seat 6: NessaCakes ($2.35 in chips) 
Seat 7: Dorex2007 ($3.93 in chips) 
Seat 8: 139qmb ($3.30 in chips) 
Seat 9: Warningdanger1 ($0.72 in chips) 
NessaCakes: posts small blind $0.01
Dorex2007: posts big blind $0.02
*** HOLE CARDS ***
Dealt to Dorex2007 [3c 2h]
139qmb: folds 
Warningdanger1: folds 
stas9038rus: folds 
Olejka228822: folds 
JAQKJAQK1: raises $0.04 to $0.06
Morgenbier: calls $0.06
NessaCakes: raises $0.26 to $0.32
Dorex2007: folds 
JAQKJAQK1: calls $0.26
Morgenbier: folds 
*** FLOP *** [7s 7d 6c]
NessaCakes: bets $0.69
JAQKJAQK1: folds 
Uncalled bet ($0.69) returned to NessaCakes
NessaCakes collected $0.69 from pot
NessaCakes: doesn't show hand 
*** SUMMARY ***
Total pot $0.72 | Rake $0.03 
Board [7s 7d 6c]
Seat 1: stas9038rus folded before Flop (didn't bet)
Seat 3: Olejka228822 folded before Flop (didn't bet)
Seat 4: JAQKJAQK1 folded on the Flop
Seat 5: Morgenbier (button) folded before Flop
Seat 6: NessaCakes (small blind) collected ($0.69)
Seat 7: Dorex2007 (big blind) folded before Flop
Seat 8: 139qmb folded before Flop (didn't bet)
Seat 9: Warningdanger1 folded before Flop (didn't bet)



PokerStars Hand #224712728054:  Hold'em No Limit ($0.01/$0.02 USD) - 2021/03/11 19:16:03 PT [2021/03/11 22:16:03 ET]
Table 'Malautra III' 9-max Seat #6 is the button
Seat 1: stas9038rus ($2.02 in chips) 
Seat 3: Olejka228822 ($2 in chips) 
Seat 4: JAQKJAQK1 ($5.61 in chips) 
Seat 5: Morgenbier ($1.51 in chips) 
Seat 6: NessaCakes ($2.72 in chips) 
Seat 7: Dorex2007 ($3.91 in chips) 
Seat 8: 139qmb ($3.30 in chips) 
Seat 9: Warningdanger1 ($0.72 in chips) 
Dorex2007: posts small blind $0.01
139qmb: posts big blind $0.02
*** HOLE CARDS ***
Dealt to Dorex2007 [7h Qc]
Warningdanger1: folds 
stas9038rus: folds 
Olejka228822: folds 
JAQKJAQK1: folds 
Morgenbier: calls $0.02
NessaCakes: folds 
Dorex2007: folds 
139qmb: checks 
*** FLOP *** [Ad 9h Tc]
139qmb: checks 
Morgenbier: bets $0.02
139qmb: folds 
Uncalled bet ($0.02) returned to Morgenbier
Morgenbier collected $0.05 from pot
Morgenbier: doesn't show hand 
*** SUMMARY ***
Total pot $0.05 | Rake $0 
Board [Ad 9h Tc]
Seat 1: stas9038rus folded before Flop (didn't bet)
Seat 3: Olejka228822 folded before Flop (didn't bet)
Seat 4: JAQKJAQK1 folded before Flop (didn't bet)
Seat 5: Morgenbier collected ($0.05)
Seat 6: NessaCakes (button) folded before Flop (didn't bet)
Seat 7: Dorex2007 (small blind) folded before Flop
Seat 8: 139qmb (big blind) folded on the Flop
Seat 9: Warningdanger1 folded before Flop (didn't bet)



PokerStars Hand #224712734784:  Hold'em No Limit ($0.01/$0.02 USD) - 2021/03/11 19:16:26 PT [2021/03/11 22:16:26 ET]
Table 'Malautra III' 9-max Seat #7 is the button
Seat 1: stas9038rus ($2.02 in chips) 
Seat 2: Twisted369 ($1.89 in chips) 
Seat 3: Olejka228822 ($2 in chips) 
Seat 4: JAQKJAQK1 ($5.61 in chips) 
Seat 5: Morgenbier ($1.54 in chips) 
Seat 6: NessaCakes ($2.72 in chips) 
Seat 7: Dorex2007 ($3.90 in chips) 
Seat 8: 139qmb ($3.28 in chips) 
Seat 9: Warningdanger1 ($0.72 in chips) 
139qmb: posts small blind $0.01
Warningdanger1: posts big blind $0.02
*** HOLE CARDS ***
Dealt to Dorex2007 [5d 5c]
stas9038rus: folds 
Twisted369: calls $0.02
Olejka228822: raises $0.06 to $0.08
JAQKJAQK1: folds 
Morgenbier: calls $0.08
NessaCakes: folds 
Dorex2007: folds 
139qmb: folds 
Warningdanger1: folds 
Twisted369: folds 
*** FLOP *** [7c 9h 5h]
Olejka228822: checks 
Morgenbier: bets $0.12
Olejka228822: raises $0.24 to $0.36
Morgenbier: folds 
Uncalled bet ($0.24) returned to Olejka228822
Olejka228822 collected $0.43 from pot
Olejka228822: doesn't show hand 
*** SUMMARY ***
Total pot $0.45 | Rake $0.02 
Board [7c 9h 5h]
Seat 1: stas9038rus folded before Flop (didn't bet)
Seat 2: Twisted369 folded before Flop
Seat 3: Olejka228822 collected ($0.43)
Seat 4: JAQKJAQK1 folded before Flop (didn't bet)
Seat 5: Morgenbier folded on the Flop
Seat 6: NessaCakes folded before Flop (didn't bet)
Seat 7: Dorex2007 (button) folded before Flop (didn't bet)
Seat 8: 139qmb (small blind) folded before Flop
Seat 9: Warningdanger1 (big blind) folded before Flop



PokerStars Hand #224712750083:  Hold'em No Limit ($0.01/$0.02 USD) - 2021/03/11 19:17:19 PT [2021/03/11 22:17:19 ET]
Table 'Malautra III' 9-max Seat #8 is the button
Seat 1: stas9038rus ($2.02 in chips) 
Seat 2: Twisted369 ($1.87 in chips) 
Seat 3: Olejka228822 ($2.23 in chips) 
Seat 4: JAQKJAQK1 ($5.61 in chips) 
Seat 5: Morgenbier ($1.34 in chips) 
Seat 6: NessaCakes ($2.72 in chips) 
Seat 7: Dorex2007 ($3.90 in chips) 
Seat 8: 139qmb ($3.27 in chips) 
Seat 9: Warningdanger1 ($0.70 in chips) 
Warningdanger1: posts small blind $0.01
stas9038rus: posts big blind $0.02
*** HOLE CARDS ***
Dealt to Dorex2007 [Qc 4s]
Twisted369: calls $0.02
Olejka228822: folds 
JAQKJAQK1: raises $0.08 to $0.10
Morgenbier: folds 
NessaCakes: folds 
Dorex2007: folds 
139qmb: folds 
Warningdanger1: folds 
stas9038rus: folds 
Twisted369: raises $0.18 to $0.28
JAQKJAQK1: calls $0.18
*** FLOP *** [3h Ks 7c]
Twisted369: checks 
JAQKJAQK1: bets $0.34
Twisted369: folds 
Uncalled bet ($0.34) returned to JAQKJAQK1
JAQKJAQK1 collected $0.57 from pot
*** SUMMARY ***
Total pot $0.59 | Rake $0.02 
Board [3h Ks 7c]
Seat 1: stas9038rus (big blind) folded before Flop
Seat 2: Twisted369 folded on the Flop
Seat 3: Olejka228822 folded before Flop (didn't bet)
Seat 4: JAQKJAQK1 collected ($0.57)
Seat 5: Morgenbier folded before Flop (didn't bet)
Seat 6: NessaCakes folded before Flop (didn't bet)
Seat 7: Dorex2007 folded before Flop (didn't bet)
Seat 8: 139qmb (button) folded before Flop (didn't bet)
Seat 9: Warningdanger1 (small blind) folded before Flop



PokerStars Hand #224712764541:  Hold'em No Limit ($0.01/$0.02 USD) - 2021/03/11 19:18:09 PT [2021/03/11 22:18:09 ET]
Table 'Malautra III' 9-max Seat #9 is the button
Seat 1: stas9038rus ($2 in chips) 
Seat 2: Twisted369 ($1.59 in chips) 
Seat 3: Olejka228822 ($2.23 in chips) 
Seat 4: JAQKJAQK1 ($5.90 in chips) 
Seat 5: Morgenbier ($1.34 in chips) 
Seat 6: NessaCakes ($2.72 in chips) 
Seat 7: Dorex2007 ($3.90 in chips) 
Seat 8: 139qmb ($3.27 in chips) 
Seat 9: Warningdanger1 ($0.69 in chips) 
stas9038rus: posts small blind $0.01
Twisted369: posts big blind $0.02
*** HOLE CARDS ***
Dealt to Dorex2007 [Ad Ah]
Olejka228822: folds 
JAQKJAQK1: folds 
Morgenbier: calls $0.02
NessaCakes: folds 
Dorex2007: raises $0.06 to $0.08
139qmb: folds 
Warningdanger1: folds 
stas9038rus: folds 
Twisted369: folds 
Morgenbier: calls $0.06
*** FLOP *** [8c 3s 7d]
Morgenbier: checks 
Dorex2007: checks 
*** TURN *** [8c 3s 7d] [Jh]
Morgenbier: checks 
Dorex2007: bets $0.09
Morgenbier: raises $0.09 to $0.18
Dorex2007: calls $0.09
*** RIVER *** [8c 3s 7d Jh] [2s]
Morgenbier: bets $0.10
Dorex2007: raises $0.20 to $0.30
Morgenbier: raises $0.52 to $0.82
Dorex2007: calls $0.52
*** SHOW DOWN ***
Morgenbier: shows [2d 2h] (three of a kind, Deuces)
Dorex2007: mucks hand 
Morgenbier collected $2.11 from pot
*** SUMMARY ***
Total pot $2.19 | Rake $0.08 
Board [8c 3s 7d Jh 2s]
Seat 1: stas9038rus (small blind) folded before Flop
Seat 2: Twisted369 (big blind) folded before Flop
Seat 3: Olejka228822 folded before Flop (didn't bet)
Seat 4: JAQKJAQK1 folded before Flop (didn't bet)
Seat 5: Morgenbier showed [2d 2h] and won ($2.11) with three of a kind, Deuces
Seat 6: NessaCakes folded before Flop (didn't bet)
Seat 7: Dorex2007 mucked [Ad Ah]
Seat 8: 139qmb folded before Flop (didn't bet)
Seat 9: Warningdanger1 (button) folded before Flop (didn't bet)



PokerStars Hand #224712782766:  Hold'em No Limit ($0.01/$0.02 USD) - 2021/03/11 19:19:12 PT [2021/03/11 22:19:12 ET]
Table 'Malautra III' 9-max Seat #1 is the button
Seat 1: stas9038rus ($1.99 in chips) 
Seat 2: Twisted369 ($1.57 in chips) 
Seat 3: Olejka228822 ($2.23 in chips) 
Seat 4: JAQKJAQK1 ($5.90 in chips) 
Seat 5: Morgenbier ($2.37 in chips) 
Seat 6: NessaCakes ($2.72 in chips) 
Seat 7: Dorex2007 ($2.82 in chips) 
Seat 8: 139qmb ($3.27 in chips) 
Seat 9: Warningdanger1 ($0.69 in chips) 
Twisted369: posts small blind $0.01
Olejka228822: posts big blind $0.02
*** HOLE CARDS ***
Dealt to Dorex2007 [7d 2c]
JAQKJAQK1: calls $0.02
Morgenbier: calls $0.02
NessaCakes: folds 
Dorex2007: folds 
139qmb: raises $0.06 to $0.08
Warningdanger1: folds 
stas9038rus: folds 
Twisted369: folds 
Olejka228822: folds 
JAQKJAQK1: calls $0.06
Morgenbier: calls $0.06
*** FLOP *** [Js 6c 9d]
JAQKJAQK1: checks 
Morgenbier: checks 
139qmb: bets $0.18
JAQKJAQK1: calls $0.18
Morgenbier: folds 
*** TURN *** [Js 6c 9d] [Kd]
JAQKJAQK1: checks 
139qmb: bets $0.58
JAQKJAQK1 has timed out
JAQKJAQK1: folds 
Uncalled bet ($0.58) returned to 139qmb
139qmb collected $0.61 from pot
139qmb: doesn't show hand 
*** SUMMARY ***
Total pot $0.63 | Rake $0.02 
Board [Js 6c 9d Kd]
Seat 1: stas9038rus (button) folded before Flop (didn't bet)
Seat 2: Twisted369 (small blind) folded before Flop
Seat 3: Olejka228822 (big blind) folded before Flop
Seat 4: JAQKJAQK1 folded on the Turn
Seat 5: Morgenbier folded on the Flop
Seat 6: NessaCakes folded before Flop (didn't bet)
Seat 7: Dorex2007 folded before Flop (didn't bet)
Seat 8: 139qmb collected ($0.61)
Seat 9: Warningdanger1 folded before Flop (didn't bet)



PokerStars Hand #224712812790:  Hold'em No Limit ($0.01/$0.02 USD) - 2021/03/11 19:20:36 PT [2021/03/11 22:20:36 ET]
Table 'Malautra III' 9-max Seat #2 is the button
Seat 1: stas9038rus ($1.99 in chips) 
Seat 2: Twisted369 ($1.56 in chips) 
Seat 3: Olejka228822 ($2.21 in chips) 
Seat 4: JAQKJAQK1 ($5.64 in chips) 
Seat 5: Morgenbier ($2.29 in chips) 
Seat 6: NessaCakes ($2.72 in chips) 
Seat 7: Dorex2007 ($2.82 in chips) 
Seat 8: 139qmb ($3.62 in chips) 
Seat 9: Warningdanger1 ($0.69 in chips) 
Olejka228822: posts small blind $0.01
JAQKJAQK1: posts big blind $0.02
*** HOLE CARDS ***
Dealt to Dorex2007 [8c Ac]
Morgenbier: folds 
NessaCakes: folds 
Dorex2007: raises $0.06 to $0.08
139qmb: folds 
Warningdanger1: folds 
stas9038rus: folds 
Twisted369: folds 
Olejka228822: raises $0.24 to $0.32
JAQKJAQK1: folds 
Dorex2007: folds 
Uncalled bet ($0.24) returned to Olejka228822
Olejka228822 collected $0.18 from pot
Olejka228822: doesn't show hand 
*** SUMMARY ***
Total pot $0.18 | Rake $0 
Seat 1: stas9038rus folded before Flop (didn't bet)
Seat 2: Twisted369 (button) folded before Flop (didn't bet)
Seat 3: Olejka228822 (small blind) collected ($0.18)
Seat 4: JAQKJAQK1 (big blind) folded before Flop
Seat 5: Morgenbier folded before Flop (didn't bet)
Seat 6: NessaCakes folded before Flop (didn't bet)
Seat 7: Dorex2007 folded before Flop
Seat 8: 139qmb folded before Flop (didn't bet)
Seat 9: Warningdanger1 folded before Flop (didn't bet)



PokerStars Hand #224712820120:  Hold'em No Limit ($0.01/$0.02 USD) - 2021/03/11 19:21:01 PT [2021/03/11 22:21:01 ET]
Table 'Malautra III' 9-max Seat #3 is the button
Seat 1: stas9038rus ($1.99 in chips) 
Seat 2: Twisted369 ($1.56 in chips) 
Seat 3: Olejka228822 ($2.31 in chips) 
Seat 4: JAQKJAQK1 ($5.62 in chips) 
Seat 5: Morgenbier ($2.29 in chips) 
Seat 6: NessaCakes ($2.72 in chips) 
Seat 7: Dorex2007 ($2.74 in chips) 
Seat 8: 139qmb ($3.62 in chips) 
Seat 9: Warningdanger1 ($0.69 in chips) 
JAQKJAQK1: posts small blind $0.01
Morgenbier: posts big blind $0.02
*** HOLE CARDS ***
Dealt to Dorex2007 [Qs 8s]
NessaCakes: folds 
Dorex2007: folds 
139qmb: folds 
Warningdanger1: folds 
stas9038rus: raises $0.04 to $0.06
Twisted369: folds 
Olejka228822: folds 
JAQKJAQK1: folds 
Morgenbier: folds 
Uncalled bet ($0.04) returned to stas9038rus
stas9038rus collected $0.05 from pot
stas9038rus: doesn't show hand 
*** SUMMARY ***
Total pot $0.05 | Rake $0 
Seat 1: stas9038rus collected ($0.05)
Seat 2: Twisted369 folded before Flop (didn't bet)
Seat 3: Olejka228822 (button) folded before Flop (didn't bet)
Seat 4: JAQKJAQK1 (small blind) folded before Flop
Seat 5: Morgenbier (big blind) folded before Flop
Seat 6: NessaCakes folded before Flop (didn't bet)
Seat 7: Dorex2007 folded before Flop (didn't bet)
Seat 8: 139qmb folded before Flop (didn't bet)
Seat 9: Warningdanger1 folded before Flop (didn't bet)



PokerStars Hand #224712824393:  Hold'em No Limit ($0.01/$0.02 USD) - 2021/03/11 19:21:16 PT [2021/03/11 22:21:16 ET]
Table 'Malautra III' 9-max Seat #4 is the button
Seat 1: stas9038rus ($2.02 in chips) 
Seat 2: Twisted369 ($1.56 in chips) 
Seat 3: Olejka228822 ($2.31 in chips) 
Seat 4: JAQKJAQK1 ($5.61 in chips) 
Seat 5: Morgenbier ($2.27 in chips) 
Seat 6: NessaCakes ($2.72 in chips) 
Seat 7: Dorex2007 ($2.74 in chips) 
Seat 8: 139qmb ($3.62 in chips) 
Seat 9: Warningdanger1 ($0.69 in chips) 
Morgenbier: posts small blind $0.01
NessaCakes: posts big blind $0.02
*** HOLE CARDS ***
Dealt to Dorex2007 [6h 2d]
Dorex2007: folds 
139qmb: folds 
Warningdanger1: calls $0.02
stas9038rus: folds 
Twisted369: raises $0.10 to $0.12
Olejka228822: folds 
JAQKJAQK1: folds 
Morgenbier: folds 
NessaCakes: folds 
Warningdanger1: folds 
Uncalled bet ($0.10) returned to Twisted369
Twisted369 collected $0.07 from pot
*** SUMMARY ***
Total pot $0.07 | Rake $0 
Seat 1: stas9038rus folded before Flop (didn't bet)
Seat 2: Twisted369 collected ($0.07)
Seat 3: Olejka228822 folded before Flop (didn't bet)
Seat 4: JAQKJAQK1 (button) folded before Flop (didn't bet)
Seat 5: Morgenbier (small blind) folded before Flop
Seat 6: NessaCakes (big blind) folded before Flop
Seat 7: Dorex2007 folded before Flop (didn't bet)
Seat 8: 139qmb folded before Flop (didn't bet)
Seat 9: Warningdanger1 folded before Flop



PokerStars Hand #224712833009:  Hold'em No Limit ($0.01/$0.02 USD) - 2021/03/11 19:21:46 PT [2021/03/11 22:21:46 ET]
Table 'Malautra III' 9-max Seat #5 is the button
Seat 1: stas9038rus ($2.02 in chips) 
Seat 2: Twisted369 ($1.61 in chips) 
Seat 3: Olejka228822 ($2.31 in chips) 
Seat 4: JAQKJAQK1 ($5.61 in chips) 
Seat 5: Morgenbier ($2.26 in chips) 
Seat 6: NessaCakes ($2.70 in chips) 
Seat 7: Dorex2007 ($2.74 in chips) 
Seat 8: 139qmb ($3.62 in chips) 
Seat 9: Warningdanger1 ($0.67 in chips) 
NessaCakes: posts small blind $0.01
Dorex2007: posts big blind $0.02
*** HOLE CARDS ***
Dealt to Dorex2007 [6h Th]
139qmb: folds 
Warningdanger1: folds 
stas9038rus: folds 
Twisted369: calls $0.02
Olejka228822: raises $0.06 to $0.08
JAQKJAQK1: calls $0.08
Morgenbier: folds 
NessaCakes: folds 
Dorex2007: folds 
Twisted369: calls $0.06
*** FLOP *** [8h Qd Ts]
Twisted369: checks 
Olejka228822: bets $0.16
JAQKJAQK1: calls $0.16
Twisted369: raises $0.20 to $0.36
Olejka228822: folds 
JAQKJAQK1: calls $0.20
*** TURN *** [8h Qd Ts] [9c]
Twisted369: bets $0.08
JAQKJAQK1: raises $1.27 to $1.35
Twisted369: calls $1.09 and is all-in
Uncalled bet ($0.18) returned to JAQKJAQK1
*** RIVER *** [8h Qd Ts 9c] [Jd]
*** SHOW DOWN ***
Twisted369: shows [Jc Qh] (a straight, Eight to Queen)
JAQKJAQK1: shows [Qs 5s] (a straight, Eight to Queen)
Twisted369 collected $1.69 from pot
JAQKJAQK1 cashed out the hand for $0.11
*** SUMMARY ***
Total pot $3.49 | Rake $0.12 
Board [8h Qd Ts 9c Jd]
Seat 1: stas9038rus folded before Flop (didn't bet)
Seat 2: Twisted369 showed [Jc Qh] and won ($1.69) with a straight, Eight to Queen
Seat 3: Olejka228822 folded on the Flop
Seat 4: JAQKJAQK1 showed [Qs 5s] and won ($1.68) with a straight, Eight to Queen (pot not awarded as player cashed out)
Seat 5: Morgenbier (button) folded before Flop (didn't bet)
Seat 6: NessaCakes (small blind) folded before Flop
Seat 7: Dorex2007 (big blind) folded before Flop
Seat 8: 139qmb folded before Flop (didn't bet)
Seat 9: Warningdanger1 folded before Flop (didn't bet)



PokerStars Hand #224712857705:  Hold'em No Limit ($0.01/$0.02 USD) - 2021/03/11 19:23:03 PT [2021/03/11 22:23:03 ET]
Table 'Malautra III' 9-max Seat #6 is the button
Seat 1: stas9038rus ($2.02 in chips) 
Seat 2: Twisted369 ($1.69 in chips) 
Seat 3: Olejka228822 ($2.07 in chips) 
Seat 4: JAQKJAQK1 ($4.11 in chips) 
Seat 5: Morgenbier ($2.26 in chips) 
Seat 6: NessaCakes ($2.69 in chips) 
Seat 7: Dorex2007 ($2.72 in chips) 
Seat 8: 139qmb ($3.62 in chips) 
Seat 9: Warningdanger1 ($0.67 in chips) 
Dorex2007: posts small blind $0.01
139qmb: posts big blind $0.02
*** HOLE CARDS ***
Dealt to Dorex2007 [Jd 9d]
Warningdanger1: folds 
stas9038rus: folds 
Twisted369: calls $0.02
Olejka228822: folds 
JAQKJAQK1: folds 
Morgenbier: folds 
NessaCakes: calls $0.02
Dorex2007: calls $0.01
139qmb: checks 
*** FLOP *** [Ks 5s As]
Dorex2007: checks 
139qmb: checks 
Twisted369: checks 
NessaCakes: checks 
*** TURN *** [Ks 5s As] [8d]
Dorex2007: checks 
139qmb: checks 
Twisted369: checks 
NessaCakes: checks 
*** RIVER *** [Ks 5s As 8d] [6c]
Dorex2007: checks 
139qmb: bets $0.10
Twisted369: raises $0.18 to $0.28
NessaCakes: folds 
Dorex2007: folds 
139qmb: raises $0.38 to $0.66
Twisted369: calls $0.38
*** SHOW DOWN ***
139qmb: shows [Js Qs] (a flush, Ace high)
Twisted369: mucks hand 
139qmb collected $1.35 from pot
*** SUMMARY ***
Total pot $1.40 | Rake $0.05 
Board [Ks 5s As 8d 6c]
Seat 1: stas9038rus folded before Flop (didn't bet)
Seat 2: Twisted369 mucked [6s 6h]
Seat 3: Olejka228822 folded before Flop (didn't bet)
Seat 4: JAQKJAQK1 folded before Flop (didn't bet)
Seat 5: Morgenbier folded before Flop (didn't bet)
Seat 6: NessaCakes (button) folded on the River
Seat 7: Dorex2007 (small blind) folded on the River
Seat 8: 139qmb (big blind) showed [Js Qs] and won ($1.35) with a flush, Ace high
Seat 9: Warningdanger1 folded before Flop (didn't bet)



PokerStars Hand #224712873892:  Hold'em No Limit ($0.01/$0.02 USD) - 2021/03/11 19:23:58 PT [2021/03/11 22:23:58 ET]
Table 'Malautra III' 9-max Seat #7 is the button
Seat 1: stas9038rus ($2.02 in chips) 
Seat 2: Twisted369 ($1.01 in chips) 
Seat 3: Olejka228822 ($2.07 in chips) 
Seat 4: JAQKJAQK1 ($4.11 in chips) 
Seat 5: Morgenbier ($2.26 in chips) 
Seat 6: NessaCakes ($2.67 in chips) 
Seat 7: Dorex2007 ($2.70 in chips) 
Seat 8: 139qmb ($4.29 in chips) 
Seat 9: Warningdanger1 ($0.67 in chips) 
139qmb: posts small blind $0.01
Warningdanger1: posts big blind $0.02
*** HOLE CARDS ***
Dealt to Dorex2007 [6h 4s]
stas9038rus: raises $0.04 to $0.06
Twisted369: folds 
Olejka228822: folds 
JAQKJAQK1: calls $0.06
Morgenbier: folds 
NessaCakes: folds 
Dorex2007: folds 
139qmb: folds 
Warningdanger1: folds 
*** FLOP *** [7d As 3s]
stas9038rus: bets $0.07
JAQKJAQK1: folds 
Uncalled bet ($0.07) returned to stas9038rus
stas9038rus collected $0.14 from pot
stas9038rus: doesn't show hand 
*** SUMMARY ***
Total pot $0.15 | Rake $0.01 
Board [7d As 3s]
Seat 1: stas9038rus collected ($0.14)
Seat 2: Twisted369 folded before Flop (didn't bet)
Seat 3: Olejka228822 folded before Flop (didn't bet)
Seat 4: JAQKJAQK1 folded on the Flop
Seat 5: Morgenbier folded before Flop (didn't bet)
Seat 6: NessaCakes folded before Flop (didn't bet)
Seat 7: Dorex2007 (button) folded before Flop (didn't bet)
Seat 8: 139qmb (small blind) folded before Flop
Seat 9: Warningdanger1 (big blind) folded before Flop



PokerStars Hand #224712883080:  Hold'em No Limit ($0.01/$0.02 USD) - 2021/03/11 19:24:30 PT [2021/03/11 22:24:30 ET]
Table 'Malautra III' 9-max Seat #8 is the button
Seat 1: stas9038rus ($2.10 in chips) 
Seat 2: Twisted369 ($2 in chips) 
Seat 3: Olejka228822 ($2.07 in chips) 
Seat 4: JAQKJAQK1 ($4.05 in chips) 
Seat 5: Morgenbier ($2.26 in chips) 
Seat 6: NessaCakes ($2.67 in chips) 
Seat 7: Dorex2007 ($2.70 in chips) 
Seat 8: 139qmb ($4.28 in chips) 
Seat 9: Warningdanger1 ($0.65 in chips) 
Warningdanger1: posts small blind $0.01
stas9038rus: posts big blind $0.02
*** HOLE CARDS ***
Dealt to Dorex2007 [Kd 5s]
Twisted369: folds 
Olejka228822: folds 
JAQKJAQK1: calls $0.02
Morgenbier: folds 
NessaCakes: raises $0.07 to $0.09
Dorex2007: folds 
139qmb: folds 
Warningdanger1: folds 
stas9038rus: folds 
JAQKJAQK1: calls $0.07
*** FLOP *** [Jd Td 4s]
JAQKJAQK1: bets $3.96 and is all-in
NessaCakes: calls $2.58 and is all-in
Uncalled bet ($1.38) returned to JAQKJAQK1
*** TURN *** [Jd Td 4s] [2d]
*** RIVER *** [Jd Td 4s 2d] [5d]
*** SHOW DOWN ***
JAQKJAQK1: shows [Jc Ts] (two pair, Jacks and Tens)
NessaCakes: shows [Qc Ac] (high card Ace)
JAQKJAQK1 cashed out the hand for $4.08 | Cash Out Fee $0.04
*** SUMMARY ***
Total pot $5.37 | Rake $0.19 
Board [Jd Td 4s 2d 5d]
Seat 1: stas9038rus (big blind) folded before Flop
Seat 2: Twisted369 folded before Flop (didn't bet)
Seat 3: Olejka228822 folded before Flop (didn't bet)
Seat 4: JAQKJAQK1 showed [Jc Ts] and won ($5.18) with two pair, Jacks and Tens (pot not awarded as player cashed out)
Seat 5: Morgenbier folded before Flop (didn't bet)
Seat 6: NessaCakes showed [Qc Ac] and lost with high card Ace
Seat 7: Dorex2007 folded before Flop (didn't bet)
Seat 8: 139qmb (button) folded before Flop (didn't bet)
Seat 9: Warningdanger1 (small blind) folded before Flop



PokerStars Hand #224712893386:  Hold'em No Limit ($0.01/$0.02 USD) - 2021/03/11 19:25:05 PT [2021/03/11 22:25:05 ET]
Table 'Malautra III' 9-max Seat #9 is the button
Seat 1: stas9038rus ($2.08 in chips) 
Seat 2: Twisted369 ($2 in chips) 
Seat 3: Olejka228822 ($2.07 in chips) 
Seat 4: JAQKJAQK1 ($5.46 in chips) 
Seat 5: Morgenbier ($2.26 in chips) 
Seat 7: Dorex2007 ($2.70 in chips) 
Seat 8: 139qmb ($4.28 in chips) 
Seat 9: Warningdanger1 ($0.64 in chips) 
stas9038rus: posts small blind $0.01
Twisted369: posts big blind $0.02
*** HOLE CARDS ***
Dealt to Dorex2007 [8s 8d]
Olejka228822: folds 
JAQKJAQK1: folds 
Morgenbier: folds 
Dorex2007: raises $0.02 to $0.04
139qmb: calls $0.04
Warningdanger1: folds 
stas9038rus: folds 
Twisted369: folds 
*** FLOP *** [5h As 4h]
Dorex2007: bets $0.11
139qmb: folds 
Uncalled bet ($0.11) returned to Dorex2007
Dorex2007 collected $0.11 from pot
Dorex2007: doesn't show hand 
*** SUMMARY ***
Total pot $0.11 | Rake $0 
Board [5h As 4h]
Seat 1: stas9038rus (small blind) folded before Flop
Seat 2: Twisted369 (big blind) folded before Flop
Seat 3: Olejka228822 folded before Flop (didn't bet)
Seat 4: JAQKJAQK1 folded before Flop (didn't bet)
Seat 5: Morgenbier folded before Flop (didn't bet)
Seat 7: Dorex2007 collected ($0.11)
Seat 8: 139qmb folded on the Flop
Seat 9: Warningdanger1 (button) folded before Flop (didn't bet)



PokerStars Hand #224712902422:  Hold'em No Limit ($0.01/$0.02 USD) - 2021/03/11 19:25:36 PT [2021/03/11 22:25:36 ET]
Table 'Malautra III' 9-max Seat #1 is the button
Seat 1: stas9038rus ($2.07 in chips) 
Seat 2: Twisted369 ($1.98 in chips) 
Seat 3: Olejka228822 ($2.07 in chips) 
Seat 4: JAQKJAQK1 ($5.46 in chips) 
Seat 5: Morgenbier ($2.26 in chips) 
Seat 6: NessaCakes ($2 in chips) 
Seat 7: Dorex2007 ($2.77 in chips) 
Seat 8: 139qmb ($4.24 in chips) 
Seat 9: Warningdanger1 ($0.64 in chips) 
Twisted369: posts small blind $0.01
Olejka228822: posts big blind $0.02
*** HOLE CARDS ***
Dealt to Dorex2007 [2h 5h]
JAQKJAQK1: calls $0.02
Morgenbier: folds 
NessaCakes: folds 
Dorex2007: folds 
139qmb: folds 
Warningdanger1: folds 
stas9038rus: folds 
Twisted369: raises $0.04 to $0.06
Olejka228822: folds 
JAQKJAQK1: calls $0.04
*** FLOP *** [9c Ts Qs]
Twisted369: checks 
JAQKJAQK1: bets $0.14
Twisted369: folds 
Uncalled bet ($0.14) returned to JAQKJAQK1
JAQKJAQK1 collected $0.14 from pot
*** SUMMARY ***
Total pot $0.14 | Rake $0 
Board [9c Ts Qs]
Seat 1: stas9038rus (button) folded before Flop (didn't bet)
Seat 2: Twisted369 (small blind) folded on the Flop
Seat 3: Olejka228822 (big blind) folded before Flop
Seat 4: JAQKJAQK1 collected ($0.14)
Seat 5: Morgenbier folded before Flop (didn't bet)
Seat 6: NessaCakes folded before Flop (didn't bet)
Seat 7: Dorex2007 folded before Flop (didn't bet)
Seat 8: 139qmb folded before Flop (didn't bet)
Seat 9: Warningdanger1 folded before Flop (didn't bet)



PokerStars Hand #224712911787:  Hold'em No Limit ($0.01/$0.02 USD) - 2021/03/11 19:26:08 PT [2021/03/11 22:26:08 ET]
Table 'Malautra III' 9-max Seat #2 is the button
Seat 1: stas9038rus ($2.07 in chips) 
Seat 2: Twisted369 ($1.92 in chips) 
Seat 3: Olejka228822 ($2.05 in chips) 
Seat 4: JAQKJAQK1 ($5.54 in chips) 
Seat 5: Morgenbier ($2.26 in chips) 
Seat 6: NessaCakes ($2 in chips) 
Seat 7: Dorex2007 ($2.77 in chips) 
Seat 8: 139qmb ($4.24 in chips) 
Seat 9: Warningdanger1 ($0.64 in chips) 
Olejka228822: posts small blind $0.01
JAQKJAQK1: posts big blind $0.02
*** HOLE CARDS ***
Dealt to Dorex2007 [3c 6h]
Morgenbier: raises $0.02 to $0.04
NessaCakes: folds 
Dorex2007: folds 
139qmb: folds 
Warningdanger1: calls $0.04
stas9038rus: folds 
Twisted369: folds 
Olejka228822: folds 
JAQKJAQK1: calls $0.02
*** FLOP *** [Kd Qs 6c]
JAQKJAQK1: checks 
Morgenbier: bets $0.02
Warningdanger1: calls $0.02
JAQKJAQK1: folds 
*** TURN *** [Kd Qs 6c] [Kh]
Morgenbier: bets $0.02
Warningdanger1: raises $0.10 to $0.12
Morgenbier: folds 
Uncalled bet ($0.10) returned to Warningdanger1
Warningdanger1 collected $0.20 from pot
Warningdanger1: doesn't show hand 
*** SUMMARY ***
Total pot $0.21 | Rake $0.01 
Board [Kd Qs 6c Kh]
Seat 1: stas9038rus folded before Flop (didn't bet)
Seat 2: Twisted369 (button) folded before Flop (didn't bet)
Seat 3: Olejka228822 (small blind) folded before Flop
Seat 4: JAQKJAQK1 (big blind) folded on the Flop
Seat 5: Morgenbier folded on the Turn
Seat 6: NessaCakes folded before Flop (didn't bet)
Seat 7: Dorex2007 folded before Flop (didn't bet)
Seat 8: 139qmb folded before Flop (didn't bet)
Seat 9: Warningdanger1 collected ($0.20)



PokerStars Hand #224712926298:  Hold'em No Limit ($0.01/$0.02 USD) - 2021/03/11 19:26:51 PT [2021/03/11 22:26:51 ET]
Table 'Malautra III' 9-max Seat #3 is the button
Seat 1: stas9038rus ($2.07 in chips) 
Seat 2: Twisted369 ($1.92 in chips) 
Seat 3: Olejka228822 ($2.04 in chips) 
Seat 4: JAQKJAQK1 ($5.50 in chips) 
Seat 5: Morgenbier ($2.18 in chips) 
Seat 6: NessaCakes ($2 in chips) 
Seat 7: Dorex2007 ($2.77 in chips) 
Seat 8: 139qmb ($4.24 in chips) 
Seat 9: Warningdanger1 ($0.76 in chips) 
JAQKJAQK1: posts small blind $0.01
Morgenbier: posts big blind $0.02
*** HOLE CARDS ***
Dealt to Dorex2007 [8h Kd]
NessaCakes: folds 
Dorex2007: folds 
139qmb: folds 
Warningdanger1: folds 
stas9038rus: folds 
Twisted369: folds 
Olejka228822: folds 
JAQKJAQK1: calls $0.01
Morgenbier: raises $0.02 to $0.04
JAQKJAQK1: calls $0.02
*** FLOP *** [7c 9s 3h]
JAQKJAQK1: checks 
Morgenbier: bets $0.08
JAQKJAQK1: calls $0.08
*** TURN *** [7c 9s 3h] [Kc]
JAQKJAQK1: checks 
Morgenbier: bets $0.18
JAQKJAQK1: folds 
Uncalled bet ($0.18) returned to Morgenbier
Morgenbier collected $0.23 from pot
Morgenbier: doesn't show hand 
*** SUMMARY ***
Total pot $0.24 | Rake $0.01 
Board [7c 9s 3h Kc]
Seat 1: stas9038rus folded before Flop (didn't bet)
Seat 2: Twisted369 folded before Flop (didn't bet)
Seat 3: Olejka228822 (button) folded before Flop (didn't bet)
Seat 4: JAQKJAQK1 (small blind) folded on the Turn
Seat 5: Morgenbier (big blind) collected ($0.23)
Seat 6: NessaCakes folded before Flop (didn't bet)
Seat 7: Dorex2007 folded before Flop (didn't bet)
Seat 8: 139qmb folded before Flop (didn't bet)
Seat 9: Warningdanger1 folded before Flop (didn't bet)



PokerStars Hand #224712940308:  Hold'em No Limit ($0.01/$0.02 USD) - 2021/03/11 19:27:40 PT [2021/03/11 22:27:40 ET]
Table 'Malautra III' 9-max Seat #4 is the button
Seat 1: stas9038rus ($2.07 in chips) 
Seat 2: Twisted369 ($1.92 in chips) 
Seat 3: Olejka228822 ($2.04 in chips) 
Seat 4: JAQKJAQK1 ($5.38 in chips) 
Seat 5: Morgenbier ($2.29 in chips) 
Seat 6: NessaCakes ($2 in chips) 
Seat 7: Dorex2007 ($2.77 in chips) 
Seat 8: 139qmb ($4.24 in chips) 
Seat 9: Warningdanger1 ($0.76 in chips) 
Morgenbier: posts small blind $0.01
NessaCakes: posts big blind $0.02
*** HOLE CARDS ***
Dealt to Dorex2007 [3s Qc]
Dorex2007: folds 
139qmb: folds 
Warningdanger1: folds 
stas9038rus: raises $0.04 to $0.06
Twisted369: folds 
Olejka228822: folds 
JAQKJAQK1: raises $5.32 to $5.38 and is all-in
Morgenbier: folds 
NessaCakes: folds 
stas9038rus: folds 
Uncalled bet ($5.32) returned to JAQKJAQK1
JAQKJAQK1 collected $0.15 from pot
*** SUMMARY ***
Total pot $0.15 | Rake $0 
Seat 1: stas9038rus folded before Flop
Seat 2: Twisted369 folded before Flop (didn't bet)
Seat 3: Olejka228822 folded before Flop (didn't bet)
Seat 4: JAQKJAQK1 (button) collected ($0.15)
Seat 5: Morgenbier (small blind) folded before Flop
Seat 6: NessaCakes (big blind) folded before Flop
Seat 7: Dorex2007 folded before Flop (didn't bet)
Seat 8: 139qmb folded before Flop (didn't bet)
Seat 9: Warningdanger1 folded before Flop (didn't bet)



PokerStars Hand #224712949247:  Hold'em No Limit ($0.01/$0.02 USD) - 2021/03/11 19:28:11 PT [2021/03/11 22:28:11 ET]
Table 'Malautra III' 9-max Seat #5 is the button
Seat 1: stas9038rus ($2.01 in chips) 
Seat 2: Twisted369 ($1.92 in chips) 
Seat 3: Olejka228822 ($2.04 in chips) 
Seat 4: JAQKJAQK1 ($5.47 in chips) 
Seat 5: Morgenbier ($2.28 in chips) 
Seat 6: NessaCakes ($1.98 in chips) 
Seat 7: Dorex2007 ($2.77 in chips) 
Seat 8: 139qmb ($4.24 in chips) 
Seat 9: Warningdanger1 ($0.76 in chips) 
NessaCakes: posts small blind $0.01
Dorex2007: posts big blind $0.02
*** HOLE CARDS ***
Dealt to Dorex2007 [4s 7s]
139qmb: raises $0.04 to $0.06
Warningdanger1: folds 
stas9038rus: folds 
Twisted369: folds 
Olejka228822: folds 
JAQKJAQK1: calls $0.06
Morgenbier: calls $0.06
NessaCakes: folds 
Dorex2007: folds 
*** FLOP *** [9s 5c 8d]
139qmb: bets $0.12
JAQKJAQK1: calls $0.12
Morgenbier: folds 
*** TURN *** [9s 5c 8d] [Js]
139qmb: bets $0.20
JAQKJAQK1: calls $0.20
*** RIVER *** [9s 5c 8d Js] [8s]
139qmb: checks 
JAQKJAQK1: bets $0.44
139qmb: folds 
Uncalled bet ($0.44) returned to JAQKJAQK1
JAQKJAQK1 collected $0.82 from pot
*** SUMMARY ***
Total pot $0.85 | Rake $0.03 
Board [9s 5c 8d Js 8s]
Seat 1: stas9038rus folded before Flop (didn't bet)
Seat 2: Twisted369 folded before Flop (didn't bet)
Seat 3: Olejka228822 folded before Flop (didn't bet)
Seat 4: JAQKJAQK1 collected ($0.82)
Seat 5: Morgenbier (button) folded on the Flop
Seat 6: NessaCakes (small blind) folded before Flop
Seat 7: Dorex2007 (big blind) folded before Flop
Seat 8: 139qmb folded on the River
Seat 9: Warningdanger1 folded before Flop (didn't bet)



PokerStars Hand #224712973432:  Hold'em No Limit ($0.01/$0.02 USD) - 2021/03/11 19:29:38 PT [2021/03/11 22:29:38 ET]
Table 'Malautra III' 9-max Seat #6 is the button
Seat 1: stas9038rus ($2.01 in chips) 
Seat 2: Twisted369 ($1.92 in chips) 
Seat 3: Olejka228822 ($2.04 in chips) 
Seat 4: JAQKJAQK1 ($5.91 in chips) 
Seat 5: Morgenbier ($2.22 in chips) 
Seat 6: NessaCakes ($1.97 in chips) 
Seat 7: Dorex2007 ($2.75 in chips) 
Seat 8: 139qmb ($3.86 in chips) 
Seat 9: Warningdanger1 ($0.76 in chips) 
Dorex2007: posts small blind $0.01
139qmb: posts big blind $0.02
*** HOLE CARDS ***
Dealt to Dorex2007 [Kc Ts]
Warningdanger1: folds 
stas9038rus: folds 
Twisted369: calls $0.02
Olejka228822: folds 
JAQKJAQK1: folds 
Morgenbier: folds 
NessaCakes: folds 
Dorex2007: calls $0.01
139qmb: checks 
*** FLOP *** [2h 5d 3d]
Dorex2007: checks 
139qmb: checks 
Twisted369: checks 
*** TURN *** [2h 5d 3d] [Qc]
Dorex2007: bets $0.06
139qmb: folds 
Twisted369: folds 
Uncalled bet ($0.06) returned to Dorex2007
Dorex2007 collected $0.06 from pot
Dorex2007: doesn't show hand 
*** SUMMARY ***
Total pot $0.06 | Rake $0 
Board [2h 5d 3d Qc]
Seat 1: stas9038rus folded before Flop (didn't bet)
Seat 2: Twisted369 folded on the Turn
Seat 3: Olejka228822 folded before Flop (didn't bet)
Seat 4: JAQKJAQK1 folded before Flop (didn't bet)
Seat 5: Morgenbier folded before Flop (didn't bet)
Seat 6: NessaCakes (button) folded before Flop (didn't bet)
Seat 7: Dorex2007 (small blind) collected ($0.06)
Seat 8: 139qmb (big blind) folded on the Turn
Seat 9: Warningdanger1 folded before Flop (didn't bet)



PokerStars Hand #224712990879:  Hold'em No Limit ($0.01/$0.02 USD) - 2021/03/11 19:30:21 PT [2021/03/11 22:30:21 ET]
Table 'Malautra III' 9-max Seat #7 is the button
Seat 1: stas9038rus ($2.01 in chips) 
Seat 2: Twisted369 ($1.90 in chips) 
Seat 3: Olejka228822 ($2.04 in chips) 
Seat 4: JAQKJAQK1 ($5.91 in chips) 
Seat 5: Morgenbier ($2.22 in chips) 
Seat 6: NessaCakes ($1.97 in chips) 
Seat 7: Dorex2007 ($2.79 in chips) 
Seat 8: 139qmb ($3.84 in chips) 
Seat 9: Warningdanger1 ($0.76 in chips) 
139qmb: posts small blind $0.01
Warningdanger1: posts big blind $0.02
*** HOLE CARDS ***
Dealt to Dorex2007 [Th 7s]
stas9038rus: raises $0.04 to $0.06
Twisted369: folds 
Olejka228822: folds 
JAQKJAQK1: calls $0.06
Morgenbier: folds 
NessaCakes: folds 
Dorex2007: folds 
139qmb: folds 
Warningdanger1: calls $0.04
*** FLOP *** [Td 2h 9s]
Warningdanger1: checks 
stas9038rus: checks 
JAQKJAQK1: bets $0.20
Warningdanger1: folds 
stas9038rus: folds 
Uncalled bet ($0.20) returned to JAQKJAQK1
JAQKJAQK1 collected $0.18 from pot
*** SUMMARY ***
Total pot $0.19 | Rake $0.01 
Board [Td 2h 9s]
Seat 1: stas9038rus folded on the Flop
Seat 2: Twisted369 folded before Flop (didn't bet)
Seat 3: Olejka228822 folded before Flop (didn't bet)
Seat 4: JAQKJAQK1 collected ($0.18)
Seat 5: Morgenbier folded before Flop (didn't bet)
Seat 6: NessaCakes folded before Flop (didn't bet)
Seat 7: Dorex2007 (button) folded before Flop (didn't bet)
Seat 8: 139qmb (small blind) folded before Flop
Seat 9: Warningdanger1 (big blind) folded on the Flop



