PokerStars Hand #223746522455:  Hold'em No Limit ($0.01/$0.02 USD) - 2021/02/12 18:52:31 PT [2021/02/12 21:52:31 ET]
Table 'Brabantia IV' 9-max Seat #3 is the button
Seat 1: KL&VL ($1.06 in chips) 
Seat 2: edmedeiros ($2.94 in chips) 
Seat 3: Achilles2582 ($2.05 in chips) 
Seat 4: NessaCakes ($1.90 in chips) 
Seat 5: Dorex2007 ($1.50 in chips) 
Seat 6: S0CR4M ($1.95 in chips) 
Seat 7: Nesju57 ($1.21 in chips) 
NessaCakes: posts small blind $0.01
Dorex2007: posts big blind $0.02
2345dn: sits out 
Artur16228: sits out 
*** HOLE CARDS ***
Dealt to Dorex2007 [Jc 6h]
S0CR4M: folds 
Nesju57: calls $0.02
KL&VL: calls $0.02
edmedeiros: calls $0.02
Achilles2582: calls $0.02
NessaCakes: folds 
Dorex2007: checks 
*** FLOP *** [Ah 6c 8d]
Dorex2007: checks 
Nesju57: bets $0.02
KL&VL: folds 
edmedeiros: calls $0.02
Achilles2582: folds 
Dorex2007: calls $0.02
*** TURN *** [Ah 6c 8d] [Kd]
Dorex2007: checks 
Nesju57: bets $0.04
edmedeiros: calls $0.04
Dorex2007: calls $0.04
*** RIVER *** [Ah 6c 8d Kd] [As]
Dorex2007: checks 
Nesju57: checks 
edmedeiros: checks 
*** SHOW DOWN ***
Dorex2007: shows [Jc 6h] (two pair, Aces and Sixes)
Nesju57: shows [2s 6s] (two pair, Aces and Sixes)
edmedeiros: mucks hand 
Dorex2007 collected $0.14 from pot
Nesju57 collected $0.14 from pot
*** SUMMARY ***
Total pot $0.29 | Rake $0.01 
Board [Ah 6c 8d Kd As]
Seat 1: KL&VL folded on the Flop
Seat 2: edmedeiros mucked [5d 3d]
Seat 3: Achilles2582 (button) folded on the Flop
Seat 4: NessaCakes (small blind) folded before Flop
Seat 5: Dorex2007 (big blind) showed [Jc 6h] and won ($0.14) with two pair, Aces and Sixes
Seat 6: S0CR4M folded before Flop (didn't bet)
Seat 7: Nesju57 showed [2s 6s] and won ($0.14) with two pair, Aces and Sixes



PokerStars Hand #223746547880:  Hold'em No Limit ($0.01/$0.02 USD) - 2021/02/12 18:53:36 PT [2021/02/12 21:53:36 ET]
Table 'Brabantia IV' 9-max Seat #4 is the button
Seat 1: KL&VL ($1.04 in chips) 
Seat 2: edmedeiros ($2.86 in chips) 
Seat 3: Achilles2582 ($2.03 in chips) 
Seat 4: NessaCakes ($1.89 in chips) 
Seat 5: Dorex2007 ($1.56 in chips) 
Seat 6: S0CR4M ($1.95 in chips) 
Seat 7: Nesju57 ($1.27 in chips) 
Dorex2007: posts small blind $0.01
S0CR4M: posts big blind $0.02
2345dn: sits out 
Artur16228: sits out 
*** HOLE CARDS ***
Dealt to Dorex2007 [7h Ad]
Nesju57: calls $0.02
KL&VL: calls $0.02
edmedeiros: folds 
Achilles2582: raises $0.06 to $0.08
NessaCakes: folds 
Dorex2007: folds 
S0CR4M: calls $0.06
Nesju57: calls $0.06
KL&VL: calls $0.06
*** FLOP *** [Kc Kd 4h]
S0CR4M: checks 
Nesju57: checks 
KL&VL: checks 
Achilles2582: bets $0.17
S0CR4M: calls $0.17
Nesju57: calls $0.17
KL&VL: folds 
*** TURN *** [Kc Kd 4h] [Kh]
S0CR4M: checks 
Nesju57: checks 
Achilles2582: checks 
*** RIVER *** [Kc Kd 4h Kh] [Qs]
S0CR4M: checks 
Nesju57: bets $0.81
Achilles2582: folds 
S0CR4M: folds 
Uncalled bet ($0.81) returned to Nesju57
Nesju57 collected $0.81 from pot
*** SUMMARY ***
Total pot $0.84 | Rake $0.03 
Board [Kc Kd 4h Kh Qs]
Seat 1: KL&VL folded on the Flop
Seat 2: edmedeiros folded before Flop (didn't bet)
Seat 3: Achilles2582 folded on the River
Seat 4: NessaCakes (button) folded before Flop (didn't bet)
Seat 5: Dorex2007 (small blind) folded before Flop
Seat 6: S0CR4M (big blind) folded on the River
Seat 7: Nesju57 collected ($0.81)



PokerStars Hand #223746595133:  Hold'em No Limit ($0.01/$0.02 USD) - 2021/02/12 18:55:46 PT [2021/02/12 21:55:46 ET]
Table 'Brabantia IV' 9-max Seat #5 is the button
Seat 1: KL&VL ($0.96 in chips) 
Seat 2: edmedeiros ($2.86 in chips) 
Seat 3: Achilles2582 ($1.78 in chips) 
Seat 4: NessaCakes ($1.89 in chips) 
Seat 5: Dorex2007 ($1.55 in chips) 
Seat 6: S0CR4M ($1.70 in chips) 
Seat 7: Nesju57 ($1.83 in chips) 
S0CR4M: posts small blind $0.01
Nesju57: posts big blind $0.02
2345dn: sits out 
Artur16228: sits out 
*** HOLE CARDS ***
Dealt to Dorex2007 [Ah 2c]
KL&VL: folds 
edmedeiros: folds 
Achilles2582: folds 
NessaCakes: folds 
Dorex2007: folds 
S0CR4M: calls $0.01
Nesju57: checks 
*** FLOP *** [6d 4h 7c]
S0CR4M: bets $0.02
Nesju57: calls $0.02
*** TURN *** [6d 4h 7c] [Jh]
S0CR4M: bets $0.02
Nesju57: calls $0.02
*** RIVER *** [6d 4h 7c Jh] [8d]
S0CR4M: checks 
Nesju57: checks 
*** SHOW DOWN ***
S0CR4M: shows [5d 2s] (a straight, Four to Eight)
Nesju57: mucks hand 
S0CR4M collected $0.12 from pot
*** SUMMARY ***
Total pot $0.12 | Rake $0 
Board [6d 4h 7c Jh 8d]
Seat 1: KL&VL folded before Flop (didn't bet)
Seat 2: edmedeiros folded before Flop (didn't bet)
Seat 3: Achilles2582 folded before Flop (didn't bet)
Seat 4: NessaCakes folded before Flop (didn't bet)
Seat 5: Dorex2007 (button) folded before Flop (didn't bet)
Seat 6: S0CR4M (small blind) showed [5d 2s] and won ($0.12) with a straight, Four to Eight
Seat 7: Nesju57 (big blind) mucked [6c Ad]



PokerStars Hand #223746616457:  Hold'em No Limit ($0.01/$0.02 USD) - 2021/02/12 18:56:53 PT [2021/02/12 21:56:53 ET]
Table 'Brabantia IV' 9-max Seat #6 is the button
Seat 1: KL&VL ($0.96 in chips) 
Seat 2: edmedeiros ($2.86 in chips) 
Seat 3: Achilles2582 ($1.78 in chips) 
Seat 4: NessaCakes ($1.89 in chips) 
Seat 5: Dorex2007 ($1.55 in chips) 
Seat 6: S0CR4M ($1.76 in chips) 
Seat 7: Nesju57 ($1.77 in chips) 
Seat 8: 2345dn ($2 in chips) 
Nesju57: posts small blind $0.01
2345dn: posts big blind $0.02
Artur16228: sits out 
*** HOLE CARDS ***
Dealt to Dorex2007 [3s 9d]
KL&VL: raises $0.04 to $0.06
edmedeiros: folds 
Achilles2582: calls $0.06
NessaCakes: folds 
Dorex2007: folds 
S0CR4M: folds 
Nesju57: calls $0.05
2345dn: raises $0.04 to $0.10
KL&VL: calls $0.04
Achilles2582: calls $0.04
Nesju57: calls $0.04
*** FLOP *** [4c 5s As]
Nesju57: bets $0.02
2345dn: calls $0.02
KL&VL: calls $0.02
Achilles2582: calls $0.02
*** TURN *** [4c 5s As] [Qh]
Nesju57: bets $0.02
2345dn: calls $0.02
KL&VL: calls $0.02
Achilles2582: calls $0.02
*** RIVER *** [4c 5s As Qh] [9c]
Nesju57: checks 
2345dn: checks 
KL&VL: checks 
Achilles2582: checks 
*** SHOW DOWN ***
Nesju57: shows [2s 2d] (a pair of Deuces)
2345dn: shows [Kd Kc] (a pair of Kings)
KL&VL: mucks hand 
Achilles2582: mucks hand 
2345dn collected $0.54 from pot
*** SUMMARY ***
Total pot $0.56 | Rake $0.02 
Board [4c 5s As Qh 9c]
Seat 1: KL&VL mucked [Ks Jh]
Seat 2: edmedeiros folded before Flop (didn't bet)
Seat 3: Achilles2582 mucked [8s 8c]
Seat 4: NessaCakes folded before Flop (didn't bet)
Seat 5: Dorex2007 folded before Flop (didn't bet)
Seat 6: S0CR4M (button) folded before Flop (didn't bet)
Seat 7: Nesju57 (small blind) showed [2s 2d] and lost with a pair of Deuces
Seat 8: 2345dn (big blind) showed [Kd Kc] and won ($0.54) with a pair of Kings



PokerStars Hand #223746642077:  Hold'em No Limit ($0.01/$0.02 USD) - 2021/02/12 18:58:23 PT [2021/02/12 21:58:23 ET]
Table 'Brabantia IV' 9-max Seat #7 is the button
Seat 1: KL&VL ($0.82 in chips) 
Seat 2: edmedeiros ($2.86 in chips) 
Seat 3: Achilles2582 ($1.64 in chips) 
Seat 4: NessaCakes ($1.89 in chips) 
Seat 5: Dorex2007 ($1.55 in chips) 
Seat 6: S0CR4M ($1.76 in chips) 
Seat 7: Nesju57 ($1.63 in chips) 
Seat 8: 2345dn ($2.40 in chips) 
Seat 9: Artur16228 ($1.91 in chips) 
2345dn: posts small blind $0.01
Artur16228: posts big blind $0.02
*** HOLE CARDS ***
Dealt to Dorex2007 [Tc 6c]
KL&VL: folds 
edmedeiros: raises $0.04 to $0.06
Achilles2582: folds 
NessaCakes: calls $0.06
Dorex2007: folds 
KL&VL leaves the table
S0CR4M: folds 
Nesju57: raises $0.28 to $0.34
shurik-ass joins the table at seat #1 
2345dn: folds 
Artur16228: folds 
edmedeiros: folds 
NessaCakes: folds 
Uncalled bet ($0.28) returned to Nesju57
Nesju57 collected $0.21 from pot
*** SUMMARY ***
Total pot $0.21 | Rake $0 
Seat 1: KL&VL folded before Flop (didn't bet)
Seat 2: edmedeiros folded before Flop
Seat 3: Achilles2582 folded before Flop (didn't bet)
Seat 4: NessaCakes folded before Flop
Seat 5: Dorex2007 folded before Flop (didn't bet)
Seat 6: S0CR4M folded before Flop (didn't bet)
Seat 7: Nesju57 (button) collected ($0.21)
Seat 8: 2345dn (small blind) folded before Flop
Seat 9: Artur16228 (big blind) folded before Flop



PokerStars Hand #223746656884:  Hold'em No Limit ($0.01/$0.02 USD) - 2021/02/12 18:59:15 PT [2021/02/12 21:59:15 ET]
Table 'Brabantia IV' 9-max Seat #8 is the button
Seat 1: shurik-ass ($2 in chips) 
Seat 2: edmedeiros ($2.80 in chips) 
Seat 3: Achilles2582 ($1.64 in chips) 
Seat 4: NessaCakes ($1.83 in chips) 
Seat 5: Dorex2007 ($1.55 in chips) 
Seat 6: S0CR4M ($1.76 in chips) 
Seat 7: Nesju57 ($1.78 in chips) 
Seat 8: 2345dn ($2.39 in chips) 
Seat 9: Artur16228 ($1.89 in chips) 
Artur16228: posts small blind $0.01
shurik-ass: posts big blind $0.02
*** HOLE CARDS ***
Dealt to Dorex2007 [Qc 2d]
edmedeiros: folds 
Achilles2582: folds 
NessaCakes: folds 
Dorex2007: folds 
S0CR4M: raises $0.04 to $0.06
Nesju57: calls $0.06
2345dn: folds 
Artur16228: folds 
shurik-ass: folds 
*** FLOP *** [4h 4c As]
S0CR4M: bets $0.04
Nesju57: folds 
Uncalled bet ($0.04) returned to S0CR4M
S0CR4M collected $0.14 from pot
S0CR4M: doesn't show hand 
*** SUMMARY ***
Total pot $0.15 | Rake $0.01 
Board [4h 4c As]
Seat 1: shurik-ass (big blind) folded before Flop
Seat 2: edmedeiros folded before Flop (didn't bet)
Seat 3: Achilles2582 folded before Flop (didn't bet)
Seat 4: NessaCakes folded before Flop (didn't bet)
Seat 5: Dorex2007 folded before Flop (didn't bet)
Seat 6: S0CR4M collected ($0.14)
Seat 7: Nesju57 folded on the Flop
Seat 8: 2345dn (button) folded before Flop (didn't bet)
Seat 9: Artur16228 (small blind) folded before Flop



PokerStars Hand #223746671084:  Hold'em No Limit ($0.01/$0.02 USD) - 2021/02/12 19:00:04 PT [2021/02/12 22:00:04 ET]
Table 'Brabantia IV' 9-max Seat #9 is the button
Seat 1: shurik-ass ($2 in chips) 
Seat 2: edmedeiros ($2.80 in chips) 
Seat 3: Achilles2582 ($1.64 in chips) 
Seat 4: NessaCakes ($1.83 in chips) 
Seat 5: Dorex2007 ($1.55 in chips) 
Seat 6: S0CR4M ($1.84 in chips) 
Seat 7: Nesju57 ($1.72 in chips) 
Seat 8: 2345dn ($2.39 in chips) 
Seat 9: Artur16228 ($1.88 in chips) 
shurik-ass: posts small blind $0.01
edmedeiros: posts big blind $0.02
*** HOLE CARDS ***
Dealt to Dorex2007 [Td 6h]
Achilles2582: folds 
NessaCakes: folds 
Dorex2007: folds 
S0CR4M: raises $0.04 to $0.06
Nesju57: calls $0.06
2345dn: calls $0.06
Artur16228: folds 
shurik-ass: folds 
edmedeiros: calls $0.04
*** FLOP *** [6c 3h 7h]
edmedeiros: checks 
S0CR4M: bets $0.24
Nesju57: calls $0.24
2345dn: folds 
edmedeiros: folds 
*** TURN *** [6c 3h 7h] [2c]
S0CR4M: checks 
Nesju57: checks 
*** RIVER *** [6c 3h 7h 2c] [Ts]
S0CR4M: checks 
Nesju57: bets $0.70
S0CR4M: calls $0.70
*** SHOW DOWN ***
Nesju57: shows [4h 9h] (high card Ten)
S0CR4M: shows [5s 7s] (a pair of Sevens)
S0CR4M collected $2.06 from pot
*** SUMMARY ***
Total pot $2.13 | Rake $0.07 
Board [6c 3h 7h 2c Ts]
Seat 1: shurik-ass (small blind) folded before Flop
Seat 2: edmedeiros (big blind) folded on the Flop
Seat 3: Achilles2582 folded before Flop (didn't bet)
Seat 4: NessaCakes folded before Flop (didn't bet)
Seat 5: Dorex2007 folded before Flop (didn't bet)
Seat 6: S0CR4M showed [5s 7s] and won ($2.06) with a pair of Sevens
Seat 7: Nesju57 showed [4h 9h] and lost with high card Ten
Seat 8: 2345dn folded on the Flop
Seat 9: Artur16228 (button) folded before Flop (didn't bet)



PokerStars Hand #223746701270:  Hold'em No Limit ($0.01/$0.02 USD) - 2021/02/12 19:01:08 PT [2021/02/12 22:01:08 ET]
Table 'Brabantia IV' 9-max Seat #1 is the button
Seat 1: shurik-ass ($2 in chips) 
Seat 2: edmedeiros ($2.74 in chips) 
Seat 3: Achilles2582 ($1.64 in chips) 
Seat 4: NessaCakes ($1.83 in chips) 
Seat 5: Dorex2007 ($1.55 in chips) 
Seat 6: S0CR4M ($2.90 in chips) 
Seat 7: Nesju57 ($0.72 in chips) 
Seat 8: 2345dn ($2.33 in chips) 
Seat 9: Artur16228 ($1.88 in chips) 
edmedeiros: posts small blind $0.01
Achilles2582: posts big blind $0.02
*** HOLE CARDS ***
Dealt to Dorex2007 [5h Ad]
NessaCakes: calls $0.02
Dorex2007: folds 
S0CR4M: folds 
Nesju57: calls $0.02
2345dn: calls $0.02
Artur16228: folds 
shurik-ass: raises $0.04 to $0.06
edmedeiros: folds 
Achilles2582: folds 
NessaCakes: calls $0.04
Nesju57: calls $0.04
2345dn: calls $0.04
*** FLOP *** [Td 3d Js]
NessaCakes: checks 
Nesju57: bets $0.02
2345dn: folds 
shurik-ass: calls $0.02
NessaCakes: folds 
*** TURN *** [Td 3d Js] [8s]
Nesju57: bets $0.02
shurik-ass: calls $0.02
*** RIVER *** [Td 3d Js 8s] [3s]
Nesju57: bets $0.02
shurik-ass: folds 
Uncalled bet ($0.02) returned to Nesju57
Nesju57 collected $0.34 from pot
*** SUMMARY ***
Total pot $0.35 | Rake $0.01 
Board [Td 3d Js 8s 3s]
Seat 1: shurik-ass (button) folded on the River
Seat 2: edmedeiros (small blind) folded before Flop
Seat 3: Achilles2582 (big blind) folded before Flop
Seat 4: NessaCakes folded on the Flop
Seat 5: Dorex2007 folded before Flop (didn't bet)
Seat 6: S0CR4M folded before Flop (didn't bet)
Seat 7: Nesju57 collected ($0.34)
Seat 8: 2345dn folded on the Flop
Seat 9: Artur16228 folded before Flop (didn't bet)



PokerStars Hand #223746732506:  Hold'em No Limit ($0.01/$0.02 USD) - 2021/02/12 19:02:30 PT [2021/02/12 22:02:30 ET]
Table 'Brabantia IV' 9-max Seat #2 is the button
Seat 1: shurik-ass ($2 in chips) 
Seat 2: edmedeiros ($2.73 in chips) 
Seat 3: Achilles2582 ($1.62 in chips) 
Seat 4: NessaCakes ($1.77 in chips) 
Seat 5: Dorex2007 ($1.55 in chips) 
Seat 6: S0CR4M ($2.90 in chips) 
Seat 7: Nesju57 ($0.96 in chips) 
Seat 8: 2345dn ($2.27 in chips) 
Seat 9: Artur16228 ($1.88 in chips) 
Achilles2582: posts small blind $0.01
NessaCakes: posts big blind $0.02
*** HOLE CARDS ***
Dealt to Dorex2007 [8c 4c]
Dorex2007: folds 
S0CR4M: raises $0.05 to $0.07
Nesju57: calls $0.07
2345dn: folds 
Artur16228: folds 
shurik-ass: raises $0.21 to $0.28
edmedeiros: folds 
Achilles2582: folds 
NessaCakes: folds 
S0CR4M: folds 
Nesju57: folds 
Uncalled bet ($0.21) returned to shurik-ass
shurik-ass collected $0.24 from pot
*** SUMMARY ***
Total pot $0.24 | Rake $0 
Seat 1: shurik-ass collected ($0.24)
Seat 2: edmedeiros (button) folded before Flop (didn't bet)
Seat 3: Achilles2582 (small blind) folded before Flop
Seat 4: NessaCakes (big blind) folded before Flop
Seat 5: Dorex2007 folded before Flop (didn't bet)
Seat 6: S0CR4M folded before Flop
Seat 7: Nesju57 folded before Flop
Seat 8: 2345dn folded before Flop (didn't bet)
Seat 9: Artur16228 folded before Flop (didn't bet)



PokerStars Hand #223746754634:  Hold'em No Limit ($0.01/$0.02 USD) - 2021/02/12 19:03:27 PT [2021/02/12 22:03:27 ET]
Table 'Brabantia IV' 9-max Seat #3 is the button
Seat 1: shurik-ass ($2.17 in chips) 
Seat 2: edmedeiros ($2.73 in chips) 
Seat 3: Achilles2582 ($1.61 in chips) 
Seat 4: NessaCakes ($1.75 in chips) 
Seat 5: Dorex2007 ($1.55 in chips) 
Seat 6: S0CR4M ($2.83 in chips) 
Seat 7: Nesju57 ($0.89 in chips) 
Seat 8: 2345dn ($2.27 in chips) 
Seat 9: Artur16228 ($1.88 in chips) 
NessaCakes: posts small blind $0.01
Dorex2007: posts big blind $0.02
*** HOLE CARDS ***
Dealt to Dorex2007 [8c 3h]
S0CR4M: folds 
Nesju57: calls $0.02
2345dn: raises $0.02 to $0.04
Artur16228: folds 
shurik-ass: calls $0.04
edmedeiros: calls $0.04
Achilles2582: folds 
NessaCakes: calls $0.03
Dorex2007: folds 
Nesju57: calls $0.02
*** FLOP *** [6h 5d 9d]
NessaCakes: checks 
Nesju57: bets $0.02
2345dn: raises $0.13 to $0.15
shurik-ass: folds 
edmedeiros: calls $0.15
NessaCakes: folds 
Nesju57: raises $0.66 to $0.81
2345dn: calls $0.66
edmedeiros: folds 
*** TURN *** [6h 5d 9d] [2h]
Nesju57: bets $0.04 and is all-in
2345dn has timed out
2345dn: folds 
Uncalled bet ($0.04) returned to Nesju57
Nesju57 collected $1.92 from pot
*** SUMMARY ***
Total pot $1.99 | Rake $0.07 
Board [6h 5d 9d 2h]
Seat 1: shurik-ass folded on the Flop
Seat 2: edmedeiros folded on the Flop
Seat 3: Achilles2582 (button) folded before Flop (didn't bet)
Seat 4: NessaCakes (small blind) folded on the Flop
Seat 5: Dorex2007 (big blind) folded before Flop
Seat 6: S0CR4M folded before Flop (didn't bet)
Seat 7: Nesju57 collected ($1.92)
Seat 8: 2345dn folded on the Turn
Seat 9: Artur16228 folded before Flop (didn't bet)



PokerStars Hand #223746820173:  Hold'em No Limit ($0.01/$0.02 USD) - 2021/02/12 19:05:55 PT [2021/02/12 22:05:55 ET]
Table 'Brabantia IV' 9-max Seat #4 is the button
Seat 1: shurik-ass ($2.13 in chips) 
Seat 2: edmedeiros ($2.54 in chips) 
Seat 3: Achilles2582 ($1.61 in chips) 
Seat 4: NessaCakes ($1.71 in chips) 
Seat 5: Dorex2007 ($1.53 in chips) 
Seat 6: S0CR4M ($2.83 in chips) 
Seat 7: Nesju57 ($1.96 in chips) 
Seat 9: Artur16228 ($1.88 in chips) 
Dorex2007: posts small blind $0.01
S0CR4M: posts big blind $0.02
*** HOLE CARDS ***
Dealt to Dorex2007 [8s Jh]
Nesju57: calls $0.02
Artur16228: folds 
shurik-ass: folds 
edmedeiros: folds 
Achilles2582: folds 
NessaCakes: folds 
Dorex2007: folds 
2345dn is disconnected 
S0CR4M: checks 
*** FLOP *** [Ac Qd Qh]
S0CR4M: checks 
Nesju57: bets $0.02
S0CR4M: folds 
Uncalled bet ($0.02) returned to Nesju57
Nesju57 collected $0.05 from pot
*** SUMMARY ***
Total pot $0.05 | Rake $0 
Board [Ac Qd Qh]
Seat 1: shurik-ass folded before Flop (didn't bet)
Seat 2: edmedeiros folded before Flop (didn't bet)
Seat 3: Achilles2582 folded before Flop (didn't bet)
Seat 4: NessaCakes (button) folded before Flop (didn't bet)
Seat 5: Dorex2007 (small blind) folded before Flop
Seat 6: S0CR4M (big blind) folded on the Flop
Seat 7: Nesju57 collected ($0.05)
Seat 9: Artur16228 folded before Flop (didn't bet)



PokerStars Hand #223746842902:  Hold'em No Limit ($0.01/$0.02 USD) - 2021/02/12 19:06:32 PT [2021/02/12 22:06:32 ET]
Table 'Brabantia IV' 9-max Seat #5 is the button
Seat 1: shurik-ass ($2.13 in chips) 
Seat 2: edmedeiros ($2.54 in chips) 
Seat 3: Achilles2582 ($1.61 in chips) 
Seat 4: NessaCakes ($1.71 in chips) 
Seat 5: Dorex2007 ($1.52 in chips) 
Seat 6: S0CR4M ($2.81 in chips) 
Seat 7: Nesju57 ($1.99 in chips) 
Seat 8: 2345dn ($1.42 in chips) 
Seat 9: Artur16228 ($1.88 in chips) 
S0CR4M: posts small blind $0.01
Nesju57: posts big blind $0.02
*** HOLE CARDS ***
Dealt to Dorex2007 [6d 9h]
2345dn: calls $0.02
Artur16228: folds 
shurik-ass: folds 
edmedeiros: calls $0.02
2345dn said, "WTF... stupid time out"
Achilles2582: folds 
NessaCakes: calls $0.02
Dorex2007: folds 
S0CR4M: calls $0.01
Nesju57: checks 
*** FLOP *** [Qc 2h 6c]
S0CR4M: checks 
Nesju57: checks 
2345dn has timed out
2345dn: checks 
edmedeiros: bets $0.04
NessaCakes: folds 
S0CR4M: folds 
Nesju57: folds 
2345dn: folds 
Uncalled bet ($0.04) returned to edmedeiros
edmedeiros collected $0.10 from pot
edmedeiros: doesn't show hand 
*** SUMMARY ***
Total pot $0.10 | Rake $0 
Board [Qc 2h 6c]
Seat 1: shurik-ass folded before Flop (didn't bet)
Seat 2: edmedeiros collected ($0.10)
Seat 3: Achilles2582 folded before Flop (didn't bet)
Seat 4: NessaCakes folded on the Flop
Seat 5: Dorex2007 (button) folded before Flop (didn't bet)
Seat 6: S0CR4M (small blind) folded on the Flop
Seat 7: Nesju57 (big blind) folded on the Flop
Seat 8: 2345dn folded on the Flop
Seat 9: Artur16228 folded before Flop (didn't bet)



PokerStars Hand #223746873680:  Hold'em No Limit ($0.01/$0.02 USD) - 2021/02/12 19:07:52 PT [2021/02/12 22:07:52 ET]
Table 'Brabantia IV' 9-max Seat #6 is the button
Seat 1: shurik-ass ($2.13 in chips) 
Seat 2: edmedeiros ($2.62 in chips) 
Seat 3: Achilles2582 ($1.61 in chips) 
Seat 4: NessaCakes ($1.69 in chips) 
Seat 5: Dorex2007 ($1.52 in chips) 
Seat 6: S0CR4M ($2.79 in chips) 
Seat 7: Nesju57 ($1.97 in chips) 
Seat 8: 2345dn ($1.40 in chips) 
Seat 9: Artur16228 ($1.88 in chips) 
Nesju57: posts small blind $0.01
2345dn: posts big blind $0.02
*** HOLE CARDS ***
Dealt to Dorex2007 [8s Td]
Artur16228: folds 
shurik-ass: folds 
edmedeiros: folds 
Achilles2582: folds 
NessaCakes: folds 
Dorex2007: folds 
S0CR4M: raises $0.04 to $0.06
2345dn is disconnected 
Nesju57: calls $0.05
2345dn is connected 
2345dn: folds 
*** FLOP *** [Qc Tc 8h]
Nesju57: bets $0.02
2345dn leaves the table
S0CR4M: calls $0.02
*** TURN *** [Qc Tc 8h] [4s]
Nesju57: bets $0.02
dhabiles52 joins the table at seat #8 
S0CR4M: calls $0.02
*** RIVER *** [Qc Tc 8h 4s] [7s]
Nesju57: checks 
S0CR4M: checks 
*** SHOW DOWN ***
Nesju57: shows [Jc Ks] (high card King)
S0CR4M: shows [2d 2c] (a pair of Deuces)
S0CR4M collected $0.21 from pot
*** SUMMARY ***
Total pot $0.22 | Rake $0.01 
Board [Qc Tc 8h 4s 7s]
Seat 1: shurik-ass folded before Flop (didn't bet)
Seat 2: edmedeiros folded before Flop (didn't bet)
Seat 3: Achilles2582 folded before Flop (didn't bet)
Seat 4: NessaCakes folded before Flop (didn't bet)
Seat 5: Dorex2007 folded before Flop (didn't bet)
Seat 6: S0CR4M (button) showed [2d 2c] and won ($0.21) with a pair of Deuces
Seat 7: Nesju57 (small blind) showed [Jc Ks] and lost with high card King
Seat 8: 2345dn (big blind) folded before Flop
Seat 9: Artur16228 folded before Flop (didn't bet)



PokerStars Hand #223746912773:  Hold'em No Limit ($0.01/$0.02 USD) - 2021/02/12 19:09:34 PT [2021/02/12 22:09:34 ET]
Table 'Brabantia IV' 9-max Seat #7 is the button
Seat 1: shurik-ass ($2.13 in chips) 
Seat 2: edmedeiros ($2.62 in chips) 
Seat 3: Achilles2582 ($1.61 in chips) 
Seat 4: NessaCakes ($1.69 in chips) 
Seat 5: Dorex2007 ($1.52 in chips) 
Seat 6: S0CR4M ($2.90 in chips) 
Seat 7: Nesju57 ($1.87 in chips) 
Seat 9: Artur16228 ($1.88 in chips) 
Artur16228: posts small blind $0.01
shurik-ass: posts big blind $0.02
*** HOLE CARDS ***
Dealt to Dorex2007 [Ah 8d]
edmedeiros: folds 
Achilles2582: folds 
NessaCakes: folds 
Dorex2007: calls $0.02
S0CR4M: calls $0.02
Nesju57: calls $0.02
Artur16228: folds 
shurik-ass: checks 
*** FLOP *** [8h 9h As]
shurik-ass: checks 
Dorex2007: bets $0.09
S0CR4M: folds 
Nesju57: folds 
shurik-ass: folds 
Uncalled bet ($0.09) returned to Dorex2007
Dorex2007 collected $0.09 from pot
Dorex2007: doesn't show hand 
*** SUMMARY ***
Total pot $0.09 | Rake $0 
Board [8h 9h As]
Seat 1: shurik-ass (big blind) folded on the Flop
Seat 2: edmedeiros folded before Flop (didn't bet)
Seat 3: Achilles2582 folded before Flop (didn't bet)
Seat 4: NessaCakes folded before Flop (didn't bet)
Seat 5: Dorex2007 collected ($0.09)
Seat 6: S0CR4M folded on the Flop
Seat 7: Nesju57 (button) folded on the Flop
Seat 9: Artur16228 (small blind) folded before Flop



PokerStars Hand #223746934574:  Hold'em No Limit ($0.01/$0.02 USD) - 2021/02/12 19:10:31 PT [2021/02/12 22:10:31 ET]
Table 'Brabantia IV' 9-max Seat #9 is the button
Seat 1: shurik-ass ($2.11 in chips) 
Seat 2: edmedeiros ($2.62 in chips) 
Seat 3: Achilles2582 ($1.61 in chips) 
Seat 4: NessaCakes ($1.69 in chips) 
Seat 5: Dorex2007 ($1.59 in chips) 
Seat 6: S0CR4M ($2.88 in chips) 
Seat 7: Nesju57 ($1.85 in chips) 
Seat 8: dhabiles52 ($2 in chips) 
Seat 9: Artur16228 ($1.87 in chips) 
shurik-ass: posts small blind $0.01
edmedeiros: posts big blind $0.02
dhabiles52: posts big blind $0.02
*** HOLE CARDS ***
Dealt to Dorex2007 [5h 8d]
Achilles2582: folds 
NessaCakes: folds 
Dorex2007: folds 
S0CR4M: calls $0.02
Nesju57: calls $0.02
dhabiles52: checks 
Artur16228: calls $0.02
shurik-ass: calls $0.01
edmedeiros: checks 
*** FLOP *** [Qs 6d 2s]
shurik-ass: checks 
edmedeiros: checks 
S0CR4M: checks 
Nesju57: checks 
dhabiles52: bets $0.09
Artur16228: folds 
shurik-ass: folds 
edmedeiros: folds 
S0CR4M: folds 
Nesju57: folds 
Uncalled bet ($0.09) returned to dhabiles52
dhabiles52 collected $0.12 from pot
dhabiles52: doesn't show hand 
*** SUMMARY ***
Total pot $0.12 | Rake $0 
Board [Qs 6d 2s]
Seat 1: shurik-ass (small blind) folded on the Flop
Seat 2: edmedeiros (big blind) folded on the Flop
Seat 3: Achilles2582 folded before Flop (didn't bet)
Seat 4: NessaCakes folded before Flop (didn't bet)
Seat 5: Dorex2007 folded before Flop (didn't bet)
Seat 6: S0CR4M folded on the Flop
Seat 7: Nesju57 folded on the Flop
Seat 8: dhabiles52 collected ($0.12)
Seat 9: Artur16228 (button) folded on the Flop



PokerStars Hand #223746968635:  Hold'em No Limit ($0.01/$0.02 USD) - 2021/02/12 19:11:59 PT [2021/02/12 22:11:59 ET]
Table 'Brabantia IV' 9-max Seat #1 is the button
Seat 1: shurik-ass ($2.09 in chips) 
Seat 2: edmedeiros ($2.60 in chips) 
Seat 3: Achilles2582 ($1.61 in chips) 
Seat 4: NessaCakes ($1.69 in chips) 
Seat 5: Dorex2007 ($1.59 in chips) 
Seat 6: S0CR4M ($2.86 in chips) 
Seat 7: Nesju57 ($1.83 in chips) 
Seat 8: dhabiles52 ($2.10 in chips) 
Seat 9: Artur16228 ($1.85 in chips) 
edmedeiros: posts small blind $0.01
Achilles2582: posts big blind $0.02
*** HOLE CARDS ***
Dealt to Dorex2007 [4c 3h]
NessaCakes: folds 
Dorex2007: folds 
S0CR4M: folds 
Nesju57: calls $0.02
dhabiles52: folds 
Artur16228: calls $0.02
shurik-ass: folds 
edmedeiros: calls $0.01
Achilles2582: checks 
*** FLOP *** [Qc 2c Kc]
edmedeiros: checks 
Achilles2582: checks 
Nesju57: bets $0.02
Artur16228: raises $0.04 to $0.06
edmedeiros: folds 
Achilles2582: folds 
Nesju57: calls $0.04
*** TURN *** [Qc 2c Kc] [9s]
Nesju57: bets $0.02
Artur16228: raises $0.06 to $0.08
Nesju57: calls $0.06
*** RIVER *** [Qc 2c Kc 9s] [Ac]
Nesju57: checks 
Artur16228: checks 
*** SHOW DOWN ***
Nesju57: shows [Td Ah] (a pair of Aces)
Artur16228: shows [2s 2d] (three of a kind, Deuces)
Artur16228 collected $0.35 from pot
*** SUMMARY ***
Total pot $0.36 | Rake $0.01 
Board [Qc 2c Kc 9s Ac]
Seat 1: shurik-ass (button) folded before Flop (didn't bet)
Seat 2: edmedeiros (small blind) folded on the Flop
Seat 3: Achilles2582 (big blind) folded on the Flop
Seat 4: NessaCakes folded before Flop (didn't bet)
Seat 5: Dorex2007 folded before Flop (didn't bet)
Seat 6: S0CR4M folded before Flop (didn't bet)
Seat 7: Nesju57 showed [Td Ah] and lost with a pair of Aces
Seat 8: dhabiles52 folded before Flop (didn't bet)
Seat 9: Artur16228 showed [2s 2d] and won ($0.35) with three of a kind, Deuces



PokerStars Hand #223746999587:  Hold'em No Limit ($0.01/$0.02 USD) - 2021/02/12 19:13:20 PT [2021/02/12 22:13:20 ET]
Table 'Brabantia IV' 9-max Seat #2 is the button
Seat 1: shurik-ass ($2.09 in chips) 
Seat 2: edmedeiros ($2.58 in chips) 
Seat 3: Achilles2582 ($2 in chips) 
Seat 4: NessaCakes ($1.69 in chips) 
Seat 5: Dorex2007 ($1.59 in chips) 
Seat 6: S0CR4M ($2.86 in chips) 
Seat 7: Nesju57 ($1.67 in chips) 
Seat 8: dhabiles52 ($2.10 in chips) 
Seat 9: Artur16228 ($2.04 in chips) 
Achilles2582: posts small blind $0.01
NessaCakes: posts big blind $0.02
*** HOLE CARDS ***
Dealt to Dorex2007 [6h Qc]
Dorex2007: folds 
S0CR4M: calls $0.02
Nesju57: calls $0.02
dhabiles52: folds 
Artur16228: folds 
shurik-ass: folds 
edmedeiros: folds 
Achilles2582: raises $0.08 to $0.10
NessaCakes: folds 
S0CR4M: folds 
Nesju57: folds 
Uncalled bet ($0.08) returned to Achilles2582
Achilles2582 collected $0.08 from pot
*** SUMMARY ***
Total pot $0.08 | Rake $0 
Seat 1: shurik-ass folded before Flop (didn't bet)
Seat 2: edmedeiros (button) folded before Flop (didn't bet)
Seat 3: Achilles2582 (small blind) collected ($0.08)
Seat 4: NessaCakes (big blind) folded before Flop
Seat 5: Dorex2007 folded before Flop (didn't bet)
Seat 6: S0CR4M folded before Flop
Seat 7: Nesju57 folded before Flop
Seat 8: dhabiles52 folded before Flop (didn't bet)
Seat 9: Artur16228 folded before Flop (didn't bet)



PokerStars Hand #223747013100:  Hold'em No Limit ($0.01/$0.02 USD) - 2021/02/12 19:13:56 PT [2021/02/12 22:13:56 ET]
Table 'Brabantia IV' 9-max Seat #3 is the button
Seat 1: shurik-ass ($2.09 in chips) 
Seat 2: edmedeiros ($2.58 in chips) 
Seat 3: Achilles2582 ($2.06 in chips) 
Seat 4: NessaCakes ($1.67 in chips) 
Seat 5: Dorex2007 ($1.59 in chips) 
Seat 6: S0CR4M ($2.84 in chips) 
Seat 7: Nesju57 ($1.65 in chips) 
Seat 8: dhabiles52 ($2.10 in chips) 
Seat 9: Artur16228 ($2.04 in chips) 
NessaCakes: posts small blind $0.01
Dorex2007: posts big blind $0.02
*** HOLE CARDS ***
Dealt to Dorex2007 [6d Ts]
S0CR4M: raises $0.04 to $0.06
Nesju57: calls $0.06
dhabiles52: folds 
Artur16228: folds 
shurik-ass: folds 
edmedeiros: folds 
Achilles2582: folds 
NessaCakes: folds 
Dorex2007: folds 
*** FLOP *** [2s Jd Tc]
S0CR4M: bets $0.04
Nesju57: calls $0.04
*** TURN *** [2s Jd Tc] [7h]
S0CR4M: bets $0.22
Nesju57: folds 
Uncalled bet ($0.22) returned to S0CR4M
S0CR4M collected $0.22 from pot
S0CR4M: doesn't show hand 
*** SUMMARY ***
Total pot $0.23 | Rake $0.01 
Board [2s Jd Tc 7h]
Seat 1: shurik-ass folded before Flop (didn't bet)
Seat 2: edmedeiros folded before Flop (didn't bet)
Seat 3: Achilles2582 (button) folded before Flop (didn't bet)
Seat 4: NessaCakes (small blind) folded before Flop
Seat 5: Dorex2007 (big blind) folded before Flop
Seat 6: S0CR4M collected ($0.22)
Seat 7: Nesju57 folded on the Turn
Seat 8: dhabiles52 folded before Flop (didn't bet)
Seat 9: Artur16228 folded before Flop (didn't bet)



PokerStars Hand #223747029076:  Hold'em No Limit ($0.01/$0.02 USD) - 2021/02/12 19:14:33 PT [2021/02/12 22:14:33 ET]
Table 'Brabantia IV' 9-max Seat #4 is the button
Seat 1: shurik-ass ($2.09 in chips) 
Seat 2: edmedeiros ($2.58 in chips) 
Seat 3: Achilles2582 ($2.06 in chips) 
Seat 4: NessaCakes ($1.66 in chips) 
Seat 5: Dorex2007 ($1.57 in chips) 
Seat 6: S0CR4M ($2.96 in chips) 
Seat 7: Nesju57 ($1.55 in chips) 
Seat 8: dhabiles52 ($2.10 in chips) 
Seat 9: Artur16228 ($2.04 in chips) 
Dorex2007: posts small blind $0.01
S0CR4M: posts big blind $0.02
*** HOLE CARDS ***
Dealt to Dorex2007 [2d 7c]
Nesju57: calls $0.02
dhabiles52: folds 
Artur16228: raises $0.02 to $0.04
shurik-ass: folds 
edmedeiros: folds 
Achilles2582: folds 
NessaCakes: calls $0.04
Dorex2007: folds 
S0CR4M: calls $0.02
Nesju57: calls $0.02
*** FLOP *** [8c 2h 8s]
S0CR4M: checks 
Nesju57: checks 
Artur16228: checks 
NessaCakes: bets $0.08
S0CR4M: folds 
Nesju57: folds 
Artur16228: folds 
Uncalled bet ($0.08) returned to NessaCakes
NessaCakes collected $0.16 from pot
NessaCakes: doesn't show hand 
*** SUMMARY ***
Total pot $0.17 | Rake $0.01 
Board [8c 2h 8s]
Seat 1: shurik-ass folded before Flop (didn't bet)
Seat 2: edmedeiros folded before Flop (didn't bet)
Seat 3: Achilles2582 folded before Flop (didn't bet)
Seat 4: NessaCakes (button) collected ($0.16)
Seat 5: Dorex2007 (small blind) folded before Flop
Seat 6: S0CR4M (big blind) folded on the Flop
Seat 7: Nesju57 folded on the Flop
Seat 8: dhabiles52 folded before Flop (didn't bet)
Seat 9: Artur16228 folded on the Flop



PokerStars Hand #223747050687:  Hold'em No Limit ($0.01/$0.02 USD) - 2021/02/12 19:15:30 PT [2021/02/12 22:15:30 ET]
Table 'Brabantia IV' 9-max Seat #5 is the button
Seat 1: shurik-ass ($2.09 in chips) 
Seat 2: edmedeiros ($2.58 in chips) 
Seat 3: Achilles2582 ($2.06 in chips) 
Seat 4: NessaCakes ($1.78 in chips) 
Seat 5: Dorex2007 ($1.56 in chips) 
Seat 6: S0CR4M ($2.92 in chips) 
Seat 7: Nesju57 ($1.51 in chips) 
Seat 8: dhabiles52 ($2.10 in chips) 
Seat 9: Artur16228 ($2 in chips) 
S0CR4M: posts small blind $0.01
Nesju57: posts big blind $0.02
*** HOLE CARDS ***
Dealt to Dorex2007 [Jc 4c]
dhabiles52: folds 
Artur16228: raises $0.06 to $0.08
shurik-ass: folds 
edmedeiros: folds 
Achilles2582: folds 
NessaCakes: folds 
Dorex2007: folds 
S0CR4M: folds 
Nesju57: calls $0.06
*** FLOP *** [5h 9h 2s]
Nesju57: bets $0.02
Artur16228: raises $0.10 to $0.12
Nesju57: folds 
Uncalled bet ($0.10) returned to Artur16228
Artur16228 collected $0.20 from pot
Artur16228: doesn't show hand 
*** SUMMARY ***
Total pot $0.21 | Rake $0.01 
Board [5h 9h 2s]
Seat 1: shurik-ass folded before Flop (didn't bet)
Seat 2: edmedeiros folded before Flop (didn't bet)
Seat 3: Achilles2582 folded before Flop (didn't bet)
Seat 4: NessaCakes folded before Flop (didn't bet)
Seat 5: Dorex2007 (button) folded before Flop (didn't bet)
Seat 6: S0CR4M (small blind) folded before Flop
Seat 7: Nesju57 (big blind) folded on the Flop
Seat 8: dhabiles52 folded before Flop (didn't bet)
Seat 9: Artur16228 collected ($0.20)



PokerStars Hand #223747068780:  Hold'em No Limit ($0.01/$0.02 USD) - 2021/02/12 19:16:18 PT [2021/02/12 22:16:18 ET]
Table 'Brabantia IV' 9-max Seat #6 is the button
Seat 1: shurik-ass ($2.09 in chips) 
Seat 2: edmedeiros ($2.58 in chips) 
Seat 3: Achilles2582 ($2.06 in chips) 
Seat 4: NessaCakes ($1.78 in chips) 
Seat 5: Dorex2007 ($1.56 in chips) 
Seat 6: S0CR4M ($2.91 in chips) 
Seat 7: Nesju57 ($1.41 in chips) 
Seat 8: dhabiles52 ($2.10 in chips) 
Seat 9: Artur16228 ($2.10 in chips) 
Nesju57: posts small blind $0.01
dhabiles52: posts big blind $0.02
*** HOLE CARDS ***
Dealt to Dorex2007 [Qs 2d]
Artur16228: calls $0.02
shurik-ass: folds 
edmedeiros: folds 
Achilles2582: folds 
NessaCakes: folds 
Dorex2007: folds 
S0CR4M: raises $0.04 to $0.06
Nesju57: calls $0.05
dhabiles52: folds 
Artur16228: calls $0.04
*** FLOP *** [Jc Th 8c]
Nesju57: checks 
Artur16228: checks 
S0CR4M: bets $0.19
Nesju57: folds 
Artur16228: folds 
Uncalled bet ($0.19) returned to S0CR4M
S0CR4M collected $0.19 from pot
S0CR4M: doesn't show hand 
*** SUMMARY ***
Total pot $0.20 | Rake $0.01 
Board [Jc Th 8c]
Seat 1: shurik-ass folded before Flop (didn't bet)
Seat 2: edmedeiros folded before Flop (didn't bet)
Seat 3: Achilles2582 folded before Flop (didn't bet)
Seat 4: NessaCakes folded before Flop (didn't bet)
Seat 5: Dorex2007 folded before Flop (didn't bet)
Seat 6: S0CR4M (button) collected ($0.19)
Seat 7: Nesju57 (small blind) folded on the Flop
Seat 8: dhabiles52 (big blind) folded before Flop
Seat 9: Artur16228 folded on the Flop



PokerStars Hand #223747092233:  Hold'em No Limit ($0.01/$0.02 USD) - 2021/02/12 19:16:57 PT [2021/02/12 22:16:57 ET]
Table 'Brabantia IV' 9-max Seat #7 is the button
Seat 1: shurik-ass ($2.09 in chips) 
Seat 2: edmedeiros ($2.58 in chips) 
Seat 3: Achilles2582 ($2.06 in chips) 
Seat 4: NessaCakes ($1.78 in chips) 
Seat 5: Dorex2007 ($1.56 in chips) 
Seat 6: S0CR4M ($3.04 in chips) 
Seat 7: Nesju57 ($1.35 in chips) 
Seat 8: dhabiles52 ($2.08 in chips) 
Seat 9: Artur16228 ($2.04 in chips) 
dhabiles52: posts small blind $0.01
Artur16228: posts big blind $0.02
*** HOLE CARDS ***
Dealt to Dorex2007 [Ah 7s]
shurik-ass: folds 
edmedeiros: folds 
Achilles2582: folds 
NessaCakes: folds 
Dorex2007: folds 
S0CR4M: folds 
Nesju57: folds 
dhabiles52: raises $0.04 to $0.06
Artur16228: folds 
Uncalled bet ($0.04) returned to dhabiles52
dhabiles52 collected $0.04 from pot
dhabiles52: doesn't show hand 
*** SUMMARY ***
Total pot $0.04 | Rake $0 
Seat 1: shurik-ass folded before Flop (didn't bet)
Seat 2: edmedeiros folded before Flop (didn't bet)
Seat 3: Achilles2582 folded before Flop (didn't bet)
Seat 4: NessaCakes folded before Flop (didn't bet)
Seat 5: Dorex2007 folded before Flop (didn't bet)
Seat 6: S0CR4M folded before Flop (didn't bet)
Seat 7: Nesju57 (button) folded before Flop (didn't bet)
Seat 8: dhabiles52 (small blind) collected ($0.04)
Seat 9: Artur16228 (big blind) folded before Flop



PokerStars Hand #223747103187:  Hold'em No Limit ($0.01/$0.02 USD) - 2021/02/12 19:17:26 PT [2021/02/12 22:17:26 ET]
Table 'Brabantia IV' 9-max Seat #8 is the button
Seat 1: shurik-ass ($2.09 in chips) 
Seat 2: edmedeiros ($2.58 in chips) 
Seat 3: Achilles2582 ($2.06 in chips) 
Seat 4: NessaCakes ($1.78 in chips) 
Seat 5: Dorex2007 ($1.56 in chips) 
Seat 6: S0CR4M ($3.04 in chips) 
Seat 7: Nesju57 ($1.35 in chips) 
Seat 8: dhabiles52 ($2.10 in chips) 
Seat 9: Artur16228 ($2.02 in chips) 
Artur16228: posts small blind $0.01
shurik-ass: posts big blind $0.02
*** HOLE CARDS ***
Dealt to Dorex2007 [6d 2h]
edmedeiros: folds 
Achilles2582: folds 
NessaCakes: folds 
Dorex2007: folds 
S0CR4M: raises $0.05 to $0.07
Nesju57: folds 
dhabiles52: folds 
Artur16228: folds 
shurik-ass: folds 
Uncalled bet ($0.05) returned to S0CR4M
S0CR4M collected $0.05 from pot
S0CR4M: doesn't show hand 
*** SUMMARY ***
Total pot $0.05 | Rake $0 
Seat 1: shurik-ass (big blind) folded before Flop
Seat 2: edmedeiros folded before Flop (didn't bet)
Seat 3: Achilles2582 folded before Flop (didn't bet)
Seat 4: NessaCakes folded before Flop (didn't bet)
Seat 5: Dorex2007 folded before Flop (didn't bet)
Seat 6: S0CR4M collected ($0.05)
Seat 7: Nesju57 folded before Flop (didn't bet)
Seat 8: dhabiles52 (button) folded before Flop (didn't bet)
Seat 9: Artur16228 (small blind) folded before Flop



PokerStars Hand #223747114704:  Hold'em No Limit ($0.01/$0.02 USD) - 2021/02/12 19:17:56 PT [2021/02/12 22:17:56 ET]
Table 'Brabantia IV' 9-max Seat #9 is the button
Seat 1: shurik-ass ($2.07 in chips) 
Seat 2: edmedeiros ($2.58 in chips) 
Seat 3: Achilles2582 ($2.06 in chips) 
Seat 4: NessaCakes ($1.78 in chips) 
Seat 5: Dorex2007 ($1.56 in chips) 
Seat 6: S0CR4M ($3.07 in chips) 
Seat 7: Nesju57 ($1.35 in chips) 
Seat 8: dhabiles52 ($2.10 in chips) 
Seat 9: Artur16228 ($2.01 in chips) 
shurik-ass: posts small blind $0.01
edmedeiros: posts big blind $0.02
*** HOLE CARDS ***
Dealt to Dorex2007 [3d Ks]
Achilles2582: folds 
NessaCakes: calls $0.02
Dorex2007: folds 
S0CR4M: raises $0.02 to $0.04
Nesju57: calls $0.04
dhabiles52: folds 
Artur16228: folds 
shurik-ass: folds 
edmedeiros: calls $0.02
NessaCakes: raises $0.17 to $0.21
S0CR4M: folds 
Nesju57: calls $0.17
edmedeiros: folds 
*** FLOP *** [Jd 3c 3s]
NessaCakes: bets $0.49
edmedeiros leaves the table
Nesju57: folds 
Uncalled bet ($0.49) returned to NessaCakes
NessaCakes collected $0.49 from pot
NessaCakes: doesn't show hand 
*** SUMMARY ***
Total pot $0.51 | Rake $0.02 
Board [Jd 3c 3s]
Seat 1: shurik-ass (small blind) folded before Flop
Seat 2: edmedeiros (big blind) folded before Flop
Seat 3: Achilles2582 folded before Flop (didn't bet)
Seat 4: NessaCakes collected ($0.49)
Seat 5: Dorex2007 folded before Flop (didn't bet)
Seat 6: S0CR4M folded before Flop
Seat 7: Nesju57 folded on the Flop
Seat 8: dhabiles52 folded before Flop (didn't bet)
Seat 9: Artur16228 (button) folded before Flop (didn't bet)



PokerStars Hand #223747149805:  Hold'em No Limit ($0.01/$0.02 USD) - 2021/02/12 19:19:10 PT [2021/02/12 22:19:10 ET]
Table 'Brabantia IV' 9-max Seat #1 is the button
Seat 1: shurik-ass ($2.06 in chips) 
Seat 3: Achilles2582 ($2.06 in chips) 
Seat 4: NessaCakes ($2.06 in chips) 
Seat 5: Dorex2007 ($1.56 in chips) 
Seat 6: S0CR4M ($3.03 in chips) 
Seat 7: Nesju57 ($1.14 in chips) 
Seat 8: dhabiles52 ($2.10 in chips) 
Seat 9: Artur16228 ($2.01 in chips) 
Achilles2582: posts small blind $0.01
NessaCakes: posts big blind $0.02
*** HOLE CARDS ***
Dealt to Dorex2007 [8c Ac]
Dorex2007: raises $0.04 to $0.06
S0CR4M: folds 
Nesju57: calls $0.06
dhabiles52: folds 
Artur16228: folds 
shurik-ass: folds 
Achilles2582: folds 
NessaCakes: folds 
*** FLOP *** [Jd 4c Jh]
Dorex2007: bets $0.07
Nesju57: raises $0.07 to $0.14
Dorex2007: calls $0.07
*** TURN *** [Jd 4c Jh] [Ah]
Dorex2007: bets $0.41
Nesju57: folds 
Uncalled bet ($0.41) returned to Dorex2007
Dorex2007 collected $0.41 from pot
Dorex2007: doesn't show hand 
*** SUMMARY ***
Total pot $0.43 | Rake $0.02 
Board [Jd 4c Jh Ah]
Seat 1: shurik-ass (button) folded before Flop (didn't bet)
Seat 3: Achilles2582 (small blind) folded before Flop
Seat 4: NessaCakes (big blind) folded before Flop
Seat 5: Dorex2007 collected ($0.41)
Seat 6: S0CR4M folded before Flop (didn't bet)
Seat 7: Nesju57 folded on the Turn
Seat 8: dhabiles52 folded before Flop (didn't bet)
Seat 9: Artur16228 folded before Flop (didn't bet)



PokerStars Hand #223747166137:  Hold'em No Limit ($0.01/$0.02 USD) - 2021/02/12 19:19:52 PT [2021/02/12 22:19:52 ET]
Table 'Brabantia IV' 9-max Seat #3 is the button
Seat 1: shurik-ass ($2.06 in chips) 
Seat 3: Achilles2582 ($2.05 in chips) 
Seat 4: NessaCakes ($2.04 in chips) 
Seat 5: Dorex2007 ($1.77 in chips) 
Seat 6: S0CR4M ($3.03 in chips) 
Seat 7: Nesju57 ($0.94 in chips) 
Seat 8: dhabiles52 ($2.10 in chips) 
Seat 9: Artur16228 ($2.01 in chips) 
NessaCakes: posts small blind $0.01
Dorex2007: posts big blind $0.02
*** HOLE CARDS ***
Dealt to Dorex2007 [2s 6d]
S0CR4M: folds 
Nesju57: calls $0.02
dhabiles52: raises $0.07 to $0.09
Artur16228: folds 
shurik-ass: folds 
Achilles2582: folds 
NessaCakes: folds 
Dorex2007: folds 
Nesju57: calls $0.07
*** FLOP *** [Qs Js 2c]
Nesju57: checks 
dhabiles52: bets $0.12
Nesju57: folds 
Uncalled bet ($0.12) returned to dhabiles52
dhabiles52 collected $0.20 from pot
dhabiles52: doesn't show hand 
*** SUMMARY ***
Total pot $0.21 | Rake $0.01 
Board [Qs Js 2c]
Seat 1: shurik-ass folded before Flop (didn't bet)
Seat 3: Achilles2582 (button) folded before Flop (didn't bet)
Seat 4: NessaCakes (small blind) folded before Flop
Seat 5: Dorex2007 (big blind) folded before Flop
Seat 6: S0CR4M folded before Flop (didn't bet)
Seat 7: Nesju57 folded on the Flop
Seat 8: dhabiles52 collected ($0.20)
Seat 9: Artur16228 folded before Flop (didn't bet)



PokerStars Hand #223747183336:  Hold'em No Limit ($0.01/$0.02 USD) - 2021/02/12 19:20:37 PT [2021/02/12 22:20:37 ET]
Table 'Brabantia IV' 9-max Seat #4 is the button
Seat 1: shurik-ass ($2.06 in chips) 
Seat 3: Achilles2582 ($2.05 in chips) 
Seat 4: NessaCakes ($2.03 in chips) 
Seat 5: Dorex2007 ($1.75 in chips) 
Seat 6: S0CR4M ($3.03 in chips) 
Seat 7: Nesju57 ($0.85 in chips) 
Seat 8: dhabiles52 ($2.21 in chips) 
Seat 9: Artur16228 ($2.01 in chips) 
Dorex2007: posts small blind $0.01
S0CR4M: posts big blind $0.02
*** HOLE CARDS ***
Dealt to Dorex2007 [Th 5c]
Nesju57: folds 
dhabiles52: folds 
Artur16228: folds 
shurik-ass: folds 
Achilles2582: raises $0.05 to $0.07
NessaCakes: folds 
Dorex2007: folds 
S0CR4M: folds 
Uncalled bet ($0.05) returned to Achilles2582
Achilles2582 collected $0.05 from pot
*** SUMMARY ***
Total pot $0.05 | Rake $0 
Seat 1: shurik-ass folded before Flop (didn't bet)
Seat 3: Achilles2582 collected ($0.05)
Seat 4: NessaCakes (button) folded before Flop (didn't bet)
Seat 5: Dorex2007 (small blind) folded before Flop
Seat 6: S0CR4M (big blind) folded before Flop
Seat 7: Nesju57 folded before Flop (didn't bet)
Seat 8: dhabiles52 folded before Flop (didn't bet)
Seat 9: Artur16228 folded before Flop (didn't bet)



PokerStars Hand #223747193141:  Hold'em No Limit ($0.01/$0.02 USD) - 2021/02/12 19:21:03 PT [2021/02/12 22:21:03 ET]
Table 'Brabantia IV' 9-max Seat #5 is the button
Seat 1: shurik-ass ($2.06 in chips) 
Seat 3: Achilles2582 ($2.08 in chips) 
Seat 4: NessaCakes ($2.03 in chips) 
Seat 5: Dorex2007 ($1.74 in chips) 
Seat 6: S0CR4M ($3.01 in chips) 
Seat 7: Nesju57 ($0.85 in chips) 
Seat 8: dhabiles52 ($2.21 in chips) 
Seat 9: Artur16228 ($2.01 in chips) 
S0CR4M: posts small blind $0.01
Nesju57: posts big blind $0.02
*** HOLE CARDS ***
Dealt to Dorex2007 [6h 8c]
dhabiles52: folds 
Artur16228: folds 
shurik-ass: folds 
Achilles2582: folds 
NessaCakes: folds 
Dorex2007: raises $0.04 to $0.06
S0CR4M: calls $0.05
Nesju57: calls $0.04
*** FLOP *** [Jd 2c Ad]
S0CR4M: checks 
Nesju57: checks 
Dorex2007: bets $0.09
S0CR4M: calls $0.09
Nesju57: folds 
*** TURN *** [Jd 2c Ad] [Jc]
S0CR4M: checks 
Dorex2007: bets $0.35
S0CR4M: folds 
Uncalled bet ($0.35) returned to Dorex2007
Dorex2007 collected $0.35 from pot
Dorex2007: doesn't show hand 
*** SUMMARY ***
Total pot $0.36 | Rake $0.01 
Board [Jd 2c Ad Jc]
Seat 1: shurik-ass folded before Flop (didn't bet)
Seat 3: Achilles2582 folded before Flop (didn't bet)
Seat 4: NessaCakes folded before Flop (didn't bet)
Seat 5: Dorex2007 (button) collected ($0.35)
Seat 6: S0CR4M (small blind) folded on the Turn
Seat 7: Nesju57 (big blind) folded on the Flop
Seat 8: dhabiles52 folded before Flop (didn't bet)
Seat 9: Artur16228 folded before Flop (didn't bet)



PokerStars Hand #223747212380:  Hold'em No Limit ($0.01/$0.02 USD) - 2021/02/12 19:21:53 PT [2021/02/12 22:21:53 ET]
Table 'Brabantia IV' 9-max Seat #6 is the button
Seat 1: shurik-ass ($2.06 in chips) 
Seat 3: Achilles2582 ($2.08 in chips) 
Seat 4: NessaCakes ($2.03 in chips) 
Seat 5: Dorex2007 ($1.94 in chips) 
Seat 6: S0CR4M ($2.86 in chips) 
Seat 7: Nesju57 ($0.79 in chips) 
Seat 8: dhabiles52 ($2.21 in chips) 
Seat 9: Artur16228 ($2.01 in chips) 
Nesju57: posts small blind $0.01
dhabiles52: posts big blind $0.02
*** HOLE CARDS ***
Dealt to Dorex2007 [4s Qc]
Artur16228: folds 
shurik-ass: folds 
Achilles2582: folds 
NessaCakes: folds 
Dorex2007: folds 
S0CR4M: calls $0.02
Nesju57: calls $0.01
dhabiles52: checks 
*** FLOP *** [8d Th Kc]
Nesju57: checks 
dhabiles52: checks 
Alisson_Luiz joins the table at seat #2 
S0CR4M: bets $0.04
Nesju57: folds 
dhabiles52: folds 
Uncalled bet ($0.04) returned to S0CR4M
S0CR4M collected $0.06 from pot
S0CR4M: doesn't show hand 
*** SUMMARY ***
Total pot $0.06 | Rake $0 
Board [8d Th Kc]
Seat 1: shurik-ass folded before Flop (didn't bet)
Seat 3: Achilles2582 folded before Flop (didn't bet)
Seat 4: NessaCakes folded before Flop (didn't bet)
Seat 5: Dorex2007 folded before Flop (didn't bet)
Seat 6: S0CR4M (button) collected ($0.06)
Seat 7: Nesju57 (small blind) folded on the Flop
Seat 8: dhabiles52 (big blind) folded on the Flop
Seat 9: Artur16228 folded before Flop (didn't bet)



PokerStars Hand #223747223891:  Hold'em No Limit ($0.01/$0.02 USD) - 2021/02/12 19:22:24 PT [2021/02/12 22:22:24 ET]
Table 'Brabantia IV' 9-max Seat #7 is the button
Seat 1: shurik-ass ($2.06 in chips) 
Seat 3: Achilles2582 ($2.08 in chips) 
Seat 4: NessaCakes ($2.03 in chips) 
Seat 5: Dorex2007 ($1.94 in chips) 
Seat 6: S0CR4M ($2.90 in chips) 
Seat 7: Nesju57 ($0.77 in chips) 
Seat 8: dhabiles52 ($2.19 in chips) 
Seat 9: Artur16228 ($2.01 in chips) 
dhabiles52: posts small blind $0.01
Artur16228: posts big blind $0.02
Alisson_Luiz: sits out 
*** HOLE CARDS ***
Dealt to Dorex2007 [Ts Jc]
shurik-ass: folds 
Achilles2582: folds 
NessaCakes: folds 
Dorex2007: folds 
S0CR4M: folds 
Nesju57: folds 
dhabiles52: calls $0.01
Artur16228: checks 
*** FLOP *** [9c 3h 5h]
dhabiles52: checks 
Artur16228: checks 
*** TURN *** [9c 3h 5h] [6h]
dhabiles52: bets $0.02
Artur16228: folds 
Uncalled bet ($0.02) returned to dhabiles52
dhabiles52 collected $0.04 from pot
dhabiles52: doesn't show hand 
*** SUMMARY ***
Total pot $0.04 | Rake $0 
Board [9c 3h 5h 6h]
Seat 1: shurik-ass folded before Flop (didn't bet)
Seat 3: Achilles2582 folded before Flop (didn't bet)
Seat 4: NessaCakes folded before Flop (didn't bet)
Seat 5: Dorex2007 folded before Flop (didn't bet)
Seat 6: S0CR4M folded before Flop (didn't bet)
Seat 7: Nesju57 (button) folded before Flop (didn't bet)
Seat 8: dhabiles52 (small blind) collected ($0.04)
Seat 9: Artur16228 (big blind) folded on the Turn



PokerStars Hand #223747247128:  Hold'em No Limit ($0.01/$0.02 USD) - 2021/02/12 19:23:25 PT [2021/02/12 22:23:25 ET]
Table 'Brabantia IV' 9-max Seat #8 is the button
Seat 1: shurik-ass ($2.06 in chips) 
Seat 3: Achilles2582 ($2.08 in chips) 
Seat 4: NessaCakes ($2.03 in chips) 
Seat 5: Dorex2007 ($1.94 in chips) 
Seat 6: S0CR4M ($2.90 in chips) 
Seat 7: Nesju57 ($0.77 in chips) 
Seat 8: dhabiles52 ($2.21 in chips) 
Seat 9: Artur16228 ($1.99 in chips) 
Artur16228: posts small blind $0.01
shurik-ass: posts big blind $0.02
Alisson_Luiz: sits out 
*** HOLE CARDS ***
Dealt to Dorex2007 [2c 7s]
Achilles2582: folds 
NessaCakes: folds 
Dorex2007: folds 
S0CR4M: folds 
Nesju57: folds 
dhabiles52: raises $0.02 to $0.04
Artur16228: folds 
shurik-ass: folds 
Uncalled bet ($0.02) returned to dhabiles52
dhabiles52 collected $0.05 from pot
dhabiles52: doesn't show hand 
*** SUMMARY ***
Total pot $0.05 | Rake $0 
Seat 1: shurik-ass (big blind) folded before Flop
Seat 3: Achilles2582 folded before Flop (didn't bet)
Seat 4: NessaCakes folded before Flop (didn't bet)
Seat 5: Dorex2007 folded before Flop (didn't bet)
Seat 6: S0CR4M folded before Flop (didn't bet)
Seat 7: Nesju57 folded before Flop (didn't bet)
Seat 8: dhabiles52 (button) collected ($0.05)
Seat 9: Artur16228 (small blind) folded before Flop



PokerStars Hand #223747257741:  Hold'em No Limit ($0.01/$0.02 USD) - 2021/02/12 19:23:53 PT [2021/02/12 22:23:53 ET]
Table 'Brabantia IV' 9-max Seat #9 is the button
Seat 1: shurik-ass ($2.04 in chips) 
Seat 2: Alisson_Luiz ($1.60 in chips) 
Seat 3: Achilles2582 ($2.08 in chips) 
Seat 4: NessaCakes ($2.03 in chips) 
Seat 5: Dorex2007 ($1.94 in chips) 
Seat 6: S0CR4M ($2.90 in chips) 
Seat 7: Nesju57 ($0.77 in chips) 
Seat 8: dhabiles52 ($2.24 in chips) 
Seat 9: Artur16228 ($1.98 in chips) 
shurik-ass: posts small blind $0.01
Alisson_Luiz: posts big blind $0.02
*** HOLE CARDS ***
Dealt to Dorex2007 [5d Js]
Achilles2582: folds 
NessaCakes: folds 
Dorex2007: folds 
S0CR4M: folds 
Nesju57: folds 
dhabiles52: folds 
Artur16228: folds 
shurik-ass: folds 
Uncalled bet ($0.01) returned to Alisson_Luiz
Alisson_Luiz collected $0.02 from pot
Alisson_Luiz: doesn't show hand 
*** SUMMARY ***
Total pot $0.02 | Rake $0 
Seat 1: shurik-ass (small blind) folded before Flop
Seat 2: Alisson_Luiz (big blind) collected ($0.02)
Seat 3: Achilles2582 folded before Flop (didn't bet)
Seat 4: NessaCakes folded before Flop (didn't bet)
Seat 5: Dorex2007 folded before Flop (didn't bet)
Seat 6: S0CR4M folded before Flop (didn't bet)
Seat 7: Nesju57 folded before Flop (didn't bet)
Seat 8: dhabiles52 folded before Flop (didn't bet)
Seat 9: Artur16228 (button) folded before Flop (didn't bet)



PokerStars Hand #223747266170:  Hold'em No Limit ($0.01/$0.02 USD) - 2021/02/12 19:24:16 PT [2021/02/12 22:24:16 ET]
Table 'Brabantia IV' 9-max Seat #1 is the button
Seat 1: shurik-ass ($2.03 in chips) 
Seat 2: Alisson_Luiz ($1.61 in chips) 
Seat 3: Achilles2582 ($2.08 in chips) 
Seat 4: NessaCakes ($2.03 in chips) 
Seat 5: Dorex2007 ($1.94 in chips) 
Seat 6: S0CR4M ($2.90 in chips) 
Seat 7: Nesju57 ($0.77 in chips) 
Seat 8: dhabiles52 ($2.24 in chips) 
Seat 9: Artur16228 ($1.98 in chips) 
Alisson_Luiz: posts small blind $0.01
Achilles2582: posts big blind $0.02
*** HOLE CARDS ***
Dealt to Dorex2007 [7d 5h]
NessaCakes: calls $0.02
Dorex2007: folds 
S0CR4M: raises $0.04 to $0.06
Nesju57: folds 
dhabiles52: calls $0.06
Artur16228: folds 
shurik-ass: folds 
Alisson_Luiz: folds 
Achilles2582: calls $0.04
NessaCakes: folds 
*** FLOP *** [9h Jd 8s]
Achilles2582: bets $0.10
S0CR4M: folds 
dhabiles52: calls $0.10
*** TURN *** [9h Jd 8s] [7c]
Achilles2582: bets $0.20
dhabiles52: folds 
Uncalled bet ($0.20) returned to Achilles2582
Achilles2582 collected $0.40 from pot
*** SUMMARY ***
Total pot $0.41 | Rake $0.01 
Board [9h Jd 8s 7c]
Seat 1: shurik-ass (button) folded before Flop (didn't bet)
Seat 2: Alisson_Luiz (small blind) folded before Flop
Seat 3: Achilles2582 (big blind) collected ($0.40)
Seat 4: NessaCakes folded before Flop
Seat 5: Dorex2007 folded before Flop (didn't bet)
Seat 6: S0CR4M folded on the Flop
Seat 7: Nesju57 folded before Flop (didn't bet)
Seat 8: dhabiles52 folded on the Turn
Seat 9: Artur16228 folded before Flop (didn't bet)



PokerStars Hand #223747289885:  Hold'em No Limit ($0.01/$0.02 USD) - 2021/02/12 19:25:19 PT [2021/02/12 22:25:19 ET]
Table 'Brabantia IV' 9-max Seat #2 is the button
Seat 1: shurik-ass ($2.03 in chips) 
Seat 2: Alisson_Luiz ($1.60 in chips) 
Seat 3: Achilles2582 ($2.32 in chips) 
Seat 4: NessaCakes ($2.01 in chips) 
Seat 5: Dorex2007 ($1.94 in chips) 
Seat 6: S0CR4M ($2.84 in chips) 
Seat 7: Nesju57 ($0.77 in chips) 
Seat 8: dhabiles52 ($2.08 in chips) 
Seat 9: Artur16228 ($1.98 in chips) 
Achilles2582: posts small blind $0.01
NessaCakes: posts big blind $0.02
*** HOLE CARDS ***
Dealt to Dorex2007 [Kh Tc]
Dorex2007: calls $0.02
S0CR4M: raises $0.04 to $0.06
Nesju57: folds 
dhabiles52: folds 
Artur16228: folds 
shurik-ass: calls $0.06
Alisson_Luiz: folds 
Achilles2582: calls $0.05
NessaCakes: folds 
Dorex2007: calls $0.04
*** FLOP *** [9c 9d 4d]
Achilles2582: checks 
Dorex2007: checks 
S0CR4M: bets $0.25
shurik-ass: folds 
Achilles2582: folds 
Dorex2007: folds 
Uncalled bet ($0.25) returned to S0CR4M
S0CR4M collected $0.25 from pot
S0CR4M: doesn't show hand 
*** SUMMARY ***
Total pot $0.26 | Rake $0.01 
Board [9c 9d 4d]
Seat 1: shurik-ass folded on the Flop
Seat 2: Alisson_Luiz (button) folded before Flop (didn't bet)
Seat 3: Achilles2582 (small blind) folded on the Flop
Seat 4: NessaCakes (big blind) folded before Flop
Seat 5: Dorex2007 folded on the Flop
Seat 6: S0CR4M collected ($0.25)
Seat 7: Nesju57 folded before Flop (didn't bet)
Seat 8: dhabiles52 folded before Flop (didn't bet)
Seat 9: Artur16228 folded before Flop (didn't bet)



PokerStars Hand #223747308306:  Hold'em No Limit ($0.01/$0.02 USD) - 2021/02/12 19:26:09 PT [2021/02/12 22:26:09 ET]
Table 'Brabantia IV' 9-max Seat #3 is the button
Seat 1: shurik-ass ($2 in chips) 
Seat 2: Alisson_Luiz ($1.60 in chips) 
Seat 3: Achilles2582 ($2.26 in chips) 
Seat 4: NessaCakes ($1.99 in chips) 
Seat 5: Dorex2007 ($1.88 in chips) 
Seat 6: S0CR4M ($3.03 in chips) 
Seat 8: dhabiles52 ($2.08 in chips) 
Seat 9: Artur16228 ($1.98 in chips) 
NessaCakes: posts small blind $0.01
Dorex2007: posts big blind $0.02
*** HOLE CARDS ***
Dealt to Dorex2007 [5d As]
S0CR4M: folds 
dhabiles52: folds 
Artur16228: folds 
shurik-ass: folds 
Nesju57 leaves the table
Alisson_Luiz: raises $0.02 to $0.04
Achilles2582: folds 
NessaCakes: folds 
Dorex2007: calls $0.02
*** FLOP *** [3c 6d Ks]
Dorex2007: bets $0.08
Alisson_Luiz: folds 
Uncalled bet ($0.08) returned to Dorex2007
Dorex2007 collected $0.09 from pot
Dorex2007: doesn't show hand 
*** SUMMARY ***
Total pot $0.09 | Rake $0 
Board [3c 6d Ks]
Seat 1: shurik-ass folded before Flop (didn't bet)
Seat 2: Alisson_Luiz folded on the Flop
Seat 3: Achilles2582 (button) folded before Flop (didn't bet)
Seat 4: NessaCakes (small blind) folded before Flop
Seat 5: Dorex2007 (big blind) collected ($0.09)
Seat 6: S0CR4M folded before Flop (didn't bet)
Seat 8: dhabiles52 folded before Flop (didn't bet)
Seat 9: Artur16228 folded before Flop (didn't bet)



PokerStars Hand #223747323872:  Hold'em No Limit ($0.01/$0.02 USD) - 2021/02/12 19:26:50 PT [2021/02/12 22:26:50 ET]
Table 'Brabantia IV' 9-max Seat #4 is the button
Seat 1: shurik-ass ($2 in chips) 
Seat 2: Alisson_Luiz ($1.56 in chips) 
Seat 3: Achilles2582 ($2.26 in chips) 
Seat 4: NessaCakes ($1.98 in chips) 
Seat 5: Dorex2007 ($1.93 in chips) 
Seat 6: S0CR4M ($3.03 in chips) 
Seat 8: dhabiles52 ($2.08 in chips) 
Seat 9: Artur16228 ($1.98 in chips) 
Dorex2007: posts small blind $0.01
S0CR4M: posts big blind $0.02
*** HOLE CARDS ***
Dealt to Dorex2007 [Kd Kc]
dhabiles52: folds 
Artur16228: folds 
shurik-ass: folds 
Alisson_Luiz: folds 
Achilles2582: folds 
NessaCakes: folds 
Dorex2007: raises $0.04 to $0.06
S0CR4M: folds 
Uncalled bet ($0.04) returned to Dorex2007
Dorex2007 collected $0.04 from pot
Dorex2007: doesn't show hand 
*** SUMMARY ***
Total pot $0.04 | Rake $0 
Seat 1: shurik-ass folded before Flop (didn't bet)
Seat 2: Alisson_Luiz folded before Flop (didn't bet)
Seat 3: Achilles2582 folded before Flop (didn't bet)
Seat 4: NessaCakes (button) folded before Flop (didn't bet)
Seat 5: Dorex2007 (small blind) collected ($0.04)
Seat 6: S0CR4M (big blind) folded before Flop
Seat 8: dhabiles52 folded before Flop (didn't bet)
Seat 9: Artur16228 folded before Flop (didn't bet)



PokerStars Hand #223747332017:  Hold'em No Limit ($0.01/$0.02 USD) - 2021/02/12 19:27:12 PT [2021/02/12 22:27:12 ET]
Table 'Brabantia IV' 9-max Seat #5 is the button
Seat 1: shurik-ass ($2 in chips) 
Seat 2: Alisson_Luiz ($1.56 in chips) 
Seat 3: Achilles2582 ($2.26 in chips) 
Seat 4: NessaCakes ($1.98 in chips) 
Seat 5: Dorex2007 ($1.95 in chips) 
Seat 6: S0CR4M ($3.01 in chips) 
Seat 8: dhabiles52 ($2.08 in chips) 
Seat 9: Artur16228 ($1.98 in chips) 
S0CR4M: posts small blind $0.01
dhabiles52: posts big blind $0.02
*** HOLE CARDS ***
Dealt to Dorex2007 [Kc Th]
Artur16228: calls $0.02
shurik-ass: folds 
Alisson_Luiz has timed out
Alisson_Luiz: folds 
Achilles2582: calls $0.02
NessaCakes: calls $0.02
Dorex2007: calls $0.02
S0CR4M: calls $0.01
dhabiles52: checks 
*** FLOP *** [5s 7d Js]
S0CR4M: checks 
dhabiles52: checks 
Waluev93 joins the table at seat #7 
Artur16228: checks 
Achilles2582: bets $0.06
NessaCakes: folds 
Dorex2007: folds 
S0CR4M: calls $0.06
dhabiles52: folds 
Artur16228: folds 
*** TURN *** [5s 7d Js] [Ac]
S0CR4M: checks 
Achilles2582: checks 
*** RIVER *** [5s 7d Js Ac] [7c]
S0CR4M: checks 
Achilles2582: checks 
*** SHOW DOWN ***
S0CR4M: shows [Jd 8s] (two pair, Jacks and Sevens)
Achilles2582: shows [Jh Qd] (two pair, Jacks and Sevens)
S0CR4M collected $0.12 from pot
Achilles2582 collected $0.11 from pot
*** SUMMARY ***
Total pot $0.24 | Rake $0.01 
Board [5s 7d Js Ac 7c]
Seat 1: shurik-ass folded before Flop (didn't bet)
Seat 2: Alisson_Luiz folded before Flop (didn't bet)
Seat 3: Achilles2582 showed [Jh Qd] and won ($0.11) with two pair, Jacks and Sevens
Seat 4: NessaCakes folded on the Flop
Seat 5: Dorex2007 (button) folded on the Flop
Seat 6: S0CR4M (small blind) showed [Jd 8s] and won ($0.12) with two pair, Jacks and Sevens
Seat 8: dhabiles52 (big blind) folded on the Flop
Seat 9: Artur16228 folded on the Flop



PokerStars Hand #223747402930:  Hold'em No Limit ($0.01/$0.02 USD) - 2021/02/12 19:30:08 PT [2021/02/12 22:30:08 ET]
Table 'Brabantia IV' 9-max Seat #9 is the button
Seat 1: shurik-ass ($2 in chips) 
Seat 2: Alisson_Luiz ($1.56 in chips) 
Seat 3: Achilles2582 ($2.29 in chips) 
Seat 4: NessaCakes ($1.92 in chips) 
Seat 5: Dorex2007 ($1.93 in chips) 
Seat 6: S0CR4M ($3.08 in chips) 
Seat 7: Waluev93 ($1.56 in chips) 
Seat 8: dhabiles52 ($1.90 in chips) 
Seat 9: Artur16228 ($1.93 in chips) 
shurik-ass: posts small blind $0.01
Alisson_Luiz: posts big blind $0.02
*** HOLE CARDS ***
Dealt to Dorex2007 [Ad 3s]
Achilles2582: folds 
NessaCakes: folds 
Dorex2007: folds 
S0CR4M: folds 
Waluev93: folds 
dhabiles52: folds 
Artur16228: raises $0.04 to $0.06
shurik-ass: folds 
Alisson_Luiz: folds 
Uncalled bet ($0.04) returned to Artur16228
Artur16228 collected $0.05 from pot
Artur16228: doesn't show hand 
*** SUMMARY ***
Total pot $0.05 | Rake $0 
Seat 1: shurik-ass (small blind) folded before Flop
Seat 2: Alisson_Luiz (big blind) folded before Flop
Seat 3: Achilles2582 folded before Flop (didn't bet)
Seat 4: NessaCakes folded before Flop (didn't bet)
Seat 5: Dorex2007 folded before Flop (didn't bet)
Seat 6: S0CR4M folded before Flop (didn't bet)
Seat 7: Waluev93 folded before Flop (didn't bet)
Seat 8: dhabiles52 folded before Flop (didn't bet)
Seat 9: Artur16228 (button) collected ($0.05)



PokerStars Hand #223747410738:  Hold'em No Limit ($0.01/$0.02 USD) - 2021/02/12 19:30:29 PT [2021/02/12 22:30:29 ET]
Table 'Brabantia IV' 9-max Seat #1 is the button
Seat 1: shurik-ass ($2 in chips) 
Seat 2: Alisson_Luiz ($1.54 in chips) 
Seat 3: Achilles2582 ($2.29 in chips) 
Seat 4: NessaCakes ($1.92 in chips) 
Seat 5: Dorex2007 ($1.93 in chips) 
Seat 6: S0CR4M ($3.08 in chips) 
Seat 7: Waluev93 ($1.56 in chips) 
Seat 8: dhabiles52 ($1.90 in chips) 
Seat 9: Artur16228 ($1.96 in chips) 
Alisson_Luiz: posts small blind $0.01
Achilles2582: posts big blind $0.02
*** HOLE CARDS ***
Dealt to Dorex2007 [8c Tc]
NessaCakes: folds 
Dorex2007: folds 
S0CR4M: folds 
Waluev93: folds 
dhabiles52: folds 
Artur16228: folds 
shurik-ass: folds 
Alisson_Luiz: folds 
Uncalled bet ($0.01) returned to Achilles2582
Achilles2582 collected $0.02 from pot
*** SUMMARY ***
Total pot $0.02 | Rake $0 
Seat 1: shurik-ass (button) folded before Flop (didn't bet)
Seat 2: Alisson_Luiz (small blind) folded before Flop
Seat 3: Achilles2582 (big blind) collected ($0.02)
Seat 4: NessaCakes folded before Flop (didn't bet)
Seat 5: Dorex2007 folded before Flop (didn't bet)
Seat 6: S0CR4M folded before Flop (didn't bet)
Seat 7: Waluev93 folded before Flop (didn't bet)
Seat 8: dhabiles52 folded before Flop (didn't bet)
Seat 9: Artur16228 folded before Flop (didn't bet)



PokerStars Hand #223747426960:  Hold'em No Limit ($0.01/$0.02 USD) - 2021/02/12 19:30:50 PT [2021/02/12 22:30:50 ET]
Table 'Brabantia IV' 9-max Seat #2 is the button
Seat 1: shurik-ass ($2 in chips) 
Seat 2: Alisson_Luiz ($1.53 in chips) 
Seat 3: Achilles2582 ($2.30 in chips) 
Seat 4: NessaCakes ($1.92 in chips) 
Seat 5: Dorex2007 ($1.93 in chips) 
Seat 6: S0CR4M ($3.08 in chips) 
Seat 7: Waluev93 ($1.56 in chips) 
Seat 8: dhabiles52 ($1.90 in chips) 
Seat 9: Artur16228 ($1.96 in chips) 
Achilles2582: posts small blind $0.01
NessaCakes: posts big blind $0.02
*** HOLE CARDS ***
Dealt to Dorex2007 [Ts Jh]
Dorex2007: folds 
S0CR4M: folds 
Waluev93: raises $0.04 to $0.06
dhabiles52: folds 
Artur16228: folds 
shurik-ass: folds 
Alisson_Luiz: folds 
Achilles2582: folds 
NessaCakes: folds 
Uncalled bet ($0.04) returned to Waluev93
Waluev93 collected $0.05 from pot
Waluev93: doesn't show hand 
*** SUMMARY ***
Total pot $0.05 | Rake $0 
Seat 1: shurik-ass folded before Flop (didn't bet)
Seat 2: Alisson_Luiz (button) folded before Flop (didn't bet)
Seat 3: Achilles2582 (small blind) folded before Flop
Seat 4: NessaCakes (big blind) folded before Flop
Seat 5: Dorex2007 folded before Flop (didn't bet)
Seat 6: S0CR4M folded before Flop (didn't bet)
Seat 7: Waluev93 collected ($0.05)
Seat 8: dhabiles52 folded before Flop (didn't bet)
Seat 9: Artur16228 folded before Flop (didn't bet)



PokerStars Hand #223747437263:  Hold'em No Limit ($0.01/$0.02 USD) - 2021/02/12 19:31:19 PT [2021/02/12 22:31:19 ET]
Table 'Brabantia IV' 9-max Seat #3 is the button
Seat 1: shurik-ass ($2 in chips) 
Seat 2: Alisson_Luiz ($1.53 in chips) 
Seat 3: Achilles2582 ($2.29 in chips) 
Seat 4: NessaCakes ($1.90 in chips) 
Seat 5: Dorex2007 ($1.93 in chips) 
Seat 6: S0CR4M ($3.08 in chips) 
Seat 7: Waluev93 ($1.59 in chips) 
Seat 8: dhabiles52 ($1.90 in chips) 
Seat 9: Artur16228 ($1.96 in chips) 
NessaCakes: posts small blind $0.01
Dorex2007: posts big blind $0.02
*** HOLE CARDS ***
Dealt to Dorex2007 [Kc Jd]
S0CR4M: folds 
Waluev93: raises $0.05 to $0.07
S0CR4M leaves the table
dhabiles52: calls $0.07
Artur16228: folds 
shurik-ass: folds 
Alisson_Luiz: folds 
Achilles2582: folds 
NessaCakes: folds 
Dorex2007: folds 
*** FLOP *** [Jc 7s 3d]
Waluev93: bets $0.22
dhabiles52: folds 
Uncalled bet ($0.22) returned to Waluev93
Waluev93 collected $0.16 from pot
Waluev93: doesn't show hand 
*** SUMMARY ***
Total pot $0.17 | Rake $0.01 
Board [Jc 7s 3d]
Seat 1: shurik-ass folded before Flop (didn't bet)
Seat 2: Alisson_Luiz folded before Flop (didn't bet)
Seat 3: Achilles2582 (button) folded before Flop (didn't bet)
Seat 4: NessaCakes (small blind) folded before Flop
Seat 5: Dorex2007 (big blind) folded before Flop
Seat 6: S0CR4M folded before Flop (didn't bet)
Seat 7: Waluev93 collected ($0.16)
Seat 8: dhabiles52 folded on the Flop
Seat 9: Artur16228 folded before Flop (didn't bet)



PokerStars Hand #223747453571:  Hold'em No Limit ($0.01/$0.02 USD) - 2021/02/12 19:32:03 PT [2021/02/12 22:32:03 ET]
Table 'Brabantia IV' 9-max Seat #4 is the button
Seat 1: shurik-ass ($2 in chips) 
Seat 2: Alisson_Luiz ($1.53 in chips) 
Seat 3: Achilles2582 ($2.29 in chips) 
Seat 4: NessaCakes ($1.89 in chips) 
Seat 5: Dorex2007 ($1.91 in chips) 
Seat 7: Waluev93 ($1.68 in chips) 
Seat 8: dhabiles52 ($1.83 in chips) 
Seat 9: Artur16228 ($1.96 in chips) 
Dorex2007: posts small blind $0.01
Waluev93: posts big blind $0.02
*** HOLE CARDS ***
Dealt to Dorex2007 [9c 5c]
dhabiles52: raises $0.04 to $0.06
Artur16228: folds 
shurik-ass: folds 
Alisson_Luiz: folds 
Achilles2582: folds 
NessaCakes: folds 
Dorex2007: folds 
Waluev93: calls $0.04
*** FLOP *** [6s Th 5d]
Waluev93: checks 
dhabiles52: bets $0.10
Waluev93: calls $0.10
*** TURN *** [6s Th 5d] [Jd]
Waluev93: checks 
dhabiles52: checks 
*** RIVER *** [6s Th 5d Jd] [Qs]
Waluev93: checks 
thgfer joins the table at seat #6 
dhabiles52: bets $0.25
Waluev93: folds 
Uncalled bet ($0.25) returned to dhabiles52
dhabiles52 collected $0.32 from pot
dhabiles52: doesn't show hand 
*** SUMMARY ***
Total pot $0.33 | Rake $0.01 
Board [6s Th 5d Jd Qs]
Seat 1: shurik-ass folded before Flop (didn't bet)
Seat 2: Alisson_Luiz folded before Flop (didn't bet)
Seat 3: Achilles2582 folded before Flop (didn't bet)
Seat 4: NessaCakes (button) folded before Flop (didn't bet)
Seat 5: Dorex2007 (small blind) folded before Flop
Seat 7: Waluev93 (big blind) folded on the River
Seat 8: dhabiles52 collected ($0.32)
Seat 9: Artur16228 folded before Flop (didn't bet)



PokerStars Hand #223747474230:  Hold'em No Limit ($0.01/$0.02 USD) - 2021/02/12 19:33:01 PT [2021/02/12 22:33:01 ET]
Table 'Brabantia IV' 9-max Seat #5 is the button
Seat 1: shurik-ass ($2 in chips) 
Seat 2: Alisson_Luiz ($1.53 in chips) 
Seat 3: Achilles2582 ($2.29 in chips) 
Seat 4: NessaCakes ($1.89 in chips) 
Seat 5: Dorex2007 ($1.90 in chips) 
Seat 7: Waluev93 ($1.52 in chips) 
Seat 8: dhabiles52 ($1.99 in chips) 
Seat 9: Artur16228 ($1.96 in chips) 
Waluev93: posts small blind $0.01
dhabiles52: posts big blind $0.02
*** HOLE CARDS ***
Dealt to Dorex2007 [3c 9s]
Artur16228: folds 
shurik-ass: folds 
Alisson_Luiz: folds 
Achilles2582: folds 
NessaCakes: folds 
Dorex2007: folds 
Waluev93: folds 
Uncalled bet ($0.01) returned to dhabiles52
dhabiles52 collected $0.02 from pot
dhabiles52: doesn't show hand 
*** SUMMARY ***
Total pot $0.02 | Rake $0 
Seat 1: shurik-ass folded before Flop (didn't bet)
Seat 2: Alisson_Luiz folded before Flop (didn't bet)
Seat 3: Achilles2582 folded before Flop (didn't bet)
Seat 4: NessaCakes folded before Flop (didn't bet)
Seat 5: Dorex2007 (button) folded before Flop (didn't bet)
Seat 7: Waluev93 (small blind) folded before Flop
Seat 8: dhabiles52 (big blind) collected ($0.02)
Seat 9: Artur16228 folded before Flop (didn't bet)



PokerStars Hand #223747477814:  Hold'em No Limit ($0.01/$0.02 USD) - 2021/02/12 19:33:11 PT [2021/02/12 22:33:11 ET]
Table 'Brabantia IV' 9-max Seat #7 is the button
Seat 1: shurik-ass ($2 in chips) 
Seat 2: Alisson_Luiz ($1.53 in chips) 
Seat 3: Achilles2582 ($2.29 in chips) 
Seat 4: NessaCakes ($1.89 in chips) 
Seat 5: Dorex2007 ($1.90 in chips) 
Seat 7: Waluev93 ($1.51 in chips) 
Seat 8: dhabiles52 ($2 in chips) 
Seat 9: Artur16228 ($1.96 in chips) 
dhabiles52: posts small blind $0.01
Artur16228: posts big blind $0.02
thgfer: sits out 
*** HOLE CARDS ***
Dealt to Dorex2007 [3d Kh]
shurik-ass: folds 
Alisson_Luiz: folds 
Achilles2582: folds 
NessaCakes: calls $0.02
Dorex2007: folds 
Waluev93 has timed out
Waluev93: folds 
dhabiles52: calls $0.01
Artur16228: checks 
*** FLOP *** [Js 3s 5c]
dhabiles52: checks 
Artur16228: checks 
NessaCakes: bets $0.02
dhabiles52: folds 
Artur16228: calls $0.02
*** TURN *** [Js 3s 5c] [6c]
Artur16228: bets $0.10
NessaCakes: raises $0.10 to $0.20
Artur16228: raises $0.10 to $0.30
NessaCakes: calls $0.10
*** RIVER *** [Js 3s 5c 6c] [5s]
Artur16228: bets $0.34
NessaCakes: raises $0.68 to $1.02
Artur16228: calls $0.68
*** SHOW DOWN ***
NessaCakes: shows [Th Ts] (two pair, Tens and Fives)
Artur16228: shows [4s 7s] (a flush, Jack high)
Artur16228 collected $2.64 from pot
*** SUMMARY ***
Total pot $2.74 | Rake $0.10 
Board [Js 3s 5c 6c 5s]
Seat 1: shurik-ass folded before Flop (didn't bet)
Seat 2: Alisson_Luiz folded before Flop (didn't bet)
Seat 3: Achilles2582 folded before Flop (didn't bet)
Seat 4: NessaCakes showed [Th Ts] and lost with two pair, Tens and Fives
Seat 5: Dorex2007 folded before Flop (didn't bet)
Seat 7: Waluev93 (button) folded before Flop (didn't bet)
Seat 8: dhabiles52 (small blind) folded on the Flop
Seat 9: Artur16228 (big blind) showed [4s 7s] and won ($2.64) with a flush, Jack high



PokerStars Hand #223747509469:  Hold'em No Limit ($0.01/$0.02 USD) - 2021/02/12 19:34:39 PT [2021/02/12 22:34:39 ET]
Table 'Brabantia IV' 9-max Seat #8 is the button
Seat 2: Alisson_Luiz ($1.53 in chips) 
Seat 3: Achilles2582 ($2.29 in chips) 
Seat 4: NessaCakes ($0.53 in chips) 
Seat 5: Dorex2007 ($1.90 in chips) 
Seat 6: thgfer ($1 in chips) 
Seat 7: Waluev93 ($1.51 in chips) 
Seat 8: dhabiles52 ($1.98 in chips) 
Seat 9: Artur16228 ($3.24 in chips) 
Artur16228: posts small blind $0.01
shurik-ass: is sitting out 
Alisson_Luiz: posts big blind $0.02
thgfer: posts big blind $0.02
*** HOLE CARDS ***
Dealt to Dorex2007 [Kd Ah]
Achilles2582: folds 
NessaCakes: folds 
Dorex2007: raises $0.02 to $0.04
thgfer: folds 
Waluev93: folds 
dhabiles52: folds 
dhabiles52 leaves the table
Artur16228: folds 
Alisson_Luiz: calls $0.02
*** FLOP *** [9s 2d 9d]
shurik-ass leaves the table
Alisson_Luiz: bets $0.04
Dorex2007: calls $0.04
*** TURN *** [9s 2d 9d] [3h]
Alisson_Luiz: bets $0.08
Dorex2007: calls $0.08
*** RIVER *** [9s 2d 9d 3h] [3c]
Alisson_Luiz: checks 
Dorex2007: bets $0.17
Alisson_Luiz: folds 
Uncalled bet ($0.17) returned to Dorex2007
Dorex2007 collected $0.34 from pot
Dorex2007: doesn't show hand 
*** SUMMARY ***
Total pot $0.35 | Rake $0.01 
Board [9s 2d 9d 3h 3c]
Seat 2: Alisson_Luiz (big blind) folded on the River
Seat 3: Achilles2582 folded before Flop (didn't bet)
Seat 4: NessaCakes folded before Flop (didn't bet)
Seat 5: Dorex2007 collected ($0.34)
Seat 6: thgfer folded before Flop (didn't bet)
Seat 7: Waluev93 folded before Flop (didn't bet)
Seat 8: dhabiles52 (button) folded before Flop (didn't bet)
Seat 9: Artur16228 (small blind) folded before Flop



PokerStars Hand #223747523987:  Hold'em No Limit ($0.01/$0.02 USD) - 2021/02/12 19:35:19 PT [2021/02/12 22:35:19 ET]
Table 'Brabantia IV' 9-max Seat #9 is the button
Seat 2: Alisson_Luiz ($1.37 in chips) 
Seat 3: Achilles2582 ($2.29 in chips) 
Seat 4: NessaCakes ($0.53 in chips) 
Seat 5: Dorex2007 ($2.08 in chips) 
Seat 6: thgfer ($0.98 in chips) 
Seat 7: Waluev93 ($1.51 in chips) 
Seat 9: Artur16228 ($3.23 in chips) 
Alisson_Luiz: posts small blind $0.01
Achilles2582: posts big blind $0.02
*** HOLE CARDS ***
Dealt to Dorex2007 [Ad Jd]
NessaCakes: folds 
Dorex2007: raises $0.02 to $0.04
thgfer: folds 
pocok11 joins the table at seat #1 
Mr.HHT joins the table at seat #8 
Waluev93: folds 
Artur16228: folds 
Alisson_Luiz: folds 
Achilles2582: calls $0.02
*** FLOP *** [5c 4c Qd]
Achilles2582: checks 
Dorex2007: bets $0.09
Achilles2582: folds 
Uncalled bet ($0.09) returned to Dorex2007
Dorex2007 collected $0.09 from pot
Dorex2007: doesn't show hand 
*** SUMMARY ***
Total pot $0.09 | Rake $0 
Board [5c 4c Qd]
Seat 2: Alisson_Luiz (small blind) folded before Flop
Seat 3: Achilles2582 (big blind) folded on the Flop
Seat 4: NessaCakes folded before Flop (didn't bet)
Seat 5: Dorex2007 collected ($0.09)
Seat 6: thgfer folded before Flop (didn't bet)
Seat 7: Waluev93 folded before Flop (didn't bet)
Seat 9: Artur16228 (button) folded before Flop (didn't bet)



PokerStars Hand #223747537098:  Hold'em No Limit ($0.01/$0.02 USD) - 2021/02/12 19:35:56 PT [2021/02/12 22:35:56 ET]
Table 'Brabantia IV' 9-max Seat #2 is the button
Seat 2: Alisson_Luiz ($1.36 in chips) 
Seat 3: Achilles2582 ($2.25 in chips) 
Seat 4: NessaCakes ($0.53 in chips) 
Seat 5: Dorex2007 ($2.13 in chips) 
Seat 6: thgfer ($0.98 in chips) 
Seat 7: Waluev93 ($1.51 in chips) 
Seat 9: Artur16228 ($3.23 in chips) 
Achilles2582: posts small blind $0.01
NessaCakes: posts big blind $0.02
Mr.HHT: sits out 
*** HOLE CARDS ***
Dealt to Dorex2007 [Qc 2d]
Dorex2007: folds 
thgfer: folds 
Waluev93: folds 
Artur16228: folds 
Alisson_Luiz: raises $0.06 to $0.08
Achilles2582: calls $0.07
NessaCakes: calls $0.06
*** FLOP *** [3c 4s 6c]
Achilles2582: checks 
NessaCakes: checks 
Alisson_Luiz: bets $1.28 and is all-in
Achilles2582: folds 
NessaCakes: folds 
Uncalled bet ($1.28) returned to Alisson_Luiz
Alisson_Luiz collected $0.23 from pot
Alisson_Luiz: doesn't show hand 
*** SUMMARY ***
Total pot $0.24 | Rake $0.01 
Board [3c 4s 6c]
Seat 2: Alisson_Luiz (button) collected ($0.23)
Seat 3: Achilles2582 (small blind) folded on the Flop
Seat 4: NessaCakes (big blind) folded on the Flop
Seat 5: Dorex2007 folded before Flop (didn't bet)
Seat 6: thgfer folded before Flop (didn't bet)
Seat 7: Waluev93 folded before Flop (didn't bet)
Seat 9: Artur16228 folded before Flop (didn't bet)



PokerStars Hand #223747551816:  Hold'em No Limit ($0.01/$0.02 USD) - 2021/02/12 19:36:37 PT [2021/02/12 22:36:37 ET]
Table 'Brabantia IV' 9-max Seat #3 is the button
Seat 2: Alisson_Luiz ($1.51 in chips) 
Seat 3: Achilles2582 ($2.17 in chips) 
Seat 4: NessaCakes ($0.45 in chips) 
Seat 5: Dorex2007 ($2.13 in chips) 
Seat 6: thgfer ($0.98 in chips) 
Seat 7: Waluev93 ($1.51 in chips) 
Seat 9: Artur16228 ($3.23 in chips) 
NessaCakes: posts small blind $0.01
Dorex2007: posts big blind $0.02
Mr.HHT: sits out 
*** HOLE CARDS ***
Dealt to Dorex2007 [8s 4s]
thgfer: folds 
Waluev93: folds 
Artur16228: folds 
Alisson_Luiz: raises $0.04 to $0.06
Achilles2582: folds 
NessaCakes: folds 
Dorex2007: folds 
Uncalled bet ($0.04) returned to Alisson_Luiz
Alisson_Luiz collected $0.05 from pot
Alisson_Luiz: doesn't show hand 
*** SUMMARY ***
Total pot $0.05 | Rake $0 
Seat 2: Alisson_Luiz collected ($0.05)
Seat 3: Achilles2582 (button) folded before Flop (didn't bet)
Seat 4: NessaCakes (small blind) folded before Flop
Seat 5: Dorex2007 (big blind) folded before Flop
Seat 6: thgfer folded before Flop (didn't bet)
Seat 7: Waluev93 folded before Flop (didn't bet)
Seat 9: Artur16228 folded before Flop (didn't bet)



PokerStars Hand #223747562594:  Hold'em No Limit ($0.01/$0.02 USD) - 2021/02/12 19:37:07 PT [2021/02/12 22:37:07 ET]
Table 'Brabantia IV' 9-max Seat #4 is the button
Seat 2: Alisson_Luiz ($1.54 in chips) 
Seat 3: Achilles2582 ($2.17 in chips) 
Seat 4: NessaCakes ($0.44 in chips) 
Seat 5: Dorex2007 ($2.11 in chips) 
Seat 6: thgfer ($0.98 in chips) 
Seat 7: Waluev93 ($1.51 in chips) 
Seat 9: Artur16228 ($3.23 in chips) 
Dorex2007: posts small blind $0.01
thgfer: posts big blind $0.02
Mr.HHT: sits out 
*** HOLE CARDS ***
Dealt to Dorex2007 [2d 5h]
Waluev93: folds 
Artur16228: folds 
Alisson_Luiz: folds 
Achilles2582: folds 
NessaCakes: folds 
Dorex2007: folds 
Uncalled bet ($0.01) returned to thgfer
thgfer collected $0.02 from pot
thgfer: doesn't show hand 
*** SUMMARY ***
Total pot $0.02 | Rake $0 
Seat 2: Alisson_Luiz folded before Flop (didn't bet)
Seat 3: Achilles2582 folded before Flop (didn't bet)
Seat 4: NessaCakes (button) folded before Flop (didn't bet)
Seat 5: Dorex2007 (small blind) folded before Flop
Seat 6: thgfer (big blind) collected ($0.02)
Seat 7: Waluev93 folded before Flop (didn't bet)
Seat 9: Artur16228 folded before Flop (didn't bet)



PokerStars Hand #223747568770:  Hold'em No Limit ($0.01/$0.02 USD) - 2021/02/12 19:37:25 PT [2021/02/12 22:37:25 ET]
Table 'Brabantia IV' 9-max Seat #5 is the button
Seat 2: Alisson_Luiz ($1.54 in chips) 
Seat 3: Achilles2582 ($2.17 in chips) 
Seat 4: NessaCakes ($0.44 in chips) 
Seat 5: Dorex2007 ($2.10 in chips) 
Seat 6: thgfer ($0.99 in chips) 
Seat 7: Waluev93 ($1.51 in chips) 
Seat 9: Artur16228 ($3.23 in chips) 
thgfer: posts small blind $0.01
Waluev93: posts big blind $0.02
Mr.HHT: sits out 
*** HOLE CARDS ***
Dealt to Dorex2007 [Ah Ac]
Artur16228: folds 
Alisson_Luiz: folds 
Achilles2582: folds 
NessaCakes: folds 
Dorex2007: raises $0.04 to $0.06
thgfer: raises $0.06 to $0.12
Waluev93: folds 
Dorex2007: raises $0.12 to $0.24
thgfer: raises $0.75 to $0.99 and is all-in
Dorex2007: calls $0.75
*** FLOP *** [5h 4d 3d]
*** TURN *** [5h 4d 3d] [Td]
*** RIVER *** [5h 4d 3d Td] [7s]
*** SHOW DOWN ***
thgfer: shows [Qs Qh] (a pair of Queens)
Dorex2007: shows [Ah Ac] (a pair of Aces)
Dorex2007 collected $1.93 from pot
*** SUMMARY ***
Total pot $2 | Rake $0.07 
Board [5h 4d 3d Td 7s]
Seat 2: Alisson_Luiz folded before Flop (didn't bet)
Seat 3: Achilles2582 folded before Flop (didn't bet)
Seat 4: NessaCakes folded before Flop (didn't bet)
Seat 5: Dorex2007 (button) showed [Ah Ac] and won ($1.93) with a pair of Aces
Seat 6: thgfer (small blind) showed [Qs Qh] and lost with a pair of Queens
Seat 7: Waluev93 (big blind) folded before Flop
Seat 9: Artur16228 folded before Flop (didn't bet)



PokerStars Hand #223747603225:  Hold'em No Limit ($0.01/$0.02 USD) - 2021/02/12 19:38:37 PT [2021/02/12 22:38:37 ET]
Table 'Brabantia IV' 9-max Seat #7 is the button
Seat 2: Alisson_Luiz ($1.54 in chips) 
Seat 3: Achilles2582 ($2.17 in chips) 
Seat 4: NessaCakes ($0.44 in chips) 
Seat 5: Dorex2007 ($3.04 in chips) 
Seat 7: Waluev93 ($1.49 in chips) 
Seat 9: Artur16228 ($3.23 in chips) 
Artur16228: posts small blind $0.01
Alisson_Luiz: posts big blind $0.02
*** HOLE CARDS ***
Dealt to Dorex2007 [Jd Qs]
Achilles2582: folds 
NessaCakes: folds 
Dorex2007: calls $0.02
Waluev93: raises $0.02 to $0.04
Artur16228: folds 
Alisson_Luiz: folds 
Dorex2007: calls $0.02
*** FLOP *** [Ac 9d 5s]
Dorex2007: checks 
Waluev93: checks 
*** TURN *** [Ac 9d 5s] [2c]
Dorex2007: checks 
Waluev93: bets $0.04
Dorex2007: folds 
Uncalled bet ($0.04) returned to Waluev93
Waluev93 collected $0.11 from pot
Waluev93: doesn't show hand 
*** SUMMARY ***
Total pot $0.11 | Rake $0 
Board [Ac 9d 5s 2c]
Seat 2: Alisson_Luiz (big blind) folded before Flop
Seat 3: Achilles2582 folded before Flop (didn't bet)
Seat 4: NessaCakes folded before Flop (didn't bet)
Seat 5: Dorex2007 folded on the Turn
Seat 7: Waluev93 (button) collected ($0.11)
Seat 9: Artur16228 (small blind) folded before Flop



PokerStars Hand #223747615998:  Hold'em No Limit ($0.01/$0.02 USD) - 2021/02/12 19:39:13 PT [2021/02/12 22:39:13 ET]
Table 'Brabantia IV' 9-max Seat #9 is the button
Seat 2: Alisson_Luiz ($1.52 in chips) 
Seat 3: Achilles2582 ($2.17 in chips) 
Seat 4: NessaCakes ($1.52 in chips) 
Seat 5: Dorex2007 ($3 in chips) 
Seat 6: thgfer ($1 in chips) 
Seat 7: Waluev93 ($1.56 in chips) 
Seat 9: Artur16228 ($3.22 in chips) 
Alisson_Luiz: posts small blind $0.01
Achilles2582: posts big blind $0.02
Mr.HHT: sits out 
*** HOLE CARDS ***
Dealt to Dorex2007 [As 4c]
NessaCakes: folds 
Dorex2007: folds 
thgfer: folds 
Waluev93: folds 
Artur16228: folds 
Alisson_Luiz: folds 
Uncalled bet ($0.01) returned to Achilles2582
Achilles2582 collected $0.02 from pot
*** SUMMARY ***
Total pot $0.02 | Rake $0 
Seat 2: Alisson_Luiz (small blind) folded before Flop
Seat 3: Achilles2582 (big blind) collected ($0.02)
Seat 4: NessaCakes folded before Flop (didn't bet)
Seat 5: Dorex2007 folded before Flop (didn't bet)
Seat 6: thgfer folded before Flop (didn't bet)
Seat 7: Waluev93 folded before Flop (didn't bet)
Seat 9: Artur16228 (button) folded before Flop (didn't bet)



PokerStars Hand #223747622691:  Hold'em No Limit ($0.01/$0.02 USD) - 2021/02/12 19:39:32 PT [2021/02/12 22:39:32 ET]
Table 'Brabantia IV' 9-max Seat #2 is the button
Seat 2: Alisson_Luiz ($1.51 in chips) 
Seat 3: Achilles2582 ($2.18 in chips) 
Seat 4: NessaCakes ($1.52 in chips) 
Seat 5: Dorex2007 ($3 in chips) 
Seat 6: thgfer ($1 in chips) 
Seat 7: Waluev93 ($1.56 in chips) 
Seat 9: Artur16228 ($3.22 in chips) 
Achilles2582: posts small blind $0.01
NessaCakes: posts big blind $0.02
Mr.HHT: sits out 
*** HOLE CARDS ***
Dealt to Dorex2007 [As Tc]
Dorex2007: raises $0.04 to $0.06
thgfer: folds 
Waluev93: folds 
Artur16228: calls $0.06
Alisson_Luiz: folds 
Achilles2582: folds 
NessaCakes: folds 
*** FLOP *** [9c 8d 6c]
Dorex2007: bets $0.07
Artur16228: folds 
Uncalled bet ($0.07) returned to Dorex2007
Dorex2007 collected $0.14 from pot
Dorex2007: doesn't show hand 
*** SUMMARY ***
Total pot $0.15 | Rake $0.01 
Board [9c 8d 6c]
Seat 2: Alisson_Luiz (button) folded before Flop (didn't bet)
Seat 3: Achilles2582 (small blind) folded before Flop
Seat 4: NessaCakes (big blind) folded before Flop
Seat 5: Dorex2007 collected ($0.14)
Seat 6: thgfer folded before Flop (didn't bet)
Seat 7: Waluev93 folded before Flop (didn't bet)
Seat 9: Artur16228 folded on the Flop



PokerStars Hand #223747636254:  Hold'em No Limit ($0.01/$0.02 USD) - 2021/02/12 19:40:05 PT [2021/02/12 22:40:05 ET]
Table 'Brabantia IV' 9-max Seat #3 is the button
Seat 2: Alisson_Luiz ($1.51 in chips) 
Seat 3: Achilles2582 ($2.17 in chips) 
Seat 4: NessaCakes ($1.50 in chips) 
Seat 5: Dorex2007 ($3.08 in chips) 
Seat 6: thgfer ($1 in chips) 
Seat 7: Waluev93 ($1.56 in chips) 
Seat 9: Artur16228 ($3.16 in chips) 
NessaCakes: posts small blind $0.01
Dorex2007: posts big blind $0.02
Mr.HHT: sits out 
*** HOLE CARDS ***
Dealt to Dorex2007 [9s Jd]
thgfer: folds 
Waluev93: raises $0.04 to $0.06
Artur16228: folds 
Alisson_Luiz: folds 
Achilles2582: folds 
NessaCakes: folds 
Dorex2007: folds 
Uncalled bet ($0.04) returned to Waluev93
Waluev93 collected $0.05 from pot
Waluev93: doesn't show hand 
*** SUMMARY ***
Total pot $0.05 | Rake $0 
Seat 2: Alisson_Luiz folded before Flop (didn't bet)
Seat 3: Achilles2582 (button) folded before Flop (didn't bet)
Seat 4: NessaCakes (small blind) folded before Flop
Seat 5: Dorex2007 (big blind) folded before Flop
Seat 6: thgfer folded before Flop (didn't bet)
Seat 7: Waluev93 collected ($0.05)
Seat 9: Artur16228 folded before Flop (didn't bet)



PokerStars Hand #223747646151:  Hold'em No Limit ($0.01/$0.02 USD) - 2021/02/12 19:40:33 PT [2021/02/12 22:40:33 ET]
Table 'Brabantia IV' 9-max Seat #4 is the button
Seat 2: Alisson_Luiz ($1.51 in chips) 
Seat 3: Achilles2582 ($2.17 in chips) 
Seat 4: NessaCakes ($1.49 in chips) 
Seat 5: Dorex2007 ($3.06 in chips) 
Seat 6: thgfer ($1 in chips) 
Seat 7: Waluev93 ($1.59 in chips) 
Seat 9: Artur16228 ($3.16 in chips) 
Dorex2007: posts small blind $0.01
thgfer: posts big blind $0.02
Mr.HHT: sits out 
*** HOLE CARDS ***
Dealt to Dorex2007 [6d 3h]
Waluev93: calls $0.02
Artur16228: folds 
Alisson_Luiz: folds 
Achilles2582: folds 
NessaCakes: calls $0.02
Dorex2007: folds 
thgfer: checks 
*** FLOP *** [5h 8d 4h]
thgfer: checks 
Waluev93: bets $0.06
NessaCakes: folds 
thgfer: folds 
Uncalled bet ($0.06) returned to Waluev93
Waluev93 collected $0.07 from pot
Waluev93: doesn't show hand 
*** SUMMARY ***
Total pot $0.07 | Rake $0 
Board [5h 8d 4h]
Seat 2: Alisson_Luiz folded before Flop (didn't bet)
Seat 3: Achilles2582 folded before Flop (didn't bet)
Seat 4: NessaCakes (button) folded on the Flop
Seat 5: Dorex2007 (small blind) folded before Flop
Seat 6: thgfer (big blind) folded on the Flop
Seat 7: Waluev93 collected ($0.07)
Seat 9: Artur16228 folded before Flop (didn't bet)



PokerStars Hand #223747662257:  Hold'em No Limit ($0.01/$0.02 USD) - 2021/02/12 19:41:19 PT [2021/02/12 22:41:19 ET]
Table 'Brabantia IV' 9-max Seat #5 is the button
Seat 2: Alisson_Luiz ($1.51 in chips) 
Seat 3: Achilles2582 ($2.17 in chips) 
Seat 4: NessaCakes ($1.47 in chips) 
Seat 5: Dorex2007 ($3.05 in chips) 
Seat 6: thgfer ($0.98 in chips) 
Seat 7: Waluev93 ($1.64 in chips) 
Seat 9: Artur16228 ($3.16 in chips) 
thgfer: posts small blind $0.01
Waluev93: posts big blind $0.02
Mr.HHT: sits out 
*** HOLE CARDS ***
Dealt to Dorex2007 [4h Jc]
Artur16228: folds 
Alisson_Luiz: raises $0.02 to $0.04
Achilles2582: folds 
NessaCakes: folds 
Dorex2007: folds 
thgfer: folds 
Waluev93: calls $0.02
*** FLOP *** [5h Ad Qc]
Waluev93: checks 
Alisson_Luiz: bets $0.04
Waluev93: calls $0.04
*** TURN *** [5h Ad Qc] [3s]
Waluev93: checks 
Alisson_Luiz: bets $0.08
Waluev93: calls $0.08
*** RIVER *** [5h Ad Qc 3s] [As]
Waluev93: checks 
Alisson_Luiz: bets $1.35 and is all-in
Waluev93: folds 
Uncalled bet ($1.35) returned to Alisson_Luiz
Alisson_Luiz collected $0.32 from pot
Alisson_Luiz: doesn't show hand 
*** SUMMARY ***
Total pot $0.33 | Rake $0.01 
Board [5h Ad Qc 3s As]
Seat 2: Alisson_Luiz collected ($0.32)
Seat 3: Achilles2582 folded before Flop (didn't bet)
Seat 4: NessaCakes folded before Flop (didn't bet)
Seat 5: Dorex2007 (button) folded before Flop (didn't bet)
Seat 6: thgfer (small blind) folded before Flop
Seat 7: Waluev93 (big blind) folded on the River
Seat 9: Artur16228 folded before Flop (didn't bet)



PokerStars Hand #223747716739:  Hold'em No Limit ($0.01/$0.02 USD) - 2021/02/12 19:43:53 PT [2021/02/12 22:43:53 ET]
Table 'Brabantia IV' 9-max Seat #9 is the button
Seat 2: Alisson_Luiz ($1.68 in chips) 
Seat 3: Achilles2582 ($2.17 in chips) 
Seat 4: NessaCakes ($1.47 in chips) 
Seat 5: Dorex2007 ($3.05 in chips) 
Seat 6: thgfer ($1.80 in chips) 
Seat 7: Waluev93 ($1.42 in chips) 
Seat 9: Artur16228 ($3.13 in chips) 
Alisson_Luiz: posts small blind $0.01
Achilles2582: posts big blind $0.02
*** HOLE CARDS ***
Dealt to Dorex2007 [7s 2c]
NessaCakes: calls $0.02
Dorex2007: folds 
thgfer: folds 
Waluev93: folds 
Artur16228: folds 
Alisson_Luiz: calls $0.01
Achilles2582: checks 
*** FLOP *** [8h 8s Kh]
Alisson_Luiz: bets $0.02
Achilles2582: calls $0.02
NessaCakes: folds 
*** TURN *** [8h 8s Kh] [4c]
Alisson_Luiz: bets $0.06
Achilles2582: calls $0.06
*** RIVER *** [8h 8s Kh 4c] [As]
Alisson_Luiz: checks 
Achilles2582: bets $0.12
Alisson_Luiz: calls $0.12
*** SHOW DOWN ***
Achilles2582: shows [5h 9h] (a pair of Eights)
Alisson_Luiz: shows [5d Ks] (two pair, Kings and Eights)
Alisson_Luiz collected $0.44 from pot
*** SUMMARY ***
Total pot $0.46 | Rake $0.02 
Board [8h 8s Kh 4c As]
Seat 2: Alisson_Luiz (small blind) showed [5d Ks] and won ($0.44) with two pair, Kings and Eights
Seat 3: Achilles2582 (big blind) showed [5h 9h] and lost with a pair of Eights
Seat 4: NessaCakes folded on the Flop
Seat 5: Dorex2007 folded before Flop (didn't bet)
Seat 6: thgfer folded before Flop (didn't bet)
Seat 7: Waluev93 folded before Flop (didn't bet)
Seat 9: Artur16228 (button) folded before Flop (didn't bet)



PokerStars Hand #223747742170:  Hold'em No Limit ($0.01/$0.02 USD) - 2021/02/12 19:44:46 PT [2021/02/12 22:44:46 ET]
Table 'Brabantia IV' 9-max Seat #2 is the button
Seat 2: Alisson_Luiz ($1.90 in chips) 
Seat 3: Achilles2582 ($1.95 in chips) 
Seat 4: NessaCakes ($1.45 in chips) 
Seat 5: Dorex2007 ($3.05 in chips) 
Seat 6: thgfer ($1.80 in chips) 
Seat 7: Waluev93 ($1.42 in chips) 
Seat 9: Artur16228 ($3.13 in chips) 
Achilles2582: posts small blind $0.01
NessaCakes: posts big blind $0.02
*** HOLE CARDS ***
Dealt to Dorex2007 [8h 7s]
Dorex2007: folds 
thgfer: folds 
Waluev93: calls $0.02
Artur16228: folds 
Alisson_Luiz: raises $0.02 to $0.04
Achilles2582: calls $0.03
NessaCakes: calls $0.02
Waluev93: calls $0.02
*** FLOP *** [2s 4h 9d]
Achilles2582: checks 
NessaCakes: bets $0.02
Waluev93: calls $0.02
Alisson_Luiz: calls $0.02
Achilles2582: calls $0.02
*** TURN *** [2s 4h 9d] [5d]
pkc_mexico joins the table at seat #1 
Achilles2582: bets $0.12
NessaCakes: folds 
Waluev93: calls $0.12
Alisson_Luiz: calls $0.12
*** RIVER *** [2s 4h 9d 5d] [Ah]
Achilles2582: bets $0.30
Waluev93: raises $0.30 to $0.60
Alisson_Luiz: folds 
Achilles2582: raises $1.17 to $1.77 and is all-in
Waluev93: calls $0.64 and is all-in
Uncalled bet ($0.53) returned to Achilles2582
*** SHOW DOWN ***
Achilles2582: shows [3d Qd] (a straight, Ace to Five)
Waluev93: shows [3s Ts] (a straight, Ace to Five)
Achilles2582 collected $1.49 from pot
Waluev93 collected $1.48 from pot
*** SUMMARY ***
Total pot $3.08 | Rake $0.11 
Board [2s 4h 9d 5d Ah]
Seat 2: Alisson_Luiz (button) folded on the River
Seat 3: Achilles2582 (small blind) showed [3d Qd] and won ($1.49) with a straight, Ace to Five
Seat 4: NessaCakes (big blind) folded on the Turn
Seat 5: Dorex2007 folded before Flop (didn't bet)
Seat 6: thgfer folded before Flop (didn't bet)
Seat 7: Waluev93 showed [3s Ts] and won ($1.48) with a straight, Ace to Five
Seat 9: Artur16228 folded before Flop (didn't bet)



PokerStars Hand #223747774071:  Hold'em No Limit ($0.01/$0.02 USD) - 2021/02/12 19:46:19 PT [2021/02/12 22:46:19 ET]
Table 'Brabantia IV' 9-max Seat #3 is the button
Seat 1: pkc_mexico ($0.80 in chips) 
Seat 2: Alisson_Luiz ($1.72 in chips) 
Seat 3: Achilles2582 ($2.02 in chips) 
Seat 4: NessaCakes ($1.39 in chips) 
Seat 5: Dorex2007 ($3.05 in chips) 
Seat 6: thgfer ($1.80 in chips) 
Seat 7: Waluev93 ($1.48 in chips) 
Seat 9: Artur16228 ($3.13 in chips) 
NessaCakes: posts small blind $0.01
Dorex2007: posts big blind $0.02
pkc_mexico: posts big blind $0.02
*** HOLE CARDS ***
Dealt to Dorex2007 [Kc 7c]
thgfer: folds 
Waluev93: raises $0.02 to $0.04
Artur16228: folds 
pkc_mexico: calls $0.02
Alisson_Luiz: calls $0.04
Achilles2582: calls $0.04
NessaCakes: folds 
Dorex2007: folds 
*** FLOP *** [6s 2c 5h]
Waluev93: checks 
pkc_mexico: bets $0.09
Alisson_Luiz: folds 
Achilles2582: folds 
Waluev93: calls $0.09
*** TURN *** [6s 2c 5h] [5d]
Waluev93: checks 
pkc_mexico: bets $0.18
Waluev93: folds 
Uncalled bet ($0.18) returned to pkc_mexico
pkc_mexico collected $0.36 from pot
pkc_mexico: doesn't show hand 
*** SUMMARY ***
Total pot $0.37 | Rake $0.01 
Board [6s 2c 5h 5d]
Seat 1: pkc_mexico collected ($0.36)
Seat 2: Alisson_Luiz folded on the Flop
Seat 3: Achilles2582 (button) folded on the Flop
Seat 4: NessaCakes (small blind) folded before Flop
Seat 5: Dorex2007 (big blind) folded before Flop
Seat 6: thgfer folded before Flop (didn't bet)
Seat 7: Waluev93 folded on the Turn
Seat 9: Artur16228 folded before Flop (didn't bet)



PokerStars Hand #223747811089:  Hold'em No Limit ($0.01/$0.02 USD) - 2021/02/12 19:47:47 PT [2021/02/12 22:47:47 ET]
Table 'Brabantia IV' 9-max Seat #4 is the button
Seat 1: pkc_mexico ($1.03 in chips) 
Seat 2: Alisson_Luiz ($1.68 in chips) 
Seat 3: Achilles2582 ($1.98 in chips) 
Seat 4: NessaCakes ($1.38 in chips) 
Seat 5: Dorex2007 ($3.03 in chips) 
Seat 6: thgfer ($1.80 in chips) 
Seat 7: Waluev93 ($1.35 in chips) 
Seat 9: Artur16228 ($3.13 in chips) 
Dorex2007: posts small blind $0.01
thgfer: posts big blind $0.02
*** HOLE CARDS ***
Dealt to Dorex2007 [Kh 4h]
Waluev93: folds 
Artur16228: folds 
pkc_mexico: calls $0.02
Waluev93 leaves the table
Alisson_Luiz: raises $0.02 to $0.04
Achilles2582: raises $0.13 to $0.17
NessaCakes: folds 
Dorex2007: folds 
thgfer: folds 
pkc_mexico: folds 
Alisson_Luiz: folds 
Uncalled bet ($0.13) returned to Achilles2582
Achilles2582 collected $0.13 from pot
*** SUMMARY ***
Total pot $0.13 | Rake $0 
Seat 1: pkc_mexico folded before Flop
Seat 2: Alisson_Luiz folded before Flop
Seat 3: Achilles2582 collected ($0.13)
Seat 4: NessaCakes (button) folded before Flop (didn't bet)
Seat 5: Dorex2007 (small blind) folded before Flop
Seat 6: thgfer (big blind) folded before Flop
Seat 7: Waluev93 folded before Flop (didn't bet)
Seat 9: Artur16228 folded before Flop (didn't bet)



PokerStars Hand #223747820716:  Hold'em No Limit ($0.01/$0.02 USD) - 2021/02/12 19:48:15 PT [2021/02/12 22:48:15 ET]
Table 'Brabantia IV' 9-max Seat #5 is the button
Seat 1: pkc_mexico ($1.01 in chips) 
Seat 2: Alisson_Luiz ($1.64 in chips) 
Seat 3: Achilles2582 ($2.07 in chips) 
Seat 4: NessaCakes ($1.38 in chips) 
Seat 5: Dorex2007 ($3.02 in chips) 
Seat 6: thgfer ($1.78 in chips) 
Seat 9: Artur16228 ($3.13 in chips) 
thgfer: posts small blind $0.01
Artur16228: posts big blind $0.02
*** HOLE CARDS ***
Dealt to Dorex2007 [4h 8h]
frankylane joins the table at seat #7 
pkc_mexico: calls $0.02
Alisson_Luiz: folds 
Achilles2582: folds 
NessaCakes: folds 
Dorex2007: raises $0.04 to $0.06
thgfer: folds 
Artur16228: folds 
pkc_mexico: calls $0.04
*** FLOP *** [Qh 6c Th]
pkc_mexico: checks 
Dorex2007: bets $0.14
Mr.HHT leaves the table
pkc_mexico: folds 
Uncalled bet ($0.14) returned to Dorex2007
Dorex2007 collected $0.14 from pot
Dorex2007: doesn't show hand 
*** SUMMARY ***
Total pot $0.15 | Rake $0.01 
Board [Qh 6c Th]
Seat 1: pkc_mexico folded on the Flop
Seat 2: Alisson_Luiz folded before Flop (didn't bet)
Seat 3: Achilles2582 folded before Flop (didn't bet)
Seat 4: NessaCakes folded before Flop (didn't bet)
Seat 5: Dorex2007 (button) collected ($0.14)
Seat 6: thgfer (small blind) folded before Flop
Seat 9: Artur16228 (big blind) folded before Flop



PokerStars Hand #223747830016:  Hold'em No Limit ($0.01/$0.02 USD) - 2021/02/12 19:48:42 PT [2021/02/12 22:48:42 ET]
Table 'Brabantia IV' 9-max Seat #6 is the button
Seat 1: pkc_mexico ($0.95 in chips) 
Seat 2: Alisson_Luiz ($1.64 in chips) 
Seat 3: Achilles2582 ($2.07 in chips) 
Seat 4: NessaCakes ($1.38 in chips) 
Seat 5: Dorex2007 ($3.10 in chips) 
Seat 6: thgfer ($1.77 in chips) 
Seat 9: Artur16228 ($3.11 in chips) 
Artur16228: posts small blind $0.01
pkc_mexico: posts big blind $0.02
*** HOLE CARDS ***
Dealt to Dorex2007 [9d 4s]
Alisson_Luiz: folds 
Achilles2582: raises $0.05 to $0.07
NessaCakes: folds 
maxkxi joins the table at seat #8 
Dorex2007: folds 
thgfer: folds 
Artur16228: folds 
pkc_mexico: calls $0.05
*** FLOP *** [7h Qd 7c]
pkc_mexico: bets $0.07
Achilles2582: raises $0.07 to $0.14
pkc_mexico: raises $0.74 to $0.88 and is all-in
Achilles2582: calls $0.74
*** TURN *** [7h Qd 7c] [Ah]
*** RIVER *** [7h Qd 7c Ah] [Jd]
*** SHOW DOWN ***
pkc_mexico: shows [Qh 5s] (two pair, Queens and Sevens)
Achilles2582: shows [Ac Qc] (two pair, Aces and Queens)
Achilles2582 collected $1.84 from pot
*** SUMMARY ***
Total pot $1.91 | Rake $0.07 
Board [7h Qd 7c Ah Jd]
Seat 1: pkc_mexico (big blind) showed [Qh 5s] and lost with two pair, Queens and Sevens
Seat 2: Alisson_Luiz folded before Flop (didn't bet)
Seat 3: Achilles2582 showed [Ac Qc] and won ($1.84) with two pair, Aces and Queens
Seat 4: NessaCakes folded before Flop (didn't bet)
Seat 5: Dorex2007 folded before Flop (didn't bet)
Seat 6: thgfer (button) folded before Flop (didn't bet)
Seat 9: Artur16228 (small blind) folded before Flop



PokerStars Hand #223747846454:  Hold'em No Limit ($0.01/$0.02 USD) - 2021/02/12 19:49:31 PT [2021/02/12 22:49:31 ET]
Table 'Brabantia IV' 9-max Seat #9 is the button
Seat 2: Alisson_Luiz ($1.64 in chips) 
Seat 3: Achilles2582 ($2.96 in chips) 
Seat 4: NessaCakes ($1.38 in chips) 
Seat 5: Dorex2007 ($3.10 in chips) 
Seat 6: thgfer ($1.77 in chips) 
Seat 8: maxkxi ($1.20 in chips) 
Seat 9: Artur16228 ($3.10 in chips) 
Alisson_Luiz: posts small blind $0.01
Achilles2582: posts big blind $0.02
frankylane: sits out 
maxkxi: posts big blind $0.02
*** HOLE CARDS ***
Dealt to Dorex2007 [7d 2s]
NessaCakes: raises $0.08 to $0.10
Dorex2007: folds 
thgfer: folds 
maxkxi: folds 
Artur16228: folds 
Alisson_Luiz: folds 
Achilles2582: calls $0.08
*** FLOP *** [Ad 9c Ah]
Achilles2582: checks 
NessaCakes: bets $0.11
Achilles2582: folds 
Uncalled bet ($0.11) returned to NessaCakes
NessaCakes collected $0.22 from pot
NessaCakes: doesn't show hand 
*** SUMMARY ***
Total pot $0.23 | Rake $0.01 
Board [Ad 9c Ah]
Seat 2: Alisson_Luiz (small blind) folded before Flop
Seat 3: Achilles2582 (big blind) folded on the Flop
Seat 4: NessaCakes collected ($0.22)
Seat 5: Dorex2007 folded before Flop (didn't bet)
Seat 6: thgfer folded before Flop (didn't bet)
Seat 8: maxkxi folded before Flop (didn't bet)
Seat 9: Artur16228 (button) folded before Flop (didn't bet)



PokerStars Hand #223747856371:  Hold'em No Limit ($0.01/$0.02 USD) - 2021/02/12 19:50:00 PT [2021/02/12 22:50:00 ET]
Table 'Brabantia IV' 9-max Seat #2 is the button
Seat 1: pkc_mexico ($0.80 in chips) 
Seat 2: Alisson_Luiz ($1.63 in chips) 
Seat 3: Achilles2582 ($2.86 in chips) 
Seat 4: NessaCakes ($1.50 in chips) 
Seat 5: Dorex2007 ($3.10 in chips) 
Seat 6: thgfer ($1.77 in chips) 
Seat 8: maxkxi ($1.18 in chips) 
Seat 9: Artur16228 ($3.10 in chips) 
Achilles2582: posts small blind $0.01
NessaCakes: posts big blind $0.02
frankylane: sits out 
pkc_mexico: posts small blind $0.01
*** HOLE CARDS ***
Dealt to Dorex2007 [Ts Kh]
Dorex2007: folds 
thgfer: calls $0.02
maxkxi: folds 
Artur16228: folds 
pkc_mexico: calls $0.02
Alisson_Luiz: folds 
Achilles2582: calls $0.01
NessaCakes: checks 
*** FLOP *** [9s Td 6s]
Achilles2582: checks 
NessaCakes: checks 
thgfer: checks 
pkc_mexico: checks 
*** TURN *** [9s Td 6s] [Js]
Achilles2582: checks 
NessaCakes: checks 
thgfer: checks 
pkc_mexico: checks 
*** RIVER *** [9s Td 6s Js] [4c]
Achilles2582: checks 
NessaCakes: checks 
thgfer: checks 
pkc_mexico: checks 
*** SHOW DOWN ***
Achilles2582: shows [5h 9d] (a pair of Nines)
NessaCakes: mucks hand 
thgfer: mucks hand 
pkc_mexico: mucks hand 
Achilles2582 collected $0.09 from pot
*** SUMMARY ***
Total pot $0.09 | Rake $0 
Board [9s Td 6s Js 4c]
Seat 1: pkc_mexico mucked [Ad 8c]
Seat 2: Alisson_Luiz (button) folded before Flop (didn't bet)
Seat 3: Achilles2582 (small blind) showed [5h 9d] and won ($0.09) with a pair of Nines
Seat 4: NessaCakes (big blind) mucked [Qc 5d]
Seat 5: Dorex2007 folded before Flop (didn't bet)
Seat 6: thgfer mucked [7c 7d]
Seat 8: maxkxi folded before Flop (didn't bet)
Seat 9: Artur16228 folded before Flop (didn't bet)



PokerStars Hand #223747900519:  Hold'em No Limit ($0.01/$0.02 USD) - 2021/02/12 19:52:09 PT [2021/02/12 22:52:09 ET]
Table 'Brabantia IV' 9-max Seat #3 is the button
Seat 1: pkc_mexico ($0.77 in chips) 
Seat 2: Alisson_Luiz ($1.63 in chips) 
Seat 3: Achilles2582 ($2.93 in chips) 
Seat 4: NessaCakes ($1.48 in chips) 
Seat 5: Dorex2007 ($3.10 in chips) 
Seat 6: thgfer ($1.75 in chips) 
Seat 7: frankylane ($1.60 in chips) 
Seat 8: maxkxi ($1.18 in chips) 
Seat 9: Artur16228 ($3.10 in chips) 
NessaCakes: posts small blind $0.01
Dorex2007: posts big blind $0.02
frankylane: posts big blind $0.02
*** HOLE CARDS ***
Dealt to Dorex2007 [3d Ah]
thgfer: folds 
frankylane: checks 
maxkxi: folds 
Artur16228: folds 
pkc_mexico: calls $0.02
Alisson_Luiz: folds 
Achilles2582: folds 
NessaCakes: folds 
Dorex2007: checks 
*** FLOP *** [9c 5s Jh]
Dorex2007: checks 
frankylane: checks 
pkc_mexico: bets $0.07
Dorex2007: folds 
frankylane: calls $0.07
*** TURN *** [9c 5s Jh] [4c]
frankylane: checks 
pkc_mexico: bets $0.10
frankylane: folds 
Uncalled bet ($0.10) returned to pkc_mexico
pkc_mexico collected $0.20 from pot
pkc_mexico: doesn't show hand 
*** SUMMARY ***
Total pot $0.21 | Rake $0.01 
Board [9c 5s Jh 4c]
Seat 1: pkc_mexico collected ($0.20)
Seat 2: Alisson_Luiz folded before Flop (didn't bet)
Seat 3: Achilles2582 (button) folded before Flop (didn't bet)
Seat 4: NessaCakes (small blind) folded before Flop
Seat 5: Dorex2007 (big blind) folded on the Flop
Seat 6: thgfer folded before Flop (didn't bet)
Seat 7: frankylane folded on the Turn
Seat 8: maxkxi folded before Flop (didn't bet)
Seat 9: Artur16228 folded before Flop (didn't bet)



PokerStars Hand #223747919353:  Hold'em No Limit ($0.01/$0.02 USD) - 2021/02/12 19:53:01 PT [2021/02/12 22:53:01 ET]
Table 'Brabantia IV' 9-max Seat #4 is the button
Seat 1: pkc_mexico ($0.88 in chips) 
Seat 2: Alisson_Luiz ($1.63 in chips) 
Seat 3: Achilles2582 ($2.93 in chips) 
Seat 4: NessaCakes ($1.47 in chips) 
Seat 5: Dorex2007 ($3.08 in chips) 
Seat 6: thgfer ($1.75 in chips) 
Seat 7: frankylane ($1.51 in chips) 
Seat 8: maxkxi ($1.18 in chips) 
Seat 9: Artur16228 ($3.10 in chips) 
Dorex2007: posts small blind $0.01
thgfer: posts big blind $0.02
*** HOLE CARDS ***
Dealt to Dorex2007 [Qd 8s]
frankylane: folds 
maxkxi: folds 
Artur16228: folds 
pkc_mexico: folds 
Alisson_Luiz: raises $0.02 to $0.04
Achilles2582: folds 
NessaCakes: folds 
Dorex2007: folds 
thgfer: calls $0.02
*** FLOP *** [2s Ts 8d]
thgfer: checks 
Alisson_Luiz: bets $0.04
thgfer: calls $0.04
*** TURN *** [2s Ts 8d] [4d]
thgfer: checks 
Alisson_Luiz: bets $0.16
thgfer: folds 
Uncalled bet ($0.16) returned to Alisson_Luiz
Alisson_Luiz collected $0.16 from pot
Alisson_Luiz: doesn't show hand 
*** SUMMARY ***
Total pot $0.17 | Rake $0.01 
Board [2s Ts 8d 4d]
Seat 1: pkc_mexico folded before Flop (didn't bet)
Seat 2: Alisson_Luiz collected ($0.16)
Seat 3: Achilles2582 folded before Flop (didn't bet)
Seat 4: NessaCakes (button) folded before Flop (didn't bet)
Seat 5: Dorex2007 (small blind) folded before Flop
Seat 6: thgfer (big blind) folded on the Turn
Seat 7: frankylane folded before Flop (didn't bet)
Seat 8: maxkxi folded before Flop (didn't bet)
Seat 9: Artur16228 folded before Flop (didn't bet)



PokerStars Hand #223747936602:  Hold'em No Limit ($0.01/$0.02 USD) - 2021/02/12 19:53:52 PT [2021/02/12 22:53:52 ET]
Table 'Brabantia IV' 9-max Seat #5 is the button
Seat 1: pkc_mexico ($0.88 in chips) 
Seat 2: Alisson_Luiz ($1.71 in chips) 
Seat 3: Achilles2582 ($2.93 in chips) 
Seat 4: NessaCakes ($1.47 in chips) 
Seat 5: Dorex2007 ($3.07 in chips) 
Seat 6: thgfer ($1.67 in chips) 
Seat 7: frankylane ($1.51 in chips) 
Seat 8: maxkxi ($1.18 in chips) 
Seat 9: Artur16228 ($3.10 in chips) 
thgfer: posts small blind $0.01
frankylane: posts big blind $0.02
*** HOLE CARDS ***
Dealt to Dorex2007 [Jc 2s]
maxkxi: raises $0.06 to $0.08
Artur16228: folds 
pkc_mexico: calls $0.08
Alisson_Luiz: folds 
Achilles2582: folds 
NessaCakes: folds 
Dorex2007: folds 
thgfer: folds 
frankylane: folds 
*** FLOP *** [5c 8c 6c]
maxkxi: bets $0.09
pkc_mexico: calls $0.09
*** TURN *** [5c 8c 6c] [4c]
maxkxi: bets $0.02
pkc_mexico: raises $0.02 to $0.04
maxkxi: raises $0.02 to $0.06
pkc_mexico: calls $0.02
*** RIVER *** [5c 8c 6c 4c] [3s]
maxkxi: bets $0.47
pkc_mexico: folds 
Uncalled bet ($0.47) returned to maxkxi
maxkxi collected $0.47 from pot
*** SUMMARY ***
Total pot $0.49 | Rake $0.02 
Board [5c 8c 6c 4c 3s]
Seat 1: pkc_mexico folded on the River
Seat 2: Alisson_Luiz folded before Flop (didn't bet)
Seat 3: Achilles2582 folded before Flop (didn't bet)
Seat 4: NessaCakes folded before Flop (didn't bet)
Seat 5: Dorex2007 (button) folded before Flop (didn't bet)
Seat 6: thgfer (small blind) folded before Flop
Seat 7: frankylane (big blind) folded before Flop
Seat 8: maxkxi collected ($0.47)
Seat 9: Artur16228 folded before Flop (didn't bet)



PokerStars Hand #223747959640:  Hold'em No Limit ($0.01/$0.02 USD) - 2021/02/12 19:55:00 PT [2021/02/12 22:55:00 ET]
Table 'Brabantia IV' 9-max Seat #6 is the button
Seat 1: pkc_mexico ($0.65 in chips) 
Seat 2: Alisson_Luiz ($1.71 in chips) 
Seat 3: Achilles2582 ($2.93 in chips) 
Seat 4: NessaCakes ($1.47 in chips) 
Seat 5: Dorex2007 ($3.07 in chips) 
Seat 6: thgfer ($1.66 in chips) 
Seat 7: frankylane ($1.49 in chips) 
Seat 8: maxkxi ($1.42 in chips) 
Seat 9: Artur16228 ($3.10 in chips) 
frankylane: posts small blind $0.01
maxkxi: posts big blind $0.02
*** HOLE CARDS ***
Dealt to Dorex2007 [Ac 5c]
Artur16228: raises $0.04 to $0.06
pkc_mexico: calls $0.06
Alisson_Luiz: folds 
Achilles2582: calls $0.06
NessaCakes: folds 
Dorex2007: folds 
thgfer: calls $0.06
frankylane: folds 
maxkxi: calls $0.04
*** FLOP *** [3c 8d Kc]
maxkxi: bets $0.30
Artur16228: calls $0.30
pkc_mexico: folds 
Achilles2582: folds 
thgfer: folds 
*** TURN *** [3c 8d Kc] [5h]
maxkxi: bets $1.06 and is all-in
Artur16228: calls $1.06
*** RIVER *** [3c 8d Kc 5h] [Jc]
*** SHOW DOWN ***
maxkxi: shows [Kh Td] (a pair of Kings)
Artur16228: shows [Kd Ah] (a pair of Kings - Ace kicker)
Artur16228 collected $2.92 from pot
*** SUMMARY ***
Total pot $3.03 | Rake $0.11 
Board [3c 8d Kc 5h Jc]
Seat 1: pkc_mexico folded on the Flop
Seat 2: Alisson_Luiz folded before Flop (didn't bet)
Seat 3: Achilles2582 folded on the Flop
Seat 4: NessaCakes folded before Flop (didn't bet)
Seat 5: Dorex2007 folded before Flop (didn't bet)
Seat 6: thgfer (button) folded on the Flop
Seat 7: frankylane (small blind) folded before Flop
Seat 8: maxkxi (big blind) showed [Kh Td] and lost with a pair of Kings
Seat 9: Artur16228 showed [Kd Ah] and won ($2.92) with a pair of Kings



PokerStars Hand #223747988532:  Hold'em No Limit ($0.01/$0.02 USD) - 2021/02/12 19:56:12 PT [2021/02/12 22:56:12 ET]
Table 'Brabantia IV' 9-max Seat #7 is the button
Seat 1: pkc_mexico ($0.59 in chips) 
Seat 2: Alisson_Luiz ($1.71 in chips) 
Seat 3: Achilles2582 ($2.87 in chips) 
Seat 4: NessaCakes ($1.47 in chips) 
Seat 5: Dorex2007 ($3.07 in chips) 
Seat 6: thgfer ($1.60 in chips) 
Seat 7: frankylane ($1.48 in chips) 
Seat 9: Artur16228 ($4.60 in chips) 
Artur16228: posts small blind $0.01
pkc_mexico: posts big blind $0.02
*** HOLE CARDS ***
Dealt to Dorex2007 [2s 3d]
Alisson_Luiz: folds 
maxkxi leaves the table
Achilles2582: folds 
NessaCakes: raises $0.06 to $0.08
Dorex2007: folds 
thgfer: calls $0.08
frankylane: folds 
Artur16228: folds 
pkc_mexico: calls $0.06
*** FLOP *** [Qh Qd 4c]
pkc_mexico: checks 
NessaCakes: bets $0.30
thgfer: calls $0.30
marc633 joins the table at seat #8 
pkc_mexico: folds 
*** TURN *** [Qh Qd 4c] [Th]
NessaCakes: bets $1.09 and is all-in
thgfer: calls $1.09
*** RIVER *** [Qh Qd 4c Th] [Ks]
*** SHOW DOWN ***
NessaCakes: shows [Ad Ac] (two pair, Aces and Queens)
thgfer: shows [Qs Ah] (three of a kind, Queens)
thgfer collected $2.92 from pot
*** SUMMARY ***
Total pot $3.03 | Rake $0.11 
Board [Qh Qd 4c Th Ks]
Seat 1: pkc_mexico (big blind) folded on the Flop
Seat 2: Alisson_Luiz folded before Flop (didn't bet)
Seat 3: Achilles2582 folded before Flop (didn't bet)
Seat 4: NessaCakes showed [Ad Ac] and lost with two pair, Aces and Queens
Seat 5: Dorex2007 folded before Flop (didn't bet)
Seat 6: thgfer showed [Qs Ah] and won ($2.92) with three of a kind, Queens
Seat 7: frankylane (button) folded before Flop (didn't bet)
Seat 9: Artur16228 (small blind) folded before Flop



PokerStars Hand #223748005793:  Hold'em No Limit ($0.01/$0.02 USD) - 2021/02/12 19:57:14 PT [2021/02/12 22:57:14 ET]
Table 'Brabantia IV' 9-max Seat #9 is the button
Seat 1: pkc_mexico ($0.51 in chips) 
Seat 2: Alisson_Luiz ($1.71 in chips) 
Seat 3: Achilles2582 ($2.87 in chips) 
Seat 5: Dorex2007 ($3.07 in chips) 
Seat 6: thgfer ($3.05 in chips) 
Seat 7: frankylane ($1.48 in chips) 
Seat 9: Artur16228 ($4.59 in chips) 
pkc_mexico: posts small blind $0.01
Alisson_Luiz: posts big blind $0.02
marc633: sits out 
*** HOLE CARDS ***
Dealt to Dorex2007 [7h 8h]
Achilles2582: folds 
Dorex2007: folds 
thgfer: folds 
marc633 leaves the table
frankylane: calls $0.02
Artur16228: folds 
pkc_mexico: calls $0.01
Alisson_Luiz: checks 
*** FLOP *** [6s Ad 5d]
pkc_mexico: checks 
Alisson_Luiz: bets $0.04
frankylane: calls $0.04
pkc_mexico: folds 
*** TURN *** [6s Ad 5d] [Ah]
Alisson_Luiz: bets $0.06
frankylane: calls $0.06
*** RIVER *** [6s Ad 5d Ah] [2c]
Alisson_Luiz: bets $0.25
frankylane: raises $0.25 to $0.50
Alisson_Luiz: raises $1.09 to $1.59 and is all-in
frankylane: calls $0.86 and is all-in
Uncalled bet ($0.23) returned to Alisson_Luiz
*** SHOW DOWN ***
Alisson_Luiz: shows [6d Ac] (a full house, Aces full of Sixes)
frankylane: shows [Kd As] (three of a kind, Aces)
Alisson_Luiz collected $2.88 from pot
*** SUMMARY ***
Total pot $2.98 | Rake $0.10 
Board [6s Ad 5d Ah 2c]
Seat 1: pkc_mexico (small blind) folded on the Flop
Seat 2: Alisson_Luiz (big blind) showed [6d Ac] and won ($2.88) with a full house, Aces full of Sixes
Seat 3: Achilles2582 folded before Flop (didn't bet)
Seat 5: Dorex2007 folded before Flop (didn't bet)
Seat 6: thgfer folded before Flop (didn't bet)
Seat 7: frankylane showed [Kd As] and lost with three of a kind, Aces
Seat 9: Artur16228 (button) folded before Flop (didn't bet)



PokerStars Hand #223748020660:  Hold'em No Limit ($0.01/$0.02 USD) - 2021/02/12 19:58:12 PT [2021/02/12 22:58:12 ET]
Table 'Brabantia IV' 9-max Seat #1 is the button
Seat 1: pkc_mexico ($0.49 in chips) 
Seat 2: Alisson_Luiz ($3.11 in chips) 
Seat 3: Achilles2582 ($2.87 in chips) 
Seat 4: NessaCakes ($2 in chips) 
Seat 5: Dorex2007 ($3.07 in chips) 
Seat 6: thgfer ($3.05 in chips) 
Seat 9: Artur16228 ($4.59 in chips) 
Hongdaii joins the table at seat #8 
Alisson_Luiz: posts small blind $0.01
Achilles2582: posts big blind $0.02
*** HOLE CARDS ***
Dealt to Dorex2007 [Qc 9h]
NessaCakes: folds 
Dorex2007: folds 
thgfer: folds 
Artur16228: folds 
pkc_mexico: calls $0.02
Alisson_Luiz: calls $0.01
Achilles2582: checks 
*** FLOP *** [Kd Ad 2s]
Alisson_Luiz: checks 
Achilles2582: checks 
pkc_mexico: checks 
*** TURN *** [Kd Ad 2s] [5d]
Alisson_Luiz: checks 
Achilles2582: checks 
pkc_mexico: checks 
*** RIVER *** [Kd Ad 2s 5d] [5c]
Alisson_Luiz: checks 
Achilles2582: checks 
pkc_mexico: bets $0.10
Alisson_Luiz: folds 
Achilles2582: folds 
Uncalled bet ($0.10) returned to pkc_mexico
pkc_mexico collected $0.06 from pot
pkc_mexico: doesn't show hand 
*** SUMMARY ***
Total pot $0.06 | Rake $0 
Board [Kd Ad 2s 5d 5c]
Seat 1: pkc_mexico (button) collected ($0.06)
Seat 2: Alisson_Luiz (small blind) folded on the River
Seat 3: Achilles2582 (big blind) folded on the River
Seat 4: NessaCakes folded before Flop (didn't bet)
Seat 5: Dorex2007 folded before Flop (didn't bet)
Seat 6: thgfer folded before Flop (didn't bet)
Seat 9: Artur16228 folded before Flop (didn't bet)



PokerStars Hand #223748034467:  Hold'em No Limit ($0.01/$0.02 USD) - 2021/02/12 19:59:07 PT [2021/02/12 22:59:07 ET]
Table 'Brabantia IV' 9-max Seat #2 is the button
Seat 1: pkc_mexico ($0.53 in chips) 
Seat 2: Alisson_Luiz ($3.09 in chips) 
Seat 3: Achilles2582 ($2.85 in chips) 
Seat 4: NessaCakes ($2 in chips) 
Seat 5: Dorex2007 ($3.07 in chips) 
Seat 6: thgfer ($3.05 in chips) 
Seat 7: frankylane ($2 in chips) 
Seat 8: Hongdaii ($1 in chips) 
Seat 9: Artur16228 ($4.59 in chips) 
Achilles2582: posts small blind $0.01
NessaCakes: posts big blind $0.02
Hongdaii: posts big blind $0.02
*** HOLE CARDS ***
Dealt to Dorex2007 [Kh Ks]
Dorex2007: raises $0.04 to $0.06
thgfer: folds 
frankylane: folds 
Hongdaii: folds 
Artur16228: folds 
pkc_mexico: calls $0.06
Alisson_Luiz: folds 
Achilles2582: folds 
NessaCakes: folds 
*** FLOP *** [8c 5d Tc]
Dorex2007: bets $0.08
pkc_mexico: folds 
Uncalled bet ($0.08) returned to Dorex2007
Dorex2007 collected $0.16 from pot
Dorex2007: doesn't show hand 
*** SUMMARY ***
Total pot $0.17 | Rake $0.01 
Board [8c 5d Tc]
Seat 1: pkc_mexico folded on the Flop
Seat 2: Alisson_Luiz (button) folded before Flop (didn't bet)
Seat 3: Achilles2582 (small blind) folded before Flop
Seat 4: NessaCakes (big blind) folded before Flop
Seat 5: Dorex2007 collected ($0.16)
Seat 6: thgfer folded before Flop (didn't bet)
Seat 7: frankylane folded before Flop (didn't bet)
Seat 8: Hongdaii folded before Flop (didn't bet)
Seat 9: Artur16228 folded before Flop (didn't bet)



PokerStars Hand #223748051289:  Hold'em No Limit ($0.01/$0.02 USD) - 2021/02/12 20:00:13 PT [2021/02/12 23:00:13 ET]
Table 'Brabantia IV' 9-max Seat #3 is the button
Seat 1: pkc_mexico ($0.47 in chips) 
Seat 2: Alisson_Luiz ($3.09 in chips) 
Seat 3: Achilles2582 ($2.84 in chips) 
Seat 4: NessaCakes ($1.98 in chips) 
Seat 5: Dorex2007 ($3.17 in chips) 
Seat 6: thgfer ($3.05 in chips) 
Seat 7: frankylane ($2 in chips) 
Seat 8: Hongdaii ($0.98 in chips) 
Seat 9: Artur16228 ($4.59 in chips) 
NessaCakes: posts small blind $0.01
Dorex2007: posts big blind $0.02
*** HOLE CARDS ***
Dealt to Dorex2007 [8h 7d]
thgfer: folds 
frankylane: folds 
Hongdaii has timed out
Hongdaii: folds 
Artur16228: folds 
pkc_mexico: calls $0.02
Alisson_Luiz: folds 
Achilles2582: folds 
NessaCakes: calls $0.01
Dorex2007: checks 
*** FLOP *** [Ad Qd 2h]
NessaCakes: bets $0.10
Dorex2007: folds 
pkc_mexico: calls $0.10
*** TURN *** [Ad Qd 2h] [6h]
NessaCakes: bets $0.48
pkc_mexico: folds 
Uncalled bet ($0.48) returned to NessaCakes
NessaCakes collected $0.25 from pot
NessaCakes: doesn't show hand 
*** SUMMARY ***
Total pot $0.26 | Rake $0.01 
Board [Ad Qd 2h 6h]
Seat 1: pkc_mexico folded on the Turn
Seat 2: Alisson_Luiz folded before Flop (didn't bet)
Seat 3: Achilles2582 (button) folded before Flop (didn't bet)
Seat 4: NessaCakes (small blind) collected ($0.25)
Seat 5: Dorex2007 (big blind) folded on the Flop
Seat 6: thgfer folded before Flop (didn't bet)
Seat 7: frankylane folded before Flop (didn't bet)
Seat 8: Hongdaii folded before Flop (didn't bet)
Seat 9: Artur16228 folded before Flop (didn't bet)



PokerStars Hand #223748079008:  Hold'em No Limit ($0.01/$0.02 USD) - 2021/02/12 20:01:24 PT [2021/02/12 23:01:24 ET]
Table 'Brabantia IV' 9-max Seat #4 is the button
Seat 2: Alisson_Luiz ($3.09 in chips) 
Seat 3: Achilles2582 ($2.84 in chips) 
Seat 4: NessaCakes ($2.11 in chips) 
Seat 5: Dorex2007 ($3.15 in chips) 
Seat 6: thgfer ($3.05 in chips) 
Seat 7: frankylane ($2 in chips) 
Seat 8: Hongdaii ($0.98 in chips) 
Seat 9: Artur16228 ($4.59 in chips) 
Dorex2007: posts small blind $0.01
thgfer: posts big blind $0.02
*** HOLE CARDS ***
Dealt to Dorex2007 [4c 7s]
frankylane: folds 
Hongdaii: raises $0.02 to $0.04
Artur16228: folds 
Alisson_Luiz: calls $0.04
Achilles2582 has timed out
Achilles2582: folds 
NessaCakes: folds 
Dorex2007: folds 
thgfer: calls $0.02
*** FLOP *** [Tc 2s Qc]
thgfer: checks 
Hongdaii: checks 
Alisson_Luiz: checks 
*** TURN *** [Tc 2s Qc] [5s]
thgfer: bets $0.07
Hongdaii: calls $0.07
Alisson_Luiz: folds 
*** RIVER *** [Tc 2s Qc 5s] [9s]
thgfer: checks 
Hongdaii: bets $0.26
thgfer: folds 
Uncalled bet ($0.26) returned to Hongdaii
Hongdaii collected $0.26 from pot
Hongdaii: doesn't show hand 
*** SUMMARY ***
Total pot $0.27 | Rake $0.01 
Board [Tc 2s Qc 5s 9s]
Seat 2: Alisson_Luiz folded on the Turn
Seat 3: Achilles2582 folded before Flop (didn't bet)
Seat 4: NessaCakes (button) folded before Flop (didn't bet)
Seat 5: Dorex2007 (small blind) folded before Flop
Seat 6: thgfer (big blind) folded on the River
Seat 7: frankylane folded before Flop (didn't bet)
Seat 8: Hongdaii collected ($0.26)
Seat 9: Artur16228 folded before Flop (didn't bet)



PokerStars Hand #223748100126:  Hold'em No Limit ($0.01/$0.02 USD) - 2021/02/12 20:02:29 PT [2021/02/12 23:02:29 ET]
Table 'Brabantia IV' 9-max Seat #5 is the button
Seat 2: Alisson_Luiz ($3.05 in chips) 
Seat 3: Achilles2582 ($2.84 in chips) 
Seat 4: NessaCakes ($2.11 in chips) 
Seat 5: Dorex2007 ($3.14 in chips) 
Seat 6: thgfer ($2.94 in chips) 
Seat 7: frankylane ($2 in chips) 
Seat 8: Hongdaii ($1.13 in chips) 
Seat 9: Artur16228 ($4.59 in chips) 
thgfer: posts small blind $0.01
frankylane: posts big blind $0.02
*** HOLE CARDS ***
Dealt to Dorex2007 [Ah 5h]
Hongdaii: folds 
Artur16228: folds 
Alisson_Luiz: folds 
Achilles2582: folds 
NessaCakes: folds 
Dorex2007: raises $0.04 to $0.06
thgfer: folds 
frankylane: folds 
Uncalled bet ($0.04) returned to Dorex2007
Dorex2007 collected $0.05 from pot
Dorex2007: doesn't show hand 
*** SUMMARY ***
Total pot $0.05 | Rake $0 
Seat 2: Alisson_Luiz folded before Flop (didn't bet)
Seat 3: Achilles2582 folded before Flop (didn't bet)
Seat 4: NessaCakes folded before Flop (didn't bet)
Seat 5: Dorex2007 (button) collected ($0.05)
Seat 6: thgfer (small blind) folded before Flop
Seat 7: frankylane (big blind) folded before Flop
Seat 8: Hongdaii folded before Flop (didn't bet)
Seat 9: Artur16228 folded before Flop (didn't bet)



PokerStars Hand #223748109648:  Hold'em No Limit ($0.01/$0.02 USD) - 2021/02/12 20:02:58 PT [2021/02/12 23:02:58 ET]
Table 'Brabantia IV' 9-max Seat #6 is the button
Seat 2: Alisson_Luiz ($3.05 in chips) 
Seat 3: Achilles2582 ($2.84 in chips) 
Seat 4: NessaCakes ($2.11 in chips) 
Seat 5: Dorex2007 ($3.17 in chips) 
Seat 6: thgfer ($2.93 in chips) 
Seat 7: frankylane ($1.98 in chips) 
Seat 8: Hongdaii ($1.13 in chips) 
Seat 9: Artur16228 ($4.59 in chips) 
frankylane: posts small blind $0.01
Hongdaii: posts big blind $0.02
*** HOLE CARDS ***
Dealt to Dorex2007 [Td 8h]
Artur16228: folds 
Alisson_Luiz: folds 
Achilles2582 has timed out
Achilles2582: folds 
NessaCakes: folds 
Dorex2007: folds 
thgfer: raises $0.04 to $0.06
frankylane: folds 
Hongdaii: calls $0.04
*** FLOP *** [2c Tc 8s]
Hongdaii: checks 
thgfer: checks 
*** TURN *** [2c Tc 8s] [3s]
Hongdaii: checks 
thgfer: bets $0.02
Hongdaii: calls $0.02
*** RIVER *** [2c Tc 8s 3s] [Jd]
Hongdaii: checks 
thgfer: bets $0.16
Hongdaii: folds 
Uncalled bet ($0.16) returned to thgfer
thgfer collected $0.16 from pot
thgfer: doesn't show hand 
*** SUMMARY ***
Total pot $0.17 | Rake $0.01 
Board [2c Tc 8s 3s Jd]
Seat 2: Alisson_Luiz folded before Flop (didn't bet)
Seat 3: Achilles2582 folded before Flop (didn't bet)
Seat 4: NessaCakes folded before Flop (didn't bet)
Seat 5: Dorex2007 folded before Flop (didn't bet)
Seat 6: thgfer (button) collected ($0.16)
Seat 7: frankylane (small blind) folded before Flop
Seat 8: Hongdaii (big blind) folded on the River
Seat 9: Artur16228 folded before Flop (didn't bet)



PokerStars Hand #223748132574:  Hold'em No Limit ($0.01/$0.02 USD) - 2021/02/12 20:04:08 PT [2021/02/12 23:04:08 ET]
Table 'Brabantia IV' 9-max Seat #7 is the button
Seat 2: Alisson_Luiz ($3.05 in chips) 
Seat 3: Achilles2582 ($2.84 in chips) 
Seat 4: NessaCakes ($2.11 in chips) 
Seat 5: Dorex2007 ($3.17 in chips) 
Seat 6: thgfer ($3.01 in chips) 
Seat 7: frankylane ($1.97 in chips) 
Seat 8: Hongdaii ($1.05 in chips) 
Seat 9: Artur16228 ($4.59 in chips) 
Hongdaii: posts small blind $0.01
Artur16228: posts big blind $0.02
*** HOLE CARDS ***
Dealt to Dorex2007 [Jh As]
Alisson_Luiz: folds 
Achilles2582: folds 
NessaCakes: folds 
Dorex2007: raises $0.02 to $0.04
thgfer: calls $0.04
frankylane: folds 
Hongdaii: folds 
Artur16228: folds 
*** FLOP *** [5d Kd 8s]
Dorex2007: checks 
thgfer: checks 
*** TURN *** [5d Kd 8s] [3h]
Dorex2007: checks 
thgfer: bets $0.04
Dorex2007: folds 
Uncalled bet ($0.04) returned to thgfer
thgfer collected $0.11 from pot
thgfer: doesn't show hand 
*** SUMMARY ***
Total pot $0.11 | Rake $0 
Board [5d Kd 8s 3h]
Seat 2: Alisson_Luiz folded before Flop (didn't bet)
Seat 3: Achilles2582 folded before Flop (didn't bet)
Seat 4: NessaCakes folded before Flop (didn't bet)
Seat 5: Dorex2007 folded on the Turn
Seat 6: thgfer collected ($0.11)
Seat 7: frankylane (button) folded before Flop (didn't bet)
Seat 8: Hongdaii (small blind) folded before Flop
Seat 9: Artur16228 (big blind) folded before Flop



PokerStars Hand #223748149070:  Hold'em No Limit ($0.01/$0.02 USD) - 2021/02/12 20:04:59 PT [2021/02/12 23:04:59 ET]
Table 'Brabantia IV' 9-max Seat #8 is the button
Seat 2: Alisson_Luiz ($3.05 in chips) 
Seat 3: Achilles2582 ($2.84 in chips) 
Seat 4: NessaCakes ($2.11 in chips) 
Seat 5: Dorex2007 ($3.13 in chips) 
Seat 6: thgfer ($3.08 in chips) 
Seat 7: frankylane ($1.97 in chips) 
Seat 8: Hongdaii ($1.04 in chips) 
Seat 9: Artur16228 ($4.57 in chips) 
Artur16228: posts small blind $0.01
Alisson_Luiz: posts big blind $0.02
*** HOLE CARDS ***
Dealt to Dorex2007 [3c As]
Achilles2582 has timed out
Achilles2582: folds 
NessaCakes: folds 
Dorex2007: folds 
thgfer: raises $0.04 to $0.06
frankylane: folds 
Hongdaii: folds 
Artur16228: folds 
Alisson_Luiz: folds 
Uncalled bet ($0.04) returned to thgfer
thgfer collected $0.05 from pot
thgfer: doesn't show hand 
*** SUMMARY ***
Total pot $0.05 | Rake $0 
Seat 2: Alisson_Luiz (big blind) folded before Flop
Seat 3: Achilles2582 folded before Flop (didn't bet)
Seat 4: NessaCakes folded before Flop (didn't bet)
Seat 5: Dorex2007 folded before Flop (didn't bet)
Seat 6: thgfer collected ($0.05)
Seat 7: frankylane folded before Flop (didn't bet)
Seat 8: Hongdaii (button) folded before Flop (didn't bet)
Seat 9: Artur16228 (small blind) folded before Flop



PokerStars Hand #223748159126:  Hold'em No Limit ($0.01/$0.02 USD) - 2021/02/12 20:05:30 PT [2021/02/12 23:05:30 ET]
Table 'Brabantia IV' 9-max Seat #9 is the button
Seat 2: Alisson_Luiz ($3.03 in chips) 
Seat 3: Achilles2582 ($2.84 in chips) 
Seat 4: NessaCakes ($2.11 in chips) 
Seat 5: Dorex2007 ($3.13 in chips) 
Seat 6: thgfer ($3.11 in chips) 
Seat 7: frankylane ($1.97 in chips) 
Seat 8: Hongdaii ($1.04 in chips) 
Seat 9: Artur16228 ($4.56 in chips) 
Alisson_Luiz: posts small blind $0.01
Achilles2582: posts big blind $0.02
*** HOLE CARDS ***
Dealt to Dorex2007 [2d Kd]
NessaCakes: folds 
Dorex2007: folds 
thgfer: raises $0.04 to $0.06
frankylane: folds 
Hongdaii: raises $0.04 to $0.10
Artur16228: folds 
Alisson_Luiz: calls $0.09
Achilles2582: folds 
thgfer: calls $0.04
*** FLOP *** [Kh 3c 5s]
Alisson_Luiz: checks 
thgfer: checks 
Hongdaii: checks 
*** TURN *** [Kh 3c 5s] [Qc]
Alisson_Luiz: checks 
thgfer: checks 
Hongdaii: bets $0.08
Alisson_Luiz: calls $0.08
thgfer: calls $0.08
*** RIVER *** [Kh 3c 5s Qc] [7h]
Alisson_Luiz: checks 
thgfer: checks 
Hongdaii: checks 
*** SHOW DOWN ***
Alisson_Luiz: shows [Qd As] (a pair of Queens)
thgfer: mucks hand 
Hongdaii: mucks hand 
Alisson_Luiz collected $0.54 from pot
*** SUMMARY ***
Total pot $0.56 | Rake $0.02 
Board [Kh 3c 5s Qc 7h]
Seat 2: Alisson_Luiz (small blind) showed [Qd As] and won ($0.54) with a pair of Queens
Seat 3: Achilles2582 (big blind) folded before Flop
Seat 4: NessaCakes folded before Flop (didn't bet)
Seat 5: Dorex2007 folded before Flop (didn't bet)
Seat 6: thgfer mucked [Jh Jd]
Seat 7: frankylane folded before Flop (didn't bet)
Seat 8: Hongdaii mucked [Ac Jc]
Seat 9: Artur16228 (button) folded before Flop (didn't bet)



PokerStars Hand #223748187054:  Hold'em No Limit ($0.01/$0.02 USD) - 2021/02/12 20:06:56 PT [2021/02/12 23:06:56 ET]
Table 'Brabantia IV' 9-max Seat #2 is the button
Seat 2: Alisson_Luiz ($3.39 in chips) 
Seat 3: Achilles2582 ($2.82 in chips) 
Seat 4: NessaCakes ($2.11 in chips) 
Seat 5: Dorex2007 ($3.13 in chips) 
Seat 6: thgfer ($2.93 in chips) 
Seat 7: frankylane ($1.97 in chips) 
Seat 8: Hongdaii ($0.86 in chips) 
Seat 9: Artur16228 ($4.56 in chips) 
Achilles2582: posts small blind $0.01
NessaCakes: posts big blind $0.02
*** HOLE CARDS ***
Dealt to Dorex2007 [5c 7h]
Dorex2007: folds 
thgfer has timed out
thgfer: folds 
frankylane: calls $0.02
Hongdaii: folds 
Artur16228: folds 
Alisson_Luiz: folds 
Achilles2582: calls $0.01
NessaCakes: checks 
*** FLOP *** [Jd Qs Ts]
Achilles2582: checks 
NessaCakes: checks 
frankylane: bets $0.02
Achilles2582: folds 
NessaCakes: folds 
Uncalled bet ($0.02) returned to frankylane
frankylane collected $0.06 from pot
frankylane: doesn't show hand 
*** SUMMARY ***
Total pot $0.06 | Rake $0 
Board [Jd Qs Ts]
Seat 2: Alisson_Luiz (button) folded before Flop (didn't bet)
Seat 3: Achilles2582 (small blind) folded on the Flop
Seat 4: NessaCakes (big blind) folded on the Flop
Seat 5: Dorex2007 folded before Flop (didn't bet)
Seat 6: thgfer folded before Flop (didn't bet)
Seat 7: frankylane collected ($0.06)
Seat 8: Hongdaii folded before Flop (didn't bet)
Seat 9: Artur16228 folded before Flop (didn't bet)



PokerStars Hand #223748200575:  Hold'em No Limit ($0.01/$0.02 USD) - 2021/02/12 20:07:38 PT [2021/02/12 23:07:38 ET]
Table 'Brabantia IV' 9-max Seat #3 is the button
Seat 2: Alisson_Luiz ($3.39 in chips) 
Seat 3: Achilles2582 ($2.80 in chips) 
Seat 4: NessaCakes ($2.09 in chips) 
Seat 5: Dorex2007 ($3.13 in chips) 
Seat 6: thgfer ($2.93 in chips) 
Seat 7: frankylane ($2.01 in chips) 
Seat 8: Hongdaii ($0.86 in chips) 
Seat 9: Artur16228 ($4.56 in chips) 
NessaCakes: posts small blind $0.01
Dorex2007: posts big blind $0.02
*** HOLE CARDS ***
Dealt to Dorex2007 [Js Td]
thgfer: folds 
frankylane: folds 
Hongdaii: folds 
Artur16228: folds 
Alisson_Luiz: raises $0.02 to $0.04
Achilles2582: calls $0.04
NessaCakes: calls $0.03
Dorex2007: calls $0.02
*** FLOP *** [Tc Ad Jh]
NessaCakes: bets $0.02
Dorex2007: raises $0.04 to $0.06
Alisson_Luiz: calls $0.06
Achilles2582: calls $0.06
NessaCakes: calls $0.04
*** TURN *** [Tc Ad Jh] [Jc]
NessaCakes: checks 
Dorex2007: checks 
Alisson_Luiz: checks 
Achilles2582: checks 
*** RIVER *** [Tc Ad Jh Jc] [5h]
NessaCakes: bets $0.02
Dorex2007: raises $0.22 to $0.24
Alisson_Luiz: folds 
Achilles2582: calls $0.24
frankylane leaves the table
NessaCakes: folds 
*** SHOW DOWN ***
Dorex2007: shows [Js Td] (a full house, Jacks full of Tens)
Achilles2582: mucks hand 
Dorex2007 collected $0.87 from pot
*** SUMMARY ***
Total pot $0.90 | Rake $0.03 
Board [Tc Ad Jh Jc 5h]
Seat 2: Alisson_Luiz folded on the River
Seat 3: Achilles2582 (button) mucked [Ts Qs]
Seat 4: NessaCakes (small blind) folded on the River
Seat 5: Dorex2007 (big blind) showed [Js Td] and won ($0.87) with a full house, Jacks full of Tens
Seat 6: thgfer folded before Flop (didn't bet)
Seat 7: frankylane folded before Flop (didn't bet)
Seat 8: Hongdaii folded before Flop (didn't bet)
Seat 9: Artur16228 folded before Flop (didn't bet)



PokerStars Hand #223748227722:  Hold'em No Limit ($0.01/$0.02 USD) - 2021/02/12 20:09:02 PT [2021/02/12 23:09:02 ET]
Table 'Brabantia IV' 9-max Seat #4 is the button
Seat 2: Alisson_Luiz ($3.29 in chips) 
Seat 3: Achilles2582 ($2.46 in chips) 
Seat 4: NessaCakes ($1.97 in chips) 
Seat 5: Dorex2007 ($3.66 in chips) 
Seat 6: thgfer ($2.93 in chips) 
Seat 8: Hongdaii ($0.86 in chips) 
Seat 9: Artur16228 ($4.56 in chips) 
Dorex2007: posts small blind $0.01
thgfer: posts big blind $0.02
*** HOLE CARDS ***
Dealt to Dorex2007 [8s 8h]
Hongdaii: folds 
Artur16228: folds 
Alisson_Luiz: folds 
Achilles2582: folds 
NessaCakes: folds 
Dorex2007: calls $0.01
thgfer: checks 
*** FLOP *** [4d Tc Ts]
Dorex2007: bets $0.04
thgfer: folds 
Uncalled bet ($0.04) returned to Dorex2007
Dorex2007 collected $0.04 from pot
Dorex2007: doesn't show hand 
*** SUMMARY ***
Total pot $0.04 | Rake $0 
Board [4d Tc Ts]
Seat 2: Alisson_Luiz folded before Flop (didn't bet)
Seat 3: Achilles2582 folded before Flop (didn't bet)
Seat 4: NessaCakes (button) folded before Flop (didn't bet)
Seat 5: Dorex2007 (small blind) collected ($0.04)
Seat 6: thgfer (big blind) folded on the Flop
Seat 8: Hongdaii folded before Flop (didn't bet)
Seat 9: Artur16228 folded before Flop (didn't bet)



PokerStars Hand #223748234859:  Hold'em No Limit ($0.01/$0.02 USD) - 2021/02/12 20:09:24 PT [2021/02/12 23:09:24 ET]
Table 'Brabantia IV' 9-max Seat #5 is the button
Seat 2: Alisson_Luiz ($3.29 in chips) 
Seat 3: Achilles2582 ($2.46 in chips) 
Seat 4: NessaCakes ($1.97 in chips) 
Seat 5: Dorex2007 ($3.68 in chips) 
Seat 6: thgfer ($2.91 in chips) 
Seat 8: Hongdaii ($0.86 in chips) 
Seat 9: Artur16228 ($4.56 in chips) 
thgfer: posts small blind $0.01
Hongdaii: posts big blind $0.02
*** HOLE CARDS ***
Dealt to Dorex2007 [9d Ac]
Artur16228: folds 
Alisson_Luiz: folds 
Achilles2582: raises $0.05 to $0.07
NessaCakes: folds 
Dorex2007: folds 
thgfer: folds 
Hongdaii: folds 
Uncalled bet ($0.05) returned to Achilles2582
Achilles2582 collected $0.05 from pot
*** SUMMARY ***
Total pot $0.05 | Rake $0 
Seat 2: Alisson_Luiz folded before Flop (didn't bet)
Seat 3: Achilles2582 collected ($0.05)
Seat 4: NessaCakes folded before Flop (didn't bet)
Seat 5: Dorex2007 (button) folded before Flop (didn't bet)
Seat 6: thgfer (small blind) folded before Flop
Seat 8: Hongdaii (big blind) folded before Flop
Seat 9: Artur16228 folded before Flop (didn't bet)



PokerStars Hand #223748244326:  Hold'em No Limit ($0.01/$0.02 USD) - 2021/02/12 20:09:53 PT [2021/02/12 23:09:53 ET]
Table 'Brabantia IV' 9-max Seat #6 is the button
Seat 2: Alisson_Luiz ($3.29 in chips) 
Seat 3: Achilles2582 ($2.49 in chips) 
Seat 4: NessaCakes ($1.97 in chips) 
Seat 5: Dorex2007 ($3.68 in chips) 
Seat 6: thgfer ($2.90 in chips) 
Seat 8: Hongdaii ($0.84 in chips) 
Seat 9: Artur16228 ($4.56 in chips) 
Hongdaii: posts small blind $0.01
Artur16228: posts big blind $0.02
*** HOLE CARDS ***
Dealt to Dorex2007 [8s 6h]
Alisson_Luiz: folds 
Achilles2582: folds 
NessaCakes: folds 
Dorex2007: folds 
Alisson_Luiz leaves the table
Alisson_Luiz joins the table at seat #2 
thgfer has timed out
thgfer: folds 
Alisson_Luiz leaves the table
Hongdaii: calls $0.01
Artur16228: checks 
*** FLOP *** [3s 6s 8h]
Hongdaii: bets $0.04
Artur16228: folds 
Uncalled bet ($0.04) returned to Hongdaii
Hongdaii collected $0.04 from pot
Hongdaii: doesn't show hand 
*** SUMMARY ***
Total pot $0.04 | Rake $0 
Board [3s 6s 8h]
Seat 2: Alisson_Luiz folded before Flop (didn't bet)
Seat 3: Achilles2582 folded before Flop (didn't bet)
Seat 4: NessaCakes folded before Flop (didn't bet)
Seat 5: Dorex2007 folded before Flop (didn't bet)
Seat 6: thgfer (button) folded before Flop (didn't bet)
Seat 8: Hongdaii (small blind) collected ($0.04)
Seat 9: Artur16228 (big blind) folded on the Flop



PokerStars Hand #223748260027:  Hold'em No Limit ($0.01/$0.02 USD) - 2021/02/12 20:10:30 PT [2021/02/12 23:10:30 ET]
Table 'Brabantia IV' 9-max Seat #8 is the button
Seat 3: Achilles2582 ($2.49 in chips) 
Seat 4: NessaCakes ($1.97 in chips) 
Seat 5: Dorex2007 ($3.68 in chips) 
Seat 8: Hongdaii ($0.86 in chips) 
Seat 9: Artur16228 ($4.54 in chips) 
Artur16228: posts small blind $0.01
Achilles2582: posts big blind $0.02
*** HOLE CARDS ***
Dealt to Dorex2007 [Ts Kh]
NessaCakes: calls $0.02
Dorex2007: folds 
Hongdaii: folds 
Artur16228: folds 
Achilles2582: checks 
*** FLOP *** [Qd Jh Td]
Achilles2582: checks 
NessaCakes: bets $0.02
Achilles2582: calls $0.02
*** TURN *** [Qd Jh Td] [Kc]
Achilles2582: checks 
NessaCakes: bets $0.05
Achilles2582: calls $0.05
*** RIVER *** [Qd Jh Td Kc] [Ac]
Achilles2582: bets $2.40 and is all-in
NessaCakes: calls $1.88 and is all-in
Uncalled bet ($0.52) returned to Achilles2582
*** SHOW DOWN ***
Achilles2582: shows [2h 9c] (a straight, Ten to Ace)
NessaCakes: shows [Ad 6d] (a straight, Ten to Ace)
Achilles2582 collected $1.91 from pot
NessaCakes collected $1.90 from pot
*** SUMMARY ***
Total pot $3.95 | Rake $0.14 
Board [Qd Jh Td Kc Ac]
Seat 3: Achilles2582 (big blind) showed [2h 9c] and won ($1.91) with a straight, Ten to Ace
Seat 4: NessaCakes showed [Ad 6d] and won ($1.90) with a straight, Ten to Ace
Seat 5: Dorex2007 folded before Flop (didn't bet)
Seat 8: Hongdaii (button) folded before Flop (didn't bet)
Seat 9: Artur16228 (small blind) folded before Flop



PokerStars Hand #223748284502:  Hold'em No Limit ($0.01/$0.02 USD) - 2021/02/12 20:11:25 PT [2021/02/12 23:11:25 ET]
Table 'Brabantia IV' 9-max Seat #9 is the button
Seat 3: Achilles2582 ($2.43 in chips) 
Seat 4: NessaCakes ($1.90 in chips) 
Seat 5: Dorex2007 ($3.68 in chips) 
Seat 6: thgfer ($2.90 in chips) 
Seat 8: Hongdaii ($0.86 in chips) 
Seat 9: Artur16228 ($4.53 in chips) 
Achilles2582: posts small blind $0.01
NessaCakes: posts big blind $0.02
*** HOLE CARDS ***
Dealt to Dorex2007 [9h 4h]
Dorex2007: folds 
thgfer: folds 
Hongdaii: folds 
Artur16228: calls $0.02
Achilles2582: calls $0.01
NessaCakes: checks 
*** FLOP *** [3d 7c 4d]
Achilles2582: checks 
NessaCakes: checks 
Artur16228: bets $0.04
Achilles2582: calls $0.04
NessaCakes: folds 
*** TURN *** [3d 7c 4d] [Ks]
Achilles2582: checks 
NessaCakes leaves the table
Artur16228: bets $0.08
Achilles2582: calls $0.08
*** RIVER *** [3d 7c 4d Ks] [Qh]
Achilles2582: checks 
Artur16228: checks 
*** SHOW DOWN ***
Achilles2582: shows [Qc 5s] (a pair of Queens)
Artur16228: shows [Kd 9d] (a pair of Kings)
Artur16228 collected $0.29 from pot
*** SUMMARY ***
Total pot $0.30 | Rake $0.01 
Board [3d 7c 4d Ks Qh]
Seat 3: Achilles2582 (small blind) showed [Qc 5s] and lost with a pair of Queens
Seat 4: NessaCakes (big blind) folded on the Flop
Seat 5: Dorex2007 folded before Flop (didn't bet)
Seat 6: thgfer folded before Flop (didn't bet)
Seat 8: Hongdaii folded before Flop (didn't bet)
Seat 9: Artur16228 (button) showed [Kd 9d] and won ($0.29) with a pair of Kings



PokerStars Hand #223748297000:  Hold'em No Limit ($0.01/$0.02 USD) - 2021/02/12 20:12:04 PT [2021/02/12 23:12:04 ET]
Table 'Brabantia IV' 9-max Seat #3 is the button
Seat 3: Achilles2582 ($2.29 in chips) 
Seat 5: Dorex2007 ($3.68 in chips) 
Seat 6: thgfer ($2.90 in chips) 
Seat 8: Hongdaii ($0.86 in chips) 
Seat 9: Artur16228 ($4.68 in chips) 
Dorex2007: posts small blind $0.01
thgfer: posts big blind $0.02
*** HOLE CARDS ***
Dealt to Dorex2007 [3h 7s]
Hongdaii: calls $0.02
Artur16228: folds 
Achilles2582: raises $2.27 to $2.29 and is all-in
Dorex2007: folds 
thgfer: folds 
Hongdaii: folds 
Uncalled bet ($2.27) returned to Achilles2582
Achilles2582 collected $0.07 from pot
*** SUMMARY ***
Total pot $0.07 | Rake $0 
Seat 3: Achilles2582 (button) collected ($0.07)
Seat 5: Dorex2007 (small blind) folded before Flop
Seat 6: thgfer (big blind) folded before Flop
Seat 8: Hongdaii folded before Flop
Seat 9: Artur16228 folded before Flop (didn't bet)



PokerStars Hand #223748309840:  Hold'em No Limit ($0.01/$0.02 USD) - 2021/02/12 20:12:44 PT [2021/02/12 23:12:44 ET]
Table 'Brabantia IV' 9-max Seat #5 is the button
Seat 3: Achilles2582 ($2.34 in chips) 
Seat 5: Dorex2007 ($3.67 in chips) 
Seat 6: thgfer ($2.88 in chips) 
Seat 8: Hongdaii ($0.84 in chips) 
Seat 9: Artur16228 ($4.68 in chips) 
thgfer: posts small blind $0.01
Hongdaii: posts big blind $0.02
*** HOLE CARDS ***
Dealt to Dorex2007 [3s 2c]
Artur16228: folds 
Achilles2582: folds 
Dorex2007: folds 
thgfer: raises $0.04 to $0.06
Hongdaii: calls $0.04
*** FLOP *** [Th 5c Ac]
thgfer: checks 
Hongdaii: bets $0.02
thgfer: raises $0.04 to $0.06
Hongdaii: calls $0.04
*** TURN *** [Th 5c Ac] [Td]
thgfer: checks 
Hongdaii: checks 
*** RIVER *** [Th 5c Ac Td] [4d]
thgfer: bets $0.12
Hongdaii: calls $0.12
*** SHOW DOWN ***
thgfer: shows [Kh Ks] (two pair, Kings and Tens)
Hongdaii: mucks hand 
thgfer collected $0.46 from pot
Artur16228 leaves the table
*** SUMMARY ***
Total pot $0.48 | Rake $0.02 
Board [Th 5c Ac Td 4d]
Seat 3: Achilles2582 folded before Flop (didn't bet)
Seat 5: Dorex2007 (button) folded before Flop (didn't bet)
Seat 6: thgfer (small blind) showed [Kh Ks] and won ($0.46) with two pair, Kings and Tens
Seat 8: Hongdaii (big blind) mucked [4h 5h]
Seat 9: Artur16228 folded before Flop (didn't bet)



PokerStars Hand #223748325833:  Hold'em No Limit ($0.01/$0.02 USD) - 2021/02/12 20:13:34 PT [2021/02/12 23:13:34 ET]
Table 'Brabantia IV' 9-max Seat #6 is the button
Seat 3: Achilles2582 ($2.34 in chips) 
Seat 5: Dorex2007 ($3.67 in chips) 
Seat 6: thgfer ($3.10 in chips) 
Seat 8: Hongdaii ($0.60 in chips) 
Hongdaii: posts small blind $0.01
Achilles2582: posts big blind $0.02
*** HOLE CARDS ***
Dealt to Dorex2007 [5s 6s]
Dorex2007: raises $0.04 to $0.06
thgfer: folds 
Hongdaii: folds 
Achilles2582: calls $0.04
*** FLOP *** [Ac As Jc]
Hongdaii leaves the table
Achilles2582: checks 
Dorex2007: bets $0.07
Achilles2582: calls $0.07
*** TURN *** [Ac As Jc] [7h]
Achilles2582: checks 
Dorex2007: checks 
*** RIVER *** [Ac As Jc 7h] [4h]
Achilles2582: bets $0.13
Dorex2007: folds 
Uncalled bet ($0.13) returned to Achilles2582
Achilles2582 collected $0.26 from pot
*** SUMMARY ***
Total pot $0.27 | Rake $0.01 
Board [Ac As Jc 7h 4h]
Seat 3: Achilles2582 (big blind) collected ($0.26)
Seat 5: Dorex2007 folded on the River
Seat 6: thgfer (button) folded before Flop (didn't bet)
Seat 8: Hongdaii (small blind) folded before Flop



PokerStars Hand #223748340191:  Hold'em No Limit ($0.01/$0.02 USD) - 2021/02/12 20:14:20 PT [2021/02/12 23:14:20 ET]
Table 'Brabantia IV' 9-max Seat #3 is the button
Seat 3: Achilles2582 ($2.47 in chips) 
Seat 5: Dorex2007 ($3.54 in chips) 
Seat 6: thgfer ($3.10 in chips) 
Dorex2007: posts small blind $0.01
thgfer: posts big blind $0.02
*** HOLE CARDS ***
Dealt to Dorex2007 [5d 3h]
Achilles2582: folds 
Dorex2007: folds 
Uncalled bet ($0.01) returned to thgfer
thgfer collected $0.02 from pot
thgfer: doesn't show hand 
*** SUMMARY ***
Total pot $0.02 | Rake $0 
Seat 3: Achilles2582 (button) folded before Flop (didn't bet)
Seat 5: Dorex2007 (small blind) folded before Flop
Seat 6: thgfer (big blind) collected ($0.02)



