PokerStars Hand #231360675684:  Hold'em No Limit ($0.01/$0.02 USD) - 2021/11/12 20:48:35 PT [2021/11/12 23:48:35 ET]
Table 'Marfark II' 9-max Seat #3 is the button
Seat 1: NormBabe ($1.99 in chips) 
Seat 2: Dorex2007 ($2 in chips) 
Seat 3: pachazinho ($4.85 in chips) 
Seat 4: Andorrior ($1.09 in chips) 
Seat 5: 1Asthma1 ($2.50 in chips) 
Seat 7: Pepono101 ($1.83 in chips) 
Seat 8: GMpozolito ($1.53 in chips) 
Seat 9: frosa9397 ($2.79 in chips) 
Andorrior: posts small blind $0.01
1Asthma1: posts big blind $0.02
Dorex2007: posts big blind $0.02
*** HOLE CARDS ***
Dealt to Dorex2007 [5c Kd]
Pepono101: folds 
Mombak leaves the table
GMpozolito: folds 
frosa9397: calls $0.02
NormBabe: folds 
Dorex2007: checks 
pachazinho: folds 
Andorrior: calls $0.01
1Asthma1: checks 
*** FLOP *** [2s 7c Js]
Andorrior: checks 
1Asthma1: checks 
frosa9397: checks 
Dorex2007: checks 
*** TURN *** [2s 7c Js] [3h]
Andorrior: checks 
1Asthma1: checks 
frosa9397: checks 
Dorex2007: bets $0.05
Andorrior: folds 
1Asthma1: folds 
frosa9397: folds 
Uncalled bet ($0.05) returned to Dorex2007
Dorex2007 collected $0.08 from pot
Dorex2007: doesn't show hand 
*** SUMMARY ***
Total pot $0.08 | Rake $0 
Board [2s 7c Js 3h]
Seat 1: NormBabe folded before Flop (didn't bet)
Seat 2: Dorex2007 collected ($0.08)
Seat 3: pachazinho (button) folded before Flop (didn't bet)
Seat 4: Andorrior (small blind) folded on the Turn
Seat 5: 1Asthma1 (big blind) folded on the Turn
Seat 7: Pepono101 folded before Flop (didn't bet)
Seat 8: GMpozolito folded before Flop (didn't bet)
Seat 9: frosa9397 folded on the Turn



PokerStars Hand #231360691716:  Hold'em No Limit ($0.01/$0.02 USD) - 2021/11/12 20:49:45 PT [2021/11/12 23:49:45 ET]
Table 'Marfark II' 9-max Seat #4 is the button
Seat 1: NormBabe ($1.99 in chips) 
Seat 2: Dorex2007 ($2.06 in chips) 
Seat 3: pachazinho ($4.85 in chips) 
Seat 4: Andorrior ($1.07 in chips) 
Seat 5: 1Asthma1 ($2.48 in chips) 
Seat 7: Pepono101 ($1.83 in chips) 
Seat 8: GMpozolito ($1.53 in chips) 
Seat 9: frosa9397 ($2.77 in chips) 
1Asthma1: posts small blind $0.01
Pepono101: posts big blind $0.02
*** HOLE CARDS ***
Dealt to Dorex2007 [6d 5s]
GMpozolito: folds 
frosa9397: folds 
NormBabe: folds 
Dorex2007: folds 
pachazinho: folds 
Andorrior: folds 
1Asthma1: folds 
Uncalled bet ($0.01) returned to Pepono101
Pepono101 collected $0.02 from pot
Pepono101: doesn't show hand 
*** SUMMARY ***
Total pot $0.02 | Rake $0 
Seat 1: NormBabe folded before Flop (didn't bet)
Seat 2: Dorex2007 folded before Flop (didn't bet)
Seat 3: pachazinho folded before Flop (didn't bet)
Seat 4: Andorrior (button) folded before Flop (didn't bet)
Seat 5: 1Asthma1 (small blind) folded before Flop
Seat 7: Pepono101 (big blind) collected ($0.02)
Seat 8: GMpozolito folded before Flop (didn't bet)
Seat 9: frosa9397 folded before Flop (didn't bet)



PokerStars Hand #231360694681:  Hold'em No Limit ($0.01/$0.02 USD) - 2021/11/12 20:50:02 PT [2021/11/12 23:50:02 ET]
Table 'Marfark II' 9-max Seat #5 is the button
Seat 1: NormBabe ($1.99 in chips) 
Seat 2: Dorex2007 ($2.06 in chips) 
Seat 3: pachazinho ($4.85 in chips) 
Seat 4: Andorrior ($1.07 in chips) 
Seat 5: 1Asthma1 ($2.47 in chips) 
Seat 7: Pepono101 ($1.84 in chips) 
Seat 8: GMpozolito ($1.53 in chips) 
Seat 9: frosa9397 ($2.77 in chips) 
Pepono101: posts small blind $0.01
GMpozolito: posts big blind $0.02
*** HOLE CARDS ***
Dealt to Dorex2007 [Ah 2s]
frosa9397: calls $0.02
NormBabe: calls $0.02
Dorex2007: folds 
pachazinho: calls $0.02
Andorrior: folds 
1Asthma1: folds 
Pepono101: calls $0.01
GMpozolito: checks 
*** FLOP *** [8d 9c Ks]
Pepono101: checks 
GMpozolito: checks 
frosa9397: checks 
NormBabe: checks 
pachazinho: bets $0.10
Pepono101: folds 
GMpozolito: folds 
frosa9397: folds 
NormBabe: folds 
Uncalled bet ($0.10) returned to pachazinho
pachazinho collected $0.10 from pot
*** SUMMARY ***
Total pot $0.10 | Rake $0 
Board [8d 9c Ks]
Seat 1: NormBabe folded on the Flop
Seat 2: Dorex2007 folded before Flop (didn't bet)
Seat 3: pachazinho collected ($0.10)
Seat 4: Andorrior folded before Flop (didn't bet)
Seat 5: 1Asthma1 (button) folded before Flop (didn't bet)
Seat 7: Pepono101 (small blind) folded on the Flop
Seat 8: GMpozolito (big blind) folded on the Flop
Seat 9: frosa9397 folded on the Flop



PokerStars Hand #231360701841:  Hold'em No Limit ($0.01/$0.02 USD) - 2021/11/12 20:50:43 PT [2021/11/12 23:50:43 ET]
Table 'Marfark II' 9-max Seat #7 is the button
Seat 1: NormBabe ($1.97 in chips) 
Seat 2: Dorex2007 ($2.06 in chips) 
Seat 3: pachazinho ($4.93 in chips) 
Seat 4: Andorrior ($1.07 in chips) 
Seat 5: 1Asthma1 ($2.47 in chips) 
Seat 7: Pepono101 ($1.82 in chips) 
Seat 8: GMpozolito ($1.51 in chips) 
Seat 9: frosa9397 ($2.75 in chips) 
GMpozolito: posts small blind $0.01
frosa9397: posts big blind $0.02
*** HOLE CARDS ***
Dealt to Dorex2007 [2c Qd]
NormBabe: calls $0.02
Dorex2007: folds 
pachazinho: calls $0.02
Andorrior: folds 
1Asthma1: folds 
Pepono101: folds 
GMpozolito: raises $0.02 to $0.04
frosa9397: folds 
NormBabe: calls $0.02
pachazinho: calls $0.02
*** FLOP *** [4c 3h Kd]
GMpozolito: bets $0.07
NormBabe: folds 
pachazinho: calls $0.07
*** TURN *** [4c 3h Kd] [7d]
so0love joins the table at seat #6 
GMpozolito: bets $0.14
pachazinho: folds 
Uncalled bet ($0.14) returned to GMpozolito
GMpozolito collected $0.27 from pot
GMpozolito: doesn't show hand 
*** SUMMARY ***
Total pot $0.28 | Rake $0.01 
Board [4c 3h Kd 7d]
Seat 1: NormBabe folded on the Flop
Seat 2: Dorex2007 folded before Flop (didn't bet)
Seat 3: pachazinho folded on the Turn
Seat 4: Andorrior folded before Flop (didn't bet)
Seat 5: 1Asthma1 folded before Flop (didn't bet)
Seat 7: Pepono101 (button) folded before Flop (didn't bet)
Seat 8: GMpozolito (small blind) collected ($0.27)
Seat 9: frosa9397 (big blind) folded before Flop



PokerStars Hand #231360710133:  Hold'em No Limit ($0.01/$0.02 USD) - 2021/11/12 20:51:31 PT [2021/11/12 23:51:31 ET]
Table 'Marfark II' 9-max Seat #8 is the button
Seat 1: NormBabe ($1.93 in chips) 
Seat 2: Dorex2007 ($2.06 in chips) 
Seat 3: pachazinho ($4.82 in chips) 
Seat 4: Andorrior ($1.07 in chips) 
Seat 5: 1Asthma1 ($2.47 in chips) 
Seat 7: Pepono101 ($1.82 in chips) 
Seat 8: GMpozolito ($1.67 in chips) 
Seat 9: frosa9397 ($2.73 in chips) 
frosa9397: posts small blind $0.01
NormBabe: posts big blind $0.02
so0love: sits out 
*** HOLE CARDS ***
Dealt to Dorex2007 [5d 8d]
Dorex2007: folds 
pachazinho: calls $0.02
Andorrior: folds 
1Asthma1: folds 
Pepono101: raises $0.04 to $0.06
GMpozolito: calls $0.06
frosa9397: folds 
NormBabe: folds 
pachazinho: calls $0.04
*** FLOP *** [6h 8s 8h]
pachazinho: checks 
Pepono101: checks 
GMpozolito: checks 
*** TURN *** [6h 8s 8h] [Tc]
pachazinho: checks 
Pepono101: checks 
GMpozolito: bets $0.04
pachazinho: folds 
Pepono101: calls $0.04
*** RIVER *** [6h 8s 8h Tc] [7d]
Pepono101: checks 
GMpozolito: bets $0.14
Pepono101: folds 
Uncalled bet ($0.14) returned to GMpozolito
GMpozolito collected $0.28 from pot
GMpozolito: doesn't show hand 
*** SUMMARY ***
Total pot $0.29 | Rake $0.01 
Board [6h 8s 8h Tc 7d]
Seat 1: NormBabe (big blind) folded before Flop
Seat 2: Dorex2007 folded before Flop (didn't bet)
Seat 3: pachazinho folded on the Turn
Seat 4: Andorrior folded before Flop (didn't bet)
Seat 5: 1Asthma1 folded before Flop (didn't bet)
Seat 7: Pepono101 folded on the River
Seat 8: GMpozolito (button) collected ($0.28)
Seat 9: frosa9397 (small blind) folded before Flop



PokerStars Hand #231360722780:  Hold'em No Limit ($0.01/$0.02 USD) - 2021/11/12 20:52:44 PT [2021/11/12 23:52:44 ET]
Table 'Marfark II' 9-max Seat #9 is the button
Seat 1: NormBabe ($1.91 in chips) 
Seat 2: Dorex2007 ($2.06 in chips) 
Seat 3: pachazinho ($4.76 in chips) 
Seat 4: Andorrior ($1.07 in chips) 
Seat 5: 1Asthma1 ($2.47 in chips) 
Seat 7: Pepono101 ($1.72 in chips) 
Seat 8: GMpozolito ($1.85 in chips) 
Seat 9: frosa9397 ($2.72 in chips) 
NormBabe: posts small blind $0.01
Dorex2007: posts big blind $0.02
so0love: sits out 
*** HOLE CARDS ***
Dealt to Dorex2007 [9h Jc]
pachazinho: folds 
Andorrior: folds 
1Asthma1: folds 
Pepono101: folds 
GMpozolito: folds 
frosa9397 has timed out
frosa9397: folds 
NormBabe: folds 
Uncalled bet ($0.01) returned to Dorex2007
Dorex2007 collected $0.02 from pot
Dorex2007: doesn't show hand 
*** SUMMARY ***
Total pot $0.02 | Rake $0 
Seat 1: NormBabe (small blind) folded before Flop
Seat 2: Dorex2007 (big blind) collected ($0.02)
Seat 3: pachazinho folded before Flop (didn't bet)
Seat 4: Andorrior folded before Flop (didn't bet)
Seat 5: 1Asthma1 folded before Flop (didn't bet)
Seat 7: Pepono101 folded before Flop (didn't bet)
Seat 8: GMpozolito folded before Flop (didn't bet)
Seat 9: frosa9397 (button) folded before Flop (didn't bet)



PokerStars Hand #231360727367:  Hold'em No Limit ($0.01/$0.02 USD) - 2021/11/12 20:53:11 PT [2021/11/12 23:53:11 ET]
Table 'Marfark II' 9-max Seat #1 is the button
Seat 1: NormBabe ($1.90 in chips) 
Seat 2: Dorex2007 ($2.07 in chips) 
Seat 3: pachazinho ($4.76 in chips) 
Seat 4: Andorrior ($1.07 in chips) 
Seat 5: 1Asthma1 ($2.47 in chips) 
Seat 7: Pepono101 ($1.72 in chips) 
Seat 8: GMpozolito ($1.85 in chips) 
Dorex2007: posts small blind $0.01
pachazinho: posts big blind $0.02
so0love: sits out 
*** HOLE CARDS ***
Dealt to Dorex2007 [2s 9d]
Andorrior: folds 
1Asthma1: folds 
Pepono101: folds 
GMpozolito: folds 
NormBabe: folds 
Dorex2007: folds 
Uncalled bet ($0.01) returned to pachazinho
pachazinho collected $0.02 from pot
*** SUMMARY ***
Total pot $0.02 | Rake $0 
Seat 1: NormBabe (button) folded before Flop (didn't bet)
Seat 2: Dorex2007 (small blind) folded before Flop
Seat 3: pachazinho (big blind) collected ($0.02)
Seat 4: Andorrior folded before Flop (didn't bet)
Seat 5: 1Asthma1 folded before Flop (didn't bet)
Seat 7: Pepono101 folded before Flop (didn't bet)
Seat 8: GMpozolito folded before Flop (didn't bet)



PokerStars Hand #231360730078:  Hold'em No Limit ($0.01/$0.02 USD) - 2021/11/12 20:53:27 PT [2021/11/12 23:53:27 ET]
Table 'Marfark II' 9-max Seat #2 is the button
Seat 1: NormBabe ($1.90 in chips) 
Seat 2: Dorex2007 ($2.06 in chips) 
Seat 3: pachazinho ($4.77 in chips) 
Seat 4: Andorrior ($1.07 in chips) 
Seat 5: 1Asthma1 ($2.47 in chips) 
Seat 7: Pepono101 ($1.72 in chips) 
Seat 8: GMpozolito ($1.85 in chips) 
pachazinho: posts small blind $0.01
Andorrior: posts big blind $0.02
so0love: sits out 
*** HOLE CARDS ***
Dealt to Dorex2007 [7h Ks]
1Asthma1: folds 
Pepono101: folds 
GMpozolito: folds 
NormBabe: folds 
Dorex2007: folds 
pachazinho: calls $0.01
Andorrior: checks 
*** FLOP *** [Kd 4h 2d]
pachazinho: checks 
Andorrior: checks 
*** TURN *** [Kd 4h 2d] [8c]
pachazinho: checks 
Andorrior: checks 
*** RIVER *** [Kd 4h 2d 8c] [7d]
pachazinho: checks 
Andorrior: checks 
*** SHOW DOWN ***
pachazinho: shows [9h Th] (high card King)
Andorrior: shows [Jh 6d] (high card King - Jack kicker)
Andorrior collected $0.04 from pot
*** SUMMARY ***
Total pot $0.04 | Rake $0 
Board [Kd 4h 2d 8c 7d]
Seat 1: NormBabe folded before Flop (didn't bet)
Seat 2: Dorex2007 (button) folded before Flop (didn't bet)
Seat 3: pachazinho (small blind) showed [9h Th] and lost with high card King
Seat 4: Andorrior (big blind) showed [Jh 6d] and won ($0.04) with high card King
Seat 5: 1Asthma1 folded before Flop (didn't bet)
Seat 7: Pepono101 folded before Flop (didn't bet)
Seat 8: GMpozolito folded before Flop (didn't bet)



PokerStars Hand #231360734040:  Hold'em No Limit ($0.01/$0.02 USD) - 2021/11/12 20:53:50 PT [2021/11/12 23:53:50 ET]
Table 'Marfark II' 9-max Seat #3 is the button
Seat 1: NormBabe ($1.90 in chips) 
Seat 2: Dorex2007 ($2.06 in chips) 
Seat 3: pachazinho ($4.75 in chips) 
Seat 4: Andorrior ($1.09 in chips) 
Seat 5: 1Asthma1 ($2.47 in chips) 
Seat 7: Pepono101 ($1.72 in chips) 
Seat 8: GMpozolito ($1.85 in chips) 
Andorrior: posts small blind $0.01
1Asthma1: posts big blind $0.02
so0love: sits out 
*** HOLE CARDS ***
Dealt to Dorex2007 [4h 6h]
Pepono101: folds 
GMpozolito: calls $0.02
NormBabe: folds 
Dorex2007: folds 
pachazinho: calls $0.02
Andorrior: calls $0.01
1Asthma1: checks 
*** FLOP *** [4s Ad 2c]
Andorrior: checks 
1Asthma1: checks 
GMpozolito: checks 
pachazinho: bets $0.08
Andorrior: folds 
1Asthma1: folds 
GMpozolito: folds 
Uncalled bet ($0.08) returned to pachazinho
pachazinho collected $0.08 from pot
*** SUMMARY ***
Total pot $0.08 | Rake $0 
Board [4s Ad 2c]
Seat 1: NormBabe folded before Flop (didn't bet)
Seat 2: Dorex2007 folded before Flop (didn't bet)
Seat 3: pachazinho (button) collected ($0.08)
Seat 4: Andorrior (small blind) folded on the Flop
Seat 5: 1Asthma1 (big blind) folded on the Flop
Seat 7: Pepono101 folded before Flop (didn't bet)
Seat 8: GMpozolito folded on the Flop



PokerStars Hand #231360740649:  Hold'em No Limit ($0.01/$0.02 USD) - 2021/11/12 20:54:29 PT [2021/11/12 23:54:29 ET]
Table 'Marfark II' 9-max Seat #4 is the button
Seat 1: NormBabe ($1.90 in chips) 
Seat 2: Dorex2007 ($2.06 in chips) 
Seat 3: pachazinho ($4.81 in chips) 
Seat 4: Andorrior ($1.07 in chips) 
Seat 5: 1Asthma1 ($2.45 in chips) 
Seat 6: so0love ($2 in chips) 
Seat 7: Pepono101 ($1.72 in chips) 
Seat 8: GMpozolito ($1.83 in chips) 
1Asthma1: posts small blind $0.01
so0love: posts big blind $0.02
*** HOLE CARDS ***
Dealt to Dorex2007 [9c 7s]
Pepono101: folds 
GMpozolito: calls $0.02
NormBabe: folds 
Dorex2007: folds 
pachazinho: raises $0.04 to $0.06
Andorrior: folds 
1Asthma1: folds 
so0love: folds 
GMpozolito: folds 
Uncalled bet ($0.04) returned to pachazinho
pachazinho collected $0.07 from pot
*** SUMMARY ***
Total pot $0.07 | Rake $0 
Seat 1: NormBabe folded before Flop (didn't bet)
Seat 2: Dorex2007 folded before Flop (didn't bet)
Seat 3: pachazinho collected ($0.07)
Seat 4: Andorrior (button) folded before Flop (didn't bet)
Seat 5: 1Asthma1 (small blind) folded before Flop
Seat 6: so0love (big blind) folded before Flop
Seat 7: Pepono101 folded before Flop (didn't bet)
Seat 8: GMpozolito folded before Flop



PokerStars Hand #231360746964:  Hold'em No Limit ($0.01/$0.02 USD) - 2021/11/12 20:55:05 PT [2021/11/12 23:55:05 ET]
Table 'Marfark II' 9-max Seat #5 is the button
Seat 1: NormBabe ($1.90 in chips) 
Seat 2: Dorex2007 ($2.06 in chips) 
Seat 3: pachazinho ($4.86 in chips) 
Seat 4: Andorrior ($1.07 in chips) 
Seat 5: 1Asthma1 ($2.44 in chips) 
Seat 6: so0love ($2 in chips) 
Seat 7: Pepono101 ($1.72 in chips) 
Seat 8: GMpozolito ($1.81 in chips) 
so0love: posts small blind $0.01
Pepono101: posts big blind $0.02
*** HOLE CARDS ***
Dealt to Dorex2007 [Kc Qd]
GMpozolito: calls $0.02
NormBabe: folds 
Dorex2007: raises $0.04 to $0.06
pachazinho: calls $0.06
Andorrior: folds 
1Asthma1: folds 
so0love: folds 
Pepono101: folds 
GMpozolito: calls $0.04
*** FLOP *** [Ad Kh Js]
GMpozolito: bets $0.02
Dorex2007: raises $0.16 to $0.18
pachazinho: folds 
GMpozolito: calls $0.16
*** TURN *** [Ad Kh Js] [4s]
GMpozolito: checks 
Dorex2007: checks 
*** RIVER *** [Ad Kh Js 4s] [8s]
GMpozolito: bets $0.02
Dorex2007: calls $0.02
*** SHOW DOWN ***
GMpozolito: shows [Ah Jd] (two pair, Aces and Jacks)
Dorex2007: mucks hand 
GMpozolito collected $0.59 from pot
*** SUMMARY ***
Total pot $0.61 | Rake $0.02 
Board [Ad Kh Js 4s 8s]
Seat 1: NormBabe folded before Flop (didn't bet)
Seat 2: Dorex2007 mucked [Kc Qd]
Seat 3: pachazinho folded on the Flop
Seat 4: Andorrior folded before Flop (didn't bet)
Seat 5: 1Asthma1 (button) folded before Flop (didn't bet)
Seat 6: so0love (small blind) folded before Flop
Seat 7: Pepono101 (big blind) folded before Flop
Seat 8: GMpozolito showed [Ah Jd] and won ($0.59) with two pair, Aces and Jacks



PokerStars Hand #231360754946:  Hold'em No Limit ($0.01/$0.02 USD) - 2021/11/12 20:56:01 PT [2021/11/12 23:56:01 ET]
Table 'Marfark II' 9-max Seat #6 is the button
Seat 1: NormBabe ($2 in chips) 
Seat 2: Dorex2007 ($2 in chips) 
Seat 3: pachazinho ($4.80 in chips) 
Seat 4: Andorrior ($1.07 in chips) 
Seat 5: 1Asthma1 ($2.44 in chips) 
Seat 6: so0love ($2 in chips) 
Seat 7: Pepono101 ($1.70 in chips) 
Seat 8: GMpozolito ($2.14 in chips) 
Pepono101: posts small blind $0.01
GMpozolito: posts big blind $0.02
*** HOLE CARDS ***
Dealt to Dorex2007 [Qd Ad]
NormBabe: folds 
Dorex2007: raises $0.04 to $0.06
pachazinho: folds 
Andorrior: folds 
1Asthma1: folds 
so0love: calls $0.06
Pepono101: folds 
GMpozolito: folds 
*** FLOP *** [4s Th 3s]
Dorex2007: bets $0.07
so0love: calls $0.07
*** TURN *** [4s Th 3s] [Ah]
Dorex2007: bets $0.14
so0love: raises $0.22 to $0.36
Dorex2007: calls $0.22
*** RIVER *** [4s Th 3s Ah] [4d]
Dorex2007: bets $0.49
so0love: folds 
Uncalled bet ($0.49) returned to Dorex2007
Dorex2007 collected $0.97 from pot
Dorex2007: doesn't show hand 
*** SUMMARY ***
Total pot $1.01 | Rake $0.04 
Board [4s Th 3s Ah 4d]
Seat 1: NormBabe folded before Flop (didn't bet)
Seat 2: Dorex2007 collected ($0.97)
Seat 3: pachazinho folded before Flop (didn't bet)
Seat 4: Andorrior folded before Flop (didn't bet)
Seat 5: 1Asthma1 folded before Flop (didn't bet)
Seat 6: so0love (button) folded on the River
Seat 7: Pepono101 (small blind) folded before Flop
Seat 8: GMpozolito (big blind) folded before Flop



PokerStars Hand #231360768035:  Hold'em No Limit ($0.01/$0.02 USD) - 2021/11/12 20:57:27 PT [2021/11/12 23:57:27 ET]
Table 'Marfark II' 9-max Seat #7 is the button
Seat 1: NormBabe ($2 in chips) 
Seat 2: Dorex2007 ($2.48 in chips) 
Seat 3: pachazinho ($4.80 in chips) 
Seat 4: Andorrior ($1.07 in chips) 
Seat 5: 1Asthma1 ($2.44 in chips) 
Seat 6: so0love ($2 in chips) 
Seat 7: Pepono101 ($1.69 in chips) 
Seat 8: GMpozolito ($2.12 in chips) 
GMpozolito: posts small blind $0.01
NormBabe: posts big blind $0.02
*** HOLE CARDS ***
Dealt to Dorex2007 [9h Qs]
Dorex2007: folds 
pachazinho: folds 
Andorrior: folds 
1Asthma1: folds 
so0love: raises $0.05 to $0.07
Pepono101: folds 
GMpozolito: folds 
NormBabe: calls $0.05
*** FLOP *** [Tc Ac 9s]
NormBabe: checks 
so0love: bets $0.06
NormBabe: raises $0.26 to $0.32
so0love: folds 
Uncalled bet ($0.26) returned to NormBabe
NormBabe collected $0.26 from pot
NormBabe: doesn't show hand 
*** SUMMARY ***
Total pot $0.27 | Rake $0.01 
Board [Tc Ac 9s]
Seat 1: NormBabe (big blind) collected ($0.26)
Seat 2: Dorex2007 folded before Flop (didn't bet)
Seat 3: pachazinho folded before Flop (didn't bet)
Seat 4: Andorrior folded before Flop (didn't bet)
Seat 5: 1Asthma1 folded before Flop (didn't bet)
Seat 6: so0love folded on the Flop
Seat 7: Pepono101 (button) folded before Flop (didn't bet)
Seat 8: GMpozolito (small blind) folded before Flop



PokerStars Hand #231360781839:  Hold'em No Limit ($0.01/$0.02 USD) - 2021/11/12 20:58:10 PT [2021/11/12 23:58:10 ET]
Table 'Marfark II' 9-max Seat #8 is the button
Seat 1: NormBabe ($2.13 in chips) 
Seat 2: Dorex2007 ($2.48 in chips) 
Seat 3: pachazinho ($4.80 in chips) 
Seat 4: Andorrior ($1.07 in chips) 
Seat 5: 1Asthma1 ($2.44 in chips) 
Seat 6: so0love ($2 in chips) 
Seat 7: Pepono101 ($1.69 in chips) 
Seat 8: GMpozolito ($2.11 in chips) 
NormBabe: posts small blind $0.01
Dorex2007: posts big blind $0.02
*** HOLE CARDS ***
Dealt to Dorex2007 [Qc Kh]
pachazinho: calls $0.02
Andorrior: folds 
1Asthma1: folds 
so0love: folds 
Pepono101: folds 
GMpozolito: calls $0.02
NormBabe: folds 
Dorex2007: checks 
*** FLOP *** [Jd Ac 3s]
Dorex2007: checks 
pachazinho: checks 
GMpozolito: checks 
*** TURN *** [Jd Ac 3s] [3h]
Dorex2007: bets $0.04
pachazinho: calls $0.04
GMpozolito: folds 
*** RIVER *** [Jd Ac 3s 3h] [4s]
Dorex2007: checks 
pachazinho: checks 
*** SHOW DOWN ***
Dorex2007: shows [Qc Kh] (a pair of Threes)
pachazinho: shows [8h As] (two pair, Aces and Threes)
pachazinho collected $0.14 from pot
*** SUMMARY ***
Total pot $0.15 | Rake $0.01 
Board [Jd Ac 3s 3h 4s]
Seat 1: NormBabe (small blind) folded before Flop
Seat 2: Dorex2007 (big blind) showed [Qc Kh] and lost with a pair of Threes
Seat 3: pachazinho showed [8h As] and won ($0.14) with two pair, Aces and Threes
Seat 4: Andorrior folded before Flop (didn't bet)
Seat 5: 1Asthma1 folded before Flop (didn't bet)
Seat 6: so0love folded before Flop (didn't bet)
Seat 7: Pepono101 folded before Flop (didn't bet)
Seat 8: GMpozolito (button) folded on the Turn



PokerStars Hand #231360789186:  Hold'em No Limit ($0.01/$0.02 USD) - 2021/11/12 20:59:03 PT [2021/11/12 23:59:03 ET]
Table 'Marfark II' 9-max Seat #1 is the button
Seat 1: NormBabe ($2.12 in chips) 
Seat 2: Dorex2007 ($2.42 in chips) 
Seat 3: pachazinho ($4.88 in chips) 
Seat 4: Andorrior ($1.07 in chips) 
Seat 5: 1Asthma1 ($2.44 in chips) 
Seat 6: so0love ($2 in chips) 
Seat 7: Pepono101 ($1.69 in chips) 
Seat 8: GMpozolito ($2.09 in chips) 
Dorex2007: posts small blind $0.01
pachazinho: posts big blind $0.02
*** HOLE CARDS ***
Dealt to Dorex2007 [4d 5c]
Andorrior: folds 
1Asthma1: folds 
so0love: folds 
Pepono101: folds 
GMpozolito: folds 
NormBabe: folds 
Dorex2007: calls $0.01
pachazinho: checks 
*** FLOP *** [Ks 8d 5h]
Dorex2007: checks 
pachazinho: checks 
*** TURN *** [Ks 8d 5h] [3c]
Dorex2007: checks 
pachazinho: bets $0.04
Dorex2007: calls $0.04
*** RIVER *** [Ks 8d 5h 3c] [7d]
Dorex2007: bets $0.06
pachazinho: folds 
Uncalled bet ($0.06) returned to Dorex2007
Dorex2007 collected $0.12 from pot
Dorex2007: doesn't show hand 
*** SUMMARY ***
Total pot $0.12 | Rake $0 
Board [Ks 8d 5h 3c 7d]
Seat 1: NormBabe (button) folded before Flop (didn't bet)
Seat 2: Dorex2007 (small blind) collected ($0.12)
Seat 3: pachazinho (big blind) folded on the River
Seat 4: Andorrior folded before Flop (didn't bet)
Seat 5: 1Asthma1 folded before Flop (didn't bet)
Seat 6: so0love folded before Flop (didn't bet)
Seat 7: Pepono101 folded before Flop (didn't bet)
Seat 8: GMpozolito folded before Flop (didn't bet)



PokerStars Hand #231360794379:  Hold'em No Limit ($0.01/$0.02 USD) - 2021/11/12 20:59:40 PT [2021/11/12 23:59:40 ET]
Table 'Marfark II' 9-max Seat #2 is the button
Seat 1: NormBabe ($2.12 in chips) 
Seat 2: Dorex2007 ($2.48 in chips) 
Seat 3: pachazinho ($4.82 in chips) 
Seat 4: Andorrior ($1.07 in chips) 
Seat 5: 1Asthma1 ($2.44 in chips) 
Seat 6: so0love ($2 in chips) 
Seat 7: Pepono101 ($1.69 in chips) 
Seat 8: GMpozolito ($2.09 in chips) 
pachazinho: posts small blind $0.01
Andorrior: posts big blind $0.02
*** HOLE CARDS ***
Dealt to Dorex2007 [2c 7d]
1Asthma1: folds 
so0love: folds 
Pepono101: folds 
GMpozolito: folds 
NormBabe: folds 
Dorex2007: folds 
pachazinho: folds 
Uncalled bet ($0.01) returned to Andorrior
Andorrior collected $0.02 from pot
*** SUMMARY ***
Total pot $0.02 | Rake $0 
Seat 1: NormBabe folded before Flop (didn't bet)
Seat 2: Dorex2007 (button) folded before Flop (didn't bet)
Seat 3: pachazinho (small blind) folded before Flop
Seat 4: Andorrior (big blind) collected ($0.02)
Seat 5: 1Asthma1 folded before Flop (didn't bet)
Seat 6: so0love folded before Flop (didn't bet)
Seat 7: Pepono101 folded before Flop (didn't bet)
Seat 8: GMpozolito folded before Flop (didn't bet)



