PokerStars Hand #230566911879:  Hold'em No Limit ($0.01/$0.02 USD) - 2021/10/12 23:29:20 PT [2021/10/13 2:29:20 ET]
Table 'Cowell II' 9-max Seat #3 is the button
Seat 1: luv_triton ($0.83 in chips) 
Seat 2: Dorex2007 ($2 in chips) 
Seat 3: Bly Sky31 ($0.66 in chips) 
Seat 5: s_nami_bog38 ($0.78 in chips) 
Seat 6: meelo32 ($1.79 in chips) 
Seat 7: kostya163173 ($2.46 in chips) 
Seat 8: Boomz25 ($1.94 in chips) 
Seat 9: KILL YOU1975 ($2.77 in chips) 
s_nami_bog38: posts small blind $0.01
meelo32: posts big blind $0.02
Dorex2007: posts big blind $0.02
*** HOLE CARDS ***
Dealt to Dorex2007 [3c Td]
kostya163173: folds 
Boomz25: folds 
KILL YOU1975: folds 
luv_triton: folds 
Dorex2007: checks 
Bly Sky31: folds 
s_nami_bog38: calls $0.01
meelo32: checks 
*** FLOP *** [6d Ks 7s]
KILL YOU1975 said, "GOLUBOK"
s_nami_bog38: checks 
meelo32: checks 
Dorex2007: checks 
*** TURN *** [6d Ks 7s] [9c]
s_nami_bog38: checks 
meelo32: checks 
Dorex2007: bets $0.03
s_nami_bog38: folds 
meelo32: folds 
Uncalled bet ($0.03) returned to Dorex2007
Dorex2007 collected $0.06 from pot
Dorex2007: doesn't show hand 
*** SUMMARY ***
Total pot $0.06 | Rake $0 
Board [6d Ks 7s 9c]
Seat 1: luv_triton folded before Flop (didn't bet)
Seat 2: Dorex2007 collected ($0.06)
Seat 3: Bly Sky31 (button) folded before Flop (didn't bet)
Seat 5: s_nami_bog38 (small blind) folded on the Turn
Seat 6: meelo32 (big blind) folded on the Turn
Seat 7: kostya163173 folded before Flop (didn't bet)
Seat 8: Boomz25 folded before Flop (didn't bet)
Seat 9: KILL YOU1975 folded before Flop (didn't bet)



PokerStars Hand #230566921331:  Hold'em No Limit ($0.01/$0.02 USD) - 2021/10/12 23:30:33 PT [2021/10/13 2:30:33 ET]
Table 'Cowell II' 9-max Seat #5 is the button
Seat 1: luv_triton ($0.83 in chips) 
Seat 2: Dorex2007 ($2.04 in chips) 
Seat 3: Bly Sky31 ($0.66 in chips) 
Seat 5: s_nami_bog38 ($0.76 in chips) 
Seat 6: meelo32 ($1.77 in chips) 
Seat 7: kostya163173 ($2.46 in chips) 
Seat 8: Boomz25 ($1.94 in chips) 
Seat 9: KILL YOU1975 ($2.77 in chips) 
meelo32: posts small blind $0.01
kostya163173: posts big blind $0.02
Helwii: sits out 
*** HOLE CARDS ***
Dealt to Dorex2007 [Jh 5c]
Boomz25: calls $0.02
KILL YOU1975: folds 
luv_triton: folds 
Dorex2007: folds 
Bly Sky31: folds 
s_nami_bog38: folds 
meelo32: folds 
kostya163173: checks 
*** FLOP *** [Ac 9c 9h]
kostya163173: checks 
Boomz25: checks 
*** TURN *** [Ac 9c 9h] [Kh]
kostya163173: bets $0.05
Boomz25: folds 
Uncalled bet ($0.05) returned to kostya163173
kostya163173 collected $0.05 from pot
kostya163173: doesn't show hand 
*** SUMMARY ***
Total pot $0.05 | Rake $0 
Board [Ac 9c 9h Kh]
Seat 1: luv_triton folded before Flop (didn't bet)
Seat 2: Dorex2007 folded before Flop (didn't bet)
Seat 3: Bly Sky31 folded before Flop (didn't bet)
Seat 5: s_nami_bog38 (button) folded before Flop (didn't bet)
Seat 6: meelo32 (small blind) folded before Flop
Seat 7: kostya163173 (big blind) collected ($0.05)
Seat 8: Boomz25 folded on the Turn
Seat 9: KILL YOU1975 folded before Flop (didn't bet)



PokerStars Hand #230566925391:  Hold'em No Limit ($0.01/$0.02 USD) - 2021/10/12 23:31:05 PT [2021/10/13 2:31:05 ET]
Table 'Cowell II' 9-max Seat #6 is the button
Seat 1: luv_triton ($0.83 in chips) 
Seat 2: Dorex2007 ($2.04 in chips) 
Seat 3: Bly Sky31 ($0.66 in chips) 
Seat 5: s_nami_bog38 ($0.76 in chips) 
Seat 6: meelo32 ($1.76 in chips) 
Seat 7: kostya163173 ($2.49 in chips) 
Seat 8: Boomz25 ($1.92 in chips) 
Seat 9: KILL YOU1975 ($2.77 in chips) 
kostya163173: posts small blind $0.01
Boomz25: posts big blind $0.02
Helwii: sits out 
*** HOLE CARDS ***
Dealt to Dorex2007 [Qc 3s]
KILL YOU1975: calls $0.02
luv_triton: folds 
Dorex2007: folds 
Bly Sky31: folds 
s_nami_bog38: folds 
meelo32: folds 
kostya163173: calls $0.01
Boomz25: checks 
*** FLOP *** [Jd 7h Qh]
kostya163173: checks 
Boomz25: checks 
KILL YOU1975: checks 
*** TURN *** [Jd 7h Qh] [9h]
kostya163173: checks 
Boomz25: checks 
KILL YOU1975: checks 
*** RIVER *** [Jd 7h Qh 9h] [Kd]
kostya163173: bets $0.02
Boomz25: folds 
KILL YOU1975: folds 
Uncalled bet ($0.02) returned to kostya163173
kostya163173 collected $0.06 from pot
kostya163173: doesn't show hand 
*** SUMMARY ***
Total pot $0.06 | Rake $0 
Board [Jd 7h Qh 9h Kd]
Seat 1: luv_triton folded before Flop (didn't bet)
Seat 2: Dorex2007 folded before Flop (didn't bet)
Seat 3: Bly Sky31 folded before Flop (didn't bet)
Seat 5: s_nami_bog38 folded before Flop (didn't bet)
Seat 6: meelo32 (button) folded before Flop (didn't bet)
Seat 7: kostya163173 (small blind) collected ($0.06)
Seat 8: Boomz25 (big blind) folded on the River
Seat 9: KILL YOU1975 folded on the River



PokerStars Hand #230566931820:  Hold'em No Limit ($0.01/$0.02 USD) - 2021/10/12 23:31:54 PT [2021/10/13 2:31:54 ET]
Table 'Cowell II' 9-max Seat #7 is the button
Seat 1: luv_triton ($0.83 in chips) 
Seat 2: Dorex2007 ($2.04 in chips) 
Seat 3: Bly Sky31 ($0.66 in chips) 
Seat 5: s_nami_bog38 ($0.76 in chips) 
Seat 6: meelo32 ($1.76 in chips) 
Seat 7: kostya163173 ($2.53 in chips) 
Seat 8: Boomz25 ($1.90 in chips) 
Seat 9: KILL YOU1975 ($2.75 in chips) 
Boomz25: posts small blind $0.01
KILL YOU1975: posts big blind $0.02
Helwii: sits out 
*** HOLE CARDS ***
Dealt to Dorex2007 [Kd 7h]
luv_triton: folds 
Dorex2007: folds 
Bly Sky31: folds 
s_nami_bog38: folds 
meelo32: folds 
kostya163173: calls $0.02
Boomz25: folds 
KILL YOU1975: checks 
*** FLOP *** [Qd Js 5d]
KILL YOU1975: bets $0.02
kostya163173: calls $0.02
*** TURN *** [Qd Js 5d] [Ad]
KILL YOU1975: bets $0.02
kostya163173: raises $0.02 to $0.04
KILL YOU1975: calls $0.02
*** RIVER *** [Qd Js 5d Ad] [Qh]
KILL YOU1975: bets $0.04
kostya163173: calls $0.04
*** SHOW DOWN ***
KILL YOU1975: shows [7d 4d] (a flush, Ace high)
kostya163173: shows [8d 3d] (a flush, Ace high - Eight higher)
kostya163173 collected $0.24 from pot
*** SUMMARY ***
Total pot $0.25 | Rake $0.01 
Board [Qd Js 5d Ad Qh]
Seat 1: luv_triton folded before Flop (didn't bet)
Seat 2: Dorex2007 folded before Flop (didn't bet)
Seat 3: Bly Sky31 folded before Flop (didn't bet)
Seat 5: s_nami_bog38 folded before Flop (didn't bet)
Seat 6: meelo32 folded before Flop (didn't bet)
Seat 7: kostya163173 (button) showed [8d 3d] and won ($0.24) with a flush, Ace high
Seat 8: Boomz25 (small blind) folded before Flop
Seat 9: KILL YOU1975 (big blind) showed [7d 4d] and lost with a flush, Ace high



PokerStars Hand #230566937947:  Hold'em No Limit ($0.01/$0.02 USD) - 2021/10/12 23:32:41 PT [2021/10/13 2:32:41 ET]
Table 'Cowell II' 9-max Seat #8 is the button
Seat 1: luv_triton ($0.83 in chips) 
Seat 2: Dorex2007 ($2.04 in chips) 
Seat 3: Bly Sky31 ($0.66 in chips) 
Seat 5: s_nami_bog38 ($0.76 in chips) 
Seat 6: meelo32 ($1.76 in chips) 
Seat 7: kostya163173 ($2.65 in chips) 
Seat 8: Boomz25 ($1.89 in chips) 
Seat 9: KILL YOU1975 ($2.63 in chips) 
KILL YOU1975: posts small blind $0.01
luv_triton: posts big blind $0.02
Helwii: sits out 
*** HOLE CARDS ***
Dealt to Dorex2007 [Tc Ad]
Dorex2007: folds 
Bly Sky31: folds 
s_nami_bog38: folds 
meelo32: calls $0.02
kostya163173: folds 
Boomz25: folds 
KILL YOU1975: folds 
luv_triton: checks 
*** FLOP *** [3d Th 7s]
luv_triton: checks 
meelo32: checks 
*** TURN *** [3d Th 7s] [8h]
luv_triton: bets $0.04
meelo32: folds 
Uncalled bet ($0.04) returned to luv_triton
luv_triton collected $0.05 from pot
luv_triton: doesn't show hand 
*** SUMMARY ***
Total pot $0.05 | Rake $0 
Board [3d Th 7s 8h]
Seat 1: luv_triton (big blind) collected ($0.05)
Seat 2: Dorex2007 folded before Flop (didn't bet)
Seat 3: Bly Sky31 folded before Flop (didn't bet)
Seat 5: s_nami_bog38 folded before Flop (didn't bet)
Seat 6: meelo32 folded on the Turn
Seat 7: kostya163173 folded before Flop (didn't bet)
Seat 8: Boomz25 (button) folded before Flop (didn't bet)
Seat 9: KILL YOU1975 (small blind) folded before Flop



PokerStars Hand #230566945989:  Hold'em No Limit ($0.01/$0.02 USD) - 2021/10/12 23:33:42 PT [2021/10/13 2:33:42 ET]
Table 'Cowell II' 9-max Seat #9 is the button
Seat 1: luv_triton ($0.86 in chips) 
Seat 2: Dorex2007 ($2.04 in chips) 
Seat 3: Bly Sky31 ($0.66 in chips) 
Seat 5: s_nami_bog38 ($0.76 in chips) 
Seat 6: meelo32 ($1.74 in chips) 
Seat 7: kostya163173 ($2.65 in chips) 
Seat 8: Boomz25 ($1.89 in chips) 
Seat 9: KILL YOU1975 ($2.62 in chips) 
luv_triton: posts small blind $0.01
Dorex2007: posts big blind $0.02
Helwii: sits out 
*** HOLE CARDS ***
Dealt to Dorex2007 [5h 2s]
Bly Sky31: folds 
s_nami_bog38: folds 
meelo32: folds 
kostya163173: folds 
Boomz25: folds 
KILL YOU1975: folds 
luv_triton: folds 
Uncalled bet ($0.01) returned to Dorex2007
Dorex2007 collected $0.02 from pot
Dorex2007: doesn't show hand 
*** SUMMARY ***
Total pot $0.02 | Rake $0 
Seat 1: luv_triton (small blind) folded before Flop
Seat 2: Dorex2007 (big blind) collected ($0.02)
Seat 3: Bly Sky31 folded before Flop (didn't bet)
Seat 5: s_nami_bog38 folded before Flop (didn't bet)
Seat 6: meelo32 folded before Flop (didn't bet)
Seat 7: kostya163173 folded before Flop (didn't bet)
Seat 8: Boomz25 folded before Flop (didn't bet)
Seat 9: KILL YOU1975 (button) folded before Flop (didn't bet)



PokerStars Hand #230566948876:  Hold'em No Limit ($0.01/$0.02 USD) - 2021/10/12 23:34:04 PT [2021/10/13 2:34:04 ET]
Table 'Cowell II' 9-max Seat #1 is the button
Seat 1: luv_triton ($0.85 in chips) 
Seat 2: Dorex2007 ($2.05 in chips) 
Seat 3: Bly Sky31 ($0.66 in chips) 
Seat 5: s_nami_bog38 ($0.76 in chips) 
Seat 6: meelo32 ($1.74 in chips) 
Seat 7: kostya163173 ($2.65 in chips) 
Seat 8: Boomz25 ($1.89 in chips) 
Seat 9: KILL YOU1975 ($2.62 in chips) 
Dorex2007: posts small blind $0.01
Bly Sky31: posts big blind $0.02
Helwii: sits out 
*** HOLE CARDS ***
Dealt to Dorex2007 [9h Tc]
s_nami_bog38: folds 
meelo32: calls $0.02
kostya163173: folds 
Boomz25: folds 
KILL YOU1975: calls $0.02
luv_triton: calls $0.02
Dorex2007: calls $0.01
Bly Sky31: checks 
*** FLOP *** [2d Kd Js]
Dorex2007: checks 
Bly Sky31: checks 
meelo32: checks 
KILL YOU1975: checks 
luv_triton: checks 
*** TURN *** [2d Kd Js] [5s]
Dorex2007: checks 
Bly Sky31: checks 
meelo32: checks 
KILL YOU1975: checks 
luv_triton: checks 
*** RIVER *** [2d Kd Js 5s] [6h]
Dorex2007: checks 
Bly Sky31: checks 
meelo32: checks 
KILL YOU1975: checks 
luv_triton: checks 
*** SHOW DOWN ***
Dorex2007: shows [9h Tc] (high card King)
Bly Sky31: shows [9s Ac] (high card Ace)
meelo32: shows [6s 7s] (a pair of Sixes)
KILL YOU1975: shows [8h Jh] (a pair of Jacks)
luv_triton: mucks hand 
KILL YOU1975 collected $0.10 from pot
*** SUMMARY ***
Total pot $0.10 | Rake $0 
Board [2d Kd Js 5s 6h]
Seat 1: luv_triton (button) mucked [9c As]
Seat 2: Dorex2007 (small blind) showed [9h Tc] and lost with high card King
Seat 3: Bly Sky31 (big blind) showed [9s Ac] and lost with high card Ace
Seat 5: s_nami_bog38 folded before Flop (didn't bet)
Seat 6: meelo32 showed [6s 7s] and lost with a pair of Sixes
Seat 7: kostya163173 folded before Flop (didn't bet)
Seat 8: Boomz25 folded before Flop (didn't bet)
Seat 9: KILL YOU1975 showed [8h Jh] and won ($0.10) with a pair of Jacks



PokerStars Hand #230566959453:  Hold'em No Limit ($0.01/$0.02 USD) - 2021/10/12 23:35:25 PT [2021/10/13 2:35:25 ET]
Table 'Cowell II' 9-max Seat #2 is the button
Seat 1: luv_triton ($0.83 in chips) 
Seat 2: Dorex2007 ($2.03 in chips) 
Seat 3: Bly Sky31 ($0.64 in chips) 
Seat 4: Helwii ($2 in chips) 
Seat 5: s_nami_bog38 ($0.76 in chips) 
Seat 6: meelo32 ($1.72 in chips) 
Seat 7: kostya163173 ($2.65 in chips) 
Seat 8: Boomz25 ($1.89 in chips) 
Seat 9: KILL YOU1975 ($2.70 in chips) 
Bly Sky31: posts small blind $0.01
Helwii: posts big blind $0.02
*** HOLE CARDS ***
Dealt to Dorex2007 [Ks 5c]
s_nami_bog38: folds 
meelo32: folds 
kostya163173: folds 
Boomz25: folds 
KILL YOU1975: folds 
luv_triton: folds 
Dorex2007: folds 
Bly Sky31: calls $0.01
Helwii: checks 
*** FLOP *** [6h 5d 9c]
Bly Sky31: bets $0.02
Helwii: folds 
Uncalled bet ($0.02) returned to Bly Sky31
Bly Sky31 collected $0.04 from pot
Bly Sky31: doesn't show hand 
*** SUMMARY ***
Total pot $0.04 | Rake $0 
Board [6h 5d 9c]
Seat 1: luv_triton folded before Flop (didn't bet)
Seat 2: Dorex2007 (button) folded before Flop (didn't bet)
Seat 3: Bly Sky31 (small blind) collected ($0.04)
Seat 4: Helwii (big blind) folded on the Flop
Seat 5: s_nami_bog38 folded before Flop (didn't bet)
Seat 6: meelo32 folded before Flop (didn't bet)
Seat 7: kostya163173 folded before Flop (didn't bet)
Seat 8: Boomz25 folded before Flop (didn't bet)
Seat 9: KILL YOU1975 folded before Flop (didn't bet)



PokerStars Hand #230566963150:  Hold'em No Limit ($0.01/$0.02 USD) - 2021/10/12 23:35:53 PT [2021/10/13 2:35:53 ET]
Table 'Cowell II' 9-max Seat #3 is the button
Seat 1: luv_triton ($0.83 in chips) 
Seat 2: Dorex2007 ($2.03 in chips) 
Seat 3: Bly Sky31 ($0.66 in chips) 
Seat 4: Helwii ($2 in chips) 
Seat 5: s_nami_bog38 ($0.76 in chips) 
Seat 6: meelo32 ($1.72 in chips) 
Seat 7: kostya163173 ($2.65 in chips) 
Seat 8: Boomz25 ($1.89 in chips) 
Seat 9: KILL YOU1975 ($2.70 in chips) 
Helwii: posts small blind $0.01
s_nami_bog38: posts big blind $0.02
*** HOLE CARDS ***
Dealt to Dorex2007 [2s 2c]
meelo32: folds 
kostya163173: folds 
Boomz25: folds 
KILL YOU1975: folds 
luv_triton: raises $0.04 to $0.06
Dorex2007: folds 
Bly Sky31: calls $0.06
Helwii: folds 
s_nami_bog38: folds 
*** FLOP *** [Ah 6s 9c]
luv_triton: bets $0.09
Bly Sky31: folds 
Uncalled bet ($0.09) returned to luv_triton
luv_triton collected $0.14 from pot
luv_triton: doesn't show hand 
*** SUMMARY ***
Total pot $0.15 | Rake $0.01 
Board [Ah 6s 9c]
Seat 1: luv_triton collected ($0.14)
Seat 2: Dorex2007 folded before Flop (didn't bet)
Seat 3: Bly Sky31 (button) folded on the Flop
Seat 4: Helwii (small blind) folded before Flop
Seat 5: s_nami_bog38 (big blind) folded before Flop
Seat 6: meelo32 folded before Flop (didn't bet)
Seat 7: kostya163173 folded before Flop (didn't bet)
Seat 8: Boomz25 folded before Flop (didn't bet)
Seat 9: KILL YOU1975 folded before Flop (didn't bet)



PokerStars Hand #230566968012:  Hold'em No Limit ($0.01/$0.02 USD) - 2021/10/12 23:36:30 PT [2021/10/13 2:36:30 ET]
Table 'Cowell II' 9-max Seat #4 is the button
Seat 1: luv_triton ($0.91 in chips) 
Seat 2: Dorex2007 ($2.03 in chips) 
Seat 3: Bly Sky31 ($0.60 in chips) 
Seat 4: Helwii ($2 in chips) 
Seat 5: s_nami_bog38 ($0.74 in chips) 
Seat 6: meelo32 ($1.72 in chips) 
Seat 7: kostya163173 ($2.65 in chips) 
Seat 8: Boomz25 ($1.89 in chips) 
Seat 9: KILL YOU1975 ($2.70 in chips) 
s_nami_bog38: posts small blind $0.01
meelo32: posts big blind $0.02
*** HOLE CARDS ***
Dealt to Dorex2007 [2d 5c]
kostya163173: folds 
Boomz25: folds 
KILL YOU1975: calls $0.02
luv_triton: folds 
Dorex2007: folds 
Bly Sky31: calls $0.02
Helwii: folds 
s_nami_bog38: calls $0.01
meelo32: checks 
*** FLOP *** [5d 8c 8s]
s_nami_bog38: checks 
meelo32: checks 
KILL YOU1975: bets $0.02
Bly Sky31: calls $0.02
s_nami_bog38: folds 
meelo32: folds 
*** TURN *** [5d 8c 8s] [As]
KILL YOU1975: checks 
Bly Sky31: bets $0.06
KILL YOU1975: calls $0.06
*** RIVER *** [5d 8c 8s As] [2c]
KILL YOU1975: bets $0.02
Bly Sky31: folds 
Uncalled bet ($0.02) returned to KILL YOU1975
KILL YOU1975 collected $0.23 from pot
KILL YOU1975: doesn't show hand 
*** SUMMARY ***
Total pot $0.24 | Rake $0.01 
Board [5d 8c 8s As 2c]
Seat 1: luv_triton folded before Flop (didn't bet)
Seat 2: Dorex2007 folded before Flop (didn't bet)
Seat 3: Bly Sky31 folded on the River
Seat 4: Helwii (button) folded before Flop (didn't bet)
Seat 5: s_nami_bog38 (small blind) folded on the Flop
Seat 6: meelo32 (big blind) folded on the Flop
Seat 7: kostya163173 folded before Flop (didn't bet)
Seat 8: Boomz25 folded before Flop (didn't bet)
Seat 9: KILL YOU1975 collected ($0.23)



PokerStars Hand #230566978139:  Hold'em No Limit ($0.01/$0.02 USD) - 2021/10/12 23:37:46 PT [2021/10/13 2:37:46 ET]
Table 'Cowell II' 9-max Seat #5 is the button
Seat 1: luv_triton ($0.91 in chips) 
Seat 2: Dorex2007 ($2.03 in chips) 
Seat 3: Bly Sky31 ($0.50 in chips) 
Seat 4: Helwii ($2 in chips) 
Seat 5: s_nami_bog38 ($0.72 in chips) 
Seat 6: meelo32 ($1.70 in chips) 
Seat 7: kostya163173 ($2.65 in chips) 
Seat 8: Boomz25 ($1.89 in chips) 
Seat 9: KILL YOU1975 ($2.83 in chips) 
meelo32: posts small blind $0.01
kostya163173: posts big blind $0.02
*** HOLE CARDS ***
Dealt to Dorex2007 [3c 2c]
Boomz25: folds 
KILL YOU1975 has timed out
KILL YOU1975: folds 
luv_triton: folds 
Dorex2007: folds 
Bly Sky31: folds 
Helwii: raises $0.02 to $0.04
s_nami_bog38: folds 
meelo32: folds 
kostya163173: folds 
Uncalled bet ($0.02) returned to Helwii
Helwii collected $0.05 from pot
Helwii: doesn't show hand 
*** SUMMARY ***
Total pot $0.05 | Rake $0 
Seat 1: luv_triton folded before Flop (didn't bet)
Seat 2: Dorex2007 folded before Flop (didn't bet)
Seat 3: Bly Sky31 folded before Flop (didn't bet)
Seat 4: Helwii collected ($0.05)
Seat 5: s_nami_bog38 (button) folded before Flop (didn't bet)
Seat 6: meelo32 (small blind) folded before Flop
Seat 7: kostya163173 (big blind) folded before Flop
Seat 8: Boomz25 folded before Flop (didn't bet)
Seat 9: KILL YOU1975 folded before Flop (didn't bet)



PokerStars Hand #230566981542:  Hold'em No Limit ($0.01/$0.02 USD) - 2021/10/12 23:38:12 PT [2021/10/13 2:38:12 ET]
Table 'Cowell II' 9-max Seat #6 is the button
Seat 1: luv_triton ($0.91 in chips) 
Seat 2: Dorex2007 ($2.03 in chips) 
Seat 3: Bly Sky31 ($0.50 in chips) 
Seat 4: Helwii ($2.03 in chips) 
Seat 5: s_nami_bog38 ($0.72 in chips) 
Seat 6: meelo32 ($1.69 in chips) 
Seat 7: kostya163173 ($2.63 in chips) 
Seat 8: Boomz25 ($1.89 in chips) 
Seat 9: KILL YOU1975 ($2.83 in chips) 
kostya163173: posts small blind $0.01
Boomz25: posts big blind $0.02
*** HOLE CARDS ***
Dealt to Dorex2007 [Ts Jh]
KILL YOU1975: folds 
luv_triton: raises $0.04 to $0.06
Dorex2007: folds 
Bly Sky31: folds 
Helwii: folds 
s_nami_bog38: folds 
meelo32: folds 
kostya163173: folds 
Boomz25: folds 
Uncalled bet ($0.04) returned to luv_triton
luv_triton collected $0.05 from pot
luv_triton: doesn't show hand 
*** SUMMARY ***
Total pot $0.05 | Rake $0 
Seat 1: luv_triton collected ($0.05)
Seat 2: Dorex2007 folded before Flop (didn't bet)
Seat 3: Bly Sky31 folded before Flop (didn't bet)
Seat 4: Helwii folded before Flop (didn't bet)
Seat 5: s_nami_bog38 folded before Flop (didn't bet)
Seat 6: meelo32 (button) folded before Flop (didn't bet)
Seat 7: kostya163173 (small blind) folded before Flop
Seat 8: Boomz25 (big blind) folded before Flop
Seat 9: KILL YOU1975 folded before Flop (didn't bet)



PokerStars Hand #230566985352:  Hold'em No Limit ($0.01/$0.02 USD) - 2021/10/12 23:38:41 PT [2021/10/13 2:38:41 ET]
Table 'Cowell II' 9-max Seat #7 is the button
Seat 1: luv_triton ($0.94 in chips) 
Seat 2: Dorex2007 ($2.03 in chips) 
Seat 3: Bly Sky31 ($0.50 in chips) 
Seat 4: Helwii ($2.03 in chips) 
Seat 5: s_nami_bog38 ($0.72 in chips) 
Seat 6: meelo32 ($1.69 in chips) 
Seat 7: kostya163173 ($2.62 in chips) 
Seat 8: Boomz25 ($1.87 in chips) 
Seat 9: KILL YOU1975 ($2.83 in chips) 
Boomz25: posts small blind $0.01
KILL YOU1975: posts big blind $0.02
*** HOLE CARDS ***
Dealt to Dorex2007 [Ah Ac]
luv_triton: folds 
Dorex2007: raises $0.02 to $0.04
Bly Sky31: folds 
Helwii: folds 
s_nami_bog38: folds 
meelo32: folds 
kostya163173: folds 
Boomz25: folds 
KILL YOU1975: calls $0.02
*** FLOP *** [Ts 4s Kc]
KILL YOU1975: checks 
Dorex2007: bets $0.09
KILL YOU1975: folds 
Uncalled bet ($0.09) returned to Dorex2007
Dorex2007 collected $0.09 from pot
Dorex2007: doesn't show hand 
*** SUMMARY ***
Total pot $0.09 | Rake $0 
Board [Ts 4s Kc]
Seat 1: luv_triton folded before Flop (didn't bet)
Seat 2: Dorex2007 collected ($0.09)
Seat 3: Bly Sky31 folded before Flop (didn't bet)
Seat 4: Helwii folded before Flop (didn't bet)
Seat 5: s_nami_bog38 folded before Flop (didn't bet)
Seat 6: meelo32 folded before Flop (didn't bet)
Seat 7: kostya163173 (button) folded before Flop (didn't bet)
Seat 8: Boomz25 (small blind) folded before Flop
Seat 9: KILL YOU1975 (big blind) folded on the Flop



PokerStars Hand #230566990868:  Hold'em No Limit ($0.01/$0.02 USD) - 2021/10/12 23:39:24 PT [2021/10/13 2:39:24 ET]
Table 'Cowell II' 9-max Seat #8 is the button
Seat 1: luv_triton ($0.94 in chips) 
Seat 2: Dorex2007 ($2.08 in chips) 
Seat 3: Bly Sky31 ($0.50 in chips) 
Seat 4: Helwii ($2.03 in chips) 
Seat 5: s_nami_bog38 ($0.72 in chips) 
Seat 6: meelo32 ($1.69 in chips) 
Seat 7: kostya163173 ($2.62 in chips) 
Seat 8: Boomz25 ($1.86 in chips) 
Seat 9: KILL YOU1975 ($2.79 in chips) 
KILL YOU1975: posts small blind $0.01
luv_triton: posts big blind $0.02
*** HOLE CARDS ***
Dealt to Dorex2007 [8s Td]
Dorex2007: folds 
Bly Sky31: folds 
Helwii: folds 
s_nami_bog38: folds 
meelo32: folds 
kostya163173: folds 
Boomz25: folds 
KILL YOU1975: calls $0.01
luv_triton: checks 
*** FLOP *** [Ah 9h 2d]
KILL YOU1975: bets $0.02
luv_triton: folds 
Uncalled bet ($0.02) returned to KILL YOU1975
KILL YOU1975 collected $0.04 from pot
KILL YOU1975: doesn't show hand 
*** SUMMARY ***
Total pot $0.04 | Rake $0 
Board [Ah 9h 2d]
Seat 1: luv_triton (big blind) folded on the Flop
Seat 2: Dorex2007 folded before Flop (didn't bet)
Seat 3: Bly Sky31 folded before Flop (didn't bet)
Seat 4: Helwii folded before Flop (didn't bet)
Seat 5: s_nami_bog38 folded before Flop (didn't bet)
Seat 6: meelo32 folded before Flop (didn't bet)
Seat 7: kostya163173 folded before Flop (didn't bet)
Seat 8: Boomz25 (button) folded before Flop (didn't bet)
Seat 9: KILL YOU1975 (small blind) collected ($0.04)



PokerStars Hand #230566996309:  Hold'em No Limit ($0.01/$0.02 USD) - 2021/10/12 23:40:06 PT [2021/10/13 2:40:06 ET]
Table 'Cowell II' 9-max Seat #9 is the button
Seat 1: luv_triton ($0.92 in chips) 
Seat 2: Dorex2007 ($2.08 in chips) 
Seat 3: Bly Sky31 ($0.50 in chips) 
Seat 4: Helwii ($2.03 in chips) 
Seat 5: s_nami_bog38 ($0.72 in chips) 
Seat 6: meelo32 ($1.69 in chips) 
Seat 7: kostya163173 ($2.62 in chips) 
Seat 8: Boomz25 ($1.86 in chips) 
Seat 9: KILL YOU1975 ($2.81 in chips) 
luv_triton: posts small blind $0.01
Dorex2007: posts big blind $0.02
*** HOLE CARDS ***
Dealt to Dorex2007 [As 4d]
Bly Sky31: folds 
Helwii: folds 
s_nami_bog38: folds 
meelo32: folds 
kostya163173: calls $0.02
Boomz25: folds 
KILL YOU1975: folds 
luv_triton: calls $0.01
Dorex2007: checks 
*** FLOP *** [7s 8s 2s]
luv_triton: checks 
Dorex2007: checks 
kostya163173: checks 
*** TURN *** [7s 8s 2s] [6h]
luv_triton: bets $0.02
Dorex2007: calls $0.02
kostya163173: calls $0.02
*** RIVER *** [7s 8s 2s 6h] [2c]
luv_triton: bets $0.02
Dorex2007: folds 
kostya163173: folds 
Uncalled bet ($0.02) returned to luv_triton
luv_triton collected $0.12 from pot
luv_triton: doesn't show hand 
*** SUMMARY ***
Total pot $0.12 | Rake $0 
Board [7s 8s 2s 6h 2c]
Seat 1: luv_triton (small blind) collected ($0.12)
Seat 2: Dorex2007 (big blind) folded on the River
Seat 3: Bly Sky31 folded before Flop (didn't bet)
Seat 4: Helwii folded before Flop (didn't bet)
Seat 5: s_nami_bog38 folded before Flop (didn't bet)
Seat 6: meelo32 folded before Flop (didn't bet)
Seat 7: kostya163173 folded on the River
Seat 8: Boomz25 folded before Flop (didn't bet)
Seat 9: KILL YOU1975 (button) folded before Flop (didn't bet)



PokerStars Hand #230567001593:  Hold'em No Limit ($0.01/$0.02 USD) - 2021/10/12 23:40:46 PT [2021/10/13 2:40:46 ET]
Table 'Cowell II' 9-max Seat #1 is the button
Seat 1: luv_triton ($1 in chips) 
Seat 2: Dorex2007 ($2.04 in chips) 
Seat 3: Bly Sky31 ($0.50 in chips) 
Seat 4: Helwii ($2.03 in chips) 
Seat 5: s_nami_bog38 ($0.72 in chips) 
Seat 6: meelo32 ($1.69 in chips) 
Seat 7: kostya163173 ($2.58 in chips) 
Seat 8: Boomz25 ($1.86 in chips) 
Seat 9: KILL YOU1975 ($2.81 in chips) 
Dorex2007: posts small blind $0.01
Bly Sky31: posts big blind $0.02
*** HOLE CARDS ***
Dealt to Dorex2007 [7h 2c]
Helwii: folds 
s_nami_bog38: calls $0.02
meelo32: folds 
kostya163173: folds 
Boomz25: folds 
KILL YOU1975: folds 
luv_triton: folds 
Dorex2007: folds 
Bly Sky31: raises $0.05 to $0.07
s_nami_bog38: folds 
Uncalled bet ($0.05) returned to Bly Sky31
Bly Sky31 collected $0.05 from pot
Bly Sky31: doesn't show hand 
*** SUMMARY ***
Total pot $0.05 | Rake $0 
Seat 1: luv_triton (button) folded before Flop (didn't bet)
Seat 2: Dorex2007 (small blind) folded before Flop
Seat 3: Bly Sky31 (big blind) collected ($0.05)
Seat 4: Helwii folded before Flop (didn't bet)
Seat 5: s_nami_bog38 folded before Flop
Seat 6: meelo32 folded before Flop (didn't bet)
Seat 7: kostya163173 folded before Flop (didn't bet)
Seat 8: Boomz25 folded before Flop (didn't bet)
Seat 9: KILL YOU1975 folded before Flop (didn't bet)



PokerStars Hand #230567004902:  Hold'em No Limit ($0.01/$0.02 USD) - 2021/10/12 23:41:12 PT [2021/10/13 2:41:12 ET]
Table 'Cowell II' 9-max Seat #2 is the button
Seat 1: luv_triton ($1 in chips) 
Seat 2: Dorex2007 ($2.03 in chips) 
Seat 3: Bly Sky31 ($0.53 in chips) 
Seat 4: Helwii ($2.03 in chips) 
Seat 5: s_nami_bog38 ($0.70 in chips) 
Seat 6: meelo32 ($1.69 in chips) 
Seat 7: kostya163173 ($2.58 in chips) 
Seat 8: Boomz25 ($1.86 in chips) 
Seat 9: KILL YOU1975 ($2.81 in chips) 
Bly Sky31: posts small blind $0.01
Helwii: posts big blind $0.02
*** HOLE CARDS ***
Dealt to Dorex2007 [Qh 4c]
s_nami_bog38: calls $0.02
meelo32: calls $0.02
kostya163173: folds 
Boomz25: folds 
KILL YOU1975: folds 
luv_triton: folds 
Dorex2007: folds 
Bly Sky31: raises $0.08 to $0.10
Helwii: folds 
s_nami_bog38: folds 
meelo32: folds 
Uncalled bet ($0.08) returned to Bly Sky31
Bly Sky31 collected $0.08 from pot
Bly Sky31: doesn't show hand 
*** SUMMARY ***
Total pot $0.08 | Rake $0 
Seat 1: luv_triton folded before Flop (didn't bet)
Seat 2: Dorex2007 (button) folded before Flop (didn't bet)
Seat 3: Bly Sky31 (small blind) collected ($0.08)
Seat 4: Helwii (big blind) folded before Flop
Seat 5: s_nami_bog38 folded before Flop
Seat 6: meelo32 folded before Flop
Seat 7: kostya163173 folded before Flop (didn't bet)
Seat 8: Boomz25 folded before Flop (didn't bet)
Seat 9: KILL YOU1975 folded before Flop (didn't bet)



PokerStars Hand #230567012529:  Hold'em No Limit ($0.01/$0.02 USD) - 2021/10/12 23:42:10 PT [2021/10/13 2:42:10 ET]
Table 'Cowell II' 9-max Seat #3 is the button
Seat 1: luv_triton ($1 in chips) 
Seat 2: Dorex2007 ($2.03 in chips) 
Seat 3: Bly Sky31 ($0.59 in chips) 
Seat 4: Helwii ($2.01 in chips) 
Seat 5: s_nami_bog38 ($0.68 in chips) 
Seat 6: meelo32 ($1.67 in chips) 
Seat 7: kostya163173 ($2.58 in chips) 
Seat 8: Boomz25 ($1.86 in chips) 
Seat 9: KILL YOU1975 ($2.81 in chips) 
Helwii: posts small blind $0.01
s_nami_bog38: posts big blind $0.02
*** HOLE CARDS ***
Dealt to Dorex2007 [9d 9c]
meelo32: calls $0.02
kostya163173: folds 
Boomz25: folds 
KILL YOU1975: folds 
luv_triton: folds 
KILL YOU1975 leaves the table
Dorex2007: raises $0.02 to $0.04
Bly Sky31: folds 
Helwii: calls $0.03
pinkovai joins the table at seat #9 
s_nami_bog38: folds 
meelo32: calls $0.02
*** FLOP *** [3h 9h 5h]
Helwii: checks 
meelo32: checks 
Dorex2007: checks 
*** TURN *** [3h 9h 5h] [Ts]
Helwii: checks 
meelo32: checks 
Dorex2007: checks 
*** RIVER *** [3h 9h 5h Ts] [7h]
Helwii: checks 
meelo32: checks 
Dorex2007: checks 
*** SHOW DOWN ***
Helwii: shows [2c 3c] (a pair of Threes)
meelo32: mucks hand 
Dorex2007: shows [9d 9c] (three of a kind, Nines)
Dorex2007 collected $0.14 from pot
*** SUMMARY ***
Total pot $0.14 | Rake $0 
Board [3h 9h 5h Ts 7h]
Seat 1: luv_triton folded before Flop (didn't bet)
Seat 2: Dorex2007 showed [9d 9c] and won ($0.14) with three of a kind, Nines
Seat 3: Bly Sky31 (button) folded before Flop (didn't bet)
Seat 4: Helwii (small blind) showed [2c 3c] and lost with a pair of Threes
Seat 5: s_nami_bog38 (big blind) folded before Flop
Seat 6: meelo32 mucked [Ad Qs]
Seat 7: kostya163173 folded before Flop (didn't bet)
Seat 8: Boomz25 folded before Flop (didn't bet)
Seat 9: KILL YOU1975 folded before Flop (didn't bet)



PokerStars Hand #230567020619:  Hold'em No Limit ($0.01/$0.02 USD) - 2021/10/12 23:43:11 PT [2021/10/13 2:43:11 ET]
Table 'Cowell II' 9-max Seat #4 is the button
Seat 1: luv_triton ($1 in chips) 
Seat 2: Dorex2007 ($2.13 in chips) 
Seat 3: Bly Sky31 ($0.59 in chips) 
Seat 4: Helwii ($2 in chips) 
Seat 5: s_nami_bog38 ($0.66 in chips) 
Seat 6: meelo32 ($1.63 in chips) 
Seat 7: kostya163173 ($2.58 in chips) 
Seat 8: Boomz25 ($1.86 in chips) 
s_nami_bog38: posts small blind $0.01
meelo32: posts big blind $0.02
pinkovai: sits out 
*** HOLE CARDS ***
Dealt to Dorex2007 [6h 6d]
kostya163173: raises $0.04 to $0.06
Boomz25: folds 
luv_triton: calls $0.06
Dorex2007: folds 
Bly Sky31: folds 
Helwii: folds 
s_nami_bog38: folds 
meelo32: folds 
*** FLOP *** [Ks Qd Jh]
kostya163173: bets $0.07
luv_triton: folds 
Uncalled bet ($0.07) returned to kostya163173
kostya163173 collected $0.14 from pot
*** SUMMARY ***
Total pot $0.15 | Rake $0.01 
Board [Ks Qd Jh]
Seat 1: luv_triton folded on the Flop
Seat 2: Dorex2007 folded before Flop (didn't bet)
Seat 3: Bly Sky31 folded before Flop (didn't bet)
Seat 4: Helwii (button) folded before Flop (didn't bet)
Seat 5: s_nami_bog38 (small blind) folded before Flop
Seat 6: meelo32 (big blind) folded before Flop
Seat 7: kostya163173 collected ($0.14)
Seat 8: Boomz25 folded before Flop (didn't bet)



PokerStars Hand #230567024144:  Hold'em No Limit ($0.01/$0.02 USD) - 2021/10/12 23:43:38 PT [2021/10/13 2:43:38 ET]
Table 'Cowell II' 9-max Seat #5 is the button
Seat 1: luv_triton ($0.94 in chips) 
Seat 2: Dorex2007 ($2.13 in chips) 
Seat 3: Bly Sky31 ($0.59 in chips) 
Seat 4: Helwii ($2 in chips) 
Seat 5: s_nami_bog38 ($0.65 in chips) 
Seat 6: meelo32 ($1.61 in chips) 
Seat 7: kostya163173 ($2.66 in chips) 
Seat 8: Boomz25 ($1.86 in chips) 
meelo32: posts small blind $0.01
kostya163173: posts big blind $0.02
pinkovai: sits out 
*** HOLE CARDS ***
Dealt to Dorex2007 [5s 6c]
Boomz25: folds 
luv_triton: folds 
Dorex2007: folds 
Bly Sky31: folds 
Helwii: folds 
s_nami_bog38: folds 
meelo32: calls $0.01
kostya163173: checks 
*** FLOP *** [2c 7c Ks]
meelo32: checks 
kostya163173: checks 
*** TURN *** [2c 7c Ks] [Kd]
meelo32: checks 
kostya163173: checks 
*** RIVER *** [2c 7c Ks Kd] [2s]
meelo32: checks 
kostya163173: checks 
*** SHOW DOWN ***
meelo32: shows [Ts Jd] (two pair, Kings and Deuces)
kostya163173: shows [Ah 3c] (two pair, Kings and Deuces - Ace kicker)
kostya163173 collected $0.04 from pot
*** SUMMARY ***
Total pot $0.04 | Rake $0 
Board [2c 7c Ks Kd 2s]
Seat 1: luv_triton folded before Flop (didn't bet)
Seat 2: Dorex2007 folded before Flop (didn't bet)
Seat 3: Bly Sky31 folded before Flop (didn't bet)
Seat 4: Helwii folded before Flop (didn't bet)
Seat 5: s_nami_bog38 (button) folded before Flop (didn't bet)
Seat 6: meelo32 (small blind) showed [Ts Jd] and lost with two pair, Kings and Deuces
Seat 7: kostya163173 (big blind) showed [Ah 3c] and won ($0.04) with two pair, Kings and Deuces
Seat 8: Boomz25 folded before Flop (didn't bet)



PokerStars Hand #230567032288:  Hold'em No Limit ($0.01/$0.02 USD) - 2021/10/12 23:44:40 PT [2021/10/13 2:44:40 ET]
Table 'Cowell II' 9-max Seat #6 is the button
Seat 1: luv_triton ($0.94 in chips) 
Seat 2: Dorex2007 ($2.13 in chips) 
Seat 3: Bly Sky31 ($0.59 in chips) 
Seat 4: Helwii ($2 in chips) 
Seat 5: s_nami_bog38 ($0.65 in chips) 
Seat 6: meelo32 ($1.59 in chips) 
Seat 7: kostya163173 ($2.68 in chips) 
Seat 8: Boomz25 ($1.86 in chips) 
kostya163173: posts small blind $0.01
Boomz25: posts big blind $0.02
pinkovai: sits out 
*** HOLE CARDS ***
Dealt to Dorex2007 [Qh 6s]
luv_triton: folds 
Dorex2007: folds 
Bly Sky31: folds 
Helwii: folds 
s_nami_bog38: folds 
meelo32: calls $0.02
kostya163173: folds 
Boomz25: checks 
*** FLOP *** [Qd Kh 6h]
Boomz25: checks 
meelo32: checks 
*** TURN *** [Qd Kh 6h] [2c]
Boomz25: checks 
meelo32: checks 
*** RIVER *** [Qd Kh 6h 2c] [4h]
Boomz25: checks 
meelo32: checks 
*** SHOW DOWN ***
Boomz25: shows [As Qc] (a pair of Queens)
meelo32: mucks hand 
Boomz25 collected $0.05 from pot
*** SUMMARY ***
Total pot $0.05 | Rake $0 
Board [Qd Kh 6h 2c 4h]
Seat 1: luv_triton folded before Flop (didn't bet)
Seat 2: Dorex2007 folded before Flop (didn't bet)
Seat 3: Bly Sky31 folded before Flop (didn't bet)
Seat 4: Helwii folded before Flop (didn't bet)
Seat 5: s_nami_bog38 folded before Flop (didn't bet)
Seat 6: meelo32 (button) mucked [Tc Jc]
Seat 7: kostya163173 (small blind) folded before Flop
Seat 8: Boomz25 (big blind) showed [As Qc] and won ($0.05) with a pair of Queens



PokerStars Hand #230567038554:  Hold'em No Limit ($0.01/$0.02 USD) - 2021/10/12 23:45:27 PT [2021/10/13 2:45:27 ET]
Table 'Cowell II' 9-max Seat #7 is the button
Seat 1: luv_triton ($0.94 in chips) 
Seat 2: Dorex2007 ($2.13 in chips) 
Seat 3: Bly Sky31 ($0.59 in chips) 
Seat 4: Helwii ($2 in chips) 
Seat 5: s_nami_bog38 ($0.65 in chips) 
Seat 6: meelo32 ($1.57 in chips) 
Seat 7: kostya163173 ($2.67 in chips) 
Seat 8: Boomz25 ($1.89 in chips) 
Seat 9: pinkovai ($2 in chips) 
Boomz25: posts small blind $0.01
pinkovai: posts big blind $0.02
*** HOLE CARDS ***
Dealt to Dorex2007 [9d 9c]
luv_triton: folds 
Dorex2007: raises $0.04 to $0.06
Bly Sky31: folds 
Helwii: calls $0.06
s_nami_bog38: folds 
meelo32 has timed out
meelo32: folds 
kostya163173: calls $0.06
Boomz25: folds 
pinkovai: calls $0.04
*** FLOP *** [Th Qc 4d]
pinkovai: checks 
Dorex2007: checks 
Helwii: checks 
kostya163173: checks 
*** TURN *** [Th Qc 4d] [5s]
pinkovai: checks 
Dorex2007: checks 
Helwii: checks 
kostya163173: checks 
*** RIVER *** [Th Qc 4d 5s] [Kd]
pinkovai: checks 
Dorex2007: checks 
Helwii: checks 
kostya163173: checks 
*** SHOW DOWN ***
pinkovai: shows [3d 3s] (a pair of Threes)
Dorex2007: shows [9d 9c] (a pair of Nines)
Helwii: mucks hand 
kostya163173: mucks hand 
Dorex2007 collected $0.24 from pot
*** SUMMARY ***
Total pot $0.25 | Rake $0.01 
Board [Th Qc 4d 5s Kd]
Seat 1: luv_triton folded before Flop (didn't bet)
Seat 2: Dorex2007 showed [9d 9c] and won ($0.24) with a pair of Nines
Seat 3: Bly Sky31 folded before Flop (didn't bet)
Seat 4: Helwii mucked [8h 7h]
Seat 5: s_nami_bog38 folded before Flop (didn't bet)
Seat 6: meelo32 folded before Flop (didn't bet)
Seat 7: kostya163173 (button) mucked [6s 4c]
Seat 8: Boomz25 (small blind) folded before Flop
Seat 9: pinkovai (big blind) showed [3d 3s] and lost with a pair of Threes



PokerStars Hand #230567047103:  Hold'em No Limit ($0.01/$0.02 USD) - 2021/10/12 23:46:32 PT [2021/10/13 2:46:32 ET]
Table 'Cowell II' 9-max Seat #8 is the button
Seat 1: luv_triton ($0.94 in chips) 
Seat 2: Dorex2007 ($2.31 in chips) 
Seat 3: Bly Sky31 ($0.59 in chips) 
Seat 4: Helwii ($2 in chips) 
Seat 5: s_nami_bog38 ($0.65 in chips) 
Seat 6: meelo32 ($1.57 in chips) 
Seat 7: kostya163173 ($2.61 in chips) 
Seat 8: Boomz25 ($1.88 in chips) 
Seat 9: pinkovai ($1.94 in chips) 
pinkovai: posts small blind $0.01
luv_triton: posts big blind $0.02
*** HOLE CARDS ***
Dealt to Dorex2007 [Ah 3c]
Dorex2007: folds 
Bly Sky31: raises $0.02 to $0.04
Helwii: calls $0.04
s_nami_bog38: folds 
meelo32: folds 
kostya163173: folds 
Boomz25: calls $0.04
pinkovai: folds 
luv_triton: calls $0.02
*** FLOP *** [5s 4d Ts]
luv_triton: checks 
Bly Sky31: checks 
Helwii: checks 
Boomz25: checks 
*** TURN *** [5s 4d Ts] [5d]
luv_triton: checks 
Bly Sky31: bets $0.16
Helwii: folds 
Boomz25: folds 
luv_triton: folds 
Uncalled bet ($0.16) returned to Bly Sky31
Bly Sky31 collected $0.16 from pot
Bly Sky31: doesn't show hand 
*** SUMMARY ***
Total pot $0.17 | Rake $0.01 
Board [5s 4d Ts 5d]
Seat 1: luv_triton (big blind) folded on the Turn
Seat 2: Dorex2007 folded before Flop (didn't bet)
Seat 3: Bly Sky31 collected ($0.16)
Seat 4: Helwii folded on the Turn
Seat 5: s_nami_bog38 folded before Flop (didn't bet)
Seat 6: meelo32 folded before Flop (didn't bet)
Seat 7: kostya163173 folded before Flop (didn't bet)
Seat 8: Boomz25 (button) folded on the Turn
Seat 9: pinkovai (small blind) folded before Flop



PokerStars Hand #230567055250:  Hold'em No Limit ($0.01/$0.02 USD) - 2021/10/12 23:47:32 PT [2021/10/13 2:47:32 ET]
Table 'Cowell II' 9-max Seat #9 is the button
Seat 1: luv_triton ($0.90 in chips) 
Seat 2: Dorex2007 ($2.31 in chips) 
Seat 3: Bly Sky31 ($0.71 in chips) 
Seat 4: Helwii ($2 in chips) 
Seat 5: s_nami_bog38 ($2 in chips) 
Seat 6: meelo32 ($1.57 in chips) 
Seat 7: kostya163173 ($2.61 in chips) 
Seat 8: Boomz25 ($1.84 in chips) 
Seat 9: pinkovai ($1.93 in chips) 
luv_triton: posts small blind $0.01
Dorex2007: posts big blind $0.02
*** HOLE CARDS ***
Dealt to Dorex2007 [Kh 5s]
Bly Sky31: folds 
Helwii: folds 
s_nami_bog38: folds 
meelo32 has timed out
meelo32: folds 
kostya163173 has timed out
kostya163173: folds 
Boomz25: folds 
pinkovai: folds 
luv_triton: folds 
Uncalled bet ($0.01) returned to Dorex2007
Dorex2007 collected $0.02 from pot
Dorex2007: doesn't show hand 
*** SUMMARY ***
Total pot $0.02 | Rake $0 
Seat 1: luv_triton (small blind) folded before Flop
Seat 2: Dorex2007 (big blind) collected ($0.02)
Seat 3: Bly Sky31 folded before Flop (didn't bet)
Seat 4: Helwii folded before Flop (didn't bet)
Seat 5: s_nami_bog38 folded before Flop (didn't bet)
Seat 6: meelo32 folded before Flop (didn't bet)
Seat 7: kostya163173 folded before Flop (didn't bet)
Seat 8: Boomz25 folded before Flop (didn't bet)
Seat 9: pinkovai (button) folded before Flop (didn't bet)



PokerStars Hand #230567060272:  Hold'em No Limit ($0.01/$0.02 USD) - 2021/10/12 23:48:10 PT [2021/10/13 2:48:10 ET]
Table 'Cowell II' 9-max Seat #1 is the button
Seat 1: luv_triton ($0.89 in chips) 
Seat 2: Dorex2007 ($2.32 in chips) 
Seat 3: Bly Sky31 ($0.71 in chips) 
Seat 4: Helwii ($2 in chips) 
Seat 5: s_nami_bog38 ($2 in chips) 
Seat 8: Boomz25 ($1.84 in chips) 
Seat 9: pinkovai ($1.93 in chips) 
Dorex2007: posts small blind $0.01
Bly Sky31: posts big blind $0.02
*** HOLE CARDS ***
Dealt to Dorex2007 [5d Ah]
Helwii: folds 
s_nami_bog38: folds 
Boomz25: folds 
pinkovai: folds 
luv_triton: raises $0.04 to $0.06
Dorex2007: folds 
Bly Sky31: folds 
Uncalled bet ($0.04) returned to luv_triton
luv_triton collected $0.05 from pot
luv_triton: doesn't show hand 
*** SUMMARY ***
Total pot $0.05 | Rake $0 
Seat 1: luv_triton (button) collected ($0.05)
Seat 2: Dorex2007 (small blind) folded before Flop
Seat 3: Bly Sky31 (big blind) folded before Flop
Seat 4: Helwii folded before Flop (didn't bet)
Seat 5: s_nami_bog38 folded before Flop (didn't bet)
Seat 8: Boomz25 folded before Flop (didn't bet)
Seat 9: pinkovai folded before Flop (didn't bet)



PokerStars Hand #230567062919:  Hold'em No Limit ($0.01/$0.02 USD) - 2021/10/12 23:48:29 PT [2021/10/13 2:48:29 ET]
Table 'Cowell II' 9-max Seat #2 is the button
Seat 1: luv_triton ($0.92 in chips) 
Seat 2: Dorex2007 ($2.31 in chips) 
Seat 3: Bly Sky31 ($0.69 in chips) 
Seat 4: Helwii ($2 in chips) 
Seat 5: s_nami_bog38 ($2 in chips) 
Seat 8: Boomz25 ($1.84 in chips) 
Seat 9: pinkovai ($1.93 in chips) 
Bly Sky31: posts small blind $0.01
Helwii: posts big blind $0.02
*** HOLE CARDS ***
Dealt to Dorex2007 [4d Ks]
s_nami_bog38: folds 
Boomz25: calls $0.02
pinkovai: folds 
luv_triton: raises $0.06 to $0.08
Dorex2007: folds 
Bly Sky31: folds 
Helwii: folds 
Boomz25: raises $1.76 to $1.84 and is all-in
luv_triton: folds 
Uncalled bet ($1.76) returned to Boomz25
Boomz25 collected $0.19 from pot
Boomz25: doesn't show hand 
*** SUMMARY ***
Total pot $0.19 | Rake $0 
Seat 1: luv_triton folded before Flop
Seat 2: Dorex2007 (button) folded before Flop (didn't bet)
Seat 3: Bly Sky31 (small blind) folded before Flop
Seat 4: Helwii (big blind) folded before Flop
Seat 5: s_nami_bog38 folded before Flop (didn't bet)
Seat 8: Boomz25 collected ($0.19)
Seat 9: pinkovai folded before Flop (didn't bet)



PokerStars Hand #230567067426:  Hold'em No Limit ($0.01/$0.02 USD) - 2021/10/12 23:49:03 PT [2021/10/13 2:49:03 ET]
Table 'Cowell II' 9-max Seat #3 is the button
Seat 1: luv_triton ($0.84 in chips) 
Seat 2: Dorex2007 ($2.31 in chips) 
Seat 3: Bly Sky31 ($0.68 in chips) 
Seat 4: Helwii ($2 in chips) 
Seat 5: s_nami_bog38 ($2 in chips) 
Seat 8: Boomz25 ($1.95 in chips) 
Seat 9: pinkovai ($1.93 in chips) 
Helwii: posts small blind $0.01
s_nami_bog38: posts big blind $0.02
*** HOLE CARDS ***
Dealt to Dorex2007 [2h 2c]
Boomz25: folds 
pinkovai: folds 
luv_triton: folds 
Dorex2007: folds 
Bly Sky31: raises $0.04 to $0.06
Helwii: calls $0.05
s_nami_bog38: folds 
*** FLOP *** [3h Qd 4s]
Helwii: checks 
Bly Sky31: checks 
*** TURN *** [3h Qd 4s] [6s]
Helwii: checks 
Bly Sky31: bets $0.07
Helwii: folds 
Uncalled bet ($0.07) returned to Bly Sky31
Bly Sky31 collected $0.14 from pot
Bly Sky31: doesn't show hand 
*** SUMMARY ***
Total pot $0.14 | Rake $0 
Board [3h Qd 4s 6s]
Seat 1: luv_triton folded before Flop (didn't bet)
Seat 2: Dorex2007 folded before Flop (didn't bet)
Seat 3: Bly Sky31 (button) collected ($0.14)
Seat 4: Helwii (small blind) folded on the Turn
Seat 5: s_nami_bog38 (big blind) folded before Flop
Seat 8: Boomz25 folded before Flop (didn't bet)
Seat 9: pinkovai folded before Flop (didn't bet)



PokerStars Hand #230567073137:  Hold'em No Limit ($0.01/$0.02 USD) - 2021/10/12 23:49:46 PT [2021/10/13 2:49:46 ET]
Table 'Cowell II' 9-max Seat #4 is the button
Seat 1: luv_triton ($0.84 in chips) 
Seat 2: Dorex2007 ($2.31 in chips) 
Seat 3: Bly Sky31 ($0.76 in chips) 
Seat 4: Helwii ($2 in chips) 
Seat 5: s_nami_bog38 ($1.98 in chips) 
Seat 8: Boomz25 ($1.95 in chips) 
Seat 9: pinkovai ($1.93 in chips) 
s_nami_bog38: posts small blind $0.01
Boomz25: posts big blind $0.02
*** HOLE CARDS ***
Dealt to Dorex2007 [4h Kd]
pinkovai: folds 
luv_triton: folds 
Dorex2007: folds 
pinkovai leaves the table
Bly Sky31: folds 
Helwii: folds 
s_nami_bog38: calls $0.01
Boomz25: checks 
*** FLOP *** [2d As 3d]
Helwii leaves the table
s_nami_bog38: checks 
Boomz25: checks 
*** TURN *** [2d As 3d] [Jh]
s_nami_bog38: checks 
Boomz25: checks 
*** RIVER *** [2d As 3d Jh] [7c]
s_nami_bog38: checks 
Boomz25: checks 
*** SHOW DOWN ***
s_nami_bog38: shows [8c 5c] (high card Ace)
Boomz25: shows [8h Qs] (high card Ace - Queen kicker)
Boomz25 collected $0.04 from pot
*** SUMMARY ***
Total pot $0.04 | Rake $0 
Board [2d As 3d Jh 7c]
Seat 1: luv_triton folded before Flop (didn't bet)
Seat 2: Dorex2007 folded before Flop (didn't bet)
Seat 3: Bly Sky31 folded before Flop (didn't bet)
Seat 4: Helwii (button) folded before Flop (didn't bet)
Seat 5: s_nami_bog38 (small blind) showed [8c 5c] and lost with high card Ace
Seat 8: Boomz25 (big blind) showed [8h Qs] and won ($0.04) with high card Ace
Seat 9: pinkovai folded before Flop (didn't bet)



PokerStars Hand #230567077815:  Hold'em No Limit ($0.01/$0.02 USD) - 2021/10/12 23:50:21 PT [2021/10/13 2:50:21 ET]
Table 'Cowell II' 9-max Seat #5 is the button
Seat 1: luv_triton ($0.84 in chips) 
Seat 2: Dorex2007 ($2.31 in chips) 
Seat 3: Bly Sky31 ($0.76 in chips) 
Seat 5: s_nami_bog38 ($1.96 in chips) 
Seat 8: Boomz25 ($1.97 in chips) 
Boomz25: posts small blind $0.01
luv_triton: posts big blind $0.02
*** HOLE CARDS ***
Dealt to Dorex2007 [Ac 7c]
Dorex2007: raises $0.02 to $0.04
dealembub joins the table at seat #9 
Bly Sky31: raises $0.08 to $0.12
s_nami_bog38: folds 
Boomz25: folds 
luv_triton: folds 
Dorex2007: calls $0.08
*** FLOP *** [9s 3c 6h]
Dorex2007: checks 
Bly Sky31: bets $0.13
Dorex2007: calls $0.13
*** TURN *** [9s 3c 6h] [Td]
Dorex2007: checks 
Bly Sky31: checks 
*** RIVER *** [9s 3c 6h Td] [7s]
Dorex2007: bets $0.51
amerycanin joins the table at seat #4 
Bly Sky31: folds 
Uncalled bet ($0.51) returned to Dorex2007
Dorex2007 collected $0.51 from pot
Dorex2007: doesn't show hand 
*** SUMMARY ***
Total pot $0.53 | Rake $0.02 
Board [9s 3c 6h Td 7s]
Seat 1: luv_triton (big blind) folded before Flop
Seat 2: Dorex2007 collected ($0.51)
Seat 3: Bly Sky31 folded on the River
Seat 5: s_nami_bog38 (button) folded before Flop (didn't bet)
Seat 8: Boomz25 (small blind) folded before Flop



PokerStars Hand #230567086492:  Hold'em No Limit ($0.01/$0.02 USD) - 2021/10/12 23:51:27 PT [2021/10/13 2:51:27 ET]
Table 'Cowell II' 9-max Seat #8 is the button
Seat 1: luv_triton ($0.82 in chips) 
Seat 2: Dorex2007 ($2.57 in chips) 
Seat 3: Bly Sky31 ($0.51 in chips) 
Seat 5: s_nami_bog38 ($1.96 in chips) 
Seat 8: Boomz25 ($1.96 in chips) 
luv_triton: posts small blind $0.01
Dorex2007: posts big blind $0.02
amerycanin: sits out 
*** HOLE CARDS ***
Dealt to Dorex2007 [7d 9s]
Bly Sky31: raises $0.02 to $0.04
s_nami_bog38: raises $0.10 to $0.14
Boomz25: folds 
luv_triton: folds 
Dorex2007: folds 
Bly Sky31: calls $0.10
*** FLOP *** [Qh Kh Qd]
Bly Sky31: bets $0.37 and is all-in
s_nami_bog38: calls $0.37
*** TURN *** [Qh Kh Qd] [6c]
*** RIVER *** [Qh Kh Qd 6c] [Kd]
*** SHOW DOWN ***
Bly Sky31: shows [Jc Tc] (two pair, Kings and Queens)
s_nami_bog38: shows [Ah As] (two pair, Aces and Kings)
s_nami_bog38 collected $1.01 from pot
*** SUMMARY ***
Total pot $1.05 | Rake $0.04 
Board [Qh Kh Qd 6c Kd]
Seat 1: luv_triton (small blind) folded before Flop
Seat 2: Dorex2007 (big blind) folded before Flop
Seat 3: Bly Sky31 showed [Jc Tc] and lost with two pair, Kings and Queens
Seat 5: s_nami_bog38 showed [Ah As] and won ($1.01) with two pair, Aces and Kings
Seat 8: Boomz25 (button) folded before Flop (didn't bet)



PokerStars Hand #230567091676:  Hold'em No Limit ($0.01/$0.02 USD) - 2021/10/12 23:52:07 PT [2021/10/13 2:52:07 ET]
Table 'Cowell II' 9-max Seat #1 is the button
Seat 1: luv_triton ($0.81 in chips) 
Seat 2: Dorex2007 ($2.55 in chips) 
Seat 4: amerycanin ($0.80 in chips) 
Seat 5: s_nami_bog38 ($2.46 in chips) 
Seat 8: Boomz25 ($1.96 in chips) 
Seat 9: dealembub ($1.60 in chips) 
Dorex2007: posts small blind $0.01
amerycanin: posts big blind $0.02
dealembub: posts big blind $0.02
*** HOLE CARDS ***
Dealt to Dorex2007 [6c 6d]
s_nami_bog38: folds 
Boomz25: folds 
dealembub: checks 
luv_triton: folds 
Dorex2007: raises $0.04 to $0.06
amerycanin: folds 
dealembub: folds 
Uncalled bet ($0.04) returned to Dorex2007
Dorex2007 collected $0.06 from pot
Dorex2007: doesn't show hand 
*** SUMMARY ***
Total pot $0.06 | Rake $0 
Seat 1: luv_triton (button) folded before Flop (didn't bet)
Seat 2: Dorex2007 (small blind) collected ($0.06)
Seat 4: amerycanin (big blind) folded before Flop
Seat 5: s_nami_bog38 folded before Flop (didn't bet)
Seat 8: Boomz25 folded before Flop (didn't bet)
Seat 9: dealembub folded before Flop (didn't bet)



PokerStars Hand #230567094539:  Hold'em No Limit ($0.01/$0.02 USD) - 2021/10/12 23:52:29 PT [2021/10/13 2:52:29 ET]
Table 'Cowell II' 9-max Seat #2 is the button
Seat 1: luv_triton ($0.81 in chips) 
Seat 2: Dorex2007 ($2.59 in chips) 
Seat 4: amerycanin ($0.78 in chips) 
Seat 5: s_nami_bog38 ($2.46 in chips) 
Seat 8: Boomz25 ($1.96 in chips) 
Seat 9: dealembub ($1.58 in chips) 
amerycanin: posts small blind $0.01
s_nami_bog38: posts big blind $0.02
*** HOLE CARDS ***
Dealt to Dorex2007 [Kc 6h]
Boomz25: folds 
dealembub: calls $0.02
luv_triton: folds 
Dorex2007: folds 
amerycanin: calls $0.01
s_nami_bog38: checks 
*** FLOP *** [9s 9h 4d]
Bly Sky31 leaves the table
amerycanin: checks 
s_nami_bog38: checks 
dealembub: checks 
*** TURN *** [9s 9h 4d] [5s]
amerycanin: bets $0.02
s_nami_bog38: calls $0.02
dealembub: calls $0.02
*** RIVER *** [9s 9h 4d 5s] [2h]
amerycanin: checks 
s_nami_bog38: checks 
dealembub: checks 
*** SHOW DOWN ***
amerycanin: shows [5d Kd] (two pair, Nines and Fives)
s_nami_bog38: mucks hand 
dealembub: shows [5c Ah] (two pair, Nines and Fives - Ace kicker)
dealembub collected $0.12 from pot
*** SUMMARY ***
Total pot $0.12 | Rake $0 
Board [9s 9h 4d 5s 2h]
Seat 1: luv_triton folded before Flop (didn't bet)
Seat 2: Dorex2007 (button) folded before Flop (didn't bet)
Seat 4: amerycanin (small blind) showed [5d Kd] and lost with two pair, Nines and Fives
Seat 5: s_nami_bog38 (big blind) mucked [Ks 7s]
Seat 8: Boomz25 folded before Flop (didn't bet)
Seat 9: dealembub showed [5c Ah] and won ($0.12) with two pair, Nines and Fives



PokerStars Hand #230567098906:  Hold'em No Limit ($0.01/$0.02 USD) - 2021/10/12 23:53:02 PT [2021/10/13 2:53:02 ET]
Table 'Cowell II' 9-max Seat #4 is the button
Seat 1: luv_triton ($0.81 in chips) 
Seat 2: Dorex2007 ($2.59 in chips) 
Seat 4: amerycanin ($0.74 in chips) 
Seat 5: s_nami_bog38 ($2.42 in chips) 
Seat 8: Boomz25 ($1.96 in chips) 
Seat 9: dealembub ($1.66 in chips) 
s_nami_bog38: posts small blind $0.01
Boomz25: posts big blind $0.02
*** HOLE CARDS ***
Dealt to Dorex2007 [6c 3h]
BumBumLauer joins the table at seat #3 
dealembub: calls $0.02
luv_triton: folds 
Dorex2007: folds 
amerycanin: folds 
s_nami_bog38: calls $0.01
Boomz25: checks 
*** FLOP *** [Ac 7s Th]
s_nami_bog38: checks 
Boomz25: checks 
dealembub: checks 
*** TURN *** [Ac 7s Th] [9s]
s_nami_bog38: bets $0.04
Boomz25: folds 
dealembub: folds 
Uncalled bet ($0.04) returned to s_nami_bog38
s_nami_bog38 collected $0.06 from pot
*** SUMMARY ***
Total pot $0.06 | Rake $0 
Board [Ac 7s Th 9s]
Seat 1: luv_triton folded before Flop (didn't bet)
Seat 2: Dorex2007 folded before Flop (didn't bet)
Seat 4: amerycanin (button) folded before Flop (didn't bet)
Seat 5: s_nami_bog38 (small blind) collected ($0.06)
Seat 8: Boomz25 (big blind) folded on the Turn
Seat 9: dealembub folded on the Turn



PokerStars Hand #230567103767:  Hold'em No Limit ($0.01/$0.02 USD) - 2021/10/12 23:53:38 PT [2021/10/13 2:53:38 ET]
Table 'Cowell II' 9-max Seat #5 is the button
Seat 1: luv_triton ($0.81 in chips) 
Seat 2: Dorex2007 ($2.59 in chips) 
Seat 3: BumBumLauer ($2 in chips) 
Seat 4: amerycanin ($0.74 in chips) 
Seat 5: s_nami_bog38 ($2.46 in chips) 
Seat 8: Boomz25 ($1.94 in chips) 
Seat 9: dealembub ($1.64 in chips) 
Boomz25: posts small blind $0.01
dealembub: posts big blind $0.02
BumBumLauer: posts big blind $0.02
*** HOLE CARDS ***
Dealt to Dorex2007 [Qd 3s]
luv_triton: folds 
Dorex2007: folds 
BumBumLauer: checks 
amerycanin: calls $0.02
s_nami_bog38: folds 
Boomz25: folds 
dealembub: raises $0.02 to $0.04
BumBumLauer: folds 
amerycanin: calls $0.02
*** FLOP *** [5d 8s 9h]
dealembub: bets $0.04
amerycanin: calls $0.04
*** TURN *** [5d 8s 9h] [6d]
dealembub: bets $0.18
amerycanin: folds 
Uncalled bet ($0.18) returned to dealembub
dealembub collected $0.18 from pot
dealembub: doesn't show hand 
*** SUMMARY ***
Total pot $0.19 | Rake $0.01 
Board [5d 8s 9h 6d]
Seat 1: luv_triton folded before Flop (didn't bet)
Seat 2: Dorex2007 folded before Flop (didn't bet)
Seat 3: BumBumLauer folded before Flop (didn't bet)
Seat 4: amerycanin folded on the Turn
Seat 5: s_nami_bog38 (button) folded before Flop (didn't bet)
Seat 8: Boomz25 (small blind) folded before Flop
Seat 9: dealembub (big blind) collected ($0.18)



PokerStars Hand #230567109008:  Hold'em No Limit ($0.01/$0.02 USD) - 2021/10/12 23:54:18 PT [2021/10/13 2:54:18 ET]
Table 'Cowell II' 9-max Seat #8 is the button
Seat 1: luv_triton ($0.81 in chips) 
Seat 2: Dorex2007 ($2.59 in chips) 
Seat 3: BumBumLauer ($1.98 in chips) 
Seat 4: amerycanin ($0.66 in chips) 
Seat 5: s_nami_bog38 ($2.46 in chips) 
Seat 8: Boomz25 ($1.93 in chips) 
Seat 9: dealembub ($1.74 in chips) 
dealembub: posts small blind $0.01
luv_triton: posts big blind $0.02
*** HOLE CARDS ***
Dealt to Dorex2007 [Qs 4c]
Dorex2007: folds 
BumBumLauer: folds 
amerycanin: folds 
s_nami_bog38: folds 
Boomz25: folds 
dealembub: calls $0.01
luv_triton: checks 
*** FLOP *** [3d Td 3c]
dealembub: checks 
luv_triton: bets $0.02
dealembub: folds 
Uncalled bet ($0.02) returned to luv_triton
luv_triton collected $0.04 from pot
luv_triton: doesn't show hand 
*** SUMMARY ***
Total pot $0.04 | Rake $0 
Board [3d Td 3c]
Seat 1: luv_triton (big blind) collected ($0.04)
Seat 2: Dorex2007 folded before Flop (didn't bet)
Seat 3: BumBumLauer folded before Flop (didn't bet)
Seat 4: amerycanin folded before Flop (didn't bet)
Seat 5: s_nami_bog38 folded before Flop (didn't bet)
Seat 8: Boomz25 (button) folded before Flop (didn't bet)
Seat 9: dealembub (small blind) folded on the Flop



PokerStars Hand #230567111771:  Hold'em No Limit ($0.01/$0.02 USD) - 2021/10/12 23:54:39 PT [2021/10/13 2:54:39 ET]
Table 'Cowell II' 9-max Seat #9 is the button
Seat 1: luv_triton ($0.83 in chips) 
Seat 2: Dorex2007 ($2.59 in chips) 
Seat 3: BumBumLauer ($1.98 in chips) 
Seat 4: amerycanin ($0.66 in chips) 
Seat 5: s_nami_bog38 ($2.46 in chips) 
Seat 8: Boomz25 ($1.93 in chips) 
Seat 9: dealembub ($1.72 in chips) 
luv_triton: posts small blind $0.01
Dorex2007: posts big blind $0.02
meelo32: sits out 
*** HOLE CARDS ***
Dealt to Dorex2007 [7h Qc]
BumBumLauer: folds 
kostya163173 is disconnected 
amerycanin: calls $0.02
s_nami_bog38: folds 
Boomz25: folds 
dealembub: folds 
luv_triton: folds 
Dorex2007: checks 
*** FLOP *** [9c Ac Qd]
Dorex2007: checks 
amerycanin: bets $0.02
Dorex2007: calls $0.02
*** TURN *** [9c Ac Qd] [2d]
Dorex2007: checks 
amerycanin: bets $0.05
Dorex2007: calls $0.05
*** RIVER *** [9c Ac Qd 2d] [8d]
Dorex2007: bets $0.09
amerycanin: calls $0.09
*** SHOW DOWN ***
Dorex2007: shows [7h Qc] (a pair of Queens)
amerycanin: shows [Ah 2h] (two pair, Aces and Deuces)
amerycanin collected $0.36 from pot
*** SUMMARY ***
Total pot $0.37 | Rake $0.01 
Board [9c Ac Qd 2d 8d]
Seat 1: luv_triton (small blind) folded before Flop
Seat 2: Dorex2007 (big blind) showed [7h Qc] and lost with a pair of Queens
Seat 3: BumBumLauer folded before Flop (didn't bet)
Seat 4: amerycanin showed [Ah 2h] and won ($0.36) with two pair, Aces and Deuces
Seat 5: s_nami_bog38 folded before Flop (didn't bet)
Seat 8: Boomz25 folded before Flop (didn't bet)
Seat 9: dealembub (button) folded before Flop (didn't bet)



PokerStars Hand #230567116708:  Hold'em No Limit ($0.01/$0.02 USD) - 2021/10/12 23:55:17 PT [2021/10/13 2:55:17 ET]
Table 'Cowell II' 9-max Seat #1 is the button
Seat 1: luv_triton ($0.82 in chips) 
Seat 2: Dorex2007 ($2.41 in chips) 
Seat 3: BumBumLauer ($1.98 in chips) 
Seat 4: amerycanin ($0.84 in chips) 
Seat 5: s_nami_bog38 ($2.46 in chips) 
Seat 8: Boomz25 ($1.93 in chips) 
Seat 9: dealembub ($1.72 in chips) 
Dorex2007: posts small blind $0.01
BumBumLauer: posts big blind $0.02
meelo32: sits out 
*** HOLE CARDS ***
Dealt to Dorex2007 [3h 3c]
amerycanin: calls $0.02
s_nami_bog38: folds 
Boomz25: folds 
dealembub: folds 
luv_triton: folds 
Dorex2007: raises $0.04 to $0.06
BumBumLauer: folds 
amerycanin: calls $0.04
*** FLOP *** [5c Jh 3d]
Dorex2007: bets $0.07
amerycanin: calls $0.07
*** TURN *** [5c Jh 3d] [Td]
Dorex2007: bets $0.14
amerycanin: folds 
Uncalled bet ($0.14) returned to Dorex2007
Dorex2007 collected $0.27 from pot
Dorex2007: doesn't show hand 
*** SUMMARY ***
Total pot $0.28 | Rake $0.01 
Board [5c Jh 3d Td]
Seat 1: luv_triton (button) folded before Flop (didn't bet)
Seat 2: Dorex2007 (small blind) collected ($0.27)
Seat 3: BumBumLauer (big blind) folded before Flop
Seat 4: amerycanin folded on the Turn
Seat 5: s_nami_bog38 folded before Flop (didn't bet)
Seat 8: Boomz25 folded before Flop (didn't bet)
Seat 9: dealembub folded before Flop (didn't bet)



PokerStars Hand #230567120089:  Hold'em No Limit ($0.01/$0.02 USD) - 2021/10/12 23:55:45 PT [2021/10/13 2:55:45 ET]
Table 'Cowell II' 9-max Seat #2 is the button
Seat 1: luv_triton ($0.82 in chips) 
Seat 2: Dorex2007 ($2.55 in chips) 
Seat 3: BumBumLauer ($1.96 in chips) 
Seat 4: amerycanin ($0.71 in chips) 
Seat 5: s_nami_bog38 ($2.46 in chips) 
Seat 6: meelo32 ($1.57 in chips) 
Seat 8: Boomz25 ($1.93 in chips) 
Seat 9: dealembub ($1.72 in chips) 
BumBumLauer: posts small blind $0.01
amerycanin: posts big blind $0.02
meelo32: posts small & big blinds $0.03
*** HOLE CARDS ***
Dealt to Dorex2007 [Tc 9d]
s_nami_bog38: folds 
meelo32: checks 
Boomz25: calls $0.02
dealembub: folds 
luv_triton: folds 
Dorex2007: calls $0.02
BumBumLauer: raises $0.12 to $0.14
amerycanin: folds 
meelo32: folds 
Boomz25: calls $0.12
Dorex2007: folds 
*** FLOP *** [Ah 7d 3h]
BumBumLauer: bets $0.18
Boomz25: folds 
Uncalled bet ($0.18) returned to BumBumLauer
BumBumLauer collected $0.34 from pot
BumBumLauer: doesn't show hand 
*** SUMMARY ***
Total pot $0.35 | Rake $0.01 
Board [Ah 7d 3h]
Seat 1: luv_triton folded before Flop (didn't bet)
Seat 2: Dorex2007 (button) folded before Flop
Seat 3: BumBumLauer (small blind) collected ($0.34)
Seat 4: amerycanin (big blind) folded before Flop
Seat 5: s_nami_bog38 folded before Flop (didn't bet)
Seat 6: meelo32 folded before Flop (didn't bet)
Seat 8: Boomz25 folded on the Flop
Seat 9: dealembub folded before Flop (didn't bet)



PokerStars Hand #230567125976:  Hold'em No Limit ($0.01/$0.02 USD) - 2021/10/12 23:56:36 PT [2021/10/13 2:56:36 ET]
Table 'Cowell II' 9-max Seat #3 is the button
Seat 1: luv_triton ($0.82 in chips) 
Seat 2: Dorex2007 ($2.53 in chips) 
Seat 3: BumBumLauer ($2.16 in chips) 
Seat 4: amerycanin ($0.69 in chips) 
Seat 5: s_nami_bog38 ($2.46 in chips) 
Seat 6: meelo32 ($1.54 in chips) 
Seat 8: Boomz25 ($1.79 in chips) 
Seat 9: dealembub ($1.72 in chips) 
amerycanin: posts small blind $0.01
s_nami_bog38: posts big blind $0.02
*** HOLE CARDS ***
Dealt to Dorex2007 [2h 8h]
meelo32: folds 
Boomz25: folds 
dealembub: calls $0.02
luv_triton: folds 
Dorex2007: folds 
BumBumLauer: folds 
amerycanin: calls $0.01
s_nami_bog38: checks 
*** FLOP *** [Js 7s Th]
amerycanin: checks 
s_nami_bog38: checks 
dealembub: checks 
*** TURN *** [Js 7s Th] [Qc]
amerycanin: checks 
s_nami_bog38: checks 
dealembub: checks 
*** RIVER *** [Js 7s Th Qc] [Jh]
amerycanin: checks 
s_nami_bog38: checks 
dealembub: checks 
*** SHOW DOWN ***
amerycanin: shows [6h Ad] (a pair of Jacks)
s_nami_bog38: shows [7h 2c] (two pair, Jacks and Sevens)
dealembub: mucks hand 
s_nami_bog38 collected $0.06 from pot
*** SUMMARY ***
Total pot $0.06 | Rake $0 
Board [Js 7s Th Qc Jh]
Seat 1: luv_triton folded before Flop (didn't bet)
Seat 2: Dorex2007 folded before Flop (didn't bet)
Seat 3: BumBumLauer (button) folded before Flop (didn't bet)
Seat 4: amerycanin (small blind) showed [6h Ad] and lost with a pair of Jacks
Seat 5: s_nami_bog38 (big blind) showed [7h 2c] and won ($0.06) with two pair, Jacks and Sevens
Seat 6: meelo32 folded before Flop (didn't bet)
Seat 8: Boomz25 folded before Flop (didn't bet)
Seat 9: dealembub mucked [5h 5s]



PokerStars Hand #230567129663:  Hold'em No Limit ($0.01/$0.02 USD) - 2021/10/12 23:57:07 PT [2021/10/13 2:57:07 ET]
Table 'Cowell II' 9-max Seat #4 is the button
Seat 1: luv_triton ($0.82 in chips) 
Seat 2: Dorex2007 ($2.53 in chips) 
Seat 3: BumBumLauer ($2.16 in chips) 
Seat 4: amerycanin ($0.67 in chips) 
Seat 5: s_nami_bog38 ($2.50 in chips) 
Seat 6: meelo32 ($1.54 in chips) 
Seat 8: Boomz25 ($1.79 in chips) 
Seat 9: dealembub ($1.70 in chips) 
s_nami_bog38: posts small blind $0.01
meelo32: posts big blind $0.02
*** HOLE CARDS ***
Dealt to Dorex2007 [5h 5c]
Boomz25: folds 
dealembub: calls $0.02
luv_triton: folds 
Dorex2007: calls $0.02
BumBumLauer: folds 
amerycanin: raises $0.06 to $0.08
s_nami_bog38: folds 
meelo32: folds 
dealembub: folds 
Dorex2007: calls $0.06
*** FLOP *** [Ac Jc Kc]
Dorex2007: checks 
amerycanin: checks 
*** TURN *** [Ac Jc Kc] [7h]
Dorex2007: checks 
amerycanin: bets $0.06
Dorex2007: folds 
Uncalled bet ($0.06) returned to amerycanin
amerycanin collected $0.20 from pot
amerycanin: doesn't show hand 
*** SUMMARY ***
Total pot $0.21 | Rake $0.01 
Board [Ac Jc Kc 7h]
Seat 1: luv_triton folded before Flop (didn't bet)
Seat 2: Dorex2007 folded on the Turn
Seat 3: BumBumLauer folded before Flop (didn't bet)
Seat 4: amerycanin (button) collected ($0.20)
Seat 5: s_nami_bog38 (small blind) folded before Flop
Seat 6: meelo32 (big blind) folded before Flop
Seat 8: Boomz25 folded before Flop (didn't bet)
Seat 9: dealembub folded before Flop



PokerStars Hand #230567134782:  Hold'em No Limit ($0.01/$0.02 USD) - 2021/10/12 23:57:51 PT [2021/10/13 2:57:51 ET]
Table 'Cowell II' 9-max Seat #5 is the button
Seat 1: luv_triton ($0.82 in chips) 
Seat 2: Dorex2007 ($2.45 in chips) 
Seat 3: BumBumLauer ($2.16 in chips) 
Seat 4: amerycanin ($0.79 in chips) 
Seat 5: s_nami_bog38 ($2.49 in chips) 
Seat 6: meelo32 ($1.52 in chips) 
Seat 9: dealembub ($1.68 in chips) 
meelo32: posts small blind $0.01
dealembub: posts big blind $0.02
*** HOLE CARDS ***
Dealt to Dorex2007 [2c 6d]
luv_triton: folds 
Dorex2007: folds 
BumBumLauer: folds 
amerycanin: folds 
s_nami_bog38: folds 
meelo32 has timed out
meelo32: folds 
Uncalled bet ($0.01) returned to dealembub
dealembub collected $0.02 from pot
dealembub: doesn't show hand 
*** SUMMARY ***
Total pot $0.02 | Rake $0 
Seat 1: luv_triton folded before Flop (didn't bet)
Seat 2: Dorex2007 folded before Flop (didn't bet)
Seat 3: BumBumLauer folded before Flop (didn't bet)
Seat 4: amerycanin folded before Flop (didn't bet)
Seat 5: s_nami_bog38 (button) folded before Flop (didn't bet)
Seat 6: meelo32 (small blind) folded before Flop
Seat 9: dealembub (big blind) collected ($0.02)



PokerStars Hand #230567141320:  Hold'em No Limit ($0.01/$0.02 USD) - 2021/10/12 23:58:47 PT [2021/10/13 2:58:47 ET]
Table 'Cowell II' 9-max Seat #9 is the button
Seat 1: luv_triton ($0.82 in chips) 
Seat 2: Dorex2007 ($2.45 in chips) 
Seat 3: BumBumLauer ($2.16 in chips) 
Seat 4: amerycanin ($0.79 in chips) 
Seat 5: s_nami_bog38 ($2.49 in chips) 
Seat 9: dealembub ($1.69 in chips) 
luv_triton: posts small blind $0.01
Dorex2007: posts big blind $0.02
*** HOLE CARDS ***
Dealt to Dorex2007 [Qh Qd]
kostya163173 leaves the table
BumBumLauer: folds 
amerycanin: folds 
s_nami_bog38: folds 
dealembub: calls $0.02
luv_triton: calls $0.01
dominicara joins the table at seat #7 
Dorex2007: raises $0.04 to $0.06
dealembub: folds 
luv_triton: folds 
Uncalled bet ($0.04) returned to Dorex2007
Dorex2007 collected $0.06 from pot
Dorex2007: doesn't show hand 
*** SUMMARY ***
Total pot $0.06 | Rake $0 
Seat 1: luv_triton (small blind) folded before Flop
Seat 2: Dorex2007 (big blind) collected ($0.06)
Seat 3: BumBumLauer folded before Flop (didn't bet)
Seat 4: amerycanin folded before Flop (didn't bet)
Seat 5: s_nami_bog38 folded before Flop (didn't bet)
Seat 9: dealembub (button) folded before Flop



PokerStars Hand #230567144027:  Hold'em No Limit ($0.01/$0.02 USD) - 2021/10/12 23:59:10 PT [2021/10/13 2:59:10 ET]
Table 'Cowell II' 9-max Seat #1 is the button
Seat 1: luv_triton ($0.80 in chips) 
Seat 2: Dorex2007 ($2.49 in chips) 
Seat 3: BumBumLauer ($2.16 in chips) 
Seat 4: amerycanin ($0.79 in chips) 
Seat 5: s_nami_bog38 ($2.49 in chips) 
Seat 9: dealembub ($1.67 in chips) 
Dorex2007: posts small blind $0.01
BumBumLauer: posts big blind $0.02
dominicara: sits out 
*** HOLE CARDS ***
Dealt to Dorex2007 [5c 2h]
amerycanin: folds 
s_nami_bog38: folds 
dealembub: calls $0.02
luv_triton: folds 
Dorex2007: folds 
BumBumLauer: checks 
*** FLOP *** [As 6c Jh]
BumBumLauer: checks 
dealembub: bets $0.05
BumBumLauer: folds 
Uncalled bet ($0.05) returned to dealembub
dealembub collected $0.05 from pot
dealembub: doesn't show hand 
*** SUMMARY ***
Total pot $0.05 | Rake $0 
Board [As 6c Jh]
Seat 1: luv_triton (button) folded before Flop (didn't bet)
Seat 2: Dorex2007 (small blind) folded before Flop
Seat 3: BumBumLauer (big blind) folded on the Flop
Seat 4: amerycanin folded before Flop (didn't bet)
Seat 5: s_nami_bog38 folded before Flop (didn't bet)
Seat 9: dealembub collected ($0.05)



PokerStars Hand #230567146141:  Hold'em No Limit ($0.01/$0.02 USD) - 2021/10/12 23:59:28 PT [2021/10/13 2:59:28 ET]
Table 'Cowell II' 9-max Seat #2 is the button
Seat 1: luv_triton ($0.80 in chips) 
Seat 2: Dorex2007 ($2.48 in chips) 
Seat 3: BumBumLauer ($2.14 in chips) 
Seat 4: amerycanin ($0.79 in chips) 
Seat 5: s_nami_bog38 ($2.49 in chips) 
Seat 9: dealembub ($1.70 in chips) 
BumBumLauer: posts small blind $0.01
amerycanin: posts big blind $0.02
dominicara: sits out 
*** HOLE CARDS ***
Dealt to Dorex2007 [5d 3d]
s_nami_bog38: folds 
dealembub: calls $0.02
luv_triton: raises $0.02 to $0.04
Dorex2007: calls $0.04
BumBumLauer: calls $0.03
amerycanin: calls $0.02
dealembub: calls $0.02
*** FLOP *** [8c Ad 7s]
BumBumLauer: checks 
amerycanin: checks 
dealembub: checks 
luv_triton: checks 
Dorex2007: checks 
*** TURN *** [8c Ad 7s] [Ah]
BumBumLauer: bets $0.10
amerycanin: folds 
dealembub: folds 
luv_triton: folds 
Dorex2007: folds 
Uncalled bet ($0.10) returned to BumBumLauer
BumBumLauer collected $0.19 from pot
BumBumLauer: doesn't show hand 
*** SUMMARY ***
Total pot $0.20 | Rake $0.01 
Board [8c Ad 7s Ah]
Seat 1: luv_triton folded on the Turn
Seat 2: Dorex2007 (button) folded on the Turn
Seat 3: BumBumLauer (small blind) collected ($0.19)
Seat 4: amerycanin (big blind) folded on the Turn
Seat 5: s_nami_bog38 folded before Flop (didn't bet)
Seat 9: dealembub folded on the Turn



PokerStars Hand #230567152633:  Hold'em No Limit ($0.01/$0.02 USD) - 2021/10/13 0:00:22 PT [2021/10/13 3:00:22 ET]
Table 'Cowell II' 9-max Seat #3 is the button
Seat 1: luv_triton ($0.76 in chips) 
Seat 2: Dorex2007 ($2.44 in chips) 
Seat 3: BumBumLauer ($2.29 in chips) 
Seat 4: amerycanin ($0.75 in chips) 
Seat 5: s_nami_bog38 ($2.49 in chips) 
Seat 9: dealembub ($1.66 in chips) 
amerycanin: posts small blind $0.01
s_nami_bog38: posts big blind $0.02
dominicara: sits out 
*** HOLE CARDS ***
Dealt to Dorex2007 [Kc 3s]
dealembub: calls $0.02
luv_triton: raises $0.06 to $0.08
Dorex2007: folds 
BumBumLauer: folds 
amerycanin: calls $0.07
s_nami_bog38: folds 
dealembub: folds 
*** FLOP *** [3d 5c 6d]
amerycanin: checks 
luv_triton: bets $0.13
amerycanin: calls $0.13
*** TURN *** [3d 5c 6d] [8h]
amerycanin: checks 
luv_triton: checks 
*** RIVER *** [3d 5c 6d 8h] [2h]
amerycanin: bets $0.22
luv_triton: folds 
Uncalled bet ($0.22) returned to amerycanin
amerycanin collected $0.44 from pot
amerycanin: doesn't show hand 
*** SUMMARY ***
Total pot $0.46 | Rake $0.02 
Board [3d 5c 6d 8h 2h]
Seat 1: luv_triton folded on the River
Seat 2: Dorex2007 folded before Flop (didn't bet)
Seat 3: BumBumLauer (button) folded before Flop (didn't bet)
Seat 4: amerycanin (small blind) collected ($0.44)
Seat 5: s_nami_bog38 (big blind) folded before Flop
Seat 9: dealembub folded before Flop



PokerStars Hand #230567160552:  Hold'em No Limit ($0.01/$0.02 USD) - 2021/10/13 0:01:23 PT [2021/10/13 3:01:23 ET]
Table 'Cowell II' 9-max Seat #4 is the button
Seat 1: luv_triton ($0.55 in chips) 
Seat 2: Dorex2007 ($2.44 in chips) 
Seat 3: BumBumLauer ($2.29 in chips) 
Seat 4: amerycanin ($0.98 in chips) 
Seat 5: s_nami_bog38 ($2.47 in chips) 
Seat 7: dominicara ($2 in chips) 
Seat 9: dealembub ($1.64 in chips) 
s_nami_bog38: posts small blind $0.01
dominicara: posts big blind $0.02
Boomz25: sits out 
*** HOLE CARDS ***
Dealt to Dorex2007 [Qc 6c]
dealembub: folds 
luv_triton: folds 
Dorex2007: folds 
BumBumLauer: folds 
amerycanin: folds 
s_nami_bog38: calls $0.01
dominicara: checks 
*** FLOP *** [Qd Jd 8c]
s_nami_bog38: bets $0.02
dominicara: raises $0.06 to $0.08
s_nami_bog38: calls $0.06
*** TURN *** [Qd Jd 8c] [8d]
s_nami_bog38: checks 
dominicara: bets $0.15
s_nami_bog38: calls $0.15
*** RIVER *** [Qd Jd 8c 8d] [Kc]
s_nami_bog38: checks 
dominicara: bets $0.38
s_nami_bog38: calls $0.38
*** SHOW DOWN ***
dominicara: shows [Tc 9s] (a straight, Nine to King)
s_nami_bog38: shows [6d Td] (a flush, Queen high)
s_nami_bog38 collected $1.22 from pot
*** SUMMARY ***
Total pot $1.26 | Rake $0.04 
Board [Qd Jd 8c 8d Kc]
Seat 1: luv_triton folded before Flop (didn't bet)
Seat 2: Dorex2007 folded before Flop (didn't bet)
Seat 3: BumBumLauer folded before Flop (didn't bet)
Seat 4: amerycanin (button) folded before Flop (didn't bet)
Seat 5: s_nami_bog38 (small blind) showed [6d Td] and won ($1.22) with a flush, Queen high
Seat 7: dominicara (big blind) showed [Tc 9s] and lost with a straight, Nine to King
Seat 9: dealembub folded before Flop (didn't bet)



PokerStars Hand #230567166764:  Hold'em No Limit ($0.01/$0.02 USD) - 2021/10/13 0:02:11 PT [2021/10/13 3:02:11 ET]
Table 'Cowell II' 9-max Seat #5 is the button
Seat 1: luv_triton ($0.87 in chips) 
Seat 2: Dorex2007 ($2.44 in chips) 
Seat 3: BumBumLauer ($2.29 in chips) 
Seat 4: amerycanin ($0.98 in chips) 
Seat 5: s_nami_bog38 ($3.06 in chips) 
Seat 7: dominicara ($2 in chips) 
Seat 8: Boomz25 ($1.79 in chips) 
Seat 9: dealembub ($1.64 in chips) 
dominicara: posts small blind $0.01
Boomz25: posts big blind $0.02
*** HOLE CARDS ***
Dealt to Dorex2007 [7d 8d]
dealembub: raises $0.02 to $0.04
luv_triton: folds 
Dorex2007: calls $0.04
BumBumLauer: folds 
amerycanin: folds 
s_nami_bog38: folds 
dominicara: folds 
Boomz25: calls $0.02
*** FLOP *** [6c 5h Ac]
Boomz25: checks 
dealembub: bets $0.13
Dorex2007: calls $0.13
Boomz25: folds 
*** TURN *** [6c 5h Ac] [9h]
dealembub: bets $0.19
Dorex2007: raises $0.19 to $0.38
dealembub: calls $0.19
*** RIVER *** [6c 5h Ac 9h] [Kd]
dealembub: checks 
Dorex2007: bets $0.56
dealembub: folds 
Uncalled bet ($0.56) returned to Dorex2007
Dorex2007 collected $1.11 from pot
Dorex2007: doesn't show hand 
*** SUMMARY ***
Total pot $1.15 | Rake $0.04 
Board [6c 5h Ac 9h Kd]
Seat 1: luv_triton folded before Flop (didn't bet)
Seat 2: Dorex2007 collected ($1.11)
Seat 3: BumBumLauer folded before Flop (didn't bet)
Seat 4: amerycanin folded before Flop (didn't bet)
Seat 5: s_nami_bog38 (button) folded before Flop (didn't bet)
Seat 7: dominicara (small blind) folded before Flop
Seat 8: Boomz25 (big blind) folded on the Flop
Seat 9: dealembub folded on the River



PokerStars Hand #230567175170:  Hold'em No Limit ($0.01/$0.02 USD) - 2021/10/13 0:03:13 PT [2021/10/13 3:03:13 ET]
Table 'Cowell II' 9-max Seat #7 is the button
Seat 1: luv_triton ($0.87 in chips) 
Seat 2: Dorex2007 ($3 in chips) 
Seat 3: BumBumLauer ($2.29 in chips) 
Seat 4: amerycanin ($0.98 in chips) 
Seat 5: s_nami_bog38 ($3.06 in chips) 
Seat 7: dominicara ($1.99 in chips) 
Seat 8: Boomz25 ($1.75 in chips) 
Seat 9: dealembub ($1.09 in chips) 
Boomz25: posts small blind $0.01
dealembub: posts big blind $0.02
*** HOLE CARDS ***
Dealt to Dorex2007 [8c Td]
luv_triton: folds 
Dorex2007: folds 
BumBumLauer: folds 
amerycanin: folds 
s_nami_bog38: folds 
dominicara: folds 
Boomz25: folds 
Uncalled bet ($0.01) returned to dealembub
dealembub collected $0.02 from pot
dealembub: doesn't show hand 
dealembub said, "A 10"
*** SUMMARY ***
Total pot $0.02 | Rake $0 
Seat 1: luv_triton folded before Flop (didn't bet)
Seat 2: Dorex2007 folded before Flop (didn't bet)
Seat 3: BumBumLauer folded before Flop (didn't bet)
Seat 4: amerycanin folded before Flop (didn't bet)
Seat 5: s_nami_bog38 folded before Flop (didn't bet)
Seat 7: dominicara (button) folded before Flop (didn't bet)
Seat 8: Boomz25 (small blind) folded before Flop
Seat 9: dealembub (big blind) collected ($0.02)



PokerStars Hand #230567178053:  Hold'em No Limit ($0.01/$0.02 USD) - 2021/10/13 0:03:34 PT [2021/10/13 3:03:34 ET]
Table 'Cowell II' 9-max Seat #8 is the button
Seat 1: luv_triton ($0.87 in chips) 
Seat 2: Dorex2007 ($3 in chips) 
Seat 3: BumBumLauer ($2.29 in chips) 
Seat 4: amerycanin ($0.98 in chips) 
Seat 5: s_nami_bog38 ($3.06 in chips) 
Seat 7: dominicara ($1.99 in chips) 
Seat 8: Boomz25 ($1.74 in chips) 
Seat 9: dealembub ($1.10 in chips) 
dealembub: posts small blind $0.01
luv_triton: posts big blind $0.02
*** HOLE CARDS ***
Dealt to Dorex2007 [9s Th]
Dorex2007: folds 
Dorex2007 said, "78"
BumBumLauer: raises $0.04 to $0.06
amerycanin: folds 
s_nami_bog38: folds 
dominicara: folds 
Boomz25: folds 
dealembub: folds 
luv_triton: folds 
Uncalled bet ($0.04) returned to BumBumLauer
dealembub said, "OK"
BumBumLauer collected $0.05 from pot
BumBumLauer: doesn't show hand 
*** SUMMARY ***
Total pot $0.05 | Rake $0 
Seat 1: luv_triton (big blind) folded before Flop
Seat 2: Dorex2007 folded before Flop (didn't bet)
Seat 3: BumBumLauer collected ($0.05)
Seat 4: amerycanin folded before Flop (didn't bet)
Seat 5: s_nami_bog38 folded before Flop (didn't bet)
Seat 7: dominicara folded before Flop (didn't bet)
Seat 8: Boomz25 (button) folded before Flop (didn't bet)
Seat 9: dealembub (small blind) folded before Flop



PokerStars Hand #230567181589:  Hold'em No Limit ($0.01/$0.02 USD) - 2021/10/13 0:04:00 PT [2021/10/13 3:04:00 ET]
Table 'Cowell II' 9-max Seat #9 is the button
Seat 1: luv_triton ($0.85 in chips) 
Seat 2: Dorex2007 ($3 in chips) 
Seat 3: BumBumLauer ($2.32 in chips) 
Seat 4: amerycanin ($0.98 in chips) 
Seat 5: s_nami_bog38 ($3.06 in chips) 
Seat 7: dominicara ($1.99 in chips) 
Seat 8: Boomz25 ($1.74 in chips) 
Seat 9: dealembub ($1.09 in chips) 
luv_triton: posts small blind $0.01
Dorex2007: posts big blind $0.02
*** HOLE CARDS ***
Dealt to Dorex2007 [Qs 6c]
BumBumLauer: folds 
amerycanin: folds 
s_nami_bog38: folds 
dominicara: folds 
Boomz25: folds 
dealembub: folds 
luv_triton: raises $0.04 to $0.06
Dorex2007: folds 
Uncalled bet ($0.04) returned to luv_triton
luv_triton collected $0.04 from pot
luv_triton: doesn't show hand 
*** SUMMARY ***
Total pot $0.04 | Rake $0 
Seat 1: luv_triton (small blind) collected ($0.04)
Seat 2: Dorex2007 (big blind) folded before Flop
Seat 3: BumBumLauer folded before Flop (didn't bet)
Seat 4: amerycanin folded before Flop (didn't bet)
Seat 5: s_nami_bog38 folded before Flop (didn't bet)
Seat 7: dominicara folded before Flop (didn't bet)
Seat 8: Boomz25 folded before Flop (didn't bet)
Seat 9: dealembub (button) folded before Flop (didn't bet)



PokerStars Hand #230567184147:  Hold'em No Limit ($0.01/$0.02 USD) - 2021/10/13 0:04:19 PT [2021/10/13 3:04:19 ET]
Table 'Cowell II' 9-max Seat #1 is the button
Seat 1: luv_triton ($0.87 in chips) 
Seat 2: Dorex2007 ($2.98 in chips) 
Seat 3: BumBumLauer ($2.32 in chips) 
Seat 4: amerycanin ($0.98 in chips) 
Seat 7: dominicara ($1.99 in chips) 
Seat 8: Boomz25 ($1.74 in chips) 
Seat 9: dealembub ($1.09 in chips) 
Dorex2007: posts small blind $0.01
BumBumLauer: posts big blind $0.02
*** HOLE CARDS ***
Dealt to Dorex2007 [Jh 7h]
amerycanin: folds 
s_nami_bog38 leaves the table
dominicara: folds 
Boomz25: folds 
dealembub: calls $0.02
luv_triton: folds 
Dorex2007: calls $0.01
BumBumLauer: checks 
*** FLOP *** [4s As 9c]
Dorex2007: checks 
BumBumLauer: checks 
dealembub: bets $0.06
Dorex2007: folds 
BumBumLauer: folds 
Uncalled bet ($0.06) returned to dealembub
dealembub collected $0.06 from pot
dealembub: doesn't show hand 
*** SUMMARY ***
Total pot $0.06 | Rake $0 
Board [4s As 9c]
Seat 1: luv_triton (button) folded before Flop (didn't bet)
Seat 2: Dorex2007 (small blind) folded on the Flop
Seat 3: BumBumLauer (big blind) folded on the Flop
Seat 4: amerycanin folded before Flop (didn't bet)
Seat 7: dominicara folded before Flop (didn't bet)
Seat 8: Boomz25 folded before Flop (didn't bet)
Seat 9: dealembub collected ($0.06)



PokerStars Hand #230567189049:  Hold'em No Limit ($0.01/$0.02 USD) - 2021/10/13 0:04:54 PT [2021/10/13 3:04:54 ET]
Table 'Cowell II' 9-max Seat #2 is the button
Seat 1: luv_triton ($0.87 in chips) 
Seat 2: Dorex2007 ($2.96 in chips) 
Seat 3: BumBumLauer ($2.30 in chips) 
Seat 4: amerycanin ($0.98 in chips) 
Seat 7: dominicara ($1.99 in chips) 
Seat 8: Boomz25 ($1.74 in chips) 
Seat 9: dealembub ($1.13 in chips) 
BumBumLauer: posts small blind $0.01
amerycanin: posts big blind $0.02
*** HOLE CARDS ***
Dealt to Dorex2007 [Ah Ts]
dominicara: folds 
Boomz25: folds 
dealembub: calls $0.02
luv_triton: folds 
Dorex2007: calls $0.02
BumBumLauer: folds 
amerycanin: checks 
*** FLOP *** [3c 4h 5c]
amerycanin: checks 
dealembub: bets $0.07
Dorex2007: calls $0.07
amerycanin: folds 
*** TURN *** [3c 4h 5c] [7c]
dealembub: bets $0.20
Dorex2007: folds 
Uncalled bet ($0.20) returned to dealembub
dealembub collected $0.20 from pot
dealembub: doesn't show hand 
*** SUMMARY ***
Total pot $0.21 | Rake $0.01 
Board [3c 4h 5c 7c]
Seat 1: luv_triton folded before Flop (didn't bet)
Seat 2: Dorex2007 (button) folded on the Turn
Seat 3: BumBumLauer (small blind) folded before Flop
Seat 4: amerycanin (big blind) folded on the Flop
Seat 7: dominicara folded before Flop (didn't bet)
Seat 8: Boomz25 folded before Flop (didn't bet)
Seat 9: dealembub collected ($0.20)



PokerStars Hand #230567193240:  Hold'em No Limit ($0.01/$0.02 USD) - 2021/10/13 0:05:25 PT [2021/10/13 3:05:25 ET]
Table 'Cowell II' 9-max Seat #3 is the button
Seat 1: luv_triton ($0.87 in chips) 
Seat 2: Dorex2007 ($2.87 in chips) 
Seat 3: BumBumLauer ($2.29 in chips) 
Seat 4: amerycanin ($0.96 in chips) 
Seat 7: dominicara ($1.99 in chips) 
Seat 8: Boomz25 ($1.74 in chips) 
Seat 9: dealembub ($1.24 in chips) 
amerycanin: posts small blind $0.01
dominicara: posts big blind $0.02
*** HOLE CARDS ***
Dealt to Dorex2007 [9s 4c]
Boomz25: calls $0.02
dealembub: calls $0.02
luv_triton: folds 
Dorex2007: folds 
BumBumLauer: raises $0.08 to $0.10
amerycanin: folds 
dominicara: folds 
Boomz25: calls $0.08
dealembub: folds 
*** FLOP *** [Ks Td Ah]
Boomz25: checks 
BumBumLauer: bets $0.16
Boomz25: folds 
Uncalled bet ($0.16) returned to BumBumLauer
BumBumLauer collected $0.24 from pot
BumBumLauer: doesn't show hand 
*** SUMMARY ***
Total pot $0.25 | Rake $0.01 
Board [Ks Td Ah]
Seat 1: luv_triton folded before Flop (didn't bet)
Seat 2: Dorex2007 folded before Flop (didn't bet)
Seat 3: BumBumLauer (button) collected ($0.24)
Seat 4: amerycanin (small blind) folded before Flop
Seat 7: dominicara (big blind) folded before Flop
Seat 8: Boomz25 folded on the Flop
Seat 9: dealembub folded before Flop



PokerStars Hand #230567198265:  Hold'em No Limit ($0.01/$0.02 USD) - 2021/10/13 0:06:02 PT [2021/10/13 3:06:02 ET]
Table 'Cowell II' 9-max Seat #4 is the button
Seat 1: luv_triton ($0.87 in chips) 
Seat 2: Dorex2007 ($2.87 in chips) 
Seat 3: BumBumLauer ($2.43 in chips) 
Seat 4: amerycanin ($0.95 in chips) 
Seat 7: dominicara ($1.97 in chips) 
Seat 8: Boomz25 ($1.64 in chips) 
Seat 9: dealembub ($1.22 in chips) 
dominicara: posts small blind $0.01
Boomz25: posts big blind $0.02
*** HOLE CARDS ***
Dealt to Dorex2007 [6s 9d]
dealembub: raises $0.02 to $0.04
luv_triton: folds 
Dorex2007: folds 
BumBumLauer: folds 
amerycanin: folds 
dominicara: folds 
Boomz25: folds 
Uncalled bet ($0.02) returned to dealembub
dealembub collected $0.05 from pot
dealembub: doesn't show hand 
*** SUMMARY ***
Total pot $0.05 | Rake $0 
Seat 1: luv_triton folded before Flop (didn't bet)
Seat 2: Dorex2007 folded before Flop (didn't bet)
Seat 3: BumBumLauer folded before Flop (didn't bet)
Seat 4: amerycanin (button) folded before Flop (didn't bet)
Seat 7: dominicara (small blind) folded before Flop
Seat 8: Boomz25 (big blind) folded before Flop
Seat 9: dealembub collected ($0.05)



PokerStars Hand #230567200168:  Hold'em No Limit ($0.01/$0.02 USD) - 2021/10/13 0:06:16 PT [2021/10/13 3:06:16 ET]
Table 'Cowell II' 9-max Seat #7 is the button
Seat 1: luv_triton ($0.87 in chips) 
Seat 2: Dorex2007 ($2.87 in chips) 
Seat 3: BumBumLauer ($2.43 in chips) 
Seat 4: amerycanin ($0.95 in chips) 
Seat 7: dominicara ($1.96 in chips) 
Seat 8: Boomz25 ($1.62 in chips) 
Seat 9: dealembub ($1.25 in chips) 
Boomz25: posts small blind $0.01
dealembub: posts big blind $0.02
*** HOLE CARDS ***
Dealt to Dorex2007 [Ts Qc]
luv_triton: folds 
Dorex2007: raises $0.02 to $0.04
BumBumLauer: folds 
amerycanin: calls $0.04
dominicara: calls $0.04
Boomz25: folds 
dealembub: folds 
*** FLOP *** [9c Qs 3h]
Dorex2007: checks 
amerycanin: bets $0.08
dominicara: folds 
Dorex2007: raises $0.18 to $0.26
amerycanin: folds 
Uncalled bet ($0.18) returned to Dorex2007
Dorex2007 collected $0.30 from pot
Dorex2007: doesn't show hand 
*** SUMMARY ***
Total pot $0.31 | Rake $0.01 
Board [9c Qs 3h]
Seat 1: luv_triton folded before Flop (didn't bet)
Seat 2: Dorex2007 collected ($0.30)
Seat 3: BumBumLauer folded before Flop (didn't bet)
Seat 4: amerycanin folded on the Flop
Seat 7: dominicara (button) folded on the Flop
Seat 8: Boomz25 (small blind) folded before Flop
Seat 9: dealembub (big blind) folded before Flop



PokerStars Hand #230567207160:  Hold'em No Limit ($0.01/$0.02 USD) - 2021/10/13 0:07:07 PT [2021/10/13 3:07:07 ET]
Table 'Cowell II' 9-max Seat #8 is the button
Seat 1: luv_triton ($0.87 in chips) 
Seat 2: Dorex2007 ($3.05 in chips) 
Seat 3: BumBumLauer ($2.43 in chips) 
Seat 4: amerycanin ($0.83 in chips) 
Seat 7: dominicara ($1.92 in chips) 
Seat 8: Boomz25 ($1.61 in chips) 
Seat 9: dealembub ($1.23 in chips) 
dealembub: posts small blind $0.01
luv_triton: posts big blind $0.02
*** HOLE CARDS ***
Dealt to Dorex2007 [4h 6h]
Dorex2007: folds 
BumBumLauer: raises $0.04 to $0.06
amerycanin: folds 
dominicara: folds 
Boomz25: folds 
dealembub: folds 
luv_triton: folds 
Uncalled bet ($0.04) returned to BumBumLauer
BumBumLauer collected $0.05 from pot
BumBumLauer: doesn't show hand 
*** SUMMARY ***
Total pot $0.05 | Rake $0 
Seat 1: luv_triton (big blind) folded before Flop
Seat 2: Dorex2007 folded before Flop (didn't bet)
Seat 3: BumBumLauer collected ($0.05)
Seat 4: amerycanin folded before Flop (didn't bet)
Seat 7: dominicara folded before Flop (didn't bet)
Seat 8: Boomz25 (button) folded before Flop (didn't bet)
Seat 9: dealembub (small blind) folded before Flop



PokerStars Hand #230567210023:  Hold'em No Limit ($0.01/$0.02 USD) - 2021/10/13 0:07:29 PT [2021/10/13 3:07:29 ET]
Table 'Cowell II' 9-max Seat #9 is the button
Seat 1: luv_triton ($0.85 in chips) 
Seat 2: Dorex2007 ($3.05 in chips) 
Seat 3: BumBumLauer ($2.46 in chips) 
Seat 4: amerycanin ($0.83 in chips) 
Seat 7: dominicara ($1.92 in chips) 
Seat 8: Boomz25 ($1.61 in chips) 
Seat 9: dealembub ($1.22 in chips) 
luv_triton: posts small blind $0.01
Dorex2007: posts big blind $0.02
*** HOLE CARDS ***
Dealt to Dorex2007 [Qs 5s]
BumBumLauer: folds 
amerycanin: raises $0.04 to $0.06
dominicara: folds 
Boomz25: folds 
dealembub: folds 
luv_triton: raises $0.12 to $0.18
OMG DerClown joins the table at seat #5 
Dorex2007: folds 
amerycanin: calls $0.12
*** FLOP *** [3d 8c Ac]
luv_triton: bets $0.25
amerycanin: raises $0.40 to $0.65 and is all-in
luv_triton: calls $0.40
*** TURN *** [3d 8c Ac] [Tc]
*** RIVER *** [3d 8c Ac Tc] [Ad]
*** SHOW DOWN ***
luv_triton: shows [Th As] (a full house, Aces full of Tens)
amerycanin: shows [3h 3c] (a full house, Threes full of Aces)
luv_triton collected $1.62 from pot
*** SUMMARY ***
Total pot $1.68 | Rake $0.06 
Board [3d 8c Ac Tc Ad]
Seat 1: luv_triton (small blind) showed [Th As] and won ($1.62) with a full house, Aces full of Tens
Seat 2: Dorex2007 (big blind) folded before Flop
Seat 3: BumBumLauer folded before Flop (didn't bet)
Seat 4: amerycanin showed [3h 3c] and lost with a full house, Threes full of Aces
Seat 7: dominicara folded before Flop (didn't bet)
Seat 8: Boomz25 folded before Flop (didn't bet)
Seat 9: dealembub (button) folded before Flop (didn't bet)



PokerStars Hand #230567219392:  Hold'em No Limit ($0.01/$0.02 USD) - 2021/10/13 0:08:38 PT [2021/10/13 3:08:38 ET]
Table 'Cowell II' 9-max Seat #1 is the button
Seat 1: luv_triton ($1.64 in chips) 
Seat 2: Dorex2007 ($3.03 in chips) 
Seat 3: BumBumLauer ($2.46 in chips) 
Seat 7: dominicara ($1.92 in chips) 
Seat 8: Boomz25 ($1.61 in chips) 
Seat 9: dealembub ($1.22 in chips) 
Dorex2007: posts small blind $0.01
BumBumLauer: posts big blind $0.02
OMG DerClown: sits out 
*** HOLE CARDS ***
Dealt to Dorex2007 [Tc 9s]
dominicara: folds 
Boomz25: folds 
dealembub: folds 
luv_triton: folds 
amerycanin leaves the table
Dorex2007: calls $0.01
BumBumLauer: checks 
*** FLOP *** [Kd 6s Qs]
Dorex2007: checks 
BumBumLauer: checks 
*** TURN *** [Kd 6s Qs] [3d]
Dorex2007: checks 
BumBumLauer: checks 
*** RIVER *** [Kd 6s Qs 3d] [Th]
Dorex2007: checks 
BumBumLauer: checks 
*** SHOW DOWN ***
Dorex2007: shows [Tc 9s] (a pair of Tens)
BumBumLauer: mucks hand 
Dorex2007 collected $0.04 from pot
*** SUMMARY ***
Total pot $0.04 | Rake $0 
Board [Kd 6s Qs 3d Th]
Seat 1: luv_triton (button) folded before Flop (didn't bet)
Seat 2: Dorex2007 (small blind) showed [Tc 9s] and won ($0.04) with a pair of Tens
Seat 3: BumBumLauer (big blind) mucked [9d 5s]
Seat 7: dominicara folded before Flop (didn't bet)
Seat 8: Boomz25 folded before Flop (didn't bet)
Seat 9: dealembub folded before Flop (didn't bet)



PokerStars Hand #230567223451:  Hold'em No Limit ($0.01/$0.02 USD) - 2021/10/13 0:09:08 PT [2021/10/13 3:09:08 ET]
Table 'Cowell II' 9-max Seat #2 is the button
Seat 1: luv_triton ($1.64 in chips) 
Seat 2: Dorex2007 ($3.05 in chips) 
Seat 3: BumBumLauer ($2.44 in chips) 
Seat 7: dominicara ($1.92 in chips) 
Seat 8: Boomz25 ($1.61 in chips) 
Seat 9: dealembub ($1.22 in chips) 
BumBumLauer: posts small blind $0.01
dominicara: posts big blind $0.02
*** HOLE CARDS ***
Dealt to Dorex2007 [8c Qh]
Boomz25: folds 
dealembub: raises $0.02 to $0.04
luv_triton: folds 
Dorex2007: folds 
BumBumLauer: folds 
dominicara: folds 
Uncalled bet ($0.02) returned to dealembub
dealembub collected $0.05 from pot
dealembub: doesn't show hand 
*** SUMMARY ***
Total pot $0.05 | Rake $0 
Seat 1: luv_triton folded before Flop (didn't bet)
Seat 2: Dorex2007 (button) folded before Flop (didn't bet)
Seat 3: BumBumLauer (small blind) folded before Flop
Seat 7: dominicara (big blind) folded before Flop
Seat 8: Boomz25 folded before Flop (didn't bet)
Seat 9: dealembub collected ($0.05)



PokerStars Hand #230567225525:  Hold'em No Limit ($0.01/$0.02 USD) - 2021/10/13 0:09:23 PT [2021/10/13 3:09:23 ET]
Table 'Cowell II' 9-max Seat #3 is the button
Seat 1: luv_triton ($1.64 in chips) 
Seat 2: Dorex2007 ($3.05 in chips) 
Seat 3: BumBumLauer ($2.43 in chips) 
Seat 7: dominicara ($1.90 in chips) 
Seat 8: Boomz25 ($1.61 in chips) 
Seat 9: dealembub ($1.25 in chips) 
dominicara: posts small blind $0.01
Boomz25: posts big blind $0.02
*** HOLE CARDS ***
Dealt to Dorex2007 [9h 9c]
dealembub: raises $0.02 to $0.04
luv_triton: calls $0.04
Dorex2007: raises $0.12 to $0.16
BumBumLauer: folds 
dominicara: folds 
Boomz25: folds 
dealembub: folds 
luv_triton: folds 
Uncalled bet ($0.12) returned to Dorex2007
Dorex2007 collected $0.15 from pot
Dorex2007: doesn't show hand 
*** SUMMARY ***
Total pot $0.15 | Rake $0 
Seat 1: luv_triton folded before Flop
Seat 2: Dorex2007 collected ($0.15)
Seat 3: BumBumLauer (button) folded before Flop (didn't bet)
Seat 7: dominicara (small blind) folded before Flop
Seat 8: Boomz25 (big blind) folded before Flop
Seat 9: dealembub folded before Flop



PokerStars Hand #230567228042:  Hold'em No Limit ($0.01/$0.02 USD) - 2021/10/13 0:09:41 PT [2021/10/13 3:09:41 ET]
Table 'Cowell II' 9-max Seat #7 is the button
Seat 1: luv_triton ($1.60 in chips) 
Seat 2: Dorex2007 ($3.16 in chips) 
Seat 3: BumBumLauer ($2.43 in chips) 
Seat 5: OMG DerClown ($1.60 in chips) 
Seat 7: dominicara ($1.89 in chips) 
Seat 8: Boomz25 ($1.59 in chips) 
Seat 9: dealembub ($1.21 in chips) 
Boomz25: posts small blind $0.01
dealembub: posts big blind $0.02
OMG DerClown: posts big blind $0.02
*** HOLE CARDS ***
Dealt to Dorex2007 [9h 8d]
luv_triton: raises $0.04 to $0.06
Dorex2007: folds 
BumBumLauer: folds 
OMG DerClown: calls $0.04
dirtyolman joins the table at seat #4 
dominicara: folds 
Boomz25: folds 
dealembub: folds 
*** FLOP *** [4c 6d 5h]
luv_triton: bets $0.09
OMG DerClown: folds 
Uncalled bet ($0.09) returned to luv_triton
luv_triton collected $0.14 from pot
luv_triton: doesn't show hand 
*** SUMMARY ***
Total pot $0.15 | Rake $0.01 
Board [4c 6d 5h]
Seat 1: luv_triton collected ($0.14)
Seat 2: Dorex2007 folded before Flop (didn't bet)
Seat 3: BumBumLauer folded before Flop (didn't bet)
Seat 5: OMG DerClown folded on the Flop
Seat 7: dominicara (button) folded before Flop (didn't bet)
Seat 8: Boomz25 (small blind) folded before Flop
Seat 9: dealembub (big blind) folded before Flop



PokerStars Hand #230567230777:  Hold'em No Limit ($0.01/$0.02 USD) - 2021/10/13 0:10:01 PT [2021/10/13 3:10:01 ET]
Table 'Cowell II' 9-max Seat #8 is the button
Seat 1: luv_triton ($1.68 in chips) 
Seat 2: Dorex2007 ($3.16 in chips) 
Seat 3: BumBumLauer ($2.43 in chips) 
Seat 4: dirtyolman ($1.60 in chips) 
Seat 5: OMG DerClown ($1.54 in chips) 
Seat 7: dominicara ($1.89 in chips) 
Seat 8: Boomz25 ($1.58 in chips) 
Seat 9: dealembub ($1.19 in chips) 
dealembub: posts small blind $0.01
luv_triton: posts big blind $0.02
dirtyolman: posts big blind $0.02
*** HOLE CARDS ***
Dealt to Dorex2007 [5d 6d]
Dorex2007: calls $0.02
BumBumLauer: folds 
dirtyolman: checks 
OMG DerClown: folds 
dominicara: folds 
Boomz25: folds 
dealembub: calls $0.01
luv_triton: checks 
*** FLOP *** [Ts Tc Ac]
dealembub: checks 
luv_triton: checks 
Dorex2007: checks 
dirtyolman: checks 
*** TURN *** [Ts Tc Ac] [8s]
dealembub: checks 
luv_triton: bets $0.02
Dorex2007: folds 
dirtyolman: calls $0.02
dealembub: folds 
*** RIVER *** [Ts Tc Ac 8s] [8h]
luv_triton: bets $0.04
dirtyolman: calls $0.04
*** SHOW DOWN ***
luv_triton: shows [Th Kh] (a full house, Tens full of Eights)
dirtyolman: mucks hand 
luv_triton collected $0.19 from pot
*** SUMMARY ***
Total pot $0.20 | Rake $0.01 
Board [Ts Tc Ac 8s 8h]
Seat 1: luv_triton (big blind) showed [Th Kh] and won ($0.19) with a full house, Tens full of Eights
Seat 2: Dorex2007 folded on the Turn
Seat 3: BumBumLauer folded before Flop (didn't bet)
Seat 4: dirtyolman mucked [3c 8d]
Seat 5: OMG DerClown folded before Flop (didn't bet)
Seat 7: dominicara folded before Flop (didn't bet)
Seat 8: Boomz25 (button) folded before Flop (didn't bet)
Seat 9: dealembub (small blind) folded on the Turn



PokerStars Hand #230567236125:  Hold'em No Limit ($0.01/$0.02 USD) - 2021/10/13 0:10:39 PT [2021/10/13 3:10:39 ET]
Table 'Cowell II' 9-max Seat #9 is the button
Seat 1: luv_triton ($1.79 in chips) 
Seat 2: Dorex2007 ($3.14 in chips) 
Seat 3: BumBumLauer ($2.43 in chips) 
Seat 4: dirtyolman ($1.52 in chips) 
Seat 5: OMG DerClown ($1.54 in chips) 
Seat 7: dominicara ($1.89 in chips) 
Seat 8: Boomz25 ($1.58 in chips) 
Seat 9: dealembub ($1.17 in chips) 
luv_triton: posts small blind $0.01
Dorex2007: posts big blind $0.02
*** HOLE CARDS ***
Dealt to Dorex2007 [9h 3c]
BumBumLauer: folds 
dirtyolman: folds 
OMG DerClown: folds 
dominicara: folds 
Boomz25: folds 
dealembub: calls $0.02
luv_triton: calls $0.01
Dorex2007: checks 
*** FLOP *** [Js Td Tc]
luv_triton: checks 
Dorex2007: checks 
dealembub: checks 
*** TURN *** [Js Td Tc] [4d]
luv_triton: bets $0.02
Dorex2007: folds 
dealembub: calls $0.02
*** RIVER *** [Js Td Tc 4d] [2h]
luv_triton: bets $0.04
dealembub: folds 
Uncalled bet ($0.04) returned to luv_triton
luv_triton collected $0.10 from pot
luv_triton: doesn't show hand 
*** SUMMARY ***
Total pot $0.10 | Rake $0 
Board [Js Td Tc 4d 2h]
Seat 1: luv_triton (small blind) collected ($0.10)
Seat 2: Dorex2007 (big blind) folded on the Turn
Seat 3: BumBumLauer folded before Flop (didn't bet)
Seat 4: dirtyolman folded before Flop (didn't bet)
Seat 5: OMG DerClown folded before Flop (didn't bet)
Seat 7: dominicara folded before Flop (didn't bet)
Seat 8: Boomz25 folded before Flop (didn't bet)
Seat 9: dealembub (button) folded on the River



PokerStars Hand #230567240715:  Hold'em No Limit ($0.01/$0.02 USD) - 2021/10/13 0:11:13 PT [2021/10/13 3:11:13 ET]
Table 'Cowell II' 9-max Seat #1 is the button
Seat 1: luv_triton ($1.85 in chips) 
Seat 2: Dorex2007 ($3.12 in chips) 
Seat 3: BumBumLauer ($2.43 in chips) 
Seat 4: dirtyolman ($1.52 in chips) 
Seat 5: OMG DerClown ($1.54 in chips) 
Seat 7: dominicara ($1.89 in chips) 
Seat 8: Boomz25 ($1.58 in chips) 
Seat 9: dealembub ($1.13 in chips) 
Dorex2007: posts small blind $0.01
BumBumLauer: posts big blind $0.02
*** HOLE CARDS ***
Dealt to Dorex2007 [As Ad]
dirtyolman has timed out
dirtyolman: folds 
OMG DerClown: folds 
dominicara: folds 
Boomz25: folds 
dealembub: calls $0.02
luv_triton: folds 
Dorex2007: raises $0.02 to $0.04
BumBumLauer: folds 
dealembub: calls $0.02
*** FLOP *** [4d 9c Qd]
Dorex2007: checks 
dealembub: bets $0.05
Dorex2007: calls $0.05
*** TURN *** [4d 9c Qd] [6d]
Dorex2007: checks 
dealembub: bets $0.10
Dorex2007: calls $0.10
*** RIVER *** [4d 9c Qd 6d] [Td]
Dorex2007: bets $0.39
dealembub: folds 
Uncalled bet ($0.39) returned to Dorex2007
Dorex2007 collected $0.39 from pot
Dorex2007: doesn't show hand 
*** SUMMARY ***
Total pot $0.40 | Rake $0.01 
Board [4d 9c Qd 6d Td]
Seat 1: luv_triton (button) folded before Flop (didn't bet)
Seat 2: Dorex2007 (small blind) collected ($0.39)
Seat 3: BumBumLauer (big blind) folded before Flop
Seat 4: dirtyolman folded before Flop (didn't bet)
Seat 5: OMG DerClown folded before Flop (didn't bet)
Seat 7: dominicara folded before Flop (didn't bet)
Seat 8: Boomz25 folded before Flop (didn't bet)
Seat 9: dealembub folded on the River



PokerStars Hand #230567248692:  Hold'em No Limit ($0.01/$0.02 USD) - 2021/10/13 0:12:10 PT [2021/10/13 3:12:10 ET]
Table 'Cowell II' 9-max Seat #2 is the button
Seat 1: luv_triton ($1.85 in chips) 
Seat 2: Dorex2007 ($3.32 in chips) 
Seat 3: BumBumLauer ($2.41 in chips) 
Seat 4: dirtyolman ($1.52 in chips) 
Seat 5: OMG DerClown ($1.54 in chips) 
Seat 7: dominicara ($2 in chips) 
Seat 8: Boomz25 ($1.58 in chips) 
Seat 9: dealembub ($0.94 in chips) 
BumBumLauer: posts small blind $0.01
dirtyolman: posts big blind $0.02
*** HOLE CARDS ***
Dealt to Dorex2007 [8s Ks]
OMG DerClown: folds 
dominicara: folds 
Boomz25: folds 
dealembub: raises $0.04 to $0.06
luv_triton: folds 
Dorex2007: folds 
BumBumLauer: folds 
dirtyolman: folds 
Uncalled bet ($0.04) returned to dealembub
dealembub collected $0.05 from pot
dealembub: doesn't show hand 
*** SUMMARY ***
Total pot $0.05 | Rake $0 
Seat 1: luv_triton folded before Flop (didn't bet)
Seat 2: Dorex2007 (button) folded before Flop (didn't bet)
Seat 3: BumBumLauer (small blind) folded before Flop
Seat 4: dirtyolman (big blind) folded before Flop
Seat 5: OMG DerClown folded before Flop (didn't bet)
Seat 7: dominicara folded before Flop (didn't bet)
Seat 8: Boomz25 folded before Flop (didn't bet)
Seat 9: dealembub collected ($0.05)



PokerStars Hand #230567251161:  Hold'em No Limit ($0.01/$0.02 USD) - 2021/10/13 0:12:28 PT [2021/10/13 3:12:28 ET]
Table 'Cowell II' 9-max Seat #3 is the button
Seat 1: luv_triton ($1.85 in chips) 
Seat 2: Dorex2007 ($3.32 in chips) 
Seat 3: BumBumLauer ($2.40 in chips) 
Seat 4: dirtyolman ($1.50 in chips) 
Seat 5: OMG DerClown ($1.54 in chips) 
Seat 7: dominicara ($2 in chips) 
Seat 8: Boomz25 ($1.58 in chips) 
Seat 9: dealembub ($0.97 in chips) 
dirtyolman: posts small blind $0.01
OMG DerClown: posts big blind $0.02
*** HOLE CARDS ***
Dealt to Dorex2007 [As 4h]
dominicara: folds 
Boomz25: folds 
dealembub: raises $0.02 to $0.04
luv_triton: folds 
Dorex2007: folds 
BumBumLauer: folds 
dirtyolman: calls $0.03
OMG DerClown: folds 
*** FLOP *** [Qh 2h 2d]
dirtyolman: bets $0.10
dealembub: folds 
Uncalled bet ($0.10) returned to dirtyolman
dirtyolman collected $0.10 from pot
dirtyolman: doesn't show hand 
*** SUMMARY ***
Total pot $0.10 | Rake $0 
Board [Qh 2h 2d]
Seat 1: luv_triton folded before Flop (didn't bet)
Seat 2: Dorex2007 folded before Flop (didn't bet)
Seat 3: BumBumLauer (button) folded before Flop (didn't bet)
Seat 4: dirtyolman (small blind) collected ($0.10)
Seat 5: OMG DerClown (big blind) folded before Flop
Seat 7: dominicara folded before Flop (didn't bet)
Seat 8: Boomz25 folded before Flop (didn't bet)
Seat 9: dealembub folded on the Flop



PokerStars Hand #230567254118:  Hold'em No Limit ($0.01/$0.02 USD) - 2021/10/13 0:12:50 PT [2021/10/13 3:12:50 ET]
Table 'Cowell II' 9-max Seat #4 is the button
Seat 1: luv_triton ($1.85 in chips) 
Seat 2: Dorex2007 ($3.32 in chips) 
Seat 3: BumBumLauer ($2.40 in chips) 
Seat 4: dirtyolman ($1.56 in chips) 
Seat 5: OMG DerClown ($1.52 in chips) 
Seat 7: dominicara ($2 in chips) 
Seat 8: Boomz25 ($1.58 in chips) 
Seat 9: dealembub ($0.93 in chips) 
OMG DerClown: posts small blind $0.01
dominicara: posts big blind $0.02
*** HOLE CARDS ***
Dealt to Dorex2007 [Jh 7c]
Boomz25: folds 
dealembub: raises $0.02 to $0.04
luv_triton: folds 
Dorex2007: folds 
BumBumLauer: folds 
dirtyolman: calls $0.04
OMG DerClown: folds 
dominicara: folds 
*** FLOP *** [3s 4c 6h]
dealembub: bets $0.06
dirtyolman: folds 
Uncalled bet ($0.06) returned to dealembub
dealembub collected $0.11 from pot
meelo32 leaves the table
dealembub: doesn't show hand 
*** SUMMARY ***
Total pot $0.11 | Rake $0 
Board [3s 4c 6h]
Seat 1: luv_triton folded before Flop (didn't bet)
Seat 2: Dorex2007 folded before Flop (didn't bet)
Seat 3: BumBumLauer folded before Flop (didn't bet)
Seat 4: dirtyolman (button) folded on the Flop
Seat 5: OMG DerClown (small blind) folded before Flop
Seat 7: dominicara (big blind) folded before Flop
Seat 8: Boomz25 folded before Flop (didn't bet)
Seat 9: dealembub collected ($0.11)



PokerStars Hand #230567257684:  Hold'em No Limit ($0.01/$0.02 USD) - 2021/10/13 0:13:15 PT [2021/10/13 3:13:15 ET]
Table 'Cowell II' 9-max Seat #5 is the button
Seat 1: luv_triton ($1.85 in chips) 
Seat 2: Dorex2007 ($3.32 in chips) 
Seat 3: BumBumLauer ($2.40 in chips) 
Seat 4: dirtyolman ($1.52 in chips) 
Seat 5: OMG DerClown ($1.51 in chips) 
Seat 7: dominicara ($1.98 in chips) 
Seat 8: Boomz25 ($1.58 in chips) 
Seat 9: dealembub ($1 in chips) 
dominicara: posts small blind $0.01
Boomz25: posts big blind $0.02
*** HOLE CARDS ***
Dealt to Dorex2007 [Tc Kc]
dealembub: raises $0.04 to $0.06
luv_triton: folds 
Dorex2007: calls $0.06
BumBumLauer: folds 
dirtyolman: folds 
OMG DerClown: folds 
Kicha4 joins the table at seat #6 
dominicara: raises $0.08 to $0.14
Boomz25: folds 
dealembub: calls $0.08
Dorex2007: calls $0.08
*** FLOP *** [9h Ah 5d]
dominicara: bets $0.23
dealembub: folds 
Dorex2007: folds 
Uncalled bet ($0.23) returned to dominicara
dominicara collected $0.42 from pot
*** SUMMARY ***
Total pot $0.44 | Rake $0.02 
Board [9h Ah 5d]
Seat 1: luv_triton folded before Flop (didn't bet)
Seat 2: Dorex2007 folded on the Flop
Seat 3: BumBumLauer folded before Flop (didn't bet)
Seat 4: dirtyolman folded before Flop (didn't bet)
Seat 5: OMG DerClown (button) folded before Flop (didn't bet)
Seat 7: dominicara (small blind) collected ($0.42)
Seat 8: Boomz25 (big blind) folded before Flop
Seat 9: dealembub folded on the Flop



PokerStars Hand #230567261833:  Hold'em No Limit ($0.01/$0.02 USD) - 2021/10/13 0:13:45 PT [2021/10/13 3:13:45 ET]
Table 'Cowell II' 9-max Seat #7 is the button
Seat 1: luv_triton ($1.85 in chips) 
Seat 2: Dorex2007 ($3.18 in chips) 
Seat 3: BumBumLauer ($2.40 in chips) 
Seat 4: dirtyolman ($1.52 in chips) 
Seat 5: OMG DerClown ($1.51 in chips) 
Seat 6: Kicha4 ($2 in chips) 
Seat 7: dominicara ($2.26 in chips) 
Seat 8: Boomz25 ($1.56 in chips) 
Seat 9: dealembub ($0.86 in chips) 
Boomz25: posts small blind $0.01
dealembub: posts big blind $0.02
Kicha4: posts big blind $0.02
*** HOLE CARDS ***
Dealt to Dorex2007 [9c 5h]
luv_triton: folds 
Dorex2007: folds 
BumBumLauer: raises $0.04 to $0.06
dirtyolman: calls $0.06
OMG DerClown: folds 
Kicha4: calls $0.04
dominicara: folds 
Boomz25: folds 
dealembub: folds 
*** FLOP *** [Qc Ts Ac]
BumBumLauer: checks 
dirtyolman: bets $0.20
Kicha4: folds 
BumBumLauer: folds 
Uncalled bet ($0.20) returned to dirtyolman
dirtyolman collected $0.20 from pot
dirtyolman: doesn't show hand 
*** SUMMARY ***
Total pot $0.21 | Rake $0.01 
Board [Qc Ts Ac]
Seat 1: luv_triton folded before Flop (didn't bet)
Seat 2: Dorex2007 folded before Flop (didn't bet)
Seat 3: BumBumLauer folded on the Flop
Seat 4: dirtyolman collected ($0.20)
Seat 5: OMG DerClown folded before Flop (didn't bet)
Seat 6: Kicha4 folded on the Flop
Seat 7: dominicara (button) folded before Flop (didn't bet)
Seat 8: Boomz25 (small blind) folded before Flop
Seat 9: dealembub (big blind) folded before Flop



PokerStars Hand #230567265821:  Hold'em No Limit ($0.01/$0.02 USD) - 2021/10/13 0:14:14 PT [2021/10/13 3:14:14 ET]
Table 'Cowell II' 9-max Seat #8 is the button
Seat 1: luv_triton ($1.85 in chips) 
Seat 2: Dorex2007 ($3.18 in chips) 
Seat 3: BumBumLauer ($2.34 in chips) 
Seat 4: dirtyolman ($1.66 in chips) 
Seat 5: OMG DerClown ($1.51 in chips) 
Seat 6: Kicha4 ($1.94 in chips) 
Seat 7: dominicara ($2.26 in chips) 
Seat 8: Boomz25 ($1.55 in chips) 
Seat 9: dealembub ($0.84 in chips) 
dealembub: posts small blind $0.01
luv_triton: posts big blind $0.02
*** HOLE CARDS ***
Dealt to Dorex2007 [8h 5c]
Dorex2007: folds 
BumBumLauer: folds 
dirtyolman: folds 
OMG DerClown: folds 
Kicha4: folds 
dominicara: folds 
Boomz25: folds 
dealembub: calls $0.01
luv_triton: checks 
*** FLOP *** [Qh 7s 4s]
dealembub: checks 
luv_triton: checks 
*** TURN *** [Qh 7s 4s] [6d]
dealembub: checks 
luv_triton: checks 
*** RIVER *** [Qh 7s 4s 6d] [Kd]
dealembub: checks 
luv_triton: checks 
*** SHOW DOWN ***
dealembub: shows [Ts 8d] (high card King)
luv_triton: mucks hand 
dealembub collected $0.04 from pot
*** SUMMARY ***
Total pot $0.04 | Rake $0 
Board [Qh 7s 4s 6d Kd]
Seat 1: luv_triton (big blind) mucked [5d Td]
Seat 2: Dorex2007 folded before Flop (didn't bet)
Seat 3: BumBumLauer folded before Flop (didn't bet)
Seat 4: dirtyolman folded before Flop (didn't bet)
Seat 5: OMG DerClown folded before Flop (didn't bet)
Seat 6: Kicha4 folded before Flop (didn't bet)
Seat 7: dominicara folded before Flop (didn't bet)
Seat 8: Boomz25 (button) folded before Flop (didn't bet)
Seat 9: dealembub (small blind) showed [Ts 8d] and won ($0.04) with high card King



PokerStars Hand #230567270492:  Hold'em No Limit ($0.01/$0.02 USD) - 2021/10/13 0:14:47 PT [2021/10/13 3:14:47 ET]
Table 'Cowell II' 9-max Seat #9 is the button
Seat 1: luv_triton ($1.83 in chips) 
Seat 2: Dorex2007 ($3.18 in chips) 
Seat 3: BumBumLauer ($2.34 in chips) 
Seat 4: dirtyolman ($1.66 in chips) 
Seat 5: OMG DerClown ($1.51 in chips) 
Seat 6: Kicha4 ($1.94 in chips) 
Seat 7: dominicara ($2.26 in chips) 
Seat 8: Boomz25 ($1.55 in chips) 
Seat 9: dealembub ($0.86 in chips) 
luv_triton: posts small blind $0.01
Dorex2007: posts big blind $0.02
*** HOLE CARDS ***
Dealt to Dorex2007 [3h 5c]
BumBumLauer: folds 
dirtyolman: folds 
OMG DerClown: folds 
Kicha4: folds 
dominicara: raises $0.08 to $0.10
Boomz25: folds 
dealembub: calls $0.10
luv_triton: folds 
Dorex2007: folds 
*** FLOP *** [3c Ac Jc]
dominicara: checks 
dealembub: bets $0.76 and is all-in
dominicara: folds 
Uncalled bet ($0.76) returned to dealembub
dealembub collected $0.22 from pot
dealembub: doesn't show hand 
*** SUMMARY ***
Total pot $0.23 | Rake $0.01 
Board [3c Ac Jc]
Seat 1: luv_triton (small blind) folded before Flop
Seat 2: Dorex2007 (big blind) folded before Flop
Seat 3: BumBumLauer folded before Flop (didn't bet)
Seat 4: dirtyolman folded before Flop (didn't bet)
Seat 5: OMG DerClown folded before Flop (didn't bet)
Seat 6: Kicha4 folded before Flop (didn't bet)
Seat 7: dominicara folded on the Flop
Seat 8: Boomz25 folded before Flop (didn't bet)
Seat 9: dealembub (button) collected ($0.22)



PokerStars Hand #230567275054:  Hold'em No Limit ($0.01/$0.02 USD) - 2021/10/13 0:15:20 PT [2021/10/13 3:15:20 ET]
Table 'Cowell II' 9-max Seat #1 is the button
Seat 1: luv_triton ($1.82 in chips) 
Seat 2: Dorex2007 ($3.16 in chips) 
Seat 3: BumBumLauer ($2.34 in chips) 
Seat 4: dirtyolman ($1.66 in chips) 
Seat 5: OMG DerClown ($1.51 in chips) 
Seat 6: Kicha4 ($1.94 in chips) 
Seat 7: dominicara ($2.16 in chips) 
Seat 8: Boomz25 ($1.55 in chips) 
Seat 9: dealembub ($0.98 in chips) 
Dorex2007: posts small blind $0.01
BumBumLauer: posts big blind $0.02
*** HOLE CARDS ***
Dealt to Dorex2007 [5d 6d]
dirtyolman: calls $0.02
OMG DerClown: folds 
Kicha4: folds 
dominicara: folds 
Boomz25: folds 
dealembub: calls $0.02
luv_triton: folds 
Dorex2007: calls $0.01
BumBumLauer: checks 
*** FLOP *** [8d 4s 4h]
Dorex2007: checks 
BumBumLauer: checks 
dirtyolman: bets $0.08
dealembub: calls $0.08
Dorex2007: folds 
BumBumLauer: folds 
*** TURN *** [8d 4s 4h] [Ad]
dirtyolman: bets $0.02
dealembub: calls $0.02
*** RIVER *** [8d 4s 4h Ad] [6s]
dirtyolman: bets $0.02
dealembub: raises $0.16 to $0.18
dirtyolman: folds 
Uncalled bet ($0.16) returned to dealembub
dealembub collected $0.31 from pot
dealembub: doesn't show hand 
*** SUMMARY ***
Total pot $0.32 | Rake $0.01 
Board [8d 4s 4h Ad 6s]
Seat 1: luv_triton (button) folded before Flop (didn't bet)
Seat 2: Dorex2007 (small blind) folded on the Flop
Seat 3: BumBumLauer (big blind) folded on the Flop
Seat 4: dirtyolman folded on the River
Seat 5: OMG DerClown folded before Flop (didn't bet)
Seat 6: Kicha4 folded before Flop (didn't bet)
Seat 7: dominicara folded before Flop (didn't bet)
Seat 8: Boomz25 folded before Flop (didn't bet)
Seat 9: dealembub collected ($0.31)



PokerStars Hand #230567281147:  Hold'em No Limit ($0.01/$0.02 USD) - 2021/10/13 0:16:04 PT [2021/10/13 3:16:04 ET]
Table 'Cowell II' 9-max Seat #2 is the button
Seat 1: luv_triton ($1.82 in chips) 
Seat 2: Dorex2007 ($3.14 in chips) 
Seat 3: BumBumLauer ($2.32 in chips) 
Seat 4: dirtyolman ($1.52 in chips) 
Seat 5: OMG DerClown ($1.51 in chips) 
Seat 6: Kicha4 ($1.94 in chips) 
Seat 7: dominicara ($2.16 in chips) 
Seat 8: Boomz25 ($1.55 in chips) 
Seat 9: dealembub ($1.15 in chips) 
BumBumLauer: posts small blind $0.01
dirtyolman: posts big blind $0.02
*** HOLE CARDS ***
Dealt to Dorex2007 [3h Jc]
OMG DerClown: folds 
Kicha4: folds 
dominicara: folds 
Boomz25: folds 
dealembub: raises $0.02 to $0.04
luv_triton: calls $0.04
Dorex2007: folds 
BumBumLauer: folds 
dirtyolman: folds 
*** FLOP *** [Qc 4h 6h]
dealembub: checks 
luv_triton: checks 
*** TURN *** [Qc 4h 6h] [As]
dealembub: bets $0.14
luv_triton: calls $0.14
*** RIVER *** [Qc 4h 6h As] [4d]
dealembub: bets $0.19
luv_triton: calls $0.19
*** SHOW DOWN ***
dealembub: shows [Ah 8c] (two pair, Aces and Fours)
luv_triton: shows [7c Ac] (two pair, Aces and Fours)
dealembub collected $0.37 from pot
luv_triton collected $0.37 from pot
*** SUMMARY ***
Total pot $0.77 | Rake $0.03 
Board [Qc 4h 6h As 4d]
Seat 1: luv_triton showed [7c Ac] and won ($0.37) with two pair, Aces and Fours
Seat 2: Dorex2007 (button) folded before Flop (didn't bet)
Seat 3: BumBumLauer (small blind) folded before Flop
Seat 4: dirtyolman (big blind) folded before Flop
Seat 5: OMG DerClown folded before Flop (didn't bet)
Seat 6: Kicha4 folded before Flop (didn't bet)
Seat 7: dominicara folded before Flop (didn't bet)
Seat 8: Boomz25 folded before Flop (didn't bet)
Seat 9: dealembub showed [Ah 8c] and won ($0.37) with two pair, Aces and Fours



PokerStars Hand #230567287544:  Hold'em No Limit ($0.01/$0.02 USD) - 2021/10/13 0:16:51 PT [2021/10/13 3:16:51 ET]
Table 'Cowell II' 9-max Seat #3 is the button
Seat 1: luv_triton ($1.82 in chips) 
Seat 2: Dorex2007 ($3.14 in chips) 
Seat 3: BumBumLauer ($2.31 in chips) 
Seat 4: dirtyolman ($1.50 in chips) 
Seat 5: OMG DerClown ($1.51 in chips) 
Seat 6: Kicha4 ($1.94 in chips) 
Seat 7: dominicara ($2.16 in chips) 
Seat 8: Boomz25 ($1.55 in chips) 
Seat 9: dealembub ($1.15 in chips) 
dirtyolman: posts small blind $0.01
OMG DerClown: posts big blind $0.02
*** HOLE CARDS ***
Dealt to Dorex2007 [2d 3d]
Kicha4: folds 
dominicara: folds 
Boomz25: calls $0.02
dealembub: calls $0.02
luv_triton: raises $0.08 to $0.10
Dorex2007: folds 
BumBumLauer: folds 
dirtyolman: folds 
OMG DerClown: folds 
Boomz25: calls $0.08
dealembub: folds 
*** FLOP *** [8s 4h 6h]
Boomz25: checks 
luv_triton: bets $0.16
Boomz25: folds 
Uncalled bet ($0.16) returned to luv_triton
luv_triton collected $0.24 from pot
luv_triton: doesn't show hand 
*** SUMMARY ***
Total pot $0.25 | Rake $0.01 
Board [8s 4h 6h]
Seat 1: luv_triton collected ($0.24)
Seat 2: Dorex2007 folded before Flop (didn't bet)
Seat 3: BumBumLauer (button) folded before Flop (didn't bet)
Seat 4: dirtyolman (small blind) folded before Flop
Seat 5: OMG DerClown (big blind) folded before Flop
Seat 6: Kicha4 folded before Flop (didn't bet)
Seat 7: dominicara folded before Flop (didn't bet)
Seat 8: Boomz25 folded on the Flop
Seat 9: dealembub folded before Flop



PokerStars Hand #230567292107:  Hold'em No Limit ($0.01/$0.02 USD) - 2021/10/13 0:17:24 PT [2021/10/13 3:17:24 ET]
Table 'Cowell II' 9-max Seat #4 is the button
Seat 1: luv_triton ($1.96 in chips) 
Seat 2: Dorex2007 ($3.14 in chips) 
Seat 3: BumBumLauer ($2.31 in chips) 
Seat 4: dirtyolman ($1.49 in chips) 
Seat 5: OMG DerClown ($1.49 in chips) 
Seat 6: Kicha4 ($1.94 in chips) 
Seat 7: dominicara ($2.16 in chips) 
Seat 8: Boomz25 ($1.45 in chips) 
Seat 9: dealembub ($1.13 in chips) 
OMG DerClown: posts small blind $0.01
Kicha4: posts big blind $0.02
*** HOLE CARDS ***
Dealt to Dorex2007 [Ac Kh]
dominicara: raises $0.06 to $0.08
Boomz25: folds 
dealembub: folds 
luv_triton: folds 
Dorex2007: calls $0.08
BumBumLauer: folds 
dirtyolman: calls $0.08
OMG DerClown: folds 
Kicha4: calls $0.06
*** FLOP *** [2s 8h 6s]
Kicha4: checks 
dominicara: checks 
Dorex2007: bets $0.16
dirtyolman: folds 
Kicha4: folds 
dominicara: folds 
Uncalled bet ($0.16) returned to Dorex2007
Dorex2007 collected $0.32 from pot
Dorex2007: doesn't show hand 
*** SUMMARY ***
Total pot $0.33 | Rake $0.01 
Board [2s 8h 6s]
Seat 1: luv_triton folded before Flop (didn't bet)
Seat 2: Dorex2007 collected ($0.32)
Seat 3: BumBumLauer folded before Flop (didn't bet)
Seat 4: dirtyolman (button) folded on the Flop
Seat 5: OMG DerClown (small blind) folded before Flop
Seat 6: Kicha4 (big blind) folded on the Flop
Seat 7: dominicara folded on the Flop
Seat 8: Boomz25 folded before Flop (didn't bet)
Seat 9: dealembub folded before Flop (didn't bet)



PokerStars Hand #230567302989:  Hold'em No Limit ($0.01/$0.02 USD) - 2021/10/13 0:17:56 PT [2021/10/13 3:17:56 ET]
Table 'Cowell II' 9-max Seat #5 is the button
Seat 1: luv_triton ($1.96 in chips) 
Seat 2: Dorex2007 ($3.38 in chips) 
Seat 3: BumBumLauer ($2.31 in chips) 
Seat 4: dirtyolman ($1.41 in chips) 
Seat 5: OMG DerClown ($1.48 in chips) 
Seat 6: Kicha4 ($1.86 in chips) 
Seat 7: dominicara ($2.08 in chips) 
Seat 8: Boomz25 ($1.45 in chips) 
Seat 9: dealembub ($1.13 in chips) 
Kicha4: posts small blind $0.01
dominicara: posts big blind $0.02
*** HOLE CARDS ***
Dealt to Dorex2007 [2c Jh]
Boomz25: folds 
dealembub: raises $0.02 to $0.04
luv_triton: folds 
Dorex2007: folds 
BumBumLauer: raises $0.10 to $0.14
dirtyolman: folds 
OMG DerClown: folds 
Kicha4: folds 
dominicara: folds 
dealembub: calls $0.10
*** FLOP *** [8h 6s Kd]
dealembub: checks 
BumBumLauer: bets $0.15
dealembub: folds 
Uncalled bet ($0.15) returned to BumBumLauer
BumBumLauer collected $0.30 from pot
BumBumLauer: doesn't show hand 
*** SUMMARY ***
Total pot $0.31 | Rake $0.01 
Board [8h 6s Kd]
Seat 1: luv_triton folded before Flop (didn't bet)
Seat 2: Dorex2007 folded before Flop (didn't bet)
Seat 3: BumBumLauer collected ($0.30)
Seat 4: dirtyolman folded before Flop (didn't bet)
Seat 5: OMG DerClown (button) folded before Flop (didn't bet)
Seat 6: Kicha4 (small blind) folded before Flop
Seat 7: dominicara (big blind) folded before Flop
Seat 8: Boomz25 folded before Flop (didn't bet)
Seat 9: dealembub folded on the Flop



PokerStars Hand #230567306677:  Hold'em No Limit ($0.01/$0.02 USD) - 2021/10/13 0:18:23 PT [2021/10/13 3:18:23 ET]
Table 'Cowell II' 9-max Seat #6 is the button
Seat 1: luv_triton ($1.96 in chips) 
Seat 2: Dorex2007 ($3.38 in chips) 
Seat 3: BumBumLauer ($2.47 in chips) 
Seat 4: dirtyolman ($1.41 in chips) 
Seat 5: OMG DerClown ($1.48 in chips) 
Seat 6: Kicha4 ($1.85 in chips) 
Seat 7: dominicara ($2.06 in chips) 
Seat 8: Boomz25 ($1.45 in chips) 
Seat 9: dealembub ($0.99 in chips) 
dominicara: posts small blind $0.01
Boomz25: posts big blind $0.02
*** HOLE CARDS ***
Dealt to Dorex2007 [7d Jc]
dealembub: folds 
luv_triton: folds 
Dorex2007: folds 
BumBumLauer: raises $0.04 to $0.06
dirtyolman: calls $0.06
OMG DerClown: folds 
Kicha4: folds 
dominicara: folds 
Boomz25: folds 
*** FLOP *** [4c Ts 6d]
BumBumLauer: checks 
dirtyolman: bets $0.07
BumBumLauer: calls $0.07
*** TURN *** [4c Ts 6d] [Ad]
BumBumLauer: bets $0.14
dirtyolman: raises $0.14 to $0.28
BumBumLauer: folds 
Uncalled bet ($0.14) returned to dirtyolman
dirtyolman collected $0.55 from pot
dirtyolman: doesn't show hand 
*** SUMMARY ***
Total pot $0.57 | Rake $0.02 
Board [4c Ts 6d Ad]
Seat 1: luv_triton folded before Flop (didn't bet)
Seat 2: Dorex2007 folded before Flop (didn't bet)
Seat 3: BumBumLauer folded on the Turn
Seat 4: dirtyolman collected ($0.55)
Seat 5: OMG DerClown folded before Flop (didn't bet)
Seat 6: Kicha4 (button) folded before Flop (didn't bet)
Seat 7: dominicara (small blind) folded before Flop
Seat 8: Boomz25 (big blind) folded before Flop
Seat 9: dealembub folded before Flop (didn't bet)



PokerStars Hand #230567313328:  Hold'em No Limit ($0.01/$0.02 USD) - 2021/10/13 0:19:10 PT [2021/10/13 3:19:10 ET]
Table 'Cowell II' 9-max Seat #7 is the button
Seat 1: luv_triton ($1.96 in chips) 
Seat 2: Dorex2007 ($3.38 in chips) 
Seat 3: BumBumLauer ($2.20 in chips) 
Seat 4: dirtyolman ($1.69 in chips) 
Seat 5: OMG DerClown ($1.48 in chips) 
Seat 6: Kicha4 ($1.85 in chips) 
Seat 7: dominicara ($2.05 in chips) 
Seat 8: Boomz25 ($1.43 in chips) 
Boomz25: posts small blind $0.01
luv_triton: posts big blind $0.02
*** HOLE CARDS ***
Dealt to Dorex2007 [3c 8h]
Dorex2007: folds 
BumBumLauer: folds 
dirtyolman: calls $0.02
OMG DerClown: folds 
Kicha4: folds 
dominicara: raises $0.08 to $0.10
Boomz25: folds 
luv_triton: folds 
dirtyolman: calls $0.08
*** FLOP *** [5c 7h Td]
dirtyolman: bets $0.11
dominicara: folds 
Uncalled bet ($0.11) returned to dirtyolman
dirtyolman collected $0.22 from pot
dirtyolman: doesn't show hand 
*** SUMMARY ***
Total pot $0.23 | Rake $0.01 
Board [5c 7h Td]
Seat 1: luv_triton (big blind) folded before Flop
Seat 2: Dorex2007 folded before Flop (didn't bet)
Seat 3: BumBumLauer folded before Flop (didn't bet)
Seat 4: dirtyolman collected ($0.22)
Seat 5: OMG DerClown folded before Flop (didn't bet)
Seat 6: Kicha4 folded before Flop (didn't bet)
Seat 7: dominicara (button) folded on the Flop
Seat 8: Boomz25 (small blind) folded before Flop



PokerStars Hand #230567319868:  Hold'em No Limit ($0.01/$0.02 USD) - 2021/10/13 0:19:56 PT [2021/10/13 3:19:56 ET]
Table 'Cowell II' 9-max Seat #8 is the button
Seat 1: luv_triton ($1.94 in chips) 
Seat 2: Dorex2007 ($3.38 in chips) 
Seat 3: BumBumLauer ($2.20 in chips) 
Seat 4: dirtyolman ($1.81 in chips) 
Seat 5: OMG DerClown ($1.48 in chips) 
Seat 6: Kicha4 ($1.85 in chips) 
Seat 7: dominicara ($1.95 in chips) 
Seat 8: Boomz25 ($1.42 in chips) 
luv_triton: posts small blind $0.01
Dorex2007: posts big blind $0.02
*** HOLE CARDS ***
Dealt to Dorex2007 [Kd 4h]
BumBumLauer: folds 
dirtyolman: calls $0.02
OMG DerClown has timed out
OMG DerClown: folds 
Kicha4: folds 
dominicara: folds 
Boomz25: folds 
luv_triton: calls $0.01
Dorex2007: checks 
*** FLOP *** [Qh 9s 3s]
luv_triton: checks 
Dorex2007: checks 
dirtyolman: bets $0.06
luv_triton: folds 
Dorex2007: folds 
Uncalled bet ($0.06) returned to dirtyolman
dirtyolman collected $0.06 from pot
dirtyolman: doesn't show hand 
*** SUMMARY ***
Total pot $0.06 | Rake $0 
Board [Qh 9s 3s]
Seat 1: luv_triton (small blind) folded on the Flop
Seat 2: Dorex2007 (big blind) folded on the Flop
Seat 3: BumBumLauer folded before Flop (didn't bet)
Seat 4: dirtyolman collected ($0.06)
Seat 5: OMG DerClown folded before Flop (didn't bet)
Seat 6: Kicha4 folded before Flop (didn't bet)
Seat 7: dominicara folded before Flop (didn't bet)
Seat 8: Boomz25 (button) folded before Flop (didn't bet)



PokerStars Hand #230567324563:  Hold'em No Limit ($0.01/$0.02 USD) - 2021/10/13 0:20:29 PT [2021/10/13 3:20:29 ET]
Table 'Cowell II' 9-max Seat #1 is the button
Seat 1: luv_triton ($1.92 in chips) 
Seat 2: Dorex2007 ($3.36 in chips) 
Seat 3: BumBumLauer ($2.20 in chips) 
Seat 4: dirtyolman ($1.85 in chips) 
Seat 5: OMG DerClown ($1.48 in chips) 
Seat 6: Kicha4 ($1.85 in chips) 
Seat 7: dominicara ($2 in chips) 
Seat 8: Boomz25 ($1.42 in chips) 
Dorex2007: posts small blind $0.01
BumBumLauer: posts big blind $0.02
*** HOLE CARDS ***
Dealt to Dorex2007 [4h Qc]
dirtyolman: folds 
OMG DerClown: folds 
Kicha4: raises $0.04 to $0.06
dominicara: folds 
Boomz25: folds 
luv_triton: folds 
Dorex2007: folds 
BumBumLauer: folds 
Uncalled bet ($0.04) returned to Kicha4
Kicha4 collected $0.05 from pot
Kicha4: doesn't show hand 
*** SUMMARY ***
Total pot $0.05 | Rake $0 
Seat 1: luv_triton (button) folded before Flop (didn't bet)
Seat 2: Dorex2007 (small blind) folded before Flop
Seat 3: BumBumLauer (big blind) folded before Flop
Seat 4: dirtyolman folded before Flop (didn't bet)
Seat 5: OMG DerClown folded before Flop (didn't bet)
Seat 6: Kicha4 collected ($0.05)
Seat 7: dominicara folded before Flop (didn't bet)
Seat 8: Boomz25 folded before Flop (didn't bet)



PokerStars Hand #230567327996:  Hold'em No Limit ($0.01/$0.02 USD) - 2021/10/13 0:20:53 PT [2021/10/13 3:20:53 ET]
Table 'Cowell II' 9-max Seat #2 is the button
Seat 1: luv_triton ($1.92 in chips) 
Seat 2: Dorex2007 ($3.35 in chips) 
Seat 3: BumBumLauer ($2.18 in chips) 
Seat 4: dirtyolman ($1.85 in chips) 
Seat 5: OMG DerClown ($1.48 in chips) 
Seat 6: Kicha4 ($1.88 in chips) 
Seat 7: dominicara ($2 in chips) 
Seat 8: Boomz25 ($1.42 in chips) 
Seat 9: dealembub ($0.99 in chips) 
BumBumLauer: posts small blind $0.01
dirtyolman: posts big blind $0.02
dealembub: posts small & big blinds $0.03
*** HOLE CARDS ***
Dealt to Dorex2007 [Jd 4h]
OMG DerClown has timed out
OMG DerClown: folds 
Kicha4: raises $0.04 to $0.06
dominicara: folds 
Boomz25: folds 
dealembub: folds 
luv_triton: folds 
Dorex2007: folds 
BumBumLauer: folds 
dirtyolman: folds 
Uncalled bet ($0.04) returned to Kicha4
Kicha4 collected $0.08 from pot
Kicha4: doesn't show hand 
*** SUMMARY ***
Total pot $0.08 | Rake $0 
Seat 1: luv_triton folded before Flop (didn't bet)
Seat 2: Dorex2007 (button) folded before Flop (didn't bet)
Seat 3: BumBumLauer (small blind) folded before Flop
Seat 4: dirtyolman (big blind) folded before Flop
Seat 5: OMG DerClown folded before Flop (didn't bet)
Seat 6: Kicha4 collected ($0.08)
Seat 7: dominicara folded before Flop (didn't bet)
Seat 8: Boomz25 folded before Flop (didn't bet)
Seat 9: dealembub folded before Flop (didn't bet)



PokerStars Hand #230567331340:  Hold'em No Limit ($0.01/$0.02 USD) - 2021/10/13 0:21:17 PT [2021/10/13 3:21:17 ET]
Table 'Cowell II' 9-max Seat #3 is the button
Seat 1: luv_triton ($1.92 in chips) 
Seat 2: Dorex2007 ($3.35 in chips) 
Seat 3: BumBumLauer ($2.17 in chips) 
Seat 4: dirtyolman ($1.83 in chips) 
Seat 6: Kicha4 ($1.94 in chips) 
Seat 7: dominicara ($2 in chips) 
Seat 8: Boomz25 ($1.42 in chips) 
Seat 9: dealembub ($0.96 in chips) 
dirtyolman: posts small blind $0.01
Kicha4: posts big blind $0.02
*** HOLE CARDS ***
Dealt to Dorex2007 [Qs Js]
dominicara: folds 
Boomz25: folds 
dealembub: raises $0.02 to $0.04
luv_triton: folds 
Dorex2007: calls $0.04
BumBumLauer: folds 
dirtyolman: folds 
Kicha4: calls $0.02
*** FLOP *** [6c 7h 3c]
Kicha4: checks 
dealembub: checks 
Dorex2007: checks 
*** TURN *** [6c 7h 3c] [3h]
Kicha4: checks 
dealembub: checks 
Dorex2007: bets $0.09
Kicha4: folds 
dealembub: folds 
Uncalled bet ($0.09) returned to Dorex2007
Dorex2007 collected $0.13 from pot
Dorex2007: doesn't show hand 
*** SUMMARY ***
Total pot $0.13 | Rake $0 
Board [6c 7h 3c 3h]
Seat 1: luv_triton folded before Flop (didn't bet)
Seat 2: Dorex2007 collected ($0.13)
Seat 3: BumBumLauer (button) folded before Flop (didn't bet)
Seat 4: dirtyolman (small blind) folded before Flop
Seat 6: Kicha4 (big blind) folded on the Turn
Seat 7: dominicara folded before Flop (didn't bet)
Seat 8: Boomz25 folded before Flop (didn't bet)
Seat 9: dealembub folded on the Turn



PokerStars Hand #230567335831:  Hold'em No Limit ($0.01/$0.02 USD) - 2021/10/13 0:21:49 PT [2021/10/13 3:21:49 ET]
Table 'Cowell II' 9-max Seat #4 is the button
Seat 1: luv_triton ($1.92 in chips) 
Seat 2: Dorex2007 ($3.44 in chips) 
Seat 3: BumBumLauer ($2.17 in chips) 
Seat 4: dirtyolman ($1.82 in chips) 
Seat 6: Kicha4 ($1.90 in chips) 
Seat 7: dominicara ($2 in chips) 
Seat 8: Boomz25 ($1.42 in chips) 
Seat 9: dealembub ($0.92 in chips) 
Kicha4: posts small blind $0.01
dominicara: posts big blind $0.02
*** HOLE CARDS ***
Dealt to Dorex2007 [Ah Tc]
Boomz25: folds 
dealembub: raises $0.04 to $0.06
luv_triton: folds 
Dorex2007: folds 
BumBumLauer: folds 
dirtyolman: calls $0.06
Kicha4: folds 
dominicara: folds 
*** FLOP *** [Jc As 8h]
dealembub: bets $0.07
dirtyolman: calls $0.07
*** TURN *** [Jc As 8h] [6h]
dealembub: bets $0.14
dirtyolman: calls $0.14
*** RIVER *** [Jc As 8h 6h] [Kh]
dealembub: bets $0.55
dirtyolman: calls $0.55
*** SHOW DOWN ***
dealembub: shows [Ac 9d] (a pair of Aces)
dirtyolman: shows [Ts Ad] (a pair of Aces - King+Jack+Ten kicker)
dirtyolman collected $1.61 from pot
*** SUMMARY ***
Total pot $1.67 | Rake $0.06 
Board [Jc As 8h 6h Kh]
Seat 1: luv_triton folded before Flop (didn't bet)
Seat 2: Dorex2007 folded before Flop (didn't bet)
Seat 3: BumBumLauer folded before Flop (didn't bet)
Seat 4: dirtyolman (button) showed [Ts Ad] and won ($1.61) with a pair of Aces
Seat 6: Kicha4 (small blind) folded before Flop
Seat 7: dominicara (big blind) folded before Flop
Seat 8: Boomz25 folded before Flop (didn't bet)
Seat 9: dealembub showed [Ac 9d] and lost with a pair of Aces



PokerStars Hand #230567340952:  Hold'em No Limit ($0.01/$0.02 USD) - 2021/10/13 0:22:25 PT [2021/10/13 3:22:25 ET]
Table 'Cowell II' 9-max Seat #6 is the button
Seat 1: luv_triton ($1.92 in chips) 
Seat 2: Dorex2007 ($3.44 in chips) 
Seat 3: BumBumLauer ($2.17 in chips) 
Seat 4: dirtyolman ($2.61 in chips) 
Seat 5: OMG DerClown ($1.48 in chips) 
Seat 6: Kicha4 ($1.89 in chips) 
Seat 7: dominicara ($1.98 in chips) 
Seat 8: Boomz25 ($1.42 in chips) 
Seat 9: dealembub ($0.10 in chips) 
dominicara: posts small blind $0.01
Boomz25: posts big blind $0.02
OMG DerClown: posts small & big blinds $0.03
*** HOLE CARDS ***
Dealt to Dorex2007 [2s 3c]
dealembub: raises $0.08 to $0.10 and is all-in
luv_triton has timed out
luv_triton: folds 
Dorex2007: folds 
BumBumLauer: folds 
dirtyolman: folds 
OMG DerClown: folds 
Kicha4: folds 
dominicara: calls $0.09
Boomz25: folds 
*** FLOP *** [6c 3h Td]
*** TURN *** [6c 3h Td] [Tc]
*** RIVER *** [6c 3h Td Tc] [6s]
*** SHOW DOWN ***
dominicara: shows [Qd Kh] (two pair, Tens and Sixes)
dealembub: shows [4s 7c] (two pair, Tens and Sixes - lower kicker)
dominicara collected $0.24 from pot
*** SUMMARY ***
Total pot $0.25 | Rake $0.01 
Board [6c 3h Td Tc 6s]
Seat 1: luv_triton folded before Flop (didn't bet)
Seat 2: Dorex2007 folded before Flop (didn't bet)
Seat 3: BumBumLauer folded before Flop (didn't bet)
Seat 4: dirtyolman folded before Flop (didn't bet)
Seat 5: OMG DerClown folded before Flop (didn't bet)
Seat 6: Kicha4 (button) folded before Flop (didn't bet)
Seat 7: dominicara (small blind) showed [Qd Kh] and won ($0.24) with two pair, Tens and Sixes
Seat 8: Boomz25 (big blind) folded before Flop
Seat 9: dealembub showed [4s 7c] and lost with two pair, Tens and Sixes



PokerStars Hand #230567347679:  Hold'em No Limit ($0.01/$0.02 USD) - 2021/10/13 0:23:12 PT [2021/10/13 3:23:12 ET]
Table 'Cowell II' 9-max Seat #7 is the button
Seat 2: Dorex2007 ($3.44 in chips) 
Seat 3: BumBumLauer ($2.17 in chips) 
Seat 4: dirtyolman ($2.61 in chips) 
Seat 5: OMG DerClown ($1.45 in chips) 
Seat 6: Kicha4 ($1.89 in chips) 
Seat 7: dominicara ($2.12 in chips) 
Seat 8: Boomz25 ($1.40 in chips) 
Boomz25: posts small blind $0.01
Dorex2007: posts big blind $0.02
*** HOLE CARDS ***
Dealt to Dorex2007 [5h 7d]
dealembub leaves the table
BumBumLauer: raises $0.04 to $0.06
dirtyolman: calls $0.06
OMG DerClown: folds 
Kicha4: folds 
dominicara: folds 
Boomz25: folds 
Dorex2007: folds 
*** FLOP *** [8d 4s 8s]
BumBumLauer: bets $0.10
dirtyolman: folds 
Uncalled bet ($0.10) returned to BumBumLauer
BumBumLauer collected $0.14 from pot
BumBumLauer: doesn't show hand 
paschkka86 joins the table at seat #9 
*** SUMMARY ***
Total pot $0.15 | Rake $0.01 
Board [8d 4s 8s]
Seat 2: Dorex2007 (big blind) folded before Flop
Seat 3: BumBumLauer collected ($0.14)
Seat 4: dirtyolman folded on the Flop
Seat 5: OMG DerClown folded before Flop (didn't bet)
Seat 6: Kicha4 folded before Flop (didn't bet)
Seat 7: dominicara (button) folded before Flop (didn't bet)
Seat 8: Boomz25 (small blind) folded before Flop



PokerStars Hand #230567350681:  Hold'em No Limit ($0.01/$0.02 USD) - 2021/10/13 0:23:33 PT [2021/10/13 3:23:33 ET]
Table 'Cowell II' 9-max Seat #8 is the button
Seat 2: Dorex2007 ($3.42 in chips) 
Seat 3: BumBumLauer ($2.25 in chips) 
Seat 4: dirtyolman ($2.55 in chips) 
Seat 5: OMG DerClown ($1.45 in chips) 
Seat 6: Kicha4 ($1.89 in chips) 
Seat 7: dominicara ($2.12 in chips) 
Seat 8: Boomz25 ($1.39 in chips) 
Dorex2007: posts small blind $0.01
BumBumLauer: posts big blind $0.02
*** HOLE CARDS ***
Dealt to Dorex2007 [2c 7c]
dirtyolman: folds 
OMG DerClown: folds 
Kicha4: folds 
dominicara: folds 
Boomz25: folds 
Dorex2007: calls $0.01
BumBumLauer: checks 
*** FLOP *** [8s 4s 6c]
Dorex2007: checks 
BumBumLauer: checks 
*** TURN *** [8s 4s 6c] [9d]
Dorex2007: bets $0.03
BumBumLauer: folds 
Uncalled bet ($0.03) returned to Dorex2007
Dorex2007 collected $0.04 from pot
Dorex2007: doesn't show hand 
*** SUMMARY ***
Total pot $0.04 | Rake $0 
Board [8s 4s 6c 9d]
Seat 2: Dorex2007 (small blind) collected ($0.04)
Seat 3: BumBumLauer (big blind) folded on the Turn
Seat 4: dirtyolman folded before Flop (didn't bet)
Seat 5: OMG DerClown folded before Flop (didn't bet)
Seat 6: Kicha4 folded before Flop (didn't bet)
Seat 7: dominicara folded before Flop (didn't bet)
Seat 8: Boomz25 (button) folded before Flop (didn't bet)



PokerStars Hand #230567353426:  Hold'em No Limit ($0.01/$0.02 USD) - 2021/10/13 0:23:52 PT [2021/10/13 3:23:52 ET]
Table 'Cowell II' 9-max Seat #2 is the button
Seat 2: Dorex2007 ($3.44 in chips) 
Seat 3: BumBumLauer ($2.23 in chips) 
Seat 4: dirtyolman ($2.55 in chips) 
Seat 5: OMG DerClown ($1.45 in chips) 
Seat 6: Kicha4 ($1.89 in chips) 
Seat 7: dominicara ($2.12 in chips) 
Seat 8: Boomz25 ($1.39 in chips) 
BumBumLauer: posts small blind $0.01
dirtyolman: posts big blind $0.02
paschkka86: sits out 
*** HOLE CARDS ***
Dealt to Dorex2007 [5h 8h]
OMG DerClown has timed out
OMG DerClown: folds 
Kicha4: folds 
dominicara has timed out
dominicara: folds 
Boomz25: folds 
Dorex2007: raises $0.02 to $0.04
BumBumLauer: calls $0.03
dirtyolman: calls $0.02
*** FLOP *** [Ah Ad 7d]
BumBumLauer: checks 
dirtyolman: checks 
Dorex2007: checks 
*** TURN *** [Ah Ad 7d] [3s]
BumBumLauer: checks 
dirtyolman: checks 
Dorex2007: checks 
*** RIVER *** [Ah Ad 7d 3s] [Kd]
BumBumLauer: checks 
dirtyolman: checks 
Dorex2007: bets $0.12
BumBumLauer: folds 
dirtyolman: folds 
Uncalled bet ($0.12) returned to Dorex2007
Dorex2007 collected $0.12 from pot
Dorex2007: doesn't show hand 
*** SUMMARY ***
Total pot $0.12 | Rake $0 
Board [Ah Ad 7d 3s Kd]
Seat 2: Dorex2007 (button) collected ($0.12)
Seat 3: BumBumLauer (small blind) folded on the River
Seat 4: dirtyolman (big blind) folded on the River
Seat 5: OMG DerClown folded before Flop (didn't bet)
Seat 6: Kicha4 folded before Flop (didn't bet)
Seat 7: dominicara folded before Flop (didn't bet)
Seat 8: Boomz25 folded before Flop (didn't bet)



PokerStars Hand #230567362070:  Hold'em No Limit ($0.01/$0.02 USD) - 2021/10/13 0:24:51 PT [2021/10/13 3:24:51 ET]
Table 'Cowell II' 9-max Seat #3 is the button
Seat 2: Dorex2007 ($3.52 in chips) 
Seat 3: BumBumLauer ($2.19 in chips) 
Seat 4: dirtyolman ($2.51 in chips) 
Seat 6: Kicha4 ($1.89 in chips) 
Seat 7: dominicara ($2.12 in chips) 
Seat 8: Boomz25 ($1.39 in chips) 
dirtyolman: posts small blind $0.01
Kicha4: posts big blind $0.02
paschkka86: sits out 
*** HOLE CARDS ***
Dealt to Dorex2007 [Jh 6c]
dominicara: raises $0.04 to $0.06
Boomz25: folds 
Dorex2007: folds 
BumBumLauer: folds 
dirtyolman: folds 
Kicha4: folds 
Uncalled bet ($0.04) returned to dominicara
dominicara collected $0.05 from pot
*** SUMMARY ***
Total pot $0.05 | Rake $0 
Seat 2: Dorex2007 folded before Flop (didn't bet)
Seat 3: BumBumLauer (button) folded before Flop (didn't bet)
Seat 4: dirtyolman (small blind) folded before Flop
Seat 6: Kicha4 (big blind) folded before Flop
Seat 7: dominicara collected ($0.05)
Seat 8: Boomz25 folded before Flop (didn't bet)



PokerStars Hand #230567363628:  Hold'em No Limit ($0.01/$0.02 USD) - 2021/10/13 0:25:02 PT [2021/10/13 3:25:02 ET]
Table 'Cowell II' 9-max Seat #4 is the button
Seat 2: Dorex2007 ($3.52 in chips) 
Seat 3: BumBumLauer ($2.19 in chips) 
Seat 4: dirtyolman ($2.50 in chips) 
Seat 6: Kicha4 ($1.87 in chips) 
Seat 7: dominicara ($2.15 in chips) 
Seat 8: Boomz25 ($1.39 in chips) 
Kicha4: posts small blind $0.01
dominicara: posts big blind $0.02
paschkka86: sits out 
*** HOLE CARDS ***
Dealt to Dorex2007 [Qc 5c]
Boomz25 has timed out
Boomz25: folds 
Dorex2007: folds 
BumBumLauer: folds 
dirtyolman: folds 
Kicha4: raises $0.04 to $0.06
dominicara: folds 
Uncalled bet ($0.04) returned to Kicha4
Kicha4 collected $0.04 from pot
Kicha4: doesn't show hand 
*** SUMMARY ***
Total pot $0.04 | Rake $0 
Seat 2: Dorex2007 folded before Flop (didn't bet)
Seat 3: BumBumLauer folded before Flop (didn't bet)
Seat 4: dirtyolman (button) folded before Flop (didn't bet)
Seat 6: Kicha4 (small blind) collected ($0.04)
Seat 7: dominicara (big blind) folded before Flop
Seat 8: Boomz25 folded before Flop (didn't bet)



PokerStars Hand #230567367632:  Hold'em No Limit ($0.01/$0.02 USD) - 2021/10/13 0:25:30 PT [2021/10/13 3:25:30 ET]
Table 'Cowell II' 9-max Seat #6 is the button
Seat 2: Dorex2007 ($3.52 in chips) 
Seat 3: BumBumLauer ($2.19 in chips) 
Seat 4: dirtyolman ($2.50 in chips) 
Seat 6: Kicha4 ($1.89 in chips) 
Seat 7: dominicara ($2.13 in chips) 
Seat 8: Boomz25 ($1.39 in chips) 
dominicara: posts small blind $0.01
Boomz25: posts big blind $0.02
paschkka86: sits out 
*** HOLE CARDS ***
Dealt to Dorex2007 [9d 8d]
Dorex2007: raises $0.02 to $0.04
BumBumLauer: folds 
dirtyolman: folds 
Kicha4: folds 
dominicara: folds 
Boomz25: folds 
Uncalled bet ($0.02) returned to Dorex2007
Dorex2007 collected $0.05 from pot
Dorex2007: doesn't show hand 
*** SUMMARY ***
Total pot $0.05 | Rake $0 
Seat 2: Dorex2007 collected ($0.05)
Seat 3: BumBumLauer folded before Flop (didn't bet)
Seat 4: dirtyolman folded before Flop (didn't bet)
Seat 6: Kicha4 (button) folded before Flop (didn't bet)
Seat 7: dominicara (small blind) folded before Flop
Seat 8: Boomz25 (big blind) folded before Flop



PokerStars Hand #230567369929:  Hold'em No Limit ($0.01/$0.02 USD) - 2021/10/13 0:25:46 PT [2021/10/13 3:25:46 ET]
Table 'Cowell II' 9-max Seat #7 is the button
Seat 2: Dorex2007 ($3.55 in chips) 
Seat 3: BumBumLauer ($2.19 in chips) 
Seat 4: dirtyolman ($2.50 in chips) 
Seat 6: Kicha4 ($1.89 in chips) 
Seat 7: dominicara ($2.12 in chips) 
Seat 8: Boomz25 ($1.37 in chips) 
Seat 9: paschkka86 ($1.50 in chips) 
Boomz25: posts small blind $0.01
paschkka86: posts big blind $0.02
*** HOLE CARDS ***
Dealt to Dorex2007 [5h Ks]
Dorex2007: folds 
BumBumLauer: folds 
dirtyolman: calls $0.02
Kicha4: folds 
dominicara: folds 
Boomz25: folds 
paschkka86: checks 
*** FLOP *** [4s 7d 7c]
paschkka86: checks 
dirtyolman: bets $0.05
paschkka86: folds 
Uncalled bet ($0.05) returned to dirtyolman
dirtyolman collected $0.05 from pot
dirtyolman: doesn't show hand 
*** SUMMARY ***
Total pot $0.05 | Rake $0 
Board [4s 7d 7c]
Seat 2: Dorex2007 folded before Flop (didn't bet)
Seat 3: BumBumLauer folded before Flop (didn't bet)
Seat 4: dirtyolman collected ($0.05)
Seat 6: Kicha4 folded before Flop (didn't bet)
Seat 7: dominicara (button) folded before Flop (didn't bet)
Seat 8: Boomz25 (small blind) folded before Flop
Seat 9: paschkka86 (big blind) folded on the Flop



PokerStars Hand #230567375091:  Hold'em No Limit ($0.01/$0.02 USD) - 2021/10/13 0:26:21 PT [2021/10/13 3:26:21 ET]
Table 'Cowell II' 9-max Seat #8 is the button
Seat 2: Dorex2007 ($3.55 in chips) 
Seat 3: BumBumLauer ($2.19 in chips) 
Seat 4: dirtyolman ($2.53 in chips) 
Seat 6: Kicha4 ($1.89 in chips) 
Seat 7: dominicara ($2.12 in chips) 
Seat 8: Boomz25 ($1.36 in chips) 
Seat 9: paschkka86 ($1.48 in chips) 
paschkka86: posts small blind $0.01
Dorex2007: posts big blind $0.02
*** HOLE CARDS ***
Dealt to Dorex2007 [4c 8d]
BumBumLauer: raises $0.04 to $0.06
dirtyolman: calls $0.06
Kicha4: folds 
dominicara: folds 
Boomz25: folds 
paschkka86: folds 
Dorex2007: folds 
*** FLOP *** [9s Jc 2c]
BumBumLauer: bets $0.07
dirtyolman: calls $0.07
*** TURN *** [9s Jc 2c] [Ah]
BumBumLauer: bets $0.19
dirtyolman: raises $0.19 to $0.38
BumBumLauer: calls $0.19
*** RIVER *** [9s Jc 2c Ah] [8h]
BumBumLauer: checks 
dirtyolman: bets $0.51
BumBumLauer: calls $0.51
*** SHOW DOWN ***
dirtyolman: shows [Ad Ac] (three of a kind, Aces)
BumBumLauer: mucks hand 
dirtyolman collected $2 from pot
*** SUMMARY ***
Total pot $2.07 | Rake $0.07 
Board [9s Jc 2c Ah 8h]
Seat 2: Dorex2007 (big blind) folded before Flop
Seat 3: BumBumLauer mucked [Kc As]
Seat 4: dirtyolman showed [Ad Ac] and won ($2) with three of a kind, Aces
Seat 6: Kicha4 folded before Flop (didn't bet)
Seat 7: dominicara folded before Flop (didn't bet)
Seat 8: Boomz25 (button) folded before Flop (didn't bet)
Seat 9: paschkka86 (small blind) folded before Flop



PokerStars Hand #230567381627:  Hold'em No Limit ($0.01/$0.02 USD) - 2021/10/13 0:27:07 PT [2021/10/13 3:27:07 ET]
Table 'Cowell II' 9-max Seat #9 is the button
Seat 2: Dorex2007 ($3.53 in chips) 
Seat 3: BumBumLauer ($1.17 in chips) 
Seat 4: dirtyolman ($3.51 in chips) 
Seat 6: Kicha4 ($1.89 in chips) 
Seat 7: dominicara ($2.12 in chips) 
Seat 8: Boomz25 ($1.36 in chips) 
Seat 9: paschkka86 ($1.47 in chips) 
Dorex2007: posts small blind $0.01
BumBumLauer: posts big blind $0.02
*** HOLE CARDS ***
Dealt to Dorex2007 [8h 4h]
dirtyolman: folds 
Kicha4: raises $0.04 to $0.06
dominicara: folds 
dirtyolman leaves the table
Boomz25: raises $1.30 to $1.36 and is all-in
paschkka86: folds 
Dorex2007: folds 
BumBumLauer: folds 
Kicha4: folds 
Uncalled bet ($1.30) returned to Boomz25
Boomz25 collected $0.15 from pot
Boomz25: doesn't show hand 
*** SUMMARY ***
Total pot $0.15 | Rake $0 
Seat 2: Dorex2007 (small blind) folded before Flop
Seat 3: BumBumLauer (big blind) folded before Flop
Seat 4: dirtyolman folded before Flop (didn't bet)
Seat 6: Kicha4 folded before Flop
Seat 7: dominicara folded before Flop (didn't bet)
Seat 8: Boomz25 collected ($0.15)
Seat 9: paschkka86 (button) folded before Flop (didn't bet)



PokerStars Hand #230567384867:  Hold'em No Limit ($0.01/$0.02 USD) - 2021/10/13 0:27:29 PT [2021/10/13 3:27:29 ET]
Table 'Cowell II' 9-max Seat #2 is the button
Seat 2: Dorex2007 ($3.52 in chips) 
Seat 3: BumBumLauer ($1.15 in chips) 
Seat 6: Kicha4 ($1.83 in chips) 
Seat 7: dominicara ($2.12 in chips) 
Seat 8: Boomz25 ($1.45 in chips) 
Seat 9: paschkka86 ($1.47 in chips) 
BumBumLauer: posts small blind $0.01
Kicha4: posts big blind $0.02
*** HOLE CARDS ***
Dealt to Dorex2007 [6c Ts]
dominicara: folds 
Boomz25: folds 
paschkka86: calls $0.02
Dorex2007: folds 
BumBumLauer: folds 
Kicha4: checks 
*** FLOP *** [4d 6d Qs]
Kicha4: checks 
paschkka86: bets $0.03
Kicha4: folds 
Uncalled bet ($0.03) returned to paschkka86
paschkka86 collected $0.05 from pot
paschkka86: doesn't show hand 
*** SUMMARY ***
Total pot $0.05 | Rake $0 
Board [4d 6d Qs]
Seat 2: Dorex2007 (button) folded before Flop (didn't bet)
Seat 3: BumBumLauer (small blind) folded before Flop
Seat 6: Kicha4 (big blind) folded on the Flop
Seat 7: dominicara folded before Flop (didn't bet)
Seat 8: Boomz25 folded before Flop (didn't bet)
Seat 9: paschkka86 collected ($0.05)



PokerStars Hand #230567388677:  Hold'em No Limit ($0.01/$0.02 USD) - 2021/10/13 0:27:55 PT [2021/10/13 3:27:55 ET]
Table 'Cowell II' 9-max Seat #3 is the button
Seat 2: Dorex2007 ($3.52 in chips) 
Seat 3: BumBumLauer ($1.14 in chips) 
Seat 6: Kicha4 ($1.81 in chips) 
Seat 7: dominicara ($2.12 in chips) 
Seat 8: Boomz25 ($1.45 in chips) 
Seat 9: paschkka86 ($1.50 in chips) 
Kicha4: posts small blind $0.01
dominicara: posts big blind $0.02
*** HOLE CARDS ***
Dealt to Dorex2007 [5c 9d]
Boomz25: folds 
paschkka86: folds 
Dorex2007: folds 
BumBumLauer: folds 
Kicha4: calls $0.01
dominicara: checks 
*** FLOP *** [Kd 3c 3s]
Kicha4: checks 
dominicara: bets $0.04
Kicha4: folds 
Uncalled bet ($0.04) returned to dominicara
dominicara collected $0.04 from pot
*** SUMMARY ***
Total pot $0.04 | Rake $0 
Board [Kd 3c 3s]
Seat 2: Dorex2007 folded before Flop (didn't bet)
Seat 3: BumBumLauer (button) folded before Flop (didn't bet)
Seat 6: Kicha4 (small blind) folded on the Flop
Seat 7: dominicara (big blind) collected ($0.04)
Seat 8: Boomz25 folded before Flop (didn't bet)
Seat 9: paschkka86 folded before Flop (didn't bet)



PokerStars Hand #230567392759:  Hold'em No Limit ($0.01/$0.02 USD) - 2021/10/13 0:28:23 PT [2021/10/13 3:28:23 ET]
Table 'Cowell II' 9-max Seat #6 is the button
Seat 2: Dorex2007 ($3.52 in chips) 
Seat 3: BumBumLauer ($1.14 in chips) 
Seat 6: Kicha4 ($1.79 in chips) 
Seat 7: dominicara ($2.14 in chips) 
Seat 8: Boomz25 ($1.45 in chips) 
Seat 9: paschkka86 ($1.50 in chips) 
dominicara: posts small blind $0.01
Boomz25: posts big blind $0.02
*** HOLE CARDS ***
Dealt to Dorex2007 [7c Jh]
paschkka86: folds 
Dorex2007: folds 
BumBumLauer: folds 
Kicha4: raises $0.04 to $0.06
dominicara: folds 
Boomz25: folds 
Uncalled bet ($0.04) returned to Kicha4
Kicha4 collected $0.05 from pot
Kicha4: doesn't show hand 
*** SUMMARY ***
Total pot $0.05 | Rake $0 
Seat 2: Dorex2007 folded before Flop (didn't bet)
Seat 3: BumBumLauer folded before Flop (didn't bet)
Seat 6: Kicha4 (button) collected ($0.05)
Seat 7: dominicara (small blind) folded before Flop
Seat 8: Boomz25 (big blind) folded before Flop
Seat 9: paschkka86 folded before Flop (didn't bet)



PokerStars Hand #230567393938:  Hold'em No Limit ($0.01/$0.02 USD) - 2021/10/13 0:28:31 PT [2021/10/13 3:28:31 ET]
Table 'Cowell II' 9-max Seat #7 is the button
Seat 2: Dorex2007 ($3.52 in chips) 
Seat 3: BumBumLauer ($1.14 in chips) 
Seat 6: Kicha4 ($1.82 in chips) 
Seat 7: dominicara ($2.13 in chips) 
Seat 8: Boomz25 ($1.43 in chips) 
Seat 9: paschkka86 ($1.50 in chips) 
Boomz25: posts small blind $0.01
paschkka86: posts big blind $0.02
*** HOLE CARDS ***
Dealt to Dorex2007 [Qh 4d]
BUTAW701 joins the table at seat #4 
Dorex2007: folds 
BumBumLauer: folds 
Kicha4: folds 
dominicara: raises $0.04 to $0.06
Boomz25: folds 
paschkka86: folds 
Uncalled bet ($0.04) returned to dominicara
dominicara collected $0.05 from pot
*** SUMMARY ***
Total pot $0.05 | Rake $0 
Seat 2: Dorex2007 folded before Flop (didn't bet)
Seat 3: BumBumLauer folded before Flop (didn't bet)
Seat 6: Kicha4 folded before Flop (didn't bet)
Seat 7: dominicara (button) collected ($0.05)
Seat 8: Boomz25 (small blind) folded before Flop
Seat 9: paschkka86 (big blind) folded before Flop



PokerStars Hand #230567395987:  Hold'em No Limit ($0.01/$0.02 USD) - 2021/10/13 0:28:45 PT [2021/10/13 3:28:45 ET]
Table 'Cowell II' 9-max Seat #8 is the button
Seat 2: Dorex2007 ($3.52 in chips) 
Seat 3: BumBumLauer ($1.14 in chips) 
Seat 6: Kicha4 ($1.82 in chips) 
Seat 7: dominicara ($2.16 in chips) 
Seat 8: Boomz25 ($1.42 in chips) 
Seat 9: paschkka86 ($1.48 in chips) 
paschkka86: posts small blind $0.01
Dorex2007: posts big blind $0.02
BUTAW701: sits out 
*** HOLE CARDS ***
Dealt to Dorex2007 [8c 2d]
BumBumLauer: folds 
Kicha4: folds 
dominicara: raises $0.04 to $0.06
Boomz25: folds 
paschkka86: calls $0.05
Dorex2007: folds 
*** FLOP *** [Kd 9d 6s]
paschkka86: checks 
dominicara: checks 
*** TURN *** [Kd 9d 6s] [Jd]
paschkka86: bets $0.08
dominicara: calls $0.08
*** RIVER *** [Kd 9d 6s Jd] [2s]
paschkka86: bets $0.15
dominicara: folds 
Uncalled bet ($0.15) returned to paschkka86
paschkka86 collected $0.29 from pot
paschkka86: doesn't show hand 
*** SUMMARY ***
Total pot $0.30 | Rake $0.01 
Board [Kd 9d 6s Jd 2s]
Seat 2: Dorex2007 (big blind) folded before Flop
Seat 3: BumBumLauer folded before Flop (didn't bet)
Seat 6: Kicha4 folded before Flop (didn't bet)
Seat 7: dominicara folded on the River
Seat 8: Boomz25 (button) folded before Flop (didn't bet)
Seat 9: paschkka86 (small blind) collected ($0.29)



PokerStars Hand #230567404752:  Hold'em No Limit ($0.01/$0.02 USD) - 2021/10/13 0:29:45 PT [2021/10/13 3:29:45 ET]
Table 'Cowell II' 9-max Seat #9 is the button
Seat 2: Dorex2007 ($3.50 in chips) 
Seat 3: BumBumLauer ($1.14 in chips) 
Seat 4: BUTAW701 ($2 in chips) 
Seat 6: Kicha4 ($1.82 in chips) 
Seat 7: dominicara ($2.02 in chips) 
Seat 8: Boomz25 ($1.42 in chips) 
Seat 9: paschkka86 ($1.63 in chips) 
Dorex2007: posts small blind $0.01
BumBumLauer: posts big blind $0.02
BUTAW701: posts big blind $0.02
*** HOLE CARDS ***
Dealt to Dorex2007 [8d 2h]
BUTAW701: checks 
Kicha4: folds 
dominicara: raises $0.04 to $0.06
Boomz25: folds 
paschkka86: calls $0.06
Dorex2007: folds 
BumBumLauer: folds 
BUTAW701: calls $0.04
*** FLOP *** [7h 8s 5h]
BUTAW701: checks 
dominicara: bets $0.06
paschkka86: calls $0.06
BUTAW701: raises $0.18 to $0.24
dominicara: folds 
paschkka86: folds 
Uncalled bet ($0.18) returned to BUTAW701
BUTAW701 collected $0.38 from pot
BUTAW701: doesn't show hand 
*** SUMMARY ***
Total pot $0.39 | Rake $0.01 
Board [7h 8s 5h]
Seat 2: Dorex2007 (small blind) folded before Flop
Seat 3: BumBumLauer (big blind) folded before Flop
Seat 4: BUTAW701 collected ($0.38)
Seat 6: Kicha4 folded before Flop (didn't bet)
Seat 7: dominicara folded on the Flop
Seat 8: Boomz25 folded before Flop (didn't bet)
Seat 9: paschkka86 (button) folded on the Flop



PokerStars Hand #230567416293:  Hold'em No Limit ($0.01/$0.02 USD) - 2021/10/13 0:31:05 PT [2021/10/13 3:31:05 ET]
Table 'Cowell II' 9-max Seat #2 is the button
Seat 2: Dorex2007 ($3.49 in chips) 
Seat 4: BUTAW701 ($2.26 in chips) 
Seat 6: Kicha4 ($1.82 in chips) 
Seat 7: dominicara ($2 in chips) 
Seat 8: Boomz25 ($1.42 in chips) 
Seat 9: paschkka86 ($1.51 in chips) 
BUTAW701: posts small blind $0.01
Kicha4: posts big blind $0.02
*** HOLE CARDS ***
Dealt to Dorex2007 [3h 9h]
dominicara: raises $0.04 to $0.06
Boomz25: folds 
paschkka86: folds 
Dorex2007: folds 
BUTAW701: folds 
Kicha4: calls $0.04
*** FLOP *** [3d 7h 2d]
Kicha4: checks 
dominicara: checks 
*** TURN *** [3d 7h 2d] [9s]
Kicha4: bets $0.08
dominicara: folds 
Uncalled bet ($0.08) returned to Kicha4
Kicha4 collected $0.13 from pot
Kicha4: doesn't show hand 
*** SUMMARY ***
Total pot $0.13 | Rake $0 
Board [3d 7h 2d 9s]
Seat 2: Dorex2007 (button) folded before Flop (didn't bet)
Seat 4: BUTAW701 (small blind) folded before Flop
Seat 6: Kicha4 (big blind) collected ($0.13)
Seat 7: dominicara folded on the Turn
Seat 8: Boomz25 folded before Flop (didn't bet)
Seat 9: paschkka86 folded before Flop (didn't bet)



PokerStars Hand #230567420405:  Hold'em No Limit ($0.01/$0.02 USD) - 2021/10/13 0:31:33 PT [2021/10/13 3:31:33 ET]
Table 'Cowell II' 9-max Seat #4 is the button
Seat 2: Dorex2007 ($3.49 in chips) 
Seat 4: BUTAW701 ($2.25 in chips) 
Seat 6: Kicha4 ($1.89 in chips) 
Seat 7: dominicara ($1.94 in chips) 
Seat 8: Boomz25 ($1.42 in chips) 
Seat 9: paschkka86 ($1.51 in chips) 
Kicha4: posts small blind $0.01
dominicara: posts big blind $0.02
*** HOLE CARDS ***
Dealt to Dorex2007 [8s 5s]
Boomz25: folds 
paschkka86: folds 
Dorex2007: folds 
BUTAW701 has timed out
BUTAW701: folds 
Kicha4: calls $0.01
dominicara: checks 
*** FLOP *** [Ah Ac 7h]
Kicha4: checks 
dominicara: checks 
*** TURN *** [Ah Ac 7h] [9c]
Kicha4: checks 
dominicara: checks 
*** RIVER *** [Ah Ac 7h 9c] [Jh]
Kicha4: checks 
dominicara: checks 
*** SHOW DOWN ***
Kicha4: shows [4s Qc] (a pair of Aces)
dominicara: shows [Jc 6d] (two pair, Aces and Jacks)
dominicara collected $0.04 from pot
*** SUMMARY ***
Total pot $0.04 | Rake $0 
Board [Ah Ac 7h 9c Jh]
Seat 2: Dorex2007 folded before Flop (didn't bet)
Seat 4: BUTAW701 (button) folded before Flop (didn't bet)
Seat 6: Kicha4 (small blind) showed [4s Qc] and lost with a pair of Aces
Seat 7: dominicara (big blind) showed [Jc 6d] and won ($0.04) with two pair, Aces and Jacks
Seat 8: Boomz25 folded before Flop (didn't bet)
Seat 9: paschkka86 folded before Flop (didn't bet)



PokerStars Hand #230567427643:  Hold'em No Limit ($0.01/$0.02 USD) - 2021/10/13 0:32:23 PT [2021/10/13 3:32:23 ET]
Table 'Cowell II' 9-max Seat #6 is the button
Seat 2: Dorex2007 ($3.49 in chips) 
Seat 4: BUTAW701 ($2.25 in chips) 
Seat 6: Kicha4 ($1.87 in chips) 
Seat 7: dominicara ($1.96 in chips) 
Seat 8: Boomz25 ($1.42 in chips) 
Seat 9: paschkka86 ($1.51 in chips) 
dominicara: posts small blind $0.01
Boomz25: posts big blind $0.02
*** HOLE CARDS ***
Dealt to Dorex2007 [3d 5h]
paschkka86: folds 
Dorex2007: folds 
BUTAW701: raises $0.04 to $0.06
Kicha4: folds 
dominicara: folds 
Boomz25: folds 
Uncalled bet ($0.04) returned to BUTAW701
BUTAW701 collected $0.05 from pot
BUTAW701: doesn't show hand 
*** SUMMARY ***
Total pot $0.05 | Rake $0 
Seat 2: Dorex2007 folded before Flop (didn't bet)
Seat 4: BUTAW701 collected ($0.05)
Seat 6: Kicha4 (button) folded before Flop (didn't bet)
Seat 7: dominicara (small blind) folded before Flop
Seat 8: Boomz25 (big blind) folded before Flop
Seat 9: paschkka86 folded before Flop (didn't bet)



PokerStars Hand #230567431143:  Hold'em No Limit ($0.01/$0.02 USD) - 2021/10/13 0:32:47 PT [2021/10/13 3:32:47 ET]
Table 'Cowell II' 9-max Seat #7 is the button
Seat 2: Dorex2007 ($3.49 in chips) 
Seat 4: BUTAW701 ($2.28 in chips) 
Seat 6: Kicha4 ($1.87 in chips) 
Seat 7: dominicara ($1.95 in chips) 
Seat 8: Boomz25 ($1.40 in chips) 
Seat 9: paschkka86 ($1.51 in chips) 
Boomz25: posts small blind $0.01
paschkka86: posts big blind $0.02
*** HOLE CARDS ***
Dealt to Dorex2007 [Ks 6d]
Dorex2007: folds 
BUTAW701 has timed out
BUTAW701: folds 
Kicha4: folds 
dominicara: folds 
Boomz25: calls $0.01
paschkka86: checks 
*** FLOP *** [2d 5s Ts]
Boomz25: bets $0.03
paschkka86: folds 
Uncalled bet ($0.03) returned to Boomz25
Boomz25 collected $0.04 from pot
Boomz25: doesn't show hand 
*** SUMMARY ***
Total pot $0.04 | Rake $0 
Board [2d 5s Ts]
Seat 2: Dorex2007 folded before Flop (didn't bet)
Seat 4: BUTAW701 folded before Flop (didn't bet)
Seat 6: Kicha4 folded before Flop (didn't bet)
Seat 7: dominicara (button) folded before Flop (didn't bet)
Seat 8: Boomz25 (small blind) collected ($0.04)
Seat 9: paschkka86 (big blind) folded on the Flop



PokerStars Hand #230567438978:  Hold'em No Limit ($0.01/$0.02 USD) - 2021/10/13 0:33:40 PT [2021/10/13 3:33:40 ET]
Table 'Cowell II' 9-max Seat #8 is the button
Seat 2: Dorex2007 ($3.49 in chips) 
Seat 4: BUTAW701 ($2.28 in chips) 
Seat 6: Kicha4 ($1.87 in chips) 
Seat 7: dominicara ($1.95 in chips) 
Seat 8: Boomz25 ($1.42 in chips) 
Seat 9: paschkka86 ($1.49 in chips) 
paschkka86: posts small blind $0.01
Dorex2007: posts big blind $0.02
*** HOLE CARDS ***
Dealt to Dorex2007 [8d 5s]
BUTAW701: folds 
Kicha4: folds 
dominicara: folds 
Boomz25: folds 
paschkka86: folds 
Uncalled bet ($0.01) returned to Dorex2007
Dorex2007 collected $0.02 from pot
luv_triton leaves the table
Dorex2007: doesn't show hand 
*** SUMMARY ***
Total pot $0.02 | Rake $0 
Seat 2: Dorex2007 (big blind) collected ($0.02)
Seat 4: BUTAW701 folded before Flop (didn't bet)
Seat 6: Kicha4 folded before Flop (didn't bet)
Seat 7: dominicara folded before Flop (didn't bet)
Seat 8: Boomz25 (button) folded before Flop (didn't bet)
Seat 9: paschkka86 (small blind) folded before Flop



PokerStars Hand #230567440772:  Hold'em No Limit ($0.01/$0.02 USD) - 2021/10/13 0:33:52 PT [2021/10/13 3:33:52 ET]
Table 'Cowell II' 9-max Seat #9 is the button
Seat 2: Dorex2007 ($3.50 in chips) 
Seat 4: BUTAW701 ($2.28 in chips) 
Seat 6: Kicha4 ($1.87 in chips) 
Seat 7: dominicara ($1.95 in chips) 
Seat 8: Boomz25 ($1.42 in chips) 
Seat 9: paschkka86 ($1.48 in chips) 
Dorex2007: posts small blind $0.01
BUTAW701: posts big blind $0.02
*** HOLE CARDS ***
Dealt to Dorex2007 [6s 4s]
Kicha4: folds 
dominicara: folds 
Boomz25: folds 
Kicha4 leaves the table
paschkka86: folds 
Dorex2007: calls $0.01
BUTAW701: checks 
*** FLOP *** [Qc Qd 8s]
Dorex2007: checks 
BUTAW701: bets $0.02
Dorex2007: folds 
Uncalled bet ($0.02) returned to BUTAW701
BUTAW701 collected $0.04 from pot
BUTAW701: doesn't show hand 
*** SUMMARY ***
Total pot $0.04 | Rake $0 
Board [Qc Qd 8s]
Seat 2: Dorex2007 (small blind) folded on the Flop
Seat 4: BUTAW701 (big blind) collected ($0.04)
Seat 6: Kicha4 folded before Flop (didn't bet)
Seat 7: dominicara folded before Flop (didn't bet)
Seat 8: Boomz25 folded before Flop (didn't bet)
Seat 9: paschkka86 (button) folded before Flop (didn't bet)



PokerStars Hand #230567445680:  Hold'em No Limit ($0.01/$0.02 USD) - 2021/10/13 0:34:26 PT [2021/10/13 3:34:26 ET]
Table 'Cowell II' 9-max Seat #2 is the button
Seat 2: Dorex2007 ($3.48 in chips) 
Seat 4: BUTAW701 ($2.30 in chips) 
Seat 7: dominicara ($1.95 in chips) 
Seat 8: Boomz25 ($1.42 in chips) 
Seat 9: paschkka86 ($1.48 in chips) 
BUTAW701: posts small blind $0.01
dominicara: posts big blind $0.02
*** HOLE CARDS ***
Dealt to Dorex2007 [8d 5h]
Boomz25: folds 
paschkka86: folds 
Dorex2007: folds 
BUTAW701: folds 
Uncalled bet ($0.01) returned to dominicara
dominicara collected $0.02 from pot
OMG DerClown leaves the table
*** SUMMARY ***
Total pot $0.02 | Rake $0 
Seat 2: Dorex2007 (button) folded before Flop (didn't bet)
Seat 4: BUTAW701 (small blind) folded before Flop
Seat 7: dominicara (big blind) collected ($0.02)
Seat 8: Boomz25 folded before Flop (didn't bet)
Seat 9: paschkka86 folded before Flop (didn't bet)



PokerStars Hand #230567447301:  Hold'em No Limit ($0.01/$0.02 USD) - 2021/10/13 0:34:36 PT [2021/10/13 3:34:36 ET]
Table 'Cowell II' 9-max Seat #4 is the button
Seat 2: Dorex2007 ($3.48 in chips) 
Seat 4: BUTAW701 ($2.29 in chips) 
Seat 7: dominicara ($1.96 in chips) 
Seat 8: Boomz25 ($1.42 in chips) 
Seat 9: paschkka86 ($1.48 in chips) 
dominicara: posts small blind $0.01
Boomz25: posts big blind $0.02
*** HOLE CARDS ***
Dealt to Dorex2007 [9c Jc]
Laimesiu10m joins the table at seat #1 
paschkka86: folds 
Dorex2007: raises $0.04 to $0.06
BUTAW701: folds 
dominicara: folds 
Boomz25: folds 
Uncalled bet ($0.04) returned to Dorex2007
Dorex2007 collected $0.05 from pot
Dorex2007: doesn't show hand 
*** SUMMARY ***
Total pot $0.05 | Rake $0 
Seat 2: Dorex2007 collected ($0.05)
Seat 4: BUTAW701 (button) folded before Flop (didn't bet)
Seat 7: dominicara (small blind) folded before Flop
Seat 8: Boomz25 (big blind) folded before Flop
Seat 9: paschkka86 folded before Flop (didn't bet)



