PokerStars Hand #223786801701:  Hold'em No Limit ($0.01/$0.02 USD) - 2021/02/13 17:27:54 PT [2021/02/13 20:27:54 ET]
Table 'Halleria III' 9-max Seat #9 is the button
Seat 1: fevel58 ($2.95 in chips) 
Seat 2: Dorex2007 ($1.50 in chips) 
Seat 3: fuerte12 ($0.85 in chips) 
Seat 4: MIOLO FRESQUIM ($1.53 in chips) 
Seat 5: Angeli`ks ($2.85 in chips) 
Seat 6: ghostlider ($0.94 in chips) 
Seat 7: carlo35868 ($1.70 in chips) 
Seat 8: THE COMET76 ($1.60 in chips) 
Seat 9: keurby87 ($1.87 in chips) 
fevel58: posts small blind $0.01
Dorex2007: posts big blind $0.02
*** HOLE CARDS ***
Dealt to Dorex2007 [4h Jd]
fuerte12: folds 
MIOLO FRESQUIM: folds 
Angeli`ks: folds 
ghostlider: folds 
carlo35868: folds 
THE COMET76: raises $0.05 to $0.07
keurby87: folds 
fevel58: folds 
Dorex2007: folds 
Uncalled bet ($0.05) returned to THE COMET76
THE COMET76 collected $0.05 from pot
THE COMET76: doesn't show hand 
*** SUMMARY ***
Total pot $0.05 | Rake $0 
Seat 1: fevel58 (small blind) folded before Flop
Seat 2: Dorex2007 (big blind) folded before Flop
Seat 3: fuerte12 folded before Flop (didn't bet)
Seat 4: MIOLO FRESQUIM folded before Flop (didn't bet)
Seat 5: Angeli`ks folded before Flop (didn't bet)
Seat 6: ghostlider folded before Flop (didn't bet)
Seat 7: carlo35868 folded before Flop (didn't bet)
Seat 8: THE COMET76 collected ($0.05)
Seat 9: keurby87 (button) folded before Flop (didn't bet)



PokerStars Hand #223786820192:  Hold'em No Limit ($0.01/$0.02 USD) - 2021/02/13 17:28:36 PT [2021/02/13 20:28:36 ET]
Table 'Halleria III' 9-max Seat #1 is the button
Seat 1: fevel58 ($2.94 in chips) 
Seat 2: Dorex2007 ($1.48 in chips) 
Seat 3: fuerte12 ($0.85 in chips) 
Seat 4: MIOLO FRESQUIM ($1.53 in chips) 
Seat 5: Angeli`ks ($2.85 in chips) 
Seat 6: ghostlider ($0.94 in chips) 
Seat 7: carlo35868 ($1.70 in chips) 
Seat 8: THE COMET76 ($1.63 in chips) 
Seat 9: keurby87 ($1.87 in chips) 
Dorex2007: posts small blind $0.01
fuerte12: posts big blind $0.02
*** HOLE CARDS ***
Dealt to Dorex2007 [Qd 4h]
MIOLO FRESQUIM: folds 
Angeli`ks: folds 
ghostlider: folds 
carlo35868: folds 
THE COMET76: folds 
keurby87: raises $0.04 to $0.06
fevel58: folds 
Dorex2007: folds 
fuerte12: calls $0.04
*** FLOP *** [Th As 2d]
fuerte12: checks 
keurby87: bets $0.06
fuerte12: folds [Tc]
Uncalled bet ($0.06) returned to keurby87
keurby87 collected $0.13 from pot
keurby87: doesn't show hand 
*** SUMMARY ***
Total pot $0.13 | Rake $0 
Board [Th As 2d]
Seat 1: fevel58 (button) folded before Flop (didn't bet)
Seat 2: Dorex2007 (small blind) folded before Flop
Seat 3: fuerte12 (big blind) folded on the Flop
Seat 4: MIOLO FRESQUIM folded before Flop (didn't bet)
Seat 5: Angeli`ks folded before Flop (didn't bet)
Seat 6: ghostlider folded before Flop (didn't bet)
Seat 7: carlo35868 folded before Flop (didn't bet)
Seat 8: THE COMET76 folded before Flop (didn't bet)
Seat 9: keurby87 collected ($0.13)



PokerStars Hand #223786839238:  Hold'em No Limit ($0.01/$0.02 USD) - 2021/02/13 17:29:20 PT [2021/02/13 20:29:20 ET]
Table 'Halleria III' 9-max Seat #2 is the button
Seat 1: fevel58 ($2.94 in chips) 
Seat 2: Dorex2007 ($1.47 in chips) 
Seat 3: fuerte12 ($0.79 in chips) 
Seat 4: MIOLO FRESQUIM ($1.53 in chips) 
Seat 5: Angeli`ks ($2.85 in chips) 
Seat 6: ghostlider ($0.94 in chips) 
Seat 7: carlo35868 ($1.70 in chips) 
Seat 8: THE COMET76 ($1.63 in chips) 
Seat 9: keurby87 ($1.94 in chips) 
fuerte12: posts small blind $0.01
MIOLO FRESQUIM: posts big blind $0.02
*** HOLE CARDS ***
Dealt to Dorex2007 [8d 9d]
Angeli`ks: folds 
ghostlider: folds 
carlo35868: folds 
THE COMET76: folds 
keurby87: folds 
fevel58: folds 
Dorex2007: raises $0.04 to $0.06
fuerte12: folds 
MIOLO FRESQUIM: calls $0.04
*** FLOP *** [Jd 5d Ks]
MIOLO FRESQUIM: bets $0.06
Dorex2007: calls $0.06
*** TURN *** [Jd 5d Ks] [Qc]
MIOLO FRESQUIM: bets $0.08
Dorex2007: raises $0.16 to $0.24
MIOLO FRESQUIM: calls $0.16
*** RIVER *** [Jd 5d Ks Qc] [Qs]
MIOLO FRESQUIM: checks 
Dorex2007: bets $0.70
MIOLO FRESQUIM: calls $0.70
*** SHOW DOWN ***
Dorex2007: shows [8d 9d] (a pair of Queens)
MIOLO FRESQUIM: shows [Kh Td] (two pair, Kings and Queens)
MIOLO FRESQUIM collected $2.06 from pot
*** SUMMARY ***
Total pot $2.13 | Rake $0.07 
Board [Jd 5d Ks Qc Qs]
Seat 1: fevel58 folded before Flop (didn't bet)
Seat 2: Dorex2007 (button) showed [8d 9d] and lost with a pair of Queens
Seat 3: fuerte12 (small blind) folded before Flop
Seat 4: MIOLO FRESQUIM (big blind) showed [Kh Td] and won ($2.06) with two pair, Kings and Queens
Seat 5: Angeli`ks folded before Flop (didn't bet)
Seat 6: ghostlider folded before Flop (didn't bet)
Seat 7: carlo35868 folded before Flop (didn't bet)
Seat 8: THE COMET76 folded before Flop (didn't bet)
Seat 9: keurby87 folded before Flop (didn't bet)



PokerStars Hand #223786884529:  Hold'em No Limit ($0.01/$0.02 USD) - 2021/02/13 17:30:48 PT [2021/02/13 20:30:48 ET]
Table 'Halleria III' 9-max Seat #3 is the button
Seat 1: fevel58 ($2.94 in chips) 
Seat 2: Dorex2007 ($0.41 in chips) 
Seat 3: fuerte12 ($0.78 in chips) 
Seat 4: MIOLO FRESQUIM ($2.53 in chips) 
Seat 5: Angeli`ks ($2.85 in chips) 
Seat 6: ghostlider ($0.94 in chips) 
Seat 7: carlo35868 ($1.70 in chips) 
Seat 8: THE COMET76 ($1.63 in chips) 
Seat 9: keurby87 ($1.94 in chips) 
MIOLO FRESQUIM: posts small blind $0.01
Angeli`ks: posts big blind $0.02
*** HOLE CARDS ***
Dealt to Dorex2007 [6c 6s]
ghostlider: folds 
carlo35868: raises $0.02 to $0.04
THE COMET76: folds 
keurby87: folds 
fevel58: folds 
Dorex2007: calls $0.04
fuerte12: calls $0.04
MIOLO FRESQUIM: folds 
Angeli`ks: calls $0.02
*** FLOP *** [8c Jc 2s]
Angeli`ks: checks 
carlo35868: bets $0.04
Dorex2007: calls $0.04
fuerte12: raises $0.04 to $0.08
Angeli`ks: folds 
carlo35868: calls $0.04
Dorex2007: calls $0.04
*** TURN *** [8c Jc 2s] [7h]
carlo35868: checks 
Dorex2007: checks 
fuerte12: bets $0.66 and is all-in
carlo35868: folds 
Dorex2007: calls $0.29 and is all-in
Uncalled bet ($0.37) returned to fuerte12
*** RIVER *** [8c Jc 2s 7h] [Jd]
*** SHOW DOWN ***
Dorex2007: shows [6c 6s] (two pair, Jacks and Sixes)
fuerte12: shows [Kd Jh] (three of a kind, Jacks)
fuerte12 cashed out the hand for $0.90 | Cash Out Fee $0.01
*** SUMMARY ***
Total pot $0.99 | Rake $0.03 
Board [8c Jc 2s 7h Jd]
Seat 1: fevel58 folded before Flop (didn't bet)
Seat 2: Dorex2007 showed [6c 6s] and lost with two pair, Jacks and Sixes
Seat 3: fuerte12 (button) showed [Kd Jh] and won ($0.96) with three of a kind, Jacks (pot not awarded as player cashed out)
Seat 4: MIOLO FRESQUIM (small blind) folded before Flop
Seat 5: Angeli`ks (big blind) folded on the Flop
Seat 6: ghostlider folded before Flop (didn't bet)
Seat 7: carlo35868 folded on the Turn
Seat 8: THE COMET76 folded before Flop (didn't bet)
Seat 9: keurby87 folded before Flop (didn't bet)



