PokerStars Hand #229767252497:  Hold'em No Limit ($0.01/$0.02 USD) - 2021/09/11 9:01:34 PT [2021/09/11 12:01:34 ET]
Table 'Constantia III' 9-max Seat #1 is the button
Seat 1: METADONIUS ($1.29 in chips) 
Seat 2: Mtosha ($2.19 in chips) 
Seat 3: Dorex2007 ($2 in chips) 
Seat 4: Ronn2014 ($1.46 in chips) 
Seat 7: Schengo90 ($2 in chips) 
Seat 8: fob42 ($0.50 in chips) 
Seat 9: Ciklmira ($1.40 in chips) 
Mtosha: posts small blind $0.01
Dorex2007: posts big blind $0.02
Nankees: sits out 
*** HOLE CARDS ***
Dealt to Dorex2007 [Ah Kc]
Ronn2014: folds 
Schengo90: folds 
fob42: folds 
Ciklmira: folds 
METADONIUS: folds 
Mtosha: folds 
Uncalled bet ($0.01) returned to Dorex2007
Dorex2007 collected $0.02 from pot
Dorex2007: doesn't show hand 
*** SUMMARY ***
Total pot $0.02 | Rake $0 
Seat 1: METADONIUS (button) folded before Flop (didn't bet)
Seat 2: Mtosha (small blind) folded before Flop
Seat 3: Dorex2007 (big blind) collected ($0.02)
Seat 4: Ronn2014 folded before Flop (didn't bet)
Seat 7: Schengo90 folded before Flop (didn't bet)
Seat 8: fob42 folded before Flop (didn't bet)
Seat 9: Ciklmira folded before Flop (didn't bet)



PokerStars Hand #229767258884:  Hold'em No Limit ($0.01/$0.02 USD) - 2021/09/11 9:01:52 PT [2021/09/11 12:01:52 ET]
Table 'Constantia III' 9-max Seat #2 is the button
Seat 1: METADONIUS ($1.29 in chips) 
Seat 2: Mtosha ($2.18 in chips) 
Seat 3: Dorex2007 ($2.01 in chips) 
Seat 4: Ronn2014 ($1.46 in chips) 
Seat 7: Schengo90 ($2 in chips) 
Seat 8: fob42 ($0.50 in chips) 
Seat 9: Ciklmira ($1.40 in chips) 
Dorex2007: posts small blind $0.01
Ronn2014: posts big blind $0.02
Nankees: sits out 
*** HOLE CARDS ***
Dealt to Dorex2007 [3d 4d]
Schengo90 has timed out
Schengo90: folds 
fob42: folds 
Ciklmira: folds 
Schengo90 leaves the table
METADONIUS: calls $0.02
Mtosha: folds 
Dorex2007: calls $0.01
Ronn2014: checks 
*** FLOP *** [Ah Kd Qh]
Dorex2007: checks 
Santana Carlos joins the table at seat #7 
Ronn2014: checks 
METADONIUS: bets $0.06
Dorex2007: folds 
Ronn2014: folds 
Uncalled bet ($0.06) returned to METADONIUS
METADONIUS collected $0.06 from pot
METADONIUS: doesn't show hand 
*** SUMMARY ***
Total pot $0.06 | Rake $0 
Board [Ah Kd Qh]
Seat 1: METADONIUS collected ($0.06)
Seat 2: Mtosha (button) folded before Flop (didn't bet)
Seat 3: Dorex2007 (small blind) folded on the Flop
Seat 4: Ronn2014 (big blind) folded on the Flop
Seat 7: Schengo90 folded before Flop (didn't bet)
Seat 8: fob42 folded before Flop (didn't bet)
Seat 9: Ciklmira folded before Flop (didn't bet)



PokerStars Hand #229767274578:  Hold'em No Limit ($0.01/$0.02 USD) - 2021/09/11 9:02:33 PT [2021/09/11 12:02:33 ET]
Table 'Constantia III' 9-max Seat #3 is the button
Seat 1: METADONIUS ($1.33 in chips) 
Seat 2: Mtosha ($2.18 in chips) 
Seat 3: Dorex2007 ($1.99 in chips) 
Seat 4: Ronn2014 ($1.44 in chips) 
Seat 6: Nankees ($1.60 in chips) 
Seat 8: fob42 ($0.50 in chips) 
Seat 9: Ciklmira ($1.40 in chips) 
Ronn2014: posts small blind $0.01
Nankees: posts big blind $0.02
Santana Carlos: sits out 
*** HOLE CARDS ***
Dealt to Dorex2007 [Ac Js]
fob42: calls $0.02
Ciklmira: folds 
METADONIUS: folds 
Mtosha: folds 
Dorex2007: raises $0.04 to $0.06
Ronn2014: folds 
Nankees: folds 
fob42: calls $0.04
*** FLOP *** [6h 4h 3s]
fob42: bets $0.02
Dorex2007: calls $0.02
*** TURN *** [6h 4h 3s] [Qs]
fob42: bets $0.02
Dorex2007: calls $0.02
*** RIVER *** [6h 4h 3s Qs] [4c]
fob42: bets $0.02
Dorex2007: raises $0.02 to $0.04
fob42: folds 
Uncalled bet ($0.02) returned to Dorex2007
Dorex2007 collected $0.26 from pot
Dorex2007: doesn't show hand 
*** SUMMARY ***
Total pot $0.27 | Rake $0.01 
Board [6h 4h 3s Qs 4c]
Seat 1: METADONIUS folded before Flop (didn't bet)
Seat 2: Mtosha folded before Flop (didn't bet)
Seat 3: Dorex2007 (button) collected ($0.26)
Seat 4: Ronn2014 (small blind) folded before Flop
Seat 6: Nankees (big blind) folded before Flop
Seat 8: fob42 folded on the River
Seat 9: Ciklmira folded before Flop (didn't bet)



PokerStars Hand #229767299726:  Hold'em No Limit ($0.01/$0.02 USD) - 2021/09/11 9:03:40 PT [2021/09/11 12:03:40 ET]
Table 'Constantia III' 9-max Seat #4 is the button
Seat 1: METADONIUS ($1.33 in chips) 
Seat 2: Mtosha ($2.18 in chips) 
Seat 3: Dorex2007 ($2.13 in chips) 
Seat 4: Ronn2014 ($1.43 in chips) 
Seat 6: Nankees ($1.58 in chips) 
Seat 7: Santana Carlos ($2 in chips) 
Seat 8: fob42 ($0.38 in chips) 
Seat 9: Ciklmira ($1.40 in chips) 
Nankees: posts small blind $0.01
Santana Carlos: posts big blind $0.02
*** HOLE CARDS ***
Dealt to Dorex2007 [8d 5s]
fob42: raises $0.36 to $0.38 and is all-in
Ciklmira: folds 
METADONIUS: folds 
Mtosha: folds 
Dorex2007: folds 
Ronn2014: folds 
Nankees: folds 
Santana Carlos: calls $0.36
*** FLOP *** [Tc 2d Th]
*** TURN *** [Tc 2d Th] [8h]
*** RIVER *** [Tc 2d Th 8h] [Jc]
*** SHOW DOWN ***
Santana Carlos: shows [Ad Qh] (a pair of Tens)
fob42: shows [4h 4c] (two pair, Tens and Fours)
fob42 collected $0.74 from pot
*** SUMMARY ***
Total pot $0.77 | Rake $0.03 
Board [Tc 2d Th 8h Jc]
Seat 1: METADONIUS folded before Flop (didn't bet)
Seat 2: Mtosha folded before Flop (didn't bet)
Seat 3: Dorex2007 folded before Flop (didn't bet)
Seat 4: Ronn2014 (button) folded before Flop (didn't bet)
Seat 6: Nankees (small blind) folded before Flop
Seat 7: Santana Carlos (big blind) showed [Ad Qh] and lost with a pair of Tens
Seat 8: fob42 showed [4h 4c] and won ($0.74) with two pair, Tens and Fours
Seat 9: Ciklmira folded before Flop (didn't bet)



PokerStars Hand #229767317657:  Hold'em No Limit ($0.01/$0.02 USD) - 2021/09/11 9:04:27 PT [2021/09/11 12:04:27 ET]
Table 'Constantia III' 9-max Seat #6 is the button
Seat 1: METADONIUS ($1.33 in chips) 
Seat 2: Mtosha ($2.18 in chips) 
Seat 3: Dorex2007 ($2.13 in chips) 
Seat 4: Ronn2014 ($1.43 in chips) 
Seat 6: Nankees ($1.57 in chips) 
Seat 7: Santana Carlos ($2 in chips) 
Seat 8: fob42 ($0.74 in chips) 
Seat 9: Ciklmira ($1.40 in chips) 
Santana Carlos: posts small blind $0.01
fob42: posts big blind $0.02
*** HOLE CARDS ***
Dealt to Dorex2007 [5h 8h]
Ciklmira: folds 
METADONIUS: folds 
Mtosha: folds 
Dorex2007: folds 
Ronn2014: folds 
Nankees: calls $0.02
Santana Carlos: folds 
fob42: checks 
*** FLOP *** [Ac 6c Ad]
fob42: checks 
Nankees: checks 
*** TURN *** [Ac 6c Ad] [Kh]
fob42: checks 
Nankees: bets $0.05
fob42: folds 
Uncalled bet ($0.05) returned to Nankees
Nankees collected $0.05 from pot
Nankees: doesn't show hand 
*** SUMMARY ***
Total pot $0.05 | Rake $0 
Board [Ac 6c Ad Kh]
Seat 1: METADONIUS folded before Flop (didn't bet)
Seat 2: Mtosha folded before Flop (didn't bet)
Seat 3: Dorex2007 folded before Flop (didn't bet)
Seat 4: Ronn2014 folded before Flop (didn't bet)
Seat 6: Nankees (button) collected ($0.05)
Seat 7: Santana Carlos (small blind) folded before Flop
Seat 8: fob42 (big blind) folded on the Turn
Seat 9: Ciklmira folded before Flop (didn't bet)



PokerStars Hand #229767335164:  Hold'em No Limit ($0.01/$0.02 USD) - 2021/09/11 9:05:11 PT [2021/09/11 12:05:11 ET]
Table 'Constantia III' 9-max Seat #7 is the button
Seat 1: METADONIUS ($1.33 in chips) 
Seat 2: Mtosha ($2.18 in chips) 
Seat 3: Dorex2007 ($2.13 in chips) 
Seat 4: Ronn2014 ($1.43 in chips) 
Seat 6: Nankees ($1.60 in chips) 
Seat 7: Santana Carlos ($2 in chips) 
Seat 8: fob42 ($0.72 in chips) 
Seat 9: Ciklmira ($1.40 in chips) 
fob42: posts small blind $0.01
Ciklmira: posts big blind $0.02
*** HOLE CARDS ***
Dealt to Dorex2007 [Td 5h]
METADONIUS: folds 
Mtosha: folds 
Dorex2007: folds 
Ronn2014: folds 
Nankees: folds 
Santana Carlos: raises $0.05 to $0.07
fob42: folds 
Ciklmira: folds 
Uncalled bet ($0.05) returned to Santana Carlos
Santana Carlos collected $0.05 from pot
*** SUMMARY ***
Total pot $0.05 | Rake $0 
Seat 1: METADONIUS folded before Flop (didn't bet)
Seat 2: Mtosha folded before Flop (didn't bet)
Seat 3: Dorex2007 folded before Flop (didn't bet)
Seat 4: Ronn2014 folded before Flop (didn't bet)
Seat 6: Nankees folded before Flop (didn't bet)
Seat 7: Santana Carlos (button) collected ($0.05)
Seat 8: fob42 (small blind) folded before Flop
Seat 9: Ciklmira (big blind) folded before Flop



PokerStars Hand #229767343583:  Hold'em No Limit ($0.01/$0.02 USD) - 2021/09/11 9:05:33 PT [2021/09/11 12:05:33 ET]
Table 'Constantia III' 9-max Seat #8 is the button
Seat 1: METADONIUS ($1.33 in chips) 
Seat 2: Mtosha ($2.18 in chips) 
Seat 3: Dorex2007 ($2.13 in chips) 
Seat 4: Ronn2014 ($1.43 in chips) 
Seat 6: Nankees ($1.60 in chips) 
Seat 7: Santana Carlos ($2.03 in chips) 
Seat 8: fob42 ($0.71 in chips) 
Seat 9: Ciklmira ($1.38 in chips) 
Ciklmira: posts small blind $0.01
METADONIUS: posts big blind $0.02
*** HOLE CARDS ***
Dealt to Dorex2007 [5c Qd]
Mtosha: folds 
Dorex2007: folds 
Ronn2014: raises $0.04 to $0.06
Nankees: folds 
Santana Carlos: calls $0.06
fob42: calls $0.06
Ciklmira: folds 
METADONIUS: calls $0.04
*** FLOP *** [Qs As Kc]
METADONIUS: checks 
Ronn2014: checks 
Santana Carlos: bets $0.12
fob42: folds 
METADONIUS: folds 
Ronn2014: folds 
Uncalled bet ($0.12) returned to Santana Carlos
Santana Carlos collected $0.24 from pot
*** SUMMARY ***
Total pot $0.25 | Rake $0.01 
Board [Qs As Kc]
Seat 1: METADONIUS (big blind) folded on the Flop
Seat 2: Mtosha folded before Flop (didn't bet)
Seat 3: Dorex2007 folded before Flop (didn't bet)
Seat 4: Ronn2014 folded on the Flop
Seat 6: Nankees folded before Flop (didn't bet)
Seat 7: Santana Carlos collected ($0.24)
Seat 8: fob42 (button) folded on the Flop
Seat 9: Ciklmira (small blind) folded before Flop



PokerStars Hand #229767361003:  Hold'em No Limit ($0.01/$0.02 USD) - 2021/09/11 9:06:18 PT [2021/09/11 12:06:18 ET]
Table 'Constantia III' 9-max Seat #9 is the button
Seat 1: METADONIUS ($1.27 in chips) 
Seat 2: Mtosha ($2.18 in chips) 
Seat 3: Dorex2007 ($2.13 in chips) 
Seat 4: Ronn2014 ($1.37 in chips) 
Seat 6: Nankees ($1.60 in chips) 
Seat 7: Santana Carlos ($2.21 in chips) 
Seat 8: fob42 ($0.65 in chips) 
Seat 9: Ciklmira ($1.37 in chips) 
METADONIUS: posts small blind $0.01
Mtosha: posts big blind $0.02
*** HOLE CARDS ***
Dealt to Dorex2007 [5h 2c]
Dorex2007: folds 
Ronn2014: folds 
Nankees: folds 
Santana Carlos: folds 
fob42: folds 
Ciklmira: folds 
METADONIUS: calls $0.01
Mtosha: checks 
*** FLOP *** [9h 3d Ks]
METADONIUS: bets $0.04
Mtosha: folds 
Uncalled bet ($0.04) returned to METADONIUS
METADONIUS collected $0.04 from pot
METADONIUS: doesn't show hand 
*** SUMMARY ***
Total pot $0.04 | Rake $0 
Board [9h 3d Ks]
Seat 1: METADONIUS (small blind) collected ($0.04)
Seat 2: Mtosha (big blind) folded on the Flop
Seat 3: Dorex2007 folded before Flop (didn't bet)
Seat 4: Ronn2014 folded before Flop (didn't bet)
Seat 6: Nankees folded before Flop (didn't bet)
Seat 7: Santana Carlos folded before Flop (didn't bet)
Seat 8: fob42 folded before Flop (didn't bet)
Seat 9: Ciklmira (button) folded before Flop (didn't bet)



PokerStars Hand #229767371827:  Hold'em No Limit ($0.01/$0.02 USD) - 2021/09/11 9:06:46 PT [2021/09/11 12:06:46 ET]
Table 'Constantia III' 9-max Seat #1 is the button
Seat 1: METADONIUS ($1.29 in chips) 
Seat 2: Mtosha ($2.16 in chips) 
Seat 3: Dorex2007 ($2.13 in chips) 
Seat 4: Ronn2014 ($1.37 in chips) 
Seat 5: fjmuller ($1.13 in chips) 
Seat 6: Nankees ($1.60 in chips) 
Seat 7: Santana Carlos ($2.21 in chips) 
Seat 8: fob42 ($0.65 in chips) 
Seat 9: Ciklmira ($1.37 in chips) 
Mtosha: posts small blind $0.01
Dorex2007: posts big blind $0.02
fjmuller: posts small & big blinds $0.03
*** HOLE CARDS ***
Dealt to Dorex2007 [As 5h]
Ronn2014: folds 
fjmuller: checks 
Nankees: folds 
Santana Carlos: folds 
fob42: calls $0.02
Ciklmira: folds 
METADONIUS: calls $0.02
Mtosha: folds 
Dorex2007: checks 
*** FLOP *** [4c Js 7s]
Dorex2007: checks 
fjmuller: checks 
fob42: bets $0.02
METADONIUS: calls $0.02
Dorex2007: folds 
fjmuller: calls $0.02
*** TURN *** [4c Js 7s] [Tc]
fjmuller: checks 
fob42: checks 
METADONIUS: bets $0.04
fjmuller: calls $0.04
fob42: calls $0.04
*** RIVER *** [4c Js 7s Tc] [6c]
fjmuller: checks 
fob42: checks 
METADONIUS: bets $0.04
fjmuller: calls $0.04
fob42: folds 
*** SHOW DOWN ***
METADONIUS: shows [Ts Ks] (a pair of Tens)
fjmuller: shows [9s 8h] (a straight, Seven to Jack)
fjmuller collected $0.35 from pot
*** SUMMARY ***
Total pot $0.36 | Rake $0.01 
Board [4c Js 7s Tc 6c]
Seat 1: METADONIUS (button) showed [Ts Ks] and lost with a pair of Tens
Seat 2: Mtosha (small blind) folded before Flop
Seat 3: Dorex2007 (big blind) folded on the Flop
Seat 4: Ronn2014 folded before Flop (didn't bet)
Seat 5: fjmuller showed [9s 8h] and won ($0.35) with a straight, Seven to Jack
Seat 6: Nankees folded before Flop (didn't bet)
Seat 7: Santana Carlos folded before Flop (didn't bet)
Seat 8: fob42 folded on the River
Seat 9: Ciklmira folded before Flop (didn't bet)



PokerStars Hand #229767396649:  Hold'em No Limit ($0.01/$0.02 USD) - 2021/09/11 9:07:50 PT [2021/09/11 12:07:50 ET]
Table 'Constantia III' 9-max Seat #2 is the button
Seat 1: METADONIUS ($1.17 in chips) 
Seat 2: Mtosha ($2.15 in chips) 
Seat 3: Dorex2007 ($2.11 in chips) 
Seat 4: Ronn2014 ($1.37 in chips) 
Seat 5: fjmuller ($1.35 in chips) 
Seat 6: Nankees ($1.60 in chips) 
Seat 7: Santana Carlos ($2.21 in chips) 
Seat 8: fob42 ($0.57 in chips) 
Seat 9: Ciklmira ($1.37 in chips) 
Dorex2007: posts small blind $0.01
Ronn2014: posts big blind $0.02
*** HOLE CARDS ***
Dealt to Dorex2007 [3c 4s]
fjmuller: folds 
Nankees: folds 
Santana Carlos: folds 
fob42: folds 
Ciklmira: folds 
METADONIUS: folds 
Mtosha: folds 
Dorex2007: folds 
Uncalled bet ($0.01) returned to Ronn2014
Ronn2014 collected $0.02 from pot
Ronn2014: doesn't show hand 
*** SUMMARY ***
Total pot $0.02 | Rake $0 
Seat 1: METADONIUS folded before Flop (didn't bet)
Seat 2: Mtosha (button) folded before Flop (didn't bet)
Seat 3: Dorex2007 (small blind) folded before Flop
Seat 4: Ronn2014 (big blind) collected ($0.02)
Seat 5: fjmuller folded before Flop (didn't bet)
Seat 6: Nankees folded before Flop (didn't bet)
Seat 7: Santana Carlos folded before Flop (didn't bet)
Seat 8: fob42 folded before Flop (didn't bet)
Seat 9: Ciklmira folded before Flop (didn't bet)



PokerStars Hand #229767401451:  Hold'em No Limit ($0.01/$0.02 USD) - 2021/09/11 9:08:03 PT [2021/09/11 12:08:03 ET]
Table 'Constantia III' 9-max Seat #3 is the button
Seat 1: METADONIUS ($1.17 in chips) 
Seat 2: Mtosha ($2.15 in chips) 
Seat 3: Dorex2007 ($2.10 in chips) 
Seat 4: Ronn2014 ($1.38 in chips) 
Seat 6: Nankees ($1.60 in chips) 
Seat 7: Santana Carlos ($2.21 in chips) 
Seat 8: fob42 ($0.57 in chips) 
Seat 9: Ciklmira ($1.37 in chips) 
Ronn2014: posts small blind $0.01
Nankees: posts big blind $0.02
*** HOLE CARDS ***
Dealt to Dorex2007 [Ts 8d]
Santana Carlos: folds 
fob42: folds 
Ciklmira: folds 
METADONIUS: folds 
Mtosha: folds 
Dorex2007: folds 
Ronn2014: folds 
Uncalled bet ($0.01) returned to Nankees
Nankees collected $0.02 from pot
Nankees: doesn't show hand 
*** SUMMARY ***
Total pot $0.02 | Rake $0 
Seat 1: METADONIUS folded before Flop (didn't bet)
Seat 2: Mtosha folded before Flop (didn't bet)
Seat 3: Dorex2007 (button) folded before Flop (didn't bet)
Seat 4: Ronn2014 (small blind) folded before Flop
Seat 6: Nankees (big blind) collected ($0.02)
Seat 7: Santana Carlos folded before Flop (didn't bet)
Seat 8: fob42 folded before Flop (didn't bet)
Seat 9: Ciklmira folded before Flop (didn't bet)



PokerStars Hand #229767406780:  Hold'em No Limit ($0.01/$0.02 USD) - 2021/09/11 9:08:16 PT [2021/09/11 12:08:16 ET]
Table 'Constantia III' 9-max Seat #4 is the button
Seat 1: METADONIUS ($1.17 in chips) 
Seat 2: Mtosha ($2.15 in chips) 
Seat 3: Dorex2007 ($2.10 in chips) 
Seat 4: Ronn2014 ($1.37 in chips) 
Seat 6: Nankees ($1.61 in chips) 
Seat 7: Santana Carlos ($2.21 in chips) 
Seat 8: fob42 ($0.57 in chips) 
Seat 9: Ciklmira ($1.37 in chips) 
Nankees: posts small blind $0.01
Santana Carlos: posts big blind $0.02
*** HOLE CARDS ***
Dealt to Dorex2007 [9s 7s]
fob42: folds 
Ciklmira: folds 
METADONIUS: folds 
Mtosha: folds 
Dorex2007: folds 
Ronn2014: calls $0.02
Nankees: folds 
Santana Carlos: checks 
*** FLOP *** [4h Jd Ah]
Santana Carlos: bets $0.02
Ronn2014: raises $0.02 to $0.04
Santana Carlos: calls $0.02
*** TURN *** [4h Jd Ah] [Kc]
Santana Carlos: checks 
Ronn2014: bets $0.07
Santana Carlos: calls $0.07
*** RIVER *** [4h Jd Ah Kc] [5h]
Santana Carlos: checks 
Ronn2014: bets $0.13
Santana Carlos: calls $0.13
*** SHOW DOWN ***
Ronn2014: shows [Ac 5c] (two pair, Aces and Fives)
Santana Carlos: mucks hand 
Ronn2014 collected $0.51 from pot
*** SUMMARY ***
Total pot $0.53 | Rake $0.02 
Board [4h Jd Ah Kc 5h]
Seat 1: METADONIUS folded before Flop (didn't bet)
Seat 2: Mtosha folded before Flop (didn't bet)
Seat 3: Dorex2007 folded before Flop (didn't bet)
Seat 4: Ronn2014 (button) showed [Ac 5c] and won ($0.51) with two pair, Aces and Fives
Seat 6: Nankees (small blind) folded before Flop
Seat 7: Santana Carlos (big blind) mucked [7h As]
Seat 8: fob42 folded before Flop (didn't bet)
Seat 9: Ciklmira folded before Flop (didn't bet)



PokerStars Hand #229767430698:  Hold'em No Limit ($0.01/$0.02 USD) - 2021/09/11 9:09:17 PT [2021/09/11 12:09:17 ET]
Table 'Constantia III' 9-max Seat #6 is the button
Seat 1: METADONIUS ($1.17 in chips) 
Seat 2: Mtosha ($2.15 in chips) 
Seat 3: Dorex2007 ($2.10 in chips) 
Seat 4: Ronn2014 ($1.62 in chips) 
Seat 6: Nankees ($1.60 in chips) 
Seat 7: Santana Carlos ($2 in chips) 
Seat 8: fob42 ($0.57 in chips) 
Seat 9: Ciklmira ($1.37 in chips) 
Santana Carlos: posts small blind $0.01
fob42: posts big blind $0.02
*** HOLE CARDS ***
Dealt to Dorex2007 [2d 8s]
Ciklmira: calls $0.02
METADONIUS: calls $0.02
Mtosha has timed out
Mtosha: folds 
Dorex2007: folds 
Ronn2014: folds 
Nankees: folds 
Santana Carlos: calls $0.01
fob42: checks 
*** FLOP *** [2h 8h Kd]
Santana Carlos: bets $0.02
fob42: folds 
Ciklmira: folds 
METADONIUS: calls $0.02
*** TURN *** [2h 8h Kd] [8d]
Santana Carlos: bets $0.04
METADONIUS: calls $0.04
*** RIVER *** [2h 8h Kd 8d] [7h]
Santana Carlos: checks 
METADONIUS: bets $0.06
Santana Carlos: folds 
Uncalled bet ($0.06) returned to METADONIUS
METADONIUS collected $0.19 from pot
METADONIUS: doesn't show hand 
*** SUMMARY ***
Total pot $0.20 | Rake $0.01 
Board [2h 8h Kd 8d 7h]
Seat 1: METADONIUS collected ($0.19)
Seat 2: Mtosha folded before Flop (didn't bet)
Seat 3: Dorex2007 folded before Flop (didn't bet)
Seat 4: Ronn2014 folded before Flop (didn't bet)
Seat 6: Nankees (button) folded before Flop (didn't bet)
Seat 7: Santana Carlos (small blind) folded on the River
Seat 8: fob42 (big blind) folded on the Flop
Seat 9: Ciklmira folded on the Flop



PokerStars Hand #229767454646:  Hold'em No Limit ($0.01/$0.02 USD) - 2021/09/11 9:10:19 PT [2021/09/11 12:10:19 ET]
Table 'Constantia III' 9-max Seat #7 is the button
Seat 1: METADONIUS ($1.28 in chips) 
Seat 3: Dorex2007 ($2.10 in chips) 
Seat 4: Ronn2014 ($1.62 in chips) 
Seat 6: Nankees ($1.60 in chips) 
Seat 7: Santana Carlos ($2 in chips) 
Seat 8: fob42 ($0.55 in chips) 
Seat 9: Ciklmira ($1.35 in chips) 
fob42: posts small blind $0.01
Ciklmira: posts big blind $0.02
*** HOLE CARDS ***
Dealt to Dorex2007 [9h 3s]
METADONIUS: folds 
Dorex2007: folds 
Ronn2014: calls $0.02
Nankees: folds 
Santana Carlos: folds 
fob42: folds 
Ciklmira: checks 
*** FLOP *** [9c 7s Qc]
Ciklmira: checks 
Ronn2014: bets $0.05
Ciklmira: folds 
Uncalled bet ($0.05) returned to Ronn2014
Ronn2014 collected $0.05 from pot
Ronn2014: doesn't show hand 
*** SUMMARY ***
Total pot $0.05 | Rake $0 
Board [9c 7s Qc]
Seat 1: METADONIUS folded before Flop (didn't bet)
Seat 3: Dorex2007 folded before Flop (didn't bet)
Seat 4: Ronn2014 collected ($0.05)
Seat 6: Nankees folded before Flop (didn't bet)
Seat 7: Santana Carlos (button) folded before Flop (didn't bet)
Seat 8: fob42 (small blind) folded before Flop
Seat 9: Ciklmira (big blind) folded on the Flop



PokerStars Hand #229767464250:  Hold'em No Limit ($0.01/$0.02 USD) - 2021/09/11 9:10:43 PT [2021/09/11 12:10:43 ET]
Table 'Constantia III' 9-max Seat #8 is the button
Seat 1: METADONIUS ($1.28 in chips) 
Seat 3: Dorex2007 ($2.10 in chips) 
Seat 4: Ronn2014 ($1.65 in chips) 
Seat 6: Nankees ($1.60 in chips) 
Seat 7: Santana Carlos ($2 in chips) 
Seat 8: fob42 ($0.54 in chips) 
Seat 9: Ciklmira ($1.33 in chips) 
Ciklmira: posts small blind $0.01
METADONIUS: posts big blind $0.02
*** HOLE CARDS ***
Dealt to Dorex2007 [5h Ac]
Dorex2007: folds 
Ronn2014: folds 
Nankees: folds 
Santana Carlos: folds 
fob42: folds 
Ciklmira: raises $0.04 to $0.06
fob42 leaves the table
MXLVI joins the table at seat #8 
METADONIUS: folds 
Uncalled bet ($0.04) returned to Ciklmira
Ciklmira collected $0.04 from pot
Ciklmira: doesn't show hand 
*** SUMMARY ***
Total pot $0.04 | Rake $0 
Seat 1: METADONIUS (big blind) folded before Flop
Seat 3: Dorex2007 folded before Flop (didn't bet)
Seat 4: Ronn2014 folded before Flop (didn't bet)
Seat 6: Nankees folded before Flop (didn't bet)
Seat 7: Santana Carlos folded before Flop (didn't bet)
Seat 8: fob42 (button) folded before Flop (didn't bet)
Seat 9: Ciklmira (small blind) collected ($0.04)



PokerStars Hand #229767477552:  Hold'em No Limit ($0.01/$0.02 USD) - 2021/09/11 9:11:17 PT [2021/09/11 12:11:17 ET]
Table 'Constantia III' 9-max Seat #9 is the button
Seat 1: METADONIUS ($1.26 in chips) 
Seat 2: Mtosha ($2.15 in chips) 
Seat 3: Dorex2007 ($2.10 in chips) 
Seat 4: Ronn2014 ($1.65 in chips) 
Seat 6: Nankees ($1.60 in chips) 
Seat 7: Santana Carlos ($2 in chips) 
Seat 9: Ciklmira ($1.35 in chips) 
METADONIUS: posts small blind $0.01
Mtosha: posts big blind $0.02
MXLVI: sits out 
*** HOLE CARDS ***
Dealt to Dorex2007 [9d 5c]
Dorex2007: folds 
MXLVI leaves the table
Ronn2014: calls $0.02
Nankees: calls $0.02
Santana Carlos: folds 
Ciklmira: folds 
METADONIUS: calls $0.01
Mtosha: checks 
*** FLOP *** [6d 3d Ah]
METADONIUS: checks 
StraussThePark joins the table at seat #8 
Mtosha: checks 
Ronn2014: bets $0.08
Nankees: calls $0.08
METADONIUS: folds 
Mtosha: folds 
*** TURN *** [6d 3d Ah] [7h]
Ronn2014: bets $0.12
Nankees: calls $0.12
*** RIVER *** [6d 3d Ah 7h] [5d]
Ronn2014: bets $1.43 and is all-in
Nankees: calls $1.38 and is all-in
Uncalled bet ($0.05) returned to Ronn2014
*** SHOW DOWN ***
Ronn2014: shows [Jh Kh] (high card Ace)
Nankees: shows [Ad Qd] (a flush, Ace high)
Nankees collected $3.13 from pot
*** SUMMARY ***
Total pot $3.24 | Rake $0.11 
Board [6d 3d Ah 7h 5d]
Seat 1: METADONIUS (small blind) folded on the Flop
Seat 2: Mtosha (big blind) folded on the Flop
Seat 3: Dorex2007 folded before Flop (didn't bet)
Seat 4: Ronn2014 showed [Jh Kh] and lost with high card Ace
Seat 6: Nankees showed [Ad Qd] and won ($3.13) with a flush, Ace high
Seat 7: Santana Carlos folded before Flop (didn't bet)
Seat 9: Ciklmira (button) folded before Flop (didn't bet)



PokerStars Hand #229767520827:  Hold'em No Limit ($0.01/$0.02 USD) - 2021/09/11 9:13:10 PT [2021/09/11 12:13:10 ET]
Table 'Constantia III' 9-max Seat #1 is the button
Seat 1: METADONIUS ($1.24 in chips) 
Seat 2: Mtosha ($2.13 in chips) 
Seat 3: Dorex2007 ($2.10 in chips) 
Seat 4: Ronn2014 ($0.05 in chips) 
Seat 6: Nankees ($3.13 in chips) 
Seat 7: Santana Carlos ($2 in chips) 
Seat 8: StraussThePark ($1.60 in chips) 
Seat 9: Ciklmira ($1.35 in chips) 
Mtosha: posts small blind $0.01
Dorex2007: posts big blind $0.02
StraussThePark: posts big blind $0.02
*** HOLE CARDS ***
Dealt to Dorex2007 [6c 3s]
Ronn2014: folds 
Nankees: calls $0.02
Santana Carlos: calls $0.02
StraussThePark: checks 
Ciklmira: folds 
METADONIUS: folds 
Mtosha has timed out
Mtosha: folds 
Dorex2007: checks 
*** FLOP *** [3h Qd 2s]
Dorex2007: checks 
Nankees: checks 
Santana Carlos: checks 
StraussThePark: checks 
*** TURN *** [3h Qd 2s] [7s]
Dorex2007: bets $0.05
Nankees: calls $0.05
Santana Carlos: folds 
StraussThePark: folds 
*** RIVER *** [3h Qd 2s 7s] [Ad]
Dorex2007: bets $0.09
Nankees: calls $0.09
*** SHOW DOWN ***
Dorex2007: shows [6c 3s] (a pair of Threes)
Nankees: shows [Jd Qh] (a pair of Queens)
Nankees collected $0.36 from pot
*** SUMMARY ***
Total pot $0.37 | Rake $0.01 
Board [3h Qd 2s 7s Ad]
Seat 1: METADONIUS (button) folded before Flop (didn't bet)
Seat 2: Mtosha (small blind) folded before Flop
Seat 3: Dorex2007 (big blind) showed [6c 3s] and lost with a pair of Threes
Seat 4: Ronn2014 folded before Flop (didn't bet)
Seat 6: Nankees showed [Jd Qh] and won ($0.36) with a pair of Queens
Seat 7: Santana Carlos folded on the Turn
Seat 8: StraussThePark folded on the Turn (didn't bet)
Seat 9: Ciklmira folded before Flop (didn't bet)



PokerStars Hand #229767564288:  Hold'em No Limit ($0.01/$0.02 USD) - 2021/09/11 9:15:01 PT [2021/09/11 12:15:01 ET]
Table 'Constantia III' 9-max Seat #3 is the button
Seat 1: METADONIUS ($1.24 in chips) 
Seat 3: Dorex2007 ($1.94 in chips) 
Seat 4: Ronn2014 ($0.05 in chips) 
Seat 6: Nankees ($3.33 in chips) 
Seat 7: Santana Carlos ($2 in chips) 
Seat 8: StraussThePark ($1.58 in chips) 
Seat 9: Ciklmira ($1.35 in chips) 
Ronn2014: posts small blind $0.01
Nankees: posts big blind $0.02
*** HOLE CARDS ***
Dealt to Dorex2007 [Kh 4d]
Santana Carlos: calls $0.02
StraussThePark: folds 
Ciklmira: raises $0.06 to $0.08
METADONIUS: folds 
Dorex2007: folds 
Ronn2014: folds 
Nankees: folds 
Santana Carlos: folds 
Uncalled bet ($0.06) returned to Ciklmira
Ciklmira collected $0.07 from pot
Ciklmira: doesn't show hand 
*** SUMMARY ***
Total pot $0.07 | Rake $0 
Seat 1: METADONIUS folded before Flop (didn't bet)
Seat 3: Dorex2007 (button) folded before Flop (didn't bet)
Seat 4: Ronn2014 (small blind) folded before Flop
Seat 6: Nankees (big blind) folded before Flop
Seat 7: Santana Carlos folded before Flop
Seat 8: StraussThePark folded before Flop (didn't bet)
Seat 9: Ciklmira collected ($0.07)



PokerStars Hand #229767578494:  Hold'em No Limit ($0.01/$0.02 USD) - 2021/09/11 9:15:37 PT [2021/09/11 12:15:37 ET]
Table 'Constantia III' 9-max Seat #4 is the button
Seat 1: METADONIUS ($1.24 in chips) 
Seat 3: Dorex2007 ($2 in chips) 
Seat 4: Ronn2014 ($0.04 in chips) 
Seat 6: Nankees ($3.31 in chips) 
Seat 7: Santana Carlos ($2 in chips) 
Seat 8: StraussThePark ($1.58 in chips) 
Seat 9: Ciklmira ($1.40 in chips) 
Nankees: posts small blind $0.01
Santana Carlos: posts big blind $0.02
*** HOLE CARDS ***
Dealt to Dorex2007 [Kc Ks]
StraussThePark: calls $0.02
Ciklmira: folds 
METADONIUS: folds 
Dorex2007: raises $0.06 to $0.08
Ronn2014: folds 
Mtosha is disconnected 
Nankees: calls $0.07
Santana Carlos: calls $0.06
StraussThePark: folds 
*** FLOP *** [8d 8h 3d]
Nankees: checks 
Santana Carlos: checks 
Dorex2007: bets $0.17
Nankees: folds 
Santana Carlos: folds 
Uncalled bet ($0.17) returned to Dorex2007
Dorex2007 collected $0.25 from pot
Dorex2007: doesn't show hand 
*** SUMMARY ***
Total pot $0.26 | Rake $0.01 
Board [8d 8h 3d]
Seat 1: METADONIUS folded before Flop (didn't bet)
Seat 3: Dorex2007 collected ($0.25)
Seat 4: Ronn2014 (button) folded before Flop (didn't bet)
Seat 6: Nankees (small blind) folded on the Flop
Seat 7: Santana Carlos (big blind) folded on the Flop
Seat 8: StraussThePark folded before Flop
Seat 9: Ciklmira folded before Flop (didn't bet)



PokerStars Hand #229767603380:  Hold'em No Limit ($0.01/$0.02 USD) - 2021/09/11 9:16:39 PT [2021/09/11 12:16:39 ET]
Table 'Constantia III' 9-max Seat #6 is the button
Seat 1: METADONIUS ($1.24 in chips) 
Seat 3: Dorex2007 ($2.17 in chips) 
Seat 4: Ronn2014 ($0.86 in chips) 
Seat 6: Nankees ($3.23 in chips) 
Seat 7: Santana Carlos ($2 in chips) 
Seat 8: StraussThePark ($1.56 in chips) 
Seat 9: Ciklmira ($1.40 in chips) 
Santana Carlos: posts small blind $0.01
StraussThePark: posts big blind $0.02
*** HOLE CARDS ***
Dealt to Dorex2007 [2s 9h]
Ciklmira: folds 
METADONIUS: folds 
Dorex2007: folds 
Ronn2014: folds 
Nankees: folds 
Santana Carlos: calls $0.01
StraussThePark: checks 
*** FLOP *** [Ad Ts 8h]
Santana Carlos: checks 
StraussThePark: checks 
*** TURN *** [Ad Ts 8h] [6s]
Santana Carlos: checks 
StraussThePark: checks 
*** RIVER *** [Ad Ts 8h 6s] [Td]
Santana Carlos: checks 
StraussThePark: checks 
*** SHOW DOWN ***
Santana Carlos: shows [6c Kc] (two pair, Tens and Sixes)
StraussThePark: mucks hand 
Santana Carlos collected $0.04 from pot
*** SUMMARY ***
Total pot $0.04 | Rake $0 
Board [Ad Ts 8h 6s Td]
Seat 1: METADONIUS folded before Flop (didn't bet)
Seat 3: Dorex2007 folded before Flop (didn't bet)
Seat 4: Ronn2014 folded before Flop (didn't bet)
Seat 6: Nankees (button) folded before Flop (didn't bet)
Seat 7: Santana Carlos (small blind) showed [6c Kc] and won ($0.04) with two pair, Tens and Sixes
Seat 8: StraussThePark (big blind) mucked [5d 4h]
Seat 9: Ciklmira folded before Flop (didn't bet)



PokerStars Hand #229767622159:  Hold'em No Limit ($0.01/$0.02 USD) - 2021/09/11 9:17:26 PT [2021/09/11 12:17:26 ET]
Table 'Constantia III' 9-max Seat #7 is the button
Seat 1: METADONIUS ($1.24 in chips) 
Seat 3: Dorex2007 ($2.17 in chips) 
Seat 4: Ronn2014 ($0.86 in chips) 
Seat 6: Nankees ($3.23 in chips) 
Seat 7: Santana Carlos ($2.02 in chips) 
Seat 8: StraussThePark ($1.54 in chips) 
Seat 9: Ciklmira ($1.40 in chips) 
StraussThePark: posts small blind $0.01
Ciklmira: posts big blind $0.02
*** HOLE CARDS ***
Dealt to Dorex2007 [9h 4d]
METADONIUS: folds 
Dorex2007: folds 
Ronn2014: raises $0.04 to $0.06
Nankees: folds 
Santana Carlos: folds 
StraussThePark: calls $0.05
Ciklmira: calls $0.04
*** FLOP *** [Ts 7h Ks]
StraussThePark: bets $0.06
Ciklmira: folds 
Ronn2014: calls $0.06
*** TURN *** [Ts 7h Ks] [3s]
StraussThePark: checks 
Ronn2014: bets $0.29
StraussThePark: folds 
Uncalled bet ($0.29) returned to Ronn2014
Ronn2014 collected $0.29 from pot
Ronn2014: doesn't show hand 
*** SUMMARY ***
Total pot $0.30 | Rake $0.01 
Board [Ts 7h Ks 3s]
Seat 1: METADONIUS folded before Flop (didn't bet)
Seat 3: Dorex2007 folded before Flop (didn't bet)
Seat 4: Ronn2014 collected ($0.29)
Seat 6: Nankees folded before Flop (didn't bet)
Seat 7: Santana Carlos (button) folded before Flop (didn't bet)
Seat 8: StraussThePark (small blind) folded on the Turn
Seat 9: Ciklmira (big blind) folded on the Flop



PokerStars Hand #229767646540:  Hold'em No Limit ($0.01/$0.02 USD) - 2021/09/11 9:18:26 PT [2021/09/11 12:18:26 ET]
Table 'Constantia III' 9-max Seat #8 is the button
Seat 1: METADONIUS ($1.24 in chips) 
Seat 3: Dorex2007 ($2.17 in chips) 
Seat 4: Ronn2014 ($1.03 in chips) 
Seat 6: Nankees ($3.23 in chips) 
Seat 7: Santana Carlos ($2.02 in chips) 
Seat 8: StraussThePark ($1.42 in chips) 
Seat 9: Ciklmira ($1.34 in chips) 
Ciklmira: posts small blind $0.01
METADONIUS: posts big blind $0.02
*** HOLE CARDS ***
Dealt to Dorex2007 [5s 8s]
Dorex2007: folds 
Ronn2014: calls $0.02
Nankees: folds 
Santana Carlos: folds 
StraussThePark: folds 
Ciklmira: folds 
METADONIUS: checks 
*** FLOP *** [3s 2s 7s]
METADONIUS: checks 
Ronn2014: bets $0.05
METADONIUS: calls $0.05
*** TURN *** [3s 2s 7s] [Qh]
METADONIUS: checks 
Ronn2014: checks 
*** RIVER *** [3s 2s 7s Qh] [2h]
METADONIUS: checks 
Ronn2014: bets $0.14
METADONIUS: folds 
Uncalled bet ($0.14) returned to Ronn2014
Ronn2014 collected $0.14 from pot
Ronn2014: doesn't show hand 
*** SUMMARY ***
Total pot $0.15 | Rake $0.01 
Board [3s 2s 7s Qh 2h]
Seat 1: METADONIUS (big blind) folded on the River
Seat 3: Dorex2007 folded before Flop (didn't bet)
Seat 4: Ronn2014 collected ($0.14)
Seat 6: Nankees folded before Flop (didn't bet)
Seat 7: Santana Carlos folded before Flop (didn't bet)
Seat 8: StraussThePark (button) folded before Flop (didn't bet)
Seat 9: Ciklmira (small blind) folded before Flop



PokerStars Hand #229767687033:  Hold'em No Limit ($0.01/$0.02 USD) - 2021/09/11 9:19:45 PT [2021/09/11 12:19:45 ET]
Table 'Constantia III' 9-max Seat #9 is the button
Seat 1: METADONIUS ($1.17 in chips) 
Seat 3: Dorex2007 ($2.17 in chips) 
Seat 4: Ronn2014 ($1.10 in chips) 
Seat 6: Nankees ($3.23 in chips) 
Seat 7: Santana Carlos ($2.02 in chips) 
Seat 8: StraussThePark ($1.42 in chips) 
Seat 9: Ciklmira ($1.33 in chips) 
METADONIUS: posts small blind $0.01
Dorex2007: posts big blind $0.02
*** HOLE CARDS ***
Dealt to Dorex2007 [5d Qc]
Ronn2014: raises $0.04 to $0.06
Nankees: folds 
Santana Carlos: folds 
StraussThePark: folds 
Ciklmira: folds 
METADONIUS: folds 
Dorex2007: folds 
Uncalled bet ($0.04) returned to Ronn2014
Ronn2014 collected $0.05 from pot
Ronn2014: doesn't show hand 
*** SUMMARY ***
Total pot $0.05 | Rake $0 
Seat 1: METADONIUS (small blind) folded before Flop
Seat 3: Dorex2007 (big blind) folded before Flop
Seat 4: Ronn2014 collected ($0.05)
Seat 6: Nankees folded before Flop (didn't bet)
Seat 7: Santana Carlos folded before Flop (didn't bet)
Seat 8: StraussThePark folded before Flop (didn't bet)
Seat 9: Ciklmira (button) folded before Flop (didn't bet)



PokerStars Hand #229767699410:  Hold'em No Limit ($0.01/$0.02 USD) - 2021/09/11 9:20:16 PT [2021/09/11 12:20:16 ET]
Table 'Constantia III' 9-max Seat #1 is the button
Seat 1: METADONIUS ($1.16 in chips) 
Seat 3: Dorex2007 ($2.15 in chips) 
Seat 4: Ronn2014 ($1.13 in chips) 
Seat 6: Nankees ($3.23 in chips) 
Seat 7: Santana Carlos ($2.02 in chips) 
Seat 8: StraussThePark ($1.42 in chips) 
Seat 9: Ciklmira ($1.33 in chips) 
Dorex2007: posts small blind $0.01
Ronn2014: posts big blind $0.02
*** HOLE CARDS ***
Dealt to Dorex2007 [9h 6h]
Nankees: folds 
Santana Carlos: folds 
StraussThePark: raises $0.04 to $0.06
Ciklmira: folds 
METADONIUS: folds 
Dorex2007: folds 
Ronn2014: folds 
Uncalled bet ($0.04) returned to StraussThePark
StraussThePark collected $0.05 from pot
StraussThePark: doesn't show hand 
*** SUMMARY ***
Total pot $0.05 | Rake $0 
Seat 1: METADONIUS (button) folded before Flop (didn't bet)
Seat 3: Dorex2007 (small blind) folded before Flop
Seat 4: Ronn2014 (big blind) folded before Flop
Seat 6: Nankees folded before Flop (didn't bet)
Seat 7: Santana Carlos folded before Flop (didn't bet)
Seat 8: StraussThePark collected ($0.05)
Seat 9: Ciklmira folded before Flop (didn't bet)



PokerStars Hand #229767709807:  Hold'em No Limit ($0.01/$0.02 USD) - 2021/09/11 9:20:42 PT [2021/09/11 12:20:42 ET]
Table 'Constantia III' 9-max Seat #3 is the button
Seat 1: METADONIUS ($1.16 in chips) 
Seat 3: Dorex2007 ($2.14 in chips) 
Seat 4: Ronn2014 ($1.11 in chips) 
Seat 6: Nankees ($3.23 in chips) 
Seat 7: Santana Carlos ($2.02 in chips) 
Seat 8: StraussThePark ($1.45 in chips) 
Seat 9: Ciklmira ($1.33 in chips) 
Ronn2014: posts small blind $0.01
Nankees: posts big blind $0.02
*** HOLE CARDS ***
Dealt to Dorex2007 [9s Qc]
Santana Carlos: folds 
StraussThePark: folds 
Ciklmira: folds 
METADONIUS: folds 
Dorex2007: raises $0.02 to $0.04
Ronn2014: folds 
Nankees: folds 
Uncalled bet ($0.02) returned to Dorex2007
Dorex2007 collected $0.05 from pot
Dorex2007: doesn't show hand 
*** SUMMARY ***
Total pot $0.05 | Rake $0 
Seat 1: METADONIUS folded before Flop (didn't bet)
Seat 3: Dorex2007 (button) collected ($0.05)
Seat 4: Ronn2014 (small blind) folded before Flop
Seat 6: Nankees (big blind) folded before Flop
Seat 7: Santana Carlos folded before Flop (didn't bet)
Seat 8: StraussThePark folded before Flop (didn't bet)
Seat 9: Ciklmira folded before Flop (didn't bet)



PokerStars Hand #229767719575:  Hold'em No Limit ($0.01/$0.02 USD) - 2021/09/11 9:21:07 PT [2021/09/11 12:21:07 ET]
Table 'Constantia III' 9-max Seat #4 is the button
Seat 1: METADONIUS ($1.16 in chips) 
Seat 3: Dorex2007 ($2.17 in chips) 
Seat 4: Ronn2014 ($1.10 in chips) 
Seat 6: Nankees ($3.21 in chips) 
Seat 7: Santana Carlos ($2.02 in chips) 
Seat 8: StraussThePark ($1.45 in chips) 
Seat 9: Ciklmira ($1.33 in chips) 
Nankees: posts small blind $0.01
Santana Carlos: posts big blind $0.02
*** HOLE CARDS ***
Dealt to Dorex2007 [Ts 8c]
StraussThePark: folds 
Ciklmira: folds 
METADONIUS: calls $0.02
Dorex2007: folds 
Ronn2014: folds 
Nankees: folds 
Santana Carlos: checks 
*** FLOP *** [Ad 7s Td]
Santana Carlos: checks 
METADONIUS: checks 
*** TURN *** [Ad 7s Td] [8h]
Santana Carlos: checks 
METADONIUS: bets $0.06
Santana Carlos: folds 
Uncalled bet ($0.06) returned to METADONIUS
METADONIUS collected $0.05 from pot
METADONIUS: doesn't show hand 
*** SUMMARY ***
Total pot $0.05 | Rake $0 
Board [Ad 7s Td 8h]
Seat 1: METADONIUS collected ($0.05)
Seat 3: Dorex2007 folded before Flop (didn't bet)
Seat 4: Ronn2014 (button) folded before Flop (didn't bet)
Seat 6: Nankees (small blind) folded before Flop
Seat 7: Santana Carlos (big blind) folded on the Turn
Seat 8: StraussThePark folded before Flop (didn't bet)
Seat 9: Ciklmira folded before Flop (didn't bet)



PokerStars Hand #229767735665:  Hold'em No Limit ($0.01/$0.02 USD) - 2021/09/11 9:21:47 PT [2021/09/11 12:21:47 ET]
Table 'Constantia III' 9-max Seat #6 is the button
Seat 1: METADONIUS ($1.19 in chips) 
Seat 3: Dorex2007 ($2.17 in chips) 
Seat 4: Ronn2014 ($1.10 in chips) 
Seat 6: Nankees ($3.20 in chips) 
Seat 7: Santana Carlos ($2 in chips) 
Seat 8: StraussThePark ($1.45 in chips) 
Seat 9: Ciklmira ($1.33 in chips) 
Santana Carlos: posts small blind $0.01
StraussThePark: posts big blind $0.02
*** HOLE CARDS ***
Dealt to Dorex2007 [Jh 6d]
Ciklmira: folds 
METADONIUS: folds 
Dorex2007: folds 
Ronn2014: folds 
Nankees: folds 
Santana Carlos: calls $0.01
StraussThePark: checks 
*** FLOP *** [5d As 3c]
Santana Carlos: checks 
StraussThePark: bets $0.04
Santana Carlos: calls $0.04
*** TURN *** [5d As 3c] [9s]
Santana Carlos: checks 
StraussThePark: checks 
*** RIVER *** [5d As 3c 9s] [2s]
Santana Carlos: bets $0.06
StraussThePark: calls $0.06
*** SHOW DOWN ***
Santana Carlos: shows [4d 3d] (a straight, Ace to Five)
StraussThePark: mucks hand 
Santana Carlos collected $0.23 from pot
*** SUMMARY ***
Total pot $0.24 | Rake $0.01 
Board [5d As 3c 9s 2s]
Seat 1: METADONIUS folded before Flop (didn't bet)
Seat 3: Dorex2007 folded before Flop (didn't bet)
Seat 4: Ronn2014 folded before Flop (didn't bet)
Seat 6: Nankees (button) folded before Flop (didn't bet)
Seat 7: Santana Carlos (small blind) showed [4d 3d] and won ($0.23) with a straight, Ace to Five
Seat 8: StraussThePark (big blind) mucked [6s 6h]
Seat 9: Ciklmira folded before Flop (didn't bet)



PokerStars Hand #229767760782:  Hold'em No Limit ($0.01/$0.02 USD) - 2021/09/11 9:22:51 PT [2021/09/11 12:22:51 ET]
Table 'Constantia III' 9-max Seat #7 is the button
Seat 1: METADONIUS ($1.19 in chips) 
Seat 3: Dorex2007 ($2.17 in chips) 
Seat 4: Ronn2014 ($1.10 in chips) 
Seat 6: Nankees ($3.20 in chips) 
Seat 7: Santana Carlos ($2.11 in chips) 
Seat 8: StraussThePark ($1.33 in chips) 
Seat 9: Ciklmira ($1.33 in chips) 
StraussThePark: posts small blind $0.01
Ciklmira: posts big blind $0.02
*** HOLE CARDS ***
Dealt to Dorex2007 [Ts Ac]
METADONIUS: folds 
Dorex2007: raises $0.04 to $0.06
Ronn2014: folds 
Nankees: folds 
Santana Carlos: folds 
StraussThePark: folds 
Ciklmira: calls $0.04
*** FLOP *** [Js 2d Kd]
Ciklmira: checks 
Dorex2007: bets $0.09
Ciklmira: folds 
Uncalled bet ($0.09) returned to Dorex2007
Dorex2007 collected $0.13 from pot
Dorex2007: doesn't show hand 
*** SUMMARY ***
Total pot $0.13 | Rake $0 
Board [Js 2d Kd]
Seat 1: METADONIUS folded before Flop (didn't bet)
Seat 3: Dorex2007 collected ($0.13)
Seat 4: Ronn2014 folded before Flop (didn't bet)
Seat 6: Nankees folded before Flop (didn't bet)
Seat 7: Santana Carlos (button) folded before Flop (didn't bet)
Seat 8: StraussThePark (small blind) folded before Flop
Seat 9: Ciklmira (big blind) folded on the Flop



PokerStars Hand #229767783842:  Hold'em No Limit ($0.01/$0.02 USD) - 2021/09/11 9:23:36 PT [2021/09/11 12:23:36 ET]
Table 'Constantia III' 9-max Seat #8 is the button
Seat 1: METADONIUS ($1.19 in chips) 
Seat 3: Dorex2007 ($2.24 in chips) 
Seat 4: Ronn2014 ($1.10 in chips) 
Seat 6: Nankees ($3.20 in chips) 
Seat 7: Santana Carlos ($2.11 in chips) 
Seat 8: StraussThePark ($1.32 in chips) 
Seat 9: Ciklmira ($1.27 in chips) 
Ciklmira: posts small blind $0.01
METADONIUS: posts big blind $0.02
*** HOLE CARDS ***
Dealt to Dorex2007 [Qc 9h]
Dorex2007: folds 
Ronn2014: folds 
Nankees: folds 
Santana Carlos: folds 
StraussThePark: folds 
Ciklmira: raises $0.04 to $0.06
METADONIUS: folds 
Uncalled bet ($0.04) returned to Ciklmira
Ciklmira collected $0.04 from pot
Ciklmira: doesn't show hand 
*** SUMMARY ***
Total pot $0.04 | Rake $0 
Seat 1: METADONIUS (big blind) folded before Flop
Seat 3: Dorex2007 folded before Flop (didn't bet)
Seat 4: Ronn2014 folded before Flop (didn't bet)
Seat 6: Nankees folded before Flop (didn't bet)
Seat 7: Santana Carlos folded before Flop (didn't bet)
Seat 8: StraussThePark (button) folded before Flop (didn't bet)
Seat 9: Ciklmira (small blind) collected ($0.04)



PokerStars Hand #229767793924:  Hold'em No Limit ($0.01/$0.02 USD) - 2021/09/11 9:24:01 PT [2021/09/11 12:24:01 ET]
Table 'Constantia III' 9-max Seat #9 is the button
Seat 1: METADONIUS ($1.17 in chips) 
Seat 3: Dorex2007 ($2.24 in chips) 
Seat 4: Ronn2014 ($1.10 in chips) 
Seat 6: Nankees ($3.20 in chips) 
Seat 7: Santana Carlos ($2.11 in chips) 
Seat 8: StraussThePark ($1.32 in chips) 
Seat 9: Ciklmira ($1.29 in chips) 
METADONIUS: posts small blind $0.01
Dorex2007: posts big blind $0.02
*** HOLE CARDS ***
Dealt to Dorex2007 [8s 8c]
Ronn2014: folds 
Nankees: calls $0.02
Santana Carlos: folds 
StraussThePark: folds 
Ciklmira: raises $0.06 to $0.08
METADONIUS: folds 
Dorex2007: folds 
Nankees: calls $0.06
*** FLOP *** [Kc 5c 4h]
Nankees: checks 
Ciklmira: bets $0.09
Nankees: folds 
Uncalled bet ($0.09) returned to Ciklmira
Ciklmira collected $0.18 from pot
Ciklmira: doesn't show hand 
*** SUMMARY ***
Total pot $0.19 | Rake $0.01 
Board [Kc 5c 4h]
Seat 1: METADONIUS (small blind) folded before Flop
Seat 3: Dorex2007 (big blind) folded before Flop
Seat 4: Ronn2014 folded before Flop (didn't bet)
Seat 6: Nankees folded on the Flop
Seat 7: Santana Carlos folded before Flop (didn't bet)
Seat 8: StraussThePark folded before Flop (didn't bet)
Seat 9: Ciklmira (button) collected ($0.18)



PokerStars Hand #229767817390:  Hold'em No Limit ($0.01/$0.02 USD) - 2021/09/11 9:25:01 PT [2021/09/11 12:25:01 ET]
Table 'Constantia III' 9-max Seat #1 is the button
Seat 1: METADONIUS ($1.16 in chips) 
Seat 3: Dorex2007 ($2.22 in chips) 
Seat 4: Ronn2014 ($1.10 in chips) 
Seat 6: Nankees ($3.12 in chips) 
Seat 7: Santana Carlos ($2.11 in chips) 
Seat 8: StraussThePark ($1.32 in chips) 
Seat 9: Ciklmira ($1.39 in chips) 
Dorex2007: posts small blind $0.01
Ronn2014: posts big blind $0.02
*** HOLE CARDS ***
Dealt to Dorex2007 [7s Tc]
Nankees: folds 
Santana Carlos: folds 
StraussThePark: folds 
Ciklmira: folds 
METADONIUS: folds 
Dorex2007: folds 
Uncalled bet ($0.01) returned to Ronn2014
Ronn2014 collected $0.02 from pot
Ronn2014: doesn't show hand 
*** SUMMARY ***
Total pot $0.02 | Rake $0 
Seat 1: METADONIUS (button) folded before Flop (didn't bet)
Seat 3: Dorex2007 (small blind) folded before Flop
Seat 4: Ronn2014 (big blind) collected ($0.02)
Seat 6: Nankees folded before Flop (didn't bet)
Seat 7: Santana Carlos folded before Flop (didn't bet)
Seat 8: StraussThePark folded before Flop (didn't bet)
Seat 9: Ciklmira folded before Flop (didn't bet)



PokerStars Hand #229767827089:  Hold'em No Limit ($0.01/$0.02 USD) - 2021/09/11 9:25:25 PT [2021/09/11 12:25:25 ET]
Table 'Constantia III' 9-max Seat #3 is the button
Seat 1: METADONIUS ($1.16 in chips) 
Seat 3: Dorex2007 ($2.21 in chips) 
Seat 4: Ronn2014 ($1.11 in chips) 
Seat 6: Nankees ($3.12 in chips) 
Seat 7: Santana Carlos ($2.11 in chips) 
Seat 8: StraussThePark ($1.32 in chips) 
Seat 9: Ciklmira ($1.39 in chips) 
Ronn2014: posts small blind $0.01
Nankees: posts big blind $0.02
*** HOLE CARDS ***
Dealt to Dorex2007 [Qs Th]
Santana Carlos: folds 
StraussThePark: folds 
Ciklmira: folds 
METADONIUS: folds 
Dorex2007: raises $0.02 to $0.04
Ronn2014: folds 
Nankees: calls $0.02
*** FLOP *** [9s 8c 5h]
Nankees: checks 
Dorex2007: checks 
*** TURN *** [9s 8c 5h] [3s]
Mtosha leaves the table
Nankees: checks 
Dorex2007: bets $0.05
Nankees: calls $0.05
*** RIVER *** [9s 8c 5h 3s] [7c]
Nankees: checks 
Dorex2007: bets $0.18
Nankees: raises $0.27 to $0.45
Dorex2007: folds 
Uncalled bet ($0.27) returned to Nankees
Nankees collected $0.53 from pot
fjmuller leaves the table
Nankees: doesn't show hand 
*** SUMMARY ***
Total pot $0.55 | Rake $0.02 
Board [9s 8c 5h 3s 7c]
Seat 1: METADONIUS folded before Flop (didn't bet)
Seat 3: Dorex2007 (button) folded on the River
Seat 4: Ronn2014 (small blind) folded before Flop
Seat 6: Nankees (big blind) collected ($0.53)
Seat 7: Santana Carlos folded before Flop (didn't bet)
Seat 8: StraussThePark folded before Flop (didn't bet)
Seat 9: Ciklmira folded before Flop (didn't bet)



PokerStars Hand #229767862935:  Hold'em No Limit ($0.01/$0.02 USD) - 2021/09/11 9:26:32 PT [2021/09/11 12:26:32 ET]
Table 'Constantia III' 9-max Seat #4 is the button
Seat 1: METADONIUS ($1.16 in chips) 
Seat 3: Dorex2007 ($2 in chips) 
Seat 4: Ronn2014 ($1.10 in chips) 
Seat 6: Nankees ($3.38 in chips) 
Seat 7: Santana Carlos ($2.11 in chips) 
Seat 8: StraussThePark ($1.32 in chips) 
Seat 9: Ciklmira ($1.39 in chips) 
Nankees: posts small blind $0.01
Santana Carlos: posts big blind $0.02
*** HOLE CARDS ***
Dealt to Dorex2007 [5c 2s]
StraussThePark: folds 
Ciklmira: raises $0.04 to $0.06
METADONIUS: folds 
Dorex2007: folds 
Ronn2014: folds 
FijiKid420 joins the table at seat #2 
Nankees: folds 
Santana Carlos: calls $0.04
*** FLOP *** [4h 9h 6h]
Santana Carlos: checks 
Ciklmira: bets $0.07
Santana Carlos: calls $0.07
*** TURN *** [4h 9h 6h] [9d]
Santana Carlos: checks 
Ciklmira: bets $0.13
Santana Carlos: calls $0.13
*** RIVER *** [4h 9h 6h 9d] [Qc]
Santana Carlos: bets $0.26
Ciklmira: calls $0.26
*** SHOW DOWN ***
Santana Carlos: shows [6d 6s] (a full house, Sixes full of Nines)
Ciklmira: mucks hand 
Santana Carlos collected $1.01 from pot
*** SUMMARY ***
Total pot $1.05 | Rake $0.04 
Board [4h 9h 6h 9d Qc]
Seat 1: METADONIUS folded before Flop (didn't bet)
Seat 3: Dorex2007 folded before Flop (didn't bet)
Seat 4: Ronn2014 (button) folded before Flop (didn't bet)
Seat 6: Nankees (small blind) folded before Flop
Seat 7: Santana Carlos (big blind) showed [6d 6s] and won ($1.01) with a full house, Sixes full of Nines
Seat 8: StraussThePark folded before Flop (didn't bet)
Seat 9: Ciklmira mucked [Ad Qh]



PokerStars Hand #229767889401:  Hold'em No Limit ($0.01/$0.02 USD) - 2021/09/11 9:27:37 PT [2021/09/11 12:27:37 ET]
Table 'Constantia III' 9-max Seat #6 is the button
Seat 1: METADONIUS ($1.16 in chips) 
Seat 3: Dorex2007 ($2 in chips) 
Seat 4: Ronn2014 ($1.10 in chips) 
Seat 6: Nankees ($3.37 in chips) 
Seat 7: Santana Carlos ($2.60 in chips) 
Seat 8: StraussThePark ($1.32 in chips) 
Seat 9: Ciklmira ($0.87 in chips) 
Santana Carlos: posts small blind $0.01
StraussThePark: posts big blind $0.02
FijiKid420: sits out 
*** HOLE CARDS ***
Dealt to Dorex2007 [6c 7c]
Ciklmira: folds 
METADONIUS: calls $0.02
Dorex2007: calls $0.02
Ronn2014: folds 
Nankees: folds 
Santana Carlos: raises $0.08 to $0.10
vplay169 joins the table at seat #5 
StraussThePark: folds 
METADONIUS: folds 
Dorex2007: folds 
Uncalled bet ($0.08) returned to Santana Carlos
Santana Carlos collected $0.08 from pot
*** SUMMARY ***
Total pot $0.08 | Rake $0 
Seat 1: METADONIUS folded before Flop
Seat 3: Dorex2007 folded before Flop
Seat 4: Ronn2014 folded before Flop (didn't bet)
Seat 6: Nankees (button) folded before Flop (didn't bet)
Seat 7: Santana Carlos (small blind) collected ($0.08)
Seat 8: StraussThePark (big blind) folded before Flop
Seat 9: Ciklmira folded before Flop (didn't bet)



PokerStars Hand #229767902736:  Hold'em No Limit ($0.01/$0.02 USD) - 2021/09/11 9:28:10 PT [2021/09/11 12:28:10 ET]
Table 'Constantia III' 9-max Seat #7 is the button
Seat 1: METADONIUS ($1.14 in chips) 
Seat 3: Dorex2007 ($2 in chips) 
Seat 4: Ronn2014 ($1.10 in chips) 
Seat 5: vplay169 ($1.99 in chips) 
Seat 6: Nankees ($3.37 in chips) 
Seat 7: Santana Carlos ($2.66 in chips) 
Seat 8: StraussThePark ($1.30 in chips) 
Seat 9: Ciklmira ($0.87 in chips) 
StraussThePark: posts small blind $0.01
Ciklmira: posts big blind $0.02
FijiKid420: sits out 
vplay169: posts big blind $0.02
*** HOLE CARDS ***
Dealt to Dorex2007 [Ks 4h]
METADONIUS: folds 
Dorex2007: folds 
Ronn2014: raises $0.04 to $0.06
vplay169: calls $0.04
Nankees: folds 
Santana Carlos: folds 
StraussThePark: folds 
Ciklmira: folds 
*** FLOP *** [7h 7d Qd]
Ronn2014: bets $0.14
vplay169: calls $0.14
*** TURN *** [7h 7d Qd] [6h]
Ronn2014: bets $0.90 and is all-in
vplay169: folds 
Uncalled bet ($0.90) returned to Ronn2014
Ronn2014 collected $0.41 from pot
Ronn2014: doesn't show hand 
*** SUMMARY ***
Total pot $0.43 | Rake $0.02 
Board [7h 7d Qd 6h]
Seat 1: METADONIUS folded before Flop (didn't bet)
Seat 3: Dorex2007 folded before Flop (didn't bet)
Seat 4: Ronn2014 collected ($0.41)
Seat 5: vplay169 folded on the Turn
Seat 6: Nankees folded before Flop (didn't bet)
Seat 7: Santana Carlos (button) folded before Flop (didn't bet)
Seat 8: StraussThePark (small blind) folded before Flop
Seat 9: Ciklmira (big blind) folded before Flop



PokerStars Hand #229767923531:  Hold'em No Limit ($0.01/$0.02 USD) - 2021/09/11 9:29:00 PT [2021/09/11 12:29:00 ET]
Table 'Constantia III' 9-max Seat #8 is the button
Seat 1: METADONIUS ($1.14 in chips) 
Seat 3: Dorex2007 ($2 in chips) 
Seat 4: Ronn2014 ($1.31 in chips) 
Seat 5: vplay169 ($1.79 in chips) 
Seat 6: Nankees ($3.37 in chips) 
Seat 7: Santana Carlos ($2.66 in chips) 
Seat 8: StraussThePark ($1.29 in chips) 
Seat 9: Ciklmira ($0.85 in chips) 
Ciklmira: posts small blind $0.01
METADONIUS: posts big blind $0.02
FijiKid420: sits out 
*** HOLE CARDS ***
Dealt to Dorex2007 [8c 4c]
Dorex2007: folds 
Ronn2014: folds 
vplay169: calls $0.02
Ronn2014 leaves the table
Nankees: folds 
Santana Carlos: calls $0.02
StraussThePark: calls $0.02
Ciklmira: calls $0.01
METADONIUS: checks 
*** FLOP *** [Qd 8h 3h]
Ciklmira: checks 
METADONIUS: checks 
kenyStark joins the table at seat #4 
vplay169: checks 
Santana Carlos: bets $0.04
StraussThePark: folds 
Ciklmira: folds 
METADONIUS: calls $0.04
vplay169: calls $0.04
*** TURN *** [Qd 8h 3h] [Jd]
METADONIUS: checks 
vplay169: checks 
Santana Carlos: bets $0.11
METADONIUS: folds 
vplay169: calls $0.11
*** RIVER *** [Qd 8h 3h Jd] [Ac]
vplay169: checks 
Santana Carlos: bets $0.21
vplay169: folds 
Uncalled bet ($0.21) returned to Santana Carlos
Santana Carlos collected $0.42 from pot
*** SUMMARY ***
Total pot $0.44 | Rake $0.02 
Board [Qd 8h 3h Jd Ac]
Seat 1: METADONIUS (big blind) folded on the Turn
Seat 3: Dorex2007 folded before Flop (didn't bet)
Seat 4: Ronn2014 folded before Flop (didn't bet)
Seat 5: vplay169 folded on the River
Seat 6: Nankees folded before Flop (didn't bet)
Seat 7: Santana Carlos collected ($0.42)
Seat 8: StraussThePark (button) folded on the Flop
Seat 9: Ciklmira (small blind) folded on the Flop



PokerStars Hand #229767957414:  Hold'em No Limit ($0.01/$0.02 USD) - 2021/09/11 9:30:23 PT [2021/09/11 12:30:23 ET]
Table 'Constantia III' 9-max Seat #9 is the button
Seat 1: METADONIUS ($1.08 in chips) 
Seat 2: FijiKid420 ($1.60 in chips) 
Seat 3: Dorex2007 ($2 in chips) 
Seat 5: vplay169 ($1.62 in chips) 
Seat 6: Nankees ($3.37 in chips) 
Seat 7: Santana Carlos ($2.91 in chips) 
Seat 8: StraussThePark ($1.27 in chips) 
Seat 9: Ciklmira ($0.83 in chips) 
METADONIUS: posts small blind $0.01
FijiKid420: posts big blind $0.02
kenyStark: sits out 
*** HOLE CARDS ***
Dealt to Dorex2007 [9c 9h]
Dorex2007: raises $0.02 to $0.04
vplay169: calls $0.04
Nankees: folds 
Santana Carlos: calls $0.04
StraussThePark: folds 
Ciklmira: folds 
METADONIUS: calls $0.03
FijiKid420: calls $0.02
*** FLOP *** [Jd Qh 9d]
METADONIUS: checks 
FijiKid420: checks 
Dorex2007: bets $1.96 and is all-in
vplay169: folds 
Santana Carlos: folds 
METADONIUS: folds 
FijiKid420: folds 
Uncalled bet ($1.96) returned to Dorex2007
Dorex2007 collected $0.19 from pot
Dorex2007: doesn't show hand 
*** SUMMARY ***
Total pot $0.20 | Rake $0.01 
Board [Jd Qh 9d]
Seat 1: METADONIUS (small blind) folded on the Flop
Seat 2: FijiKid420 (big blind) folded on the Flop
Seat 3: Dorex2007 collected ($0.19)
Seat 5: vplay169 folded on the Flop
Seat 6: Nankees folded before Flop (didn't bet)
Seat 7: Santana Carlos folded on the Flop
Seat 8: StraussThePark folded before Flop (didn't bet)
Seat 9: Ciklmira (button) folded before Flop (didn't bet)



PokerStars Hand #229767978525:  Hold'em No Limit ($0.01/$0.02 USD) - 2021/09/11 9:31:13 PT [2021/09/11 12:31:13 ET]
Table 'Constantia III' 9-max Seat #1 is the button
Seat 1: METADONIUS ($1.04 in chips) 
Seat 2: FijiKid420 ($1.56 in chips) 
Seat 3: Dorex2007 ($2.15 in chips) 
Seat 5: vplay169 ($1.58 in chips) 
Seat 6: Nankees ($3.37 in chips) 
Seat 7: Santana Carlos ($2.87 in chips) 
Seat 8: StraussThePark ($1.27 in chips) 
Seat 9: Ciklmira ($0.83 in chips) 
FijiKid420: posts small blind $0.01
Dorex2007: posts big blind $0.02
kenyStark: sits out 
*** HOLE CARDS ***
Dealt to Dorex2007 [Qh Qs]
vplay169: calls $0.02
Nankees: folds 
Santana Carlos: calls $0.02
StraussThePark: folds 
Ciklmira: folds 
METADONIUS: calls $0.02
FijiKid420: calls $0.01
Dorex2007: raises $0.16 to $0.18
vplay169: calls $0.16
Santana Carlos: folds 
METADONIUS: folds 
FijiKid420: folds 
*** FLOP *** [6h 4h 4d]
Dorex2007: bets $0.41
vplay169: folds 
Uncalled bet ($0.41) returned to Dorex2007
Dorex2007 collected $0.41 from pot
Dorex2007: doesn't show hand 
*** SUMMARY ***
Total pot $0.42 | Rake $0.01 
Board [6h 4h 4d]
Seat 1: METADONIUS (button) folded before Flop
Seat 2: FijiKid420 (small blind) folded before Flop
Seat 3: Dorex2007 (big blind) collected ($0.41)
Seat 5: vplay169 folded on the Flop
Seat 6: Nankees folded before Flop (didn't bet)
Seat 7: Santana Carlos folded before Flop
Seat 8: StraussThePark folded before Flop (didn't bet)
Seat 9: Ciklmira folded before Flop (didn't bet)



PokerStars Hand #229768001810:  Hold'em No Limit ($0.01/$0.02 USD) - 2021/09/11 9:32:08 PT [2021/09/11 12:32:08 ET]
Table 'Constantia III' 9-max Seat #2 is the button
Seat 1: METADONIUS ($1.02 in chips) 
Seat 2: FijiKid420 ($1.54 in chips) 
Seat 3: Dorex2007 ($2.38 in chips) 
Seat 4: kenyStark ($2 in chips) 
Seat 5: vplay169 ($1.40 in chips) 
Seat 6: Nankees ($3.37 in chips) 
Seat 7: Santana Carlos ($2.85 in chips) 
Seat 8: StraussThePark ($1.27 in chips) 
Seat 9: Ciklmira ($0.83 in chips) 
Dorex2007: posts small blind $0.01
kenyStark: posts big blind $0.02
*** HOLE CARDS ***
Dealt to Dorex2007 [As Kh]
vplay169: raises $0.02 to $0.04
Nankees: folds 
Santana Carlos: folds 
StraussThePark: folds 
Ciklmira: folds 
METADONIUS: calls $0.04
FijiKid420: calls $0.04
Dorex2007: calls $0.03
kenyStark: raises $1.96 to $2 and is all-in
vplay169: folds 
METADONIUS: folds 
FijiKid420: folds 
Dorex2007: folds 
Uncalled bet ($1.96) returned to kenyStark
kenyStark collected $0.20 from pot
kenyStark: doesn't show hand 
*** SUMMARY ***
Total pot $0.20 | Rake $0 
Seat 1: METADONIUS folded before Flop
Seat 2: FijiKid420 (button) folded before Flop
Seat 3: Dorex2007 (small blind) folded before Flop
Seat 4: kenyStark (big blind) collected ($0.20)
Seat 5: vplay169 folded before Flop
Seat 6: Nankees folded before Flop (didn't bet)
Seat 7: Santana Carlos folded before Flop (didn't bet)
Seat 8: StraussThePark folded before Flop (didn't bet)
Seat 9: Ciklmira folded before Flop (didn't bet)



PokerStars Hand #229768015933:  Hold'em No Limit ($0.01/$0.02 USD) - 2021/09/11 9:32:42 PT [2021/09/11 12:32:42 ET]
Table 'Constantia III' 9-max Seat #3 is the button
Seat 1: METADONIUS ($0.98 in chips) 
Seat 3: Dorex2007 ($2.34 in chips) 
Seat 4: kenyStark ($2.16 in chips) 
Seat 5: vplay169 ($1.36 in chips) 
Seat 6: Nankees ($3.37 in chips) 
Seat 7: Santana Carlos ($2.85 in chips) 
Seat 8: StraussThePark ($1.27 in chips) 
Seat 9: Ciklmira ($0.83 in chips) 
kenyStark: posts small blind $0.01
vplay169: posts big blind $0.02
*** HOLE CARDS ***
Dealt to Dorex2007 [8h Jh]
Nankees: folds 
Santana Carlos: folds 
StraussThePark: folds 
Ciklmira has timed out
Ciklmira: folds 
METADONIUS: raises $0.04 to $0.06
Dorex2007: folds 
kenyStark: folds 
vplay169: calls $0.04
*** FLOP *** [9h 5d 8c]
vplay169: checks 
METADONIUS: checks 
*** TURN *** [9h 5d 8c] [Js]
vplay169: bets $0.06
METADONIUS: calls $0.06
*** RIVER *** [9h 5d 8c Js] [2h]
vplay169: checks 
METADONIUS: checks 
*** SHOW DOWN ***
vplay169: shows [9s Ah] (a pair of Nines)
METADONIUS: mucks hand 
vplay169 collected $0.24 from pot
*** SUMMARY ***
Total pot $0.25 | Rake $0.01 
Board [9h 5d 8c Js 2h]
Seat 1: METADONIUS mucked [Ad Kd]
Seat 3: Dorex2007 (button) folded before Flop (didn't bet)
Seat 4: kenyStark (small blind) folded before Flop
Seat 5: vplay169 (big blind) showed [9s Ah] and won ($0.24) with a pair of Nines
Seat 6: Nankees folded before Flop (didn't bet)
Seat 7: Santana Carlos folded before Flop (didn't bet)
Seat 8: StraussThePark folded before Flop (didn't bet)
Seat 9: Ciklmira folded before Flop (didn't bet)



PokerStars Hand #229768041058:  Hold'em No Limit ($0.01/$0.02 USD) - 2021/09/11 9:33:41 PT [2021/09/11 12:33:41 ET]
Table 'Constantia III' 9-max Seat #4 is the button
Seat 1: METADONIUS ($0.86 in chips) 
Seat 3: Dorex2007 ($2.34 in chips) 
Seat 4: kenyStark ($2.15 in chips) 
Seat 5: vplay169 ($1.48 in chips) 
Seat 6: Nankees ($3.37 in chips) 
Seat 7: Santana Carlos ($2.85 in chips) 
Seat 8: StraussThePark ($1.27 in chips) 
Seat 9: Ciklmira ($0.83 in chips) 
vplay169: posts small blind $0.01
Nankees: posts big blind $0.02
*** HOLE CARDS ***
Dealt to Dorex2007 [5d 9h]
Santana Carlos: calls $0.02
StraussThePark: folds 
Ciklmira: calls $0.02
METADONIUS: calls $0.02
Dorex2007: folds 
kenyStark: calls $0.02
vplay169: calls $0.01
Nankees: checks 
*** FLOP *** [Tc 9d 3h]
vplay169: bets $0.02
Nankees: folds 
Santana Carlos: calls $0.02
Ciklmira: calls $0.02
METADONIUS: calls $0.02
kenyStark: calls $0.02
*** TURN *** [Tc 9d 3h] [Qs]
vplay169: bets $0.02
Santana Carlos: calls $0.02
Ciklmira: folds 
METADONIUS: calls $0.02
kenyStark: calls $0.02
*** RIVER *** [Tc 9d 3h Qs] [2s]
vplay169: bets $0.14
Santana Carlos: folds 
METADONIUS: folds 
kenyStark: folds 
Uncalled bet ($0.14) returned to vplay169
vplay169 collected $0.29 from pot
vplay169: doesn't show hand 
*** SUMMARY ***
Total pot $0.30 | Rake $0.01 
Board [Tc 9d 3h Qs 2s]
Seat 1: METADONIUS folded on the River
Seat 3: Dorex2007 folded before Flop (didn't bet)
Seat 4: kenyStark (button) folded on the River
Seat 5: vplay169 (small blind) collected ($0.29)
Seat 6: Nankees (big blind) folded on the Flop
Seat 7: Santana Carlos folded on the River
Seat 8: StraussThePark folded before Flop (didn't bet)
Seat 9: Ciklmira folded on the Turn



PokerStars Hand #229768076360:  Hold'em No Limit ($0.01/$0.02 USD) - 2021/09/11 9:35:04 PT [2021/09/11 12:35:04 ET]
Table 'Constantia III' 9-max Seat #5 is the button
Seat 1: METADONIUS ($0.80 in chips) 
Seat 3: Dorex2007 ($2.34 in chips) 
Seat 4: kenyStark ($2.09 in chips) 
Seat 5: vplay169 ($1.71 in chips) 
Seat 6: Nankees ($3.35 in chips) 
Seat 7: Santana Carlos ($2.79 in chips) 
Seat 8: StraussThePark ($1.27 in chips) 
Seat 9: Ciklmira ($0.79 in chips) 
Nankees: posts small blind $0.01
Santana Carlos: posts big blind $0.02
*** HOLE CARDS ***
Dealt to Dorex2007 [As Ah]
StraussThePark: calls $0.02
Ciklmira: folds 
METADONIUS: calls $0.02
Dorex2007: raises $0.06 to $0.08
kenyStark: folds 
vplay169: calls $0.08
Nankees: folds 
Santana Carlos: folds 
StraussThePark: calls $0.06
METADONIUS: folds 
*** FLOP *** [Kh 7h 2c]
StraussThePark: bets $0.08
Dorex2007: raises $0.08 to $0.16
vplay169: folds 
StraussThePark: raises $0.08 to $0.24
Dorex2007: raises $2.02 to $2.26 and is all-in
StraussThePark: folds 
Uncalled bet ($2.02) returned to Dorex2007
Dorex2007 collected $0.74 from pot
Dorex2007: doesn't show hand 
*** SUMMARY ***
Total pot $0.77 | Rake $0.03 
Board [Kh 7h 2c]
Seat 1: METADONIUS folded before Flop
Seat 3: Dorex2007 collected ($0.74)
Seat 4: kenyStark folded before Flop (didn't bet)
Seat 5: vplay169 (button) folded on the Flop
Seat 6: Nankees (small blind) folded before Flop
Seat 7: Santana Carlos (big blind) folded before Flop
Seat 8: StraussThePark folded on the Flop
Seat 9: Ciklmira folded before Flop (didn't bet)



PokerStars Hand #229768108007:  Hold'em No Limit ($0.01/$0.02 USD) - 2021/09/11 9:36:19 PT [2021/09/11 12:36:19 ET]
Table 'Constantia III' 9-max Seat #6 is the button
Seat 1: METADONIUS ($0.78 in chips) 
Seat 3: Dorex2007 ($2.76 in chips) 
Seat 4: kenyStark ($2.09 in chips) 
Seat 5: vplay169 ($1.63 in chips) 
Seat 6: Nankees ($3.34 in chips) 
Seat 7: Santana Carlos ($2.77 in chips) 
Seat 8: StraussThePark ($0.95 in chips) 
Seat 9: Ciklmira ($0.79 in chips) 
Santana Carlos: posts small blind $0.01
StraussThePark: posts big blind $0.02
*** HOLE CARDS ***
Dealt to Dorex2007 [5h Qd]
Ciklmira: folds 
METADONIUS: folds 
Dorex2007: folds 
kenyStark: folds 
vplay169: calls $0.02
Nankees: folds 
Santana Carlos: folds 
StraussThePark: checks 
*** FLOP *** [Qs Kh 8h]
StraussThePark: bets $0.05
vplay169: calls $0.05
*** TURN *** [Qs Kh 8h] [5c]
StraussThePark: checks 
vplay169: checks 
*** RIVER *** [Qs Kh 8h 5c] [As]
StraussThePark: checks 
vplay169: checks 
*** SHOW DOWN ***
StraussThePark: shows [3h Qh] (a pair of Queens)
vplay169: mucks hand 
StraussThePark collected $0.14 from pot
*** SUMMARY ***
Total pot $0.15 | Rake $0.01 
Board [Qs Kh 8h 5c As]
Seat 1: METADONIUS folded before Flop (didn't bet)
Seat 3: Dorex2007 folded before Flop (didn't bet)
Seat 4: kenyStark folded before Flop (didn't bet)
Seat 5: vplay169 mucked [6s 5s]
Seat 6: Nankees (button) folded before Flop (didn't bet)
Seat 7: Santana Carlos (small blind) folded before Flop
Seat 8: StraussThePark (big blind) showed [3h Qh] and won ($0.14) with a pair of Queens
Seat 9: Ciklmira folded before Flop (didn't bet)



PokerStars Hand #229768155741:  Hold'em No Limit ($0.01/$0.02 USD) - 2021/09/11 9:38:11 PT [2021/09/11 12:38:11 ET]
Table 'Constantia III' 9-max Seat #8 is the button
Seat 1: METADONIUS ($0.78 in chips) 
Seat 2: FijiKid420 ($1.50 in chips) 
Seat 3: Dorex2007 ($2.76 in chips) 
Seat 4: kenyStark ($3.65 in chips) 
Seat 6: Nankees ($3.34 in chips) 
Seat 7: Santana Carlos ($2.74 in chips) 
Seat 8: StraussThePark ($1.01 in chips) 
Seat 9: Ciklmira ($0.71 in chips) 
Ciklmira: posts small blind $0.01
METADONIUS: posts big blind $0.02
*** HOLE CARDS ***
Dealt to Dorex2007 [Ad 9d]
FijiKid420: folds 
Dorex2007: raises $0.04 to $0.06
kenyStark: folds 
Nankees: folds 
Santana Carlos: folds 
StraussThePark: folds 
Ciklmira: folds 
METADONIUS: folds 
Uncalled bet ($0.04) returned to Dorex2007
Dorex2007 collected $0.05 from pot
Dorex2007: doesn't show hand 
*** SUMMARY ***
Total pot $0.05 | Rake $0 
Seat 1: METADONIUS (big blind) folded before Flop
Seat 2: FijiKid420 folded before Flop (didn't bet)
Seat 3: Dorex2007 collected ($0.05)
Seat 4: kenyStark folded before Flop (didn't bet)
Seat 6: Nankees folded before Flop (didn't bet)
Seat 7: Santana Carlos folded before Flop (didn't bet)
Seat 8: StraussThePark (button) folded before Flop (didn't bet)
Seat 9: Ciklmira (small blind) folded before Flop



PokerStars Hand #229768166643:  Hold'em No Limit ($0.01/$0.02 USD) - 2021/09/11 9:38:37 PT [2021/09/11 12:38:37 ET]
Table 'Constantia III' 9-max Seat #9 is the button
Seat 1: METADONIUS ($0.76 in chips) 
Seat 2: FijiKid420 ($1.50 in chips) 
Seat 3: Dorex2007 ($2.79 in chips) 
Seat 4: kenyStark ($3.65 in chips) 
Seat 5: vplay169 ($2 in chips) 
Seat 6: Nankees ($3.34 in chips) 
Seat 7: Santana Carlos ($2.74 in chips) 
Seat 8: StraussThePark ($1.01 in chips) 
Seat 9: Ciklmira ($0.70 in chips) 
METADONIUS: posts small blind $0.01
FijiKid420: posts big blind $0.02
*** HOLE CARDS ***
Dealt to Dorex2007 [Ad Ks]
Dorex2007: raises $0.04 to $0.06
kenyStark: folds 
vplay169: calls $0.06
Nankees: folds 
Santana Carlos: folds 
StraussThePark: calls $0.06
Ciklmira: folds 
METADONIUS: folds 
FijiKid420: folds 
*** FLOP *** [8d 9d 4c]
Dorex2007: checks 
vplay169: checks 
StraussThePark: checks 
*** TURN *** [8d 9d 4c] [7s]
Dorex2007: bets $0.13
vplay169: calls $0.13
StraussThePark: folds 
*** RIVER *** [8d 9d 4c 7s] [6d]
Dorex2007: bets $0.45
vplay169: raises $0.45 to $0.90
Dorex2007: folds 
Uncalled bet ($0.45) returned to vplay169
vplay169 collected $1.32 from pot
vplay169: doesn't show hand 
*** SUMMARY ***
Total pot $1.37 | Rake $0.05 
Board [8d 9d 4c 7s 6d]
Seat 1: METADONIUS (small blind) folded before Flop
Seat 2: FijiKid420 (big blind) folded before Flop
Seat 3: Dorex2007 folded on the River
Seat 4: kenyStark folded before Flop (didn't bet)
Seat 5: vplay169 collected ($1.32)
Seat 6: Nankees folded before Flop (didn't bet)
Seat 7: Santana Carlos folded before Flop (didn't bet)
Seat 8: StraussThePark folded on the Turn
Seat 9: Ciklmira (button) folded before Flop (didn't bet)



PokerStars Hand #229768204267:  Hold'em No Limit ($0.01/$0.02 USD) - 2021/09/11 9:40:06 PT [2021/09/11 12:40:06 ET]
Table 'Constantia III' 9-max Seat #1 is the button
Seat 1: METADONIUS ($0.75 in chips) 
Seat 2: FijiKid420 ($1.48 in chips) 
Seat 3: Dorex2007 ($2.15 in chips) 
Seat 4: kenyStark ($3.65 in chips) 
Seat 5: vplay169 ($2.68 in chips) 
Seat 6: Nankees ($3.34 in chips) 
Seat 7: Santana Carlos ($2.74 in chips) 
Seat 8: StraussThePark ($0.95 in chips) 
Seat 9: Ciklmira ($0.70 in chips) 
FijiKid420: posts small blind $0.01
Dorex2007: posts big blind $0.02
*** HOLE CARDS ***
Dealt to Dorex2007 [6d Jh]
kenyStark: folds 
vplay169: calls $0.02
Nankees: folds 
Nankees leaves the table
Santana Carlos: calls $0.02
StraussThePark: folds 
Ciklmira: folds 
METADONIUS: calls $0.02
FijiKid420: calls $0.01
misscarrie16 joins the table at seat #6 
Dorex2007: checks 
*** FLOP *** [Qc 7h 8d]
FijiKid420: checks 
Dorex2007: checks 
vplay169: checks 
Santana Carlos: checks 
METADONIUS: checks 
*** TURN *** [Qc 7h 8d] [Qd]
FijiKid420: checks 
Dorex2007: checks 
vplay169: checks 
Santana Carlos: checks 
METADONIUS: checks 
*** RIVER *** [Qc 7h 8d Qd] [Tc]
FijiKid420: checks 
Dorex2007: checks 
vplay169: bets $0.28
Santana Carlos: folds 
METADONIUS: folds 
FijiKid420: folds 
Dorex2007: folds 
Uncalled bet ($0.28) returned to vplay169
vplay169 collected $0.10 from pot
vplay169: doesn't show hand 
*** SUMMARY ***
Total pot $0.10 | Rake $0 
Board [Qc 7h 8d Qd Tc]
Seat 1: METADONIUS (button) folded on the River
Seat 2: FijiKid420 (small blind) folded on the River
Seat 3: Dorex2007 (big blind) folded on the River
Seat 4: kenyStark folded before Flop (didn't bet)
Seat 5: vplay169 collected ($0.10)
Seat 6: Nankees folded before Flop (didn't bet)
Seat 7: Santana Carlos folded on the River
Seat 8: StraussThePark folded before Flop (didn't bet)
Seat 9: Ciklmira folded before Flop (didn't bet)



PokerStars Hand #229768241443:  Hold'em No Limit ($0.01/$0.02 USD) - 2021/09/11 9:41:34 PT [2021/09/11 12:41:34 ET]
Table 'Constantia III' 9-max Seat #2 is the button
Seat 1: METADONIUS ($0.73 in chips) 
Seat 2: FijiKid420 ($1.46 in chips) 
Seat 3: Dorex2007 ($2.13 in chips) 
Seat 4: kenyStark ($3.65 in chips) 
Seat 5: vplay169 ($2.76 in chips) 
Seat 7: Santana Carlos ($2.72 in chips) 
Seat 8: StraussThePark ($0.95 in chips) 
Seat 9: Ciklmira ($0.70 in chips) 
Dorex2007: posts small blind $0.01
kenyStark: posts big blind $0.02
misscarrie16: sits out 
*** HOLE CARDS ***
Dealt to Dorex2007 [Qh Jh]
vplay169: calls $0.02
Santana Carlos: raises $0.07 to $0.09
StraussThePark: folds 
Ciklmira: folds 
METADONIUS: calls $0.09
FijiKid420: folds 
Dorex2007: folds 
kenyStark: folds 
vplay169: calls $0.07
*** FLOP *** [9d 8h 7c]
vplay169: checks 
Santana Carlos: checks 
METADONIUS: checks 
*** TURN *** [9d 8h 7c] [4d]
vplay169: checks 
Santana Carlos: checks 
METADONIUS: bets $0.08
vplay169: calls $0.08
Santana Carlos: calls $0.08
*** RIVER *** [9d 8h 7c 4d] [3h]
vplay169: checks 
Santana Carlos: checks 
METADONIUS: bets $0.10
vplay169: folds 
Santana Carlos: folds 
Uncalled bet ($0.10) returned to METADONIUS
METADONIUS collected $0.52 from pot
METADONIUS: doesn't show hand 
*** SUMMARY ***
Total pot $0.54 | Rake $0.02 
Board [9d 8h 7c 4d 3h]
Seat 1: METADONIUS collected ($0.52)
Seat 2: FijiKid420 (button) folded before Flop (didn't bet)
Seat 3: Dorex2007 (small blind) folded before Flop
Seat 4: kenyStark (big blind) folded before Flop
Seat 5: vplay169 folded on the River
Seat 7: Santana Carlos folded on the River
Seat 8: StraussThePark folded before Flop (didn't bet)
Seat 9: Ciklmira folded before Flop (didn't bet)



PokerStars Hand #229768274007:  Hold'em No Limit ($0.01/$0.02 USD) - 2021/09/11 9:42:51 PT [2021/09/11 12:42:51 ET]
Table 'Constantia III' 9-max Seat #3 is the button
Seat 1: METADONIUS ($1.08 in chips) 
Seat 2: FijiKid420 ($1.46 in chips) 
Seat 3: Dorex2007 ($2.12 in chips) 
Seat 4: kenyStark ($3.63 in chips) 
Seat 5: vplay169 ($2.59 in chips) 
Seat 7: Santana Carlos ($2.55 in chips) 
Seat 8: StraussThePark ($0.95 in chips) 
Seat 9: Ciklmira ($0.70 in chips) 
kenyStark: posts small blind $0.01
vplay169: posts big blind $0.02
misscarrie16: sits out 
*** HOLE CARDS ***
Dealt to Dorex2007 [3s 4s]
Santana Carlos: calls $0.02
StraussThePark: folds 
Ciklmira: folds 
METADONIUS: folds 
FijiKid420: calls $0.02
Dorex2007: folds 
kenyStark: folds 
vplay169: checks 
*** FLOP *** [8d Ad Ts]
vplay169: bets $0.02
Santana Carlos: calls $0.02
FijiKid420: calls $0.02
*** TURN *** [8d Ad Ts] [Kd]
vplay169: bets $0.12
Santana Carlos: folds 
FijiKid420: calls $0.12
*** RIVER *** [8d Ad Ts Kd] [Jh]
vplay169: checks 
FijiKid420: checks 
*** SHOW DOWN ***
vplay169: shows [8h 2d] (a pair of Eights)
FijiKid420: shows [9c Jd] (a pair of Jacks)
FijiKid420 collected $0.36 from pot
*** SUMMARY ***
Total pot $0.37 | Rake $0.01 
Board [8d Ad Ts Kd Jh]
Seat 1: METADONIUS folded before Flop (didn't bet)
Seat 2: FijiKid420 showed [9c Jd] and won ($0.36) with a pair of Jacks
Seat 3: Dorex2007 (button) folded before Flop (didn't bet)
Seat 4: kenyStark (small blind) folded before Flop
Seat 5: vplay169 (big blind) showed [8h 2d] and lost with a pair of Eights
Seat 7: Santana Carlos folded on the Turn
Seat 8: StraussThePark folded before Flop (didn't bet)
Seat 9: Ciklmira folded before Flop (didn't bet)



PokerStars Hand #229768295516:  Hold'em No Limit ($0.01/$0.02 USD) - 2021/09/11 9:43:42 PT [2021/09/11 12:43:42 ET]
Table 'Constantia III' 9-max Seat #4 is the button
Seat 1: METADONIUS ($1.08 in chips) 
Seat 2: FijiKid420 ($1.66 in chips) 
Seat 3: Dorex2007 ($2.12 in chips) 
Seat 4: kenyStark ($3.62 in chips) 
Seat 5: vplay169 ($2.43 in chips) 
Seat 6: misscarrie16 ($2 in chips) 
Seat 7: Santana Carlos ($2.51 in chips) 
Seat 8: StraussThePark ($0.95 in chips) 
Seat 9: Ciklmira ($0.70 in chips) 
vplay169: posts small blind $0.01
misscarrie16: posts big blind $0.02
*** HOLE CARDS ***
Dealt to Dorex2007 [4h 4s]
Santana Carlos: calls $0.02
StraussThePark: folds 
Ciklmira: folds 
METADONIUS: calls $0.02
FijiKid420: calls $0.02
Dorex2007: calls $0.02
kenyStark: folds 
vplay169: calls $0.01
misscarrie16: checks 
*** FLOP *** [2d 2s 3d]
vplay169: checks 
misscarrie16: checks 
Santana Carlos: bets $0.02
METADONIUS: calls $0.02
FijiKid420: folds 
Dorex2007: calls $0.02
vplay169: calls $0.02
misscarrie16: folds 
*** TURN *** [2d 2s 3d] [Kc]
vplay169: bets $0.14
Santana Carlos: folds 
METADONIUS: folds 
Dorex2007: folds 
Uncalled bet ($0.14) returned to vplay169
vplay169 collected $0.19 from pot
vplay169: doesn't show hand 
*** SUMMARY ***
Total pot $0.20 | Rake $0.01 
Board [2d 2s 3d Kc]
Seat 1: METADONIUS folded on the Turn
Seat 2: FijiKid420 folded on the Flop
Seat 3: Dorex2007 folded on the Turn
Seat 4: kenyStark (button) folded before Flop (didn't bet)
Seat 5: vplay169 (small blind) collected ($0.19)
Seat 6: misscarrie16 (big blind) folded on the Flop
Seat 7: Santana Carlos folded on the Turn
Seat 8: StraussThePark folded before Flop (didn't bet)
Seat 9: Ciklmira folded before Flop (didn't bet)



PokerStars Hand #229768323422:  Hold'em No Limit ($0.01/$0.02 USD) - 2021/09/11 9:44:49 PT [2021/09/11 12:44:49 ET]
Table 'Constantia III' 9-max Seat #5 is the button
Seat 1: METADONIUS ($1.04 in chips) 
Seat 2: FijiKid420 ($1.64 in chips) 
Seat 3: Dorex2007 ($2.08 in chips) 
Seat 4: kenyStark ($3.62 in chips) 
Seat 5: vplay169 ($2.58 in chips) 
Seat 6: misscarrie16 ($1.98 in chips) 
Seat 7: Santana Carlos ($2.47 in chips) 
Seat 8: StraussThePark ($0.95 in chips) 
Seat 9: Ciklmira ($0.70 in chips) 
misscarrie16: posts small blind $0.01
Santana Carlos: posts big blind $0.02
*** HOLE CARDS ***
Dealt to Dorex2007 [Kh Jh]
StraussThePark: folds 
Ciklmira: folds 
METADONIUS: calls $0.02
FijiKid420: folds 
Dorex2007: calls $0.02
kenyStark: folds 
vplay169: calls $0.02
misscarrie16: calls $0.01
Santana Carlos: checks 
*** FLOP *** [4c As Kc]
misscarrie16: checks 
Santana Carlos: checks 
METADONIUS: checks 
Dorex2007: bets $0.07
vplay169: calls $0.07
misscarrie16: folds 
Santana Carlos: folds 
METADONIUS: folds 
*** TURN *** [4c As Kc] [6d]
Dorex2007: bets $0.12
vplay169: folds 
Uncalled bet ($0.12) returned to Dorex2007
Dorex2007 collected $0.23 from pot
Dorex2007: doesn't show hand 
*** SUMMARY ***
Total pot $0.24 | Rake $0.01 
Board [4c As Kc 6d]
Seat 1: METADONIUS folded on the Flop
Seat 2: FijiKid420 folded before Flop (didn't bet)
Seat 3: Dorex2007 collected ($0.23)
Seat 4: kenyStark folded before Flop (didn't bet)
Seat 5: vplay169 (button) folded on the Turn
Seat 6: misscarrie16 (small blind) folded on the Flop
Seat 7: Santana Carlos (big blind) folded on the Flop
Seat 8: StraussThePark folded before Flop (didn't bet)
Seat 9: Ciklmira folded before Flop (didn't bet)



PokerStars Hand #229768347471:  Hold'em No Limit ($0.01/$0.02 USD) - 2021/09/11 9:45:47 PT [2021/09/11 12:45:47 ET]
Table 'Constantia III' 9-max Seat #6 is the button
Seat 1: METADONIUS ($1.02 in chips) 
Seat 2: FijiKid420 ($1.64 in chips) 
Seat 3: Dorex2007 ($2.22 in chips) 
Seat 4: kenyStark ($3.62 in chips) 
Seat 5: vplay169 ($2.49 in chips) 
Seat 6: misscarrie16 ($1.96 in chips) 
Seat 7: Santana Carlos ($2.45 in chips) 
Seat 8: StraussThePark ($0.95 in chips) 
Seat 9: Ciklmira ($0.70 in chips) 
Santana Carlos: posts small blind $0.01
StraussThePark: posts big blind $0.02
*** HOLE CARDS ***
Dealt to Dorex2007 [Ac 3s]
Ciklmira: raises $0.04 to $0.06
METADONIUS: folds 
FijiKid420: folds 
Dorex2007: folds 
kenyStark: folds 
vplay169: calls $0.06
misscarrie16: folds 
Santana Carlos: folds 
StraussThePark: folds 
*** FLOP *** [6s Js 2c]
METADONIUS leaves the table
Ciklmira: bets $0.07
vplay169: calls $0.07
*** TURN *** [6s Js 2c] [Jc]
Ciklmira: bets $0.14
vplay169: folds 
Uncalled bet ($0.14) returned to Ciklmira
zive_Belarus joins the table at seat #1 
Ciklmira collected $0.28 from pot
Ciklmira: doesn't show hand 
*** SUMMARY ***
Total pot $0.29 | Rake $0.01 
Board [6s Js 2c Jc]
Seat 1: METADONIUS folded before Flop (didn't bet)
Seat 2: FijiKid420 folded before Flop (didn't bet)
Seat 3: Dorex2007 folded before Flop (didn't bet)
Seat 4: kenyStark folded before Flop (didn't bet)
Seat 5: vplay169 folded on the Turn
Seat 6: misscarrie16 (button) folded before Flop (didn't bet)
Seat 7: Santana Carlos (small blind) folded before Flop
Seat 8: StraussThePark (big blind) folded before Flop
Seat 9: Ciklmira collected ($0.28)



PokerStars Hand #229768372545:  Hold'em No Limit ($0.01/$0.02 USD) - 2021/09/11 9:46:48 PT [2021/09/11 12:46:48 ET]
Table 'Constantia III' 9-max Seat #7 is the button
Seat 2: FijiKid420 ($1.64 in chips) 
Seat 3: Dorex2007 ($2.22 in chips) 
Seat 4: kenyStark ($3.62 in chips) 
Seat 5: vplay169 ($2.36 in chips) 
Seat 6: misscarrie16 ($1.96 in chips) 
Seat 7: Santana Carlos ($2.44 in chips) 
Seat 8: StraussThePark ($0.93 in chips) 
Seat 9: Ciklmira ($0.85 in chips) 
StraussThePark: posts small blind $0.01
Ciklmira: posts big blind $0.02
zive_Belarus: sits out 
*** HOLE CARDS ***
Dealt to Dorex2007 [9d 8c]
FijiKid420: folds 
Dorex2007: folds 
kenyStark: folds 
vplay169: calls $0.02
misscarrie16: folds 
Santana Carlos: calls $0.02
StraussThePark: calls $0.01
Ciklmira: raises $0.08 to $0.10
vplay169: calls $0.08
Santana Carlos: calls $0.08
StraussThePark: folds 
*** FLOP *** [3h Kh 9c]
Ciklmira: bets $0.20
vplay169: folds 
Santana Carlos: folds 
Uncalled bet ($0.20) returned to Ciklmira
Ciklmira collected $0.31 from pot
Ciklmira: doesn't show hand 
*** SUMMARY ***
Total pot $0.32 | Rake $0.01 
Board [3h Kh 9c]
Seat 2: FijiKid420 folded before Flop (didn't bet)
Seat 3: Dorex2007 folded before Flop (didn't bet)
Seat 4: kenyStark folded before Flop (didn't bet)
Seat 5: vplay169 folded on the Flop
Seat 6: misscarrie16 folded before Flop (didn't bet)
Seat 7: Santana Carlos (button) folded on the Flop
Seat 8: StraussThePark (small blind) folded before Flop
Seat 9: Ciklmira (big blind) collected ($0.31)



PokerStars Hand #229768385775:  Hold'em No Limit ($0.01/$0.02 USD) - 2021/09/11 9:47:19 PT [2021/09/11 12:47:19 ET]
Table 'Constantia III' 9-max Seat #8 is the button
Seat 1: zive_Belarus ($2 in chips) 
Seat 2: FijiKid420 ($1.64 in chips) 
Seat 3: Dorex2007 ($2.22 in chips) 
Seat 4: kenyStark ($3.62 in chips) 
Seat 5: vplay169 ($2.26 in chips) 
Seat 6: misscarrie16 ($1.96 in chips) 
Seat 7: Santana Carlos ($2.34 in chips) 
Seat 8: StraussThePark ($0.91 in chips) 
Seat 9: Ciklmira ($1.06 in chips) 
Ciklmira: posts small blind $0.01
zive_Belarus: posts big blind $0.02
*** HOLE CARDS ***
Dealt to Dorex2007 [9d Th]
FijiKid420: folds 
Dorex2007: folds 
kenyStark: folds 
vplay169: calls $0.02
misscarrie16: folds 
Santana Carlos: raises $0.07 to $0.09
StraussThePark: folds 
Ciklmira: folds 
zive_Belarus: folds 
vplay169: calls $0.07
*** FLOP *** [5s 8d 3c]
vplay169: checks 
Santana Carlos: checks 
*** TURN *** [5s 8d 3c] [Jh]
vplay169: bets $0.02
Santana Carlos: raises $0.08 to $0.10
vplay169: calls $0.08
*** RIVER *** [5s 8d 3c Jh] [9h]
vplay169: bets $0.30
Santana Carlos: calls $0.30
*** SHOW DOWN ***
vplay169: shows [Jc 9c] (two pair, Jacks and Nines)
Santana Carlos: mucks hand 
vplay169 collected $0.97 from pot
*** SUMMARY ***
Total pot $1.01 | Rake $0.04 
Board [5s 8d 3c Jh 9h]
Seat 1: zive_Belarus (big blind) folded before Flop
Seat 2: FijiKid420 folded before Flop (didn't bet)
Seat 3: Dorex2007 folded before Flop (didn't bet)
Seat 4: kenyStark folded before Flop (didn't bet)
Seat 5: vplay169 showed [Jc 9c] and won ($0.97) with two pair, Jacks and Nines
Seat 6: misscarrie16 folded before Flop (didn't bet)
Seat 7: Santana Carlos mucked [Kd Kh]
Seat 8: StraussThePark (button) folded before Flop (didn't bet)
Seat 9: Ciklmira (small blind) folded before Flop



PokerStars Hand #229768412531:  Hold'em No Limit ($0.01/$0.02 USD) - 2021/09/11 9:48:23 PT [2021/09/11 12:48:23 ET]
Table 'Constantia III' 9-max Seat #9 is the button
Seat 1: zive_Belarus ($2 in chips) 
Seat 2: FijiKid420 ($1.64 in chips) 
Seat 3: Dorex2007 ($2.22 in chips) 
Seat 4: kenyStark ($3.62 in chips) 
Seat 5: vplay169 ($2.74 in chips) 
Seat 6: misscarrie16 ($1.96 in chips) 
Seat 7: Santana Carlos ($2 in chips) 
Seat 8: StraussThePark ($0.91 in chips) 
Seat 9: Ciklmira ($1.05 in chips) 
zive_Belarus: posts small blind $0.01
FijiKid420: posts big blind $0.02
*** HOLE CARDS ***
Dealt to Dorex2007 [Jc Kd]
Dorex2007: folds 
kenyStark: folds 
vplay169: calls $0.02
misscarrie16: folds 
Santana Carlos: raises $0.02 to $0.04
StraussThePark: folds 
Ciklmira: folds 
zive_Belarus: folds 
FijiKid420: folds 
vplay169: calls $0.02
*** FLOP *** [2s As 8d]
vplay169: checks 
Santana Carlos: checks 
*** TURN *** [2s As 8d] [6c]
vplay169: checks 
Santana Carlos: checks 
*** RIVER *** [2s As 8d 6c] [8s]
vplay169: bets $0.12
Santana Carlos: folds 
Uncalled bet ($0.12) returned to vplay169
vplay169 collected $0.11 from pot
vplay169: doesn't show hand 
*** SUMMARY ***
Total pot $0.11 | Rake $0 
Board [2s As 8d 6c 8s]
Seat 1: zive_Belarus (small blind) folded before Flop
Seat 2: FijiKid420 (big blind) folded before Flop
Seat 3: Dorex2007 folded before Flop (didn't bet)
Seat 4: kenyStark folded before Flop (didn't bet)
Seat 5: vplay169 collected ($0.11)
Seat 6: misscarrie16 folded before Flop (didn't bet)
Seat 7: Santana Carlos folded on the River
Seat 8: StraussThePark folded before Flop (didn't bet)
Seat 9: Ciklmira (button) folded before Flop (didn't bet)



PokerStars Hand #229768432690:  Hold'em No Limit ($0.01/$0.02 USD) - 2021/09/11 9:49:12 PT [2021/09/11 12:49:12 ET]
Table 'Constantia III' 9-max Seat #1 is the button
Seat 1: zive_Belarus ($2 in chips) 
Seat 2: FijiKid420 ($1.62 in chips) 
Seat 3: Dorex2007 ($2.22 in chips) 
Seat 4: kenyStark ($3.62 in chips) 
Seat 5: vplay169 ($2.81 in chips) 
Seat 6: misscarrie16 ($1.96 in chips) 
Seat 7: Santana Carlos ($2 in chips) 
Seat 8: StraussThePark ($0.91 in chips) 
Seat 9: Ciklmira ($1.05 in chips) 
FijiKid420: posts small blind $0.01
Dorex2007: posts big blind $0.02
*** HOLE CARDS ***
Dealt to Dorex2007 [Ks 5d]
kenyStark: folds 
vplay169: calls $0.02
misscarrie16: folds 
Santana Carlos: raises $0.02 to $0.04
StraussThePark: folds 
Ciklmira: calls $0.04
zive_Belarus: folds 
FijiKid420: calls $0.03
Dorex2007: folds 
vplay169: calls $0.02
*** FLOP *** [2d 4s 2h]
FijiKid420: checks 
vplay169: checks 
Santana Carlos: checks 
Ciklmira: checks 
*** TURN *** [2d 4s 2h] [3c]
FijiKid420: checks 
vplay169: checks 
Santana Carlos: checks 
Ciklmira: checks 
*** RIVER *** [2d 4s 2h 3c] [2s]
FijiKid420: checks 
vplay169: checks 
Santana Carlos: checks 
Ciklmira: checks 
*** SHOW DOWN ***
FijiKid420: shows [Ad 8s] (three of a kind, Deuces)
vplay169: shows [As Kc] (three of a kind, Deuces - Ace+King kicker)
Santana Carlos: shows [3s 6h] (a full house, Deuces full of Threes)
Ciklmira: mucks hand 
Santana Carlos collected $0.17 from pot
*** SUMMARY ***
Total pot $0.18 | Rake $0.01 
Board [2d 4s 2h 3c 2s]
Seat 1: zive_Belarus (button) folded before Flop (didn't bet)
Seat 2: FijiKid420 (small blind) showed [Ad 8s] and lost with three of a kind, Deuces
Seat 3: Dorex2007 (big blind) folded before Flop
Seat 4: kenyStark folded before Flop (didn't bet)
Seat 5: vplay169 showed [As Kc] and lost with three of a kind, Deuces
Seat 6: misscarrie16 folded before Flop (didn't bet)
Seat 7: Santana Carlos showed [3s 6h] and won ($0.17) with a full house, Deuces full of Threes
Seat 8: StraussThePark folded before Flop (didn't bet)
Seat 9: Ciklmira mucked [Th Jh]



PokerStars Hand #229768456373:  Hold'em No Limit ($0.01/$0.02 USD) - 2021/09/11 9:50:10 PT [2021/09/11 12:50:10 ET]
Table 'Constantia III' 9-max Seat #2 is the button
Seat 1: zive_Belarus ($2 in chips) 
Seat 2: FijiKid420 ($1.58 in chips) 
Seat 3: Dorex2007 ($2.20 in chips) 
Seat 4: kenyStark ($3.62 in chips) 
Seat 5: vplay169 ($2.77 in chips) 
Seat 6: misscarrie16 ($1.96 in chips) 
Seat 7: Santana Carlos ($2.13 in chips) 
Seat 8: StraussThePark ($0.91 in chips) 
Seat 9: Ciklmira ($1.01 in chips) 
Dorex2007: posts small blind $0.01
kenyStark: posts big blind $0.02
*** HOLE CARDS ***
Dealt to Dorex2007 [9c 5s]
vplay169: calls $0.02
misscarrie16: raises $0.07 to $0.09
Santana Carlos: raises $0.07 to $0.16
StraussThePark: folds 
Ciklmira: folds 
zive_Belarus: folds 
FijiKid420: folds 
Dorex2007: folds 
kenyStark: folds 
vplay169: calls $0.14
misscarrie16: calls $0.07
*** FLOP *** [Qd 7c Jc]
vplay169: checks 
misscarrie16: bets $0.16
Santana Carlos: calls $0.16
vplay169: calls $0.16
*** TURN *** [Qd 7c Jc] [Ks]
vplay169: bets $0.14
misscarrie16: calls $0.14
Santana Carlos: calls $0.14
*** RIVER *** [Qd 7c Jc Ks] [9d]
vplay169: checks 
misscarrie16: bets $0.30
Santana Carlos: calls $0.30
vplay169: folds 
*** SHOW DOWN ***
misscarrie16: shows [Ac Jh] (a pair of Jacks)
Santana Carlos: shows [Kc Ah] (a pair of Kings)
Santana Carlos collected $1.94 from pot
*** SUMMARY ***
Total pot $2.01 | Rake $0.07 
Board [Qd 7c Jc Ks 9d]
Seat 1: zive_Belarus folded before Flop (didn't bet)
Seat 2: FijiKid420 (button) folded before Flop (didn't bet)
Seat 3: Dorex2007 (small blind) folded before Flop
Seat 4: kenyStark (big blind) folded before Flop
Seat 5: vplay169 folded on the River
Seat 6: misscarrie16 showed [Ac Jh] and lost with a pair of Jacks
Seat 7: Santana Carlos showed [Kc Ah] and won ($1.94) with a pair of Kings
Seat 8: StraussThePark folded before Flop (didn't bet)
Seat 9: Ciklmira folded before Flop (didn't bet)



PokerStars Hand #229768483464:  Hold'em No Limit ($0.01/$0.02 USD) - 2021/09/11 9:51:15 PT [2021/09/11 12:51:15 ET]
Table 'Constantia III' 9-max Seat #3 is the button
Seat 1: zive_Belarus ($2 in chips) 
Seat 2: FijiKid420 ($1.58 in chips) 
Seat 3: Dorex2007 ($2.19 in chips) 
Seat 4: kenyStark ($3.60 in chips) 
Seat 5: vplay169 ($2.31 in chips) 
Seat 6: misscarrie16 ($1.20 in chips) 
Seat 7: Santana Carlos ($3.31 in chips) 
Seat 8: StraussThePark ($0.91 in chips) 
Seat 9: Ciklmira ($1.01 in chips) 
kenyStark: posts small blind $0.01
vplay169: posts big blind $0.02
*** HOLE CARDS ***
Dealt to Dorex2007 [Td 3s]
misscarrie16: calls $0.02
Santana Carlos: raises $0.02 to $0.04
StraussThePark: folds 
Ciklmira: folds 
zive_Belarus: folds 
FijiKid420: folds 
Dorex2007: folds 
kenyStark: folds 
vplay169: calls $0.02
misscarrie16: calls $0.02
*** FLOP *** [9s Qh Th]
vplay169: bets $0.02
misscarrie16: calls $0.02
Santana Carlos: calls $0.02
*** TURN *** [9s Qh Th] [8d]
vplay169: checks 
misscarrie16: checks 
Santana Carlos: bets $0.09
vplay169: raises $0.09 to $0.18
misscarrie16: folds 
Santana Carlos: calls $0.09
*** RIVER *** [9s Qh Th 8d] [Qd]
vplay169: bets $0.30
Santana Carlos: calls $0.30
*** SHOW DOWN ***
vplay169: shows [9c Jh] (a straight, Eight to Queen)
Santana Carlos: shows [Js 6s] (a straight, Eight to Queen)
vplay169 collected $0.56 from pot
Santana Carlos collected $0.55 from pot
*** SUMMARY ***
Total pot $1.15 | Rake $0.04 
Board [9s Qh Th 8d Qd]
Seat 1: zive_Belarus folded before Flop (didn't bet)
Seat 2: FijiKid420 folded before Flop (didn't bet)
Seat 3: Dorex2007 (button) folded before Flop (didn't bet)
Seat 4: kenyStark (small blind) folded before Flop
Seat 5: vplay169 (big blind) showed [9c Jh] and won ($0.56) with a straight, Eight to Queen
Seat 6: misscarrie16 folded on the Turn
Seat 7: Santana Carlos showed [Js 6s] and won ($0.55) with a straight, Eight to Queen
Seat 8: StraussThePark folded before Flop (didn't bet)
Seat 9: Ciklmira folded before Flop (didn't bet)



PokerStars Hand #229768514640:  Hold'em No Limit ($0.01/$0.02 USD) - 2021/09/11 9:52:31 PT [2021/09/11 12:52:31 ET]
Table 'Constantia III' 9-max Seat #4 is the button
Seat 1: zive_Belarus ($2 in chips) 
Seat 2: FijiKid420 ($1.58 in chips) 
Seat 3: Dorex2007 ($2.19 in chips) 
Seat 4: kenyStark ($3.59 in chips) 
Seat 5: vplay169 ($2.33 in chips) 
Seat 6: misscarrie16 ($1.14 in chips) 
Seat 7: Santana Carlos ($3.32 in chips) 
Seat 8: StraussThePark ($0.91 in chips) 
Seat 9: Ciklmira ($1.01 in chips) 
vplay169: posts small blind $0.01
misscarrie16: posts big blind $0.02
*** HOLE CARDS ***
Dealt to Dorex2007 [Ks 9c]
Santana Carlos: raises $0.02 to $0.04
StraussThePark: calls $0.04
Ciklmira: folds 
zive_Belarus: folds 
FijiKid420: folds 
Dorex2007: folds 
kenyStark: calls $0.04
vplay169: calls $0.03
misscarrie16: calls $0.02
*** FLOP *** [3s 9h Kh]
vplay169: checks 
misscarrie16: bets $0.06
Santana Carlos: folds 
StraussThePark: folds 
kenyStark: folds 
vplay169: folds 
Uncalled bet ($0.06) returned to misscarrie16
misscarrie16 collected $0.19 from pot
misscarrie16: doesn't show hand 
*** SUMMARY ***
Total pot $0.20 | Rake $0.01 
Board [3s 9h Kh]
Seat 1: zive_Belarus folded before Flop (didn't bet)
Seat 2: FijiKid420 folded before Flop (didn't bet)
Seat 3: Dorex2007 folded before Flop (didn't bet)
Seat 4: kenyStark (button) folded on the Flop
Seat 5: vplay169 (small blind) folded on the Flop
Seat 6: misscarrie16 (big blind) collected ($0.19)
Seat 7: Santana Carlos folded on the Flop
Seat 8: StraussThePark folded on the Flop
Seat 9: Ciklmira folded before Flop (didn't bet)



PokerStars Hand #229768526734:  Hold'em No Limit ($0.01/$0.02 USD) - 2021/09/11 9:53:01 PT [2021/09/11 12:53:01 ET]
Table 'Constantia III' 9-max Seat #5 is the button
Seat 1: zive_Belarus ($2 in chips) 
Seat 2: FijiKid420 ($1.58 in chips) 
Seat 3: Dorex2007 ($2.19 in chips) 
Seat 4: kenyStark ($3.55 in chips) 
Seat 5: vplay169 ($2.29 in chips) 
Seat 6: misscarrie16 ($1.29 in chips) 
Seat 7: Santana Carlos ($3.28 in chips) 
Seat 8: StraussThePark ($0.87 in chips) 
Seat 9: Ciklmira ($1.01 in chips) 
misscarrie16: posts small blind $0.01
Santana Carlos: posts big blind $0.02
*** HOLE CARDS ***
Dealt to Dorex2007 [Td 5c]
StraussThePark: folds 
Ciklmira: folds 
zive_Belarus: folds 
FijiKid420: folds 
Dorex2007: folds 
kenyStark: folds 
vplay169: calls $0.02
misscarrie16: calls $0.01
Santana Carlos: checks 
*** FLOP *** [Js 3h 4d]
misscarrie16: checks 
Santana Carlos: checks 
vplay169: checks 
*** TURN *** [Js 3h 4d] [6s]
misscarrie16: checks 
Santana Carlos: checks 
vplay169: bets $0.30
misscarrie16: folds 
Santana Carlos: folds 
Uncalled bet ($0.30) returned to vplay169
vplay169 collected $0.06 from pot
vplay169: doesn't show hand 
*** SUMMARY ***
Total pot $0.06 | Rake $0 
Board [Js 3h 4d 6s]
Seat 1: zive_Belarus folded before Flop (didn't bet)
Seat 2: FijiKid420 folded before Flop (didn't bet)
Seat 3: Dorex2007 folded before Flop (didn't bet)
Seat 4: kenyStark folded before Flop (didn't bet)
Seat 5: vplay169 (button) collected ($0.06)
Seat 6: misscarrie16 (small blind) folded on the Turn
Seat 7: Santana Carlos (big blind) folded on the Turn
Seat 8: StraussThePark folded before Flop (didn't bet)
Seat 9: Ciklmira folded before Flop (didn't bet)



PokerStars Hand #229768543749:  Hold'em No Limit ($0.01/$0.02 USD) - 2021/09/11 9:53:42 PT [2021/09/11 12:53:42 ET]
Table 'Constantia III' 9-max Seat #6 is the button
Seat 1: zive_Belarus ($2 in chips) 
Seat 2: FijiKid420 ($1.58 in chips) 
Seat 3: Dorex2007 ($2.19 in chips) 
Seat 4: kenyStark ($3.55 in chips) 
Seat 5: vplay169 ($2.33 in chips) 
Seat 6: misscarrie16 ($1.27 in chips) 
Seat 7: Santana Carlos ($3.26 in chips) 
Seat 8: StraussThePark ($0.87 in chips) 
Seat 9: Ciklmira ($1.01 in chips) 
Santana Carlos: posts small blind $0.01
StraussThePark: posts big blind $0.02
*** HOLE CARDS ***
Dealt to Dorex2007 [7d Qs]
Ciklmira: folds 
zive_Belarus: folds 
FijiKid420: folds 
Dorex2007: folds 
kenyStark: folds 
vplay169: folds 
vplay169 leaves the table
misscarrie16: folds 
shakhtior joins the table at seat #5 
Santana Carlos: folds 
Uncalled bet ($0.01) returned to StraussThePark
StraussThePark collected $0.02 from pot
StraussThePark: doesn't show hand 
*** SUMMARY ***
Total pot $0.02 | Rake $0 
Seat 1: zive_Belarus folded before Flop (didn't bet)
Seat 2: FijiKid420 folded before Flop (didn't bet)
Seat 3: Dorex2007 folded before Flop (didn't bet)
Seat 4: kenyStark folded before Flop (didn't bet)
Seat 5: vplay169 folded before Flop (didn't bet)
Seat 6: misscarrie16 (button) folded before Flop (didn't bet)
Seat 7: Santana Carlos (small blind) folded before Flop
Seat 8: StraussThePark (big blind) collected ($0.02)
Seat 9: Ciklmira folded before Flop (didn't bet)



PokerStars Hand #229768550036:  Hold'em No Limit ($0.01/$0.02 USD) - 2021/09/11 9:53:58 PT [2021/09/11 12:53:58 ET]
Table 'Constantia III' 9-max Seat #7 is the button
Seat 1: zive_Belarus ($2 in chips) 
Seat 2: FijiKid420 ($1.58 in chips) 
Seat 3: Dorex2007 ($2.19 in chips) 
Seat 4: kenyStark ($3.55 in chips) 
Seat 6: misscarrie16 ($1.27 in chips) 
Seat 7: Santana Carlos ($3.25 in chips) 
Seat 8: StraussThePark ($0.88 in chips) 
Seat 9: Ciklmira ($1.01 in chips) 
StraussThePark: posts small blind $0.01
Ciklmira: posts big blind $0.02
shakhtior: sits out 
*** HOLE CARDS ***
Dealt to Dorex2007 [Tc 7h]
zive_Belarus: folds 
FijiKid420: folds 
Dorex2007: folds 
kenyStark: folds 
misscarrie16: raises $0.08 to $0.10
shakhtior leaves the table
Santana Carlos: calls $0.10
StraussThePark: folds 
Ciklmira: folds 
*** FLOP *** [2c 3d Td]
misscarrie16: bets $0.06
krylen4ik joins the table at seat #5 
Santana Carlos: folds 
Uncalled bet ($0.06) returned to misscarrie16
misscarrie16 collected $0.22 from pot
misscarrie16: doesn't show hand 
*** SUMMARY ***
Total pot $0.23 | Rake $0.01 
Board [2c 3d Td]
Seat 1: zive_Belarus folded before Flop (didn't bet)
Seat 2: FijiKid420 folded before Flop (didn't bet)
Seat 3: Dorex2007 folded before Flop (didn't bet)
Seat 4: kenyStark folded before Flop (didn't bet)
Seat 6: misscarrie16 collected ($0.22)
Seat 7: Santana Carlos (button) folded on the Flop
Seat 8: StraussThePark (small blind) folded before Flop
Seat 9: Ciklmira (big blind) folded before Flop



PokerStars Hand #229768562563:  Hold'em No Limit ($0.01/$0.02 USD) - 2021/09/11 9:54:28 PT [2021/09/11 12:54:28 ET]
Table 'Constantia III' 9-max Seat #8 is the button
Seat 1: zive_Belarus ($2 in chips) 
Seat 2: FijiKid420 ($1.58 in chips) 
Seat 3: Dorex2007 ($2.19 in chips) 
Seat 4: kenyStark ($3.55 in chips) 
Seat 6: misscarrie16 ($1.39 in chips) 
Seat 7: Santana Carlos ($3.15 in chips) 
Seat 8: StraussThePark ($0.87 in chips) 
Seat 9: Ciklmira ($0.99 in chips) 
Ciklmira: posts small blind $0.01
zive_Belarus: posts big blind $0.02
krylen4ik: sits out 
*** HOLE CARDS ***
Dealt to Dorex2007 [Jc 7d]
FijiKid420: folds 
Dorex2007: folds 
kenyStark: folds 
misscarrie16: folds 
Santana Carlos: folds 
StraussThePark: raises $0.04 to $0.06
Ciklmira: folds 
zive_Belarus: calls $0.04
*** FLOP *** [7h 9c 2d]
zive_Belarus: bets $0.07
StraussThePark: calls $0.07
*** TURN *** [7h 9c 2d] [9s]
zive_Belarus: checks 
StraussThePark: bets $0.26
zive_Belarus: raises $0.59 to $0.85
StraussThePark: calls $0.48 and is all-in
Uncalled bet ($0.11) returned to zive_Belarus
*** RIVER *** [7h 9c 2d 9s] [2s]
*** SHOW DOWN ***
zive_Belarus: shows [9h Kc] (a full house, Nines full of Deuces)
StraussThePark: shows [7s 5h] (two pair, Nines and Sevens)
zive_Belarus collected $1.69 from pot
*** SUMMARY ***
Total pot $1.75 | Rake $0.06 
Board [7h 9c 2d 9s 2s]
Seat 1: zive_Belarus (big blind) showed [9h Kc] and won ($1.69) with a full house, Nines full of Deuces
Seat 2: FijiKid420 folded before Flop (didn't bet)
Seat 3: Dorex2007 folded before Flop (didn't bet)
Seat 4: kenyStark folded before Flop (didn't bet)
Seat 6: misscarrie16 folded before Flop (didn't bet)
Seat 7: Santana Carlos folded before Flop (didn't bet)
Seat 8: StraussThePark (button) showed [7s 5h] and lost with two pair, Nines and Sevens
Seat 9: Ciklmira (small blind) folded before Flop



PokerStars Hand #229768586731:  Hold'em No Limit ($0.01/$0.02 USD) - 2021/09/11 9:55:34 PT [2021/09/11 12:55:34 ET]
Table 'Constantia III' 9-max Seat #9 is the button
Seat 1: zive_Belarus ($2.82 in chips) 
Seat 2: FijiKid420 ($1.58 in chips) 
Seat 3: Dorex2007 ($2.19 in chips) 
Seat 4: kenyStark ($3.55 in chips) 
Seat 6: misscarrie16 ($1.39 in chips) 
Seat 7: Santana Carlos ($3.15 in chips) 
Seat 9: Ciklmira ($0.98 in chips) 
zive_Belarus: posts small blind $0.01
FijiKid420: posts big blind $0.02
krylen4ik: sits out 
*** HOLE CARDS ***
Dealt to Dorex2007 [6c Kh]
Dorex2007: folds 
kenyStark: folds 
misscarrie16: folds 
Santana Carlos: folds 
Ciklmira: raises $0.04 to $0.06
StraussThePark leaves the table
grimpop_87 joins the table at seat #8 
zive_Belarus: folds 
FijiKid420: folds 
Uncalled bet ($0.04) returned to Ciklmira
Ciklmira collected $0.05 from pot
Ciklmira: doesn't show hand 
*** SUMMARY ***
Total pot $0.05 | Rake $0 
Seat 1: zive_Belarus (small blind) folded before Flop
Seat 2: FijiKid420 (big blind) folded before Flop
Seat 3: Dorex2007 folded before Flop (didn't bet)
Seat 4: kenyStark folded before Flop (didn't bet)
Seat 6: misscarrie16 folded before Flop (didn't bet)
Seat 7: Santana Carlos folded before Flop (didn't bet)
Seat 9: Ciklmira (button) collected ($0.05)



PokerStars Hand #229768592766:  Hold'em No Limit ($0.01/$0.02 USD) - 2021/09/11 9:55:57 PT [2021/09/11 12:55:57 ET]
Table 'Constantia III' 9-max Seat #1 is the button
Seat 1: zive_Belarus ($2.81 in chips) 
Seat 2: FijiKid420 ($1.56 in chips) 
Seat 3: Dorex2007 ($2.19 in chips) 
Seat 4: kenyStark ($3.55 in chips) 
Seat 6: misscarrie16 ($1.39 in chips) 
Seat 7: Santana Carlos ($3.15 in chips) 
Seat 9: Ciklmira ($1.01 in chips) 
FijiKid420: posts small blind $0.01
Dorex2007: posts big blind $0.02
krylen4ik: sits out 
grimpop_87: sits out 
*** HOLE CARDS ***
Dealt to Dorex2007 [Ks 3c]
kenyStark: folds 
misscarrie16: folds 
Santana Carlos: folds 
Ciklmira: folds 
zive_Belarus: folds 
FijiKid420: raises $0.02 to $0.04
Dorex2007: folds 
Uncalled bet ($0.02) returned to FijiKid420
FijiKid420 collected $0.04 from pot
FijiKid420: doesn't show hand 
*** SUMMARY ***
Total pot $0.04 | Rake $0 
Seat 1: zive_Belarus (button) folded before Flop (didn't bet)
Seat 2: FijiKid420 (small blind) collected ($0.04)
Seat 3: Dorex2007 (big blind) folded before Flop
Seat 4: kenyStark folded before Flop (didn't bet)
Seat 6: misscarrie16 folded before Flop (didn't bet)
Seat 7: Santana Carlos folded before Flop (didn't bet)
Seat 9: Ciklmira folded before Flop (didn't bet)



PokerStars Hand #229768602478:  Hold'em No Limit ($0.01/$0.02 USD) - 2021/09/11 9:56:32 PT [2021/09/11 12:56:32 ET]
Table 'Constantia III' 9-max Seat #2 is the button
Seat 1: zive_Belarus ($2.81 in chips) 
Seat 2: FijiKid420 ($1.58 in chips) 
Seat 3: Dorex2007 ($2.17 in chips) 
Seat 4: kenyStark ($3.55 in chips) 
Seat 6: misscarrie16 ($1.39 in chips) 
Seat 7: Santana Carlos ($3.15 in chips) 
Seat 9: Ciklmira ($1.01 in chips) 
Dorex2007: posts small blind $0.01
kenyStark: posts big blind $0.02
krylen4ik: sits out 
grimpop_87: sits out 
*** HOLE CARDS ***
Dealt to Dorex2007 [Qc 4c]
misscarrie16: calls $0.02
Santana Carlos: calls $0.02
Ciklmira: folds 
zive_Belarus: folds 
FijiKid420: raises $0.02 to $0.04
Dorex2007: folds 
kenyStark: folds 
misscarrie16: calls $0.02
Santana Carlos: calls $0.02
*** FLOP *** [7h Kh 2s]
misscarrie16: checks 
Santana Carlos: checks 
FijiKid420: bets $0.07
misscarrie16: calls $0.07
Santana Carlos: folds 
*** TURN *** [7h Kh 2s] [9s]
misscarrie16: checks 
FijiKid420: checks 
*** RIVER *** [7h Kh 2s 9s] [Tc]
misscarrie16: bets $0.28
FijiKid420: folds 
Uncalled bet ($0.28) returned to misscarrie16
misscarrie16 collected $0.28 from pot
misscarrie16: doesn't show hand 
*** SUMMARY ***
Total pot $0.29 | Rake $0.01 
Board [7h Kh 2s 9s Tc]
Seat 1: zive_Belarus folded before Flop (didn't bet)
Seat 2: FijiKid420 (button) folded on the River
Seat 3: Dorex2007 (small blind) folded before Flop
Seat 4: kenyStark (big blind) folded before Flop
Seat 6: misscarrie16 collected ($0.28)
Seat 7: Santana Carlos folded on the Flop
Seat 9: Ciklmira folded before Flop (didn't bet)



PokerStars Hand #229768619063:  Hold'em No Limit ($0.01/$0.02 USD) - 2021/09/11 9:57:31 PT [2021/09/11 12:57:31 ET]
Table 'Constantia III' 9-max Seat #3 is the button
Seat 1: zive_Belarus ($2.81 in chips) 
Seat 2: FijiKid420 ($1.47 in chips) 
Seat 3: Dorex2007 ($2.16 in chips) 
Seat 4: kenyStark ($3.53 in chips) 
Seat 5: krylen4ik ($0.80 in chips) 
Seat 6: misscarrie16 ($1.56 in chips) 
Seat 7: Santana Carlos ($3.11 in chips) 
Seat 9: Ciklmira ($1.01 in chips) 
kenyStark: posts small blind $0.01
krylen4ik: posts big blind $0.02
grimpop_87: sits out 
*** HOLE CARDS ***
Dealt to Dorex2007 [Qc 9c]
misscarrie16: calls $0.02
Santana Carlos: raises $0.02 to $0.04
Ciklmira: calls $0.04
zive_Belarus: folds 
FijiKid420: folds 
Dorex2007: folds 
kenyStark: folds 
grimpop_87 leaves the table
krylen4ik: folds 
misscarrie16: calls $0.02
*** FLOP *** [Ac 3c 4h]
misscarrie16: checks 
Santana Carlos: bets $0.05
marko2401 joins the table at seat #8 
Ciklmira: calls $0.05
misscarrie16: calls $0.05
*** TURN *** [Ac 3c 4h] [7c]
misscarrie16: checks 
Santana Carlos: checks 
Ciklmira: checks 
*** RIVER *** [Ac 3c 4h 7c] [Kh]
misscarrie16: bets $0.08
Santana Carlos: folds 
Ciklmira: calls $0.08
*** SHOW DOWN ***
misscarrie16: shows [5h 5s] (a pair of Fives)
Ciklmira: shows [8c 8h] (a pair of Eights)
Ciklmira collected $0.44 from pot
*** SUMMARY ***
Total pot $0.46 | Rake $0.02 
Board [Ac 3c 4h 7c Kh]
Seat 1: zive_Belarus folded before Flop (didn't bet)
Seat 2: FijiKid420 folded before Flop (didn't bet)
Seat 3: Dorex2007 (button) folded before Flop (didn't bet)
Seat 4: kenyStark (small blind) folded before Flop
Seat 5: krylen4ik (big blind) folded before Flop
Seat 6: misscarrie16 showed [5h 5s] and lost with a pair of Fives
Seat 7: Santana Carlos folded on the River
Seat 9: Ciklmira showed [8c 8h] and won ($0.44) with a pair of Eights



PokerStars Hand #229768636070:  Hold'em No Limit ($0.01/$0.02 USD) - 2021/09/11 9:58:32 PT [2021/09/11 12:58:32 ET]
Table 'Constantia III' 9-max Seat #4 is the button
Seat 1: zive_Belarus ($2.81 in chips) 
Seat 2: FijiKid420 ($1.47 in chips) 
Seat 3: Dorex2007 ($2.16 in chips) 
Seat 4: kenyStark ($3.52 in chips) 
Seat 5: krylen4ik ($0.80 in chips) 
Seat 7: Santana Carlos ($3.02 in chips) 
Seat 9: Ciklmira ($1.28 in chips) 
krylen4ik: posts small blind $0.01
misscarrie16: is sitting out 
Santana Carlos: posts big blind $0.02
marko2401: sits out 
*** HOLE CARDS ***
Dealt to Dorex2007 [6h Td]
Ciklmira: folds 
zive_Belarus: folds 
misscarrie16 leaves the table
FijiKid420: calls $0.02
Dorex2007: folds 
kenyStark: folds 
krylen4ik: calls $0.01
Santana Carlos: checks 
*** FLOP *** [Jc Jh Ks]
Shoxuzb joins the table at seat #6 
krylen4ik: checks 
Santana Carlos: checks 
FijiKid420: checks 
*** TURN *** [Jc Jh Ks] [Kh]
krylen4ik: checks 
Santana Carlos: checks 
FijiKid420: checks 
*** RIVER *** [Jc Jh Ks Kh] [Th]
krylen4ik: checks 
Santana Carlos: bets $0.03
FijiKid420: folds 
krylen4ik: calls $0.03
*** SHOW DOWN ***
Santana Carlos: shows [9d Qc] (a straight, Nine to King)
krylen4ik: mucks hand 
Santana Carlos collected $0.12 from pot
*** SUMMARY ***
Total pot $0.12 | Rake $0 
Board [Jc Jh Ks Kh Th]
Seat 1: zive_Belarus folded before Flop (didn't bet)
Seat 2: FijiKid420 folded on the River
Seat 3: Dorex2007 folded before Flop (didn't bet)
Seat 4: kenyStark (button) folded before Flop (didn't bet)
Seat 5: krylen4ik (small blind) mucked [4d 7d]
Seat 7: Santana Carlos (big blind) showed [9d Qc] and won ($0.12) with a straight, Nine to King
Seat 9: Ciklmira folded before Flop (didn't bet)



PokerStars Hand #229768649597:  Hold'em No Limit ($0.01/$0.02 USD) - 2021/09/11 9:59:21 PT [2021/09/11 12:59:21 ET]
Table 'Constantia III' 9-max Seat #5 is the button
Seat 1: zive_Belarus ($2.81 in chips) 
Seat 2: FijiKid420 ($1.45 in chips) 
Seat 3: Dorex2007 ($2.16 in chips) 
Seat 4: kenyStark ($3.52 in chips) 
Seat 5: krylen4ik ($0.80 in chips) 
Seat 7: Santana Carlos ($3.09 in chips) 
Seat 8: marko2401 ($2 in chips) 
Seat 9: Ciklmira ($1.28 in chips) 
Santana Carlos: posts small blind $0.01
marko2401: posts big blind $0.02
*** HOLE CARDS ***
Dealt to Dorex2007 [8c 6h]
Ciklmira: folds 
zive_Belarus: folds 
FijiKid420: folds 
Dorex2007: folds 
kenyStark: folds 
krylen4ik: raises $0.04 to $0.06
Santana Carlos: calls $0.05
marko2401: folds 
*** FLOP *** [5c Ts Qh]
Santana Carlos: checks 
krylen4ik: bets $0.08
Santana Carlos: calls $0.08
*** TURN *** [5c Ts Qh] [8s]
Santana Carlos: checks 
krylen4ik: checks 
*** RIVER *** [5c Ts Qh 8s] [Jd]
Santana Carlos: checks 
krylen4ik: bets $0.10
Santana Carlos: folds 
Uncalled bet ($0.10) returned to krylen4ik
krylen4ik collected $0.29 from pot
krylen4ik: doesn't show hand 
*** SUMMARY ***
Total pot $0.30 | Rake $0.01 
Board [5c Ts Qh 8s Jd]
Seat 1: zive_Belarus folded before Flop (didn't bet)
Seat 2: FijiKid420 folded before Flop (didn't bet)
Seat 3: Dorex2007 folded before Flop (didn't bet)
Seat 4: kenyStark folded before Flop (didn't bet)
Seat 5: krylen4ik (button) collected ($0.29)
Seat 7: Santana Carlos (small blind) folded on the River
Seat 8: marko2401 (big blind) folded before Flop
Seat 9: Ciklmira folded before Flop (didn't bet)



PokerStars Hand #229768668680:  Hold'em No Limit ($0.01/$0.02 USD) - 2021/09/11 10:00:28 PT [2021/09/11 13:00:28 ET]
Table 'Constantia III' 9-max Seat #7 is the button
Seat 1: zive_Belarus ($2.81 in chips) 
Seat 2: FijiKid420 ($1.45 in chips) 
Seat 3: Dorex2007 ($2.16 in chips) 
Seat 4: kenyStark ($3.52 in chips) 
Seat 5: krylen4ik ($0.95 in chips) 
Seat 7: Santana Carlos ($2.95 in chips) 
Seat 8: marko2401 ($1.98 in chips) 
Seat 9: Ciklmira ($1.28 in chips) 
marko2401: posts small blind $0.01
Ciklmira: posts big blind $0.02
Shoxuzb: sits out 
*** HOLE CARDS ***
Dealt to Dorex2007 [9d Kc]
zive_Belarus: folds 
FijiKid420: folds 
Dorex2007: folds 
kenyStark: folds 
krylen4ik: folds 
Santana Carlos: calls $0.02
marko2401: folds 
Ciklmira: raises $0.06 to $0.08
Santana Carlos: calls $0.06
*** FLOP *** [4s As 3c]
Ciklmira: bets $0.08
Santana Carlos: folds 
Uncalled bet ($0.08) returned to Ciklmira
Ciklmira collected $0.16 from pot
Ciklmira: doesn't show hand 
*** SUMMARY ***
Total pot $0.17 | Rake $0.01 
Board [4s As 3c]
Seat 1: zive_Belarus folded before Flop (didn't bet)
Seat 2: FijiKid420 folded before Flop (didn't bet)
Seat 3: Dorex2007 folded before Flop (didn't bet)
Seat 4: kenyStark folded before Flop (didn't bet)
Seat 5: krylen4ik folded before Flop (didn't bet)
Seat 7: Santana Carlos (button) folded on the Flop
Seat 8: marko2401 (small blind) folded before Flop
Seat 9: Ciklmira (big blind) collected ($0.16)



PokerStars Hand #229768683463:  Hold'em No Limit ($0.01/$0.02 USD) - 2021/09/11 10:01:13 PT [2021/09/11 13:01:13 ET]
Table 'Constantia III' 9-max Seat #8 is the button
Seat 1: zive_Belarus ($2.81 in chips) 
Seat 2: FijiKid420 ($1.45 in chips) 
Seat 3: Dorex2007 ($2.16 in chips) 
Seat 4: kenyStark ($3.52 in chips) 
Seat 5: krylen4ik ($0.95 in chips) 
Seat 7: Santana Carlos ($2.87 in chips) 
Seat 8: marko2401 ($1.97 in chips) 
Seat 9: Ciklmira ($1.36 in chips) 
Ciklmira: posts small blind $0.01
zive_Belarus: posts big blind $0.02
Shoxuzb: sits out 
*** HOLE CARDS ***
Dealt to Dorex2007 [8d 2s]
FijiKid420: calls $0.02
Dorex2007: folds 
kenyStark: folds 
krylen4ik: folds 
Santana Carlos: calls $0.02
marko2401: folds 
Ciklmira: calls $0.01
kenyStark leaves the table
zive_Belarus: checks 
*** FLOP *** [Th 5h 5d]
Ciklmira: checks 
zive_Belarus: checks 
FijiKid420: checks 
Santana Carlos: checks 
*** TURN *** [Th 5h 5d] [Ac]
Ciklmira: checks 
Artur16228 joins the table at seat #4 
zive_Belarus: bets $0.04
FijiKid420: calls $0.04
Santana Carlos: folds 
Ciklmira: folds 
*** RIVER *** [Th 5h 5d Ac] [Qd]
zive_Belarus: checks 
FijiKid420: bets $0.08
zive_Belarus: raises $0.21 to $0.29
FijiKid420: folds 
Uncalled bet ($0.21) returned to zive_Belarus
zive_Belarus collected $0.31 from pot
zive_Belarus: doesn't show hand 
*** SUMMARY ***
Total pot $0.32 | Rake $0.01 
Board [Th 5h 5d Ac Qd]
Seat 1: zive_Belarus (big blind) collected ($0.31)
Seat 2: FijiKid420 folded on the River
Seat 3: Dorex2007 folded before Flop (didn't bet)
Seat 4: kenyStark folded before Flop (didn't bet)
Seat 5: krylen4ik folded before Flop (didn't bet)
Seat 7: Santana Carlos folded on the Turn
Seat 8: marko2401 (button) folded before Flop (didn't bet)
Seat 9: Ciklmira (small blind) folded on the Turn



PokerStars Hand #229768713069:  Hold'em No Limit ($0.01/$0.02 USD) - 2021/09/11 10:02:32 PT [2021/09/11 13:02:32 ET]
Table 'Constantia III' 9-max Seat #9 is the button
Seat 1: zive_Belarus ($2.98 in chips) 
Seat 2: FijiKid420 ($1.31 in chips) 
Seat 3: Dorex2007 ($2.16 in chips) 
Seat 5: krylen4ik ($0.95 in chips) 
Seat 7: Santana Carlos ($2.85 in chips) 
Seat 8: marko2401 ($1.97 in chips) 
Seat 9: Ciklmira ($1.34 in chips) 
zive_Belarus: posts small blind $0.01
FijiKid420: posts big blind $0.02
Artur16228: sits out 
Shoxuzb: sits out 
*** HOLE CARDS ***
Dealt to Dorex2007 [Kc 7h]
Dorex2007: folds 
krylen4ik: folds 
Santana Carlos: raises $0.02 to $0.04
marko2401: folds 
Ciklmira has timed out
Ciklmira: folds 
zive_Belarus: folds 
FijiKid420: folds 
Uncalled bet ($0.02) returned to Santana Carlos
Santana Carlos collected $0.05 from pot
*** SUMMARY ***
Total pot $0.05 | Rake $0 
Seat 1: zive_Belarus (small blind) folded before Flop
Seat 2: FijiKid420 (big blind) folded before Flop
Seat 3: Dorex2007 folded before Flop (didn't bet)
Seat 5: krylen4ik folded before Flop (didn't bet)
Seat 7: Santana Carlos collected ($0.05)
Seat 8: marko2401 folded before Flop (didn't bet)
Seat 9: Ciklmira (button) folded before Flop (didn't bet)



PokerStars Hand #229768727493:  Hold'em No Limit ($0.01/$0.02 USD) - 2021/09/11 10:03:08 PT [2021/09/11 13:03:08 ET]
Table 'Constantia III' 9-max Seat #1 is the button
Seat 1: zive_Belarus ($2.97 in chips) 
Seat 2: FijiKid420 ($1.29 in chips) 
Seat 3: Dorex2007 ($2.16 in chips) 
Seat 5: krylen4ik ($0.95 in chips) 
Seat 7: Santana Carlos ($2.88 in chips) 
Seat 8: marko2401 ($1.97 in chips) 
FijiKid420: posts small blind $0.01
Dorex2007: posts big blind $0.02
Artur16228: sits out 
Shoxuzb: sits out 
*** HOLE CARDS ***
Dealt to Dorex2007 [Ks 4d]
krylen4ik: folds 
Santana Carlos: calls $0.02
marko2401: folds 
zive_Belarus: folds 
FijiKid420: folds 
Dorex2007: checks 
*** FLOP *** [6c 8s Ac]
Dorex2007: checks 
Santana Carlos: checks 
*** TURN *** [6c 8s Ac] [As]
Dorex2007: bets $0.03
Santana Carlos: folds 
Uncalled bet ($0.03) returned to Dorex2007
Dorex2007 collected $0.05 from pot
Dorex2007: doesn't show hand 
*** SUMMARY ***
Total pot $0.05 | Rake $0 
Board [6c 8s Ac As]
Seat 1: zive_Belarus (button) folded before Flop (didn't bet)
Seat 2: FijiKid420 (small blind) folded before Flop
Seat 3: Dorex2007 (big blind) collected ($0.05)
Seat 5: krylen4ik folded before Flop (didn't bet)
Seat 7: Santana Carlos folded on the Turn
Seat 8: marko2401 folded before Flop (didn't bet)



PokerStars Hand #229768745874:  Hold'em No Limit ($0.01/$0.02 USD) - 2021/09/11 10:03:40 PT [2021/09/11 13:03:40 ET]
Table 'Constantia III' 9-max Seat #2 is the button
Seat 1: zive_Belarus ($2.97 in chips) 
Seat 2: FijiKid420 ($1.28 in chips) 
Seat 3: Dorex2007 ($2.19 in chips) 
Seat 4: Artur16228 ($1.40 in chips) 
Seat 5: krylen4ik ($0.95 in chips) 
Seat 7: Santana Carlos ($2.86 in chips) 
Seat 8: marko2401 ($1.97 in chips) 
Seat 9: Ciklmira ($1.34 in chips) 
Dorex2007: posts small blind $0.01
Artur16228: posts big blind $0.02
Shoxuzb: sits out 
*** HOLE CARDS ***
Dealt to Dorex2007 [Js 2c]
krylen4ik: folds 
krylen4ik leaves the table
Santana Carlos: calls $0.02
marko2401: folds 
Ciklmira: calls $0.02
zive_Belarus: folds 
FijiKid420: folds 
Dorex2007: folds 
Artur16228: checks 
*** FLOP *** [Ks 5s 2s]
Sero776 joins the table at seat #5 
Artur16228: checks 
Santana Carlos: checks 
Ciklmira: checks 
*** TURN *** [Ks 5s 2s] [8s]
Artur16228: checks 
Santana Carlos: checks 
Ciklmira: checks 
*** RIVER *** [Ks 5s 2s 8s] [Ah]
Artur16228: checks 
Santana Carlos: checks 
Ciklmira: checks 
*** SHOW DOWN ***
Artur16228: shows [Kh 8h] (two pair, Kings and Eights)
Santana Carlos: mucks hand 
Ciklmira: mucks hand 
Artur16228 collected $0.07 from pot
*** SUMMARY ***
Total pot $0.07 | Rake $0 
Board [Ks 5s 2s 8s Ah]
Seat 1: zive_Belarus folded before Flop (didn't bet)
Seat 2: FijiKid420 (button) folded before Flop (didn't bet)
Seat 3: Dorex2007 (small blind) folded before Flop
Seat 4: Artur16228 (big blind) showed [Kh 8h] and won ($0.07) with two pair, Kings and Eights
Seat 5: krylen4ik folded before Flop (didn't bet)
Seat 7: Santana Carlos mucked [4c 4h]
Seat 8: marko2401 folded before Flop (didn't bet)
Seat 9: Ciklmira mucked [Jc 9c]



PokerStars Hand #229768760463:  Hold'em No Limit ($0.01/$0.02 USD) - 2021/09/11 10:04:14 PT [2021/09/11 13:04:14 ET]
Table 'Constantia III' 9-max Seat #3 is the button
Seat 1: zive_Belarus ($2.97 in chips) 
Seat 2: FijiKid420 ($1.28 in chips) 
Seat 3: Dorex2007 ($2.18 in chips) 
Seat 4: Artur16228 ($1.45 in chips) 
Seat 5: Sero776 ($2 in chips) 
Seat 7: Santana Carlos ($2.84 in chips) 
Seat 8: marko2401 ($1.97 in chips) 
Seat 9: Ciklmira ($1.32 in chips) 
Artur16228: posts small blind $0.01
Sero776: posts big blind $0.02
Shoxuzb: sits out 
*** HOLE CARDS ***
Dealt to Dorex2007 [Jc Tc]
Santana Carlos: folds 
marko2401: folds 
Ciklmira: folds 
zive_Belarus: folds 
FijiKid420: calls $0.02
Dorex2007: raises $0.02 to $0.04
Artur16228: folds 
Sero776: calls $0.02
FijiKid420: calls $0.02
*** FLOP *** [Kh Ac 6s]
Sero776: checks 
FijiKid420: checks 
Dorex2007: bets $0.07
Sero776: folds 
FijiKid420: calls $0.07
*** TURN *** [Kh Ac 6s] [8d]
FijiKid420: checks 
Dorex2007: checks 
*** RIVER *** [Kh Ac 6s 8d] [2h]
FijiKid420: checks 
Dorex2007: bets $0.13
FijiKid420: folds 
Uncalled bet ($0.13) returned to Dorex2007
Dorex2007 collected $0.26 from pot
Dorex2007: doesn't show hand 
*** SUMMARY ***
Total pot $0.27 | Rake $0.01 
Board [Kh Ac 6s 8d 2h]
Seat 1: zive_Belarus folded before Flop (didn't bet)
Seat 2: FijiKid420 folded on the River
Seat 3: Dorex2007 (button) collected ($0.26)
Seat 4: Artur16228 (small blind) folded before Flop
Seat 5: Sero776 (big blind) folded on the Flop
Seat 7: Santana Carlos folded before Flop (didn't bet)
Seat 8: marko2401 folded before Flop (didn't bet)
Seat 9: Ciklmira folded before Flop (didn't bet)



PokerStars Hand #229768785876:  Hold'em No Limit ($0.01/$0.02 USD) - 2021/09/11 10:05:08 PT [2021/09/11 13:05:08 ET]
Table 'Constantia III' 9-max Seat #4 is the button
Seat 1: zive_Belarus ($2.97 in chips) 
Seat 2: FijiKid420 ($1.17 in chips) 
Seat 3: Dorex2007 ($2.33 in chips) 
Seat 4: Artur16228 ($1.44 in chips) 
Seat 5: Sero776 ($1.96 in chips) 
Seat 6: Shoxuzb ($2 in chips) 
Seat 7: Santana Carlos ($2.84 in chips) 
Seat 8: marko2401 ($1.97 in chips) 
Seat 9: Ciklmira ($1.32 in chips) 
Sero776: posts small blind $0.01
Shoxuzb: posts big blind $0.02
*** HOLE CARDS ***
Dealt to Dorex2007 [Td 7c]
Santana Carlos: calls $0.02
marko2401: raises $0.03 to $0.05
Ciklmira: raises $0.10 to $0.15
zive_Belarus: folds 
FijiKid420: folds 
Dorex2007: folds 
Artur16228: folds 
Sero776: folds 
Shoxuzb: folds 
Santana Carlos: folds 
marko2401: folds 
Uncalled bet ($0.10) returned to Ciklmira
Ciklmira collected $0.15 from pot
Ciklmira: doesn't show hand 
*** SUMMARY ***
Total pot $0.15 | Rake $0 
Seat 1: zive_Belarus folded before Flop (didn't bet)
Seat 2: FijiKid420 folded before Flop (didn't bet)
Seat 3: Dorex2007 folded before Flop (didn't bet)
Seat 4: Artur16228 (button) folded before Flop (didn't bet)
Seat 5: Sero776 (small blind) folded before Flop
Seat 6: Shoxuzb (big blind) folded before Flop
Seat 7: Santana Carlos folded before Flop
Seat 8: marko2401 folded before Flop
Seat 9: Ciklmira collected ($0.15)



PokerStars Hand #229768799800:  Hold'em No Limit ($0.01/$0.02 USD) - 2021/09/11 10:05:40 PT [2021/09/11 13:05:40 ET]
Table 'Constantia III' 9-max Seat #5 is the button
Seat 1: zive_Belarus ($2.97 in chips) 
Seat 2: FijiKid420 ($1.17 in chips) 
Seat 3: Dorex2007 ($2.33 in chips) 
Seat 4: Artur16228 ($1.44 in chips) 
Seat 5: Sero776 ($1.95 in chips) 
Seat 6: Shoxuzb ($2 in chips) 
Seat 7: Santana Carlos ($2.82 in chips) 
Seat 8: marko2401 ($1.92 in chips) 
Seat 9: Ciklmira ($1.42 in chips) 
Shoxuzb: posts small blind $0.01
Santana Carlos: posts big blind $0.02
*** HOLE CARDS ***
Dealt to Dorex2007 [5c 3h]
marko2401: folds 
Ciklmira: folds 
zive_Belarus: folds 
FijiKid420: folds 
Dorex2007: folds 
Artur16228: folds 
Sero776: folds 
Shoxuzb: raises $0.03 to $0.05
Santana Carlos: calls $0.03
*** FLOP *** [7h 3d 2c]
Shoxuzb: bets $0.10
Santana Carlos: folds 
Uncalled bet ($0.10) returned to Shoxuzb
Shoxuzb collected $0.10 from pot
Shoxuzb: doesn't show hand 
*** SUMMARY ***
Total pot $0.10 | Rake $0 
Board [7h 3d 2c]
Seat 1: zive_Belarus folded before Flop (didn't bet)
Seat 2: FijiKid420 folded before Flop (didn't bet)
Seat 3: Dorex2007 folded before Flop (didn't bet)
Seat 4: Artur16228 folded before Flop (didn't bet)
Seat 5: Sero776 (button) folded before Flop (didn't bet)
Seat 6: Shoxuzb (small blind) collected ($0.10)
Seat 7: Santana Carlos (big blind) folded on the Flop
Seat 8: marko2401 folded before Flop (didn't bet)
Seat 9: Ciklmira folded before Flop (didn't bet)



PokerStars Hand #229768814563:  Hold'em No Limit ($0.01/$0.02 USD) - 2021/09/11 10:06:14 PT [2021/09/11 13:06:14 ET]
Table 'Constantia III' 9-max Seat #6 is the button
Seat 1: zive_Belarus ($2.97 in chips) 
Seat 2: FijiKid420 ($1.17 in chips) 
Seat 3: Dorex2007 ($2.33 in chips) 
Seat 4: Artur16228 ($1.44 in chips) 
Seat 5: Sero776 ($1.95 in chips) 
Seat 6: Shoxuzb ($2.05 in chips) 
Seat 7: Santana Carlos ($2.77 in chips) 
Seat 8: marko2401 ($1.92 in chips) 
Seat 9: Ciklmira ($1.42 in chips) 
Santana Carlos: posts small blind $0.01
marko2401: posts big blind $0.02
*** HOLE CARDS ***
Dealt to Dorex2007 [Ks Qs]
Ciklmira: folds 
zive_Belarus: folds 
FijiKid420: folds 
Dorex2007: raises $0.02 to $0.04
Artur16228: folds 
Sero776: raises $0.08 to $0.12
Shoxuzb: folds 
Santana Carlos: calls $0.11
marko2401: folds 
Dorex2007: calls $0.08
*** FLOP *** [Jc 3d Td]
Santana Carlos: checks 
Dorex2007: checks 
Sero776: bets $0.22
Santana Carlos: calls $0.22
Dorex2007: folds 
*** TURN *** [Jc 3d Td] [Jh]
Santana Carlos: checks 
Sero776: checks 
*** RIVER *** [Jc 3d Td Jh] [4c]
Santana Carlos: checks 
Sero776: bets $1.02
Santana Carlos: folds 
Uncalled bet ($1.02) returned to Sero776
Sero776 collected $0.78 from pot
*** SUMMARY ***
Total pot $0.82 | Rake $0.04 
Board [Jc 3d Td Jh 4c]
Seat 1: zive_Belarus folded before Flop (didn't bet)
Seat 2: FijiKid420 folded before Flop (didn't bet)
Seat 3: Dorex2007 folded on the Flop
Seat 4: Artur16228 folded before Flop (didn't bet)
Seat 5: Sero776 collected ($0.78)
Seat 6: Shoxuzb (button) folded before Flop (didn't bet)
Seat 7: Santana Carlos (small blind) folded on the River
Seat 8: marko2401 (big blind) folded before Flop
Seat 9: Ciklmira folded before Flop (didn't bet)



PokerStars Hand #229768849087:  Hold'em No Limit ($0.01/$0.02 USD) - 2021/09/11 10:07:32 PT [2021/09/11 13:07:32 ET]
Table 'Constantia III' 9-max Seat #7 is the button
Seat 1: zive_Belarus ($2.97 in chips) 
Seat 2: FijiKid420 ($1.17 in chips) 
Seat 3: Dorex2007 ($2.21 in chips) 
Seat 4: Artur16228 ($1.44 in chips) 
Seat 5: Sero776 ($2.39 in chips) 
Seat 6: Shoxuzb ($2.05 in chips) 
Seat 7: Santana Carlos ($2.43 in chips) 
Seat 8: marko2401 ($1.90 in chips) 
Seat 9: Ciklmira ($1.42 in chips) 
marko2401: posts small blind $0.01
Ciklmira: posts big blind $0.02
*** HOLE CARDS ***
Dealt to Dorex2007 [5d Jd]
zive_Belarus: folds 
FijiKid420: calls $0.02
Dorex2007: folds 
Artur16228: folds 
Sero776: raises $0.06 to $0.08
Shoxuzb: folds 
Santana Carlos: calls $0.08
marko2401: folds 
Ciklmira: calls $0.06
FijiKid420: raises $0.33 to $0.41
Sero776: folds 
Santana Carlos: folds 
Ciklmira: folds 
Uncalled bet ($0.33) returned to FijiKid420
FijiKid420 collected $0.33 from pot
FijiKid420: doesn't show hand 
*** SUMMARY ***
Total pot $0.33 | Rake $0 
Seat 1: zive_Belarus folded before Flop (didn't bet)
Seat 2: FijiKid420 collected ($0.33)
Seat 3: Dorex2007 folded before Flop (didn't bet)
Seat 4: Artur16228 folded before Flop (didn't bet)
Seat 5: Sero776 folded before Flop
Seat 6: Shoxuzb folded before Flop (didn't bet)
Seat 7: Santana Carlos (button) folded before Flop
Seat 8: marko2401 (small blind) folded before Flop
Seat 9: Ciklmira (big blind) folded before Flop



PokerStars Hand #229768862332:  Hold'em No Limit ($0.01/$0.02 USD) - 2021/09/11 10:08:02 PT [2021/09/11 13:08:02 ET]
Table 'Constantia III' 9-max Seat #8 is the button
Seat 1: zive_Belarus ($2.97 in chips) 
Seat 2: FijiKid420 ($1.42 in chips) 
Seat 3: Dorex2007 ($2.21 in chips) 
Seat 4: Artur16228 ($1.44 in chips) 
Seat 5: Sero776 ($2.31 in chips) 
Seat 6: Shoxuzb ($2.05 in chips) 
Seat 7: Santana Carlos ($2.35 in chips) 
Seat 8: marko2401 ($1.89 in chips) 
Seat 9: Ciklmira ($1.34 in chips) 
Ciklmira: posts small blind $0.01
zive_Belarus: posts big blind $0.02
*** HOLE CARDS ***
Dealt to Dorex2007 [Jd 3c]
FijiKid420: folds 
Dorex2007: folds 
Artur16228: folds 
Sero776: folds 
Shoxuzb: raises $0.03 to $0.05
Santana Carlos: calls $0.05
marko2401: folds 
Ciklmira: folds 
zive_Belarus: raises $0.19 to $0.24
Shoxuzb: calls $0.19
Santana Carlos: folds 
*** FLOP *** [Jh 6d Ts]
zive_Belarus: bets $0.16
Shoxuzb: calls $0.16
*** TURN *** [Jh 6d Ts] [9s]
zive_Belarus: checks 
Shoxuzb: checks 
*** RIVER *** [Jh 6d Ts 9s] [Ad]
zive_Belarus: checks 
Shoxuzb: bets $0.55
zive_Belarus: folds 
Uncalled bet ($0.55) returned to Shoxuzb
Shoxuzb collected $0.83 from pot
*** SUMMARY ***
Total pot $0.86 | Rake $0.03 
Board [Jh 6d Ts 9s Ad]
Seat 1: zive_Belarus (big blind) folded on the River
Seat 2: FijiKid420 folded before Flop (didn't bet)
Seat 3: Dorex2007 folded before Flop (didn't bet)
Seat 4: Artur16228 folded before Flop (didn't bet)
Seat 5: Sero776 folded before Flop (didn't bet)
Seat 6: Shoxuzb collected ($0.83)
Seat 7: Santana Carlos folded before Flop
Seat 8: marko2401 (button) folded before Flop (didn't bet)
Seat 9: Ciklmira (small blind) folded before Flop



PokerStars Hand #229768890603:  Hold'em No Limit ($0.01/$0.02 USD) - 2021/09/11 10:09:06 PT [2021/09/11 13:09:06 ET]
Table 'Constantia III' 9-max Seat #9 is the button
Seat 1: zive_Belarus ($2.57 in chips) 
Seat 2: FijiKid420 ($1.42 in chips) 
Seat 3: Dorex2007 ($2.21 in chips) 
Seat 4: Artur16228 ($1.44 in chips) 
Seat 5: Sero776 ($2.31 in chips) 
Seat 6: Shoxuzb ($2.48 in chips) 
Seat 7: Santana Carlos ($2.30 in chips) 
Seat 8: marko2401 ($1.89 in chips) 
Seat 9: Ciklmira ($1.33 in chips) 
zive_Belarus: posts small blind $0.01
FijiKid420: posts big blind $0.02
*** HOLE CARDS ***
Dealt to Dorex2007 [3h Jd]
Dorex2007: folds 
Artur16228: calls $0.02
Sero776: raises $0.06 to $0.08
Shoxuzb: folds 
Santana Carlos: folds 
marko2401: folds 
Ciklmira: calls $0.08
zive_Belarus: folds 
FijiKid420: calls $0.06
Artur16228: calls $0.06
*** FLOP *** [Qc Kh Th]
FijiKid420: checks 
Artur16228: checks 
Sero776: bets $0.16
Ciklmira: folds 
FijiKid420: folds 
Artur16228: folds 
Uncalled bet ($0.16) returned to Sero776
Sero776 collected $0.32 from pot
*** SUMMARY ***
Total pot $0.33 | Rake $0.01 
Board [Qc Kh Th]
Seat 1: zive_Belarus (small blind) folded before Flop
Seat 2: FijiKid420 (big blind) folded on the Flop
Seat 3: Dorex2007 folded before Flop (didn't bet)
Seat 4: Artur16228 folded on the Flop
Seat 5: Sero776 collected ($0.32)
Seat 6: Shoxuzb folded before Flop (didn't bet)
Seat 7: Santana Carlos folded before Flop (didn't bet)
Seat 8: marko2401 folded before Flop (didn't bet)
Seat 9: Ciklmira (button) folded on the Flop



PokerStars Hand #229768908333:  Hold'em No Limit ($0.01/$0.02 USD) - 2021/09/11 10:09:47 PT [2021/09/11 13:09:47 ET]
Table 'Constantia III' 9-max Seat #1 is the button
Seat 1: zive_Belarus ($2.56 in chips) 
Seat 2: FijiKid420 ($1.34 in chips) 
Seat 3: Dorex2007 ($2.21 in chips) 
Seat 4: Artur16228 ($1.36 in chips) 
Seat 5: Sero776 ($2.55 in chips) 
Seat 6: Shoxuzb ($2.48 in chips) 
Seat 7: Santana Carlos ($2.30 in chips) 
Seat 8: marko2401 ($1.89 in chips) 
Seat 9: Ciklmira ($1.25 in chips) 
FijiKid420: posts small blind $0.01
Dorex2007: posts big blind $0.02
*** HOLE CARDS ***
Dealt to Dorex2007 [Ah 7c]
Artur16228: folds 
Sero776: folds 
Shoxuzb: folds 
Santana Carlos: raises $0.02 to $0.04
marko2401: folds 
Ciklmira: folds 
zive_Belarus: folds 
FijiKid420: folds 
Dorex2007: folds 
Uncalled bet ($0.02) returned to Santana Carlos
Santana Carlos collected $0.05 from pot
*** SUMMARY ***
Total pot $0.05 | Rake $0 
Seat 1: zive_Belarus (button) folded before Flop (didn't bet)
Seat 2: FijiKid420 (small blind) folded before Flop
Seat 3: Dorex2007 (big blind) folded before Flop
Seat 4: Artur16228 folded before Flop (didn't bet)
Seat 5: Sero776 folded before Flop (didn't bet)
Seat 6: Shoxuzb folded before Flop (didn't bet)
Seat 7: Santana Carlos collected ($0.05)
Seat 8: marko2401 folded before Flop (didn't bet)
Seat 9: Ciklmira folded before Flop (didn't bet)



PokerStars Hand #229768917904:  Hold'em No Limit ($0.01/$0.02 USD) - 2021/09/11 10:10:08 PT [2021/09/11 13:10:08 ET]
Table 'Constantia III' 9-max Seat #2 is the button
Seat 1: zive_Belarus ($2.56 in chips) 
Seat 2: FijiKid420 ($1.33 in chips) 
Seat 3: Dorex2007 ($2.19 in chips) 
Seat 4: Artur16228 ($1.36 in chips) 
Seat 5: Sero776 ($2.55 in chips) 
Seat 6: Shoxuzb ($2.48 in chips) 
Seat 7: Santana Carlos ($2.33 in chips) 
Seat 8: marko2401 ($1.89 in chips) 
Seat 9: Ciklmira ($1.25 in chips) 
Dorex2007: posts small blind $0.01
Artur16228: posts big blind $0.02
*** HOLE CARDS ***
Dealt to Dorex2007 [2d 8h]
Sero776: raises $0.06 to $0.08
Shoxuzb: folds 
Santana Carlos: folds 
marko2401: folds 
Ciklmira: folds 
zive_Belarus: folds 
FijiKid420: raises $0.19 to $0.27
Dorex2007: folds 
Artur16228: folds 
Sero776: calls $0.19
*** FLOP *** [Ks Kh Tc]
Sero776: checks 
FijiKid420: bets $0.55
Sero776: raises $1.73 to $2.28 and is all-in
FijiKid420: calls $0.51 and is all-in
Uncalled bet ($1.22) returned to Sero776
*** TURN *** [Ks Kh Tc] [4s]
*** RIVER *** [Ks Kh Tc 4s] [7h]
*** SHOW DOWN ***
Sero776: shows [Qs Jh] (a pair of Kings)
FijiKid420: shows [As Qh] (a pair of Kings - Ace kicker)
FijiKid420 collected $2.60 from pot
*** SUMMARY ***
Total pot $2.69 | Rake $0.09 
Board [Ks Kh Tc 4s 7h]
Seat 1: zive_Belarus folded before Flop (didn't bet)
Seat 2: FijiKid420 (button) showed [As Qh] and won ($2.60) with a pair of Kings
Seat 3: Dorex2007 (small blind) folded before Flop
Seat 4: Artur16228 (big blind) folded before Flop
Seat 5: Sero776 showed [Qs Jh] and lost with a pair of Kings
Seat 6: Shoxuzb folded before Flop (didn't bet)
Seat 7: Santana Carlos folded before Flop (didn't bet)
Seat 8: marko2401 folded before Flop (didn't bet)
Seat 9: Ciklmira folded before Flop (didn't bet)



PokerStars Hand #229768939733:  Hold'em No Limit ($0.01/$0.02 USD) - 2021/09/11 10:10:58 PT [2021/09/11 13:10:58 ET]
Table 'Constantia III' 9-max Seat #3 is the button
Seat 1: zive_Belarus ($2.56 in chips) 
Seat 2: FijiKid420 ($2.60 in chips) 
Seat 3: Dorex2007 ($2.18 in chips) 
Seat 4: Artur16228 ($1.34 in chips) 
Seat 5: Sero776 ($1.22 in chips) 
Seat 6: Shoxuzb ($2.48 in chips) 
Seat 7: Santana Carlos ($2.33 in chips) 
Seat 8: marko2401 ($1.89 in chips) 
Seat 9: Ciklmira ($1.25 in chips) 
Artur16228: posts small blind $0.01
Sero776: posts big blind $0.02
*** HOLE CARDS ***
Dealt to Dorex2007 [8d Kd]
Shoxuzb: raises $0.03 to $0.05
Santana Carlos: calls $0.05
marko2401: folds 
Ciklmira: folds 
zive_Belarus: folds 
FijiKid420: calls $0.05
Dorex2007: folds 
Artur16228: folds 
Sero776: calls $0.03
*** FLOP *** [Ah Js Jc]
Sero776: checks 
Shoxuzb: bets $0.15
Santana Carlos: calls $0.15
FijiKid420: folds 
Sero776: folds 
*** TURN *** [Ah Js Jc] [Kh]
Shoxuzb: bets $0.37
Santana Carlos: calls $0.37
*** RIVER *** [Ah Js Jc Kh] [Jh]
Shoxuzb: bets $1.21
Santana Carlos: raises $0.55 to $1.76 and is all-in
Shoxuzb: calls $0.55
*** SHOW DOWN ***
Santana Carlos: shows [Qh Jd] (four of a kind, Jacks)
Shoxuzb: shows [Ad As] (a full house, Aces full of Jacks)
Santana Carlos collected $4.60 from pot
*** SUMMARY ***
Total pot $4.77 | Rake $0.17 
Board [Ah Js Jc Kh Jh]
Seat 1: zive_Belarus folded before Flop (didn't bet)
Seat 2: FijiKid420 folded on the Flop
Seat 3: Dorex2007 (button) folded before Flop (didn't bet)
Seat 4: Artur16228 (small blind) folded before Flop
Seat 5: Sero776 (big blind) folded on the Flop
Seat 6: Shoxuzb showed [Ad As] and lost with a full house, Aces full of Jacks
Seat 7: Santana Carlos showed [Qh Jd] and won ($4.60) with four of a kind, Jacks
Seat 8: marko2401 folded before Flop (didn't bet)
Seat 9: Ciklmira folded before Flop (didn't bet)



PokerStars Hand #229768983215:  Hold'em No Limit ($0.01/$0.02 USD) - 2021/09/11 10:12:38 PT [2021/09/11 13:12:38 ET]
Table 'Constantia III' 9-max Seat #4 is the button
Seat 1: zive_Belarus ($2.56 in chips) 
Seat 2: FijiKid420 ($2.55 in chips) 
Seat 3: Dorex2007 ($2.18 in chips) 
Seat 4: Artur16228 ($1.33 in chips) 
Seat 5: Sero776 ($1.17 in chips) 
Seat 6: Shoxuzb ($2 in chips) 
Seat 7: Santana Carlos ($4.60 in chips) 
Seat 8: marko2401 ($1.89 in chips) 
Seat 9: Ciklmira ($1.25 in chips) 
Sero776: posts small blind $0.01
Shoxuzb: posts big blind $0.02
*** HOLE CARDS ***
Dealt to Dorex2007 [5h 5s]
Santana Carlos: folds 
marko2401 has timed out
marko2401: folds 
Ciklmira: folds 
zive_Belarus: folds 
FijiKid420: calls $0.02
Dorex2007: calls $0.02
Artur16228: folds 
Sero776: raises $0.04 to $0.06
Shoxuzb: raises $0.16 to $0.22
FijiKid420: folds 
Dorex2007: folds 
Sero776: calls $0.16
*** FLOP *** [Td Kh Qd]
Sero776: checks 
Shoxuzb: bets $0.46
Sero776: folds 
Uncalled bet ($0.46) returned to Shoxuzb
Shoxuzb collected $0.46 from pot
Shoxuzb: doesn't show hand 
*** SUMMARY ***
Total pot $0.48 | Rake $0.02 
Board [Td Kh Qd]
Seat 1: zive_Belarus folded before Flop (didn't bet)
Seat 2: FijiKid420 folded before Flop
Seat 3: Dorex2007 folded before Flop
Seat 4: Artur16228 (button) folded before Flop (didn't bet)
Seat 5: Sero776 (small blind) folded on the Flop
Seat 6: Shoxuzb (big blind) collected ($0.46)
Seat 7: Santana Carlos folded before Flop (didn't bet)
Seat 8: marko2401 folded before Flop (didn't bet)
Seat 9: Ciklmira folded before Flop (didn't bet)



PokerStars Hand #229769004607:  Hold'em No Limit ($0.01/$0.02 USD) - 2021/09/11 10:13:27 PT [2021/09/11 13:13:27 ET]
Table 'Constantia III' 9-max Seat #5 is the button
Seat 1: zive_Belarus ($2.56 in chips) 
Seat 2: FijiKid420 ($2.53 in chips) 
Seat 3: Dorex2007 ($2.16 in chips) 
Seat 4: Artur16228 ($1.33 in chips) 
Seat 5: Sero776 ($0.95 in chips) 
Seat 6: Shoxuzb ($2.24 in chips) 
Seat 8: marko2401 ($1.89 in chips) 
Seat 9: Ciklmira ($1.25 in chips) 
Shoxuzb: posts small blind $0.01
Santana Carlos: is sitting out 
marko2401: posts big blind $0.02
*** HOLE CARDS ***
Dealt to Dorex2007 [6h 8c]
Santana Carlos leaves the table
Ciklmira has timed out
Ciklmira: folds 
zive_Belarus: folds 
FijiKid420: raises $0.05 to $0.07
Dorex2007: folds 
Artur16228: folds 
Sero776: folds 
Sero776 leaves the table
Shoxuzb: folds 
marko2401: folds 
Uncalled bet ($0.05) returned to FijiKid420
Shoxuzb leaves the table
FijiKid420 collected $0.05 from pot
FijiKid420: doesn't show hand 
*** SUMMARY ***
Total pot $0.05 | Rake $0 
Seat 1: zive_Belarus folded before Flop (didn't bet)
Seat 2: FijiKid420 collected ($0.05)
Seat 3: Dorex2007 folded before Flop (didn't bet)
Seat 4: Artur16228 folded before Flop (didn't bet)
Seat 5: Sero776 (button) folded before Flop (didn't bet)
Seat 6: Shoxuzb (small blind) folded before Flop
Seat 8: marko2401 (big blind) folded before Flop
Seat 9: Ciklmira folded before Flop (didn't bet)



PokerStars Hand #229769013402:  Hold'em No Limit ($0.01/$0.02 USD) - 2021/09/11 10:13:47 PT [2021/09/11 13:13:47 ET]
Table 'Constantia III' 9-max Seat #8 is the button
Seat 1: zive_Belarus ($2.56 in chips) 
Seat 2: FijiKid420 ($2.56 in chips) 
Seat 3: Dorex2007 ($2.16 in chips) 
Seat 4: Artur16228 ($1.33 in chips) 
Seat 8: marko2401 ($1.87 in chips) 
Seat 9: Ciklmira ($1.25 in chips) 
Ciklmira: posts small blind $0.01
zive_Belarus: posts big blind $0.02
*** HOLE CARDS ***
Dealt to Dorex2007 [Qs 6s]
FijiKid420: calls $0.02
Dorex2007: folds 
Artur16228: folds 
marko2401: folds 
Ciklmira: raises $0.06 to $0.08
zive_Belarus: raises $0.16 to $0.24
FijiKid420: folds 
Ciklmira: folds 
Uncalled bet ($0.16) returned to zive_Belarus
zive_Belarus collected $0.18 from pot
zive_Belarus: doesn't show hand 
*** SUMMARY ***
Total pot $0.18 | Rake $0 
Seat 1: zive_Belarus (big blind) collected ($0.18)
Seat 2: FijiKid420 folded before Flop
Seat 3: Dorex2007 folded before Flop (didn't bet)
Seat 4: Artur16228 folded before Flop (didn't bet)
Seat 8: marko2401 (button) folded before Flop (didn't bet)
Seat 9: Ciklmira (small blind) folded before Flop



PokerStars Hand #229769027754:  Hold'em No Limit ($0.01/$0.02 USD) - 2021/09/11 10:14:20 PT [2021/09/11 13:14:20 ET]
Table 'Constantia III' 9-max Seat #9 is the button
Seat 1: zive_Belarus ($2.66 in chips) 
Seat 2: FijiKid420 ($2.54 in chips) 
Seat 3: Dorex2007 ($2.16 in chips) 
Seat 4: Artur16228 ($1.33 in chips) 
Seat 8: marko2401 ($1.87 in chips) 
Seat 9: Ciklmira ($1.17 in chips) 
zive_Belarus: posts small blind $0.01
FijiKid420: posts big blind $0.02
*** HOLE CARDS ***
Dealt to Dorex2007 [Kh 4s]
Dorex2007: folds 
Artur16228: folds 
marko2401: folds 
Ciklmira: folds 
zive_Belarus: raises $0.03 to $0.05
FijiKid420: folds 
Uncalled bet ($0.03) returned to zive_Belarus
zive_Belarus collected $0.04 from pot
zive_Belarus: doesn't show hand 
*** SUMMARY ***
Total pot $0.04 | Rake $0 
Seat 1: zive_Belarus (small blind) collected ($0.04)
Seat 2: FijiKid420 (big blind) folded before Flop
Seat 3: Dorex2007 folded before Flop (didn't bet)
Seat 4: Artur16228 folded before Flop (didn't bet)
Seat 8: marko2401 folded before Flop (didn't bet)
Seat 9: Ciklmira (button) folded before Flop (didn't bet)



