PokerStars Hand #227357759430:  Hold'em No Limit ($0.01/$0.02 USD) - 2021/06/05 15:40:34 PT [2021/06/05 18:40:34 ET]
Table 'Cetacea' 9-max Seat #9 is the button
Seat 1: yKrOn ($2.31 in chips) 
Seat 2: Dorex2007 ($2 in chips) 
Seat 3: SunTzuARG ($2.96 in chips) 
Seat 4: andreeahere ($1.81 in chips) 
Seat 5: qqold ($1.55 in chips) 
Seat 6: Maxynoume ($2.84 in chips) 
Seat 7: pntandrei ($1.29 in chips) 
Seat 8: yakore4ek ($1.38 in chips) 
Seat 9: My-Web-Stars ($0.86 in chips) 
yKrOn: posts small blind $0.01
Dorex2007: posts big blind $0.02
*** HOLE CARDS ***
Dealt to Dorex2007 [Ah 4h]
SunTzuARG has timed out
SunTzuARG: folds 
andreeahere: folds 
qqold: folds 
Maxynoume: folds 
pntandrei: folds 
yakore4ek: raises $0.06 to $0.08
My-Web-Stars: folds 
yKrOn: folds 
Dorex2007: folds 
Uncalled bet ($0.06) returned to yakore4ek
yakore4ek collected $0.05 from pot
yakore4ek: doesn't show hand 
*** SUMMARY ***
Total pot $0.05 | Rake $0 
Seat 1: yKrOn (small blind) folded before Flop
Seat 2: Dorex2007 (big blind) folded before Flop
Seat 3: SunTzuARG folded before Flop (didn't bet)
Seat 4: andreeahere folded before Flop (didn't bet)
Seat 5: qqold folded before Flop (didn't bet)
Seat 6: Maxynoume folded before Flop (didn't bet)
Seat 7: pntandrei folded before Flop (didn't bet)
Seat 8: yakore4ek collected ($0.05)
Seat 9: My-Web-Stars (button) folded before Flop (didn't bet)



PokerStars Hand #227357780650:  Hold'em No Limit ($0.01/$0.02 USD) - 2021/06/05 15:41:26 PT [2021/06/05 18:41:26 ET]
Table 'Cetacea' 9-max Seat #1 is the button
Seat 1: yKrOn ($2.30 in chips) 
Seat 2: Dorex2007 ($1.98 in chips) 
Seat 3: SunTzuARG ($2.96 in chips) 
Seat 4: andreeahere ($1.81 in chips) 
Seat 5: qqold ($1.55 in chips) 
Seat 6: Maxynoume ($2.84 in chips) 
Seat 7: pntandrei ($1.29 in chips) 
Seat 8: yakore4ek ($1.41 in chips) 
Seat 9: My-Web-Stars ($0.86 in chips) 
Dorex2007: posts small blind $0.01
SunTzuARG: posts big blind $0.02
*** HOLE CARDS ***
Dealt to Dorex2007 [9c 8s]
andreeahere: folds 
qqold: calls $0.02
Maxynoume: folds 
pntandrei: folds 
yakore4ek: calls $0.02
My-Web-Stars: folds 
yKrOn: raises $0.08 to $0.10
Dorex2007: folds 
SunTzuARG: folds 
qqold: folds 
yakore4ek: calls $0.08
*** FLOP *** [Qs Td 3h]
yakore4ek: checks 
yKrOn: bets $0.12
yakore4ek: folds 
Uncalled bet ($0.12) returned to yKrOn
yKrOn collected $0.24 from pot
yKrOn: doesn't show hand 
*** SUMMARY ***
Total pot $0.25 | Rake $0.01 
Board [Qs Td 3h]
Seat 1: yKrOn (button) collected ($0.24)
Seat 2: Dorex2007 (small blind) folded before Flop
Seat 3: SunTzuARG (big blind) folded before Flop
Seat 4: andreeahere folded before Flop (didn't bet)
Seat 5: qqold folded before Flop
Seat 6: Maxynoume folded before Flop (didn't bet)
Seat 7: pntandrei folded before Flop (didn't bet)
Seat 8: yakore4ek folded on the Flop
Seat 9: My-Web-Stars folded before Flop (didn't bet)



PokerStars Hand #227357826162:  Hold'em No Limit ($0.01/$0.02 USD) - 2021/06/05 15:42:55 PT [2021/06/05 18:42:55 ET]
Table 'Cetacea' 9-max Seat #2 is the button
Seat 1: yKrOn ($2.44 in chips) 
Seat 2: Dorex2007 ($1.97 in chips) 
Seat 3: SunTzuARG ($2.94 in chips) 
Seat 4: andreeahere ($1.81 in chips) 
Seat 5: qqold ($1.53 in chips) 
Seat 6: Maxynoume ($2.84 in chips) 
Seat 7: pntandrei ($1.29 in chips) 
Seat 8: yakore4ek ($1.31 in chips) 
Seat 9: My-Web-Stars ($0.86 in chips) 
SunTzuARG: posts small blind $0.01
andreeahere: posts big blind $0.02
*** HOLE CARDS ***
Dealt to Dorex2007 [3d 2c]
qqold: folds 
Maxynoume: folds 
pntandrei has timed out
pntandrei: folds 
yakore4ek: folds 
My-Web-Stars: folds 
yKrOn: raises $0.03 to $0.05
Dorex2007: folds 
SunTzuARG: folds 
andreeahere: calls $0.03
*** FLOP *** [6d 9c 2s]
andreeahere: bets $0.06
yKrOn: calls $0.06
*** TURN *** [6d 9c 2s] [Kh]
andreeahere: checks 
yKrOn: checks 
*** RIVER *** [6d 9c 2s Kh] [7c]
andreeahere: checks 
yKrOn: checks 
*** SHOW DOWN ***
andreeahere: shows [As Ts] (high card Ace)
yKrOn: shows [5s 7s] (a pair of Sevens)
yKrOn collected $0.22 from pot
*** SUMMARY ***
Total pot $0.23 | Rake $0.01 
Board [6d 9c 2s Kh 7c]
Seat 1: yKrOn showed [5s 7s] and won ($0.22) with a pair of Sevens
Seat 2: Dorex2007 (button) folded before Flop (didn't bet)
Seat 3: SunTzuARG (small blind) folded before Flop
Seat 4: andreeahere (big blind) showed [As Ts] and lost with high card Ace
Seat 5: qqold folded before Flop (didn't bet)
Seat 6: Maxynoume folded before Flop (didn't bet)
Seat 7: pntandrei folded before Flop (didn't bet)
Seat 8: yakore4ek folded before Flop (didn't bet)
Seat 9: My-Web-Stars folded before Flop (didn't bet)



PokerStars Hand #227357859847:  Hold'em No Limit ($0.01/$0.02 USD) - 2021/06/05 15:44:19 PT [2021/06/05 18:44:19 ET]
Table 'Cetacea' 9-max Seat #3 is the button
Seat 1: yKrOn ($2.55 in chips) 
Seat 2: Dorex2007 ($1.97 in chips) 
Seat 3: SunTzuARG ($2.93 in chips) 
Seat 4: andreeahere ($1.70 in chips) 
Seat 5: qqold ($1.53 in chips) 
Seat 6: Maxynoume ($2.84 in chips) 
Seat 7: pntandrei ($1.29 in chips) 
Seat 8: yakore4ek ($1.31 in chips) 
Seat 9: My-Web-Stars ($0.86 in chips) 
andreeahere: posts small blind $0.01
qqold: posts big blind $0.02
*** HOLE CARDS ***
Dealt to Dorex2007 [Jc 6s]
Maxynoume: folds 
pntandrei: folds 
yakore4ek: folds 
My-Web-Stars: folds 
yKrOn: folds 
Dorex2007: folds 
SunTzuARG: raises $0.03 to $0.05
andreeahere: folds 
qqold: calls $0.03
*** FLOP *** [5s Ac Qh]
qqold: checks 
SunTzuARG: bets $0.06
qqold: folds 
Uncalled bet ($0.06) returned to SunTzuARG
SunTzuARG collected $0.11 from pot
SunTzuARG: doesn't show hand 
*** SUMMARY ***
Total pot $0.11 | Rake $0 
Board [5s Ac Qh]
Seat 1: yKrOn folded before Flop (didn't bet)
Seat 2: Dorex2007 folded before Flop (didn't bet)
Seat 3: SunTzuARG (button) collected ($0.11)
Seat 4: andreeahere (small blind) folded before Flop
Seat 5: qqold (big blind) folded on the Flop
Seat 6: Maxynoume folded before Flop (didn't bet)
Seat 7: pntandrei folded before Flop (didn't bet)
Seat 8: yakore4ek folded before Flop (didn't bet)
Seat 9: My-Web-Stars folded before Flop (didn't bet)



PokerStars Hand #227357883532:  Hold'em No Limit ($0.01/$0.02 USD) - 2021/06/05 15:45:17 PT [2021/06/05 18:45:17 ET]
Table 'Cetacea' 9-max Seat #4 is the button
Seat 1: yKrOn ($2.55 in chips) 
Seat 2: Dorex2007 ($1.97 in chips) 
Seat 3: SunTzuARG ($2.99 in chips) 
Seat 4: andreeahere ($1.69 in chips) 
Seat 5: qqold ($1.48 in chips) 
Seat 6: Maxynoume ($2.84 in chips) 
Seat 7: pntandrei ($1.29 in chips) 
Seat 8: yakore4ek ($1.31 in chips) 
Seat 9: My-Web-Stars ($0.86 in chips) 
qqold: posts small blind $0.01
Maxynoume: posts big blind $0.02
*** HOLE CARDS ***
Dealt to Dorex2007 [7s Th]
pntandrei: folds 
yakore4ek: folds 
My-Web-Stars: folds 
yKrOn: raises $0.03 to $0.05
Dorex2007: folds 
SunTzuARG: folds 
andreeahere: calls $0.05
qqold: folds 
Maxynoume: folds 
*** FLOP *** [Qh 9s 2s]
yKrOn: bets $0.07
andreeahere: folds 
Uncalled bet ($0.07) returned to yKrOn
yKrOn collected $0.13 from pot
yKrOn: doesn't show hand 
*** SUMMARY ***
Total pot $0.13 | Rake $0 
Board [Qh 9s 2s]
Seat 1: yKrOn collected ($0.13)
Seat 2: Dorex2007 folded before Flop (didn't bet)
Seat 3: SunTzuARG folded before Flop (didn't bet)
Seat 4: andreeahere (button) folded on the Flop
Seat 5: qqold (small blind) folded before Flop
Seat 6: Maxynoume (big blind) folded before Flop
Seat 7: pntandrei folded before Flop (didn't bet)
Seat 8: yakore4ek folded before Flop (didn't bet)
Seat 9: My-Web-Stars folded before Flop (didn't bet)



PokerStars Hand #227357909999:  Hold'em No Limit ($0.01/$0.02 USD) - 2021/06/05 15:46:23 PT [2021/06/05 18:46:23 ET]
Table 'Cetacea' 9-max Seat #5 is the button
Seat 1: yKrOn ($2.63 in chips) 
Seat 2: Dorex2007 ($1.97 in chips) 
Seat 3: SunTzuARG ($2.99 in chips) 
Seat 4: andreeahere ($1.64 in chips) 
Seat 5: qqold ($1.47 in chips) 
Seat 6: Maxynoume ($2.82 in chips) 
Seat 7: pntandrei ($1.29 in chips) 
Seat 8: yakore4ek ($1.31 in chips) 
Seat 9: My-Web-Stars ($0.86 in chips) 
Maxynoume: posts small blind $0.01
pntandrei: posts big blind $0.02
*** HOLE CARDS ***
Dealt to Dorex2007 [8c 8d]
yakore4ek: raises $0.04 to $0.06
My-Web-Stars: folds 
yKrOn: folds 
Dorex2007: folds 
SunTzuARG: folds 
andreeahere: calls $0.06
qqold: calls $0.06
Maxynoume: calls $0.05
pntandrei: calls $0.04
*** FLOP *** [4d Kc Jh]
Maxynoume: checks 
pntandrei: checks 
yakore4ek: bets $0.08
andreeahere: folds 
qqold: folds 
Maxynoume: calls $0.08
pntandrei: folds 
*** TURN *** [4d Kc Jh] [6s]
Maxynoume: checks 
yakore4ek: bets $0.18
Maxynoume: raises $0.50 to $0.68
yakore4ek: raises $0.49 to $1.17 and is all-in
Maxynoume: calls $0.49
*** RIVER *** [4d Kc Jh 6s] [7h]
*** SHOW DOWN ***
Maxynoume: shows [Qc Kh] (a pair of Kings)
yakore4ek: shows [9h Ks] (a pair of Kings - lower kicker)
Maxynoume collected $2.70 from pot
*** SUMMARY ***
Total pot $2.80 | Rake $0.10 
Board [4d Kc Jh 6s 7h]
Seat 1: yKrOn folded before Flop (didn't bet)
Seat 2: Dorex2007 folded before Flop (didn't bet)
Seat 3: SunTzuARG folded before Flop (didn't bet)
Seat 4: andreeahere folded on the Flop
Seat 5: qqold (button) folded on the Flop
Seat 6: Maxynoume (small blind) showed [Qc Kh] and won ($2.70) with a pair of Kings
Seat 7: pntandrei (big blind) folded on the Flop
Seat 8: yakore4ek showed [9h Ks] and lost with a pair of Kings
Seat 9: My-Web-Stars folded before Flop (didn't bet)



PokerStars Hand #227357983976:  Hold'em No Limit ($0.01/$0.02 USD) - 2021/06/05 15:49:09 PT [2021/06/05 18:49:09 ET]
Table 'Cetacea' 9-max Seat #6 is the button
Seat 1: yKrOn ($2.63 in chips) 
Seat 2: Dorex2007 ($1.97 in chips) 
Seat 3: SunTzuARG ($2.99 in chips) 
Seat 4: andreeahere ($1.58 in chips) 
Seat 5: qqold ($1.41 in chips) 
Seat 6: Maxynoume ($4.21 in chips) 
Seat 7: pntandrei ($1.23 in chips) 
Seat 9: My-Web-Stars ($0.86 in chips) 
pntandrei: posts small blind $0.01
My-Web-Stars: posts big blind $0.02
*** HOLE CARDS ***
Dealt to Dorex2007 [8h 5s]
yKrOn: folds 
Dorex2007: folds 
SunTzuARG: raises $0.04 to $0.06
andreeahere: folds 
qqold: folds 
Maxynoume: folds 
pntandrei: folds 
My-Web-Stars: folds 
Uncalled bet ($0.04) returned to SunTzuARG
SunTzuARG collected $0.05 from pot
SunTzuARG: doesn't show hand 
*** SUMMARY ***
Total pot $0.05 | Rake $0 
Seat 1: yKrOn folded before Flop (didn't bet)
Seat 2: Dorex2007 folded before Flop (didn't bet)
Seat 3: SunTzuARG collected ($0.05)
Seat 4: andreeahere folded before Flop (didn't bet)
Seat 5: qqold folded before Flop (didn't bet)
Seat 6: Maxynoume (button) folded before Flop (didn't bet)
Seat 7: pntandrei (small blind) folded before Flop
Seat 9: My-Web-Stars (big blind) folded before Flop



PokerStars Hand #227358008883:  Hold'em No Limit ($0.01/$0.02 USD) - 2021/06/05 15:50:12 PT [2021/06/05 18:50:12 ET]
Table 'Cetacea' 9-max Seat #7 is the button
Seat 1: yKrOn ($2.63 in chips) 
Seat 2: Dorex2007 ($1.97 in chips) 
Seat 3: SunTzuARG ($3.02 in chips) 
Seat 4: andreeahere ($1.58 in chips) 
Seat 5: qqold ($1.41 in chips) 
Seat 6: Maxynoume ($4.21 in chips) 
Seat 7: pntandrei ($1.22 in chips) 
Seat 9: My-Web-Stars ($0.84 in chips) 
My-Web-Stars: posts small blind $0.01
yKrOn: posts big blind $0.02
*** HOLE CARDS ***
Dealt to Dorex2007 [6c Qh]
Dorex2007: folds 
SunTzuARG: folds 
andreeahere: folds 
qqold: folds 
Maxynoume: folds 
pntandrei: folds 
My-Web-Stars: calls $0.01
yKrOn: raises $0.06 to $0.08
My-Web-Stars: folds 
Uncalled bet ($0.06) returned to yKrOn
yKrOn collected $0.04 from pot
yKrOn: doesn't show hand 
*** SUMMARY ***
Total pot $0.04 | Rake $0 
Seat 1: yKrOn (big blind) collected ($0.04)
Seat 2: Dorex2007 folded before Flop (didn't bet)
Seat 3: SunTzuARG folded before Flop (didn't bet)
Seat 4: andreeahere folded before Flop (didn't bet)
Seat 5: qqold folded before Flop (didn't bet)
Seat 6: Maxynoume folded before Flop (didn't bet)
Seat 7: pntandrei (button) folded before Flop (didn't bet)
Seat 9: My-Web-Stars (small blind) folded before Flop



PokerStars Hand #227358023233:  Hold'em No Limit ($0.01/$0.02 USD) - 2021/06/05 15:50:49 PT [2021/06/05 18:50:49 ET]
Table 'Cetacea' 9-max Seat #9 is the button
Seat 1: yKrOn ($2.65 in chips) 
Seat 2: Dorex2007 ($1.97 in chips) 
Seat 3: SunTzuARG ($3.02 in chips) 
Seat 4: andreeahere ($1.58 in chips) 
Seat 5: qqold ($1.41 in chips) 
Seat 6: Maxynoume ($4.21 in chips) 
Seat 7: pntandrei ($1.22 in chips) 
Seat 9: My-Web-Stars ($0.82 in chips) 
yKrOn: posts small blind $0.01
Dorex2007: posts big blind $0.02
*** HOLE CARDS ***
Dealt to Dorex2007 [9c Ah]
SunTzuARG: folds 
andreeahere: folds 
qqold: raises $0.02 to $0.04
Maxynoume: folds 
pntandrei: folds 
My-Web-Stars: folds 
yKrOn: folds 
Dorex2007: folds 
Uncalled bet ($0.02) returned to qqold
qqold collected $0.05 from pot
qqold: doesn't show hand 
*** SUMMARY ***
Total pot $0.05 | Rake $0 
Seat 1: yKrOn (small blind) folded before Flop
Seat 2: Dorex2007 (big blind) folded before Flop
Seat 3: SunTzuARG folded before Flop (didn't bet)
Seat 4: andreeahere folded before Flop (didn't bet)
Seat 5: qqold collected ($0.05)
Seat 6: Maxynoume folded before Flop (didn't bet)
Seat 7: pntandrei folded before Flop (didn't bet)
Seat 9: My-Web-Stars (button) folded before Flop (didn't bet)



PokerStars Hand #227358033977:  Hold'em No Limit ($0.01/$0.02 USD) - 2021/06/05 15:51:16 PT [2021/06/05 18:51:16 ET]
Table 'Cetacea' 9-max Seat #1 is the button
Seat 1: yKrOn ($2.64 in chips) 
Seat 2: Dorex2007 ($1.95 in chips) 
Seat 3: SunTzuARG ($3.02 in chips) 
Seat 4: andreeahere ($1.58 in chips) 
Seat 5: qqold ($1.44 in chips) 
Seat 6: Maxynoume ($4.21 in chips) 
Seat 7: pntandrei ($1.22 in chips) 
Seat 9: My-Web-Stars ($0.82 in chips) 
Dorex2007: posts small blind $0.01
SunTzuARG: posts big blind $0.02
*** HOLE CARDS ***
Dealt to Dorex2007 [Ac 5c]
andreeahere: raises $0.04 to $0.06
qqold: calls $0.06
Maxynoume: folds 
pntandrei: folds 
My-Web-Stars: folds 
yKrOn: calls $0.06
Dorex2007: folds 
SunTzuARG: folds 
*** FLOP *** [9d 4c 6d]
andreeahere: bets $0.08
qqold: folds 
yKrOn: calls $0.08
*** TURN *** [9d 4c 6d] [6h]
andreeahere: checks 
yKrOn: bets $0.26
andreeahere: folds 
Uncalled bet ($0.26) returned to yKrOn
yKrOn collected $0.36 from pot
yKrOn: doesn't show hand 
*** SUMMARY ***
Total pot $0.37 | Rake $0.01 
Board [9d 4c 6d 6h]
Seat 1: yKrOn (button) collected ($0.36)
Seat 2: Dorex2007 (small blind) folded before Flop
Seat 3: SunTzuARG (big blind) folded before Flop
Seat 4: andreeahere folded on the Turn
Seat 5: qqold folded on the Flop
Seat 6: Maxynoume folded before Flop (didn't bet)
Seat 7: pntandrei folded before Flop (didn't bet)
Seat 9: My-Web-Stars folded before Flop (didn't bet)



PokerStars Hand #227358068899:  Hold'em No Limit ($0.01/$0.02 USD) - 2021/06/05 15:52:46 PT [2021/06/05 18:52:46 ET]
Table 'Cetacea' 9-max Seat #2 is the button
Seat 1: yKrOn ($2.86 in chips) 
Seat 2: Dorex2007 ($1.94 in chips) 
Seat 3: SunTzuARG ($3 in chips) 
Seat 4: andreeahere ($1.44 in chips) 
Seat 5: qqold ($1.38 in chips) 
Seat 6: Maxynoume ($4.21 in chips) 
Seat 7: pntandrei ($1.22 in chips) 
Seat 9: My-Web-Stars ($0.82 in chips) 
SunTzuARG: posts small blind $0.01
andreeahere: posts big blind $0.02
*** HOLE CARDS ***
Dealt to Dorex2007 [Kh 4s]
qqold: calls $0.02
Maxynoume: folds 
pntandrei: folds 
My-Web-Stars: calls $0.02
yKrOn: raises $0.06 to $0.08
Dorex2007: folds 
SunTzuARG: folds 
andreeahere: folds 
qqold: calls $0.06
My-Web-Stars: calls $0.06
*** FLOP *** [Js 2c Ac]
qqold: bets $0.08
My-Web-Stars: raises $0.38 to $0.46
yKrOn: folds 
qqold: raises $0.38 to $0.84
My-Web-Stars: calls $0.28 and is all-in
Uncalled bet ($0.10) returned to qqold
*** TURN *** [Js 2c Ac] [Td]
*** RIVER *** [Js 2c Ac Td] [5s]
*** SHOW DOWN ***
qqold: shows [Qc 6c] (high card Ace)
My-Web-Stars: shows [As Th] (two pair, Aces and Tens)
My-Web-Stars cashed out the hand for $1.04 | Cash Out Fee $0.01
*** SUMMARY ***
Total pot $1.75 | Rake $0.06 
Board [Js 2c Ac Td 5s]
Seat 1: yKrOn folded on the Flop
Seat 2: Dorex2007 (button) folded before Flop (didn't bet)
Seat 3: SunTzuARG (small blind) folded before Flop
Seat 4: andreeahere (big blind) folded before Flop
Seat 5: qqold showed [Qc 6c] and lost with high card Ace
Seat 6: Maxynoume folded before Flop (didn't bet)
Seat 7: pntandrei folded before Flop (didn't bet)
Seat 9: My-Web-Stars showed [As Th] and won ($1.69) with two pair, Aces and Tens (pot not awarded as player cashed out)



PokerStars Hand #227358119623:  Hold'em No Limit ($0.01/$0.02 USD) - 2021/06/05 15:54:56 PT [2021/06/05 18:54:56 ET]
Table 'Cetacea' 9-max Seat #3 is the button
Seat 1: yKrOn ($2.78 in chips) 
Seat 2: Dorex2007 ($1.94 in chips) 
Seat 3: SunTzuARG ($2.99 in chips) 
Seat 4: andreeahere ($1.42 in chips) 
Seat 5: qqold ($0.56 in chips) 
Seat 6: Maxynoume ($4.21 in chips) 
Seat 7: pntandrei ($1.22 in chips) 
Seat 9: My-Web-Stars ($1.04 in chips) 
andreeahere: posts small blind $0.01
qqold: posts big blind $0.02
*** HOLE CARDS ***
Dealt to Dorex2007 [Td 6s]
Maxynoume: folds 
pntandrei has timed out
pntandrei: folds 
My-Web-Stars: calls $0.02
yKrOn: folds 
Dorex2007: folds 
SunTzuARG: folds 
andreeahere: raises $0.02 to $0.04
qqold: calls $0.02
My-Web-Stars: calls $0.02
*** FLOP *** [5d 5h 3c]
andreeahere: checks 
qqold: checks 
My-Web-Stars: bets $0.16
andreeahere: folds 
qqold: calls $0.16
*** TURN *** [5d 5h 3c] [7c]
qqold: checks 
My-Web-Stars: bets $0.21
qqold: raises $0.15 to $0.36 and is all-in
My-Web-Stars: calls $0.15
*** RIVER *** [5d 5h 3c 7c] [Ts]
*** SHOW DOWN ***
qqold: shows [5s 2h] (three of a kind, Fives)
My-Web-Stars: shows [Ad 9d] (a pair of Fives)
qqold collected $1.12 from pot
*** SUMMARY ***
Total pot $1.16 | Rake $0.04 
Board [5d 5h 3c 7c Ts]
Seat 1: yKrOn folded before Flop (didn't bet)
Seat 2: Dorex2007 folded before Flop (didn't bet)
Seat 3: SunTzuARG (button) folded before Flop (didn't bet)
Seat 4: andreeahere (small blind) folded on the Flop
Seat 5: qqold (big blind) showed [5s 2h] and won ($1.12) with three of a kind, Fives
Seat 6: Maxynoume folded before Flop (didn't bet)
Seat 7: pntandrei folded before Flop (didn't bet)
Seat 9: My-Web-Stars showed [Ad 9d] and lost with a pair of Fives



PokerStars Hand #227358165514:  Hold'em No Limit ($0.01/$0.02 USD) - 2021/06/05 15:57:23 PT [2021/06/05 18:57:23 ET]
Table 'Cetacea' 9-max Seat #4 is the button
Seat 1: yKrOn ($2.78 in chips) 
Seat 2: Dorex2007 ($1.94 in chips) 
Seat 3: SunTzuARG ($2.99 in chips) 
Seat 4: andreeahere ($1.38 in chips) 
Seat 5: qqold ($1.12 in chips) 
Seat 6: Maxynoume ($4.21 in chips) 
Seat 7: pntandrei ($1.22 in chips) 
Seat 9: My-Web-Stars ($0.48 in chips) 
qqold: posts small blind $0.01
Maxynoume: posts big blind $0.02
*** HOLE CARDS ***
Dealt to Dorex2007 [Jc 2c]
pntandrei: folds 
My-Web-Stars: folds 
yKrOn: folds 
Dorex2007: folds 
qqold said, "napkins?"
SunTzuARG: raises $0.03 to $0.05
andreeahere: folds 
qqold said, "sonuva"
qqold: calls $0.04
yakore4ek said, "))0"
Maxynoume: folds 
*** FLOP *** [3d 9h 4h]
qqold: checks 
SunTzuARG: bets $0.04
qqold: calls $0.04
*** TURN *** [3d 9h 4h] [Jh]
qqold: checks 
SunTzuARG: bets $0.12
qqold: folds 
Uncalled bet ($0.12) returned to SunTzuARG
SunTzuARG collected $0.19 from pot
SunTzuARG: doesn't show hand 
*** SUMMARY ***
Total pot $0.20 | Rake $0.01 
Board [3d 9h 4h Jh]
Seat 1: yKrOn folded before Flop (didn't bet)
Seat 2: Dorex2007 folded before Flop (didn't bet)
Seat 3: SunTzuARG collected ($0.19)
Seat 4: andreeahere (button) folded before Flop (didn't bet)
Seat 5: qqold (small blind) folded on the Turn
Seat 6: Maxynoume (big blind) folded before Flop
Seat 7: pntandrei folded before Flop (didn't bet)
Seat 9: My-Web-Stars folded before Flop (didn't bet)



PokerStars Hand #227358190442:  Hold'em No Limit ($0.01/$0.02 USD) - 2021/06/05 15:58:43 PT [2021/06/05 18:58:43 ET]
Table 'Cetacea' 9-max Seat #5 is the button
Seat 1: yKrOn ($2.78 in chips) 
Seat 2: Dorex2007 ($1.94 in chips) 
Seat 3: SunTzuARG ($3.09 in chips) 
Seat 4: andreeahere ($1.38 in chips) 
Seat 5: qqold ($1.03 in chips) 
Seat 6: Maxynoume ($4.19 in chips) 
Seat 7: pntandrei ($1.22 in chips) 
Seat 9: My-Web-Stars ($0.48 in chips) 
Maxynoume: posts small blind $0.01
pntandrei: posts big blind $0.02
yakore4ek: sits out 
*** HOLE CARDS ***
Dealt to Dorex2007 [2c 8s]
My-Web-Stars: folds 
yKrOn: folds 
Dorex2007: folds 
SunTzuARG: folds 
andreeahere: folds 
qqold: folds 
Maxynoume: raises $0.02 to $0.04
pntandrei: folds 
Uncalled bet ($0.02) returned to Maxynoume
Maxynoume collected $0.04 from pot
Maxynoume: doesn't show hand 
*** SUMMARY ***
Total pot $0.04 | Rake $0 
Seat 1: yKrOn folded before Flop (didn't bet)
Seat 2: Dorex2007 folded before Flop (didn't bet)
Seat 3: SunTzuARG folded before Flop (didn't bet)
Seat 4: andreeahere folded before Flop (didn't bet)
Seat 5: qqold (button) folded before Flop (didn't bet)
Seat 6: Maxynoume (small blind) collected ($0.04)
Seat 7: pntandrei (big blind) folded before Flop
Seat 9: My-Web-Stars folded before Flop (didn't bet)



PokerStars Hand #227358198876:  Hold'em No Limit ($0.01/$0.02 USD) - 2021/06/05 15:59:11 PT [2021/06/05 18:59:11 ET]
Table 'Cetacea' 9-max Seat #6 is the button
Seat 1: yKrOn ($2.78 in chips) 
Seat 2: Dorex2007 ($1.94 in chips) 
Seat 3: SunTzuARG ($3.09 in chips) 
Seat 4: andreeahere ($1.38 in chips) 
Seat 5: qqold ($1.03 in chips) 
Seat 6: Maxynoume ($4.21 in chips) 
Seat 7: pntandrei ($1.20 in chips) 
Seat 8: yakore4ek ($2 in chips) 
Seat 9: My-Web-Stars ($0.48 in chips) 
pntandrei: posts small blind $0.01
yakore4ek: posts big blind $0.02
*** HOLE CARDS ***
Dealt to Dorex2007 [5s Qd]
My-Web-Stars: calls $0.02
yKrOn: folds 
Dorex2007: folds 
SunTzuARG: folds 
andreeahere: folds 
qqold: folds 
Maxynoume: raises $0.02 to $0.04
pntandrei: folds 
yakore4ek: folds 
My-Web-Stars: calls $0.02
*** FLOP *** [Ks 6c 5c]
My-Web-Stars: checks 
Maxynoume: bets $0.06
My-Web-Stars: folds 
Uncalled bet ($0.06) returned to Maxynoume
Maxynoume collected $0.11 from pot
Maxynoume: doesn't show hand 
*** SUMMARY ***
Total pot $0.11 | Rake $0 
Board [Ks 6c 5c]
Seat 1: yKrOn folded before Flop (didn't bet)
Seat 2: Dorex2007 folded before Flop (didn't bet)
Seat 3: SunTzuARG folded before Flop (didn't bet)
Seat 4: andreeahere folded before Flop (didn't bet)
Seat 5: qqold folded before Flop (didn't bet)
Seat 6: Maxynoume (button) collected ($0.11)
Seat 7: pntandrei (small blind) folded before Flop
Seat 8: yakore4ek (big blind) folded before Flop
Seat 9: My-Web-Stars folded on the Flop



PokerStars Hand #227358223670:  Hold'em No Limit ($0.01/$0.02 USD) - 2021/06/05 16:00:30 PT [2021/06/05 19:00:30 ET]
Table 'Cetacea' 9-max Seat #7 is the button
Seat 1: yKrOn ($2.78 in chips) 
Seat 2: Dorex2007 ($1.94 in chips) 
Seat 3: SunTzuARG ($3.09 in chips) 
Seat 4: andreeahere ($1.38 in chips) 
Seat 5: qqold ($1.03 in chips) 
Seat 6: Maxynoume ($4.28 in chips) 
Seat 7: pntandrei ($1.19 in chips) 
Seat 8: yakore4ek ($1.98 in chips) 
Seat 9: My-Web-Stars ($0.44 in chips) 
yakore4ek: posts small blind $0.01
My-Web-Stars: posts big blind $0.02
*** HOLE CARDS ***
Dealt to Dorex2007 [4c Qd]
yKrOn: folds 
Dorex2007: folds 
SunTzuARG: folds 
andreeahere: folds 
qqold: calls $0.02
Maxynoume: folds 
pntandrei: folds 
yakore4ek: calls $0.01
My-Web-Stars: checks 
*** FLOP *** [Jd 3d 6d]
yakore4ek: checks 
My-Web-Stars: checks 
qqold: bets $0.02
yakore4ek: folds 
My-Web-Stars: folds 
Uncalled bet ($0.02) returned to qqold
qqold collected $0.06 from pot
qqold: doesn't show hand 
*** SUMMARY ***
Total pot $0.06 | Rake $0 
Board [Jd 3d 6d]
Seat 1: yKrOn folded before Flop (didn't bet)
Seat 2: Dorex2007 folded before Flop (didn't bet)
Seat 3: SunTzuARG folded before Flop (didn't bet)
Seat 4: andreeahere folded before Flop (didn't bet)
Seat 5: qqold collected ($0.06)
Seat 6: Maxynoume folded before Flop (didn't bet)
Seat 7: pntandrei (button) folded before Flop (didn't bet)
Seat 8: yakore4ek (small blind) folded on the Flop
Seat 9: My-Web-Stars (big blind) folded on the Flop



PokerStars Hand #227358254142:  Hold'em No Limit ($0.01/$0.02 USD) - 2021/06/05 16:01:55 PT [2021/06/05 19:01:55 ET]
Table 'Cetacea' 9-max Seat #8 is the button
Seat 2: Dorex2007 ($1.94 in chips) 
Seat 3: SunTzuARG ($3.09 in chips) 
Seat 4: andreeahere ($1.38 in chips) 
Seat 5: qqold ($1.07 in chips) 
Seat 6: Maxynoume ($4.28 in chips) 
Seat 7: pntandrei ($1.19 in chips) 
Seat 8: yakore4ek ($1.96 in chips) 
Seat 9: My-Web-Stars ($0.42 in chips) 
My-Web-Stars: posts small blind $0.01
yKrOn: is sitting out 
Dorex2007: posts big blind $0.02
*** HOLE CARDS ***
Dealt to Dorex2007 [7h Td]
SunTzuARG: folds 
andreeahere: folds 
qqold: folds 
Maxynoume: folds 
pntandrei: raises $0.04 to $0.06
yakore4ek: folds 
My-Web-Stars: folds 
Dorex2007: folds 
Uncalled bet ($0.04) returned to pntandrei
pntandrei collected $0.05 from pot
pntandrei: doesn't show hand 
*** SUMMARY ***
Total pot $0.05 | Rake $0 
Seat 2: Dorex2007 (big blind) folded before Flop
Seat 3: SunTzuARG folded before Flop (didn't bet)
Seat 4: andreeahere folded before Flop (didn't bet)
Seat 5: qqold folded before Flop (didn't bet)
Seat 6: Maxynoume folded before Flop (didn't bet)
Seat 7: pntandrei collected ($0.05)
Seat 8: yakore4ek (button) folded before Flop (didn't bet)
Seat 9: My-Web-Stars (small blind) folded before Flop



PokerStars Hand #227358268862:  Hold'em No Limit ($0.01/$0.02 USD) - 2021/06/05 16:02:33 PT [2021/06/05 19:02:33 ET]
Table 'Cetacea' 9-max Seat #9 is the button
Seat 2: Dorex2007 ($1.92 in chips) 
Seat 3: SunTzuARG ($3.09 in chips) 
Seat 4: andreeahere ($1.38 in chips) 
Seat 5: qqold ($1.07 in chips) 
Seat 6: Maxynoume ($4.28 in chips) 
Seat 7: pntandrei ($1.22 in chips) 
Seat 8: yakore4ek ($1.96 in chips) 
Seat 9: My-Web-Stars ($0.41 in chips) 
Dorex2007: posts small blind $0.01
SunTzuARG: posts big blind $0.02
*** HOLE CARDS ***
Dealt to Dorex2007 [Ad 5d]
andreeahere: folds 
qqold: calls $0.02
Maxynoume: folds 
pntandrei: folds 
yakore4ek: raises $0.06 to $0.08
My-Web-Stars: folds 
Dorex2007: folds 
SunTzuARG: folds 
qqold: calls $0.06
*** FLOP *** [9h 4s 9d]
qqold: checks 
yakore4ek: bets $0.02
qqold: calls $0.02
*** TURN *** [9h 4s 9d] [Ah]
qqold: checks 
yakore4ek: checks 
*** RIVER *** [9h 4s 9d Ah] [2d]
qqold: checks 
yakore4ek: bets $0.34
qqold: folds 
Uncalled bet ($0.34) returned to yakore4ek
yakore4ek collected $0.22 from pot
yakore4ek: doesn't show hand 
*** SUMMARY ***
Total pot $0.23 | Rake $0.01 
Board [9h 4s 9d Ah 2d]
Seat 2: Dorex2007 (small blind) folded before Flop
Seat 3: SunTzuARG (big blind) folded before Flop
Seat 4: andreeahere folded before Flop (didn't bet)
Seat 5: qqold folded on the River
Seat 6: Maxynoume folded before Flop (didn't bet)
Seat 7: pntandrei folded before Flop (didn't bet)
Seat 8: yakore4ek collected ($0.22)
Seat 9: My-Web-Stars (button) folded before Flop (didn't bet)



PokerStars Hand #227358311929:  Hold'em No Limit ($0.01/$0.02 USD) - 2021/06/05 16:04:26 PT [2021/06/05 19:04:26 ET]
Table 'Cetacea' 9-max Seat #2 is the button
Seat 2: Dorex2007 ($1.91 in chips) 
Seat 3: SunTzuARG ($3.07 in chips) 
Seat 4: andreeahere ($1.38 in chips) 
Seat 5: qqold ($0.97 in chips) 
Seat 6: Maxynoume ($4.28 in chips) 
Seat 7: pntandrei ($1.22 in chips) 
Seat 8: yakore4ek ($2.08 in chips) 
Seat 9: My-Web-Stars ($0.41 in chips) 
SunTzuARG: posts small blind $0.01
andreeahere: posts big blind $0.02
*** HOLE CARDS ***
Dealt to Dorex2007 [2c Ks]
qqold: folds 
Maxynoume: folds 
pntandrei: folds 
yakore4ek: raises $0.10 to $0.12
My-Web-Stars: folds 
Dorex2007: folds 
SunTzuARG: folds 
andreeahere: folds 
Uncalled bet ($0.10) returned to yakore4ek
yakore4ek collected $0.05 from pot
yakore4ek: doesn't show hand 
*** SUMMARY ***
Total pot $0.05 | Rake $0 
Seat 2: Dorex2007 (button) folded before Flop (didn't bet)
Seat 3: SunTzuARG (small blind) folded before Flop
Seat 4: andreeahere (big blind) folded before Flop
Seat 5: qqold folded before Flop (didn't bet)
Seat 6: Maxynoume folded before Flop (didn't bet)
Seat 7: pntandrei folded before Flop (didn't bet)
Seat 8: yakore4ek collected ($0.05)
Seat 9: My-Web-Stars folded before Flop (didn't bet)



PokerStars Hand #227358329021:  Hold'em No Limit ($0.01/$0.02 USD) - 2021/06/05 16:05:10 PT [2021/06/05 19:05:10 ET]
Table 'Cetacea' 9-max Seat #3 is the button
Seat 2: Dorex2007 ($1.91 in chips) 
Seat 3: SunTzuARG ($3.06 in chips) 
Seat 4: andreeahere ($1.36 in chips) 
Seat 6: Maxynoume ($4.28 in chips) 
Seat 7: pntandrei ($1.22 in chips) 
Seat 8: yakore4ek ($2.11 in chips) 
Seat 9: My-Web-Stars ($0.41 in chips) 
andreeahere: posts small blind $0.01
Maxynoume: posts big blind $0.02
yKrOn: sits out 
*** HOLE CARDS ***
Dealt to Dorex2007 [2h Td]
pntandrei: folds 
yakore4ek: raises $0.06 to $0.08
My-Web-Stars: folds 
Dorex2007: folds 
SunTzuARG: calls $0.08
andreeahere: folds 
Maxynoume: folds 
*** FLOP *** [6s 9h Ts]
yakore4ek: bets $0.02
SunTzuARG: calls $0.02
*** TURN *** [6s 9h Ts] [Qc]
yakore4ek: bets $0.02
SunTzuARG: raises $0.16 to $0.18
yakore4ek: folds 
Uncalled bet ($0.16) returned to SunTzuARG
SunTzuARG collected $0.26 from pot
SunTzuARG: doesn't show hand 
*** SUMMARY ***
Total pot $0.27 | Rake $0.01 
Board [6s 9h Ts Qc]
Seat 2: Dorex2007 folded before Flop (didn't bet)
Seat 3: SunTzuARG (button) collected ($0.26)
Seat 4: andreeahere (small blind) folded before Flop
Seat 6: Maxynoume (big blind) folded before Flop
Seat 7: pntandrei folded before Flop (didn't bet)
Seat 8: yakore4ek folded on the Turn
Seat 9: My-Web-Stars folded before Flop (didn't bet)



PokerStars Hand #227358359292:  Hold'em No Limit ($0.01/$0.02 USD) - 2021/06/05 16:06:28 PT [2021/06/05 19:06:28 ET]
Table 'Cetacea' 9-max Seat #4 is the button
Seat 2: Dorex2007 ($1.91 in chips) 
Seat 3: SunTzuARG ($3.20 in chips) 
Seat 4: andreeahere ($1.35 in chips) 
Seat 6: Maxynoume ($4.26 in chips) 
Seat 7: pntandrei ($1.22 in chips) 
Seat 8: yakore4ek ($1.99 in chips) 
Seat 9: My-Web-Stars ($0.41 in chips) 
Maxynoume: posts small blind $0.01
pntandrei: posts big blind $0.02
yKrOn: sits out 
*** HOLE CARDS ***
Dealt to Dorex2007 [Ad Ac]
yakore4ek: folds 
My-Web-Stars: calls $0.02
Dorex2007: raises $0.04 to $0.06
SunTzuARG: folds 
andreeahere: calls $0.06
Maxynoume: folds 
pntandrei: folds 
My-Web-Stars: calls $0.04
*** FLOP *** [Ah 7h Jh]
My-Web-Stars: checks 
Dorex2007: bets $0.10
andreeahere: folds 
My-Web-Stars: folds 
Uncalled bet ($0.10) returned to Dorex2007
Dorex2007 collected $0.20 from pot
Dorex2007: doesn't show hand 
*** SUMMARY ***
Total pot $0.21 | Rake $0.01 
Board [Ah 7h Jh]
Seat 2: Dorex2007 collected ($0.20)
Seat 3: SunTzuARG folded before Flop (didn't bet)
Seat 4: andreeahere (button) folded on the Flop
Seat 6: Maxynoume (small blind) folded before Flop
Seat 7: pntandrei (big blind) folded before Flop
Seat 8: yakore4ek folded before Flop (didn't bet)
Seat 9: My-Web-Stars folded on the Flop



PokerStars Hand #227358391970:  Hold'em No Limit ($0.01/$0.02 USD) - 2021/06/05 16:07:54 PT [2021/06/05 19:07:54 ET]
Table 'Cetacea' 9-max Seat #6 is the button
Seat 2: Dorex2007 ($2.05 in chips) 
Seat 3: SunTzuARG ($3.20 in chips) 
Seat 4: andreeahere ($1.29 in chips) 
Seat 6: Maxynoume ($4.25 in chips) 
Seat 7: pntandrei ($1.20 in chips) 
Seat 9: My-Web-Stars ($0.35 in chips) 
pntandrei: posts small blind $0.01
My-Web-Stars: posts big blind $0.02
yKrOn: sits out 
*** HOLE CARDS ***
Dealt to Dorex2007 [2s Qd]
Dorex2007: folds 
SunTzuARG: folds 
andreeahere: folds 
Maxynoume: folds 
pntandrei: folds 
Uncalled bet ($0.01) returned to My-Web-Stars
My-Web-Stars collected $0.02 from pot
My-Web-Stars: doesn't show hand 
*** SUMMARY ***
Total pot $0.02 | Rake $0 
Seat 2: Dorex2007 folded before Flop (didn't bet)
Seat 3: SunTzuARG folded before Flop (didn't bet)
Seat 4: andreeahere folded before Flop (didn't bet)
Seat 6: Maxynoume (button) folded before Flop (didn't bet)
Seat 7: pntandrei (small blind) folded before Flop
Seat 9: My-Web-Stars (big blind) collected ($0.02)



PokerStars Hand #227358398275:  Hold'em No Limit ($0.01/$0.02 USD) - 2021/06/05 16:08:10 PT [2021/06/05 19:08:10 ET]
Table 'Cetacea' 9-max Seat #7 is the button
Seat 1: yKrOn ($2.78 in chips) 
Seat 2: Dorex2007 ($2.05 in chips) 
Seat 3: SunTzuARG ($3.20 in chips) 
Seat 4: andreeahere ($1.29 in chips) 
Seat 6: Maxynoume ($4.25 in chips) 
Seat 7: pntandrei ($1.19 in chips) 
Seat 9: My-Web-Stars ($0.36 in chips) 
My-Web-Stars: posts small blind $0.01
yKrOn: posts big blind $0.02
*** HOLE CARDS ***
Dealt to Dorex2007 [7s As]
Dorex2007: folds 
SunTzuARG: folds 
andreeahere: folds 
Maxynoume: folds 
pntandrei: folds 
My-Web-Stars: calls $0.01
yKrOn: checks 
*** FLOP *** [Ah Kc 9d]
My-Web-Stars: bets $0.04
yKrOn: folds 
Uncalled bet ($0.04) returned to My-Web-Stars
My-Web-Stars collected $0.04 from pot
My-Web-Stars: doesn't show hand 
*** SUMMARY ***
Total pot $0.04 | Rake $0 
Board [Ah Kc 9d]
Seat 1: yKrOn (big blind) folded on the Flop
Seat 2: Dorex2007 folded before Flop (didn't bet)
Seat 3: SunTzuARG folded before Flop (didn't bet)
Seat 4: andreeahere folded before Flop (didn't bet)
Seat 6: Maxynoume folded before Flop (didn't bet)
Seat 7: pntandrei (button) folded before Flop (didn't bet)
Seat 9: My-Web-Stars (small blind) collected ($0.04)



PokerStars Hand #227358411322:  Hold'em No Limit ($0.01/$0.02 USD) - 2021/06/05 16:08:44 PT [2021/06/05 19:08:44 ET]
Table 'Cetacea' 9-max Seat #9 is the button
Seat 1: yKrOn ($2.76 in chips) 
Seat 2: Dorex2007 ($2.05 in chips) 
Seat 3: SunTzuARG ($3.20 in chips) 
Seat 4: andreeahere ($1.29 in chips) 
Seat 6: Maxynoume ($4.25 in chips) 
Seat 7: pntandrei ($1.19 in chips) 
Seat 9: My-Web-Stars ($0.38 in chips) 
yKrOn: posts small blind $0.01
Dorex2007: posts big blind $0.02
*** HOLE CARDS ***
Dealt to Dorex2007 [5h Jc]
SunTzuARG: folds 
andreeahere: raises $0.04 to $0.06
Maxynoume: folds 
pntandrei: folds 
My-Web-Stars: folds 
yKrOn: raises $0.14 to $0.20
Dorex2007: folds 
andreeahere: calls $0.14
*** FLOP *** [6d 8c 7s]
yKrOn: bets $0.23
andreeahere: folds 
Uncalled bet ($0.23) returned to yKrOn
yKrOn collected $0.41 from pot
yKrOn: doesn't show hand 
*** SUMMARY ***
Total pot $0.42 | Rake $0.01 
Board [6d 8c 7s]
Seat 1: yKrOn (small blind) collected ($0.41)
Seat 2: Dorex2007 (big blind) folded before Flop
Seat 3: SunTzuARG folded before Flop (didn't bet)
Seat 4: andreeahere folded on the Flop
Seat 6: Maxynoume folded before Flop (didn't bet)
Seat 7: pntandrei folded before Flop (didn't bet)
Seat 9: My-Web-Stars (button) folded before Flop (didn't bet)



PokerStars Hand #227358432298:  Hold'em No Limit ($0.01/$0.02 USD) - 2021/06/05 16:09:39 PT [2021/06/05 19:09:39 ET]
Table 'Cetacea' 9-max Seat #1 is the button
Seat 1: yKrOn ($2.97 in chips) 
Seat 2: Dorex2007 ($2.03 in chips) 
Seat 4: andreeahere ($1.09 in chips) 
Seat 6: Maxynoume ($4.25 in chips) 
Seat 7: pntandrei ($1.19 in chips) 
Seat 9: My-Web-Stars ($0.38 in chips) 
Dorex2007: posts small blind $0.01
SunTzuARG: is sitting out 
andreeahere: posts big blind $0.02
*** HOLE CARDS ***
Dealt to Dorex2007 [3s 2h]
Maxynoume: calls $0.02
pntandrei: folds 
My-Web-Stars: folds 
yKrOn: folds 
Dorex2007: folds 
andreeahere: checks 
*** FLOP *** [Jc 2c Ks]
andreeahere: bets $0.06
Maxynoume: folds 
Uncalled bet ($0.06) returned to andreeahere
andreeahere collected $0.05 from pot
andreeahere: doesn't show hand 
*** SUMMARY ***
Total pot $0.05 | Rake $0 
Board [Jc 2c Ks]
Seat 1: yKrOn (button) folded before Flop (didn't bet)
Seat 2: Dorex2007 (small blind) folded before Flop
Seat 4: andreeahere (big blind) collected ($0.05)
Seat 6: Maxynoume folded on the Flop
Seat 7: pntandrei folded before Flop (didn't bet)
Seat 9: My-Web-Stars folded before Flop (didn't bet)



PokerStars Hand #227358455291:  Hold'em No Limit ($0.01/$0.02 USD) - 2021/06/05 16:10:40 PT [2021/06/05 19:10:40 ET]
Table 'Cetacea' 9-max Seat #2 is the button
Seat 1: yKrOn ($2.97 in chips) 
Seat 2: Dorex2007 ($2.02 in chips) 
Seat 4: andreeahere ($1.12 in chips) 
Seat 5: qqold ($0.97 in chips) 
Seat 6: Maxynoume ($4.23 in chips) 
Seat 7: pntandrei ($1.19 in chips) 
Seat 9: My-Web-Stars ($0.80 in chips) 
andreeahere: posts small blind $0.01
SunTzuARG leaves the table
qqold: posts big blind $0.02
*** HOLE CARDS ***
Dealt to Dorex2007 [4d 4h]
Maxynoume: raises $0.02 to $0.04
pntandrei: folds 
My-Web-Stars: folds 
yKrOn: folds 
Dorex2007: calls $0.04
andreeahere: folds 
qqold: calls $0.02
*** FLOP *** [3s Qh 8d]
qqold: checks 
Maxynoume: checks 
Dorex2007: checks 
*** TURN *** [3s Qh 8d] [Kc]
qqold: checks 
Maxynoume: checks 
Dorex2007: checks 
*** RIVER *** [3s Qh 8d Kc] [Ks]
qqold: bets $0.02
Maxynoume: calls $0.02
Dorex2007: folds 
*** SHOW DOWN ***
qqold: shows [7h Ac] (a pair of Kings)
Maxynoume: shows [2d Ad] (a pair of Kings)
qqold collected $0.08 from pot
Maxynoume collected $0.08 from pot
*** SUMMARY ***
Total pot $0.17 | Rake $0.01 
Board [3s Qh 8d Kc Ks]
Seat 1: yKrOn folded before Flop (didn't bet)
Seat 2: Dorex2007 (button) folded on the River
Seat 4: andreeahere (small blind) folded before Flop
Seat 5: qqold (big blind) showed [7h Ac] and won ($0.08) with a pair of Kings
Seat 6: Maxynoume showed [2d Ad] and won ($0.08) with a pair of Kings
Seat 7: pntandrei folded before Flop (didn't bet)
Seat 9: My-Web-Stars folded before Flop (didn't bet)



PokerStars Hand #227358494334:  Hold'em No Limit ($0.01/$0.02 USD) - 2021/06/05 16:12:03 PT [2021/06/05 19:12:03 ET]
Table 'Cetacea' 9-max Seat #4 is the button
Seat 1: yKrOn ($2.97 in chips) 
Seat 2: Dorex2007 ($1.98 in chips) 
Seat 4: andreeahere ($1.11 in chips) 
Seat 5: qqold ($0.99 in chips) 
Seat 7: pntandrei ($1.19 in chips) 
Seat 9: My-Web-Stars ($0.80 in chips) 
qqold: posts small blind $0.01
Maxynoume: is sitting out 
pntandrei: posts big blind $0.02
yakore4ek: sits out 
*** HOLE CARDS ***
Dealt to Dorex2007 [Ac Qs]
My-Web-Stars: calls $0.02
Maxynoume leaves the table
yKrOn: folds 
Dorex2007: raises $0.04 to $0.06
andreeahere: folds 
qqold: folds 
pntandrei: folds 
My-Web-Stars: calls $0.04
*** FLOP *** [3c Jh Qd]
My-Web-Stars: bets $0.07
Dorex2007: raises $0.09 to $0.16
My-Web-Stars: calls $0.09
*** TURN *** [3c Jh Qd] [2c]
My-Web-Stars: checks 
Dorex2007: bets $1.76 and is all-in
My-Web-Stars: folds 
Uncalled bet ($1.76) returned to Dorex2007
Dorex2007 collected $0.45 from pot
Dorex2007: doesn't show hand 
*** SUMMARY ***
Total pot $0.47 | Rake $0.02 
Board [3c Jh Qd 2c]
Seat 1: yKrOn folded before Flop (didn't bet)
Seat 2: Dorex2007 collected ($0.45)
Seat 4: andreeahere (button) folded before Flop (didn't bet)
Seat 5: qqold (small blind) folded before Flop
Seat 7: pntandrei (big blind) folded before Flop
Seat 9: My-Web-Stars folded on the Turn



PokerStars Hand #227358537045:  Hold'em No Limit ($0.01/$0.02 USD) - 2021/06/05 16:13:57 PT [2021/06/05 19:13:57 ET]
Table 'Cetacea' 9-max Seat #5 is the button
Seat 1: yKrOn ($2.97 in chips) 
Seat 2: Dorex2007 ($2.21 in chips) 
Seat 4: andreeahere ($1.11 in chips) 
Seat 5: qqold ($0.98 in chips) 
Seat 7: pntandrei ($1.17 in chips) 
Seat 8: yakore4ek ($1.99 in chips) 
Seat 9: My-Web-Stars ($0.58 in chips) 
pntandrei: posts small blind $0.01
yakore4ek: posts big blind $0.02
*** HOLE CARDS ***
Dealt to Dorex2007 [Kd 9c]
seanjohn103 joins the table at seat #3 
My-Web-Stars: calls $0.02
yKrOn: folds 
Dorex2007: folds 
andreeahere: folds 
qqold: folds 
PittJupp joins the table at seat #6 
pntandrei: calls $0.01
yakore4ek: raises $0.06 to $0.08
My-Web-Stars: calls $0.06
pntandrei: folds 
*** FLOP *** [6s 3d 3s]
yakore4ek: bets $0.02
My-Web-Stars: calls $0.02
*** TURN *** [6s 3d 3s] [Kh]
yakore4ek: bets $0.18
My-Web-Stars: folds 
Uncalled bet ($0.18) returned to yakore4ek
yakore4ek collected $0.21 from pot
yakore4ek: doesn't show hand 
*** SUMMARY ***
Total pot $0.22 | Rake $0.01 
Board [6s 3d 3s Kh]
Seat 1: yKrOn folded before Flop (didn't bet)
Seat 2: Dorex2007 folded before Flop (didn't bet)
Seat 4: andreeahere folded before Flop (didn't bet)
Seat 5: qqold (button) folded before Flop (didn't bet)
Seat 7: pntandrei (small blind) folded before Flop
Seat 8: yakore4ek (big blind) collected ($0.21)
Seat 9: My-Web-Stars folded on the Turn



PokerStars Hand #227358572798:  Hold'em No Limit ($0.01/$0.02 USD) - 2021/06/05 16:15:33 PT [2021/06/05 19:15:33 ET]
Table 'Cetacea' 9-max Seat #7 is the button
Seat 1: yKrOn ($2.97 in chips) 
Seat 2: Dorex2007 ($2.21 in chips) 
Seat 3: seanjohn103 ($1.60 in chips) 
Seat 4: andreeahere ($1.11 in chips) 
Seat 5: qqold ($0.98 in chips) 
Seat 6: PittJupp ($1.60 in chips) 
Seat 7: pntandrei ($1.15 in chips) 
Seat 8: yakore4ek ($2.10 in chips) 
Seat 9: My-Web-Stars ($0.48 in chips) 
yakore4ek: posts small blind $0.01
My-Web-Stars: posts big blind $0.02
seanjohn103: posts big blind $0.02
PittJupp: posts big blind $0.02
*** HOLE CARDS ***
Dealt to Dorex2007 [2s 4c]
yKrOn: raises $0.10 to $0.12
Dorex2007: folds 
seanjohn103: raises $0.16 to $0.28
andreeahere: folds 
qqold: folds 
PittJupp: calls $0.26
pntandrei: folds 
yakore4ek: folds 
My-Web-Stars: folds 
yKrOn: calls $0.16
*** FLOP *** [Qc 9c 6d]
yKrOn: checks 
seanjohn103: bets $0.42
PittJupp: calls $0.42
yKrOn: folds 
*** TURN *** [Qc 9c 6d] [Jc]
seanjohn103: bets $0.83
PittJupp: calls $0.83
*** RIVER *** [Qc 9c 6d Jc] [Th]
seanjohn103: bets $0.07 and is all-in
PittJupp: calls $0.07 and is all-in
*** SHOW DOWN ***
seanjohn103: shows [Qh Kc] (a straight, Nine to King)
PittJupp: shows [Ah 9h] (a pair of Nines)
seanjohn103 collected $3.39 from pot
*** SUMMARY ***
Total pot $3.51 | Rake $0.12 
Board [Qc 9c 6d Jc Th]
Seat 1: yKrOn folded on the Flop
Seat 2: Dorex2007 folded before Flop (didn't bet)
Seat 3: seanjohn103 showed [Qh Kc] and won ($3.39) with a straight, Nine to King
Seat 4: andreeahere folded before Flop (didn't bet)
Seat 5: qqold folded before Flop (didn't bet)
Seat 6: PittJupp showed [Ah 9h] and lost with a pair of Nines
Seat 7: pntandrei (button) folded before Flop (didn't bet)
Seat 8: yakore4ek (small blind) folded before Flop
Seat 9: My-Web-Stars (big blind) folded before Flop



PokerStars Hand #227358595643:  Hold'em No Limit ($0.01/$0.02 USD) - 2021/06/05 16:16:35 PT [2021/06/05 19:16:35 ET]
Table 'Cetacea' 9-max Seat #8 is the button
Seat 1: yKrOn ($2.69 in chips) 
Seat 2: Dorex2007 ($2.21 in chips) 
Seat 3: seanjohn103 ($3.39 in chips) 
Seat 4: andreeahere ($1.11 in chips) 
Seat 5: qqold ($0.98 in chips) 
Seat 7: pntandrei ($1.15 in chips) 
Seat 8: yakore4ek ($2.09 in chips) 
Seat 9: My-Web-Stars ($0.46 in chips) 
My-Web-Stars: posts small blind $0.01
yKrOn: posts big blind $0.02
*** HOLE CARDS ***
Dealt to Dorex2007 [6c 7d]
Dorex2007: folds 
seanjohn103: folds 
andreeahere: raises $0.04 to $0.06
seanjohn103 leaves the table
qqold: folds 
pntandrei: folds 
yakore4ek: calls $0.06
My-Web-Stars: folds 
yKrOn: folds 
*** FLOP *** [6d 8s 8c]
wawe09 joins the table at seat #3 
andreeahere: bets $0.08
yakore4ek: raises $0.18 to $0.26
andreeahere: folds 
Uncalled bet ($0.18) returned to yakore4ek
yakore4ek collected $0.30 from pot
yakore4ek: doesn't show hand 
*** SUMMARY ***
Total pot $0.31 | Rake $0.01 
Board [6d 8s 8c]
Seat 1: yKrOn (big blind) folded before Flop
Seat 2: Dorex2007 folded before Flop (didn't bet)
Seat 3: seanjohn103 folded before Flop (didn't bet)
Seat 4: andreeahere folded on the Flop
Seat 5: qqold folded before Flop (didn't bet)
Seat 7: pntandrei folded before Flop (didn't bet)
Seat 8: yakore4ek (button) collected ($0.30)
Seat 9: My-Web-Stars (small blind) folded before Flop



PokerStars Hand #227358626382:  Hold'em No Limit ($0.01/$0.02 USD) - 2021/06/05 16:17:49 PT [2021/06/05 19:17:49 ET]
Table 'Cetacea' 9-max Seat #9 is the button
Seat 1: yKrOn ($2.67 in chips) 
Seat 2: Dorex2007 ($2.21 in chips) 
Seat 4: andreeahere ($0.97 in chips) 
Seat 5: qqold ($0.98 in chips) 
Seat 6: PittJupp ($2 in chips) 
Seat 7: pntandrei ($1.15 in chips) 
Seat 8: yakore4ek ($2.25 in chips) 
Seat 9: My-Web-Stars ($0.45 in chips) 
yKrOn: posts small blind $0.01
Dorex2007: posts big blind $0.02
wawe09: sits out 
*** HOLE CARDS ***
Dealt to Dorex2007 [4c 9h]
andreeahere: folds 
qqold: calls $0.02
PittJupp: calls $0.02
pntandrei: folds 
yakore4ek: folds 
My-Web-Stars: folds 
yKrOn: raises $0.12 to $0.14
Dorex2007: folds 
qqold: folds 
PittJupp: calls $0.12
*** FLOP *** [8s Tc 3c]
yKrOn: bets $0.17
PittJupp: calls $0.17
*** TURN *** [8s Tc 3c] [Qs]
yKrOn: bets $0.74
PittJupp: folds 
Uncalled bet ($0.74) returned to yKrOn
yKrOn collected $0.64 from pot
yKrOn: doesn't show hand 
*** SUMMARY ***
Total pot $0.66 | Rake $0.02 
Board [8s Tc 3c Qs]
Seat 1: yKrOn (small blind) collected ($0.64)
Seat 2: Dorex2007 (big blind) folded before Flop
Seat 4: andreeahere folded before Flop (didn't bet)
Seat 5: qqold folded before Flop
Seat 6: PittJupp folded on the Turn
Seat 7: pntandrei folded before Flop (didn't bet)
Seat 8: yakore4ek folded before Flop (didn't bet)
Seat 9: My-Web-Stars (button) folded before Flop (didn't bet)



PokerStars Hand #227358650882:  Hold'em No Limit ($0.01/$0.02 USD) - 2021/06/05 16:18:55 PT [2021/06/05 19:18:55 ET]
Table 'Cetacea' 9-max Seat #1 is the button
Seat 1: yKrOn ($3 in chips) 
Seat 2: Dorex2007 ($2.19 in chips) 
Seat 3: wawe09 ($2 in chips) 
Seat 4: andreeahere ($0.97 in chips) 
Seat 5: qqold ($0.96 in chips) 
Seat 6: PittJupp ($1.69 in chips) 
Seat 7: pntandrei ($1.15 in chips) 
Seat 8: yakore4ek ($2.25 in chips) 
Seat 9: My-Web-Stars ($0.45 in chips) 
Dorex2007: posts small blind $0.01
wawe09: posts big blind $0.02
*** HOLE CARDS ***
Dealt to Dorex2007 [5h 4c]
andreeahere: folds 
qqold: raises $0.02 to $0.04
PittJupp: calls $0.04
pntandrei: calls $0.04
yakore4ek: folds 
My-Web-Stars: folds 
yKrOn: folds 
Dorex2007: folds 
wawe09: folds 
*** FLOP *** [5c Ac 8h]
qqold: bets $0.06
PittJupp: calls $0.06
pntandrei: folds 
*** TURN *** [5c Ac 8h] [6d]
qqold: checks 
PittJupp: bets $0.13
qqold: folds 
Uncalled bet ($0.13) returned to PittJupp
PittJupp collected $0.26 from pot
PittJupp: doesn't show hand 
*** SUMMARY ***
Total pot $0.27 | Rake $0.01 
Board [5c Ac 8h 6d]
Seat 1: yKrOn (button) folded before Flop (didn't bet)
Seat 2: Dorex2007 (small blind) folded before Flop
Seat 3: wawe09 (big blind) folded before Flop
Seat 4: andreeahere folded before Flop (didn't bet)
Seat 5: qqold folded on the Turn
Seat 6: PittJupp collected ($0.26)
Seat 7: pntandrei folded on the Flop
Seat 8: yakore4ek folded before Flop (didn't bet)
Seat 9: My-Web-Stars folded before Flop (didn't bet)



PokerStars Hand #227358669745:  Hold'em No Limit ($0.01/$0.02 USD) - 2021/06/05 16:19:47 PT [2021/06/05 19:19:47 ET]
Table 'Cetacea' 9-max Seat #2 is the button
Seat 1: yKrOn ($3 in chips) 
Seat 2: Dorex2007 ($2.18 in chips) 
Seat 3: wawe09 ($1.98 in chips) 
Seat 4: andreeahere ($0.97 in chips) 
Seat 5: qqold ($0.86 in chips) 
Seat 6: PittJupp ($1.85 in chips) 
Seat 7: pntandrei ($1.11 in chips) 
Seat 8: yakore4ek ($2.25 in chips) 
Seat 9: My-Web-Stars ($0.45 in chips) 
wawe09: posts small blind $0.01
andreeahere: posts big blind $0.02
*** HOLE CARDS ***
Dealt to Dorex2007 [8c Qs]
qqold: folds 
PittJupp: calls $0.02
pntandrei: folds 
yakore4ek: folds 
My-Web-Stars: calls $0.02
yKrOn: folds 
Dorex2007: folds 
wawe09: folds 
andreeahere: checks 
*** FLOP *** [Js 5d Jd]
andreeahere: bets $0.06
PittJupp: calls $0.06
My-Web-Stars: folds 
*** TURN *** [Js 5d Jd] [3s]
andreeahere: bets $0.10
PittJupp: calls $0.10
*** RIVER *** [Js 5d Jd 3s] [Qd]
andreeahere: checks 
PittJupp: bets $0.40
andreeahere: folds 
Uncalled bet ($0.40) returned to PittJupp
PittJupp collected $0.38 from pot
PittJupp: doesn't show hand 
*** SUMMARY ***
Total pot $0.39 | Rake $0.01 
Board [Js 5d Jd 3s Qd]
Seat 1: yKrOn folded before Flop (didn't bet)
Seat 2: Dorex2007 (button) folded before Flop (didn't bet)
Seat 3: wawe09 (small blind) folded before Flop
Seat 4: andreeahere (big blind) folded on the River
Seat 5: qqold folded before Flop (didn't bet)
Seat 6: PittJupp collected ($0.38)
Seat 7: pntandrei folded before Flop (didn't bet)
Seat 8: yakore4ek folded before Flop (didn't bet)
Seat 9: My-Web-Stars folded on the Flop



PokerStars Hand #227358698349:  Hold'em No Limit ($0.01/$0.02 USD) - 2021/06/05 16:21:05 PT [2021/06/05 19:21:05 ET]
Table 'Cetacea' 9-max Seat #3 is the button
Seat 1: yKrOn ($3 in chips) 
Seat 2: Dorex2007 ($2.18 in chips) 
Seat 3: wawe09 ($1.97 in chips) 
Seat 4: andreeahere ($0.79 in chips) 
Seat 5: qqold ($0.86 in chips) 
Seat 6: PittJupp ($2.05 in chips) 
Seat 7: pntandrei ($1.11 in chips) 
Seat 8: yakore4ek ($2.25 in chips) 
Seat 9: My-Web-Stars ($0.43 in chips) 
andreeahere: posts small blind $0.01
qqold: posts big blind $0.02
*** HOLE CARDS ***
Dealt to Dorex2007 [4s Qc]
PittJupp: raises $0.02 to $0.04
pntandrei: folds 
yakore4ek: calls $0.04
My-Web-Stars: folds 
yKrOn: folds 
Dorex2007: folds 
wawe09: calls $0.04
andreeahere: calls $0.03
qqold: calls $0.02
*** FLOP *** [Jc 9s 9c]
andreeahere: bets $0.08
qqold: folds 
PittJupp: calls $0.08
yakore4ek: folds 
wawe09: folds 
*** TURN *** [Jc 9s 9c] [Js]
andreeahere: bets $0.10
PittJupp: folds 
Uncalled bet ($0.10) returned to andreeahere
andreeahere collected $0.35 from pot
andreeahere: doesn't show hand 
*** SUMMARY ***
Total pot $0.36 | Rake $0.01 
Board [Jc 9s 9c Js]
Seat 1: yKrOn folded before Flop (didn't bet)
Seat 2: Dorex2007 folded before Flop (didn't bet)
Seat 3: wawe09 (button) folded on the Flop
Seat 4: andreeahere (small blind) collected ($0.35)
Seat 5: qqold (big blind) folded on the Flop
Seat 6: PittJupp folded on the Turn
Seat 7: pntandrei folded before Flop (didn't bet)
Seat 8: yakore4ek folded on the Flop
Seat 9: My-Web-Stars folded before Flop (didn't bet)



PokerStars Hand #227358723961:  Hold'em No Limit ($0.01/$0.02 USD) - 2021/06/05 16:22:16 PT [2021/06/05 19:22:16 ET]
Table 'Cetacea' 9-max Seat #4 is the button
Seat 1: yKrOn ($3 in chips) 
Seat 2: Dorex2007 ($2.18 in chips) 
Seat 3: wawe09 ($1.93 in chips) 
Seat 4: andreeahere ($1.02 in chips) 
Seat 5: qqold ($0.82 in chips) 
Seat 6: PittJupp ($1.93 in chips) 
Seat 7: pntandrei ($1.11 in chips) 
Seat 8: yakore4ek ($2.21 in chips) 
Seat 9: My-Web-Stars ($0.43 in chips) 
qqold: posts small blind $0.01
PittJupp: posts big blind $0.02
*** HOLE CARDS ***
Dealt to Dorex2007 [Qh Ac]
pntandrei: folds 
yakore4ek: calls $0.02
My-Web-Stars: folds 
yKrOn: folds 
Dorex2007: raises $0.04 to $0.06
wawe09: folds 
andreeahere: calls $0.06
qqold: folds 
PittJupp: calls $0.04
yakore4ek: folds 
*** FLOP *** [Td 9s 8s]
PittJupp: checks 
Dorex2007: checks 
andreeahere: checks 
*** TURN *** [Td 9s 8s] [3s]
PittJupp: checks 
Dorex2007: checks 
andreeahere: checks 
*** RIVER *** [Td 9s 8s 3s] [7c]
PittJupp: checks 
Dorex2007: bets $0.13
andreeahere: folds 
PittJupp: folds 
Uncalled bet ($0.13) returned to Dorex2007
Dorex2007 collected $0.20 from pot
Dorex2007: doesn't show hand 
*** SUMMARY ***
Total pot $0.21 | Rake $0.01 
Board [Td 9s 8s 3s 7c]
Seat 1: yKrOn folded before Flop (didn't bet)
Seat 2: Dorex2007 collected ($0.20)
Seat 3: wawe09 folded before Flop (didn't bet)
Seat 4: andreeahere (button) folded on the River
Seat 5: qqold (small blind) folded before Flop
Seat 6: PittJupp (big blind) folded on the River
Seat 7: pntandrei folded before Flop (didn't bet)
Seat 8: yakore4ek folded before Flop
Seat 9: My-Web-Stars folded before Flop (didn't bet)



PokerStars Hand #227358753579:  Hold'em No Limit ($0.01/$0.02 USD) - 2021/06/05 16:23:37 PT [2021/06/05 19:23:37 ET]
Table 'Cetacea' 9-max Seat #5 is the button
Seat 1: yKrOn ($3 in chips) 
Seat 2: Dorex2007 ($2.32 in chips) 
Seat 3: wawe09 ($1.93 in chips) 
Seat 4: andreeahere ($0.96 in chips) 
Seat 5: qqold ($0.81 in chips) 
Seat 6: PittJupp ($1.87 in chips) 
Seat 7: pntandrei ($1.11 in chips) 
Seat 8: yakore4ek ($2.19 in chips) 
Seat 9: My-Web-Stars ($0.43 in chips) 
PittJupp: posts small blind $0.01
pntandrei: posts big blind $0.02
*** HOLE CARDS ***
Dealt to Dorex2007 [9s Ks]
yakore4ek: raises $0.06 to $0.08
My-Web-Stars: folds 
yKrOn: folds 
Dorex2007: folds 
wawe09: folds 
andreeahere: raises $0.16 to $0.24
qqold: folds 
PittJupp: folds 
pntandrei: folds 
yakore4ek: raises $0.84 to $1.08
andreeahere: calls $0.72 and is all-in
Uncalled bet ($0.12) returned to yakore4ek
*** FLOP *** [6d 8h 9c]
*** TURN *** [6d 8h 9c] [8d]
*** RIVER *** [6d 8h 9c 8d] [3d]
*** SHOW DOWN ***
yakore4ek: shows [Jh Jc] (two pair, Jacks and Eights)
andreeahere: shows [Qc Qd] (two pair, Queens and Eights)
andreeahere collected $1.88 from pot
*** SUMMARY ***
Total pot $1.95 | Rake $0.07 
Board [6d 8h 9c 8d 3d]
Seat 1: yKrOn folded before Flop (didn't bet)
Seat 2: Dorex2007 folded before Flop (didn't bet)
Seat 3: wawe09 folded before Flop (didn't bet)
Seat 4: andreeahere showed [Qc Qd] and won ($1.88) with two pair, Queens and Eights
Seat 5: qqold (button) folded before Flop (didn't bet)
Seat 6: PittJupp (small blind) folded before Flop
Seat 7: pntandrei (big blind) folded before Flop
Seat 8: yakore4ek showed [Jh Jc] and lost with two pair, Jacks and Eights
Seat 9: My-Web-Stars folded before Flop (didn't bet)



PokerStars Hand #227358785701:  Hold'em No Limit ($0.01/$0.02 USD) - 2021/06/05 16:24:46 PT [2021/06/05 19:24:46 ET]
Table 'Cetacea' 9-max Seat #6 is the button
Seat 1: yKrOn ($3 in chips) 
Seat 2: Dorex2007 ($2.32 in chips) 
Seat 3: wawe09 ($1.93 in chips) 
Seat 4: andreeahere ($1.88 in chips) 
Seat 5: qqold ($0.81 in chips) 
Seat 6: PittJupp ($1.86 in chips) 
Seat 7: pntandrei ($1.09 in chips) 
Seat 8: yakore4ek ($1.23 in chips) 
Seat 9: My-Web-Stars ($0.43 in chips) 
pntandrei: posts small blind $0.01
yakore4ek: posts big blind $0.02
*** HOLE CARDS ***
Dealt to Dorex2007 [8c 7d]
My-Web-Stars: calls $0.02
yKrOn: folds 
Dorex2007: folds 
wawe09: folds 
andreeahere: folds 
qqold: folds 
PittJupp: raises $0.04 to $0.06
pntandrei: folds 
yakore4ek: folds 
My-Web-Stars: calls $0.04
*** FLOP *** [Ah Jc 2s]
My-Web-Stars: bets $0.10
PittJupp: calls $0.10
*** TURN *** [Ah Jc 2s] [5s]
My-Web-Stars: checks 
PittJupp: bets $0.12
My-Web-Stars: folds 
Uncalled bet ($0.12) returned to PittJupp
PittJupp collected $0.34 from pot
PittJupp: doesn't show hand 
*** SUMMARY ***
Total pot $0.35 | Rake $0.01 
Board [Ah Jc 2s 5s]
Seat 1: yKrOn folded before Flop (didn't bet)
Seat 2: Dorex2007 folded before Flop (didn't bet)
Seat 3: wawe09 folded before Flop (didn't bet)
Seat 4: andreeahere folded before Flop (didn't bet)
Seat 5: qqold folded before Flop (didn't bet)
Seat 6: PittJupp (button) collected ($0.34)
Seat 7: pntandrei (small blind) folded before Flop
Seat 8: yakore4ek (big blind) folded before Flop
Seat 9: My-Web-Stars folded on the Turn



PokerStars Hand #227358822139:  Hold'em No Limit ($0.01/$0.02 USD) - 2021/06/05 16:26:27 PT [2021/06/05 19:26:27 ET]
Table 'Cetacea' 9-max Seat #7 is the button
Seat 1: yKrOn ($3 in chips) 
Seat 2: Dorex2007 ($2.32 in chips) 
Seat 3: wawe09 ($1.93 in chips) 
Seat 4: andreeahere ($1.88 in chips) 
Seat 5: qqold ($0.81 in chips) 
Seat 6: PittJupp ($2.04 in chips) 
Seat 7: pntandrei ($1.08 in chips) 
Seat 8: yakore4ek ($1.21 in chips) 
yakore4ek: posts small blind $0.01
yKrOn: posts big blind $0.02
*** HOLE CARDS ***
Dealt to Dorex2007 [3d Jc]
Dorex2007: folds 
wawe09: folds 
andreeahere: folds 
qqold: calls $0.02
PittJupp: calls $0.02
pntandrei: folds 
yakore4ek: calls $0.01
yKrOn: checks 
*** FLOP *** [6d 9h 4h]
yakore4ek: checks 
yKrOn: checks 
qqold: bets $0.02
PittJupp: calls $0.02
yakore4ek: folds 
yKrOn: calls $0.02
*** TURN *** [6d 9h 4h] [3h]
yKrOn: checks 
qqold: bets $0.04
PittJupp: calls $0.04
yKrOn: folds 
*** RIVER *** [6d 9h 4h 3h] [Kc]
qqold: bets $0.10
PittJupp: folds 
Uncalled bet ($0.10) returned to qqold
qqold collected $0.21 from pot
qqold: doesn't show hand 
*** SUMMARY ***
Total pot $0.22 | Rake $0.01 
Board [6d 9h 4h 3h Kc]
Seat 1: yKrOn (big blind) folded on the Turn
Seat 2: Dorex2007 folded before Flop (didn't bet)
Seat 3: wawe09 folded before Flop (didn't bet)
Seat 4: andreeahere folded before Flop (didn't bet)
Seat 5: qqold collected ($0.21)
Seat 6: PittJupp folded on the River
Seat 7: pntandrei (button) folded before Flop (didn't bet)
Seat 8: yakore4ek (small blind) folded on the Flop



PokerStars Hand #227358848910:  Hold'em No Limit ($0.01/$0.02 USD) - 2021/06/05 16:27:42 PT [2021/06/05 19:27:42 ET]
Table 'Cetacea' 9-max Seat #8 is the button
Seat 1: yKrOn ($2.96 in chips) 
Seat 2: Dorex2007 ($2.32 in chips) 
Seat 3: wawe09 ($1.93 in chips) 
Seat 4: andreeahere ($1.88 in chips) 
Seat 5: qqold ($0.94 in chips) 
Seat 6: PittJupp ($1.96 in chips) 
Seat 7: pntandrei ($1.08 in chips) 
Seat 8: yakore4ek ($1.19 in chips) 
yKrOn: posts small blind $0.01
Dorex2007: posts big blind $0.02
*** HOLE CARDS ***
Dealt to Dorex2007 [Qh 6c]
wawe09: raises $0.02 to $0.04
andreeahere: folds 
qqold: calls $0.04
PittJupp: raises $0.04 to $0.08
pntandrei: folds 
yakore4ek: raises $0.26 to $0.34
yKrOn: folds 
Dorex2007: folds 
wawe09: folds 
qqold: folds 
PittJupp: calls $0.26
*** FLOP *** [2d Jd 7h]
PittJupp: checks 
yakore4ek: bets $0.22
PittJupp: calls $0.22
*** TURN *** [2d Jd 7h] [5c]
PittJupp: checks 
yakore4ek: bets $0.63 and is all-in
PittJupp: calls $0.63
PittJupp has timed out
*** RIVER *** [2d Jd 7h 5c] [4h]
*** SHOW DOWN ***
PittJupp: shows [Kc As] (high card Ace)
yakore4ek: shows [Kd Js] (a pair of Jacks)
yakore4ek collected $2.40 from pot
*** SUMMARY ***
Total pot $2.49 | Rake $0.09 
Board [2d Jd 7h 5c 4h]
Seat 1: yKrOn (small blind) folded before Flop
Seat 2: Dorex2007 (big blind) folded before Flop
Seat 3: wawe09 folded before Flop
Seat 4: andreeahere folded before Flop (didn't bet)
Seat 5: qqold folded before Flop
Seat 6: PittJupp showed [Kc As] and lost with high card Ace
Seat 7: pntandrei folded before Flop (didn't bet)
Seat 8: yakore4ek (button) showed [Kd Js] and won ($2.40) with a pair of Jacks



PokerStars Hand #227358933636:  Hold'em No Limit ($0.01/$0.02 USD) - 2021/06/05 16:31:18 PT [2021/06/05 19:31:18 ET]
Table 'Cetacea' 9-max Seat #4 is the button
Seat 1: yKrOn ($2.80 in chips) 
Seat 2: Dorex2007 ($2.30 in chips) 
Seat 3: wawe09 ($1.88 in chips) 
Seat 4: andreeahere ($1.85 in chips) 
Seat 5: qqold ($0.75 in chips) 
Seat 6: PittJupp ($0.48 in chips) 
Seat 7: pntandrei ($1.66 in chips) 
Seat 8: yakore4ek ($2.40 in chips) 
qqold: posts small blind $0.01
PittJupp: posts big blind $0.02
Dorex2007: posts small blind $0.01
*** HOLE CARDS ***
Dealt to Dorex2007 [7c 4s]
pntandrei: folds 
yakore4ek: folds 
yKrOn: raises $0.04 to $0.06
Dorex2007: folds 
wawe09: folds 
andreeahere: folds 
qqold: folds 
PittJupp: folds 
Uncalled bet ($0.04) returned to yKrOn
yKrOn collected $0.06 from pot
yKrOn: doesn't show hand 
*** SUMMARY ***
Total pot $0.06 | Rake $0 
Seat 1: yKrOn collected ($0.06)
Seat 2: Dorex2007 folded before Flop (didn't bet)
Seat 3: wawe09 folded before Flop (didn't bet)
Seat 4: andreeahere (button) folded before Flop (didn't bet)
Seat 5: qqold (small blind) folded before Flop
Seat 6: PittJupp (big blind) folded before Flop
Seat 7: pntandrei folded before Flop (didn't bet)
Seat 8: yakore4ek folded before Flop (didn't bet)



PokerStars Hand #227358944499:  Hold'em No Limit ($0.01/$0.02 USD) - 2021/06/05 16:31:48 PT [2021/06/05 19:31:48 ET]
Table 'Cetacea' 9-max Seat #5 is the button
Seat 1: yKrOn ($2.84 in chips) 
Seat 2: Dorex2007 ($2.29 in chips) 
Seat 3: wawe09 ($1.88 in chips) 
Seat 4: andreeahere ($1.85 in chips) 
Seat 5: qqold ($0.74 in chips) 
Seat 6: PittJupp ($0.46 in chips) 
Seat 7: pntandrei ($1.66 in chips) 
Seat 8: yakore4ek ($2.40 in chips) 
PittJupp: posts small blind $0.01
pntandrei: posts big blind $0.02
*** HOLE CARDS ***
Dealt to Dorex2007 [3c Ah]
yakore4ek: folds 
yKrOn: folds 
Dorex2007: folds 
wawe09: folds 
andreeahere: folds 
qqold: raises $0.02 to $0.04
PittJupp: calls $0.03
pntandrei: calls $0.02
*** FLOP *** [6s Ac 8h]
PittJupp: checks 
pntandrei: checks 
qqold: bets $0.04
PittJupp: folds 
pntandrei: folds 
Uncalled bet ($0.04) returned to qqold
qqold collected $0.12 from pot
qqold: doesn't show hand 
*** SUMMARY ***
Total pot $0.12 | Rake $0 
Board [6s Ac 8h]
Seat 1: yKrOn folded before Flop (didn't bet)
Seat 2: Dorex2007 folded before Flop (didn't bet)
Seat 3: wawe09 folded before Flop (didn't bet)
Seat 4: andreeahere folded before Flop (didn't bet)
Seat 5: qqold (button) collected ($0.12)
Seat 6: PittJupp (small blind) folded on the Flop
Seat 7: pntandrei (big blind) folded on the Flop
Seat 8: yakore4ek folded before Flop (didn't bet)



PokerStars Hand #227358972337:  Hold'em No Limit ($0.01/$0.02 USD) - 2021/06/05 16:33:08 PT [2021/06/05 19:33:08 ET]
Table 'Cetacea' 9-max Seat #6 is the button
Seat 1: yKrOn ($2.84 in chips) 
Seat 2: Dorex2007 ($2.29 in chips) 
Seat 3: wawe09 ($1.88 in chips) 
Seat 4: andreeahere ($1.85 in chips) 
Seat 5: qqold ($0.82 in chips) 
Seat 6: PittJupp ($0.42 in chips) 
Seat 7: pntandrei ($1.62 in chips) 
Seat 8: yakore4ek ($2.40 in chips) 
pntandrei: posts small blind $0.01
yakore4ek: posts big blind $0.02
*** HOLE CARDS ***
Dealt to Dorex2007 [Jd 9h]
yKrOn: raises $0.04 to $0.06
Dorex2007: folds 
wawe09: folds 
andreeahere: folds 
qqold: calls $0.06
PittJupp: raises $0.04 to $0.10
pntandrei: folds 
yakore4ek: folds 
yKrOn: calls $0.04
qqold: calls $0.04
*** FLOP *** [6d 2d 8c]
yKrOn: checks 
qqold: bets $0.16
PittJupp: raises $0.16 to $0.32 and is all-in
yKrOn: folds 
qqold: calls $0.16
PittJupp has timed out
*** TURN *** [6d 2d 8c] [As]
*** RIVER *** [6d 2d 8c As] [9c]
*** SHOW DOWN ***
qqold: shows [3d Kd] (high card Ace)
PittJupp: shows [Ts Qd] (high card Ace - lower kicker)
qqold collected $0.94 from pot
*** SUMMARY ***
Total pot $0.97 | Rake $0.03 
Board [6d 2d 8c As 9c]
Seat 1: yKrOn folded on the Flop
Seat 2: Dorex2007 folded before Flop (didn't bet)
Seat 3: wawe09 folded before Flop (didn't bet)
Seat 4: andreeahere folded before Flop (didn't bet)
Seat 5: qqold showed [3d Kd] and won ($0.94) with high card Ace
Seat 6: PittJupp (button) showed [Ts Qd] and lost with high card Ace
Seat 7: pntandrei (small blind) folded before Flop
Seat 8: yakore4ek (big blind) folded before Flop



PokerStars Hand #227358994806:  Hold'em No Limit ($0.01/$0.02 USD) - 2021/06/05 16:34:12 PT [2021/06/05 19:34:12 ET]
Table 'Cetacea' 9-max Seat #7 is the button
Seat 1: yKrOn ($2.74 in chips) 
Seat 2: Dorex2007 ($2.29 in chips) 
Seat 3: wawe09 ($1.88 in chips) 
Seat 4: andreeahere ($1.85 in chips) 
Seat 5: qqold ($1.34 in chips) 
Seat 7: pntandrei ($1.61 in chips) 
Seat 8: yakore4ek ($2.38 in chips) 
yakore4ek: posts small blind $0.01
yKrOn: posts big blind $0.02
*** HOLE CARDS ***
Dealt to Dorex2007 [5h 9d]
Dorex2007: folds 
wawe09: folds 
andreeahere: raises $0.04 to $0.06
PittJupp leaves the table
qqold: folds 
pntandrei: folds 
yakore4ek: folds 
yKrOn: folds 
Uncalled bet ($0.04) returned to andreeahere
andreeahere collected $0.05 from pot
andreeahere: doesn't show hand 
*** SUMMARY ***
Total pot $0.05 | Rake $0 
Seat 1: yKrOn (big blind) folded before Flop
Seat 2: Dorex2007 folded before Flop (didn't bet)
Seat 3: wawe09 folded before Flop (didn't bet)
Seat 4: andreeahere collected ($0.05)
Seat 5: qqold folded before Flop (didn't bet)
Seat 7: pntandrei (button) folded before Flop (didn't bet)
Seat 8: yakore4ek (small blind) folded before Flop



PokerStars Hand #227359006110:  Hold'em No Limit ($0.01/$0.02 USD) - 2021/06/05 16:34:34 PT [2021/06/05 19:34:34 ET]
Table 'Cetacea' 9-max Seat #8 is the button
Seat 1: yKrOn ($2.72 in chips) 
Seat 2: Dorex2007 ($2.29 in chips) 
Seat 3: wawe09 ($1.88 in chips) 
Seat 4: andreeahere ($1.88 in chips) 
Seat 5: qqold ($1.34 in chips) 
Seat 7: pntandrei ($1.61 in chips) 
Seat 8: yakore4ek ($2.37 in chips) 
yKrOn: posts small blind $0.01
Dorex2007: posts big blind $0.02
*** HOLE CARDS ***
Dealt to Dorex2007 [5h 9s]
wawe09: folds 
andreeahere: raises $0.04 to $0.06
My-Web-Stars leaves the table
qqold: raises $0.12 to $0.18
pntandrei: folds 
mariorusty joins the table at seat #6 
yakore4ek: folds 
yKrOn: folds 
Dorex2007: folds 
herkks joins the table at seat #9 
andreeahere: raises $0.24 to $0.42
qqold: raises $0.92 to $1.34 and is all-in
andreeahere: calls $0.92
*** FLOP *** [Jd 9d Tc]
*** TURN *** [Jd 9d Tc] [5s]
*** RIVER *** [Jd 9d Tc 5s] [Ac]
*** SHOW DOWN ***
andreeahere: shows [Ks Kh] (a pair of Kings)
qqold: shows [Kd Qc] (a straight, Ten to Ace)
qqold collected $2.62 from pot
*** SUMMARY ***
Total pot $2.71 | Rake $0.09 
Board [Jd 9d Tc 5s Ac]
Seat 1: yKrOn (small blind) folded before Flop
Seat 2: Dorex2007 (big blind) folded before Flop
Seat 3: wawe09 folded before Flop (didn't bet)
Seat 4: andreeahere showed [Ks Kh] and lost with a pair of Kings
Seat 5: qqold showed [Kd Qc] and won ($2.62) with a straight, Ten to Ace
Seat 7: pntandrei folded before Flop (didn't bet)
Seat 8: yakore4ek (button) folded before Flop (didn't bet)



PokerStars Hand #227359028495:  Hold'em No Limit ($0.01/$0.02 USD) - 2021/06/05 16:35:38 PT [2021/06/05 19:35:38 ET]
Table 'Cetacea' 9-max Seat #1 is the button
Seat 1: yKrOn ($2.71 in chips) 
Seat 2: Dorex2007 ($2.27 in chips) 
Seat 3: wawe09 ($1.88 in chips) 
Seat 4: andreeahere ($0.54 in chips) 
Seat 5: qqold ($2.62 in chips) 
Seat 7: pntandrei ($1.61 in chips) 
Seat 8: yakore4ek ($2.37 in chips) 
Dorex2007: posts small blind $0.01
wawe09: posts big blind $0.02
mariorusty: sits out 
herkks: sits out 
*** HOLE CARDS ***
Dealt to Dorex2007 [4s 9s]
andreeahere: raises $0.04 to $0.06
qqold: raises $0.26 to $0.32
pntandrei: folds 
yakore4ek: folds 
yKrOn: folds 
Dorex2007: folds 
wawe09: folds 
andreeahere: raises $0.22 to $0.54 and is all-in
qqold: calls $0.22
*** FLOP *** [3d Kh 2s]
*** TURN *** [3d Kh 2s] [Jc]
*** RIVER *** [3d Kh 2s Jc] [4h]
*** SHOW DOWN ***
andreeahere: shows [7s 7h] (a pair of Sevens)
qqold: shows [Kd As] (a pair of Kings)
qqold collected $1.07 from pot
*** SUMMARY ***
Total pot $1.11 | Rake $0.04 
Board [3d Kh 2s Jc 4h]
Seat 1: yKrOn (button) folded before Flop (didn't bet)
Seat 2: Dorex2007 (small blind) folded before Flop
Seat 3: wawe09 (big blind) folded before Flop
Seat 4: andreeahere showed [7s 7h] and lost with a pair of Sevens
Seat 5: qqold showed [Kd As] and won ($1.07) with a pair of Kings
Seat 7: pntandrei folded before Flop (didn't bet)
Seat 8: yakore4ek folded before Flop (didn't bet)



PokerStars Hand #227359043534:  Hold'em No Limit ($0.01/$0.02 USD) - 2021/06/05 16:36:22 PT [2021/06/05 19:36:22 ET]
Table 'Cetacea' 9-max Seat #2 is the button
Seat 1: yKrOn ($2.71 in chips) 
Seat 2: Dorex2007 ($2.26 in chips) 
Seat 3: wawe09 ($1.86 in chips) 
Seat 5: qqold ($3.15 in chips) 
Seat 7: pntandrei ($1.61 in chips) 
Seat 8: yakore4ek ($2.37 in chips) 
wawe09: posts small blind $0.01
qqold: posts big blind $0.02
mariorusty: sits out 
herkks: sits out 
*** HOLE CARDS ***
Dealt to Dorex2007 [5c Ts]
pntandrei: calls $0.02
yakore4ek: raises $0.10 to $0.12
yKrOn: folds 
Dorex2007: folds 
wawe09: folds 
qqold: folds 
pntandrei: folds 
Uncalled bet ($0.10) returned to yakore4ek
yakore4ek collected $0.07 from pot
yakore4ek: doesn't show hand 
*** SUMMARY ***
Total pot $0.07 | Rake $0 
Seat 1: yKrOn folded before Flop (didn't bet)
Seat 2: Dorex2007 (button) folded before Flop (didn't bet)
Seat 3: wawe09 (small blind) folded before Flop
Seat 5: qqold (big blind) folded before Flop
Seat 7: pntandrei folded before Flop
Seat 8: yakore4ek collected ($0.07)



PokerStars Hand #227359051569:  Hold'em No Limit ($0.01/$0.02 USD) - 2021/06/05 16:36:46 PT [2021/06/05 19:36:46 ET]
Table 'Cetacea' 9-max Seat #3 is the button
Seat 1: yKrOn ($2.71 in chips) 
Seat 2: Dorex2007 ($2.26 in chips) 
Seat 3: wawe09 ($1.85 in chips) 
Seat 5: qqold ($3.13 in chips) 
Seat 6: mariorusty ($0.80 in chips) 
Seat 7: pntandrei ($1.59 in chips) 
Seat 8: yakore4ek ($2.42 in chips) 
qqold: posts small blind $0.01
mariorusty: posts big blind $0.02
herkks: sits out 
*** HOLE CARDS ***
Dealt to Dorex2007 [4s 6h]
pntandrei: folds 
yakore4ek: folds 
andreeahere leaves the table
yKrOn has timed out
yKrOn: folds 
Dorex2007: folds 
wawe09: folds 
qqold: raises $0.02 to $0.04
Slurfer joins the table at seat #4 
mariorusty: raises $0.08 to $0.12
qqold: calls $0.08
*** FLOP *** [7h 8s Th]
qqold: checks 
mariorusty: bets $0.08
qqold: calls $0.08
*** TURN *** [7h 8s Th] [Ks]
qqold: bets $0.24
mariorusty: calls $0.24
*** RIVER *** [7h 8s Th Ks] [Jc]
qqold: checks 
mariorusty: bets $0.36 and is all-in
qqold: folds 
Uncalled bet ($0.36) returned to mariorusty
mariorusty collected $0.85 from pot
mariorusty: doesn't show hand 
*** SUMMARY ***
Total pot $0.88 | Rake $0.03 
Board [7h 8s Th Ks Jc]
Seat 1: yKrOn folded before Flop (didn't bet)
Seat 2: Dorex2007 folded before Flop (didn't bet)
Seat 3: wawe09 (button) folded before Flop (didn't bet)
Seat 5: qqold (small blind) folded on the River
Seat 6: mariorusty (big blind) collected ($0.85)
Seat 7: pntandrei folded before Flop (didn't bet)
Seat 8: yakore4ek folded before Flop (didn't bet)



PokerStars Hand #227359080863:  Hold'em No Limit ($0.01/$0.02 USD) - 2021/06/05 16:38:11 PT [2021/06/05 19:38:11 ET]
Table 'Cetacea' 9-max Seat #5 is the button
Seat 1: yKrOn ($2.71 in chips) 
Seat 2: Dorex2007 ($2.26 in chips) 
Seat 3: wawe09 ($1.85 in chips) 
Seat 4: Slurfer ($2 in chips) 
Seat 5: qqold ($2.69 in chips) 
Seat 6: mariorusty ($1.21 in chips) 
Seat 8: yakore4ek ($2.42 in chips) 
mariorusty: posts small blind $0.01
pntandrei: is sitting out 
yakore4ek: posts big blind $0.02
herkks: sits out 
Slurfer: posts big blind $0.02
*** HOLE CARDS ***
Dealt to Dorex2007 [Tc Ac]
yKrOn: folds 
Dorex2007: raises $0.04 to $0.06
wawe09: folds 
Slurfer: calls $0.04
qqold: folds 
mariorusty: folds 
yakore4ek: folds 
*** FLOP *** [8d 4s Ad]
Dorex2007: checks 
Slurfer: checks 
*** TURN *** [8d 4s Ad] [Qs]
Dorex2007: bets $0.09
Slurfer: calls $0.09
*** RIVER *** [8d 4s Ad Qs] [5c]
Dorex2007: bets $0.16
Slurfer: folds 
Uncalled bet ($0.16) returned to Dorex2007
Dorex2007 collected $0.32 from pot
Dorex2007: doesn't show hand 
*** SUMMARY ***
Total pot $0.33 | Rake $0.01 
Board [8d 4s Ad Qs 5c]
Seat 1: yKrOn folded before Flop (didn't bet)
Seat 2: Dorex2007 collected ($0.32)
Seat 3: wawe09 folded before Flop (didn't bet)
Seat 4: Slurfer folded on the River
Seat 5: qqold (button) folded before Flop (didn't bet)
Seat 6: mariorusty (small blind) folded before Flop
Seat 8: yakore4ek (big blind) folded before Flop



PokerStars Hand #227359096319:  Hold'em No Limit ($0.01/$0.02 USD) - 2021/06/05 16:38:56 PT [2021/06/05 19:38:56 ET]
Table 'Cetacea' 9-max Seat #6 is the button
Seat 1: yKrOn ($2.71 in chips) 
Seat 2: Dorex2007 ($2.43 in chips) 
Seat 3: wawe09 ($1.85 in chips) 
Seat 4: Slurfer ($1.85 in chips) 
Seat 5: qqold ($2.69 in chips) 
Seat 6: mariorusty ($1.20 in chips) 
Seat 8: yakore4ek ($2.40 in chips) 
Seat 9: herkks ($2 in chips) 
yakore4ek: posts small blind $0.01
herkks: posts big blind $0.02
*** HOLE CARDS ***
Dealt to Dorex2007 [Ac 6d]
yKrOn: folds 
Dorex2007: folds 
pntandrei leaves the table
wawe09: folds 
Slurfer: calls $0.02
qqold: folds 
mariorusty: folds 
yakore4ek: calls $0.01
herkks: checks 
*** FLOP *** [4c Td Tc]
yakore4ek: checks 
herkks: checks 
Slurfer: checks 
*** TURN *** [4c Td Tc] [Kc]
yakore4ek: checks 
puntanoslyo joins the table at seat #7 
herkks: bets $0.03
Slurfer: calls $0.03
yakore4ek: raises $0.15 to $0.18
herkks: folds 
Slurfer: folds 
Uncalled bet ($0.15) returned to yakore4ek
yakore4ek collected $0.14 from pot
yakore4ek: doesn't show hand 
*** SUMMARY ***
Total pot $0.15 | Rake $0.01 
Board [4c Td Tc Kc]
Seat 1: yKrOn folded before Flop (didn't bet)
Seat 2: Dorex2007 folded before Flop (didn't bet)
Seat 3: wawe09 folded before Flop (didn't bet)
Seat 4: Slurfer folded on the Turn
Seat 5: qqold folded before Flop (didn't bet)
Seat 6: mariorusty (button) folded before Flop (didn't bet)
Seat 8: yakore4ek (small blind) collected ($0.14)
Seat 9: herkks (big blind) folded on the Turn



PokerStars Hand #227359124011:  Hold'em No Limit ($0.01/$0.02 USD) - 2021/06/05 16:40:18 PT [2021/06/05 19:40:18 ET]
Table 'Cetacea' 9-max Seat #8 is the button
Seat 1: yKrOn ($2.71 in chips) 
Seat 2: Dorex2007 ($2.43 in chips) 
Seat 3: wawe09 ($1.85 in chips) 
Seat 4: Slurfer ($1.80 in chips) 
Seat 5: qqold ($2.69 in chips) 
Seat 6: mariorusty ($1.20 in chips) 
Seat 8: yakore4ek ($2.49 in chips) 
Seat 9: herkks ($1.95 in chips) 
herkks: posts small blind $0.01
yKrOn: posts big blind $0.02
puntanoslyo: sits out 
*** HOLE CARDS ***
Dealt to Dorex2007 [4s 8s]
Dorex2007: folds 
wawe09: folds 
Slurfer: folds 
qqold: raises $0.02 to $0.04
mariorusty: folds 
yakore4ek: folds 
herkks: folds 
yKrOn: calls $0.02
*** FLOP *** [Ah Jc 6s]
yKrOn: checks 
qqold: bets $0.02
yKrOn: calls $0.02
*** TURN *** [Ah Jc 6s] [Kd]
yKrOn: checks 
qqold: checks 
*** RIVER *** [Ah Jc 6s Kd] [Ks]
yKrOn: bets $0.09
qqold: folds 
Uncalled bet ($0.09) returned to yKrOn
yKrOn collected $0.13 from pot
yKrOn: doesn't show hand 
*** SUMMARY ***
Total pot $0.13 | Rake $0 
Board [Ah Jc 6s Kd Ks]
Seat 1: yKrOn (big blind) collected ($0.13)
Seat 2: Dorex2007 folded before Flop (didn't bet)
Seat 3: wawe09 folded before Flop (didn't bet)
Seat 4: Slurfer folded before Flop (didn't bet)
Seat 5: qqold folded on the River
Seat 6: mariorusty folded before Flop (didn't bet)
Seat 8: yakore4ek (button) folded before Flop (didn't bet)
Seat 9: herkks (small blind) folded before Flop



PokerStars Hand #227359138446:  Hold'em No Limit ($0.01/$0.02 USD) - 2021/06/05 16:41:00 PT [2021/06/05 19:41:00 ET]
Table 'Cetacea' 9-max Seat #9 is the button
Seat 1: yKrOn ($2.78 in chips) 
Seat 2: Dorex2007 ($2.43 in chips) 
Seat 3: wawe09 ($1.85 in chips) 
Seat 4: Slurfer ($1.80 in chips) 
Seat 5: qqold ($2.63 in chips) 
Seat 6: mariorusty ($1.20 in chips) 
Seat 8: yakore4ek ($2.49 in chips) 
Seat 9: herkks ($1.94 in chips) 
yKrOn: posts small blind $0.01
Dorex2007: posts big blind $0.02
puntanoslyo: sits out 
*** HOLE CARDS ***
Dealt to Dorex2007 [9d Js]
wawe09: folds 
Slurfer: folds 
qqold: folds 
mariorusty: folds 
yakore4ek: raises $0.06 to $0.08
herkks: calls $0.08
yKrOn: calls $0.07
Dorex2007: folds 
*** FLOP *** [8c Tc 5s]
yKrOn: checks 
yakore4ek: checks 
herkks: checks 
*** TURN *** [8c Tc 5s] [2d]
yKrOn: bets $0.17
yakore4ek: folds 
puntanoslyo leaves the table
herkks: folds 
Uncalled bet ($0.17) returned to yKrOn
yKrOn collected $0.25 from pot
yKrOn: doesn't show hand 
*** SUMMARY ***
Total pot $0.26 | Rake $0.01 
Board [8c Tc 5s 2d]
Seat 1: yKrOn (small blind) collected ($0.25)
Seat 2: Dorex2007 (big blind) folded before Flop
Seat 3: wawe09 folded before Flop (didn't bet)
Seat 4: Slurfer folded before Flop (didn't bet)
Seat 5: qqold folded before Flop (didn't bet)
Seat 6: mariorusty folded before Flop (didn't bet)
Seat 8: yakore4ek folded on the Turn
Seat 9: herkks (button) folded on the Turn



PokerStars Hand #227359159517:  Hold'em No Limit ($0.01/$0.02 USD) - 2021/06/05 16:42:03 PT [2021/06/05 19:42:03 ET]
Table 'Cetacea' 9-max Seat #1 is the button
Seat 1: yKrOn ($2.95 in chips) 
Seat 2: Dorex2007 ($2.41 in chips) 
Seat 3: wawe09 ($1.85 in chips) 
Seat 4: Slurfer ($1.80 in chips) 
Seat 5: qqold ($2.63 in chips) 
Seat 6: mariorusty ($1.20 in chips) 
Seat 8: yakore4ek ($2.41 in chips) 
Seat 9: herkks ($1.86 in chips) 
Dorex2007: posts small blind $0.01
wawe09: posts big blind $0.02
*** HOLE CARDS ***
Dealt to Dorex2007 [Jh Qd]
Slurfer: calls $0.02
qqold: raises $0.04 to $0.06
mariorusty: folds 
yakore4ek: folds 
herkks: folds 
donramon9 joins the table at seat #7 
yKrOn: raises $0.14 to $0.20
Dorex2007: folds 
wawe09: folds 
Slurfer: folds 
qqold: raises $0.46 to $0.66
yKrOn: calls $0.46
*** FLOP *** [5h 6c 6d]
qqold: checks 
yKrOn: checks 
*** TURN *** [5h 6c 6d] [9c]
qqold: checks 
yKrOn: bets $0.88
qqold: folds 
Uncalled bet ($0.88) returned to yKrOn
yKrOn collected $1.32 from pot
yKrOn: doesn't show hand 
*** SUMMARY ***
Total pot $1.37 | Rake $0.05 
Board [5h 6c 6d 9c]
Seat 1: yKrOn (button) collected ($1.32)
Seat 2: Dorex2007 (small blind) folded before Flop
Seat 3: wawe09 (big blind) folded before Flop
Seat 4: Slurfer folded before Flop
Seat 5: qqold folded on the Turn
Seat 6: mariorusty folded before Flop (didn't bet)
Seat 8: yakore4ek folded before Flop (didn't bet)
Seat 9: herkks folded before Flop (didn't bet)



PokerStars Hand #227359189311:  Hold'em No Limit ($0.01/$0.02 USD) - 2021/06/05 16:43:32 PT [2021/06/05 19:43:32 ET]
Table 'Cetacea' 9-max Seat #2 is the button
Seat 1: yKrOn ($3.61 in chips) 
Seat 2: Dorex2007 ($2.40 in chips) 
Seat 3: wawe09 ($1.83 in chips) 
Seat 4: Slurfer ($1.78 in chips) 
Seat 5: qqold ($1.97 in chips) 
Seat 6: mariorusty ($1.20 in chips) 
Seat 8: yakore4ek ($2.41 in chips) 
Seat 9: herkks ($1.86 in chips) 
wawe09: posts small blind $0.01
Slurfer: posts big blind $0.02
donramon9: sits out 
*** HOLE CARDS ***
Dealt to Dorex2007 [Jd Qc]
qqold: raises $0.04 to $0.06
mariorusty: folds 
yakore4ek: folds 
herkks: folds 
yKrOn: calls $0.06
Dorex2007: folds 
wawe09: folds 
Slurfer: calls $0.04
*** FLOP *** [5s 7c 7s]
Slurfer: checks 
qqold: checks 
yKrOn: checks 
*** TURN *** [5s 7c 7s] [8s]
Slurfer: checks 
qqold: bets $0.04
yKrOn: raises $0.06 to $0.10
Slurfer: folds 
qqold: folds 
Uncalled bet ($0.06) returned to yKrOn
yKrOn collected $0.26 from pot
yKrOn: doesn't show hand 
*** SUMMARY ***
Total pot $0.27 | Rake $0.01 
Board [5s 7c 7s 8s]
Seat 1: yKrOn collected ($0.26)
Seat 2: Dorex2007 (button) folded before Flop (didn't bet)
Seat 3: wawe09 (small blind) folded before Flop
Seat 4: Slurfer (big blind) folded on the Turn
Seat 5: qqold folded on the Turn
Seat 6: mariorusty folded before Flop (didn't bet)
Seat 8: yakore4ek folded before Flop (didn't bet)
Seat 9: herkks folded before Flop (didn't bet)



PokerStars Hand #227359217089:  Hold'em No Limit ($0.01/$0.02 USD) - 2021/06/05 16:44:44 PT [2021/06/05 19:44:44 ET]
Table 'Cetacea' 9-max Seat #3 is the button
Seat 1: yKrOn ($3.77 in chips) 
Seat 2: Dorex2007 ($2.40 in chips) 
Seat 3: wawe09 ($1.82 in chips) 
Seat 4: Slurfer ($1.72 in chips) 
Seat 5: qqold ($1.87 in chips) 
Seat 6: mariorusty ($1.20 in chips) 
Seat 8: yakore4ek ($2.41 in chips) 
Seat 9: herkks ($1.86 in chips) 
Slurfer: posts small blind $0.01
qqold: posts big blind $0.02
donramon9: sits out 
*** HOLE CARDS ***
Dealt to Dorex2007 [3c Ad]
mariorusty: folds 
yakore4ek: folds 
herkks: raises $0.03 to $0.05
yKrOn: folds 
Dorex2007: folds 
wawe09: folds 
Slurfer: folds 
qqold: calls $0.03
*** FLOP *** [8s 4d 3h]
qqold: bets $0.04
herkks: calls $0.04
*** TURN *** [8s 4d 3h] [As]
qqold: checks 
herkks: bets $0.11
qqold: folds 
Uncalled bet ($0.11) returned to herkks
herkks collected $0.18 from pot
herkks: doesn't show hand 
*** SUMMARY ***
Total pot $0.19 | Rake $0.01 
Board [8s 4d 3h As]
Seat 1: yKrOn folded before Flop (didn't bet)
Seat 2: Dorex2007 folded before Flop (didn't bet)
Seat 3: wawe09 (button) folded before Flop (didn't bet)
Seat 4: Slurfer (small blind) folded before Flop
Seat 5: qqold (big blind) folded on the Turn
Seat 6: mariorusty folded before Flop (didn't bet)
Seat 8: yakore4ek folded before Flop (didn't bet)
Seat 9: herkks collected ($0.18)



PokerStars Hand #227359236922:  Hold'em No Limit ($0.01/$0.02 USD) - 2021/06/05 16:45:43 PT [2021/06/05 19:45:43 ET]
Table 'Cetacea' 9-max Seat #4 is the button
Seat 1: yKrOn ($3.77 in chips) 
Seat 2: Dorex2007 ($2.40 in chips) 
Seat 3: wawe09 ($1.82 in chips) 
Seat 4: Slurfer ($1.71 in chips) 
Seat 5: qqold ($1.78 in chips) 
Seat 7: donramon9 ($1.12 in chips) 
Seat 8: yakore4ek ($2.41 in chips) 
Seat 9: herkks ($1.95 in chips) 
qqold: posts small blind $0.01
mariorusty: is sitting out 
donramon9: posts big blind $0.02
*** HOLE CARDS ***
Dealt to Dorex2007 [9c 7h]
yakore4ek: raises $0.14 to $0.16
herkks: folds 
yKrOn: folds 
Dorex2007: folds 
wawe09: folds 
Slurfer: folds 
mariorusty leaves the table
qqold: folds 
donramon9: folds 
Uncalled bet ($0.14) returned to yakore4ek
yakore4ek collected $0.05 from pot
yakore4ek: doesn't show hand 
*** SUMMARY ***
Total pot $0.05 | Rake $0 
Seat 1: yKrOn folded before Flop (didn't bet)
Seat 2: Dorex2007 folded before Flop (didn't bet)
Seat 3: wawe09 folded before Flop (didn't bet)
Seat 4: Slurfer (button) folded before Flop (didn't bet)
Seat 5: qqold (small blind) folded before Flop
Seat 7: donramon9 (big blind) folded before Flop
Seat 8: yakore4ek collected ($0.05)
Seat 9: herkks folded before Flop (didn't bet)



PokerStars Hand #227359245312:  Hold'em No Limit ($0.01/$0.02 USD) - 2021/06/05 16:46:08 PT [2021/06/05 19:46:08 ET]
Table 'Cetacea' 9-max Seat #5 is the button
Seat 1: yKrOn ($3.77 in chips) 
Seat 2: Dorex2007 ($2.40 in chips) 
Seat 3: wawe09 ($1.82 in chips) 
Seat 4: Slurfer ($1.71 in chips) 
Seat 5: qqold ($1.77 in chips) 
Seat 7: donramon9 ($1.10 in chips) 
Seat 8: yakore4ek ($2.44 in chips) 
Seat 9: herkks ($1.95 in chips) 
donramon9: posts small blind $0.01
yakore4ek: posts big blind $0.02
*** HOLE CARDS ***
Dealt to Dorex2007 [5d 7h]
herkks: folds 
yKrOn: folds 
Dorex2007: folds 
wawe09: raises $0.02 to $0.04
Slurfer: calls $0.04
qqold: folds 
donramon9: folds 
yakore4ek: calls $0.02
*** FLOP *** [9s Td Ac]
yakore4ek: checks 
wawe09: checks 
Slurfer: bets $0.07
yakore4ek: folds 
wawe09: folds 
Uncalled bet ($0.07) returned to Slurfer
Slurfer collected $0.13 from pot
Slurfer: doesn't show hand 
*** SUMMARY ***
Total pot $0.13 | Rake $0 
Board [9s Td Ac]
Seat 1: yKrOn folded before Flop (didn't bet)
Seat 2: Dorex2007 folded before Flop (didn't bet)
Seat 3: wawe09 folded on the Flop
Seat 4: Slurfer collected ($0.13)
Seat 5: qqold (button) folded before Flop (didn't bet)
Seat 7: donramon9 (small blind) folded before Flop
Seat 8: yakore4ek (big blind) folded on the Flop
Seat 9: herkks folded before Flop (didn't bet)



PokerStars Hand #227359258326:  Hold'em No Limit ($0.01/$0.02 USD) - 2021/06/05 16:46:47 PT [2021/06/05 19:46:47 ET]
Table 'Cetacea' 9-max Seat #7 is the button
Seat 1: yKrOn ($3.77 in chips) 
Seat 2: Dorex2007 ($2.40 in chips) 
Seat 3: wawe09 ($1.78 in chips) 
Seat 4: Slurfer ($1.80 in chips) 
Seat 5: qqold ($1.77 in chips) 
Seat 7: donramon9 ($1.09 in chips) 
Seat 8: yakore4ek ($2.40 in chips) 
Seat 9: herkks ($1.95 in chips) 
yakore4ek: posts small blind $0.01
herkks: posts big blind $0.02
*** HOLE CARDS ***
Dealt to Dorex2007 [Kd 7c]
yKrOn: raises $0.03 to $0.05
Dorex2007: calls $0.05
wawe09: folds 
Slurfer: folds 
bob4756 joins the table at seat #6 
qqold: raises $0.10 to $0.15
donramon9: folds 
yakore4ek: folds 
herkks: folds 
yKrOn: folds 
Dorex2007: folds 
Uncalled bet ($0.10) returned to qqold
qqold collected $0.18 from pot
qqold: doesn't show hand 
*** SUMMARY ***
Total pot $0.18 | Rake $0 
Seat 1: yKrOn folded before Flop
Seat 2: Dorex2007 folded before Flop
Seat 3: wawe09 folded before Flop (didn't bet)
Seat 4: Slurfer folded before Flop (didn't bet)
Seat 5: qqold collected ($0.18)
Seat 7: donramon9 (button) folded before Flop (didn't bet)
Seat 8: yakore4ek (small blind) folded before Flop
Seat 9: herkks (big blind) folded before Flop



PokerStars Hand #227359266283:  Hold'em No Limit ($0.01/$0.02 USD) - 2021/06/05 16:47:11 PT [2021/06/05 19:47:11 ET]
Table 'Cetacea' 9-max Seat #8 is the button
Seat 2: Dorex2007 ($2.35 in chips) 
Seat 3: wawe09 ($1.78 in chips) 
Seat 4: Slurfer ($1.80 in chips) 
Seat 5: qqold ($1.90 in chips) 
Seat 7: donramon9 ($1.09 in chips) 
Seat 8: yakore4ek ($2.39 in chips) 
Seat 9: herkks ($1.93 in chips) 
herkks: posts small blind $0.01
yKrOn: is sitting out 
Dorex2007: posts big blind $0.02
bob4756: sits out 
*** HOLE CARDS ***
Dealt to Dorex2007 [6c Qs]
wawe09: folds 
Slurfer: raises $0.02 to $0.04
yKrOn leaves the table
qqold: folds 
donramon9: calls $0.04
yakore4ek: folds 
herkks: folds 
Dorex2007: folds 
*** FLOP *** [7c 2c 9d]
Slurfer: bets $0.06
donramon9: raises $0.23 to $0.29
Slurfer: folds 
Uncalled bet ($0.23) returned to donramon9
donramon9 collected $0.22 from pot
*** SUMMARY ***
Total pot $0.23 | Rake $0.01 
Board [7c 2c 9d]
Seat 2: Dorex2007 (big blind) folded before Flop
Seat 3: wawe09 folded before Flop (didn't bet)
Seat 4: Slurfer folded on the Flop
Seat 5: qqold folded before Flop (didn't bet)
Seat 7: donramon9 collected ($0.22)
Seat 8: yakore4ek (button) folded before Flop (didn't bet)
Seat 9: herkks (small blind) folded before Flop



PokerStars Hand #227359281445:  Hold'em No Limit ($0.01/$0.02 USD) - 2021/06/05 16:47:57 PT [2021/06/05 19:47:57 ET]
Table 'Cetacea' 9-max Seat #9 is the button
Seat 2: Dorex2007 ($2.33 in chips) 
Seat 3: wawe09 ($1.78 in chips) 
Seat 4: Slurfer ($1.70 in chips) 
Seat 5: qqold ($1.90 in chips) 
Seat 7: donramon9 ($1.21 in chips) 
Seat 8: yakore4ek ($2.39 in chips) 
Seat 9: herkks ($1.92 in chips) 
Dorex2007: posts small blind $0.01
wawe09: posts big blind $0.02
bob4756: sits out 
*** HOLE CARDS ***
Dealt to Dorex2007 [Th 3d]
Slurfer: calls $0.02
qqold: raises $0.04 to $0.06
donramon9: folds 
yakore4ek: folds 
herkks: folds 
Dorex2007: folds 
wawe09: folds 
Slurfer: calls $0.04
*** FLOP *** [6s 6h Kh]
CaritaTriste joins the table at seat #1 
Slurfer: checks 
qqold: bets $0.02
Slurfer: calls $0.02
*** TURN *** [6s 6h Kh] [9s]
Slurfer: checks 
qqold: bets $0.04
Slurfer: calls $0.04
*** RIVER *** [6s 6h Kh 9s] [7h]
Slurfer: checks 
qqold: bets $0.12
Slurfer: raises $0.26 to $0.38
qqold: calls $0.26
*** SHOW DOWN ***
Slurfer: shows [4h 3h] (a flush, King high)
qqold: mucks hand 
Slurfer collected $0.99 from pot
*** SUMMARY ***
Total pot $1.03 | Rake $0.04 
Board [6s 6h Kh 9s 7h]
Seat 2: Dorex2007 (small blind) folded before Flop
Seat 3: wawe09 (big blind) folded before Flop
Seat 4: Slurfer showed [4h 3h] and won ($0.99) with a flush, King high
Seat 5: qqold mucked [Kd As]
Seat 7: donramon9 folded before Flop (didn't bet)
Seat 8: yakore4ek folded before Flop (didn't bet)
Seat 9: herkks (button) folded before Flop (didn't bet)



PokerStars Hand #227359300981:  Hold'em No Limit ($0.01/$0.02 USD) - 2021/06/05 16:48:58 PT [2021/06/05 19:48:58 ET]
Table 'Cetacea' 9-max Seat #2 is the button
Seat 1: CaritaTriste ($0.80 in chips) 
Seat 2: Dorex2007 ($2.32 in chips) 
Seat 3: wawe09 ($1.76 in chips) 
Seat 4: Slurfer ($2.19 in chips) 
Seat 5: qqold ($1.40 in chips) 
Seat 7: donramon9 ($1.21 in chips) 
Seat 8: yakore4ek ($2.39 in chips) 
Seat 9: herkks ($1.92 in chips) 
wawe09: posts small blind $0.01
Slurfer: posts big blind $0.02
bob4756: sits out 
CaritaTriste: posts big blind $0.02
*** HOLE CARDS ***
Dealt to Dorex2007 [6s Qc]
qqold: folds 
donramon9: folds 
yakore4ek: folds 
herkks: folds 
CaritaTriste: checks 
Dorex2007: folds 
wawe09: calls $0.01
Slurfer: checks 
*** FLOP *** [8c 5s Jc]
wawe09: checks 
Slurfer: checks 
CaritaTriste: checks 
*** TURN *** [8c 5s Jc] [Kh]
wawe09: checks 
Slurfer: checks 
CaritaTriste: bets $0.03
wawe09: folds 
Slurfer: folds 
Uncalled bet ($0.03) returned to CaritaTriste
CaritaTriste collected $0.06 from pot
*** SUMMARY ***
Total pot $0.06 | Rake $0 
Board [8c 5s Jc Kh]
Seat 1: CaritaTriste collected ($0.06)
Seat 2: Dorex2007 (button) folded before Flop (didn't bet)
Seat 3: wawe09 (small blind) folded on the Turn
Seat 4: Slurfer (big blind) folded on the Turn
Seat 5: qqold folded before Flop (didn't bet)
Seat 7: donramon9 folded before Flop (didn't bet)
Seat 8: yakore4ek folded before Flop (didn't bet)
Seat 9: herkks folded before Flop (didn't bet)



PokerStars Hand #227359323574:  Hold'em No Limit ($0.01/$0.02 USD) - 2021/06/05 16:50:08 PT [2021/06/05 19:50:08 ET]
Table 'Cetacea' 9-max Seat #3 is the button
Seat 1: CaritaTriste ($0.84 in chips) 
Seat 2: Dorex2007 ($2.32 in chips) 
Seat 3: wawe09 ($1.74 in chips) 
Seat 4: Slurfer ($2.17 in chips) 
Seat 5: qqold ($1.40 in chips) 
Seat 7: donramon9 ($1.21 in chips) 
Seat 8: yakore4ek ($2.39 in chips) 
Seat 9: herkks ($1.92 in chips) 
Slurfer: posts small blind $0.01
qqold: posts big blind $0.02
bob4756: sits out 
*** HOLE CARDS ***
Dealt to Dorex2007 [7c 4s]
donramon9: folds 
yakore4ek: folds 
herkks: folds 
CaritaTriste: calls $0.02
Dorex2007: folds 
wawe09: folds 
Slurfer: calls $0.01
qqold: checks 
*** FLOP *** [5d Jc Qd]
Slurfer: checks 
qqold: bets $0.04
CaritaTriste: folds 
Slurfer: calls $0.04
*** TURN *** [5d Jc Qd] [2s]
Slurfer: checks 
qqold: checks 
*** RIVER *** [5d Jc Qd 2s] [4c]
Slurfer: checks 
qqold: checks 
*** SHOW DOWN ***
Slurfer: shows [5s As] (a pair of Fives)
qqold: mucks hand 
Slurfer collected $0.14 from pot
*** SUMMARY ***
Total pot $0.14 | Rake $0 
Board [5d Jc Qd 2s 4c]
Seat 1: CaritaTriste folded on the Flop
Seat 2: Dorex2007 folded before Flop (didn't bet)
Seat 3: wawe09 (button) folded before Flop (didn't bet)
Seat 4: Slurfer (small blind) showed [5s As] and won ($0.14) with a pair of Fives
Seat 5: qqold (big blind) mucked [Ts 8d]
Seat 7: donramon9 folded before Flop (didn't bet)
Seat 8: yakore4ek folded before Flop (didn't bet)
Seat 9: herkks folded before Flop (didn't bet)



PokerStars Hand #227359340264:  Hold'em No Limit ($0.01/$0.02 USD) - 2021/06/05 16:51:00 PT [2021/06/05 19:51:00 ET]
Table 'Cetacea' 9-max Seat #4 is the button
Seat 1: CaritaTriste ($0.82 in chips) 
Seat 2: Dorex2007 ($2.32 in chips) 
Seat 3: wawe09 ($1.74 in chips) 
Seat 4: Slurfer ($2.25 in chips) 
Seat 5: qqold ($1.34 in chips) 
Seat 6: bob4756 ($2 in chips) 
Seat 7: donramon9 ($1.21 in chips) 
Seat 8: yakore4ek ($2.39 in chips) 
Seat 9: herkks ($1.92 in chips) 
qqold: posts small blind $0.01
bob4756: posts big blind $0.02
*** HOLE CARDS ***
Dealt to Dorex2007 [Ts 4c]
donramon9: folds 
yakore4ek: raises $0.04 to $0.06
herkks: folds 
CaritaTriste: folds 
Dorex2007: folds 
wawe09: folds 
Slurfer: folds 
qqold: folds 
bob4756: raises $0.14 to $0.20
yakore4ek: folds 
Uncalled bet ($0.14) returned to bob4756
bob4756 collected $0.13 from pot
*** SUMMARY ***
Total pot $0.13 | Rake $0 
Seat 1: CaritaTriste folded before Flop (didn't bet)
Seat 2: Dorex2007 folded before Flop (didn't bet)
Seat 3: wawe09 folded before Flop (didn't bet)
Seat 4: Slurfer (button) folded before Flop (didn't bet)
Seat 5: qqold (small blind) folded before Flop
Seat 6: bob4756 (big blind) collected ($0.13)
Seat 7: donramon9 folded before Flop (didn't bet)
Seat 8: yakore4ek folded before Flop
Seat 9: herkks folded before Flop (didn't bet)



PokerStars Hand #227359352228:  Hold'em No Limit ($0.01/$0.02 USD) - 2021/06/05 16:51:36 PT [2021/06/05 19:51:36 ET]
Table 'Cetacea' 9-max Seat #5 is the button
Seat 1: CaritaTriste ($0.82 in chips) 
Seat 2: Dorex2007 ($2.32 in chips) 
Seat 3: wawe09 ($1.74 in chips) 
Seat 4: Slurfer ($2.25 in chips) 
Seat 5: qqold ($1.33 in chips) 
Seat 6: bob4756 ($2.07 in chips) 
Seat 7: donramon9 ($1.21 in chips) 
Seat 8: yakore4ek ($2.33 in chips) 
Seat 9: herkks ($1.92 in chips) 
bob4756: posts small blind $0.01
donramon9: posts big blind $0.02
*** HOLE CARDS ***
Dealt to Dorex2007 [4d Ah]
yakore4ek: calls $0.02
herkks: folds 
CaritaTriste: folds 
Dorex2007: folds 
wawe09: folds 
Slurfer: folds 
qqold: calls $0.02
bob4756: folds 
donramon9: checks 
*** FLOP *** [6h Kh 2h]
donramon9: checks 
yakore4ek: bets $0.02
qqold: calls $0.02
donramon9: folds 
*** TURN *** [6h Kh 2h] [2d]
yakore4ek: checks 
qqold: checks 
*** RIVER *** [6h Kh 2h 2d] [Qh]
yakore4ek: bets $0.40
qqold: folds 
Uncalled bet ($0.40) returned to yakore4ek
yakore4ek collected $0.11 from pot
yakore4ek: doesn't show hand 
*** SUMMARY ***
Total pot $0.11 | Rake $0 
Board [6h Kh 2h 2d Qh]
Seat 1: CaritaTriste folded before Flop (didn't bet)
Seat 2: Dorex2007 folded before Flop (didn't bet)
Seat 3: wawe09 folded before Flop (didn't bet)
Seat 4: Slurfer folded before Flop (didn't bet)
Seat 5: qqold (button) folded on the River
Seat 6: bob4756 (small blind) folded before Flop
Seat 7: donramon9 (big blind) folded on the Flop
Seat 8: yakore4ek collected ($0.11)
Seat 9: herkks folded before Flop (didn't bet)



PokerStars Hand #227359370131:  Hold'em No Limit ($0.01/$0.02 USD) - 2021/06/05 16:52:32 PT [2021/06/05 19:52:32 ET]
Table 'Cetacea' 9-max Seat #6 is the button
Seat 1: CaritaTriste ($0.82 in chips) 
Seat 2: Dorex2007 ($2.32 in chips) 
Seat 3: wawe09 ($1.74 in chips) 
Seat 4: Slurfer ($2.25 in chips) 
Seat 5: qqold ($1.29 in chips) 
Seat 6: bob4756 ($2.06 in chips) 
Seat 7: donramon9 ($1.19 in chips) 
Seat 8: yakore4ek ($2.40 in chips) 
Seat 9: herkks ($1.92 in chips) 
donramon9: posts small blind $0.01
yakore4ek: posts big blind $0.02
*** HOLE CARDS ***
Dealt to Dorex2007 [Ac 4h]
herkks: folds 
CaritaTriste: calls $0.02
Dorex2007: folds 
wawe09: folds 
Slurfer: folds 
qqold: raises $0.02 to $0.04
bob4756: folds 
donramon9: folds 
yakore4ek: calls $0.02
CaritaTriste: calls $0.02
*** FLOP *** [2h 4s 3s]
yakore4ek: bets $0.12
CaritaTriste: folds 
qqold: folds 
Uncalled bet ($0.12) returned to yakore4ek
yakore4ek collected $0.13 from pot
yakore4ek: doesn't show hand 
*** SUMMARY ***
Total pot $0.13 | Rake $0 
Board [2h 4s 3s]
Seat 1: CaritaTriste folded on the Flop
Seat 2: Dorex2007 folded before Flop (didn't bet)
Seat 3: wawe09 folded before Flop (didn't bet)
Seat 4: Slurfer folded before Flop (didn't bet)
Seat 5: qqold folded on the Flop
Seat 6: bob4756 (button) folded before Flop (didn't bet)
Seat 7: donramon9 (small blind) folded before Flop
Seat 8: yakore4ek (big blind) collected ($0.13)
Seat 9: herkks folded before Flop (didn't bet)



PokerStars Hand #227359387935:  Hold'em No Limit ($0.01/$0.02 USD) - 2021/06/05 16:53:27 PT [2021/06/05 19:53:27 ET]
Table 'Cetacea' 9-max Seat #7 is the button
Seat 1: CaritaTriste ($0.78 in chips) 
Seat 2: Dorex2007 ($2.32 in chips) 
Seat 3: wawe09 ($1.74 in chips) 
Seat 4: Slurfer ($2.25 in chips) 
Seat 5: qqold ($1.25 in chips) 
Seat 6: bob4756 ($2.06 in chips) 
Seat 7: donramon9 ($1.18 in chips) 
Seat 8: yakore4ek ($2.49 in chips) 
Seat 9: herkks ($1.92 in chips) 
yakore4ek: posts small blind $0.01
herkks: posts big blind $0.02
*** HOLE CARDS ***
Dealt to Dorex2007 [Kc 7s]
CaritaTriste: calls $0.02
Dorex2007: folds 
wawe09: folds 
Slurfer: calls $0.02
qqold: folds 
bob4756: folds 
donramon9: folds 
yakore4ek: folds 
herkks: checks 
*** FLOP *** [8s Ts 3h]
herkks: checks 
CaritaTriste: bets $0.07
Slurfer: folds 
herkks: folds 
Uncalled bet ($0.07) returned to CaritaTriste
CaritaTriste collected $0.07 from pot
*** SUMMARY ***
Total pot $0.07 | Rake $0 
Board [8s Ts 3h]
Seat 1: CaritaTriste collected ($0.07)
Seat 2: Dorex2007 folded before Flop (didn't bet)
Seat 3: wawe09 folded before Flop (didn't bet)
Seat 4: Slurfer folded on the Flop
Seat 5: qqold folded before Flop (didn't bet)
Seat 6: bob4756 folded before Flop (didn't bet)
Seat 7: donramon9 (button) folded before Flop (didn't bet)
Seat 8: yakore4ek (small blind) folded before Flop
Seat 9: herkks (big blind) folded on the Flop



PokerStars Hand #227359401826:  Hold'em No Limit ($0.01/$0.02 USD) - 2021/06/05 16:54:11 PT [2021/06/05 19:54:11 ET]
Table 'Cetacea' 9-max Seat #8 is the button
Seat 1: CaritaTriste ($0.83 in chips) 
Seat 2: Dorex2007 ($2.32 in chips) 
Seat 3: wawe09 ($1.74 in chips) 
Seat 4: Slurfer ($2.23 in chips) 
Seat 5: qqold ($1.25 in chips) 
Seat 6: bob4756 ($2.06 in chips) 
Seat 7: donramon9 ($1.18 in chips) 
Seat 8: yakore4ek ($2.48 in chips) 
Seat 9: herkks ($1.90 in chips) 
herkks: posts small blind $0.01
CaritaTriste: posts big blind $0.02
*** HOLE CARDS ***
Dealt to Dorex2007 [5h 4c]
Dorex2007: folds 
wawe09: folds 
Slurfer: folds 
qqold: raises $0.02 to $0.04
bob4756: folds 
donramon9: folds 
yakore4ek: calls $0.04
herkks: folds 
CaritaTriste: folds 
*** FLOP *** [3s Ah Js]
qqold: bets $0.02
yakore4ek: calls $0.02
*** TURN *** [3s Ah Js] [7d]
qqold: bets $0.02
yakore4ek: calls $0.02
*** RIVER *** [3s Ah Js 7d] [5d]
qqold: bets $0.04
yakore4ek: folds 
Uncalled bet ($0.04) returned to qqold
qqold collected $0.18 from pot
qqold: doesn't show hand 
*** SUMMARY ***
Total pot $0.19 | Rake $0.01 
Board [3s Ah Js 7d 5d]
Seat 1: CaritaTriste (big blind) folded before Flop
Seat 2: Dorex2007 folded before Flop (didn't bet)
Seat 3: wawe09 folded before Flop (didn't bet)
Seat 4: Slurfer folded before Flop (didn't bet)
Seat 5: qqold collected ($0.18)
Seat 6: bob4756 folded before Flop (didn't bet)
Seat 7: donramon9 folded before Flop (didn't bet)
Seat 8: yakore4ek (button) folded on the River
Seat 9: herkks (small blind) folded before Flop



PokerStars Hand #227359424582:  Hold'em No Limit ($0.01/$0.02 USD) - 2021/06/05 16:55:11 PT [2021/06/05 19:55:11 ET]
Table 'Cetacea' 9-max Seat #9 is the button
Seat 1: CaritaTriste ($0.81 in chips) 
Seat 2: Dorex2007 ($2.32 in chips) 
Seat 3: wawe09 ($1.74 in chips) 
Seat 4: Slurfer ($2.23 in chips) 
Seat 5: qqold ($1.35 in chips) 
Seat 6: bob4756 ($2.06 in chips) 
Seat 7: donramon9 ($1.18 in chips) 
Seat 8: yakore4ek ($2.40 in chips) 
Seat 9: herkks ($1.89 in chips) 
CaritaTriste: posts small blind $0.01
Dorex2007: posts big blind $0.02
*** HOLE CARDS ***
Dealt to Dorex2007 [5d Js]
wawe09: folds 
Slurfer: raises $0.06 to $0.08
qqold: folds 
bob4756: folds 
donramon9: folds 
yakore4ek: folds 
herkks: folds 
CaritaTriste: folds 
Dorex2007: folds 
Uncalled bet ($0.06) returned to Slurfer
Slurfer collected $0.05 from pot
Slurfer: doesn't show hand 
*** SUMMARY ***
Total pot $0.05 | Rake $0 
Seat 1: CaritaTriste (small blind) folded before Flop
Seat 2: Dorex2007 (big blind) folded before Flop
Seat 3: wawe09 folded before Flop (didn't bet)
Seat 4: Slurfer collected ($0.05)
Seat 5: qqold folded before Flop (didn't bet)
Seat 6: bob4756 folded before Flop (didn't bet)
Seat 7: donramon9 folded before Flop (didn't bet)
Seat 8: yakore4ek folded before Flop (didn't bet)
Seat 9: herkks (button) folded before Flop (didn't bet)



PokerStars Hand #227359431277:  Hold'em No Limit ($0.01/$0.02 USD) - 2021/06/05 16:55:36 PT [2021/06/05 19:55:36 ET]
Table 'Cetacea' 9-max Seat #1 is the button
Seat 1: CaritaTriste ($0.80 in chips) 
Seat 2: Dorex2007 ($2.30 in chips) 
Seat 3: wawe09 ($1.74 in chips) 
Seat 4: Slurfer ($2.26 in chips) 
Seat 5: qqold ($1.35 in chips) 
Seat 6: bob4756 ($2.06 in chips) 
Seat 7: donramon9 ($1.18 in chips) 
Seat 8: yakore4ek ($2.40 in chips) 
Seat 9: herkks ($1.89 in chips) 
Dorex2007: posts small blind $0.01
wawe09: posts big blind $0.02
*** HOLE CARDS ***
Dealt to Dorex2007 [8h Kd]
Slurfer: calls $0.02
qqold: folds 
bob4756: raises $0.07 to $0.09
donramon9: folds 
yakore4ek: folds 
herkks: folds 
CaritaTriste: folds 
Dorex2007: folds 
wawe09: calls $0.07
Slurfer: calls $0.07
*** FLOP *** [8d Ah 7s]
wawe09: checks 
Slurfer: checks 
bob4756: bets $0.18
wawe09: calls $0.18
Slurfer: folds 
*** TURN *** [8d Ah 7s] [Ad]
wawe09: checks 
bob4756: checks 
*** RIVER *** [8d Ah 7s Ad] [4s]
wawe09: bets $0.37
bob4756: calls $0.37
*** SHOW DOWN ***
wawe09: shows [Ac Jc] (three of a kind, Aces)
bob4756: mucks hand 
wawe09 collected $1.33 from pot
*** SUMMARY ***
Total pot $1.38 | Rake $0.05 
Board [8d Ah 7s Ad 4s]
Seat 1: CaritaTriste (button) folded before Flop (didn't bet)
Seat 2: Dorex2007 (small blind) folded before Flop
Seat 3: wawe09 (big blind) showed [Ac Jc] and won ($1.33) with three of a kind, Aces
Seat 4: Slurfer folded on the Flop
Seat 5: qqold folded before Flop (didn't bet)
Seat 6: bob4756 mucked [9c 9d]
Seat 7: donramon9 folded before Flop (didn't bet)
Seat 8: yakore4ek folded before Flop (didn't bet)
Seat 9: herkks folded before Flop (didn't bet)



PokerStars Hand #227359466010:  Hold'em No Limit ($0.01/$0.02 USD) - 2021/06/05 16:57:50 PT [2021/06/05 19:57:50 ET]
Table 'Cetacea' 9-max Seat #4 is the button
Seat 1: CaritaTriste ($0.20 in chips) 
Seat 2: Dorex2007 ($2.29 in chips) 
Seat 3: wawe09 ($2.43 in chips) 
Seat 4: Slurfer ($1.37 in chips) 
Seat 5: qqold ($1.33 in chips) 
Seat 6: bob4756 ($2 in chips) 
Seat 7: donramon9 ($1.18 in chips) 
Seat 8: yakore4ek ($2.36 in chips) 
Seat 9: herkks ($1.89 in chips) 
qqold: posts small blind $0.01
bob4756: posts big blind $0.02
*** HOLE CARDS ***
Dealt to Dorex2007 [3h Jh]
donramon9: folds 
yakore4ek: calls $0.02
herkks: folds 
CaritaTriste: folds 
Dorex2007: folds 
wawe09: folds 
Slurfer: calls $0.02
qqold: calls $0.01
bob4756: checks 
*** FLOP *** [Tc As Kh]
qqold: bets $0.04
bob4756: folds 
yakore4ek: folds 
Slurfer: calls $0.04
*** TURN *** [Tc As Kh] [7h]
qqold: checks 
Slurfer: checks 
*** RIVER *** [Tc As Kh 7h] [7c]
qqold: checks 
Slurfer: checks 
*** SHOW DOWN ***
qqold: shows [9h Jd] (a pair of Sevens)
Slurfer: shows [4s Ts] (two pair, Tens and Sevens)
Slurfer collected $0.15 from pot
*** SUMMARY ***
Total pot $0.16 | Rake $0.01 
Board [Tc As Kh 7h 7c]
Seat 1: CaritaTriste folded before Flop (didn't bet)
Seat 2: Dorex2007 folded before Flop (didn't bet)
Seat 3: wawe09 folded before Flop (didn't bet)
Seat 4: Slurfer (button) showed [4s Ts] and won ($0.15) with two pair, Tens and Sevens
Seat 5: qqold (small blind) showed [9h Jd] and lost with a pair of Sevens
Seat 6: bob4756 (big blind) folded on the Flop
Seat 7: donramon9 folded before Flop (didn't bet)
Seat 8: yakore4ek folded on the Flop
Seat 9: herkks folded before Flop (didn't bet)



PokerStars Hand #227359489784:  Hold'em No Limit ($0.01/$0.02 USD) - 2021/06/05 16:59:04 PT [2021/06/05 19:59:04 ET]
Table 'Cetacea' 9-max Seat #5 is the button
Seat 1: CaritaTriste ($0.80 in chips) 
Seat 2: Dorex2007 ($2.29 in chips) 
Seat 3: wawe09 ($2.43 in chips) 
Seat 5: qqold ($1.27 in chips) 
Seat 6: bob4756 ($1.98 in chips) 
Seat 7: donramon9 ($1.18 in chips) 
Seat 8: yakore4ek ($2.34 in chips) 
Seat 9: herkks ($1.89 in chips) 
bob4756: posts small blind $0.01
donramon9: posts big blind $0.02
*** HOLE CARDS ***
Dealt to Dorex2007 [5h 4s]
Slurfer leaves the table
yakore4ek: calls $0.02
herkks: folds 
CaritaTriste: folds 
Dorex2007: folds 
wawe09: folds 
qqold: calls $0.02
bob4756: raises $0.08 to $0.10
donramon9: folds 
yakore4ek: calls $0.08
qqold: folds 
*** FLOP *** [Ts 5c 7d]
bob4756: checks 
yakore4ek: bets $0.02
bob4756: calls $0.02
*** TURN *** [Ts 5c 7d] [2h]
bob4756: checks 
yakore4ek: bets $0.02
bob4756: raises $0.18 to $0.20
yakore4ek: folds 
Uncalled bet ($0.18) returned to bob4756
bob4756 collected $0.31 from pot
*** SUMMARY ***
Total pot $0.32 | Rake $0.01 
Board [Ts 5c 7d 2h]
Seat 1: CaritaTriste folded before Flop (didn't bet)
Seat 2: Dorex2007 folded before Flop (didn't bet)
Seat 3: wawe09 folded before Flop (didn't bet)
Seat 5: qqold (button) folded before Flop
Seat 6: bob4756 (small blind) collected ($0.31)
Seat 7: donramon9 (big blind) folded before Flop
Seat 8: yakore4ek folded on the Turn
Seat 9: herkks folded before Flop (didn't bet)



PokerStars Hand #227359509670:  Hold'em No Limit ($0.01/$0.02 USD) - 2021/06/05 17:00:19 PT [2021/06/05 20:00:19 ET]
Table 'Cetacea' 9-max Seat #6 is the button
Seat 1: CaritaTriste ($0.80 in chips) 
Seat 2: Dorex2007 ($2.29 in chips) 
Seat 3: wawe09 ($2.43 in chips) 
Seat 5: qqold ($1.25 in chips) 
Seat 6: bob4756 ($2.15 in chips) 
Seat 7: donramon9 ($1.16 in chips) 
Seat 8: yakore4ek ($2.20 in chips) 
Seat 9: herkks ($1.89 in chips) 
donramon9: posts small blind $0.01
yakore4ek: posts big blind $0.02
*** HOLE CARDS ***
Dealt to Dorex2007 [8c 6h]
herkks: folds 
CaritaTriste: calls $0.02
Dorex2007: folds 
wawe09: folds 
elmont228 joins the table at seat #4 
qqold: raises $0.02 to $0.04
bob4756: folds 
donramon9: calls $0.03
yakore4ek: folds 
CaritaTriste: calls $0.02
*** FLOP *** [Qc Ac Qs]
donramon9: checks 
CaritaTriste: checks 
qqold: bets $0.04
donramon9: calls $0.04
CaritaTriste: folds 
*** TURN *** [Qc Ac Qs] [5h]
donramon9: checks 
qqold: bets $0.14
donramon9: raises $0.49 to $0.63
qqold: calls $0.49
*** RIVER *** [Qc Ac Qs 5h] [3d]
donramon9: bets $0.45 and is all-in
qqold: calls $0.45
*** SHOW DOWN ***
donramon9: shows [Th Qh] (three of a kind, Queens)
qqold: shows [Ah Jd] (two pair, Aces and Queens)
donramon9 collected $2.30 from pot
*** SUMMARY ***
Total pot $2.38 | Rake $0.08 
Board [Qc Ac Qs 5h 3d]
Seat 1: CaritaTriste folded on the Flop
Seat 2: Dorex2007 folded before Flop (didn't bet)
Seat 3: wawe09 folded before Flop (didn't bet)
Seat 5: qqold showed [Ah Jd] and lost with two pair, Aces and Queens
Seat 6: bob4756 (button) folded before Flop (didn't bet)
Seat 7: donramon9 (small blind) showed [Th Qh] and won ($2.30) with three of a kind, Queens
Seat 8: yakore4ek (big blind) folded before Flop
Seat 9: herkks folded before Flop (didn't bet)



PokerStars Hand #227359538020:  Hold'em No Limit ($0.01/$0.02 USD) - 2021/06/05 17:01:53 PT [2021/06/05 20:01:53 ET]
Table 'Cetacea' 9-max Seat #7 is the button
Seat 1: CaritaTriste ($0.76 in chips) 
Seat 2: Dorex2007 ($2.29 in chips) 
Seat 3: wawe09 ($2.43 in chips) 
Seat 5: qqold ($0.09 in chips) 
Seat 6: bob4756 ($2.15 in chips) 
Seat 7: donramon9 ($2.30 in chips) 
Seat 8: yakore4ek ($2.18 in chips) 
Seat 9: herkks ($1.89 in chips) 
yakore4ek: posts small blind $0.01
herkks: posts big blind $0.02
elmont228: sits out 
*** HOLE CARDS ***
Dealt to Dorex2007 [6h Qs]
CaritaTriste: calls $0.02
Dorex2007: folds 
wawe09: folds 
qqold: raises $0.06 to $0.08
bob4756: calls $0.08
donramon9: folds 
yakore4ek: calls $0.07
herkks: folds 
CaritaTriste: calls $0.06
*** FLOP *** [7c 4s 2s]
yakore4ek: checks 
CaritaTriste: bets $0.68 and is all-in
donramon9 leaves the table
qqold: calls $0.01 and is all-in
bob4756: folds 
yakore4ek: folds 
Uncalled bet ($0.67) returned to CaritaTriste
*** TURN *** [7c 4s 2s] [Ad]
*** RIVER *** [7c 4s 2s Ad] [Kd]
*** SHOW DOWN ***
CaritaTriste: shows [8h 7h] (a pair of Sevens)
qqold: shows [5d 7d] (a pair of Sevens - lower kicker)
CaritaTriste collected $0.35 from pot
*** SUMMARY ***
Total pot $0.36 | Rake $0.01 
Board [7c 4s 2s Ad Kd]
Seat 1: CaritaTriste showed [8h 7h] and won ($0.35) with a pair of Sevens
Seat 2: Dorex2007 folded before Flop (didn't bet)
Seat 3: wawe09 folded before Flop (didn't bet)
Seat 5: qqold showed [5d 7d] and lost with a pair of Sevens
Seat 6: bob4756 folded on the Flop
Seat 7: donramon9 (button) folded before Flop (didn't bet)
Seat 8: yakore4ek (small blind) folded on the Flop
Seat 9: herkks (big blind) folded before Flop



PokerStars Hand #227359557631:  Hold'em No Limit ($0.01/$0.02 USD) - 2021/06/05 17:02:55 PT [2021/06/05 20:02:55 ET]
Table 'Cetacea' 9-max Seat #8 is the button
Seat 1: CaritaTriste ($1.02 in chips) 
Seat 2: Dorex2007 ($2.29 in chips) 
Seat 3: wawe09 ($2.43 in chips) 
Seat 6: bob4756 ($2.07 in chips) 
Seat 8: yakore4ek ($2.10 in chips) 
Seat 9: herkks ($1.87 in chips) 
herkks: posts small blind $0.01
CaritaTriste: posts big blind $0.02
elmont228: sits out 
*** HOLE CARDS ***
Dealt to Dorex2007 [8s Kd]
Dorex2007: folds 
wawe09: folds 
bob4756: folds 
yakore4ek: folds 
herkks: raises $1.85 to $1.87 and is all-in
CaritaTriste: folds 
Uncalled bet ($1.85) returned to herkks
herkks collected $0.04 from pot
herkks: doesn't show hand 
*** SUMMARY ***
Total pot $0.04 | Rake $0 
Seat 1: CaritaTriste (big blind) folded before Flop
Seat 2: Dorex2007 folded before Flop (didn't bet)
Seat 3: wawe09 folded before Flop (didn't bet)
Seat 6: bob4756 folded before Flop (didn't bet)
Seat 8: yakore4ek (button) folded before Flop (didn't bet)
Seat 9: herkks (small blind) collected ($0.04)



PokerStars Hand #227359562907:  Hold'em No Limit ($0.01/$0.02 USD) - 2021/06/05 17:03:12 PT [2021/06/05 20:03:12 ET]
Table 'Cetacea' 9-max Seat #9 is the button
Seat 1: CaritaTriste ($1 in chips) 
Seat 2: Dorex2007 ($2.29 in chips) 
Seat 3: wawe09 ($2.43 in chips) 
Seat 5: qqold ($1 in chips) 
Seat 6: bob4756 ($2.07 in chips) 
Seat 8: yakore4ek ($2.10 in chips) 
Seat 9: herkks ($1.89 in chips) 
CaritaTriste: posts small blind $0.01
Dorex2007: posts big blind $0.02
elmont228: sits out 
*** HOLE CARDS ***
Dealt to Dorex2007 [3c Qd]
wawe09: folds 
qqold: raises $0.98 to $1 and is all-in
bob4756: folds 
yakore4ek: folds 
herkks: folds 
CaritaTriste: folds 
Dorex2007: folds 
Uncalled bet ($0.98) returned to qqold
qqold collected $0.05 from pot
qqold: doesn't show hand 
*** SUMMARY ***
Total pot $0.05 | Rake $0 
Seat 1: CaritaTriste (small blind) folded before Flop
Seat 2: Dorex2007 (big blind) folded before Flop
Seat 3: wawe09 folded before Flop (didn't bet)
Seat 5: qqold collected ($0.05)
Seat 6: bob4756 folded before Flop (didn't bet)
Seat 8: yakore4ek folded before Flop (didn't bet)
Seat 9: herkks (button) folded before Flop (didn't bet)



PokerStars Hand #227359571725:  Hold'em No Limit ($0.01/$0.02 USD) - 2021/06/05 17:03:40 PT [2021/06/05 20:03:40 ET]
Table 'Cetacea' 9-max Seat #1 is the button
Seat 1: CaritaTriste ($0.99 in chips) 
Seat 2: Dorex2007 ($2.27 in chips) 
Seat 3: wawe09 ($2.43 in chips) 
Seat 5: qqold ($1.03 in chips) 
Seat 6: bob4756 ($2.07 in chips) 
Seat 8: yakore4ek ($2.10 in chips) 
Seat 9: herkks ($1.89 in chips) 
Dorex2007: posts small blind $0.01
wawe09: posts big blind $0.02
elmont228: sits out 
*** HOLE CARDS ***
Dealt to Dorex2007 [6c 7s]
qqold: raises $1.01 to $1.03 and is all-in
bob4756: folds 
yakore4ek: folds 
herkks: folds 
CaritaTriste: folds 
Dorex2007: folds 
wawe09: folds 
Uncalled bet ($1.01) returned to qqold
qqold collected $0.05 from pot
qqold: doesn't show hand 
*** SUMMARY ***
Total pot $0.05 | Rake $0 
Seat 1: CaritaTriste (button) folded before Flop (didn't bet)
Seat 2: Dorex2007 (small blind) folded before Flop
Seat 3: wawe09 (big blind) folded before Flop
Seat 5: qqold collected ($0.05)
Seat 6: bob4756 folded before Flop (didn't bet)
Seat 8: yakore4ek folded before Flop (didn't bet)
Seat 9: herkks folded before Flop (didn't bet)



PokerStars Hand #227359578024:  Hold'em No Limit ($0.01/$0.02 USD) - 2021/06/05 17:04:00 PT [2021/06/05 20:04:00 ET]
Table 'Cetacea' 9-max Seat #2 is the button
Seat 1: CaritaTriste ($0.99 in chips) 
Seat 2: Dorex2007 ($2.26 in chips) 
Seat 3: wawe09 ($2.41 in chips) 
Seat 4: elmont228 ($2 in chips) 
Seat 5: qqold ($1.06 in chips) 
Seat 6: bob4756 ($2.07 in chips) 
Seat 8: yakore4ek ($2.10 in chips) 
Seat 9: herkks ($1.89 in chips) 
wawe09: posts small blind $0.01
elmont228: posts big blind $0.02
*** HOLE CARDS ***
Dealt to Dorex2007 [9s 3d]
qqold: raises $1.04 to $1.06 and is all-in
bob4756: folds 
yakore4ek: calls $1.06
herkks: folds 
CaritaTriste: folds 
Dorex2007: folds 
wawe09: folds 
elmont228: folds 
*** FLOP *** [2s 2c Tc]
*** TURN *** [2s 2c Tc] [Td]
*** RIVER *** [2s 2c Tc Td] [7h]
*** SHOW DOWN ***
qqold: shows [Qc Ks] (two pair, Tens and Deuces)
yakore4ek: shows [Qs Qh] (two pair, Queens and Tens)
yakore4ek collected $2.07 from pot
*** SUMMARY ***
Total pot $2.15 | Rake $0.08 
Board [2s 2c Tc Td 7h]
Seat 1: CaritaTriste folded before Flop (didn't bet)
Seat 2: Dorex2007 (button) folded before Flop (didn't bet)
Seat 3: wawe09 (small blind) folded before Flop
Seat 4: elmont228 (big blind) folded before Flop
Seat 5: qqold showed [Qc Ks] and lost with two pair, Tens and Deuces
Seat 6: bob4756 folded before Flop (didn't bet)
Seat 8: yakore4ek showed [Qs Qh] and won ($2.07) with two pair, Queens and Tens
Seat 9: herkks folded before Flop (didn't bet)



PokerStars Hand #227359586542:  Hold'em No Limit ($0.01/$0.02 USD) - 2021/06/05 17:04:27 PT [2021/06/05 20:04:27 ET]
Table 'Cetacea' 9-max Seat #3 is the button
Seat 1: CaritaTriste ($0.99 in chips) 
Seat 2: Dorex2007 ($2.26 in chips) 
Seat 3: wawe09 ($2.40 in chips) 
Seat 4: elmont228 ($1.98 in chips) 
Seat 6: bob4756 ($2.07 in chips) 
Seat 8: yakore4ek ($3.11 in chips) 
Seat 9: herkks ($1.89 in chips) 
elmont228: posts small blind $0.01
bob4756: posts big blind $0.02
*** HOLE CARDS ***
Dealt to Dorex2007 [8d Qd]
yakore4ek: folds 
herkks: folds 
CaritaTriste: calls $0.02
Dorex2007: folds 
wawe09: folds 
elmont228: calls $0.01
bob4756: checks 
*** FLOP *** [4s 3h 8c]
elmont228: checks 
bob4756: checks 
CaritaTriste: checks 
*** TURN *** [4s 3h 8c] [9d]
elmont228: checks 
bob4756: checks 
CaritaTriste: bets $0.03
elmont228: calls $0.03
bob4756: calls $0.03
*** RIVER *** [4s 3h 8c 9d] [Qh]
elmont228: checks 
bob4756: checks 
CaritaTriste: checks 
*** SHOW DOWN ***
elmont228: shows [6h 7h] (high card Queen)
bob4756: shows [4h Th] (a pair of Fours)
CaritaTriste: shows [Ks 9h] (a pair of Nines)
CaritaTriste collected $0.14 from pot
*** SUMMARY ***
Total pot $0.15 | Rake $0.01 
Board [4s 3h 8c 9d Qh]
Seat 1: CaritaTriste showed [Ks 9h] and won ($0.14) with a pair of Nines
Seat 2: Dorex2007 folded before Flop (didn't bet)
Seat 3: wawe09 (button) folded before Flop (didn't bet)
Seat 4: elmont228 (small blind) showed [6h 7h] and lost with high card Queen
Seat 6: bob4756 (big blind) showed [4h Th] and lost with a pair of Fours
Seat 8: yakore4ek folded before Flop (didn't bet)
Seat 9: herkks folded before Flop (didn't bet)



PokerStars Hand #227359603722:  Hold'em No Limit ($0.01/$0.02 USD) - 2021/06/05 17:05:22 PT [2021/06/05 20:05:22 ET]
Table 'Cetacea' 9-max Seat #4 is the button
Seat 1: CaritaTriste ($1.08 in chips) 
Seat 2: Dorex2007 ($2.26 in chips) 
Seat 3: wawe09 ($2.40 in chips) 
Seat 4: elmont228 ($1.93 in chips) 
Seat 6: bob4756 ($2.02 in chips) 
Seat 8: yakore4ek ($3.11 in chips) 
Seat 9: herkks ($1.89 in chips) 
bob4756: posts small blind $0.01
yakore4ek: posts big blind $0.02
*** HOLE CARDS ***
Dealt to Dorex2007 [7d Jd]
herkks: folds 
CaritaTriste: raises $0.02 to $0.04
Dorex2007: folds 
wawe09: folds 
elmont228: folds 
salasdiego joins the table at seat #7 
bob4756: folds 
yakore4ek: folds 
Uncalled bet ($0.02) returned to CaritaTriste
CaritaTriste collected $0.05 from pot
*** SUMMARY ***
Total pot $0.05 | Rake $0 
Seat 1: CaritaTriste collected ($0.05)
Seat 2: Dorex2007 folded before Flop (didn't bet)
Seat 3: wawe09 folded before Flop (didn't bet)
Seat 4: elmont228 (button) folded before Flop (didn't bet)
Seat 6: bob4756 (small blind) folded before Flop
Seat 8: yakore4ek (big blind) folded before Flop
Seat 9: herkks folded before Flop (didn't bet)



PokerStars Hand #227359611337:  Hold'em No Limit ($0.01/$0.02 USD) - 2021/06/05 17:05:46 PT [2021/06/05 20:05:46 ET]
Table 'Cetacea' 9-max Seat #6 is the button
Seat 1: CaritaTriste ($1.11 in chips) 
Seat 2: Dorex2007 ($2.26 in chips) 
Seat 3: wawe09 ($2.40 in chips) 
Seat 4: elmont228 ($1.93 in chips) 
Seat 5: qqold ($1 in chips) 
Seat 6: bob4756 ($2.01 in chips) 
Seat 8: yakore4ek ($3.09 in chips) 
Seat 9: herkks ($1.89 in chips) 
yakore4ek: posts small blind $0.01
herkks: posts big blind $0.02
qqold: posts small & big blinds $0.03
*** HOLE CARDS ***
Dealt to Dorex2007 [5d 2s]
CaritaTriste: folds 
Dorex2007: folds 
wawe09: folds 
elmont228: calls $0.02
qqold: checks 
bob4756: raises $0.08 to $0.10
yakore4ek: folds 
herkks: folds 
elmont228: calls $0.08
qqold: folds 
*** FLOP *** [2d Qs 7d]
elmont228: checks 
bob4756: bets $0.16
elmont228: folds 
Uncalled bet ($0.16) returned to bob4756
bob4756 collected $0.25 from pot
*** SUMMARY ***
Total pot $0.26 | Rake $0.01 
Board [2d Qs 7d]
Seat 1: CaritaTriste folded before Flop (didn't bet)
Seat 2: Dorex2007 folded before Flop (didn't bet)
Seat 3: wawe09 folded before Flop (didn't bet)
Seat 4: elmont228 folded on the Flop
Seat 5: qqold folded before Flop (didn't bet)
Seat 6: bob4756 (button) collected ($0.25)
Seat 8: yakore4ek (small blind) folded before Flop
Seat 9: herkks (big blind) folded before Flop



PokerStars Hand #227359636791:  Hold'em No Limit ($0.01/$0.02 USD) - 2021/06/05 17:06:50 PT [2021/06/05 20:06:50 ET]
Table 'Cetacea' 9-max Seat #8 is the button
Seat 1: CaritaTriste ($1.11 in chips) 
Seat 2: Dorex2007 ($2.26 in chips) 
Seat 3: wawe09 ($2.40 in chips) 
Seat 4: elmont228 ($2 in chips) 
Seat 5: qqold ($0.97 in chips) 
Seat 6: bob4756 ($2.16 in chips) 
Seat 8: yakore4ek ($3.08 in chips) 
Seat 9: herkks ($1.87 in chips) 
herkks: posts small blind $0.01
CaritaTriste: posts big blind $0.02
salasdiego: sits out 
*** HOLE CARDS ***
Dealt to Dorex2007 [Js 2s]
Dorex2007: folds 
wawe09: folds 
elmont228: folds 
qqold: folds 
bob4756: raises $0.04 to $0.06
yakore4ek: folds 
herkks: folds 
CaritaTriste: calls $0.04
*** FLOP *** [7s 3s 5d]
CaritaTriste: checks 
bob4756: checks 
*** TURN *** [7s 3s 5d] [Jh]
CaritaTriste: bets $0.07
bob4756: calls $0.07
*** RIVER *** [7s 3s 5d Jh] [7h]
CaritaTriste: bets $0.13
bob4756: calls $0.13
*** SHOW DOWN ***
CaritaTriste: shows [Jd Ad] (two pair, Jacks and Sevens)
bob4756: mucks hand 
CaritaTriste collected $0.51 from pot
*** SUMMARY ***
Total pot $0.53 | Rake $0.02 
Board [7s 3s 5d Jh 7h]
Seat 1: CaritaTriste (big blind) showed [Jd Ad] and won ($0.51) with two pair, Jacks and Sevens
Seat 2: Dorex2007 folded before Flop (didn't bet)
Seat 3: wawe09 folded before Flop (didn't bet)
Seat 4: elmont228 folded before Flop (didn't bet)
Seat 5: qqold folded before Flop (didn't bet)
Seat 6: bob4756 mucked [Ac 6h]
Seat 8: yakore4ek (button) folded before Flop (didn't bet)
Seat 9: herkks (small blind) folded before Flop



PokerStars Hand #227359656280:  Hold'em No Limit ($0.01/$0.02 USD) - 2021/06/05 17:07:52 PT [2021/06/05 20:07:52 ET]
Table 'Cetacea' 9-max Seat #9 is the button
Seat 1: CaritaTriste ($1.36 in chips) 
Seat 2: Dorex2007 ($2.26 in chips) 
Seat 3: wawe09 ($2.40 in chips) 
Seat 4: elmont228 ($2 in chips) 
Seat 5: qqold ($0.97 in chips) 
Seat 6: bob4756 ($1.90 in chips) 
Seat 8: yakore4ek ($3.08 in chips) 
Seat 9: herkks ($1.86 in chips) 
CaritaTriste: posts small blind $0.01
Dorex2007: posts big blind $0.02
salasdiego: sits out 
*** HOLE CARDS ***
Dealt to Dorex2007 [2d 7h]
wawe09: folds 
elmont228: folds 
qqold: calls $0.02
bob4756: calls $0.02
yakore4ek: folds 
herkks: folds 
CaritaTriste: calls $0.01
Dorex2007: checks 
*** FLOP *** [Qs Ah 7c]
CaritaTriste: checks 
Dorex2007: checks 
qqold: checks 
bob4756: checks 
*** TURN *** [Qs Ah 7c] [4s]
CaritaTriste: checks 
Dorex2007: checks 
qqold: checks 
bob4756: checks 
*** RIVER *** [Qs Ah 7c 4s] [Jc]
CaritaTriste: bets $0.16
Dorex2007: folds 
qqold: folds 
bob4756: calls $0.16
*** SHOW DOWN ***
CaritaTriste: shows [Kd Td] (a straight, Ten to Ace)
bob4756: mucks hand 
CaritaTriste collected $0.39 from pot
*** SUMMARY ***
Total pot $0.40 | Rake $0.01 
Board [Qs Ah 7c 4s Jc]
Seat 1: CaritaTriste (small blind) showed [Kd Td] and won ($0.39) with a straight, Ten to Ace
Seat 2: Dorex2007 (big blind) folded on the River
Seat 3: wawe09 folded before Flop (didn't bet)
Seat 4: elmont228 folded before Flop (didn't bet)
Seat 5: qqold folded on the River
Seat 6: bob4756 mucked [Qc 9c]
Seat 8: yakore4ek folded before Flop (didn't bet)
Seat 9: herkks (button) folded before Flop (didn't bet)



PokerStars Hand #227359682625:  Hold'em No Limit ($0.01/$0.02 USD) - 2021/06/05 17:09:16 PT [2021/06/05 20:09:16 ET]
Table 'Cetacea' 9-max Seat #1 is the button
Seat 1: CaritaTriste ($1.57 in chips) 
Seat 2: Dorex2007 ($2.24 in chips) 
Seat 3: wawe09 ($2.40 in chips) 
Seat 4: elmont228 ($2 in chips) 
Seat 5: qqold ($0.95 in chips) 
Seat 6: bob4756 ($1.72 in chips) 
Seat 8: yakore4ek ($3.08 in chips) 
Seat 9: herkks ($1.86 in chips) 
Dorex2007: posts small blind $0.01
wawe09: posts big blind $0.02
salasdiego: sits out 
*** HOLE CARDS ***
Dealt to Dorex2007 [9c 7d]
elmont228: folds 
qqold: folds 
bob4756: folds 
yakore4ek: folds 
herkks: raises $0.03 to $0.05
CaritaTriste: folds 
Dorex2007: folds 
wawe09: folds 
Uncalled bet ($0.03) returned to herkks
herkks collected $0.05 from pot
herkks: doesn't show hand 
*** SUMMARY ***
Total pot $0.05 | Rake $0 
Seat 1: CaritaTriste (button) folded before Flop (didn't bet)
Seat 2: Dorex2007 (small blind) folded before Flop
Seat 3: wawe09 (big blind) folded before Flop
Seat 4: elmont228 folded before Flop (didn't bet)
Seat 5: qqold folded before Flop (didn't bet)
Seat 6: bob4756 folded before Flop (didn't bet)
Seat 8: yakore4ek folded before Flop (didn't bet)
Seat 9: herkks collected ($0.05)



PokerStars Hand #227359690366:  Hold'em No Limit ($0.01/$0.02 USD) - 2021/06/05 17:09:41 PT [2021/06/05 20:09:41 ET]
Table 'Cetacea' 9-max Seat #2 is the button
Seat 1: CaritaTriste ($1.57 in chips) 
Seat 2: Dorex2007 ($2.23 in chips) 
Seat 3: wawe09 ($2.38 in chips) 
Seat 4: elmont228 ($2 in chips) 
Seat 5: qqold ($0.95 in chips) 
Seat 6: bob4756 ($1.72 in chips) 
Seat 8: yakore4ek ($3.08 in chips) 
Seat 9: herkks ($2 in chips) 
wawe09: posts small blind $0.01
elmont228: posts big blind $0.02
salasdiego: sits out 
*** HOLE CARDS ***
Dealt to Dorex2007 [Js 3c]
qqold: calls $0.02
bob4756: raises $0.07 to $0.09
yakore4ek: raises $0.37 to $0.46
herkks: folds 
CaritaTriste: folds 
Dorex2007: folds 
wawe09: folds 
elmont228: folds 
qqold: folds 
bob4756: folds 
Uncalled bet ($0.37) returned to yakore4ek
yakore4ek collected $0.23 from pot
yakore4ek: doesn't show hand 
*** SUMMARY ***
Total pot $0.23 | Rake $0 
Seat 1: CaritaTriste folded before Flop (didn't bet)
Seat 2: Dorex2007 (button) folded before Flop (didn't bet)
Seat 3: wawe09 (small blind) folded before Flop
Seat 4: elmont228 (big blind) folded before Flop
Seat 5: qqold folded before Flop
Seat 6: bob4756 folded before Flop
Seat 8: yakore4ek collected ($0.23)
Seat 9: herkks folded before Flop (didn't bet)



PokerStars Hand #227359698177:  Hold'em No Limit ($0.01/$0.02 USD) - 2021/06/05 17:10:06 PT [2021/06/05 20:10:06 ET]
Table 'Cetacea' 9-max Seat #3 is the button
Seat 1: CaritaTriste ($1.57 in chips) 
Seat 2: Dorex2007 ($2.23 in chips) 
Seat 3: wawe09 ($2.37 in chips) 
Seat 4: elmont228 ($1.98 in chips) 
Seat 5: qqold ($0.93 in chips) 
Seat 6: bob4756 ($1.63 in chips) 
Seat 8: yakore4ek ($3.22 in chips) 
Seat 9: herkks ($2 in chips) 
elmont228: posts small blind $0.01
qqold: posts big blind $0.02
salasdiego: sits out 
*** HOLE CARDS ***
Dealt to Dorex2007 [Js 3c]
bob4756: folds 
yakore4ek: raises $0.06 to $0.08
herkks: folds 
CaritaTriste: calls $0.08
Dorex2007: folds 
wawe09: folds 
elmont228: calls $0.07
qqold: folds 
*** FLOP *** [Tc 9c 7c]
elmont228: checks 
yakore4ek: checks 
CaritaTriste: checks 
*** TURN *** [Tc 9c 7c] [3d]
elmont228: checks 
yakore4ek: checks 
CaritaTriste: checks 
*** RIVER *** [Tc 9c 7c 3d] [4h]
elmont228: checks 
yakore4ek: bets $0.08
CaritaTriste: folds 
elmont228: folds 
Uncalled bet ($0.08) returned to yakore4ek
yakore4ek collected $0.25 from pot
yakore4ek: doesn't show hand 
*** SUMMARY ***
Total pot $0.26 | Rake $0.01 
Board [Tc 9c 7c 3d 4h]
Seat 1: CaritaTriste folded on the River
Seat 2: Dorex2007 folded before Flop (didn't bet)
Seat 3: wawe09 (button) folded before Flop (didn't bet)
Seat 4: elmont228 (small blind) folded on the River
Seat 5: qqold (big blind) folded before Flop
Seat 6: bob4756 folded before Flop (didn't bet)
Seat 8: yakore4ek collected ($0.25)
Seat 9: herkks folded before Flop (didn't bet)



PokerStars Hand #227359719923:  Hold'em No Limit ($0.01/$0.02 USD) - 2021/06/05 17:11:16 PT [2021/06/05 20:11:16 ET]
Table 'Cetacea' 9-max Seat #4 is the button
Seat 1: CaritaTriste ($1.49 in chips) 
Seat 2: Dorex2007 ($2.23 in chips) 
Seat 3: wawe09 ($2.37 in chips) 
Seat 4: elmont228 ($2 in chips) 
Seat 5: qqold ($0.91 in chips) 
Seat 6: bob4756 ($2 in chips) 
Seat 8: yakore4ek ($3.39 in chips) 
Seat 9: herkks ($2 in chips) 
qqold: posts small blind $0.01
bob4756: posts big blind $0.02
salasdiego: sits out 
*** HOLE CARDS ***
Dealt to Dorex2007 [3h 8h]
yakore4ek: folds 
herkks: folds 
CaritaTriste: calls $0.02
Dorex2007: folds 
wawe09: folds 
elmont228: folds 
qqold: calls $0.01
bob4756: checks 
*** FLOP *** [6c Ah 7h]
qqold: bets $0.02
bob4756: folds 
CaritaTriste: calls $0.02
*** TURN *** [6c Ah 7h] [2s]
qqold: bets $0.04
CaritaTriste: calls $0.04
*** RIVER *** [6c Ah 7h 2s] [2d]
qqold: checks 
CaritaTriste: checks 
*** SHOW DOWN ***
qqold: shows [5h Th] (a pair of Deuces)
CaritaTriste: shows [Ks Kc] (two pair, Kings and Deuces)
CaritaTriste collected $0.17 from pot
*** SUMMARY ***
Total pot $0.18 | Rake $0.01 
Board [6c Ah 7h 2s 2d]
Seat 1: CaritaTriste showed [Ks Kc] and won ($0.17) with two pair, Kings and Deuces
Seat 2: Dorex2007 folded before Flop (didn't bet)
Seat 3: wawe09 folded before Flop (didn't bet)
Seat 4: elmont228 (button) folded before Flop (didn't bet)
Seat 5: qqold (small blind) showed [5h Th] and lost with a pair of Deuces
Seat 6: bob4756 (big blind) folded on the Flop
Seat 8: yakore4ek folded before Flop (didn't bet)
Seat 9: herkks folded before Flop (didn't bet)



PokerStars Hand #227359733629:  Hold'em No Limit ($0.01/$0.02 USD) - 2021/06/05 17:12:00 PT [2021/06/05 20:12:00 ET]
Table 'Cetacea' 9-max Seat #5 is the button
Seat 1: CaritaTriste ($1.58 in chips) 
Seat 2: Dorex2007 ($2.23 in chips) 
Seat 3: wawe09 ($2.37 in chips) 
Seat 4: elmont228 ($2 in chips) 
Seat 5: qqold ($0.83 in chips) 
Seat 6: bob4756 ($1.98 in chips) 
Seat 7: salasdiego ($2 in chips) 
Seat 8: yakore4ek ($3.39 in chips) 
Seat 9: herkks ($2 in chips) 
bob4756: posts small blind $0.01
salasdiego: posts big blind $0.02
*** HOLE CARDS ***
Dealt to Dorex2007 [7c Kh]
yakore4ek: folds 
herkks: folds 
CaritaTriste: folds 
Dorex2007: folds 
wawe09: folds 
elmont228: raises $0.06 to $0.08
qqold: folds 
bob4756: folds 
salasdiego: calls $0.06
*** FLOP *** [3h 5s Kd]
salasdiego: checks 
elmont228: bets $0.10
salasdiego: folds 
Uncalled bet ($0.10) returned to elmont228
elmont228 collected $0.16 from pot
elmont228: doesn't show hand 
*** SUMMARY ***
Total pot $0.17 | Rake $0.01 
Board [3h 5s Kd]
Seat 1: CaritaTriste folded before Flop (didn't bet)
Seat 2: Dorex2007 folded before Flop (didn't bet)
Seat 3: wawe09 folded before Flop (didn't bet)
Seat 4: elmont228 collected ($0.16)
Seat 5: qqold (button) folded before Flop (didn't bet)
Seat 6: bob4756 (small blind) folded before Flop
Seat 7: salasdiego (big blind) folded on the Flop
Seat 8: yakore4ek folded before Flop (didn't bet)
Seat 9: herkks folded before Flop (didn't bet)



PokerStars Hand #227359746823:  Hold'em No Limit ($0.01/$0.02 USD) - 2021/06/05 17:12:31 PT [2021/06/05 20:12:31 ET]
Table 'Cetacea' 9-max Seat #6 is the button
Seat 1: CaritaTriste ($1.58 in chips) 
Seat 2: Dorex2007 ($2.23 in chips) 
Seat 3: wawe09 ($2.37 in chips) 
Seat 4: elmont228 ($2.08 in chips) 
Seat 5: qqold ($0.83 in chips) 
Seat 6: bob4756 ($1.97 in chips) 
Seat 7: salasdiego ($1.92 in chips) 
Seat 8: yakore4ek ($3.39 in chips) 
Seat 9: herkks ($2 in chips) 
salasdiego: posts small blind $0.01
yakore4ek: posts big blind $0.02
*** HOLE CARDS ***
Dealt to Dorex2007 [2h 4s]
herkks: folds 
CaritaTriste: folds 
Dorex2007: folds 
wawe09: folds 
elmont228: folds 
qqold: raises $0.02 to $0.04
bob4756: folds 
salasdiego: calls $0.03
yakore4ek: calls $0.02
*** FLOP *** [6d 3c Ah]
salasdiego: checks 
yakore4ek: checks 
qqold: bets $0.02
salasdiego: calls $0.02
yakore4ek: folds 
*** TURN *** [6d 3c Ah] [Qs]
salasdiego: bets $0.08
qqold: folds 
Uncalled bet ($0.08) returned to salasdiego
salasdiego collected $0.15 from pot
salasdiego: doesn't show hand 
*** SUMMARY ***
Total pot $0.16 | Rake $0.01 
Board [6d 3c Ah Qs]
Seat 1: CaritaTriste folded before Flop (didn't bet)
Seat 2: Dorex2007 folded before Flop (didn't bet)
Seat 3: wawe09 folded before Flop (didn't bet)
Seat 4: elmont228 folded before Flop (didn't bet)
Seat 5: qqold folded on the Turn
Seat 6: bob4756 (button) folded before Flop (didn't bet)
Seat 7: salasdiego (small blind) collected ($0.15)
Seat 8: yakore4ek (big blind) folded on the Flop
Seat 9: herkks folded before Flop (didn't bet)



PokerStars Hand #227359761383:  Hold'em No Limit ($0.01/$0.02 USD) - 2021/06/05 17:13:19 PT [2021/06/05 20:13:19 ET]
Table 'Cetacea' 9-max Seat #7 is the button
Seat 1: CaritaTriste ($1.58 in chips) 
Seat 2: Dorex2007 ($2.23 in chips) 
Seat 3: wawe09 ($2.37 in chips) 
Seat 4: elmont228 ($2.08 in chips) 
Seat 5: qqold ($0.77 in chips) 
Seat 6: bob4756 ($1.97 in chips) 
Seat 7: salasdiego ($2.01 in chips) 
Seat 8: yakore4ek ($3.35 in chips) 
Seat 9: herkks ($2 in chips) 
yakore4ek: posts small blind $0.01
herkks: posts big blind $0.02
*** HOLE CARDS ***
Dealt to Dorex2007 [8s Kc]
CaritaTriste: folds 
Dorex2007: folds 
wawe09: folds 
elmont228: folds 
qqold: calls $0.02
bob4756: folds 
salasdiego: folds 
yakore4ek: raises $0.06 to $0.08
herkks: folds 
qqold: calls $0.06
*** FLOP *** [Qs 2s 9d]
yakore4ek: bets $0.02
qqold: calls $0.02
*** TURN *** [Qs 2s 9d] [4s]
yakore4ek: bets $0.06
qqold: folds 
Uncalled bet ($0.06) returned to yakore4ek
yakore4ek collected $0.21 from pot
yakore4ek: doesn't show hand 
*** SUMMARY ***
Total pot $0.22 | Rake $0.01 
Board [Qs 2s 9d 4s]
Seat 1: CaritaTriste folded before Flop (didn't bet)
Seat 2: Dorex2007 folded before Flop (didn't bet)
Seat 3: wawe09 folded before Flop (didn't bet)
Seat 4: elmont228 folded before Flop (didn't bet)
Seat 5: qqold folded on the Turn
Seat 6: bob4756 folded before Flop (didn't bet)
Seat 7: salasdiego (button) folded before Flop (didn't bet)
Seat 8: yakore4ek (small blind) collected ($0.21)
Seat 9: herkks (big blind) folded before Flop



PokerStars Hand #227359780484:  Hold'em No Limit ($0.01/$0.02 USD) - 2021/06/05 17:14:20 PT [2021/06/05 20:14:20 ET]
Table 'Cetacea' 9-max Seat #8 is the button
Seat 1: CaritaTriste ($1.58 in chips) 
Seat 2: Dorex2007 ($2.23 in chips) 
Seat 3: wawe09 ($2.37 in chips) 
Seat 4: elmont228 ($2.08 in chips) 
Seat 5: qqold ($0.67 in chips) 
Seat 6: bob4756 ($1.97 in chips) 
Seat 7: salasdiego ($2.01 in chips) 
Seat 8: yakore4ek ($3.46 in chips) 
Seat 9: herkks ($1.98 in chips) 
herkks: posts small blind $0.01
CaritaTriste: posts big blind $0.02
*** HOLE CARDS ***
Dealt to Dorex2007 [Qc 6s]
Dorex2007: folds 
wawe09: folds 
elmont228: folds 
qqold: folds 
bob4756: folds 
salasdiego: folds 
yakore4ek: raises $0.02 to $0.04
herkks: folds 
CaritaTriste: calls $0.02
*** FLOP *** [6d 3d 3h]
CaritaTriste: checks 
yakore4ek: checks 
*** TURN *** [6d 3d 3h] [3s]
CaritaTriste: bets $0.05
yakore4ek: folds 
Uncalled bet ($0.05) returned to CaritaTriste
CaritaTriste collected $0.09 from pot
*** SUMMARY ***
Total pot $0.09 | Rake $0 
Board [6d 3d 3h 3s]
Seat 1: CaritaTriste (big blind) collected ($0.09)
Seat 2: Dorex2007 folded before Flop (didn't bet)
Seat 3: wawe09 folded before Flop (didn't bet)
Seat 4: elmont228 folded before Flop (didn't bet)
Seat 5: qqold folded before Flop (didn't bet)
Seat 6: bob4756 folded before Flop (didn't bet)
Seat 7: salasdiego folded before Flop (didn't bet)
Seat 8: yakore4ek (button) folded on the Turn
Seat 9: herkks (small blind) folded before Flop



PokerStars Hand #227359796069:  Hold'em No Limit ($0.01/$0.02 USD) - 2021/06/05 17:15:11 PT [2021/06/05 20:15:11 ET]
Table 'Cetacea' 9-max Seat #9 is the button
Seat 1: CaritaTriste ($1.63 in chips) 
Seat 2: Dorex2007 ($2.23 in chips) 
Seat 3: wawe09 ($2.37 in chips) 
Seat 4: elmont228 ($2.08 in chips) 
Seat 5: qqold ($0.67 in chips) 
Seat 6: bob4756 ($1.97 in chips) 
Seat 7: salasdiego ($2.01 in chips) 
Seat 8: yakore4ek ($3.42 in chips) 
Seat 9: herkks ($1.97 in chips) 
CaritaTriste: posts small blind $0.01
Dorex2007: posts big blind $0.02
*** HOLE CARDS ***
Dealt to Dorex2007 [Qh Th]
wawe09: folds 
elmont228: folds 
qqold: calls $0.02
bob4756: folds 
salasdiego: folds 
yakore4ek: folds 
herkks: folds 
CaritaTriste: calls $0.01
Dorex2007: checks 
*** FLOP *** [Kh As 3s]
CaritaTriste: bets $0.03
Dorex2007: calls $0.03
qqold: calls $0.03
*** TURN *** [Kh As 3s] [7c]
CaritaTriste: checks 
Dorex2007: checks 
qqold: checks 
*** RIVER *** [Kh As 3s 7c] [4d]
CaritaTriste: bets $0.07
Dorex2007: folds 
qqold: folds 
Uncalled bet ($0.07) returned to CaritaTriste
CaritaTriste collected $0.14 from pot
*** SUMMARY ***
Total pot $0.15 | Rake $0.01 
Board [Kh As 3s 7c 4d]
Seat 1: CaritaTriste (small blind) collected ($0.14)
Seat 2: Dorex2007 (big blind) folded on the River
Seat 3: wawe09 folded before Flop (didn't bet)
Seat 4: elmont228 folded before Flop (didn't bet)
Seat 5: qqold folded on the River
Seat 6: bob4756 folded before Flop (didn't bet)
Seat 7: salasdiego folded before Flop (didn't bet)
Seat 8: yakore4ek folded before Flop (didn't bet)
Seat 9: herkks (button) folded before Flop (didn't bet)



PokerStars Hand #227359810678:  Hold'em No Limit ($0.01/$0.02 USD) - 2021/06/05 17:15:59 PT [2021/06/05 20:15:59 ET]
Table 'Cetacea' 9-max Seat #1 is the button
Seat 1: CaritaTriste ($1.72 in chips) 
Seat 2: Dorex2007 ($2.18 in chips) 
Seat 3: wawe09 ($2.37 in chips) 
Seat 4: elmont228 ($2.08 in chips) 
Seat 5: qqold ($0.62 in chips) 
Seat 6: bob4756 ($1.97 in chips) 
Seat 7: salasdiego ($2.01 in chips) 
Seat 8: yakore4ek ($3.42 in chips) 
Seat 9: herkks ($1.97 in chips) 
Dorex2007: posts small blind $0.01
wawe09: posts big blind $0.02
*** HOLE CARDS ***
Dealt to Dorex2007 [6s Ts]
elmont228: folds 
qqold: folds 
bob4756: raises $0.04 to $0.06
salasdiego: folds 
yakore4ek: folds 
herkks: raises $0.12 to $0.18
CaritaTriste: folds 
Dorex2007: folds 
wawe09: folds 
bob4756: calls $0.12
*** FLOP *** [Kc 9c Ah]
bob4756: checks 
herkks: bets $0.19
bob4756: calls $0.19
*** TURN *** [Kc 9c Ah] [Ad]
bob4756: checks 
herkks: bets $1.60 and is all-in
bob4756: folds 
Uncalled bet ($1.60) returned to herkks
herkks collected $0.74 from pot
herkks: doesn't show hand 
*** SUMMARY ***
Total pot $0.77 | Rake $0.03 
Board [Kc 9c Ah Ad]
Seat 1: CaritaTriste (button) folded before Flop (didn't bet)
Seat 2: Dorex2007 (small blind) folded before Flop
Seat 3: wawe09 (big blind) folded before Flop
Seat 4: elmont228 folded before Flop (didn't bet)
Seat 5: qqold folded before Flop (didn't bet)
Seat 6: bob4756 folded on the Turn
Seat 7: salasdiego folded before Flop (didn't bet)
Seat 8: yakore4ek folded before Flop (didn't bet)
Seat 9: herkks collected ($0.74)



PokerStars Hand #227359834518:  Hold'em No Limit ($0.01/$0.02 USD) - 2021/06/05 17:17:17 PT [2021/06/05 20:17:17 ET]
Table 'Cetacea' 9-max Seat #2 is the button
Seat 1: CaritaTriste ($1.72 in chips) 
Seat 2: Dorex2007 ($2.17 in chips) 
Seat 3: wawe09 ($2.35 in chips) 
Seat 4: elmont228 ($2.08 in chips) 
Seat 5: qqold ($0.62 in chips) 
Seat 6: bob4756 ($1.60 in chips) 
Seat 7: salasdiego ($2.01 in chips) 
Seat 8: yakore4ek ($3.42 in chips) 
Seat 9: herkks ($2.34 in chips) 
wawe09: posts small blind $0.01
elmont228: posts big blind $0.02
*** HOLE CARDS ***
Dealt to Dorex2007 [Qh 6d]
qqold: raises $0.36 to $0.38
bob4756: calls $0.38
salasdiego: folds 
yakore4ek: calls $0.38
herkks: folds 
CaritaTriste: folds 
Dorex2007: folds 
wawe09: folds 
elmont228: folds 
*** FLOP *** [8c 2s Jc]
qqold: bets $0.24 and is all-in
bob4756: calls $0.24
yakore4ek: calls $0.24
*** TURN *** [8c 2s Jc] [3d]
bob4756: checks 
yakore4ek: checks 
*** RIVER *** [8c 2s Jc 3d] [2h]
bob4756: checks 
yakore4ek: checks 
*** SHOW DOWN ***
qqold: shows [Ad Kc] (a pair of Deuces)
bob4756: shows [Tc Th] (two pair, Tens and Deuces)
yakore4ek: mucks hand 
bob4756 collected $1.82 from pot
*** SUMMARY ***
Total pot $1.89 | Rake $0.07 
Board [8c 2s Jc 3d 2h]
Seat 1: CaritaTriste folded before Flop (didn't bet)
Seat 2: Dorex2007 (button) folded before Flop (didn't bet)
Seat 3: wawe09 (small blind) folded before Flop
Seat 4: elmont228 (big blind) folded before Flop
Seat 5: qqold showed [Ad Kc] and lost with a pair of Deuces
Seat 6: bob4756 showed [Tc Th] and won ($1.82) with two pair, Tens and Deuces
Seat 7: salasdiego folded before Flop (didn't bet)
Seat 8: yakore4ek mucked [As Qd]
Seat 9: herkks folded before Flop (didn't bet)



PokerStars Hand #227359853371:  Hold'em No Limit ($0.01/$0.02 USD) - 2021/06/05 17:18:19 PT [2021/06/05 20:18:19 ET]
Table 'Cetacea' 9-max Seat #3 is the button
Seat 1: CaritaTriste ($1.72 in chips) 
Seat 2: Dorex2007 ($2.17 in chips) 
Seat 3: wawe09 ($2.34 in chips) 
Seat 4: elmont228 ($2.06 in chips) 
Seat 6: bob4756 ($2.80 in chips) 
Seat 7: salasdiego ($2.01 in chips) 
Seat 8: yakore4ek ($2.80 in chips) 
Seat 9: herkks ($2.34 in chips) 
elmont228: posts small blind $0.01
bob4756: posts big blind $0.02
*** HOLE CARDS ***
Dealt to Dorex2007 [5h 2s]
salasdiego: folds 
yakore4ek: raises $0.06 to $0.08
herkks: folds 
CaritaTriste: folds 
Dorex2007: folds 
wawe09: folds 
elmont228: folds 
bob4756: folds 
Uncalled bet ($0.06) returned to yakore4ek
yakore4ek collected $0.05 from pot
yakore4ek: doesn't show hand 
*** SUMMARY ***
Total pot $0.05 | Rake $0 
Seat 1: CaritaTriste folded before Flop (didn't bet)
Seat 2: Dorex2007 folded before Flop (didn't bet)
Seat 3: wawe09 (button) folded before Flop (didn't bet)
Seat 4: elmont228 (small blind) folded before Flop
Seat 6: bob4756 (big blind) folded before Flop
Seat 7: salasdiego folded before Flop (didn't bet)
Seat 8: yakore4ek collected ($0.05)
Seat 9: herkks folded before Flop (didn't bet)



PokerStars Hand #227359861170:  Hold'em No Limit ($0.01/$0.02 USD) - 2021/06/05 17:18:44 PT [2021/06/05 20:18:44 ET]
Table 'Cetacea' 9-max Seat #4 is the button
Seat 1: CaritaTriste ($1.72 in chips) 
Seat 2: Dorex2007 ($2.17 in chips) 
Seat 3: wawe09 ($2.34 in chips) 
Seat 4: elmont228 ($2.05 in chips) 
Seat 6: bob4756 ($2.78 in chips) 
Seat 7: salasdiego ($2.01 in chips) 
Seat 8: yakore4ek ($2.83 in chips) 
Seat 9: herkks ($2.34 in chips) 
bob4756: posts small blind $0.01
salasdiego: posts big blind $0.02
*** HOLE CARDS ***
Dealt to Dorex2007 [Tc 9h]
yakore4ek: folds 
herkks: folds 
CaritaTriste: raises $0.02 to $0.04
Dorex2007: folds 
wawe09: folds 
elmont228: folds 
bob4756: folds 
salasdiego: calls $0.02
*** FLOP *** [3d 6c 6s]
qqold leaves the table
salasdiego: checks 
CaritaTriste: bets $0.05
salasdiego: folds 
Uncalled bet ($0.05) returned to CaritaTriste
CaritaTriste collected $0.09 from pot
*** SUMMARY ***
Total pot $0.09 | Rake $0 
Board [3d 6c 6s]
Seat 1: CaritaTriste collected ($0.09)
Seat 2: Dorex2007 folded before Flop (didn't bet)
Seat 3: wawe09 folded before Flop (didn't bet)
Seat 4: elmont228 (button) folded before Flop (didn't bet)
Seat 6: bob4756 (small blind) folded before Flop
Seat 7: salasdiego (big blind) folded on the Flop
Seat 8: yakore4ek folded before Flop (didn't bet)
Seat 9: herkks folded before Flop (didn't bet)



PokerStars Hand #227359871818:  Hold'em No Limit ($0.01/$0.02 USD) - 2021/06/05 17:19:20 PT [2021/06/05 20:19:20 ET]
Table 'Cetacea' 9-max Seat #6 is the button
Seat 1: CaritaTriste ($1.77 in chips) 
Seat 2: Dorex2007 ($2.17 in chips) 
Seat 3: wawe09 ($2.34 in chips) 
Seat 4: elmont228 ($2.05 in chips) 
Seat 6: bob4756 ($2.77 in chips) 
Seat 7: salasdiego ($1.97 in chips) 
Seat 8: yakore4ek ($2.83 in chips) 
Seat 9: herkks ($2.34 in chips) 
salasdiego: posts small blind $0.01
yakore4ek: posts big blind $0.02
*** HOLE CARDS ***
Dealt to Dorex2007 [Tc 9h]
herkks: raises $0.03 to $0.05
CaritaTriste: folds 
Dorex2007: folds 
wawe09: folds 
elmont228: folds 
bob4756: folds 
salasdiego: calls $0.04
yakore4ek: calls $0.03
*** FLOP *** [Qc 3h 5h]
salasdiego: checks 
yakore4ek: bets $0.12
herkks: folds 
salasdiego: calls $0.12
*** TURN *** [Qc 3h 5h] [Td]
salasdiego: checks 
yakore4ek: checks 
*** RIVER *** [Qc 3h 5h Td] [Kc]
salasdiego: checks 
yakore4ek: checks 
elronaa joins the table at seat #5 
*** SHOW DOWN ***
salasdiego: shows [Js Qd] (a pair of Queens)
yakore4ek: mucks hand 
salasdiego collected $0.38 from pot
*** SUMMARY ***
Total pot $0.39 | Rake $0.01 
Board [Qc 3h 5h Td Kc]
Seat 1: CaritaTriste folded before Flop (didn't bet)
Seat 2: Dorex2007 folded before Flop (didn't bet)
Seat 3: wawe09 folded before Flop (didn't bet)
Seat 4: elmont228 folded before Flop (didn't bet)
Seat 6: bob4756 (button) folded before Flop (didn't bet)
Seat 7: salasdiego (small blind) showed [Js Qd] and won ($0.38) with a pair of Queens
Seat 8: yakore4ek (big blind) mucked [5s 4s]
Seat 9: herkks folded on the Flop



PokerStars Hand #227359896084:  Hold'em No Limit ($0.01/$0.02 USD) - 2021/06/05 17:20:19 PT [2021/06/05 20:20:19 ET]
Table 'Cetacea' 9-max Seat #7 is the button
Seat 1: CaritaTriste ($1.77 in chips) 
Seat 2: Dorex2007 ($2.17 in chips) 
Seat 3: wawe09 ($2.34 in chips) 
Seat 4: elmont228 ($2.05 in chips) 
Seat 5: elronaa ($0.91 in chips) 
Seat 6: bob4756 ($2.77 in chips) 
Seat 7: salasdiego ($2.18 in chips) 
Seat 8: yakore4ek ($2.66 in chips) 
Seat 9: herkks ($2.29 in chips) 
yakore4ek: posts small blind $0.01
herkks: posts big blind $0.02
elronaa is connected 
elronaa: posts big blind $0.02
*** HOLE CARDS ***
Dealt to Dorex2007 [Js 5c]
CaritaTriste: folds 
Dorex2007: folds 
wawe09: folds 
elmont228: raises $0.08 to $0.10
elronaa: calls $0.08
bob4756: folds 
salasdiego: folds 
yakore4ek: folds 
herkks: folds 
*** FLOP *** [As 2s Kc]
elmont228: checks 
elronaa: bets $0.22
elmont228: folds 
Uncalled bet ($0.22) returned to elronaa
elronaa collected $0.22 from pot
elronaa: doesn't show hand 
*** SUMMARY ***
Total pot $0.23 | Rake $0.01 
Board [As 2s Kc]
Seat 1: CaritaTriste folded before Flop (didn't bet)
Seat 2: Dorex2007 folded before Flop (didn't bet)
Seat 3: wawe09 folded before Flop (didn't bet)
Seat 4: elmont228 folded on the Flop
Seat 5: elronaa collected ($0.22)
Seat 6: bob4756 folded before Flop (didn't bet)
Seat 7: salasdiego (button) folded before Flop (didn't bet)
Seat 8: yakore4ek (small blind) folded before Flop
Seat 9: herkks (big blind) folded before Flop



PokerStars Hand #227359905810:  Hold'em No Limit ($0.01/$0.02 USD) - 2021/06/05 17:20:52 PT [2021/06/05 20:20:52 ET]
Table 'Cetacea' 9-max Seat #8 is the button
Seat 1: CaritaTriste ($1.77 in chips) 
Seat 2: Dorex2007 ($2.17 in chips) 
Seat 3: wawe09 ($2.34 in chips) 
Seat 4: elmont228 ($1.95 in chips) 
Seat 5: elronaa ($1.03 in chips) 
Seat 6: bob4756 ($2.77 in chips) 
Seat 7: salasdiego ($2.18 in chips) 
Seat 8: yakore4ek ($2.65 in chips) 
Seat 9: herkks ($2.27 in chips) 
herkks: posts small blind $0.01
CaritaTriste: posts big blind $0.02
*** HOLE CARDS ***
Dealt to Dorex2007 [Jh Kc]
Dorex2007: folds 
wawe09: raises $0.02 to $0.04
elmont228: folds 
elronaa: calls $0.04
bob4756: folds 
salasdiego: folds 
yakore4ek: folds 
herkks: folds 
CaritaTriste: calls $0.02
*** FLOP *** [3c Qs 9c]
CaritaTriste: bets $0.13
wawe09: folds 
elronaa: raises $0.39 to $0.52
CaritaTriste: folds [Jd]
Uncalled bet ($0.39) returned to elronaa
elronaa collected $0.38 from pot
elronaa: doesn't show hand 
*** SUMMARY ***
Total pot $0.39 | Rake $0.01 
Board [3c Qs 9c]
Seat 1: CaritaTriste (big blind) folded on the Flop
Seat 2: Dorex2007 folded before Flop (didn't bet)
Seat 3: wawe09 folded on the Flop
Seat 4: elmont228 folded before Flop (didn't bet)
Seat 5: elronaa collected ($0.38)
Seat 6: bob4756 folded before Flop (didn't bet)
Seat 7: salasdiego folded before Flop (didn't bet)
Seat 8: yakore4ek (button) folded before Flop (didn't bet)
Seat 9: herkks (small blind) folded before Flop



PokerStars Hand #227359919752:  Hold'em No Limit ($0.01/$0.02 USD) - 2021/06/05 17:21:38 PT [2021/06/05 20:21:38 ET]
Table 'Cetacea' 9-max Seat #9 is the button
Seat 1: CaritaTriste ($1.60 in chips) 
Seat 2: Dorex2007 ($2.17 in chips) 
Seat 3: wawe09 ($2.30 in chips) 
Seat 4: elmont228 ($1.95 in chips) 
Seat 5: elronaa ($1.24 in chips) 
Seat 6: bob4756 ($2.77 in chips) 
Seat 7: salasdiego ($2.18 in chips) 
Seat 8: yakore4ek ($2.65 in chips) 
Seat 9: herkks ($2.26 in chips) 
CaritaTriste: posts small blind $0.01
Dorex2007: posts big blind $0.02
*** HOLE CARDS ***
Dealt to Dorex2007 [7s 5c]
wawe09: folds 
elmont228: folds 
elronaa: folds 
bob4756: folds 
salasdiego: folds 
yakore4ek: raises $0.10 to $0.12
herkks: folds 
CaritaTriste: calls $0.11
Dorex2007: folds 
*** FLOP *** [4s 2s 2c]
CaritaTriste: checks 
yakore4ek: bets $0.28
CaritaTriste: calls $0.28
*** TURN *** [4s 2s 2c] [9c]
CaritaTriste: checks 
yakore4ek: bets $0.40
CaritaTriste: calls $0.40
*** RIVER *** [4s 2s 2c 9c] [8d]
CaritaTriste: checks 
yakore4ek: checks 
*** SHOW DOWN ***
CaritaTriste: shows [As Ts] (a pair of Deuces)
yakore4ek: mucks hand 
CaritaTriste collected $1.56 from pot
*** SUMMARY ***
Total pot $1.62 | Rake $0.06 
Board [4s 2s 2c 9c 8d]
Seat 1: CaritaTriste (small blind) showed [As Ts] and won ($1.56) with a pair of Deuces
Seat 2: Dorex2007 (big blind) folded before Flop
Seat 3: wawe09 folded before Flop (didn't bet)
Seat 4: elmont228 folded before Flop (didn't bet)
Seat 5: elronaa folded before Flop (didn't bet)
Seat 6: bob4756 folded before Flop (didn't bet)
Seat 7: salasdiego folded before Flop (didn't bet)
Seat 8: yakore4ek mucked [6c 5s]
Seat 9: herkks (button) folded before Flop (didn't bet)



PokerStars Hand #227359934402:  Hold'em No Limit ($0.01/$0.02 USD) - 2021/06/05 17:22:26 PT [2021/06/05 20:22:26 ET]
Table 'Cetacea' 9-max Seat #1 is the button
Seat 1: CaritaTriste ($2.36 in chips) 
Seat 2: Dorex2007 ($2.15 in chips) 
Seat 3: wawe09 ($2.30 in chips) 
Seat 4: elmont228 ($1.95 in chips) 
Seat 5: elronaa ($1.24 in chips) 
Seat 6: bob4756 ($2.77 in chips) 
Seat 7: salasdiego ($2.18 in chips) 
Seat 8: yakore4ek ($1.85 in chips) 
Seat 9: herkks ($2.26 in chips) 
Dorex2007: posts small blind $0.01
wawe09: posts big blind $0.02
*** HOLE CARDS ***
Dealt to Dorex2007 [Js 5h]
elmont228: folds 
elronaa: folds 
bob4756: folds 
salasdiego: folds 
yakore4ek: folds 
herkks: raises $0.03 to $0.05
CaritaTriste: folds 
Dorex2007: folds 
wawe09: folds 
Uncalled bet ($0.03) returned to herkks
herkks collected $0.05 from pot
herkks: doesn't show hand 
*** SUMMARY ***
Total pot $0.05 | Rake $0 
Seat 1: CaritaTriste (button) folded before Flop (didn't bet)
Seat 2: Dorex2007 (small blind) folded before Flop
Seat 3: wawe09 (big blind) folded before Flop
Seat 4: elmont228 folded before Flop (didn't bet)
Seat 5: elronaa folded before Flop (didn't bet)
Seat 6: bob4756 folded before Flop (didn't bet)
Seat 7: salasdiego folded before Flop (didn't bet)
Seat 8: yakore4ek folded before Flop (didn't bet)
Seat 9: herkks collected ($0.05)



PokerStars Hand #227359941398:  Hold'em No Limit ($0.01/$0.02 USD) - 2021/06/05 17:22:49 PT [2021/06/05 20:22:49 ET]
Table 'Cetacea' 9-max Seat #2 is the button
Seat 1: CaritaTriste ($2.36 in chips) 
Seat 2: Dorex2007 ($2.14 in chips) 
Seat 3: wawe09 ($2.28 in chips) 
Seat 4: elmont228 ($1.95 in chips) 
Seat 5: elronaa ($1.24 in chips) 
Seat 6: bob4756 ($2.77 in chips) 
Seat 7: salasdiego ($2.18 in chips) 
Seat 8: yakore4ek ($1.85 in chips) 
Seat 9: herkks ($2.29 in chips) 
wawe09: posts small blind $0.01
elmont228: posts big blind $0.02
*** HOLE CARDS ***
Dealt to Dorex2007 [9c 7s]
elronaa: raises $0.02 to $0.04
bob4756: folds 
salasdiego: calls $0.04
yakore4ek: folds 
herkks: folds 
CaritaTriste: calls $0.04
Dorex2007: folds 
wawe09: folds 
elmont228: folds 
*** FLOP *** [6c 9d Th]
elronaa: bets $0.07
salasdiego: folds 
CaritaTriste: folds 
Uncalled bet ($0.07) returned to elronaa
elronaa collected $0.14 from pot
elronaa: doesn't show hand 
*** SUMMARY ***
Total pot $0.15 | Rake $0.01 
Board [6c 9d Th]
Seat 1: CaritaTriste folded on the Flop
Seat 2: Dorex2007 (button) folded before Flop (didn't bet)
Seat 3: wawe09 (small blind) folded before Flop
Seat 4: elmont228 (big blind) folded before Flop
Seat 5: elronaa collected ($0.14)
Seat 6: bob4756 folded before Flop (didn't bet)
Seat 7: salasdiego folded on the Flop
Seat 8: yakore4ek folded before Flop (didn't bet)
Seat 9: herkks folded before Flop (didn't bet)



PokerStars Hand #227359952663:  Hold'em No Limit ($0.01/$0.02 USD) - 2021/06/05 17:23:19 PT [2021/06/05 20:23:19 ET]
Table 'Cetacea' 9-max Seat #3 is the button
Seat 1: CaritaTriste ($2.32 in chips) 
Seat 2: Dorex2007 ($2.14 in chips) 
Seat 3: wawe09 ($2.27 in chips) 
Seat 4: elmont228 ($1.93 in chips) 
Seat 5: elronaa ($1.34 in chips) 
Seat 6: bob4756 ($2.77 in chips) 
Seat 7: salasdiego ($2.14 in chips) 
Seat 8: yakore4ek ($1.85 in chips) 
Seat 9: herkks ($2.29 in chips) 
elmont228: posts small blind $0.01
elronaa: posts big blind $0.02
*** HOLE CARDS ***
Dealt to Dorex2007 [Kh 4s]
bob4756: folds 
salasdiego: folds 
yakore4ek: calls $0.02
herkks: calls $0.02
CaritaTriste: folds 
Dorex2007: folds 
wawe09: folds 
elmont228: calls $0.01
elronaa: checks 
*** FLOP *** [Qs 7h 2c]
elmont228: bets $0.05
elronaa: folds 
yakore4ek: folds 
herkks: folds 
Uncalled bet ($0.05) returned to elmont228
elmont228 collected $0.08 from pot
elmont228: doesn't show hand 
*** SUMMARY ***
Total pot $0.08 | Rake $0 
Board [Qs 7h 2c]
Seat 1: CaritaTriste folded before Flop (didn't bet)
Seat 2: Dorex2007 folded before Flop (didn't bet)
Seat 3: wawe09 (button) folded before Flop (didn't bet)
Seat 4: elmont228 (small blind) collected ($0.08)
Seat 5: elronaa (big blind) folded on the Flop
Seat 6: bob4756 folded before Flop (didn't bet)
Seat 7: salasdiego folded before Flop (didn't bet)
Seat 8: yakore4ek folded on the Flop
Seat 9: herkks folded on the Flop



PokerStars Hand #227359964325:  Hold'em No Limit ($0.01/$0.02 USD) - 2021/06/05 17:23:58 PT [2021/06/05 20:23:58 ET]
Table 'Cetacea' 9-max Seat #4 is the button
Seat 1: CaritaTriste ($2.32 in chips) 
Seat 2: Dorex2007 ($2.14 in chips) 
Seat 3: wawe09 ($2.27 in chips) 
Seat 4: elmont228 ($1.99 in chips) 
Seat 5: elronaa ($1.32 in chips) 
Seat 6: bob4756 ($2.77 in chips) 
Seat 7: salasdiego ($2.14 in chips) 
Seat 8: yakore4ek ($1.83 in chips) 
Seat 9: herkks ($2.27 in chips) 
elronaa: posts small blind $0.01
bob4756: posts big blind $0.02
*** HOLE CARDS ***
Dealt to Dorex2007 [6c 6d]
salasdiego: folds 
yakore4ek: folds 
herkks: folds 
CaritaTriste: folds 
Dorex2007: raises $0.10 to $0.12
wawe09: folds 
elmont228: folds 
elronaa: folds 
bob4756: folds 
Uncalled bet ($0.10) returned to Dorex2007
Dorex2007 collected $0.05 from pot
Dorex2007: doesn't show hand 
*** SUMMARY ***
Total pot $0.05 | Rake $0 
Seat 1: CaritaTriste folded before Flop (didn't bet)
Seat 2: Dorex2007 collected ($0.05)
Seat 3: wawe09 folded before Flop (didn't bet)
Seat 4: elmont228 (button) folded before Flop (didn't bet)
Seat 5: elronaa (small blind) folded before Flop
Seat 6: bob4756 (big blind) folded before Flop
Seat 7: salasdiego folded before Flop (didn't bet)
Seat 8: yakore4ek folded before Flop (didn't bet)
Seat 9: herkks folded before Flop (didn't bet)



PokerStars Hand #227359969700:  Hold'em No Limit ($0.01/$0.02 USD) - 2021/06/05 17:24:15 PT [2021/06/05 20:24:15 ET]
Table 'Cetacea' 9-max Seat #5 is the button
Seat 1: CaritaTriste ($2.32 in chips) 
Seat 2: Dorex2007 ($2.17 in chips) 
Seat 3: wawe09 ($2.27 in chips) 
Seat 4: elmont228 ($1.99 in chips) 
Seat 5: elronaa ($1.31 in chips) 
Seat 6: bob4756 ($2.75 in chips) 
Seat 7: salasdiego ($2.14 in chips) 
Seat 8: yakore4ek ($1.83 in chips) 
Seat 9: herkks ($2.27 in chips) 
bob4756: posts small blind $0.01
salasdiego: posts big blind $0.02
*** HOLE CARDS ***
Dealt to Dorex2007 [9c Js]
yakore4ek: folds 
herkks: raises $0.03 to $0.05
CaritaTriste: calls $0.05
Dorex2007: folds 
wawe09: folds 
elmont228: folds 
elronaa: calls $0.05
bob4756: folds 
salasdiego: raises $0.13 to $0.18
herkks: folds 
CaritaTriste: folds 
elronaa: folds 
Uncalled bet ($0.13) returned to salasdiego
salasdiego collected $0.21 from pot
*** SUMMARY ***
Total pot $0.21 | Rake $0 
Seat 1: CaritaTriste folded before Flop
Seat 2: Dorex2007 folded before Flop (didn't bet)
Seat 3: wawe09 folded before Flop (didn't bet)
Seat 4: elmont228 folded before Flop (didn't bet)
Seat 5: elronaa (button) folded before Flop
Seat 6: bob4756 (small blind) folded before Flop
Seat 7: salasdiego (big blind) collected ($0.21)
Seat 8: yakore4ek folded before Flop (didn't bet)
Seat 9: herkks folded before Flop



PokerStars Hand #227359978572:  Hold'em No Limit ($0.01/$0.02 USD) - 2021/06/05 17:24:45 PT [2021/06/05 20:24:45 ET]
Table 'Cetacea' 9-max Seat #6 is the button
Seat 1: CaritaTriste ($2.27 in chips) 
Seat 2: Dorex2007 ($2.17 in chips) 
Seat 3: wawe09 ($2.27 in chips) 
Seat 4: elmont228 ($1.99 in chips) 
Seat 5: elronaa ($1.26 in chips) 
Seat 6: bob4756 ($2.74 in chips) 
Seat 7: salasdiego ($2.30 in chips) 
Seat 8: yakore4ek ($1.83 in chips) 
Seat 9: herkks ($2.22 in chips) 
salasdiego: posts small blind $0.01
yakore4ek: posts big blind $0.02
*** HOLE CARDS ***
Dealt to Dorex2007 [2s 7s]
herkks: folds 
CaritaTriste: folds 
Dorex2007: folds 
wawe09: folds 
elmont228: folds 
elronaa: calls $0.02
bob4756: calls $0.02
salasdiego: folds 
yakore4ek: checks 
*** FLOP *** [4s Th Jd]
yakore4ek: checks 
elronaa: checks 
bob4756: bets $0.06
yakore4ek: folds 
elronaa: folds 
Uncalled bet ($0.06) returned to bob4756
bob4756 collected $0.07 from pot
*** SUMMARY ***
Total pot $0.07 | Rake $0 
Board [4s Th Jd]
Seat 1: CaritaTriste folded before Flop (didn't bet)
Seat 2: Dorex2007 folded before Flop (didn't bet)
Seat 3: wawe09 folded before Flop (didn't bet)
Seat 4: elmont228 folded before Flop (didn't bet)
Seat 5: elronaa folded on the Flop
Seat 6: bob4756 (button) collected ($0.07)
Seat 7: salasdiego (small blind) folded before Flop
Seat 8: yakore4ek (big blind) folded on the Flop
Seat 9: herkks folded before Flop (didn't bet)



PokerStars Hand #227359993932:  Hold'em No Limit ($0.01/$0.02 USD) - 2021/06/05 17:25:36 PT [2021/06/05 20:25:36 ET]
Table 'Cetacea' 9-max Seat #7 is the button
Seat 1: CaritaTriste ($2.27 in chips) 
Seat 2: Dorex2007 ($2.17 in chips) 
Seat 3: wawe09 ($2.27 in chips) 
Seat 4: elmont228 ($1.99 in chips) 
Seat 5: elronaa ($1.24 in chips) 
Seat 6: bob4756 ($2.79 in chips) 
Seat 7: salasdiego ($2.29 in chips) 
Seat 8: yakore4ek ($1.81 in chips) 
Seat 9: herkks ($2.22 in chips) 
yakore4ek: posts small blind $0.01
herkks: posts big blind $0.02
*** HOLE CARDS ***
Dealt to Dorex2007 [4s 6c]
CaritaTriste: folds 
Dorex2007: folds 
wawe09: folds 
elmont228: folds 
elronaa: folds 
bob4756: raises $0.04 to $0.06
salasdiego: folds 
yakore4ek: folds 
herkks: folds 
Uncalled bet ($0.04) returned to bob4756
bob4756 collected $0.05 from pot
*** SUMMARY ***
Total pot $0.05 | Rake $0 
Seat 1: CaritaTriste folded before Flop (didn't bet)
Seat 2: Dorex2007 folded before Flop (didn't bet)
Seat 3: wawe09 folded before Flop (didn't bet)
Seat 4: elmont228 folded before Flop (didn't bet)
Seat 5: elronaa folded before Flop (didn't bet)
Seat 6: bob4756 collected ($0.05)
Seat 7: salasdiego (button) folded before Flop (didn't bet)
Seat 8: yakore4ek (small blind) folded before Flop
Seat 9: herkks (big blind) folded before Flop



PokerStars Hand #227360000708:  Hold'em No Limit ($0.01/$0.02 USD) - 2021/06/05 17:25:58 PT [2021/06/05 20:25:58 ET]
Table 'Cetacea' 9-max Seat #8 is the button
Seat 1: CaritaTriste ($2.27 in chips) 
Seat 2: Dorex2007 ($2.17 in chips) 
Seat 3: wawe09 ($2.27 in chips) 
Seat 4: elmont228 ($1.99 in chips) 
Seat 5: elronaa ($1.24 in chips) 
Seat 6: bob4756 ($2.82 in chips) 
Seat 7: salasdiego ($2.29 in chips) 
Seat 8: yakore4ek ($1.80 in chips) 
Seat 9: herkks ($2.20 in chips) 
herkks: posts small blind $0.01
CaritaTriste: posts big blind $0.02
*** HOLE CARDS ***
Dealt to Dorex2007 [9d 2c]
Dorex2007: folds 
wawe09: raises $0.02 to $0.04
elmont228: folds 
elronaa: folds 
bob4756: calls $0.04
salasdiego: calls $0.04
yakore4ek: calls $0.04
herkks: calls $0.03
CaritaTriste: calls $0.02
*** FLOP *** [5c 4s 9s]
herkks: checks 
CaritaTriste: checks 
wawe09: bets $0.14
bob4756: calls $0.14
salasdiego: folds 
yakore4ek: folds 
herkks: folds 
CaritaTriste: folds 
*** TURN *** [5c 4s 9s] [2s]
wawe09: bets $0.16
bob4756: folds 
Uncalled bet ($0.16) returned to wawe09
wawe09 collected $0.50 from pot
wawe09: doesn't show hand 
*** SUMMARY ***
Total pot $0.52 | Rake $0.02 
Board [5c 4s 9s 2s]
Seat 1: CaritaTriste (big blind) folded on the Flop
Seat 2: Dorex2007 folded before Flop (didn't bet)
Seat 3: wawe09 collected ($0.50)
Seat 4: elmont228 folded before Flop (didn't bet)
Seat 5: elronaa folded before Flop (didn't bet)
Seat 6: bob4756 folded on the Turn
Seat 7: salasdiego folded on the Flop
Seat 8: yakore4ek (button) folded on the Flop
Seat 9: herkks (small blind) folded on the Flop



PokerStars Hand #227360020348:  Hold'em No Limit ($0.01/$0.02 USD) - 2021/06/05 17:27:05 PT [2021/06/05 20:27:05 ET]
Table 'Cetacea' 9-max Seat #9 is the button
Seat 1: CaritaTriste ($2.23 in chips) 
Seat 2: Dorex2007 ($2.17 in chips) 
Seat 3: wawe09 ($2.59 in chips) 
Seat 4: elmont228 ($1.99 in chips) 
Seat 5: elronaa ($1.24 in chips) 
Seat 6: bob4756 ($2.64 in chips) 
Seat 7: salasdiego ($2.25 in chips) 
Seat 8: yakore4ek ($1.76 in chips) 
Seat 9: herkks ($2.16 in chips) 
CaritaTriste: posts small blind $0.01
Dorex2007: posts big blind $0.02
*** HOLE CARDS ***
Dealt to Dorex2007 [3s Kd]
wawe09: folds 
elmont228: folds 
elronaa: calls $0.02
bob4756: folds 
salasdiego has timed out
salasdiego: folds 
yakore4ek: calls $0.02
herkks: folds 
CaritaTriste: calls $0.01
Dorex2007: checks 
*** FLOP *** [Jh Ad 8d]
CaritaTriste: checks 
Dorex2007: checks 
elronaa: checks 
yakore4ek: bets $0.08
CaritaTriste: folds 
Dorex2007: folds 
elronaa: folds 
Uncalled bet ($0.08) returned to yakore4ek
yakore4ek collected $0.08 from pot
yakore4ek: doesn't show hand 
*** SUMMARY ***
Total pot $0.08 | Rake $0 
Board [Jh Ad 8d]
Seat 1: CaritaTriste (small blind) folded on the Flop
Seat 2: Dorex2007 (big blind) folded on the Flop
Seat 3: wawe09 folded before Flop (didn't bet)
Seat 4: elmont228 folded before Flop (didn't bet)
Seat 5: elronaa folded on the Flop
Seat 6: bob4756 folded before Flop (didn't bet)
Seat 7: salasdiego folded before Flop (didn't bet)
Seat 8: yakore4ek collected ($0.08)
Seat 9: herkks (button) folded before Flop (didn't bet)



PokerStars Hand #227360034812:  Hold'em No Limit ($0.01/$0.02 USD) - 2021/06/05 17:27:54 PT [2021/06/05 20:27:54 ET]
Table 'Cetacea' 9-max Seat #1 is the button
Seat 1: CaritaTriste ($2.21 in chips) 
Seat 2: Dorex2007 ($2.15 in chips) 
Seat 3: wawe09 ($2.59 in chips) 
Seat 4: elmont228 ($1.99 in chips) 
Seat 5: elronaa ($1.22 in chips) 
Seat 6: bob4756 ($2.64 in chips) 
Seat 8: yakore4ek ($1.82 in chips) 
Seat 9: herkks ($2.16 in chips) 
Dorex2007: posts small blind $0.01
wawe09: posts big blind $0.02
*** HOLE CARDS ***
Dealt to Dorex2007 [2h 3s]
elmont228: folds 
elronaa: calls $0.02
bob4756: folds 
yakore4ek: folds 
herkks: folds 
CaritaTriste: folds 
Dorex2007: folds 
wawe09: checks 
*** FLOP *** [Td 3h Tc]
wawe09: checks 
elronaa: checks 
*** TURN *** [Td 3h Tc] [5s]
wawe09: checks 
elronaa: checks 
*** RIVER *** [Td 3h Tc 5s] [9d]
wawe09: bets $0.03
elronaa: folds 
Uncalled bet ($0.03) returned to wawe09
wawe09 collected $0.05 from pot
wawe09: doesn't show hand 
*** SUMMARY ***
Total pot $0.05 | Rake $0 
Board [Td 3h Tc 5s 9d]
Seat 1: CaritaTriste (button) folded before Flop (didn't bet)
Seat 2: Dorex2007 (small blind) folded before Flop
Seat 3: wawe09 (big blind) collected ($0.05)
Seat 4: elmont228 folded before Flop (didn't bet)
Seat 5: elronaa folded on the River
Seat 6: bob4756 folded before Flop (didn't bet)
Seat 8: yakore4ek folded before Flop (didn't bet)
Seat 9: herkks folded before Flop (didn't bet)



PokerStars Hand #227360048006:  Hold'em No Limit ($0.01/$0.02 USD) - 2021/06/05 17:28:39 PT [2021/06/05 20:28:39 ET]
Table 'Cetacea' 9-max Seat #2 is the button
Seat 1: CaritaTriste ($2.21 in chips) 
Seat 2: Dorex2007 ($2.14 in chips) 
Seat 3: wawe09 ($2.62 in chips) 
Seat 4: elmont228 ($1.99 in chips) 
Seat 5: elronaa ($1.20 in chips) 
Seat 6: bob4756 ($2.64 in chips) 
Seat 8: yakore4ek ($1.82 in chips) 
Seat 9: herkks ($2.16 in chips) 
wawe09: posts small blind $0.01
elmont228: posts big blind $0.02
*** HOLE CARDS ***
Dealt to Dorex2007 [Qc 5h]
elronaa: folds 
bob4756: folds 
yakore4ek: folds 
herkks: folds 
CaritaTriste: folds 
Dorex2007: folds 
wawe09: raises $0.04 to $0.06
elmont228: folds 
Uncalled bet ($0.04) returned to wawe09
wawe09 collected $0.04 from pot
wawe09: doesn't show hand 
*** SUMMARY ***
Total pot $0.04 | Rake $0 
Seat 1: CaritaTriste folded before Flop (didn't bet)
Seat 2: Dorex2007 (button) folded before Flop (didn't bet)
Seat 3: wawe09 (small blind) collected ($0.04)
Seat 4: elmont228 (big blind) folded before Flop
Seat 5: elronaa folded before Flop (didn't bet)
Seat 6: bob4756 folded before Flop (didn't bet)
Seat 8: yakore4ek folded before Flop (didn't bet)
Seat 9: herkks folded before Flop (didn't bet)



PokerStars Hand #227360053609:  Hold'em No Limit ($0.01/$0.02 USD) - 2021/06/05 17:28:58 PT [2021/06/05 20:28:58 ET]
Table 'Cetacea' 9-max Seat #3 is the button
Seat 1: CaritaTriste ($2.21 in chips) 
Seat 2: Dorex2007 ($2.14 in chips) 
Seat 3: wawe09 ($2.64 in chips) 
Seat 4: elmont228 ($1.97 in chips) 
Seat 5: elronaa ($1.20 in chips) 
Seat 6: bob4756 ($2.64 in chips) 
Seat 8: yakore4ek ($1.82 in chips) 
Seat 9: herkks ($2.16 in chips) 
elmont228: posts small blind $0.01
elronaa: posts big blind $0.02
*** HOLE CARDS ***
Dealt to Dorex2007 [2s Th]
bob4756: folds 
yakore4ek: raises $0.02 to $0.04
herkks: folds 
CaritaTriste: folds 
Dorex2007: folds 
wawe09: folds 
elmont228: folds 
elronaa: calls $0.02
*** FLOP *** [Jc 3h 3c]
elronaa: checks 
yakore4ek: checks 
*** TURN *** [Jc 3h 3c] [Tc]
elronaa: bets $0.04
yakore4ek: calls $0.04
*** RIVER *** [Jc 3h 3c Tc] [Ac]
elronaa: checks 
yakore4ek: bets $0.08
elronaa: folds 
Uncalled bet ($0.08) returned to yakore4ek
yakore4ek collected $0.16 from pot
yakore4ek: doesn't show hand 
*** SUMMARY ***
Total pot $0.17 | Rake $0.01 
Board [Jc 3h 3c Tc Ac]
Seat 1: CaritaTriste folded before Flop (didn't bet)
Seat 2: Dorex2007 folded before Flop (didn't bet)
Seat 3: wawe09 (button) folded before Flop (didn't bet)
Seat 4: elmont228 (small blind) folded before Flop
Seat 5: elronaa (big blind) folded on the River
Seat 6: bob4756 folded before Flop (didn't bet)
Seat 8: yakore4ek collected ($0.16)
Seat 9: herkks folded before Flop (didn't bet)



PokerStars Hand #227360071836:  Hold'em No Limit ($0.01/$0.02 USD) - 2021/06/05 17:29:41 PT [2021/06/05 20:29:41 ET]
Table 'Cetacea' 9-max Seat #4 is the button
Seat 1: CaritaTriste ($2.21 in chips) 
Seat 2: Dorex2007 ($2.14 in chips) 
Seat 3: wawe09 ($2.64 in chips) 
Seat 4: elmont228 ($1.96 in chips) 
Seat 5: elronaa ($1.12 in chips) 
Seat 6: bob4756 ($2.64 in chips) 
Seat 8: yakore4ek ($1.90 in chips) 
Seat 9: herkks ($2.16 in chips) 
elronaa: posts small blind $0.01
bob4756: posts big blind $0.02
*** HOLE CARDS ***
Dealt to Dorex2007 [Ts 4c]
yakore4ek: calls $0.02
herkks: folds 
CaritaTriste: raises $0.02 to $0.04
Dorex2007: folds 
wawe09: calls $0.04
elmont228: folds 
elronaa: folds 
bob4756: folds 
yakore4ek: calls $0.02
*** FLOP *** [Kd 5h Ks]
yakore4ek: checks 
CaritaTriste: checks 
wawe09: checks 
*** TURN *** [Kd 5h Ks] [Ad]
yakore4ek: checks 
CaritaTriste: checks 
wawe09: bets $0.04
yakore4ek: folds 
CaritaTriste: calls $0.04
*** RIVER *** [Kd 5h Ks Ad] [Jh]
CaritaTriste: checks 
wawe09: checks 
*** SHOW DOWN ***
CaritaTriste: shows [Qh Qc] (two pair, Kings and Queens)
wawe09: shows [As 7s] (two pair, Aces and Kings)
wawe09 collected $0.22 from pot
*** SUMMARY ***
Total pot $0.23 | Rake $0.01 
Board [Kd 5h Ks Ad Jh]
Seat 1: CaritaTriste showed [Qh Qc] and lost with two pair, Kings and Queens
Seat 2: Dorex2007 folded before Flop (didn't bet)
Seat 3: wawe09 showed [As 7s] and won ($0.22) with two pair, Aces and Kings
Seat 4: elmont228 (button) folded before Flop (didn't bet)
Seat 5: elronaa (small blind) folded before Flop
Seat 6: bob4756 (big blind) folded before Flop
Seat 8: yakore4ek folded on the Turn
Seat 9: herkks folded before Flop (didn't bet)



PokerStars Hand #227360086262:  Hold'em No Limit ($0.01/$0.02 USD) - 2021/06/05 17:30:30 PT [2021/06/05 20:30:30 ET]
Table 'Cetacea' 9-max Seat #5 is the button
Seat 1: CaritaTriste ($2.13 in chips) 
Seat 2: Dorex2007 ($2.14 in chips) 
Seat 3: wawe09 ($2.78 in chips) 
Seat 4: elmont228 ($1.96 in chips) 
Seat 5: elronaa ($1.11 in chips) 
Seat 6: bob4756 ($2.62 in chips) 
Seat 8: yakore4ek ($1.86 in chips) 
Seat 9: herkks ($2.16 in chips) 
bob4756: posts small blind $0.01
yakore4ek: posts big blind $0.02
*** HOLE CARDS ***
Dealt to Dorex2007 [2s Kc]
herkks: folds 
CaritaTriste: calls $0.02
Dorex2007: folds 
wawe09: folds 
elmont228: raises $0.08 to $0.10
elronaa: calls $0.10
bob4756: folds 
yakore4ek: folds 
CaritaTriste: folds 
*** FLOP *** [4d Qc As]
elmont228: bets $0.14
elronaa: folds 
Uncalled bet ($0.14) returned to elmont228
elmont228 collected $0.24 from pot
elmont228: doesn't show hand 
*** SUMMARY ***
Total pot $0.25 | Rake $0.01 
Board [4d Qc As]
Seat 1: CaritaTriste folded before Flop
Seat 2: Dorex2007 folded before Flop (didn't bet)
Seat 3: wawe09 folded before Flop (didn't bet)
Seat 4: elmont228 collected ($0.24)
Seat 5: elronaa (button) folded on the Flop
Seat 6: bob4756 (small blind) folded before Flop
Seat 8: yakore4ek (big blind) folded before Flop
Seat 9: herkks folded before Flop (didn't bet)



PokerStars Hand #227360102353:  Hold'em No Limit ($0.01/$0.02 USD) - 2021/06/05 17:31:25 PT [2021/06/05 20:31:25 ET]
Table 'Cetacea' 9-max Seat #6 is the button
Seat 1: CaritaTriste ($2.11 in chips) 
Seat 2: Dorex2007 ($2.14 in chips) 
Seat 3: wawe09 ($2.78 in chips) 
Seat 4: elmont228 ($2.10 in chips) 
Seat 5: elronaa ($1.01 in chips) 
Seat 6: bob4756 ($2.61 in chips) 
Seat 8: yakore4ek ($1.84 in chips) 
Seat 9: herkks ($2.16 in chips) 
yakore4ek: posts small blind $0.01
herkks: posts big blind $0.02
*** HOLE CARDS ***
Dealt to Dorex2007 [9s 4c]
CaritaTriste: folds 
Dorex2007: folds 
wawe09: folds 
elmont228: folds 
elronaa: folds 
bob4756: raises $0.04 to $0.06
yakore4ek: folds 
herkks: folds 
Uncalled bet ($0.04) returned to bob4756
bob4756 collected $0.05 from pot
*** SUMMARY ***
Total pot $0.05 | Rake $0 
Seat 1: CaritaTriste folded before Flop (didn't bet)
Seat 2: Dorex2007 folded before Flop (didn't bet)
Seat 3: wawe09 folded before Flop (didn't bet)
Seat 4: elmont228 folded before Flop (didn't bet)
Seat 5: elronaa folded before Flop (didn't bet)
Seat 6: bob4756 (button) collected ($0.05)
Seat 8: yakore4ek (small blind) folded before Flop
Seat 9: herkks (big blind) folded before Flop



PokerStars Hand #227360108991:  Hold'em No Limit ($0.01/$0.02 USD) - 2021/06/05 17:31:47 PT [2021/06/05 20:31:47 ET]
Table 'Cetacea' 9-max Seat #8 is the button
Seat 1: CaritaTriste ($2.11 in chips) 
Seat 2: Dorex2007 ($2.14 in chips) 
Seat 3: wawe09 ($2.78 in chips) 
Seat 4: elmont228 ($2.10 in chips) 
Seat 5: elronaa ($1.01 in chips) 
Seat 6: bob4756 ($2.64 in chips) 
Seat 8: yakore4ek ($1.83 in chips) 
Seat 9: herkks ($2.14 in chips) 
herkks: posts small blind $0.01
CaritaTriste: posts big blind $0.02
*** HOLE CARDS ***
Dealt to Dorex2007 [Js 9s]
Dorex2007: folds 
wawe09: folds 
elmont228: raises $0.06 to $0.08
elronaa: calls $0.08
bob4756: folds 
yakore4ek: folds 
herkks: folds 
CaritaTriste: folds 
*** FLOP *** [3s Kc Td]
elmont228: checks 
elronaa: checks 
*** TURN *** [3s Kc Td] [7h]
elmont228: checks 
elronaa: bets $0.09
elmont228: folds 
Uncalled bet ($0.09) returned to elronaa
elronaa collected $0.18 from pot
elronaa: doesn't show hand 
*** SUMMARY ***
Total pot $0.19 | Rake $0.01 
Board [3s Kc Td 7h]
Seat 1: CaritaTriste (big blind) folded before Flop
Seat 2: Dorex2007 folded before Flop (didn't bet)
Seat 3: wawe09 folded before Flop (didn't bet)
Seat 4: elmont228 folded on the Turn
Seat 5: elronaa collected ($0.18)
Seat 6: bob4756 folded before Flop (didn't bet)
Seat 8: yakore4ek (button) folded before Flop (didn't bet)
Seat 9: herkks (small blind) folded before Flop



PokerStars Hand #227360122315:  Hold'em No Limit ($0.01/$0.02 USD) - 2021/06/05 17:32:33 PT [2021/06/05 20:32:33 ET]
Table 'Cetacea' 9-max Seat #9 is the button
Seat 1: CaritaTriste ($2.09 in chips) 
Seat 2: Dorex2007 ($2.14 in chips) 
Seat 3: wawe09 ($2.78 in chips) 
Seat 4: elmont228 ($2.02 in chips) 
Seat 5: elronaa ($1.11 in chips) 
Seat 6: bob4756 ($2.64 in chips) 
Seat 8: yakore4ek ($1.83 in chips) 
Seat 9: herkks ($2.13 in chips) 
CaritaTriste: posts small blind $0.01
Dorex2007: posts big blind $0.02
*** HOLE CARDS ***
Dealt to Dorex2007 [Js 2d]
wawe09: raises $0.02 to $0.04
elmont228: folds 
elronaa: folds 
bob4756: folds 
yakore4ek: folds 
herkks: folds 
CaritaTriste: calls $0.03
Dorex2007: folds 
*** FLOP *** [8c As 5h]
CaritaTriste: checks 
wawe09: bets $0.04
CaritaTriste: folds 
Uncalled bet ($0.04) returned to wawe09
wawe09 collected $0.10 from pot
wawe09: doesn't show hand 
*** SUMMARY ***
Total pot $0.10 | Rake $0 
Board [8c As 5h]
Seat 1: CaritaTriste (small blind) folded on the Flop
Seat 2: Dorex2007 (big blind) folded before Flop
Seat 3: wawe09 collected ($0.10)
Seat 4: elmont228 folded before Flop (didn't bet)
Seat 5: elronaa folded before Flop (didn't bet)
Seat 6: bob4756 folded before Flop (didn't bet)
Seat 8: yakore4ek folded before Flop (didn't bet)
Seat 9: herkks (button) folded before Flop (didn't bet)



PokerStars Hand #227360132555:  Hold'em No Limit ($0.01/$0.02 USD) - 2021/06/05 17:33:08 PT [2021/06/05 20:33:08 ET]
Table 'Cetacea' 9-max Seat #1 is the button
Seat 1: CaritaTriste ($2.05 in chips) 
Seat 2: Dorex2007 ($2.12 in chips) 
Seat 3: wawe09 ($2.84 in chips) 
Seat 4: elmont228 ($2.02 in chips) 
Seat 5: elronaa ($1.11 in chips) 
Seat 6: bob4756 ($2.64 in chips) 
Seat 8: yakore4ek ($1.83 in chips) 
Seat 9: herkks ($2.13 in chips) 
Dorex2007: posts small blind $0.01
wawe09: posts big blind $0.02
*** HOLE CARDS ***
Dealt to Dorex2007 [6d 7d]
elmont228: folds 
elronaa: folds 
bob4756: folds 
yakore4ek: raises $0.06 to $0.08
herkks: folds 
CaritaTriste: folds 
Dorex2007: calls $0.07
wawe09: folds 
*** FLOP *** [5h 4d 9h]
Dorex2007: bets $0.11
yakore4ek: folds 
Uncalled bet ($0.11) returned to Dorex2007
Dorex2007 collected $0.17 from pot
Dorex2007: doesn't show hand 
*** SUMMARY ***
Total pot $0.18 | Rake $0.01 
Board [5h 4d 9h]
Seat 1: CaritaTriste (button) folded before Flop (didn't bet)
Seat 2: Dorex2007 (small blind) collected ($0.17)
Seat 3: wawe09 (big blind) folded before Flop
Seat 4: elmont228 folded before Flop (didn't bet)
Seat 5: elronaa folded before Flop (didn't bet)
Seat 6: bob4756 folded before Flop (didn't bet)
Seat 8: yakore4ek folded on the Flop
Seat 9: herkks folded before Flop (didn't bet)



PokerStars Hand #227360142673:  Hold'em No Limit ($0.01/$0.02 USD) - 2021/06/05 17:33:43 PT [2021/06/05 20:33:43 ET]
Table 'Cetacea' 9-max Seat #2 is the button
Seat 1: CaritaTriste ($2.05 in chips) 
Seat 2: Dorex2007 ($2.21 in chips) 
Seat 3: wawe09 ($2.82 in chips) 
Seat 4: elmont228 ($2.02 in chips) 
Seat 5: elronaa ($1.11 in chips) 
Seat 6: bob4756 ($2.64 in chips) 
Seat 8: yakore4ek ($1.75 in chips) 
Seat 9: herkks ($2.13 in chips) 
wawe09: posts small blind $0.01
elmont228: posts big blind $0.02
*** HOLE CARDS ***
Dealt to Dorex2007 [7h 8h]
elronaa: folds 
bob4756 is disconnected 
bob4756 is connected 
bob4756 has timed out
bob4756: folds 
yakore4ek: folds 
herkks: folds 
CaritaTriste: folds 
Dorex2007: raises $0.04 to $0.06
wawe09: folds 
elmont228: folds 
Uncalled bet ($0.04) returned to Dorex2007
Dorex2007 collected $0.05 from pot
Dorex2007: doesn't show hand 
*** SUMMARY ***
Total pot $0.05 | Rake $0 
Seat 1: CaritaTriste folded before Flop (didn't bet)
Seat 2: Dorex2007 (button) collected ($0.05)
Seat 3: wawe09 (small blind) folded before Flop
Seat 4: elmont228 (big blind) folded before Flop
Seat 5: elronaa folded before Flop (didn't bet)
Seat 6: bob4756 folded before Flop (didn't bet)
Seat 8: yakore4ek folded before Flop (didn't bet)
Seat 9: herkks folded before Flop (didn't bet)



PokerStars Hand #227360153709:  Hold'em No Limit ($0.01/$0.02 USD) - 2021/06/05 17:34:22 PT [2021/06/05 20:34:22 ET]
Table 'Cetacea' 9-max Seat #3 is the button
Seat 1: CaritaTriste ($2.05 in chips) 
Seat 2: Dorex2007 ($2.24 in chips) 
Seat 3: wawe09 ($2.81 in chips) 
Seat 4: elmont228 ($2 in chips) 
Seat 5: elronaa ($1.11 in chips) 
Seat 8: yakore4ek ($1.75 in chips) 
Seat 9: herkks ($2.13 in chips) 
elmont228: posts small blind $0.01
elronaa: posts big blind $0.02
*** HOLE CARDS ***
Dealt to Dorex2007 [Tc 8h]
yakore4ek: raises $0.02 to $0.04
herkks: folds 
CaritaTriste: folds 
Dorex2007: folds 
wawe09: folds 
elmont228: calls $0.03
elronaa: calls $0.02
*** FLOP *** [Jd 5s 4c]
elmont228: checks 
elronaa: bets $0.06
yakore4ek: raises $0.06 to $0.12
elmont228: folds 
elronaa: calls $0.06
*** TURN *** [Jd 5s 4c] [Jh]
elronaa: checks 
yakore4ek: bets $0.18
elronaa: folds 
Uncalled bet ($0.18) returned to yakore4ek
yakore4ek collected $0.35 from pot
yakore4ek: doesn't show hand 
*** SUMMARY ***
Total pot $0.36 | Rake $0.01 
Board [Jd 5s 4c Jh]
Seat 1: CaritaTriste folded before Flop (didn't bet)
Seat 2: Dorex2007 folded before Flop (didn't bet)
Seat 3: wawe09 (button) folded before Flop (didn't bet)
Seat 4: elmont228 (small blind) folded on the Flop
Seat 5: elronaa (big blind) folded on the Turn
Seat 8: yakore4ek collected ($0.35)
Seat 9: herkks folded before Flop (didn't bet)



PokerStars Hand #227360163547:  Hold'em No Limit ($0.01/$0.02 USD) - 2021/06/05 17:34:56 PT [2021/06/05 20:34:56 ET]
Table 'Cetacea' 9-max Seat #4 is the button
Seat 1: CaritaTriste ($2.05 in chips) 
Seat 2: Dorex2007 ($2.24 in chips) 
Seat 3: wawe09 ($2.81 in chips) 
Seat 4: elmont228 ($1.96 in chips) 
Seat 5: elronaa ($0.95 in chips) 
Seat 8: yakore4ek ($1.94 in chips) 
Seat 9: herkks ($2.13 in chips) 
elronaa: posts small blind $0.01
yakore4ek: posts big blind $0.02
*** HOLE CARDS ***
Dealt to Dorex2007 [Ks 8c]
herkks: folds 
CaritaTriste: folds 
Dorex2007: folds 
wawe09: folds 
elmont228: folds 
elronaa: folds 
Uncalled bet ($0.01) returned to yakore4ek
yakore4ek collected $0.02 from pot
yakore4ek: doesn't show hand 
*** SUMMARY ***
Total pot $0.02 | Rake $0 
Seat 1: CaritaTriste folded before Flop (didn't bet)
Seat 2: Dorex2007 folded before Flop (didn't bet)
Seat 3: wawe09 folded before Flop (didn't bet)
Seat 4: elmont228 (button) folded before Flop (didn't bet)
Seat 5: elronaa (small blind) folded before Flop
Seat 8: yakore4ek (big blind) collected ($0.02)
Seat 9: herkks folded before Flop (didn't bet)



PokerStars Hand #227360167639:  Hold'em No Limit ($0.01/$0.02 USD) - 2021/06/05 17:35:10 PT [2021/06/05 20:35:10 ET]
Table 'Cetacea' 9-max Seat #5 is the button
Seat 1: CaritaTriste ($2.05 in chips) 
Seat 2: Dorex2007 ($2.24 in chips) 
Seat 3: wawe09 ($2.81 in chips) 
Seat 4: elmont228 ($1.96 in chips) 
Seat 5: elronaa ($0.94 in chips) 
Seat 8: yakore4ek ($1.95 in chips) 
Seat 9: herkks ($2.13 in chips) 
yakore4ek: posts small blind $0.01
herkks: posts big blind $0.02
*** HOLE CARDS ***
Dealt to Dorex2007 [Jc Ac]
CaritaTriste: folds 
bob4756 is disconnected 
Dorex2007: raises $0.08 to $0.10
wawe09: folds 
elmont228: folds 
elronaa: folds 
yakore4ek: folds 
herkks: folds 
Uncalled bet ($0.08) returned to Dorex2007
Dorex2007 collected $0.05 from pot
Dorex2007: doesn't show hand 
*** SUMMARY ***
Total pot $0.05 | Rake $0 
Seat 1: CaritaTriste folded before Flop (didn't bet)
Seat 2: Dorex2007 collected ($0.05)
Seat 3: wawe09 folded before Flop (didn't bet)
Seat 4: elmont228 folded before Flop (didn't bet)
Seat 5: elronaa (button) folded before Flop (didn't bet)
Seat 8: yakore4ek (small blind) folded before Flop
Seat 9: herkks (big blind) folded before Flop



PokerStars Hand #227360172481:  Hold'em No Limit ($0.01/$0.02 USD) - 2021/06/05 17:35:26 PT [2021/06/05 20:35:26 ET]
Table 'Cetacea' 9-max Seat #8 is the button
Seat 1: CaritaTriste ($2.05 in chips) 
Seat 2: Dorex2007 ($2.27 in chips) 
Seat 3: wawe09 ($2.81 in chips) 
Seat 4: elmont228 ($1.96 in chips) 
Seat 5: elronaa ($0.94 in chips) 
Seat 8: yakore4ek ($1.94 in chips) 
Seat 9: herkks ($2.11 in chips) 
herkks: posts small blind $0.01
CaritaTriste: posts big blind $0.02
bob4756: sits out 
*** HOLE CARDS ***
Dealt to Dorex2007 [2s 3c]
Dorex2007: folds 
wawe09: raises $0.02 to $0.04
elmont228: folds 
elronaa: calls $0.04
yakore4ek: folds 
herkks: folds 
CaritaTriste: calls $0.02
*** FLOP *** [9s Qs 9h]
CaritaTriste: checks 
wawe09: checks 
elronaa: checks 
*** TURN *** [9s Qs 9h] [8h]
CaritaTriste: checks 
wawe09: checks 
elronaa: checks 
*** RIVER *** [9s Qs 9h 8h] [5c]
CaritaTriste: checks 
wawe09: checks 
elronaa: checks 
*** SHOW DOWN ***
CaritaTriste: shows [3h 3d] (two pair, Nines and Threes)
wawe09: mucks hand 
elronaa: mucks hand 
CaritaTriste collected $0.13 from pot
*** SUMMARY ***
Total pot $0.13 | Rake $0 
Board [9s Qs 9h 8h 5c]
Seat 1: CaritaTriste (big blind) showed [3h 3d] and won ($0.13) with two pair, Nines and Threes
Seat 2: Dorex2007 folded before Flop (didn't bet)
Seat 3: wawe09 mucked [Ah Jc]
Seat 4: elmont228 folded before Flop (didn't bet)
Seat 5: elronaa mucked [Td Ac]
Seat 8: yakore4ek (button) folded before Flop (didn't bet)
Seat 9: herkks (small blind) folded before Flop



PokerStars Hand #227360191777:  Hold'em No Limit ($0.01/$0.02 USD) - 2021/06/05 17:36:23 PT [2021/06/05 20:36:23 ET]
Table 'Cetacea' 9-max Seat #9 is the button
Seat 1: CaritaTriste ($2.14 in chips) 
Seat 2: Dorex2007 ($2.27 in chips) 
Seat 3: wawe09 ($2.77 in chips) 
Seat 4: elmont228 ($1.96 in chips) 
Seat 5: elronaa ($0.90 in chips) 
Seat 8: yakore4ek ($1.94 in chips) 
Seat 9: herkks ($2.10 in chips) 
CaritaTriste: posts small blind $0.01
Dorex2007: posts big blind $0.02
bob4756: sits out 
*** HOLE CARDS ***
Dealt to Dorex2007 [5c 6c]
wawe09: folds 
elmont228: folds 
elronaa: folds 
yakore4ek: raises $0.10 to $0.12
herkks: folds 
CaritaTriste: folds 
Dorex2007: folds 
Uncalled bet ($0.10) returned to yakore4ek
yakore4ek collected $0.05 from pot
yakore4ek: doesn't show hand 
*** SUMMARY ***
Total pot $0.05 | Rake $0 
Seat 1: CaritaTriste (small blind) folded before Flop
Seat 2: Dorex2007 (big blind) folded before Flop
Seat 3: wawe09 folded before Flop (didn't bet)
Seat 4: elmont228 folded before Flop (didn't bet)
Seat 5: elronaa folded before Flop (didn't bet)
Seat 8: yakore4ek collected ($0.05)
Seat 9: herkks (button) folded before Flop (didn't bet)



PokerStars Hand #227360197556:  Hold'em No Limit ($0.01/$0.02 USD) - 2021/06/05 17:36:44 PT [2021/06/05 20:36:44 ET]
Table 'Cetacea' 9-max Seat #1 is the button
Seat 1: CaritaTriste ($2.13 in chips) 
Seat 2: Dorex2007 ($2.25 in chips) 
Seat 3: wawe09 ($2.77 in chips) 
Seat 4: elmont228 ($1.96 in chips) 
Seat 5: elronaa ($0.90 in chips) 
Seat 8: yakore4ek ($1.97 in chips) 
Seat 9: herkks ($2.10 in chips) 
Dorex2007: posts small blind $0.01
wawe09: posts big blind $0.02
bob4756: sits out 
*** HOLE CARDS ***
Dealt to Dorex2007 [Ad 8c]
elmont228: folds 
elronaa: calls $0.02
yakore4ek: folds 
herkks: folds 
CaritaTriste: folds 
Dorex2007: calls $0.01
wawe09: checks 
*** FLOP *** [Th Ks Qs]
Dorex2007: checks 
wawe09: checks 
elronaa: bets $0.06
Dorex2007: folds 
wawe09: folds 
Uncalled bet ($0.06) returned to elronaa
elronaa collected $0.06 from pot
elronaa: doesn't show hand 
*** SUMMARY ***
Total pot $0.06 | Rake $0 
Board [Th Ks Qs]
Seat 1: CaritaTriste (button) folded before Flop (didn't bet)
Seat 2: Dorex2007 (small blind) folded on the Flop
Seat 3: wawe09 (big blind) folded on the Flop
Seat 4: elmont228 folded before Flop (didn't bet)
Seat 5: elronaa collected ($0.06)
Seat 8: yakore4ek folded before Flop (didn't bet)
Seat 9: herkks folded before Flop (didn't bet)



PokerStars Hand #227360214384:  Hold'em No Limit ($0.01/$0.02 USD) - 2021/06/05 17:37:43 PT [2021/06/05 20:37:43 ET]
Table 'Cetacea' 9-max Seat #2 is the button
Seat 1: CaritaTriste ($2.13 in chips) 
Seat 2: Dorex2007 ($2.23 in chips) 
Seat 3: wawe09 ($2.75 in chips) 
Seat 5: elronaa ($0.94 in chips) 
Seat 8: yakore4ek ($1.97 in chips) 
Seat 9: herkks ($2.10 in chips) 
wawe09: posts small blind $0.01
elmont228: is sitting out 
elronaa: posts big blind $0.02
bob4756: sits out 
*** HOLE CARDS ***
Dealt to Dorex2007 [3c 7d]
yakore4ek: folds 
elmont228 leaves the table
herkks: folds 
CaritaTriste: folds 
Dorex2007: folds 
wawe09: raises $0.04 to $0.06
elronaa: folds 
Uncalled bet ($0.04) returned to wawe09
wawe09 collected $0.04 from pot
wawe09: doesn't show hand 
*** SUMMARY ***
Total pot $0.04 | Rake $0 
Seat 1: CaritaTriste folded before Flop (didn't bet)
Seat 2: Dorex2007 (button) folded before Flop (didn't bet)
Seat 3: wawe09 (small blind) collected ($0.04)
Seat 5: elronaa (big blind) folded before Flop
Seat 8: yakore4ek folded before Flop (didn't bet)
Seat 9: herkks folded before Flop (didn't bet)



PokerStars Hand #227360219994:  Hold'em No Limit ($0.01/$0.02 USD) - 2021/06/05 17:38:03 PT [2021/06/05 20:38:03 ET]
Table 'Cetacea' 9-max Seat #3 is the button
Seat 1: CaritaTriste ($2.13 in chips) 
Seat 2: Dorex2007 ($2.23 in chips) 
Seat 3: wawe09 ($2.77 in chips) 
Seat 5: elronaa ($0.92 in chips) 
Seat 6: bob4756 ($2.64 in chips) 
Seat 8: yakore4ek ($1.97 in chips) 
Seat 9: herkks ($2.10 in chips) 
elronaa: posts small blind $0.01
bob4756: posts big blind $0.02
*** HOLE CARDS ***
Dealt to Dorex2007 [4s 8h]
yakore4ek: calls $0.02
herkks: folds 
CaritaTriste: folds 
Dorex2007: folds 
wawe09: folds 
elronaa: calls $0.01
bob4756: checks 
*** FLOP *** [9s 6c Kc]
elronaa: checks 
bob4756: checks 
yakore4ek: checks 
*** TURN *** [9s 6c Kc] [Kh]
elronaa: checks 
bob4756: bets $0.03
yakore4ek: raises $0.15 to $0.18
elronaa: folds 
bob4756: calls $0.15
*** RIVER *** [9s 6c Kc Kh] [Ac]
bob4756: checks 
yakore4ek: checks 
*** SHOW DOWN ***
bob4756: shows [9d 4h] (two pair, Kings and Nines)
yakore4ek: mucks hand 
bob4756 collected $0.41 from pot
*** SUMMARY ***
Total pot $0.42 | Rake $0.01 
Board [9s 6c Kc Kh Ac]
Seat 1: CaritaTriste folded before Flop (didn't bet)
Seat 2: Dorex2007 folded before Flop (didn't bet)
Seat 3: wawe09 (button) folded before Flop (didn't bet)
Seat 5: elronaa (small blind) folded on the Turn
Seat 6: bob4756 (big blind) showed [9d 4h] and won ($0.41) with two pair, Kings and Nines
Seat 8: yakore4ek mucked [7c Js]
Seat 9: herkks folded before Flop (didn't bet)



PokerStars Hand #227360232567:  Hold'em No Limit ($0.01/$0.02 USD) - 2021/06/05 17:38:47 PT [2021/06/05 20:38:47 ET]
Table 'Cetacea' 9-max Seat #5 is the button
Seat 1: CaritaTriste ($2.13 in chips) 
Seat 2: Dorex2007 ($2.23 in chips) 
Seat 3: wawe09 ($2.77 in chips) 
Seat 5: elronaa ($0.90 in chips) 
Seat 6: bob4756 ($2.85 in chips) 
Seat 8: yakore4ek ($1.77 in chips) 
Seat 9: herkks ($2.10 in chips) 
bob4756: posts small blind $0.01
yakore4ek: posts big blind $0.02
*** HOLE CARDS ***
Dealt to Dorex2007 [3d 3s]
herkks: folds 
CaritaTriste: folds 
Dorex2007: raises $0.02 to $0.04
wawe09: folds 
elronaa: calls $0.04
bob4756: folds 
yakore4ek: folds 
*** FLOP *** [6s Ac Js]
Dorex2007: checks 
elronaa: checks 
*** TURN *** [6s Ac Js] [3h]
Dorex2007: bets $0.11
elronaa: calls $0.11
*** RIVER *** [6s Ac Js 3h] [Kc]
Dorex2007: bets $0.32
elronaa: folds 
Uncalled bet ($0.32) returned to Dorex2007
Dorex2007 collected $0.32 from pot
Dorex2007: doesn't show hand 
*** SUMMARY ***
Total pot $0.33 | Rake $0.01 
Board [6s Ac Js 3h Kc]
Seat 1: CaritaTriste folded before Flop (didn't bet)
Seat 2: Dorex2007 collected ($0.32)
Seat 3: wawe09 folded before Flop (didn't bet)
Seat 5: elronaa (button) folded on the River
Seat 6: bob4756 (small blind) folded before Flop
Seat 8: yakore4ek (big blind) folded before Flop
Seat 9: herkks folded before Flop (didn't bet)



PokerStars Hand #227360245315:  Hold'em No Limit ($0.01/$0.02 USD) - 2021/06/05 17:39:32 PT [2021/06/05 20:39:32 ET]
Table 'Cetacea' 9-max Seat #6 is the button
Seat 1: CaritaTriste ($2.13 in chips) 
Seat 2: Dorex2007 ($2.40 in chips) 
Seat 3: wawe09 ($2.77 in chips) 
Seat 5: elronaa ($0.75 in chips) 
Seat 6: bob4756 ($2.84 in chips) 
Seat 8: yakore4ek ($1.75 in chips) 
Seat 9: herkks ($2.10 in chips) 
yakore4ek: posts small blind $0.01
herkks: posts big blind $0.02
*** HOLE CARDS ***
Dealt to Dorex2007 [Jc 4d]
CaritaTriste: folds 
Dorex2007: folds 
wawe09: folds 
elronaa: folds 
bob4756: folds 
yakore4ek: raises $0.02 to $0.04
CaritaTriste leaves the table
herkks: calls $0.02
*** FLOP *** [Kh 7h 5c]
yakore4ek: checks 
herkks: bets $0.06
yakore4ek: folds 
Uncalled bet ($0.06) returned to herkks
herkks collected $0.08 from pot
herkks: doesn't show hand 
*** SUMMARY ***
Total pot $0.08 | Rake $0 
Board [Kh 7h 5c]
Seat 1: CaritaTriste folded before Flop (didn't bet)
Seat 2: Dorex2007 folded before Flop (didn't bet)
Seat 3: wawe09 folded before Flop (didn't bet)
Seat 5: elronaa folded before Flop (didn't bet)
Seat 6: bob4756 (button) folded before Flop (didn't bet)
Seat 8: yakore4ek (small blind) folded on the Flop
Seat 9: herkks (big blind) collected ($0.08)



PokerStars Hand #227360252807:  Hold'em No Limit ($0.01/$0.02 USD) - 2021/06/05 17:39:59 PT [2021/06/05 20:39:59 ET]
Table 'Cetacea' 9-max Seat #8 is the button
Seat 2: Dorex2007 ($2.40 in chips) 
Seat 3: wawe09 ($2.77 in chips) 
Seat 5: elronaa ($0.75 in chips) 
Seat 6: bob4756 ($2.84 in chips) 
Seat 8: yakore4ek ($1.71 in chips) 
Seat 9: herkks ($2.14 in chips) 
herkks: posts small blind $0.01
Dorex2007: posts big blind $0.02
*** HOLE CARDS ***
Dealt to Dorex2007 [7c 2h]
wawe09: folds 
elronaa: folds 
bob4756: folds 
yakore4ek: folds 
herkks: calls $0.01
Dorex2007: checks 
*** FLOP *** [Ad Qh Jd]
herkks: checks 
Dorex2007: checks 
*** TURN *** [Ad Qh Jd] [2c]
herkks: checks 
Dorex2007: checks 
*** RIVER *** [Ad Qh Jd 2c] [5s]
herkks: checks 
Dorex2007: checks 
*** SHOW DOWN ***
herkks: shows [Kc Qs] (a pair of Queens)
Dorex2007: mucks hand 
herkks collected $0.04 from pot
*** SUMMARY ***
Total pot $0.04 | Rake $0 
Board [Ad Qh Jd 2c 5s]
Seat 2: Dorex2007 (big blind) mucked [7c 2h]
Seat 3: wawe09 folded before Flop (didn't bet)
Seat 5: elronaa folded before Flop (didn't bet)
Seat 6: bob4756 folded before Flop (didn't bet)
Seat 8: yakore4ek (button) folded before Flop (didn't bet)
Seat 9: herkks (small blind) showed [Kc Qs] and won ($0.04) with a pair of Queens



PokerStars Hand #227360260720:  Hold'em No Limit ($0.01/$0.02 USD) - 2021/06/05 17:40:27 PT [2021/06/05 20:40:27 ET]
Table 'Cetacea' 9-max Seat #9 is the button
Seat 2: Dorex2007 ($2.38 in chips) 
Seat 3: wawe09 ($2.77 in chips) 
Seat 5: elronaa ($0.75 in chips) 
Seat 6: bob4756 ($2.84 in chips) 
Seat 8: yakore4ek ($1.71 in chips) 
Seat 9: herkks ($2.16 in chips) 
Dorex2007: posts small blind $0.01
wawe09: posts big blind $0.02
*** HOLE CARDS ***
Dealt to Dorex2007 [5h 4d]
elronaa: folds 
bob4756: folds 
yakore4ek: folds 
herkks: folds 
Dorex2007: folds 
Uncalled bet ($0.01) returned to wawe09
wawe09 collected $0.02 from pot
wawe09: doesn't show hand 
*** SUMMARY ***
Total pot $0.02 | Rake $0 
Seat 2: Dorex2007 (small blind) folded before Flop
Seat 3: wawe09 (big blind) collected ($0.02)
Seat 5: elronaa folded before Flop (didn't bet)
Seat 6: bob4756 folded before Flop (didn't bet)
Seat 8: yakore4ek folded before Flop (didn't bet)
Seat 9: herkks (button) folded before Flop (didn't bet)



PokerStars Hand #227360264717:  Hold'em No Limit ($0.01/$0.02 USD) - 2021/06/05 17:40:41 PT [2021/06/05 20:40:41 ET]
Table 'Cetacea' 9-max Seat #2 is the button
Seat 2: Dorex2007 ($2.37 in chips) 
Seat 3: wawe09 ($2.78 in chips) 
Seat 5: elronaa ($0.75 in chips) 
Seat 6: bob4756 ($2.84 in chips) 
Seat 8: yakore4ek ($1.71 in chips) 
Seat 9: herkks ($2.16 in chips) 
wawe09: posts small blind $0.01
elronaa: posts big blind $0.02
*** HOLE CARDS ***
Dealt to Dorex2007 [6d 8s]
bob4756: folds 
yakore4ek: raises $0.02 to $0.04
herkks: folds 
Dorex2007: folds 
wawe09: folds 
elronaa: folds 
Uncalled bet ($0.02) returned to yakore4ek
yakore4ek collected $0.05 from pot
yakore4ek: doesn't show hand 
*** SUMMARY ***
Total pot $0.05 | Rake $0 
Seat 2: Dorex2007 (button) folded before Flop (didn't bet)
Seat 3: wawe09 (small blind) folded before Flop
Seat 5: elronaa (big blind) folded before Flop
Seat 6: bob4756 folded before Flop (didn't bet)
Seat 8: yakore4ek collected ($0.05)
Seat 9: herkks folded before Flop (didn't bet)



PokerStars Hand #227360273192:  Hold'em No Limit ($0.01/$0.02 USD) - 2021/06/05 17:41:02 PT [2021/06/05 20:41:02 ET]
Table 'Cetacea' 9-max Seat #3 is the button
Seat 2: Dorex2007 ($2.37 in chips) 
Seat 3: wawe09 ($2.77 in chips) 
Seat 5: elronaa ($0.73 in chips) 
Seat 6: bob4756 ($2.84 in chips) 
Seat 8: yakore4ek ($1.74 in chips) 
Seat 9: herkks ($2.16 in chips) 
elronaa: posts small blind $0.01
bob4756: posts big blind $0.02
*** HOLE CARDS ***
Dealt to Dorex2007 [6d 5h]
yakore4ek: folds 
herkks: folds 
Dorex2007: folds 
wawe09: folds 
elronaa: folds 
Uncalled bet ($0.01) returned to bob4756
bob4756 collected $0.02 from pot
*** SUMMARY ***
Total pot $0.02 | Rake $0 
Seat 2: Dorex2007 folded before Flop (didn't bet)
Seat 3: wawe09 (button) folded before Flop (didn't bet)
Seat 5: elronaa (small blind) folded before Flop
Seat 6: bob4756 (big blind) collected ($0.02)
Seat 8: yakore4ek folded before Flop (didn't bet)
Seat 9: herkks folded before Flop (didn't bet)



PokerStars Hand #227360277537:  Hold'em No Limit ($0.01/$0.02 USD) - 2021/06/05 17:41:18 PT [2021/06/05 20:41:18 ET]
Table 'Cetacea' 9-max Seat #5 is the button
Seat 2: Dorex2007 ($2.37 in chips) 
Seat 3: wawe09 ($2.77 in chips) 
Seat 5: elronaa ($0.72 in chips) 
Seat 6: bob4756 ($2.85 in chips) 
Seat 8: yakore4ek ($1.74 in chips) 
Seat 9: herkks ($2.16 in chips) 
bob4756: posts small blind $0.01
yakore4ek: posts big blind $0.02
*** HOLE CARDS ***
Dealt to Dorex2007 [Qh 6h]
herkks: raises $0.03 to $0.05
Dorex2007: folds 
wawe09: folds 
elronaa: calls $0.05
bob4756: folds 
yakore4ek: folds 
*** FLOP *** [8c 4d 2d]
herkks: bets $0.07
elronaa: raises $0.07 to $0.14
herkks: calls $0.07
*** TURN *** [8c 4d 2d] [Jc]
herkks: checks 
elronaa: checks 
*** RIVER *** [8c 4d 2d Jc] [Td]
x-man900 joins the table at seat #1 
herkks: checks 
elronaa: checks 
*** SHOW DOWN ***
herkks: shows [Ah Ks] (high card Ace)
elronaa: shows [4s 5h] (a pair of Fours)
elronaa collected $0.40 from pot
*** SUMMARY ***
Total pot $0.41 | Rake $0.01 
Board [8c 4d 2d Jc Td]
Seat 2: Dorex2007 folded before Flop (didn't bet)
Seat 3: wawe09 folded before Flop (didn't bet)
Seat 5: elronaa (button) showed [4s 5h] and won ($0.40) with a pair of Fours
Seat 6: bob4756 (small blind) folded before Flop
Seat 8: yakore4ek (big blind) folded before Flop
Seat 9: herkks showed [Ah Ks] and lost with high card Ace



PokerStars Hand #227360293235:  Hold'em No Limit ($0.01/$0.02 USD) - 2021/06/05 17:42:14 PT [2021/06/05 20:42:14 ET]
Table 'Cetacea' 9-max Seat #6 is the button
Seat 2: Dorex2007 ($2.37 in chips) 
Seat 3: wawe09 ($2.77 in chips) 
Seat 5: elronaa ($0.93 in chips) 
Seat 6: bob4756 ($2.84 in chips) 
Seat 8: yakore4ek ($1.72 in chips) 
Seat 9: herkks ($1.97 in chips) 
yakore4ek: posts small blind $0.01
herkks: posts big blind $0.02
x-man900: sits out 
*** HOLE CARDS ***
Dealt to Dorex2007 [Kh 8c]
Dorex2007: folds 
wawe09: folds 
elronaa: calls $0.02
bob4756: folds 
yakore4ek: raises $0.02 to $0.04
herkks: raises $1.93 to $1.97 and is all-in
elronaa: folds 
yakore4ek: calls $1.68 and is all-in
Uncalled bet ($0.25) returned to herkks
*** FLOP *** [Qs 2d Ad]
*** TURN *** [Qs 2d Ad] [5d]
*** RIVER *** [Qs 2d Ad 5d] [9c]
*** SHOW DOWN ***
yakore4ek: shows [4c 4d] (a pair of Fours)
herkks: shows [Ah Qd] (two pair, Aces and Queens)
yakore4ek cashed out the hand for $1.78 | Cash Out Fee $0.02
herkks cashed out the hand for $1.52 | Cash Out Fee $0.02
*** SUMMARY ***
Total pot $3.46 | Rake $0.12 
Board [Qs 2d Ad 5d 9c]
Seat 2: Dorex2007 folded before Flop (didn't bet)
Seat 3: wawe09 folded before Flop (didn't bet)
Seat 5: elronaa folded before Flop
Seat 6: bob4756 (button) folded before Flop (didn't bet)
Seat 8: yakore4ek (small blind) showed [4c 4d] and lost with a pair of Fours (cashed out).
Seat 9: herkks (big blind) showed [Ah Qd] and won ($3.34) with two pair, Aces and Queens (pot not awarded as player cashed out)



PokerStars Hand #227360305371:  Hold'em No Limit ($0.01/$0.02 USD) - 2021/06/05 17:42:57 PT [2021/06/05 20:42:57 ET]
Table 'Cetacea' 9-max Seat #8 is the button
Seat 1: x-man900 ($2 in chips) 
Seat 2: Dorex2007 ($2.37 in chips) 
Seat 3: wawe09 ($2.77 in chips) 
Seat 5: elronaa ($0.91 in chips) 
Seat 6: bob4756 ($2.84 in chips) 
Seat 8: yakore4ek ($1.78 in chips) 
Seat 9: herkks ($1.77 in chips) 
herkks: posts small blind $0.01
x-man900: posts big blind $0.02
salasdiego: sits out 
*** HOLE CARDS ***
Dealt to Dorex2007 [3h 6d]
Dorex2007: folds 
wawe09: raises $0.02 to $0.04
elronaa: calls $0.04
bmwmann8 joins the table at seat #4 
bob4756: folds 
yakore4ek: folds 
herkks: folds 
x-man900: raises $0.18 to $0.22
wawe09: folds 
elronaa: folds 
Uncalled bet ($0.18) returned to x-man900
x-man900 collected $0.13 from pot
x-man900: doesn't show hand 
*** SUMMARY ***
Total pot $0.13 | Rake $0 
Seat 1: x-man900 (big blind) collected ($0.13)
Seat 2: Dorex2007 folded before Flop (didn't bet)
Seat 3: wawe09 folded before Flop
Seat 5: elronaa folded before Flop
Seat 6: bob4756 folded before Flop (didn't bet)
Seat 8: yakore4ek (button) folded before Flop (didn't bet)
Seat 9: herkks (small blind) folded before Flop



PokerStars Hand #227360318644:  Hold'em No Limit ($0.01/$0.02 USD) - 2021/06/05 17:43:32 PT [2021/06/05 20:43:32 ET]
Table 'Cetacea' 9-max Seat #9 is the button
Seat 1: x-man900 ($2.09 in chips) 
Seat 2: Dorex2007 ($2.37 in chips) 
Seat 3: wawe09 ($2.73 in chips) 
Seat 5: elronaa ($0.87 in chips) 
Seat 6: bob4756 ($2.84 in chips) 
Seat 8: yakore4ek ($1.78 in chips) 
Seat 9: herkks ($1.99 in chips) 
x-man900: posts small blind $0.01
Dorex2007: posts big blind $0.02
bmwmann8: sits out 
salasdiego: sits out 
*** HOLE CARDS ***
Dealt to Dorex2007 [Td 4c]
wawe09: raises $0.02 to $0.04
elronaa: calls $0.04
bob4756: folds 
yakore4ek: folds 
herkks: folds 
x-man900: calls $0.03
Dorex2007: folds 
*** FLOP *** [Ah Ks 2h]
x-man900: checks 
wawe09: checks 
elronaa: checks 
*** TURN *** [Ah Ks 2h] [3h]
x-man900: bets $0.10
wawe09: folds 
elronaa: calls $0.10
*** RIVER *** [Ah Ks 2h 3h] [9d]
x-man900: bets $0.22
elronaa: folds 
Uncalled bet ($0.22) returned to x-man900
x-man900 collected $0.33 from pot
x-man900: doesn't show hand 
*** SUMMARY ***
Total pot $0.34 | Rake $0.01 
Board [Ah Ks 2h 3h 9d]
Seat 1: x-man900 (small blind) collected ($0.33)
Seat 2: Dorex2007 (big blind) folded before Flop
Seat 3: wawe09 folded on the Turn
Seat 5: elronaa folded on the River
Seat 6: bob4756 folded before Flop (didn't bet)
Seat 8: yakore4ek folded before Flop (didn't bet)
Seat 9: herkks (button) folded before Flop (didn't bet)



PokerStars Hand #227360340311:  Hold'em No Limit ($0.01/$0.02 USD) - 2021/06/05 17:44:48 PT [2021/06/05 20:44:48 ET]
Table 'Cetacea' 9-max Seat #1 is the button
Seat 1: x-man900 ($2.28 in chips) 
Seat 2: Dorex2007 ($2.35 in chips) 
Seat 3: wawe09 ($2.69 in chips) 
Seat 4: bmwmann8 ($2 in chips) 
Seat 5: elronaa ($0.73 in chips) 
Seat 6: bob4756 ($2.84 in chips) 
Seat 8: yakore4ek ($1.78 in chips) 
Seat 9: herkks ($1.99 in chips) 
Dorex2007: posts small blind $0.01
wawe09: posts big blind $0.02
bmwmann8: posts big blind $0.02
salasdiego: sits out 
*** HOLE CARDS ***
Dealt to Dorex2007 [Kc 8d]
bmwmann8: checks 
elronaa: raises $0.02 to $0.04
bob4756: folds 
yakore4ek: folds 
herkks: calls $0.04
x-man900: folds 
Dorex2007: folds 
wawe09: calls $0.02
bmwmann8: calls $0.02
*** FLOP *** [5h 6h 8h]
wawe09: checks 
bmwmann8: bets $0.08
elronaa: calls $0.08
herkks: folds 
wawe09: folds 
*** TURN *** [5h 6h 8h] [Kd]
bmwmann8: bets $0.16
elronaa: calls $0.16
*** RIVER *** [5h 6h 8h Kd] [5s]
bmwmann8: bets $0.46
elronaa: folds 
Uncalled bet ($0.46) returned to bmwmann8
bmwmann8 collected $0.63 from pot
bmwmann8: doesn't show hand 
*** SUMMARY ***
Total pot $0.65 | Rake $0.02 
Board [5h 6h 8h Kd 5s]
Seat 1: x-man900 (button) folded before Flop (didn't bet)
Seat 2: Dorex2007 (small blind) folded before Flop
Seat 3: wawe09 (big blind) folded on the Flop
Seat 4: bmwmann8 collected ($0.63)
Seat 5: elronaa folded on the River
Seat 6: bob4756 folded before Flop (didn't bet)
Seat 8: yakore4ek folded before Flop (didn't bet)
Seat 9: herkks folded on the Flop



PokerStars Hand #227360356915:  Hold'em No Limit ($0.01/$0.02 USD) - 2021/06/05 17:45:47 PT [2021/06/05 20:45:47 ET]
Table 'Cetacea' 9-max Seat #2 is the button
Seat 1: x-man900 ($2.28 in chips) 
Seat 2: Dorex2007 ($2.34 in chips) 
Seat 3: wawe09 ($2.65 in chips) 
Seat 4: bmwmann8 ($2.35 in chips) 
Seat 5: elronaa ($0.45 in chips) 
Seat 6: bob4756 ($2.84 in chips) 
Seat 8: yakore4ek ($1.78 in chips) 
Seat 9: herkks ($1.95 in chips) 
wawe09: posts small blind $0.01
bmwmann8: posts big blind $0.02
salasdiego: sits out 
*** HOLE CARDS ***
Dealt to Dorex2007 [As 5h]
elronaa: raises $0.04 to $0.06
bob4756: folds 
yakore4ek: folds 
herkks: folds 
x-man900: folds 
Dorex2007: folds 
salasdiego leaves the table
wawe09: raises $0.12 to $0.18
bmwmann8: folds 
elronaa: calls $0.12
*** FLOP *** [Ts Qh 9h]
juanchios502 joins the table at seat #7 
wawe09: bets $0.18
elronaa: raises $0.09 to $0.27 and is all-in
wawe09: calls $0.09
wawe09 has timed out
*** TURN *** [Ts Qh 9h] [Jc]
*** RIVER *** [Ts Qh 9h Jc] [8s]
*** SHOW DOWN ***
wawe09: shows [Kc Kh] (a straight, Nine to King)
elronaa: shows [5s Js] (a straight, Eight to Queen)
wawe09 collected $0.89 from pot
*** SUMMARY ***
Total pot $0.92 | Rake $0.03 
Board [Ts Qh 9h Jc 8s]
Seat 1: x-man900 folded before Flop (didn't bet)
Seat 2: Dorex2007 (button) folded before Flop (didn't bet)
Seat 3: wawe09 (small blind) showed [Kc Kh] and won ($0.89) with a straight, Nine to King
Seat 4: bmwmann8 (big blind) folded before Flop
Seat 5: elronaa showed [5s Js] and lost with a straight, Eight to Queen
Seat 6: bob4756 folded before Flop (didn't bet)
Seat 8: yakore4ek folded before Flop (didn't bet)
Seat 9: herkks folded before Flop (didn't bet)



PokerStars Hand #227360376908:  Hold'em No Limit ($0.01/$0.02 USD) - 2021/06/05 17:46:59 PT [2021/06/05 20:46:59 ET]
Table 'Cetacea' 9-max Seat #3 is the button
Seat 1: x-man900 ($2.28 in chips) 
Seat 2: Dorex2007 ($2.34 in chips) 
Seat 3: wawe09 ($3.09 in chips) 
Seat 4: bmwmann8 ($2.33 in chips) 
Seat 6: bob4756 ($2.84 in chips) 
Seat 7: juanchios502 ($1.60 in chips) 
Seat 8: yakore4ek ($1.78 in chips) 
Seat 9: herkks ($1.95 in chips) 
bmwmann8: posts small blind $0.01
bob4756: posts big blind $0.02
juanchios502: posts big blind $0.02
*** HOLE CARDS ***
Dealt to Dorex2007 [Jh 5h]
juanchios502: checks 
yakore4ek: raises $0.06 to $0.08
herkks: folds 
x-man900: folds 
Dorex2007: folds 
wawe09: folds 
bmwmann8: folds 
elronaa is disconnected 
bob4756: folds 
juanchios502: folds 
Uncalled bet ($0.06) returned to yakore4ek
yakore4ek collected $0.07 from pot
yakore4ek: doesn't show hand 
*** SUMMARY ***
Total pot $0.07 | Rake $0 
Seat 1: x-man900 folded before Flop (didn't bet)
Seat 2: Dorex2007 folded before Flop (didn't bet)
Seat 3: wawe09 (button) folded before Flop (didn't bet)
Seat 4: bmwmann8 (small blind) folded before Flop
Seat 6: bob4756 (big blind) folded before Flop
Seat 7: juanchios502 folded before Flop (didn't bet)
Seat 8: yakore4ek collected ($0.07)
Seat 9: herkks folded before Flop (didn't bet)



