PokerStars Hand #230263723932:  Hold'em No Limit ($0.01/$0.02 USD) - 2021/09/30 22:06:02 PT [2021/10/01 1:06:02 ET]
Table 'Newell' 9-max Seat #9 is the button
Seat 1: abufirs ($1.30 in chips) 
Seat 2: Fepas1000 ($0.63 in chips) 
Seat 3: Solrac snake ($0.79 in chips) 
Seat 4: 415bigb ($2.05 in chips) 
Seat 5: Dorex2007 ($2 in chips) 
Seat 6: nadokesh ($2 in chips) 
Seat 9: mvv71 ($2.27 in chips) 
abufirs: posts small blind $0.01
Fepas1000: posts big blind $0.02
Dorex2007: posts big blind $0.02
bazchaki: sits out 
*** HOLE CARDS ***
Dealt to Dorex2007 [Ac 9h]
Solrac snake: folds 
415bigb: folds 
Dorex2007: checks 
nadokesh: folds 
mvv71: folds 
abufirs: calls $0.01
Fepas1000: checks 
*** FLOP *** [5s 6d Jc]
abufirs: checks 
Fepas1000: checks 
Dorex2007: checks 
*** TURN *** [5s 6d Jc] [7h]
abufirs: checks 
Fepas1000: checks 
Dorex2007: checks 
*** RIVER *** [5s 6d Jc 7h] [Th]
abufirs: checks 
Fepas1000: checks 
Dorex2007: checks 
*** SHOW DOWN ***
abufirs: shows [Td Qs] (a pair of Tens)
Fepas1000: mucks hand 
Dorex2007: mucks hand 
abufirs collected $0.06 from pot
*** SUMMARY ***
Total pot $0.06 | Rake $0 
Board [5s 6d Jc 7h Th]
Seat 1: abufirs (small blind) showed [Td Qs] and won ($0.06) with a pair of Tens
Seat 2: Fepas1000 (big blind) mucked [4h 6h]
Seat 3: Solrac snake folded before Flop (didn't bet)
Seat 4: 415bigb folded before Flop (didn't bet)
Seat 5: Dorex2007 mucked [Ac 9h]
Seat 6: nadokesh folded before Flop (didn't bet)
Seat 9: mvv71 (button) folded before Flop (didn't bet)



PokerStars Hand #230263731258:  Hold'em No Limit ($0.01/$0.02 USD) - 2021/09/30 22:07:01 PT [2021/10/01 1:07:01 ET]
Table 'Newell' 9-max Seat #1 is the button
Seat 1: abufirs ($1.34 in chips) 
Seat 2: Fepas1000 ($0.61 in chips) 
Seat 3: Solrac snake ($0.79 in chips) 
Seat 4: 415bigb ($2.05 in chips) 
Seat 5: Dorex2007 ($1.98 in chips) 
Seat 6: nadokesh ($2 in chips) 
Seat 7: bazchaki ($2 in chips) 
Seat 9: mvv71 ($2.27 in chips) 
Fepas1000: posts small blind $0.01
Solrac snake: posts big blind $0.02
bazchaki: posts big blind $0.02
*** HOLE CARDS ***
Dealt to Dorex2007 [4h Jd]
415bigb: raises $0.02 to $0.04
Dorex2007: folds 
nadokesh: folds 
bazchaki: folds 
mvv71: folds 
abufirs: calls $0.04
Fepas1000: folds 
Solrac snake: calls $0.02
*** FLOP *** [8s 7h Kc]
Solrac snake: checks 
Andrushmeer joins the table at seat #8 
415bigb: bets $0.02
abufirs: calls $0.02
Solrac snake: calls $0.02
*** TURN *** [8s 7h Kc] [Ah]
Solrac snake: checks 
415bigb: checks 
abufirs: checks 
*** RIVER *** [8s 7h Kc Ah] [Ad]
Solrac snake: checks 
415bigb: bets $0.06
abufirs: folds 
Solrac snake: calls $0.06
*** SHOW DOWN ***
415bigb: shows [9d 8d] (two pair, Aces and Eights)
Solrac snake: mucks hand 
415bigb collected $0.32 from pot
*** SUMMARY ***
Total pot $0.33 | Rake $0.01 
Board [8s 7h Kc Ah Ad]
Seat 1: abufirs (button) folded on the River
Seat 2: Fepas1000 (small blind) folded before Flop
Seat 3: Solrac snake (big blind) mucked [4s 4d]
Seat 4: 415bigb showed [9d 8d] and won ($0.32) with two pair, Aces and Eights
Seat 5: Dorex2007 folded before Flop (didn't bet)
Seat 6: nadokesh folded before Flop (didn't bet)
Seat 7: bazchaki folded before Flop (didn't bet)
Seat 9: mvv71 folded before Flop (didn't bet)



PokerStars Hand #230263746171:  Hold'em No Limit ($0.01/$0.02 USD) - 2021/09/30 22:08:01 PT [2021/10/01 1:08:01 ET]
Table 'Newell' 9-max Seat #2 is the button
Seat 1: abufirs ($1.28 in chips) 
Seat 2: Fepas1000 ($0.60 in chips) 
Seat 3: Solrac snake ($0.67 in chips) 
Seat 4: 415bigb ($2.25 in chips) 
Seat 5: Dorex2007 ($2 in chips) 
Seat 6: nadokesh ($2 in chips) 
Seat 7: bazchaki ($1.98 in chips) 
Seat 9: mvv71 ($2.27 in chips) 
Solrac snake: posts small blind $0.01
415bigb: posts big blind $0.02
Andrushmeer: sits out 
*** HOLE CARDS ***
Dealt to Dorex2007 [Qd Ks]
Dorex2007: raises $0.02 to $0.04
nadokesh: folds 
bazchaki: folds 
mvv71: folds 
abufirs: folds 
Fepas1000: calls $0.04
Solrac snake: folds 
415bigb: calls $0.02
*** FLOP *** [Jc 3h Td]
415bigb: checks 
Dorex2007: checks 
Fepas1000: bets $0.02
415bigb: calls $0.02
Dorex2007: calls $0.02
*** TURN *** [Jc 3h Td] [9s]
415bigb: bets $0.04
Dorex2007: raises $0.06 to $0.10
Fepas1000: calls $0.10
415bigb: folds 
*** RIVER *** [Jc 3h Td 9s] [2c]
Dorex2007: bets $0.44
Fepas1000: calls $0.44 and is all-in
*** SHOW DOWN ***
Dorex2007: shows [Qd Ks] (a straight, Nine to King)
Fepas1000: shows [Qc Jd] (a pair of Jacks)
Dorex2007 collected $1.26 from pot
*** SUMMARY ***
Total pot $1.31 | Rake $0.05 
Board [Jc 3h Td 9s 2c]
Seat 1: abufirs folded before Flop (didn't bet)
Seat 2: Fepas1000 (button) showed [Qc Jd] and lost with a pair of Jacks
Seat 3: Solrac snake (small blind) folded before Flop
Seat 4: 415bigb (big blind) folded on the Turn
Seat 5: Dorex2007 showed [Qd Ks] and won ($1.26) with a straight, Nine to King
Seat 6: nadokesh folded before Flop (didn't bet)
Seat 7: bazchaki folded before Flop (didn't bet)
Seat 9: mvv71 folded before Flop (didn't bet)



PokerStars Hand #230263754274:  Hold'em No Limit ($0.01/$0.02 USD) - 2021/09/30 22:09:06 PT [2021/10/01 1:09:06 ET]
Table 'Newell' 9-max Seat #3 is the button
Seat 1: abufirs ($1.28 in chips) 
Seat 3: Solrac snake ($0.66 in chips) 
Seat 4: 415bigb ($2.15 in chips) 
Seat 5: Dorex2007 ($2.66 in chips) 
Seat 6: nadokesh ($2 in chips) 
Seat 7: bazchaki ($1.98 in chips) 
Seat 9: mvv71 ($2.27 in chips) 
415bigb: posts small blind $0.01
Dorex2007: posts big blind $0.02
Andrushmeer: sits out 
*** HOLE CARDS ***
Dealt to Dorex2007 [5d Kd]
nadokesh: folds 
bazchaki: folds 
mvv71: raises $0.04 to $0.06
abufirs: folds 
Solrac snake: folds 
415bigb: folds 
Dorex2007: folds 
Uncalled bet ($0.04) returned to mvv71
mvv71 collected $0.05 from pot
mvv71: doesn't show hand 
*** SUMMARY ***
Total pot $0.05 | Rake $0 
Seat 1: abufirs folded before Flop (didn't bet)
Seat 3: Solrac snake (button) folded before Flop (didn't bet)
Seat 4: 415bigb (small blind) folded before Flop
Seat 5: Dorex2007 (big blind) folded before Flop
Seat 6: nadokesh folded before Flop (didn't bet)
Seat 7: bazchaki folded before Flop (didn't bet)
Seat 9: mvv71 collected ($0.05)



PokerStars Hand #230263772678:  Hold'em No Limit ($0.01/$0.02 USD) - 2021/09/30 22:11:31 PT [2021/10/01 1:11:31 ET]
Table 'Newell' 9-max Seat #7 is the button
Seat 1: abufirs ($1.28 in chips) 
Seat 2: Fepas1000 ($0.80 in chips) 
Seat 3: Solrac snake ($0.66 in chips) 
Seat 4: 415bigb ($2.02 in chips) 
Seat 5: Dorex2007 ($2.64 in chips) 
Seat 6: nadokesh ($2 in chips) 
Seat 7: bazchaki ($2.38 in chips) 
Seat 8: Andrushmeer ($1.38 in chips) 
Seat 9: mvv71 ($2.22 in chips) 
Andrushmeer: posts small blind $0.01
mvv71: posts big blind $0.02
Dorex2007: posts small blind $0.01
*** HOLE CARDS ***
Dealt to Dorex2007 [7d 6h]
abufirs: folds 
Fepas1000: calls $0.02
Solrac snake: raises $0.08 to $0.10
415bigb: folds 
Dorex2007: folds 
nadokesh: folds 
bazchaki: folds 
Andrushmeer: folds 
mvv71: folds 
Fepas1000: calls $0.08
*** FLOP *** [Qc Qh Js]
Fepas1000: checks 
Solrac snake: checks 
*** TURN *** [Qc Qh Js] [2h]
Fepas1000: bets $0.02
Solrac snake: calls $0.02
*** RIVER *** [Qc Qh Js 2h] [7c]
Fepas1000: bets $0.02
Solrac snake: raises $0.08 to $0.10
Fepas1000: folds 
Uncalled bet ($0.08) returned to Solrac snake
Solrac snake collected $0.31 from pot
Solrac snake: doesn't show hand 
*** SUMMARY ***
Total pot $0.32 | Rake $0.01 
Board [Qc Qh Js 2h 7c]
Seat 1: abufirs folded before Flop (didn't bet)
Seat 2: Fepas1000 folded on the River
Seat 3: Solrac snake collected ($0.31)
Seat 4: 415bigb folded before Flop (didn't bet)
Seat 5: Dorex2007 folded before Flop (didn't bet)
Seat 6: nadokesh folded before Flop (didn't bet)
Seat 7: bazchaki (button) folded before Flop (didn't bet)
Seat 8: Andrushmeer (small blind) folded before Flop
Seat 9: mvv71 (big blind) folded before Flop



PokerStars Hand #230263780424:  Hold'em No Limit ($0.01/$0.02 USD) - 2021/09/30 22:12:32 PT [2021/10/01 1:12:32 ET]
Table 'Newell' 9-max Seat #8 is the button
Seat 1: abufirs ($1.28 in chips) 
Seat 2: Fepas1000 ($0.66 in chips) 
Seat 3: Solrac snake ($0.83 in chips) 
Seat 4: 415bigb ($2.02 in chips) 
Seat 5: Dorex2007 ($2.63 in chips) 
Seat 6: nadokesh ($2 in chips) 
Seat 7: bazchaki ($2.38 in chips) 
Seat 8: Andrushmeer ($1.37 in chips) 
Seat 9: mvv71 ($2.20 in chips) 
mvv71: posts small blind $0.01
abufirs: posts big blind $0.02
*** HOLE CARDS ***
Dealt to Dorex2007 [4s 8d]
Fepas1000: calls $0.02
Solrac snake: folds 
415bigb: folds 
Dorex2007: folds 
nadokesh: folds 
bazchaki: folds 
Andrushmeer: calls $0.02
mvv71: calls $0.01
abufirs: checks 
*** FLOP *** [3c 3h Jc]
mvv71: bets $0.04
abufirs: calls $0.04
Fepas1000: calls $0.04
Andrushmeer: folds 
*** TURN *** [3c 3h Jc] [6d]
mvv71: bets $0.10
abufirs: folds 
Fepas1000: calls $0.10
*** RIVER *** [3c 3h Jc 6d] [Kc]
mvv71: checks 
Fepas1000: bets $0.14
mvv71: calls $0.14
*** SHOW DOWN ***
Fepas1000: shows [Jh Js] (a full house, Jacks full of Threes)
mvv71: mucks hand 
Fepas1000 collected $0.66 from pot
*** SUMMARY ***
Total pot $0.68 | Rake $0.02 
Board [3c 3h Jc 6d Kc]
Seat 1: abufirs (big blind) folded on the Turn
Seat 2: Fepas1000 showed [Jh Js] and won ($0.66) with a full house, Jacks full of Threes
Seat 3: Solrac snake folded before Flop (didn't bet)
Seat 4: 415bigb folded before Flop (didn't bet)
Seat 5: Dorex2007 folded before Flop (didn't bet)
Seat 6: nadokesh folded before Flop (didn't bet)
Seat 7: bazchaki folded before Flop (didn't bet)
Seat 8: Andrushmeer (button) folded on the Flop
Seat 9: mvv71 (small blind) mucked [5c Jd]



PokerStars Hand #230263787242:  Hold'em No Limit ($0.01/$0.02 USD) - 2021/09/30 22:13:27 PT [2021/10/01 1:13:27 ET]
Table 'Newell' 9-max Seat #9 is the button
Seat 1: abufirs ($1.22 in chips) 
Seat 2: Fepas1000 ($1.02 in chips) 
Seat 3: Solrac snake ($0.83 in chips) 
Seat 4: 415bigb ($2.02 in chips) 
Seat 5: Dorex2007 ($2.63 in chips) 
Seat 6: nadokesh ($2 in chips) 
Seat 7: bazchaki ($2.38 in chips) 
Seat 8: Andrushmeer ($1.35 in chips) 
Seat 9: mvv71 ($1.90 in chips) 
abufirs: posts small blind $0.01
Fepas1000: posts big blind $0.02
*** HOLE CARDS ***
Dealt to Dorex2007 [3h Kc]
Solrac snake: folds 
415bigb: folds 
Dorex2007: folds 
nadokesh: folds 
bazchaki: folds 
Andrushmeer: folds 
mvv71: raises $0.04 to $0.06
abufirs: folds 
Fepas1000: calls $0.04
*** FLOP *** [Ad Tc 5s]
Fepas1000: checks 
mvv71: bets $0.07
Fepas1000: folds 
Uncalled bet ($0.07) returned to mvv71
mvv71 collected $0.13 from pot
mvv71: doesn't show hand 
*** SUMMARY ***
Total pot $0.13 | Rake $0 
Board [Ad Tc 5s]
Seat 1: abufirs (small blind) folded before Flop
Seat 2: Fepas1000 (big blind) folded on the Flop
Seat 3: Solrac snake folded before Flop (didn't bet)
Seat 4: 415bigb folded before Flop (didn't bet)
Seat 5: Dorex2007 folded before Flop (didn't bet)
Seat 6: nadokesh folded before Flop (didn't bet)
Seat 7: bazchaki folded before Flop (didn't bet)
Seat 8: Andrushmeer folded before Flop (didn't bet)
Seat 9: mvv71 (button) collected ($0.13)



PokerStars Hand #230263790872:  Hold'em No Limit ($0.01/$0.02 USD) - 2021/09/30 22:13:56 PT [2021/10/01 1:13:56 ET]
Table 'Newell' 9-max Seat #1 is the button
Seat 1: abufirs ($1.21 in chips) 
Seat 2: Fepas1000 ($0.96 in chips) 
Seat 3: Solrac snake ($0.83 in chips) 
Seat 4: 415bigb ($2.02 in chips) 
Seat 5: Dorex2007 ($2.63 in chips) 
Seat 6: nadokesh ($2 in chips) 
Seat 7: bazchaki ($2.38 in chips) 
Seat 8: Andrushmeer ($1.35 in chips) 
Seat 9: mvv71 ($1.97 in chips) 
Fepas1000: posts small blind $0.01
Solrac snake: posts big blind $0.02
*** HOLE CARDS ***
Dealt to Dorex2007 [Qs Ac]
415bigb: folds 
Dorex2007: raises $0.02 to $0.04
nadokesh: folds 
bazchaki: folds 
Andrushmeer: calls $0.04
mvv71: folds 
abufirs: calls $0.04
Fepas1000: calls $0.03
Solrac snake: folds 
*** FLOP *** [Kc 2h Qd]
Fepas1000: checks 
Dorex2007: checks 
Andrushmeer: bets $0.06
abufirs: folds 
Fepas1000: folds 
Dorex2007: folds 
Uncalled bet ($0.06) returned to Andrushmeer
Andrushmeer collected $0.17 from pot
Andrushmeer: doesn't show hand 
*** SUMMARY ***
Total pot $0.18 | Rake $0.01 
Board [Kc 2h Qd]
Seat 1: abufirs (button) folded on the Flop
Seat 2: Fepas1000 (small blind) folded on the Flop
Seat 3: Solrac snake (big blind) folded before Flop
Seat 4: 415bigb folded before Flop (didn't bet)
Seat 5: Dorex2007 folded on the Flop
Seat 6: nadokesh folded before Flop (didn't bet)
Seat 7: bazchaki folded before Flop (didn't bet)
Seat 8: Andrushmeer collected ($0.17)
Seat 9: mvv71 folded before Flop (didn't bet)



PokerStars Hand #230263802371:  Hold'em No Limit ($0.01/$0.02 USD) - 2021/09/30 22:14:50 PT [2021/10/01 1:14:50 ET]
Table 'Newell' 9-max Seat #2 is the button
Seat 1: abufirs ($1.17 in chips) 
Seat 2: Fepas1000 ($0.92 in chips) 
Seat 3: Solrac snake ($0.81 in chips) 
Seat 4: 415bigb ($2.02 in chips) 
Seat 5: Dorex2007 ($2.59 in chips) 
Seat 6: nadokesh ($2 in chips) 
Seat 7: bazchaki ($2.38 in chips) 
Seat 8: Andrushmeer ($1.48 in chips) 
Seat 9: mvv71 ($1.97 in chips) 
Solrac snake: posts small blind $0.01
415bigb: posts big blind $0.02
*** HOLE CARDS ***
Dealt to Dorex2007 [5c 5h]
Dorex2007: raises $0.02 to $0.04
nadokesh: folds 
bazchaki: folds 
Andrushmeer: folds 
mvv71: folds 
abufirs: calls $0.04
Fepas1000: calls $0.04
Solrac snake: folds 
415bigb: folds 
*** FLOP *** [Jd 6s 4h]
Dorex2007: checks 
abufirs: checks 
Fepas1000: checks 
*** TURN *** [Jd 6s 4h] [5s]
Dorex2007: bets $0.09
abufirs: calls $0.09
Fepas1000: calls $0.09
*** RIVER *** [Jd 6s 4h 5s] [9s]
Dorex2007: bets $0.21
abufirs: folds 
Fepas1000: calls $0.21
*** SHOW DOWN ***
Dorex2007: shows [5c 5h] (three of a kind, Fives)
Fepas1000: mucks hand 
Dorex2007 collected $0.81 from pot
*** SUMMARY ***
Total pot $0.84 | Rake $0.03 
Board [Jd 6s 4h 5s 9s]
Seat 1: abufirs folded on the River
Seat 2: Fepas1000 (button) mucked [Qd Qh]
Seat 3: Solrac snake (small blind) folded before Flop
Seat 4: 415bigb (big blind) folded before Flop
Seat 5: Dorex2007 showed [5c 5h] and won ($0.81) with three of a kind, Fives
Seat 6: nadokesh folded before Flop (didn't bet)
Seat 7: bazchaki folded before Flop (didn't bet)
Seat 8: Andrushmeer folded before Flop (didn't bet)
Seat 9: mvv71 folded before Flop (didn't bet)



PokerStars Hand #230263809261:  Hold'em No Limit ($0.01/$0.02 USD) - 2021/09/30 22:15:44 PT [2021/10/01 1:15:44 ET]
Table 'Newell' 9-max Seat #3 is the button
Seat 1: abufirs ($1.04 in chips) 
Seat 2: Fepas1000 ($0.58 in chips) 
Seat 3: Solrac snake ($0.80 in chips) 
Seat 4: 415bigb ($2 in chips) 
Seat 5: Dorex2007 ($3.06 in chips) 
Seat 6: nadokesh ($2 in chips) 
Seat 7: bazchaki ($2.38 in chips) 
Seat 8: Andrushmeer ($1.48 in chips) 
Seat 9: mvv71 ($1.97 in chips) 
415bigb: posts small blind $0.01
Dorex2007: posts big blind $0.02
*** HOLE CARDS ***
Dealt to Dorex2007 [6d 4h]
nadokesh: folds 
bazchaki: folds 
Andrushmeer: raises $0.02 to $0.04
mvv71: folds 
abufirs: folds 
Fepas1000: folds 
Solrac snake: calls $0.04
415bigb: raises $0.02 to $0.06
Dorex2007: folds 
Andrushmeer: calls $0.02
Solrac snake: calls $0.02
*** FLOP *** [3h Ah 9d]
415bigb: bets $0.06
Andrushmeer: calls $0.06
Solrac snake: folds 
*** TURN *** [3h Ah 9d] [6c]
415bigb: bets $0.12
Andrushmeer: folds 
Uncalled bet ($0.12) returned to 415bigb
415bigb collected $0.31 from pot
415bigb: doesn't show hand 
*** SUMMARY ***
Total pot $0.32 | Rake $0.01 
Board [3h Ah 9d 6c]
Seat 1: abufirs folded before Flop (didn't bet)
Seat 2: Fepas1000 folded before Flop (didn't bet)
Seat 3: Solrac snake (button) folded on the Flop
Seat 4: 415bigb (small blind) collected ($0.31)
Seat 5: Dorex2007 (big blind) folded before Flop
Seat 6: nadokesh folded before Flop (didn't bet)
Seat 7: bazchaki folded before Flop (didn't bet)
Seat 8: Andrushmeer folded on the Turn
Seat 9: mvv71 folded before Flop (didn't bet)



PokerStars Hand #230263816398:  Hold'em No Limit ($0.01/$0.02 USD) - 2021/09/30 22:16:41 PT [2021/10/01 1:16:41 ET]
Table 'Newell' 9-max Seat #4 is the button
Seat 1: abufirs ($1.04 in chips) 
Seat 2: Fepas1000 ($0.58 in chips) 
Seat 3: Solrac snake ($0.74 in chips) 
Seat 4: 415bigb ($2.19 in chips) 
Seat 5: Dorex2007 ($3.04 in chips) 
Seat 7: bazchaki ($2.38 in chips) 
Seat 8: Andrushmeer ($1.36 in chips) 
Seat 9: mvv71 ($1.97 in chips) 
Dorex2007: posts small blind $0.01
nadokesh: is sitting out 
bazchaki: posts big blind $0.02
*** HOLE CARDS ***
Dealt to Dorex2007 [6h Kc]
Andrushmeer: folds 
mvv71: folds 
abufirs: raises $0.04 to $0.06
Fepas1000: calls $0.06
Solrac snake: raises $0.06 to $0.12
415bigb: folds 
Dorex2007: folds 
bazchaki: folds 
abufirs: calls $0.06
Fepas1000: calls $0.06
*** FLOP *** [8c Td As]
abufirs: bets $0.92 and is all-in
Fepas1000: calls $0.46 and is all-in
Solrac snake: calls $0.62 and is all-in
Uncalled bet ($0.30) returned to abufirs
nadokesh leaves the table
Fepas1000 has timed out
*** TURN *** [8c Td As] [Ks]
mosquera888 joins the table at seat #6 
*** RIVER *** [8c Td As Ks] [7s]
*** SHOW DOWN ***
abufirs: shows [Ts Ah] (two pair, Aces and Tens)
Solrac snake: shows [Ac Qc] (a pair of Aces)
abufirs collected $0.31 from side pot
Fepas1000: shows [Ad Jd] (a pair of Aces)
abufirs collected $1.71 from main pot
*** SUMMARY ***
Total pot $2.09 Main pot $1.71. Side pot $0.31. | Rake $0.07 
Board [8c Td As Ks 7s]
Seat 1: abufirs showed [Ts Ah] and won ($2.02) with two pair, Aces and Tens
Seat 2: Fepas1000 showed [Ad Jd] and lost with a pair of Aces
Seat 3: Solrac snake showed [Ac Qc] and lost with a pair of Aces
Seat 4: 415bigb (button) folded before Flop (didn't bet)
Seat 5: Dorex2007 (small blind) folded before Flop
Seat 7: bazchaki (big blind) folded before Flop
Seat 8: Andrushmeer folded before Flop (didn't bet)
Seat 9: mvv71 folded before Flop (didn't bet)



PokerStars Hand #230263823885:  Hold'em No Limit ($0.01/$0.02 USD) - 2021/09/30 22:17:41 PT [2021/10/01 1:17:41 ET]
Table 'Newell' 9-max Seat #5 is the button
Seat 1: abufirs ($2.32 in chips) 
Seat 4: 415bigb ($2.19 in chips) 
Seat 5: Dorex2007 ($3.03 in chips) 
Seat 7: bazchaki ($2.36 in chips) 
Seat 8: Andrushmeer ($1.36 in chips) 
Seat 9: mvv71 ($1.97 in chips) 
bazchaki: posts small blind $0.01
Andrushmeer: posts big blind $0.02
*** HOLE CARDS ***
Dealt to Dorex2007 [Kd 6d]
mvv71: folds 
abufirs: raises $0.04 to $0.06
415bigb: folds 
Dorex2007: folds 
bazchaki: folds 
Andrushmeer: folds 
Uncalled bet ($0.04) returned to abufirs
abufirs collected $0.05 from pot
abufirs: doesn't show hand 
*** SUMMARY ***
Total pot $0.05 | Rake $0 
Seat 1: abufirs collected ($0.05)
Seat 4: 415bigb folded before Flop (didn't bet)
Seat 5: Dorex2007 (button) folded before Flop (didn't bet)
Seat 7: bazchaki (small blind) folded before Flop
Seat 8: Andrushmeer (big blind) folded before Flop
Seat 9: mvv71 folded before Flop (didn't bet)



PokerStars Hand #230263826301:  Hold'em No Limit ($0.01/$0.02 USD) - 2021/09/30 22:18:00 PT [2021/10/01 1:18:00 ET]
Table 'Newell' 9-max Seat #7 is the button
Seat 1: abufirs ($2.35 in chips) 
Seat 2: Fepas1000 ($0.80 in chips) 
Seat 4: 415bigb ($2.19 in chips) 
Seat 5: Dorex2007 ($3.03 in chips) 
Seat 7: bazchaki ($2.35 in chips) 
Seat 8: Andrushmeer ($1.34 in chips) 
Seat 9: mvv71 ($1.97 in chips) 
Andrushmeer: posts small blind $0.01
mvv71: posts big blind $0.02
mosquera888: sits out 
*** HOLE CARDS ***
Dealt to Dorex2007 [9c 5d]
abufirs: folds 
Fepas1000: folds 
415bigb: calls $0.02
Dorex2007: folds 
bazchaki: calls $0.02
Andrushmeer: calls $0.01
mvv71: checks 
*** FLOP *** [Ad 8d 2s]
Andrushmeer: bets $0.02
mvv71: folds 
415bigb: calls $0.02
bazchaki: folds 
*** TURN *** [Ad 8d 2s] [Td]
Andrushmeer: bets $0.06
415bigb: raises $0.10 to $0.16
Solrac snake leaves the table
Andrushmeer: calls $0.10
*** RIVER *** [Ad 8d 2s Td] [4s]
amerycanin joins the table at seat #3 
Andrushmeer: checks 
415bigb: checks 
*** SHOW DOWN ***
Andrushmeer: shows [2h 7h] (a pair of Deuces)
415bigb: shows [Ks Th] (a pair of Tens)
415bigb collected $0.42 from pot
*** SUMMARY ***
Total pot $0.44 | Rake $0.02 
Board [Ad 8d 2s Td 4s]
Seat 1: abufirs folded before Flop (didn't bet)
Seat 2: Fepas1000 folded before Flop (didn't bet)
Seat 4: 415bigb showed [Ks Th] and won ($0.42) with a pair of Tens
Seat 5: Dorex2007 folded before Flop (didn't bet)
Seat 7: bazchaki (button) folded on the Flop
Seat 8: Andrushmeer (small blind) showed [2h 7h] and lost with a pair of Deuces
Seat 9: mvv71 (big blind) folded on the Flop



PokerStars Hand #230263834409:  Hold'em No Limit ($0.01/$0.02 USD) - 2021/09/30 22:19:04 PT [2021/10/01 1:19:04 ET]
Table 'Newell' 9-max Seat #8 is the button
Seat 2: Fepas1000 ($0.80 in chips) 
Seat 4: 415bigb ($2.41 in chips) 
Seat 5: Dorex2007 ($3.03 in chips) 
Seat 7: bazchaki ($2.33 in chips) 
Seat 8: Andrushmeer ($1.14 in chips) 
Seat 9: mvv71 ($1.95 in chips) 
mvv71: posts small blind $0.01
abufirs: is sitting out 
Fepas1000: posts big blind $0.02
amerycanin: sits out 
mosquera888: sits out 
*** HOLE CARDS ***
Dealt to Dorex2007 [9s Qh]
415bigb: folds 
Dorex2007: folds 
bazchaki: folds 
Andrushmeer: raises $0.02 to $0.04
mvv71: calls $0.03
Fepas1000: calls $0.02
*** FLOP *** [4h 6s 6d]
mvv71: checks 
Fepas1000: checks 
Andrushmeer: bets $0.04
mvv71: folds 
Fepas1000: folds 
Uncalled bet ($0.04) returned to Andrushmeer
Andrushmeer collected $0.12 from pot
Andrushmeer: doesn't show hand 
*** SUMMARY ***
Total pot $0.12 | Rake $0 
Board [4h 6s 6d]
Seat 2: Fepas1000 (big blind) folded on the Flop
Seat 4: 415bigb folded before Flop (didn't bet)
Seat 5: Dorex2007 folded before Flop (didn't bet)
Seat 7: bazchaki folded before Flop (didn't bet)
Seat 8: Andrushmeer (button) collected ($0.12)
Seat 9: mvv71 (small blind) folded on the Flop



PokerStars Hand #230263838734:  Hold'em No Limit ($0.01/$0.02 USD) - 2021/09/30 22:19:39 PT [2021/10/01 1:19:39 ET]
Table 'Newell' 9-max Seat #9 is the button
Seat 2: Fepas1000 ($0.76 in chips) 
Seat 3: amerycanin ($1.50 in chips) 
Seat 4: 415bigb ($2.41 in chips) 
Seat 5: Dorex2007 ($3.03 in chips) 
Seat 7: bazchaki ($2.33 in chips) 
Seat 8: Andrushmeer ($1.22 in chips) 
Seat 9: mvv71 ($1.91 in chips) 
Fepas1000: posts small blind $0.01
amerycanin: posts big blind $0.02
mosquera888: sits out 
*** HOLE CARDS ***
Dealt to Dorex2007 [7c Td]
415bigb: folds 
Dorex2007: folds 
bazchaki: folds 
Andrushmeer: raises $0.02 to $0.04
mvv71: calls $0.04
Fepas1000: raises $0.06 to $0.10
amerycanin: folds 
Andrushmeer: calls $0.06
mvv71: calls $0.06
*** FLOP *** [2c 8s 6c]
Fepas1000: checks 
Andrushmeer: bets $0.31
mvv71: folds 
Fepas1000: folds 
Uncalled bet ($0.31) returned to Andrushmeer
Andrushmeer collected $0.31 from pot
Andrushmeer: doesn't show hand 
*** SUMMARY ***
Total pot $0.32 | Rake $0.01 
Board [2c 8s 6c]
Seat 2: Fepas1000 (small blind) folded on the Flop
Seat 3: amerycanin (big blind) folded before Flop
Seat 4: 415bigb folded before Flop (didn't bet)
Seat 5: Dorex2007 folded before Flop (didn't bet)
Seat 7: bazchaki folded before Flop (didn't bet)
Seat 8: Andrushmeer collected ($0.31)
Seat 9: mvv71 (button) folded on the Flop



PokerStars Hand #230263852358:  Hold'em No Limit ($0.01/$0.02 USD) - 2021/09/30 22:20:24 PT [2021/10/01 1:20:24 ET]
Table 'Newell' 9-max Seat #2 is the button
Seat 2: Fepas1000 ($0.66 in chips) 
Seat 3: amerycanin ($1.48 in chips) 
Seat 4: 415bigb ($2.41 in chips) 
Seat 5: Dorex2007 ($3.03 in chips) 
Seat 7: bazchaki ($2.33 in chips) 
Seat 8: Andrushmeer ($1.43 in chips) 
Seat 9: mvv71 ($1.81 in chips) 
amerycanin: posts small blind $0.01
415bigb: posts big blind $0.02
mosquera888: sits out 
*** HOLE CARDS ***
Dealt to Dorex2007 [4d 7h]
Dorex2007: folds 
bazchaki: folds 
Andrushmeer: calls $0.02
mvv71: folds 
Fepas1000: folds 
amerycanin: calls $0.01
415bigb: checks 
*** FLOP *** [5s Qs 4c]
amerycanin: bets $0.02
415bigb: folds 
Andrushmeer: calls $0.02
*** TURN *** [5s Qs 4c] [2h]
amerycanin: checks 
Andrushmeer: bets $0.05
amerycanin: calls $0.05
*** RIVER *** [5s Qs 4c 2h] [8d]
amerycanin: checks 
Andrushmeer: checks 
*** SHOW DOWN ***
amerycanin: shows [5d 9c] (a pair of Fives)
Andrushmeer: mucks hand 
amerycanin collected $0.19 from pot
*** SUMMARY ***
Total pot $0.20 | Rake $0.01 
Board [5s Qs 4c 2h 8d]
Seat 2: Fepas1000 (button) folded before Flop (didn't bet)
Seat 3: amerycanin (small blind) showed [5d 9c] and won ($0.19) with a pair of Fives
Seat 4: 415bigb (big blind) folded on the Flop
Seat 5: Dorex2007 folded before Flop (didn't bet)
Seat 7: bazchaki folded before Flop (didn't bet)
Seat 8: Andrushmeer mucked [Kh 3h]
Seat 9: mvv71 folded before Flop (didn't bet)



PokerStars Hand #230263857408:  Hold'em No Limit ($0.01/$0.02 USD) - 2021/09/30 22:21:05 PT [2021/10/01 1:21:05 ET]
Table 'Newell' 9-max Seat #3 is the button
Seat 2: Fepas1000 ($0.66 in chips) 
Seat 3: amerycanin ($1.58 in chips) 
Seat 4: 415bigb ($2.39 in chips) 
Seat 5: Dorex2007 ($3.03 in chips) 
Seat 7: bazchaki ($2.33 in chips) 
Seat 8: Andrushmeer ($1.34 in chips) 
Seat 9: mvv71 ($1.81 in chips) 
415bigb: posts small blind $0.01
Dorex2007: posts big blind $0.02
mosquera888: sits out 
*** HOLE CARDS ***
Dealt to Dorex2007 [3d 5c]
bazchaki: folds 
Andrushmeer: folds 
mvv71: folds 
Fepas1000: folds 
amerycanin: folds 
415bigb: folds 
Uncalled bet ($0.01) returned to Dorex2007
Dorex2007 collected $0.02 from pot
Dorex2007: doesn't show hand 
*** SUMMARY ***
Total pot $0.02 | Rake $0 
Seat 2: Fepas1000 folded before Flop (didn't bet)
Seat 3: amerycanin (button) folded before Flop (didn't bet)
Seat 4: 415bigb (small blind) folded before Flop
Seat 5: Dorex2007 (big blind) collected ($0.02)
Seat 7: bazchaki folded before Flop (didn't bet)
Seat 8: Andrushmeer folded before Flop (didn't bet)
Seat 9: mvv71 folded before Flop (didn't bet)



PokerStars Hand #230263859239:  Hold'em No Limit ($0.01/$0.02 USD) - 2021/09/30 22:21:20 PT [2021/10/01 1:21:20 ET]
Table 'Newell' 9-max Seat #4 is the button
Seat 2: Fepas1000 ($0.66 in chips) 
Seat 3: amerycanin ($1.58 in chips) 
Seat 4: 415bigb ($2.38 in chips) 
Seat 5: Dorex2007 ($3.04 in chips) 
Seat 6: mosquera888 ($2 in chips) 
Seat 7: bazchaki ($2.33 in chips) 
Seat 8: Andrushmeer ($1.34 in chips) 
Seat 9: mvv71 ($1.81 in chips) 
Dorex2007: posts small blind $0.01
mosquera888: posts big blind $0.02
*** HOLE CARDS ***
Dealt to Dorex2007 [5c Qh]
bazchaki: folds 
Andrushmeer: raises $0.02 to $0.04
mvv71: folds 
Fepas1000: calls $0.04
amerycanin: folds 
415bigb: raises $0.04 to $0.08
Dorex2007: folds 
mosquera888: folds 
Andrushmeer: calls $0.04
Fepas1000: calls $0.04
*** FLOP *** [8c 5d Td]
Andrushmeer: bets $0.13
Fepas1000: raises $0.45 to $0.58 and is all-in
415bigb: calls $0.58
Andrushmeer: calls $0.45
*** TURN *** [8c 5d Td] [Qs]
Andrushmeer: bets $0.68 and is all-in
415bigb: calls $0.68
*** RIVER *** [8c 5d Td Qs] [8s]
*** SHOW DOWN ***
Andrushmeer: shows [Qd 7d] (two pair, Queens and Eights)
415bigb: shows [Jh Jc] (two pair, Jacks and Eights)
Fepas1000: shows [4d Jd] (a pair of Eights)
Fepas1000 cashed out the hand for $0.07
415bigb cashed out the hand for $0.23
Andrushmeer cashed out the hand for $2.92 | Cash Out Fee $0.03
*** SUMMARY ***
Total pot $3.37 Main pot $1.94. Side pot $1.31. | Rake $0.12 
Board [8c 5d Td Qs 8s]
Seat 2: Fepas1000 showed [4d Jd] and lost with a pair of Eights (cashed out).
Seat 3: amerycanin folded before Flop (didn't bet)
Seat 4: 415bigb (button) showed [Jh Jc] and lost with two pair, Jacks and Eights (cashed out).
Seat 5: Dorex2007 (small blind) folded before Flop
Seat 6: mosquera888 (big blind) folded before Flop
Seat 7: bazchaki folded before Flop (didn't bet)
Seat 8: Andrushmeer showed [Qd 7d] and won ($3.25) with two pair, Queens and Eights (pot not awarded as player cashed out)
Seat 9: mvv71 folded before Flop (didn't bet)



PokerStars Hand #230263867417:  Hold'em No Limit ($0.01/$0.02 USD) - 2021/09/30 22:22:27 PT [2021/10/01 1:22:27 ET]
Table 'Newell' 9-max Seat #5 is the button
Seat 2: Fepas1000 ($0.07 in chips) 
Seat 3: amerycanin ($1.58 in chips) 
Seat 4: 415bigb ($1.27 in chips) 
Seat 5: Dorex2007 ($3.03 in chips) 
Seat 6: mosquera888 ($2 in chips) 
Seat 7: bazchaki ($2.33 in chips) 
Seat 8: Andrushmeer ($2.92 in chips) 
Seat 9: mvv71 ($1.81 in chips) 
mosquera888: posts small blind $0.01
bazchaki: posts big blind $0.02
abufirs: sits out 
*** HOLE CARDS ***
Dealt to Dorex2007 [Ah 3h]
Andrushmeer has timed out
Andrushmeer: folds 
mvv71: folds 
Fepas1000: calls $0.02
amerycanin: folds 
415bigb: calls $0.02
Dorex2007: calls $0.02
mosquera888: raises $0.14 to $0.16
bazchaki: folds 
Fepas1000: calls $0.05 and is all-in
415bigb: folds 
Dorex2007: folds 
Uncalled bet ($0.09) returned to mosquera888
*** FLOP *** [4s 5h Jh]
*** TURN *** [4s 5h Jh] [6s]
*** RIVER *** [4s 5h Jh 6s] [2c]
*** SHOW DOWN ***
mosquera888: shows [Qd Kc] (high card King)
Fepas1000: shows [4c 7c] (a pair of Fours)
Fepas1000 cashed out the hand for $0.07
*** SUMMARY ***
Total pot $0.20 | Rake $0.01 
Board [4s 5h Jh 6s 2c]
Seat 2: Fepas1000 showed [4c 7c] and won ($0.19) with a pair of Fours (pot not awarded as player cashed out)
Seat 3: amerycanin folded before Flop (didn't bet)
Seat 4: 415bigb folded before Flop
Seat 5: Dorex2007 (button) folded before Flop
Seat 6: mosquera888 (small blind) showed [Qd Kc] and lost with high card King
Seat 7: bazchaki (big blind) folded before Flop
Seat 8: Andrushmeer folded before Flop (didn't bet)
Seat 9: mvv71 folded before Flop (didn't bet)



PokerStars Hand #230263872594:  Hold'em No Limit ($0.01/$0.02 USD) - 2021/09/30 22:23:09 PT [2021/10/01 1:23:09 ET]
Table 'Newell' 9-max Seat #6 is the button
Seat 2: Fepas1000 ($0.07 in chips) 
Seat 3: amerycanin ($1.58 in chips) 
Seat 4: 415bigb ($1.25 in chips) 
Seat 5: Dorex2007 ($3.01 in chips) 
Seat 6: mosquera888 ($2 in chips) 
Seat 7: bazchaki ($2.31 in chips) 
Seat 8: Andrushmeer ($2.92 in chips) 
Seat 9: mvv71 ($1.81 in chips) 
bazchaki: posts small blind $0.01
Andrushmeer: posts big blind $0.02
abufirs: sits out 
*** HOLE CARDS ***
Dealt to Dorex2007 [Jd Kh]
mvv71: folds 
Fepas1000: calls $0.02
amerycanin: folds 
415bigb: folds 
Dorex2007: calls $0.02
mosquera888: folds 
bazchaki: calls $0.01
Andrushmeer: checks 
*** FLOP *** [Ks 6d Kc]
bazchaki: checks 
Andrushmeer: checks 
Fepas1000: checks 
Dorex2007: checks 
*** TURN *** [Ks 6d Kc] [3h]
bazchaki: checks 
Andrushmeer: bets $0.02
Fepas1000: raises $0.02 to $0.04
Dorex2007: calls $0.04
bazchaki: folds 
Andrushmeer: calls $0.02
*** RIVER *** [Ks 6d Kc 3h] [8d]
Andrushmeer: checks 
Fepas1000: bets $0.01 and is all-in
Dorex2007: raises $0.11 to $0.12
Andrushmeer: folds 
Uncalled bet ($0.11) returned to Dorex2007
*** SHOW DOWN ***
Dorex2007: shows [Jd Kh] (three of a kind, Kings)
Fepas1000: shows [Ac 2s] (a pair of Kings)
Dorex2007 collected $0.21 from pot
*** SUMMARY ***
Total pot $0.22 | Rake $0.01 
Board [Ks 6d Kc 3h 8d]
Seat 2: Fepas1000 showed [Ac 2s] and lost with a pair of Kings
Seat 3: amerycanin folded before Flop (didn't bet)
Seat 4: 415bigb folded before Flop (didn't bet)
Seat 5: Dorex2007 showed [Jd Kh] and won ($0.21) with three of a kind, Kings
Seat 6: mosquera888 (button) folded before Flop (didn't bet)
Seat 7: bazchaki (small blind) folded on the Turn
Seat 8: Andrushmeer (big blind) folded on the River
Seat 9: mvv71 folded before Flop (didn't bet)



PokerStars Hand #230263880277:  Hold'em No Limit ($0.01/$0.02 USD) - 2021/09/30 22:24:12 PT [2021/10/01 1:24:12 ET]
Table 'Newell' 9-max Seat #7 is the button
Seat 3: amerycanin ($1.58 in chips) 
Seat 4: 415bigb ($1.25 in chips) 
Seat 5: Dorex2007 ($3.15 in chips) 
Seat 6: mosquera888 ($2 in chips) 
Seat 7: bazchaki ($2.29 in chips) 
Seat 8: Andrushmeer ($2.86 in chips) 
Seat 9: mvv71 ($1.81 in chips) 
Andrushmeer: posts small blind $0.01
mvv71: posts big blind $0.02
abufirs: sits out 
*** HOLE CARDS ***
Dealt to Dorex2007 [8c 4d]
amerycanin: folds 
415bigb: folds 
Dorex2007: folds 
mosquera888: folds 
bazchaki: folds 
Andrushmeer: folds 
Uncalled bet ($0.01) returned to mvv71
mvv71 collected $0.02 from pot
mvv71: doesn't show hand 
*** SUMMARY ***
Total pot $0.02 | Rake $0 
Seat 3: amerycanin folded before Flop (didn't bet)
Seat 4: 415bigb folded before Flop (didn't bet)
Seat 5: Dorex2007 folded before Flop (didn't bet)
Seat 6: mosquera888 folded before Flop (didn't bet)
Seat 7: bazchaki (button) folded before Flop (didn't bet)
Seat 8: Andrushmeer (small blind) folded before Flop
Seat 9: mvv71 (big blind) collected ($0.02)



PokerStars Hand #230263883282:  Hold'em No Limit ($0.01/$0.02 USD) - 2021/09/30 22:24:36 PT [2021/10/01 1:24:36 ET]
Table 'Newell' 9-max Seat #8 is the button
Seat 1: abufirs ($2.35 in chips) 
Seat 3: amerycanin ($1.58 in chips) 
Seat 4: 415bigb ($1.25 in chips) 
Seat 5: Dorex2007 ($3.15 in chips) 
Seat 6: mosquera888 ($2 in chips) 
Seat 7: bazchaki ($2.29 in chips) 
Seat 8: Andrushmeer ($2.85 in chips) 
Seat 9: mvv71 ($1.82 in chips) 
mvv71: posts small blind $0.01
abufirs: posts big blind $0.02
*** HOLE CARDS ***
Dealt to Dorex2007 [Kd 4c]
Fepas1000 leaves the table
amerycanin: folds 
415bigb: raises $0.04 to $0.06
Dorex2007: folds 
mosquera888: folds 
Shahta-16 joins the table at seat #2 
bazchaki: calls $0.06
Andrushmeer: folds 
mvv71: calls $0.05
abufirs: calls $0.04
*** FLOP *** [4s 2s 8h]
mvv71: checks 
abufirs: checks 
415bigb: bets $0.11
bazchaki: folds 
mvv71: folds 
abufirs: folds 
Uncalled bet ($0.11) returned to 415bigb
415bigb collected $0.23 from pot
415bigb: doesn't show hand 
*** SUMMARY ***
Total pot $0.24 | Rake $0.01 
Board [4s 2s 8h]
Seat 1: abufirs (big blind) folded on the Flop
Seat 3: amerycanin folded before Flop (didn't bet)
Seat 4: 415bigb collected ($0.23)
Seat 5: Dorex2007 folded before Flop (didn't bet)
Seat 6: mosquera888 folded before Flop (didn't bet)
Seat 7: bazchaki folded on the Flop
Seat 8: Andrushmeer (button) folded before Flop (didn't bet)
Seat 9: mvv71 (small blind) folded on the Flop



PokerStars Hand #230263887478:  Hold'em No Limit ($0.01/$0.02 USD) - 2021/09/30 22:25:10 PT [2021/10/01 1:25:10 ET]
Table 'Newell' 9-max Seat #9 is the button
Seat 1: abufirs ($2.29 in chips) 
Seat 2: Shahta-16 ($2 in chips) 
Seat 3: amerycanin ($1.58 in chips) 
Seat 4: 415bigb ($1.42 in chips) 
Seat 5: Dorex2007 ($3.15 in chips) 
Seat 6: mosquera888 ($2 in chips) 
Seat 7: bazchaki ($2.23 in chips) 
Seat 8: Andrushmeer ($2.85 in chips) 
Seat 9: mvv71 ($1.76 in chips) 
abufirs: posts small blind $0.01
Shahta-16: posts big blind $0.02
*** HOLE CARDS ***
Dealt to Dorex2007 [4d Jc]
amerycanin: raises $0.04 to $0.06
415bigb: folds 
Dorex2007: folds 
mosquera888: folds 
bazchaki: folds 
Andrushmeer: calls $0.06
mvv71: folds 
abufirs: calls $0.05
Shahta-16: folds 
*** FLOP *** [7s 8s 2c]
abufirs: checks 
amerycanin: bets $0.06
Andrushmeer: folds 
abufirs: calls $0.06
*** TURN *** [7s 8s 2c] [Qc]
abufirs: checks 
amerycanin: bets $0.16
abufirs: folds 
Uncalled bet ($0.16) returned to amerycanin
amerycanin collected $0.31 from pot
amerycanin: doesn't show hand 
*** SUMMARY ***
Total pot $0.32 | Rake $0.01 
Board [7s 8s 2c Qc]
Seat 1: abufirs (small blind) folded on the Turn
Seat 2: Shahta-16 (big blind) folded before Flop
Seat 3: amerycanin collected ($0.31)
Seat 4: 415bigb folded before Flop (didn't bet)
Seat 5: Dorex2007 folded before Flop (didn't bet)
Seat 6: mosquera888 folded before Flop (didn't bet)
Seat 7: bazchaki folded before Flop (didn't bet)
Seat 8: Andrushmeer folded on the Flop
Seat 9: mvv71 (button) folded before Flop (didn't bet)



PokerStars Hand #230263898873:  Hold'em No Limit ($0.01/$0.02 USD) - 2021/09/30 22:26:43 PT [2021/10/01 1:26:43 ET]
Table 'Newell' 9-max Seat #1 is the button
Seat 1: abufirs ($2.17 in chips) 
Seat 2: Shahta-16 ($2 in chips) 
Seat 3: amerycanin ($1.77 in chips) 
Seat 4: 415bigb ($1.42 in chips) 
Seat 5: Dorex2007 ($3.15 in chips) 
Seat 6: mosquera888 ($2 in chips) 
Seat 7: bazchaki ($2.23 in chips) 
Seat 8: Andrushmeer ($2.79 in chips) 
Seat 9: mvv71 ($1.76 in chips) 
Shahta-16: posts small blind $0.01
amerycanin: posts big blind $0.02
*** HOLE CARDS ***
Dealt to Dorex2007 [7h Jc]
415bigb: folds 
Dorex2007: folds 
mosquera888: folds 
bazchaki: folds 
Andrushmeer: folds 
mvv71: folds 
abufirs: raises $0.02 to $0.04
Shahta-16: folds 
amerycanin: folds 
Uncalled bet ($0.02) returned to abufirs
abufirs collected $0.05 from pot
abufirs: doesn't show hand 
*** SUMMARY ***
Total pot $0.05 | Rake $0 
Seat 1: abufirs (button) collected ($0.05)
Seat 2: Shahta-16 (small blind) folded before Flop
Seat 3: amerycanin (big blind) folded before Flop
Seat 4: 415bigb folded before Flop (didn't bet)
Seat 5: Dorex2007 folded before Flop (didn't bet)
Seat 6: mosquera888 folded before Flop (didn't bet)
Seat 7: bazchaki folded before Flop (didn't bet)
Seat 8: Andrushmeer folded before Flop (didn't bet)
Seat 9: mvv71 folded before Flop (didn't bet)



PokerStars Hand #230263900900:  Hold'em No Limit ($0.01/$0.02 USD) - 2021/09/30 22:26:59 PT [2021/10/01 1:26:59 ET]
Table 'Newell' 9-max Seat #2 is the button
Seat 1: abufirs ($2.20 in chips) 
Seat 2: Shahta-16 ($2 in chips) 
Seat 3: amerycanin ($1.75 in chips) 
Seat 4: 415bigb ($1.42 in chips) 
Seat 5: Dorex2007 ($3.15 in chips) 
Seat 6: mosquera888 ($2 in chips) 
Seat 7: bazchaki ($2.23 in chips) 
Seat 8: Andrushmeer ($2.79 in chips) 
Seat 9: mvv71 ($1.76 in chips) 
amerycanin: posts small blind $0.01
415bigb: posts big blind $0.02
*** HOLE CARDS ***
Dealt to Dorex2007 [Ks 7s]
Dorex2007: folds 
mosquera888: folds 
bazchaki: folds 
Andrushmeer: folds 
mvv71: folds 
abufirs: calls $0.02
Shahta-16: folds 
amerycanin: calls $0.01
415bigb: checks 
*** FLOP *** [6h 7c Jd]
amerycanin: bets $0.02
415bigb: folds 
abufirs: calls $0.02
*** TURN *** [6h 7c Jd] [As]
amerycanin: checks 
abufirs: checks 
*** RIVER *** [6h 7c Jd As] [Ah]
amerycanin: bets $0.04
abufirs: folds 
Uncalled bet ($0.04) returned to amerycanin
amerycanin collected $0.10 from pot
amerycanin: doesn't show hand 
*** SUMMARY ***
Total pot $0.10 | Rake $0 
Board [6h 7c Jd As Ah]
Seat 1: abufirs folded on the River
Seat 2: Shahta-16 (button) folded before Flop (didn't bet)
Seat 3: amerycanin (small blind) collected ($0.10)
Seat 4: 415bigb (big blind) folded on the Flop
Seat 5: Dorex2007 folded before Flop (didn't bet)
Seat 6: mosquera888 folded before Flop (didn't bet)
Seat 7: bazchaki folded before Flop (didn't bet)
Seat 8: Andrushmeer folded before Flop (didn't bet)
Seat 9: mvv71 folded before Flop (didn't bet)



PokerStars Hand #230263907060:  Hold'em No Limit ($0.01/$0.02 USD) - 2021/09/30 22:27:50 PT [2021/10/01 1:27:50 ET]
Table 'Newell' 9-max Seat #3 is the button
Seat 1: abufirs ($2.16 in chips) 
Seat 2: Shahta-16 ($2 in chips) 
Seat 3: amerycanin ($1.81 in chips) 
Seat 4: 415bigb ($1.40 in chips) 
Seat 5: Dorex2007 ($3.15 in chips) 
Seat 6: mosquera888 ($2 in chips) 
Seat 7: bazchaki ($2.23 in chips) 
Seat 8: Andrushmeer ($2.79 in chips) 
Seat 9: mvv71 ($1.76 in chips) 
415bigb: posts small blind $0.01
Dorex2007: posts big blind $0.02
*** HOLE CARDS ***
Dealt to Dorex2007 [5d 5h]
mosquera888: folds 
bazchaki: raises $0.04 to $0.06
Andrushmeer: folds 
mvv71: folds 
abufirs: folds 
Shahta-16: folds 
amerycanin: folds 
415bigb: folds 
Dorex2007: calls $0.04
*** FLOP *** [5s Jd Jh]
Dorex2007: checks 
bazchaki: checks 
*** TURN *** [5s Jd Jh] [9c]
Dorex2007: bets $0.07
bazchaki: folds 
Uncalled bet ($0.07) returned to Dorex2007
Dorex2007 collected $0.13 from pot
Dorex2007: doesn't show hand 
*** SUMMARY ***
Total pot $0.13 | Rake $0 
Board [5s Jd Jh 9c]
Seat 1: abufirs folded before Flop (didn't bet)
Seat 2: Shahta-16 folded before Flop (didn't bet)
Seat 3: amerycanin (button) folded before Flop (didn't bet)
Seat 4: 415bigb (small blind) folded before Flop
Seat 5: Dorex2007 (big blind) collected ($0.13)
Seat 6: mosquera888 folded before Flop (didn't bet)
Seat 7: bazchaki folded on the Turn
Seat 8: Andrushmeer folded before Flop (didn't bet)
Seat 9: mvv71 folded before Flop (didn't bet)



PokerStars Hand #230263910849:  Hold'em No Limit ($0.01/$0.02 USD) - 2021/09/30 22:28:20 PT [2021/10/01 1:28:20 ET]
Table 'Newell' 9-max Seat #4 is the button
Seat 1: abufirs ($2.16 in chips) 
Seat 2: Shahta-16 ($2 in chips) 
Seat 3: amerycanin ($1.81 in chips) 
Seat 4: 415bigb ($1.39 in chips) 
Seat 5: Dorex2007 ($3.22 in chips) 
Seat 6: mosquera888 ($2 in chips) 
Seat 7: bazchaki ($2.17 in chips) 
Seat 8: Andrushmeer ($2.79 in chips) 
Seat 9: mvv71 ($1.76 in chips) 
Dorex2007: posts small blind $0.01
mosquera888: posts big blind $0.02
*** HOLE CARDS ***
Dealt to Dorex2007 [Js 4h]
bazchaki: folds 
Andrushmeer: raises $0.02 to $0.04
mvv71: folds 
bazchaki leaves the table
abufirs: folds 
Shahta-16: folds 
amerycanin: calls $0.04
415bigb: folds 
Dorex2007: folds 
mosquera888: calls $0.02
*** FLOP *** [7d 7s 9s]
mosquera888: checks 
Andrushmeer: bets $0.04
amerycanin: folds 
mosquera888: calls $0.04
*** TURN *** [7d 7s 9s] [7h]
mosquera888: checks 
Andrushmeer: bets $0.10
mosquera888: calls $0.10
*** RIVER *** [7d 7s 9s 7h] [As]
mosquera888: checks 
Andrushmeer: bets $0.20
mosquera888: folds 
Uncalled bet ($0.20) returned to Andrushmeer
Andrushmeer collected $0.40 from pot
Andrushmeer: doesn't show hand 
*** SUMMARY ***
Total pot $0.41 | Rake $0.01 
Board [7d 7s 9s 7h As]
Seat 1: abufirs folded before Flop (didn't bet)
Seat 2: Shahta-16 folded before Flop (didn't bet)
Seat 3: amerycanin folded on the Flop
Seat 4: 415bigb (button) folded before Flop (didn't bet)
Seat 5: Dorex2007 (small blind) folded before Flop
Seat 6: mosquera888 (big blind) folded on the River
Seat 7: bazchaki folded before Flop (didn't bet)
Seat 8: Andrushmeer collected ($0.40)
Seat 9: mvv71 folded before Flop (didn't bet)



PokerStars Hand #230263920433:  Hold'em No Limit ($0.01/$0.02 USD) - 2021/09/30 22:29:37 PT [2021/10/01 1:29:37 ET]
Table 'Newell' 9-max Seat #5 is the button
Seat 1: abufirs ($2.16 in chips) 
Seat 2: Shahta-16 ($2 in chips) 
Seat 3: amerycanin ($1.77 in chips) 
Seat 4: 415bigb ($1.39 in chips) 
Seat 5: Dorex2007 ($3.21 in chips) 
Seat 6: mosquera888 ($2 in chips) 
Seat 8: Andrushmeer ($3.01 in chips) 
Seat 9: mvv71 ($1.76 in chips) 
mosquera888: posts small blind $0.01
Andrushmeer: posts big blind $0.02
*** HOLE CARDS ***
Dealt to Dorex2007 [8d 5c]
mvv71: folds 
abufirs has timed out
abufirs: folds 
Shahta-16: folds 
amerycanin: raises $0.04 to $0.06
415bigb: folds 
Dorex2007: folds 
mosquera888: folds 
Andrushmeer: folds 
Uncalled bet ($0.04) returned to amerycanin
amerycanin collected $0.05 from pot
amerycanin: doesn't show hand 
*** SUMMARY ***
Total pot $0.05 | Rake $0 
Seat 1: abufirs folded before Flop (didn't bet)
Seat 2: Shahta-16 folded before Flop (didn't bet)
Seat 3: amerycanin collected ($0.05)
Seat 4: 415bigb folded before Flop (didn't bet)
Seat 5: Dorex2007 (button) folded before Flop (didn't bet)
Seat 6: mosquera888 (small blind) folded before Flop
Seat 8: Andrushmeer (big blind) folded before Flop
Seat 9: mvv71 folded before Flop (didn't bet)



PokerStars Hand #230263923904:  Hold'em No Limit ($0.01/$0.02 USD) - 2021/09/30 22:30:04 PT [2021/10/01 1:30:04 ET]
Table 'Newell' 9-max Seat #6 is the button
Seat 1: abufirs ($2.16 in chips) 
Seat 2: Shahta-16 ($2 in chips) 
Seat 3: amerycanin ($1.80 in chips) 
Seat 4: 415bigb ($1.39 in chips) 
Seat 5: Dorex2007 ($3.21 in chips) 
Seat 6: mosquera888 ($2 in chips) 
Seat 8: Andrushmeer ($2.99 in chips) 
Seat 9: mvv71 ($1.76 in chips) 
Andrushmeer: posts small blind $0.01
mvv71: posts big blind $0.02
*** HOLE CARDS ***
Dealt to Dorex2007 [2h 5h]
abufirs: raises $0.04 to $0.06
Shahta-16: folds 
amerycanin: folds 
415bigb: folds 
Dorex2007: folds 
mosquera888: folds 
Andrushmeer: folds 
mvv71: calls $0.04
*** FLOP *** [3d 7h Kh]
mvv71: checks 
abufirs: checks 
*** TURN *** [3d 7h Kh] [Qc]
mvv71: checks 
abufirs: bets $0.07
harry nz joins the table at seat #7 
mvv71: folds 
Uncalled bet ($0.07) returned to abufirs
abufirs collected $0.13 from pot
abufirs: doesn't show hand 
*** SUMMARY ***
Total pot $0.13 | Rake $0 
Board [3d 7h Kh Qc]
Seat 1: abufirs collected ($0.13)
Seat 2: Shahta-16 folded before Flop (didn't bet)
Seat 3: amerycanin folded before Flop (didn't bet)
Seat 4: 415bigb folded before Flop (didn't bet)
Seat 5: Dorex2007 folded before Flop (didn't bet)
Seat 6: mosquera888 (button) folded before Flop (didn't bet)
Seat 8: Andrushmeer (small blind) folded before Flop
Seat 9: mvv71 (big blind) folded on the Turn



PokerStars Hand #230263929192:  Hold'em No Limit ($0.01/$0.02 USD) - 2021/09/30 22:30:46 PT [2021/10/01 1:30:46 ET]
Table 'Newell' 9-max Seat #8 is the button
Seat 1: abufirs ($2.23 in chips) 
Seat 2: Shahta-16 ($2 in chips) 
Seat 3: amerycanin ($1.80 in chips) 
Seat 4: 415bigb ($1.39 in chips) 
Seat 5: Dorex2007 ($3.21 in chips) 
Seat 6: mosquera888 ($2 in chips) 
Seat 7: harry nz ($1.60 in chips) 
Seat 8: Andrushmeer ($2.98 in chips) 
abufirs: posts small blind $0.01
Shahta-16: posts big blind $0.02
harry nz: posts big blind $0.02
*** HOLE CARDS ***
Dealt to Dorex2007 [Qh Qc]
amerycanin: folds 
mvv71 leaves the table
415bigb: calls $0.02
Dorex2007: raises $0.04 to $0.06
mosquera888: folds 
harry nz: folds 
Andrushmeer: calls $0.06
abufirs: folds 
Shahta-16: folds 
415bigb: folds 
*** FLOP *** [3c 2h Qd]
0poker3 joins the table at seat #9 
Dorex2007: checks 
Andrushmeer: bets $0.04
Dorex2007: calls $0.04
*** TURN *** [3c 2h Qd] [Th]
Dorex2007: bets $0.17
Andrushmeer: folds 
Uncalled bet ($0.17) returned to Dorex2007
Dorex2007 collected $0.26 from pot
Dorex2007: doesn't show hand 
*** SUMMARY ***
Total pot $0.27 | Rake $0.01 
Board [3c 2h Qd Th]
Seat 1: abufirs (small blind) folded before Flop
Seat 2: Shahta-16 (big blind) folded before Flop
Seat 3: amerycanin folded before Flop (didn't bet)
Seat 4: 415bigb folded before Flop
Seat 5: Dorex2007 collected ($0.26)
Seat 6: mosquera888 folded before Flop (didn't bet)
Seat 7: harry nz folded before Flop (didn't bet)
Seat 8: Andrushmeer (button) folded on the Turn



PokerStars Hand #230263938110:  Hold'em No Limit ($0.01/$0.02 USD) - 2021/09/30 22:32:00 PT [2021/10/01 1:32:00 ET]
Table 'Newell' 9-max Seat #1 is the button
Seat 1: abufirs ($2.22 in chips) 
Seat 2: Shahta-16 ($2 in chips) 
Seat 3: amerycanin ($1.80 in chips) 
Seat 4: 415bigb ($1.37 in chips) 
Seat 5: Dorex2007 ($3.37 in chips) 
Seat 6: mosquera888 ($2 in chips) 
Seat 7: harry nz ($1.58 in chips) 
Seat 8: Andrushmeer ($2.88 in chips) 
Shahta-16: posts small blind $0.01
amerycanin: posts big blind $0.02
0poker3: sits out 
*** HOLE CARDS ***
Dealt to Dorex2007 [8s 2s]
415bigb: calls $0.02
Dorex2007: folds 
mosquera888: folds 
harry nz has timed out
harry nz: folds 
Andrushmeer: folds 
abufirs has timed out
abufirs: folds 
Shahta-16: calls $0.01
amerycanin: checks 
*** FLOP *** [3c 2d Jc]
Shahta-16: checks 
amerycanin: checks 
415bigb: bets $0.04
Shahta-16: folds 
amerycanin: folds 
Uncalled bet ($0.04) returned to 415bigb
415bigb collected $0.06 from pot
415bigb: doesn't show hand 
*** SUMMARY ***
Total pot $0.06 | Rake $0 
Board [3c 2d Jc]
Seat 1: abufirs (button) folded before Flop (didn't bet)
Seat 2: Shahta-16 (small blind) folded on the Flop
Seat 3: amerycanin (big blind) folded on the Flop
Seat 4: 415bigb collected ($0.06)
Seat 5: Dorex2007 folded before Flop (didn't bet)
Seat 6: mosquera888 folded before Flop (didn't bet)
Seat 7: harry nz folded before Flop (didn't bet)
Seat 8: Andrushmeer folded before Flop (didn't bet)



PokerStars Hand #230263945676:  Hold'em No Limit ($0.01/$0.02 USD) - 2021/09/30 22:33:02 PT [2021/10/01 1:33:02 ET]
Table 'Newell' 9-max Seat #2 is the button
Seat 2: Shahta-16 ($2 in chips) 
Seat 3: amerycanin ($1.78 in chips) 
Seat 4: 415bigb ($1.41 in chips) 
Seat 5: Dorex2007 ($3.37 in chips) 
Seat 6: mosquera888 ($2 in chips) 
Seat 7: harry nz ($1.58 in chips) 
Seat 8: Andrushmeer ($2.88 in chips) 
amerycanin: posts small blind $0.01
415bigb: posts big blind $0.02
0poker3: sits out 
*** HOLE CARDS ***
Dealt to Dorex2007 [7s 9s]
Dorex2007: folds 
mosquera888: folds 
harry nz: calls $0.02
Andrushmeer: calls $0.02
Shahta-16: raises $0.04 to $0.06
amerycanin: folds 
415bigb: folds 
harry nz: calls $0.04
Andrushmeer: calls $0.04
*** FLOP *** [4s Qh Qd]
harry nz: checks 
Andrushmeer: bets $0.10
Shahta-16: calls $0.10
harry nz: folds 
*** TURN *** [4s Qh Qd] [Kc]
Andrushmeer: bets $0.20
Shahta-16: calls $0.20
*** RIVER *** [4s Qh Qd Kc] [9h]
Andrushmeer: bets $0.78
Shahta-16: calls $0.78
*** SHOW DOWN ***
Andrushmeer: shows [8h Qs] (three of a kind, Queens)
Shahta-16: shows [Jh Qc] (three of a kind, Queens - King+Jack kicker)
Shahta-16 collected $2.29 from pot
*** SUMMARY ***
Total pot $2.37 | Rake $0.08 
Board [4s Qh Qd Kc 9h]
Seat 2: Shahta-16 (button) showed [Jh Qc] and won ($2.29) with three of a kind, Queens
Seat 3: amerycanin (small blind) folded before Flop
Seat 4: 415bigb (big blind) folded before Flop
Seat 5: Dorex2007 folded before Flop (didn't bet)
Seat 6: mosquera888 folded before Flop (didn't bet)
Seat 7: harry nz folded on the Flop
Seat 8: Andrushmeer showed [8h Qs] and lost with three of a kind, Queens



PokerStars Hand #230263953327:  Hold'em No Limit ($0.01/$0.02 USD) - 2021/09/30 22:34:05 PT [2021/10/01 1:34:05 ET]
Table 'Newell' 9-max Seat #3 is the button
Seat 2: Shahta-16 ($3.15 in chips) 
Seat 3: amerycanin ($1.77 in chips) 
Seat 4: 415bigb ($1.39 in chips) 
Seat 5: Dorex2007 ($3.37 in chips) 
Seat 6: mosquera888 ($2 in chips) 
Seat 7: harry nz ($1.52 in chips) 
Seat 8: Andrushmeer ($1.74 in chips) 
415bigb: posts small blind $0.01
Dorex2007: posts big blind $0.02
0poker3: sits out 
*** HOLE CARDS ***
Dealt to Dorex2007 [Ad 3s]
mosquera888: folds 
mosquera888 leaves the table
harry nz: calls $0.02
Andrushmeer: raises $0.02 to $0.04
Shahta-16: folds 
amerycanin: folds 
415bigb: folds 
Dorex2007: calls $0.02
Inc4ognito joins the table at seat #6 
harry nz: calls $0.02
*** FLOP *** [Kd Kh Th]
Dorex2007: checks 
harry nz: bets $0.02
Andrushmeer: folds 
Dorex2007: folds 
Uncalled bet ($0.02) returned to harry nz
harry nz collected $0.13 from pot
harry nz: doesn't show hand 
*** SUMMARY ***
Total pot $0.13 | Rake $0 
Board [Kd Kh Th]
Seat 2: Shahta-16 folded before Flop (didn't bet)
Seat 3: amerycanin (button) folded before Flop (didn't bet)
Seat 4: 415bigb (small blind) folded before Flop
Seat 5: Dorex2007 (big blind) folded on the Flop
Seat 6: mosquera888 folded before Flop (didn't bet)
Seat 7: harry nz collected ($0.13)
Seat 8: Andrushmeer folded on the Flop



PokerStars Hand #230263957784:  Hold'em No Limit ($0.01/$0.02 USD) - 2021/09/30 22:34:41 PT [2021/10/01 1:34:41 ET]
Table 'Newell' 9-max Seat #4 is the button
Seat 2: Shahta-16 ($3.15 in chips) 
Seat 3: amerycanin ($1.77 in chips) 
Seat 4: 415bigb ($1.38 in chips) 
Seat 5: Dorex2007 ($3.33 in chips) 
Seat 6: Inc4ognito ($2 in chips) 
Seat 7: harry nz ($1.61 in chips) 
Seat 8: Andrushmeer ($1.70 in chips) 
Dorex2007: posts small blind $0.01
Inc4ognito: posts big blind $0.02
0poker3: sits out 
*** HOLE CARDS ***
Dealt to Dorex2007 [3d 3c]
harry nz has timed out
harry nz: folds 
Andrushmeer: calls $0.02
Shahta-16: calls $0.02
amerycanin: raises $0.04 to $0.06
415bigb: folds 
Dorex2007: folds 
Inc4ognito: folds 
Andrushmeer: folds 
Shahta-16: calls $0.04
*** FLOP *** [4s 5h Qd]
Shahta-16: checks 
amerycanin: bets $0.08
Shahta-16: calls $0.08
*** TURN *** [4s 5h Qd] [Ah]
Shahta-16: checks 
amerycanin: bets $0.16
Shahta-16: calls $0.16
*** RIVER *** [4s 5h Qd Ah] [3h]
Shahta-16: checks 
amerycanin: checks 
*** SHOW DOWN ***
Shahta-16: shows [6h 7h] (a flush, Ace high)
amerycanin: mucks hand 
Shahta-16 collected $0.63 from pot
*** SUMMARY ***
Total pot $0.65 | Rake $0.02 
Board [4s 5h Qd Ah 3h]
Seat 2: Shahta-16 showed [6h 7h] and won ($0.63) with a flush, Ace high
Seat 3: amerycanin mucked [Td Ad]
Seat 4: 415bigb (button) folded before Flop (didn't bet)
Seat 5: Dorex2007 (small blind) folded before Flop
Seat 6: Inc4ognito (big blind) folded before Flop
Seat 7: harry nz folded before Flop (didn't bet)
Seat 8: Andrushmeer folded before Flop



PokerStars Hand #230263964847:  Hold'em No Limit ($0.01/$0.02 USD) - 2021/09/30 22:35:40 PT [2021/10/01 1:35:40 ET]
Table 'Newell' 9-max Seat #5 is the button
Seat 2: Shahta-16 ($3.48 in chips) 
Seat 3: amerycanin ($1.47 in chips) 
Seat 4: 415bigb ($1.38 in chips) 
Seat 5: Dorex2007 ($3.32 in chips) 
Seat 6: Inc4ognito ($2 in chips) 
Seat 7: harry nz ($1.61 in chips) 
Seat 8: Andrushmeer ($1.68 in chips) 
Inc4ognito: posts small blind $0.01
harry nz: posts big blind $0.02
0poker3: sits out 
*** HOLE CARDS ***
Dealt to Dorex2007 [3d Kc]
Andrushmeer: folds 
Shahta-16: folds 
amerycanin: folds 
415bigb: folds 
Dorex2007: folds 
Inc4ognito: raises $0.04 to $0.06
harry nz: folds 
Uncalled bet ($0.04) returned to Inc4ognito
Inc4ognito collected $0.04 from pot
Inc4ognito: doesn't show hand 
*** SUMMARY ***
Total pot $0.04 | Rake $0 
Seat 2: Shahta-16 folded before Flop (didn't bet)
Seat 3: amerycanin folded before Flop (didn't bet)
Seat 4: 415bigb folded before Flop (didn't bet)
Seat 5: Dorex2007 (button) folded before Flop (didn't bet)
Seat 6: Inc4ognito (small blind) collected ($0.04)
Seat 7: harry nz (big blind) folded before Flop
Seat 8: Andrushmeer folded before Flop (didn't bet)



PokerStars Hand #230263967750:  Hold'em No Limit ($0.01/$0.02 USD) - 2021/09/30 22:36:04 PT [2021/10/01 1:36:04 ET]
Table 'Newell' 9-max Seat #6 is the button
Seat 2: Shahta-16 ($3.48 in chips) 
Seat 3: amerycanin ($1.47 in chips) 
Seat 4: 415bigb ($1.38 in chips) 
Seat 5: Dorex2007 ($3.32 in chips) 
Seat 6: Inc4ognito ($2.02 in chips) 
Seat 7: harry nz ($1.59 in chips) 
Seat 8: Andrushmeer ($1.68 in chips) 
harry nz: posts small blind $0.01
Andrushmeer: posts big blind $0.02
0poker3: sits out 
*** HOLE CARDS ***
Dealt to Dorex2007 [7s Ts]
Shahta-16: folds 
amerycanin: folds 
415bigb: raises $0.02 to $0.04
Dorex2007: folds 
Inc4ognito: folds 
harry nz: folds 
Andrushmeer: calls $0.02
*** FLOP *** [9d 5d 4c]
Andrushmeer: bets $0.02
415bigb: raises $0.04 to $0.06
Andrushmeer: folds 
Uncalled bet ($0.04) returned to 415bigb
415bigb collected $0.13 from pot
415bigb: doesn't show hand 
*** SUMMARY ***
Total pot $0.13 | Rake $0 
Board [9d 5d 4c]
Seat 2: Shahta-16 folded before Flop (didn't bet)
Seat 3: amerycanin folded before Flop (didn't bet)
Seat 4: 415bigb collected ($0.13)
Seat 5: Dorex2007 folded before Flop (didn't bet)
Seat 6: Inc4ognito (button) folded before Flop (didn't bet)
Seat 7: harry nz (small blind) folded before Flop
Seat 8: Andrushmeer (big blind) folded on the Flop



PokerStars Hand #230263974392:  Hold'em No Limit ($0.01/$0.02 USD) - 2021/09/30 22:36:58 PT [2021/10/01 1:36:58 ET]
Table 'Newell' 9-max Seat #7 is the button
Seat 2: Shahta-16 ($3.48 in chips) 
Seat 3: amerycanin ($1.47 in chips) 
Seat 4: 415bigb ($1.45 in chips) 
Seat 5: Dorex2007 ($3.32 in chips) 
Seat 6: Inc4ognito ($2.02 in chips) 
Seat 7: harry nz ($1.58 in chips) 
Seat 8: Andrushmeer ($1.62 in chips) 
Seat 9: 0poker3 ($2 in chips) 
Andrushmeer: posts small blind $0.01
0poker3: posts big blind $0.02
*** HOLE CARDS ***
Dealt to Dorex2007 [7d 7c]
Shahta-16: folds 
amerycanin: folds 
415bigb: raises $0.02 to $0.04
Dorex2007: calls $0.04
Inc4ognito: raises $0.15 to $0.19
harry nz: calls $0.19
Andrushmeer: folds 
0poker3: folds 
415bigb: folds 
Dorex2007: folds 
*** FLOP *** [4d 5d 3h]
Inc4ognito: checks 
harry nz: bets $1.39 and is all-in
Inc4ognito: folds 
Uncalled bet ($1.39) returned to harry nz
harry nz collected $0.47 from pot
harry nz: doesn't show hand 
*** SUMMARY ***
Total pot $0.49 | Rake $0.02 
Board [4d 5d 3h]
Seat 2: Shahta-16 folded before Flop (didn't bet)
Seat 3: amerycanin folded before Flop (didn't bet)
Seat 4: 415bigb folded before Flop
Seat 5: Dorex2007 folded before Flop
Seat 6: Inc4ognito folded on the Flop
Seat 7: harry nz (button) collected ($0.47)
Seat 8: Andrushmeer (small blind) folded before Flop
Seat 9: 0poker3 (big blind) folded before Flop



PokerStars Hand #230263979237:  Hold'em No Limit ($0.01/$0.02 USD) - 2021/09/30 22:37:38 PT [2021/10/01 1:37:38 ET]
Table 'Newell' 9-max Seat #8 is the button
Seat 2: Shahta-16 ($3.48 in chips) 
Seat 3: amerycanin ($1.47 in chips) 
Seat 4: 415bigb ($1.41 in chips) 
Seat 5: Dorex2007 ($3.28 in chips) 
Seat 6: Inc4ognito ($2 in chips) 
Seat 7: harry nz ($1.86 in chips) 
Seat 8: Andrushmeer ($1.61 in chips) 
Seat 9: 0poker3 ($1.98 in chips) 
0poker3: posts small blind $0.01
Shahta-16: posts big blind $0.02
*** HOLE CARDS ***
Dealt to Dorex2007 [8h 3d]
amerycanin: folds 
415bigb: folds 
Dorex2007: folds 
Inc4ognito: folds 
harry nz: calls $0.02
Andrushmeer: folds 
0poker3: folds 
Shahta-16: checks 
*** FLOP *** [6d 9s 7d]
Shahta-16: checks 
harry nz: bets $0.02
Shahta-16: raises $0.07 to $0.09
harry nz: calls $0.07
*** TURN *** [6d 9s 7d] [7s]
Shahta-16: checks 
harry nz: bets $0.02
Shahta-16: calls $0.02
*** RIVER *** [6d 9s 7d 7s] [Kc]
Shahta-16: checks 
harry nz: checks 
*** SHOW DOWN ***
Shahta-16: shows [2d 8d] (a pair of Sevens)
harry nz: shows [As 6h] (two pair, Sevens and Sixes)
harry nz collected $0.26 from pot
*** SUMMARY ***
Total pot $0.27 | Rake $0.01 
Board [6d 9s 7d 7s Kc]
Seat 2: Shahta-16 (big blind) showed [2d 8d] and lost with a pair of Sevens
Seat 3: amerycanin folded before Flop (didn't bet)
Seat 4: 415bigb folded before Flop (didn't bet)
Seat 5: Dorex2007 folded before Flop (didn't bet)
Seat 6: Inc4ognito folded before Flop (didn't bet)
Seat 7: harry nz showed [As 6h] and won ($0.26) with two pair, Sevens and Sixes
Seat 8: Andrushmeer (button) folded before Flop (didn't bet)
Seat 9: 0poker3 (small blind) folded before Flop



PokerStars Hand #230263984401:  Hold'em No Limit ($0.01/$0.02 USD) - 2021/09/30 22:38:21 PT [2021/10/01 1:38:21 ET]
Table 'Newell' 9-max Seat #9 is the button
Seat 2: Shahta-16 ($3.35 in chips) 
Seat 3: amerycanin ($1.47 in chips) 
Seat 4: 415bigb ($1.41 in chips) 
Seat 5: Dorex2007 ($3.28 in chips) 
Seat 6: Inc4ognito ($2 in chips) 
Seat 7: harry nz ($1.99 in chips) 
Seat 8: Andrushmeer ($1.61 in chips) 
Seat 9: 0poker3 ($1.97 in chips) 
Shahta-16: posts small blind $0.01
amerycanin: posts big blind $0.02
*** HOLE CARDS ***
Dealt to Dorex2007 [Ac Ts]
415bigb: raises $0.02 to $0.04
Dorex2007: folds 
Inc4ognito: folds 
harry nz: calls $0.04
Andrushmeer: folds 
0poker3: folds 
Shahta-16: folds 
amerycanin: calls $0.02
*** FLOP *** [6c 2h Jc]
amerycanin: checks 
415bigb: checks 
harry nz: checks 
*** TURN *** [6c 2h Jc] [9h]
amerycanin: bets $0.06
415bigb: folds 
harry nz: folds 
Uncalled bet ($0.06) returned to amerycanin
amerycanin collected $0.13 from pot
amerycanin: doesn't show hand 
*** SUMMARY ***
Total pot $0.13 | Rake $0 
Board [6c 2h Jc 9h]
Seat 2: Shahta-16 (small blind) folded before Flop
Seat 3: amerycanin (big blind) collected ($0.13)
Seat 4: 415bigb folded on the Turn
Seat 5: Dorex2007 folded before Flop (didn't bet)
Seat 6: Inc4ognito folded before Flop (didn't bet)
Seat 7: harry nz folded on the Turn
Seat 8: Andrushmeer folded before Flop (didn't bet)
Seat 9: 0poker3 (button) folded before Flop (didn't bet)



PokerStars Hand #230263990482:  Hold'em No Limit ($0.01/$0.02 USD) - 2021/09/30 22:39:11 PT [2021/10/01 1:39:11 ET]
Table 'Newell' 9-max Seat #2 is the button
Seat 2: Shahta-16 ($3.34 in chips) 
Seat 3: amerycanin ($1.56 in chips) 
Seat 4: 415bigb ($1.37 in chips) 
Seat 5: Dorex2007 ($3.28 in chips) 
Seat 6: Inc4ognito ($2 in chips) 
Seat 7: harry nz ($1.95 in chips) 
Seat 8: Andrushmeer ($1.61 in chips) 
Seat 9: 0poker3 ($1.97 in chips) 
amerycanin: posts small blind $0.01
415bigb: posts big blind $0.02
*** HOLE CARDS ***
Dealt to Dorex2007 [Ac 4c]
Dorex2007: folds 
Inc4ognito: folds 
harry nz: folds 
Andrushmeer: raises $0.02 to $0.04
0poker3: folds 
Shahta-16: calls $0.04
amerycanin: calls $0.03
415bigb: calls $0.02
*** FLOP *** [7c 5d 6c]
abufirs is disconnected 
amerycanin: checks 
415bigb: checks 
Andrushmeer: bets $0.02
Shahta-16: calls $0.02
amerycanin: raises $0.14 to $0.16
415bigb: folds 
Andrushmeer: folds 
Shahta-16: folds 
Uncalled bet ($0.14) returned to amerycanin
amerycanin collected $0.21 from pot
amerycanin: doesn't show hand 
*** SUMMARY ***
Total pot $0.22 | Rake $0.01 
Board [7c 5d 6c]
Seat 2: Shahta-16 (button) folded on the Flop
Seat 3: amerycanin (small blind) collected ($0.21)
Seat 4: 415bigb (big blind) folded on the Flop
Seat 5: Dorex2007 folded before Flop (didn't bet)
Seat 6: Inc4ognito folded before Flop (didn't bet)
Seat 7: harry nz folded before Flop (didn't bet)
Seat 8: Andrushmeer folded on the Flop
Seat 9: 0poker3 folded before Flop (didn't bet)



PokerStars Hand #230263996319:  Hold'em No Limit ($0.01/$0.02 USD) - 2021/09/30 22:40:00 PT [2021/10/01 1:40:00 ET]
Table 'Newell' 9-max Seat #3 is the button
Seat 2: Shahta-16 ($3.28 in chips) 
Seat 3: amerycanin ($1.71 in chips) 
Seat 4: 415bigb ($1.33 in chips) 
Seat 5: Dorex2007 ($3.28 in chips) 
Seat 6: Inc4ognito ($2 in chips) 
Seat 7: harry nz ($1.95 in chips) 
Seat 8: Andrushmeer ($1.55 in chips) 
Seat 9: 0poker3 ($1.97 in chips) 
415bigb: posts small blind $0.01
Dorex2007: posts big blind $0.02
*** HOLE CARDS ***
Dealt to Dorex2007 [Jd 2h]
Inc4ognito: folds 
harry nz: folds 
Andrushmeer: folds 
0poker3: raises $0.04 to $0.06
Shahta-16: calls $0.06
amerycanin: calls $0.06
415bigb: calls $0.05
Dorex2007: folds 
*** FLOP *** [7d 9s As]
415bigb: checks 
0poker3: checks 
Shahta-16: bets $0.19
amerycanin: calls $0.19
415bigb: calls $0.19
0poker3: folds 
*** TURN *** [7d 9s As] [3c]
415bigb: checks 
Shahta-16: bets $0.24
amerycanin: folds 
415bigb: calls $0.24
*** RIVER *** [7d 9s As 3c] [6h]
415bigb: checks 
Shahta-16: checks 
*** SHOW DOWN ***
415bigb: shows [8d Td] (a straight, Six to Ten)
Shahta-16: mucks hand 
415bigb collected $1.26 from pot
*** SUMMARY ***
Total pot $1.31 | Rake $0.05 
Board [7d 9s As 3c 6h]
Seat 2: Shahta-16 mucked [Ah Jh]
Seat 3: amerycanin (button) folded on the Turn
Seat 4: 415bigb (small blind) showed [8d Td] and won ($1.26) with a straight, Six to Ten
Seat 5: Dorex2007 (big blind) folded before Flop
Seat 6: Inc4ognito folded before Flop (didn't bet)
Seat 7: harry nz folded before Flop (didn't bet)
Seat 8: Andrushmeer folded before Flop (didn't bet)
Seat 9: 0poker3 folded on the Flop



PokerStars Hand #230264005965:  Hold'em No Limit ($0.01/$0.02 USD) - 2021/09/30 22:41:21 PT [2021/10/01 1:41:21 ET]
Table 'Newell' 9-max Seat #4 is the button
Seat 2: Shahta-16 ($2.79 in chips) 
Seat 3: amerycanin ($1.46 in chips) 
Seat 4: 415bigb ($2.10 in chips) 
Seat 5: Dorex2007 ($3.26 in chips) 
Seat 6: Inc4ognito ($2 in chips) 
Seat 7: harry nz ($1.95 in chips) 
Seat 8: Andrushmeer ($1.55 in chips) 
Seat 9: 0poker3 ($1.91 in chips) 
Dorex2007: posts small blind $0.01
Inc4ognito: posts big blind $0.02
*** HOLE CARDS ***
Dealt to Dorex2007 [5d 8c]
harry nz: folds 
Andrushmeer: raises $0.02 to $0.04
0poker3: folds 
Shahta-16: folds 
amerycanin: folds 
415bigb: calls $0.04
Dorex2007: folds 
Inc4ognito: calls $0.02
*** FLOP *** [4d 3d 7c]
Inc4ognito: checks 
Andrushmeer: bets $0.02
415bigb: folds 
Inc4ognito: calls $0.02
*** TURN *** [4d 3d 7c] [9s]
Inc4ognito: checks 
Andrushmeer: bets $0.08
abufirs is disconnected 
Inc4ognito: calls $0.08
*** RIVER *** [4d 3d 7c 9s] [Td]
Inc4ognito: checks 
Andrushmeer: checks 
*** SHOW DOWN ***
Inc4ognito: shows [Ad 7h] (a pair of Sevens)
Andrushmeer: shows [Ts Jd] (a pair of Tens)
Andrushmeer collected $0.32 from pot
*** SUMMARY ***
Total pot $0.33 | Rake $0.01 
Board [4d 3d 7c 9s Td]
Seat 2: Shahta-16 folded before Flop (didn't bet)
Seat 3: amerycanin folded before Flop (didn't bet)
Seat 4: 415bigb (button) folded on the Flop
Seat 5: Dorex2007 (small blind) folded before Flop
Seat 6: Inc4ognito (big blind) showed [Ad 7h] and lost with a pair of Sevens
Seat 7: harry nz folded before Flop (didn't bet)
Seat 8: Andrushmeer showed [Ts Jd] and won ($0.32) with a pair of Tens
Seat 9: 0poker3 folded before Flop (didn't bet)



PokerStars Hand #230264012947:  Hold'em No Limit ($0.01/$0.02 USD) - 2021/09/30 22:42:20 PT [2021/10/01 1:42:20 ET]
Table 'Newell' 9-max Seat #5 is the button
Seat 2: Shahta-16 ($2.79 in chips) 
Seat 3: amerycanin ($1.46 in chips) 
Seat 4: 415bigb ($2.06 in chips) 
Seat 5: Dorex2007 ($3.25 in chips) 
Seat 6: Inc4ognito ($2 in chips) 
Seat 7: harry nz ($1.95 in chips) 
Seat 8: Andrushmeer ($1.73 in chips) 
Seat 9: 0poker3 ($1.91 in chips) 
Inc4ognito: posts small blind $0.01
harry nz: posts big blind $0.02
*** HOLE CARDS ***
Dealt to Dorex2007 [7d Tc]
Andrushmeer: folds 
0poker3: calls $0.02
Shahta-16: folds 
amerycanin: raises $0.04 to $0.06
415bigb: folds 
Dorex2007: folds 
Inc4ognito: folds 
harry nz: folds 
0poker3: folds 
Uncalled bet ($0.04) returned to amerycanin
amerycanin collected $0.07 from pot
amerycanin: doesn't show hand 
*** SUMMARY ***
Total pot $0.07 | Rake $0 
Seat 2: Shahta-16 folded before Flop (didn't bet)
Seat 3: amerycanin collected ($0.07)
Seat 4: 415bigb folded before Flop (didn't bet)
Seat 5: Dorex2007 (button) folded before Flop (didn't bet)
Seat 6: Inc4ognito (small blind) folded before Flop
Seat 7: harry nz (big blind) folded before Flop
Seat 8: Andrushmeer folded before Flop (didn't bet)
Seat 9: 0poker3 folded before Flop



PokerStars Hand #230264017225:  Hold'em No Limit ($0.01/$0.02 USD) - 2021/09/30 22:42:55 PT [2021/10/01 1:42:55 ET]
Table 'Newell' 9-max Seat #6 is the button
Seat 2: Shahta-16 ($2.79 in chips) 
Seat 3: amerycanin ($1.51 in chips) 
Seat 4: 415bigb ($2.06 in chips) 
Seat 5: Dorex2007 ($3.25 in chips) 
Seat 6: Inc4ognito ($2 in chips) 
Seat 7: harry nz ($1.93 in chips) 
Seat 8: Andrushmeer ($1.73 in chips) 
Seat 9: 0poker3 ($1.89 in chips) 
harry nz: posts small blind $0.01
Andrushmeer: posts big blind $0.02
*** HOLE CARDS ***
Dealt to Dorex2007 [Qs Kc]
0poker3: folds 
Shahta-16: folds 
amerycanin: raises $0.04 to $0.06
415bigb: calls $0.06
Dorex2007: folds 
Inc4ognito: folds 
harry nz: folds 
Andrushmeer: calls $0.04
*** FLOP *** [Ah Jd 9c]
Andrushmeer: bets $0.09
amerycanin: calls $0.09
415bigb: calls $0.09
*** TURN *** [Ah Jd 9c] [9h]
Andrushmeer: bets $0.22
amerycanin: folds 
415bigb: folds 
Uncalled bet ($0.22) returned to Andrushmeer
Andrushmeer collected $0.44 from pot
Andrushmeer: doesn't show hand 
*** SUMMARY ***
Total pot $0.46 | Rake $0.02 
Board [Ah Jd 9c 9h]
Seat 2: Shahta-16 folded before Flop (didn't bet)
Seat 3: amerycanin folded on the Turn
Seat 4: 415bigb folded on the Turn
Seat 5: Dorex2007 folded before Flop (didn't bet)
Seat 6: Inc4ognito (button) folded before Flop (didn't bet)
Seat 7: harry nz (small blind) folded before Flop
Seat 8: Andrushmeer (big blind) collected ($0.44)
Seat 9: 0poker3 folded before Flop (didn't bet)



PokerStars Hand #230264024256:  Hold'em No Limit ($0.01/$0.02 USD) - 2021/09/30 22:43:53 PT [2021/10/01 1:43:53 ET]
Table 'Newell' 9-max Seat #7 is the button
Seat 2: Shahta-16 ($2.79 in chips) 
Seat 3: amerycanin ($1.36 in chips) 
Seat 4: 415bigb ($1.91 in chips) 
Seat 5: Dorex2007 ($3.25 in chips) 
Seat 6: Inc4ognito ($2 in chips) 
Seat 7: harry nz ($1.92 in chips) 
Seat 8: Andrushmeer ($2.02 in chips) 
Seat 9: 0poker3 ($1.89 in chips) 
Andrushmeer: posts small blind $0.01
0poker3: posts big blind $0.02
*** HOLE CARDS ***
Dealt to Dorex2007 [9s 7h]
Shahta-16: folds 
amerycanin: folds 
415bigb: folds 
Dorex2007: folds 
Inc4ognito: raises $0.03 to $0.05
harry nz: folds 
Andrushmeer: folds 
0poker3: folds 
Uncalled bet ($0.03) returned to Inc4ognito
Inc4ognito collected $0.05 from pot
Inc4ognito: doesn't show hand 
*** SUMMARY ***
Total pot $0.05 | Rake $0 
Seat 2: Shahta-16 folded before Flop (didn't bet)
Seat 3: amerycanin folded before Flop (didn't bet)
Seat 4: 415bigb folded before Flop (didn't bet)
Seat 5: Dorex2007 folded before Flop (didn't bet)
Seat 6: Inc4ognito collected ($0.05)
Seat 7: harry nz (button) folded before Flop (didn't bet)
Seat 8: Andrushmeer (small blind) folded before Flop
Seat 9: 0poker3 (big blind) folded before Flop



PokerStars Hand #230264027310:  Hold'em No Limit ($0.01/$0.02 USD) - 2021/09/30 22:44:18 PT [2021/10/01 1:44:18 ET]
Table 'Newell' 9-max Seat #8 is the button
Seat 2: Shahta-16 ($2.79 in chips) 
Seat 3: amerycanin ($1.36 in chips) 
Seat 4: 415bigb ($1.91 in chips) 
Seat 5: Dorex2007 ($3.25 in chips) 
Seat 6: Inc4ognito ($2.03 in chips) 
Seat 7: harry nz ($1.92 in chips) 
Seat 8: Andrushmeer ($2.01 in chips) 
Seat 9: 0poker3 ($1.87 in chips) 
0poker3: posts small blind $0.01
Shahta-16: posts big blind $0.02
*** HOLE CARDS ***
Dealt to Dorex2007 [Tc 4s]
amerycanin: folds 
415bigb: calls $0.02
Dorex2007: folds 
Inc4ognito: calls $0.02
harry nz: calls $0.02
Andrushmeer: calls $0.02
0poker3: calls $0.01
Shahta-16: checks 
*** FLOP *** [6h 6s Ac]
0poker3: checks 
Shahta-16: checks 
415bigb: checks 
Inc4ognito: checks 
harry nz: bets $0.02
Andrushmeer: folds 
0poker3: calls $0.02
Shahta-16: folds 
415bigb: folds 
Inc4ognito: folds 
*** TURN *** [6h 6s Ac] [Td]
0poker3: checks 
harry nz: bets $0.02
0poker3: raises $0.04 to $0.06
harry nz: calls $0.04
*** RIVER *** [6h 6s Ac Td] [Js]
0poker3: bets $1.14
harry nz: calls $1.14
*** SHOW DOWN ***
0poker3: shows [9d 6c] (three of a kind, Sixes)
harry nz: mucks hand 
0poker3 collected $2.47 from pot
*** SUMMARY ***
Total pot $2.56 | Rake $0.09 
Board [6h 6s Ac Td Js]
Seat 2: Shahta-16 (big blind) folded on the Flop
Seat 3: amerycanin folded before Flop (didn't bet)
Seat 4: 415bigb folded on the Flop
Seat 5: Dorex2007 folded before Flop (didn't bet)
Seat 6: Inc4ognito folded on the Flop
Seat 7: harry nz mucked [As 4d]
Seat 8: Andrushmeer (button) folded on the Flop
Seat 9: 0poker3 (small blind) showed [9d 6c] and won ($2.47) with three of a kind, Sixes



PokerStars Hand #230264037942:  Hold'em No Limit ($0.01/$0.02 USD) - 2021/09/30 22:45:46 PT [2021/10/01 1:45:46 ET]
Table 'Newell' 9-max Seat #9 is the button
Seat 2: Shahta-16 ($2.77 in chips) 
Seat 3: amerycanin ($1.36 in chips) 
Seat 4: 415bigb ($1.89 in chips) 
Seat 5: Dorex2007 ($3.25 in chips) 
Seat 6: Inc4ognito ($2.01 in chips) 
Seat 7: harry nz ($0.68 in chips) 
Seat 8: Andrushmeer ($1.99 in chips) 
Seat 9: 0poker3 ($3.10 in chips) 
Shahta-16: posts small blind $0.01
amerycanin: posts big blind $0.02
*** HOLE CARDS ***
Dealt to Dorex2007 [2d Tc]
415bigb: folds 
Dorex2007: folds 
Inc4ognito: folds 
harry nz: folds 
Andrushmeer: folds 
0poker3: raises $0.04 to $0.06
Shahta-16: raises $0.12 to $0.18
amerycanin: calls $0.16
0poker3: calls $0.12
*** FLOP *** [Js 6s 8h]
Shahta-16: checks 
amerycanin: bets $0.26
0poker3: calls $0.26
Shahta-16: folds 
*** TURN *** [Js 6s 8h] [Kd]
amerycanin: bets $0.92 and is all-in
0poker3: calls $0.92
*** RIVER *** [Js 6s 8h Kd] [8d]
*** SHOW DOWN ***
amerycanin: shows [Ah Kh] (two pair, Kings and Eights)
0poker3: shows [Jd Qd] (two pair, Jacks and Eights)
amerycanin collected $2.80 from pot
*** SUMMARY ***
Total pot $2.90 | Rake $0.10 
Board [Js 6s 8h Kd 8d]
Seat 2: Shahta-16 (small blind) folded on the Flop
Seat 3: amerycanin (big blind) showed [Ah Kh] and won ($2.80) with two pair, Kings and Eights
Seat 4: 415bigb folded before Flop (didn't bet)
Seat 5: Dorex2007 folded before Flop (didn't bet)
Seat 6: Inc4ognito folded before Flop (didn't bet)
Seat 7: harry nz folded before Flop (didn't bet)
Seat 8: Andrushmeer folded before Flop (didn't bet)
Seat 9: 0poker3 (button) showed [Jd Qd] and lost with two pair, Jacks and Eights



PokerStars Hand #230264047847:  Hold'em No Limit ($0.01/$0.02 USD) - 2021/09/30 22:47:07 PT [2021/10/01 1:47:07 ET]
Table 'Newell' 9-max Seat #2 is the button
Seat 2: Shahta-16 ($2.59 in chips) 
Seat 3: amerycanin ($2.80 in chips) 
Seat 4: 415bigb ($1.89 in chips) 
Seat 5: Dorex2007 ($3.25 in chips) 
Seat 6: Inc4ognito ($2.01 in chips) 
Seat 7: harry nz ($0.68 in chips) 
Seat 8: Andrushmeer ($1.99 in chips) 
Seat 9: 0poker3 ($1.74 in chips) 
amerycanin: posts small blind $0.01
415bigb: posts big blind $0.02
*** HOLE CARDS ***
Dealt to Dorex2007 [9h 6d]
Dorex2007: folds 
Inc4ognito: raises $0.02 to $0.04
harry nz: folds 
Andrushmeer: calls $0.04
0poker3: folds 
Shahta-16: folds 
amerycanin: calls $0.03
415bigb: folds 
*** FLOP *** [3h 5d 6h]
amerycanin: checks 
Inc4ognito: checks 
Andrushmeer: bets $0.04
amerycanin: calls $0.04
Inc4ognito: folds 
*** TURN *** [3h 5d 6h] [4h]
amerycanin: bets $0.06
Andrushmeer: calls $0.06
*** RIVER *** [3h 5d 6h 4h] [6c]
amerycanin: checks 
Andrushmeer: checks 
*** SHOW DOWN ***
amerycanin: shows [2h As] (a straight, Deuce to Six)
Andrushmeer: mucks hand 
amerycanin collected $0.33 from pot
*** SUMMARY ***
Total pot $0.34 | Rake $0.01 
Board [3h 5d 6h 4h 6c]
Seat 2: Shahta-16 (button) folded before Flop (didn't bet)
Seat 3: amerycanin (small blind) showed [2h As] and won ($0.33) with a straight, Deuce to Six
Seat 4: 415bigb (big blind) folded before Flop
Seat 5: Dorex2007 folded before Flop (didn't bet)
Seat 6: Inc4ognito folded on the Flop
Seat 7: harry nz folded before Flop (didn't bet)
Seat 8: Andrushmeer mucked [Ad Kh]
Seat 9: 0poker3 folded before Flop (didn't bet)



PokerStars Hand #230264056923:  Hold'em No Limit ($0.01/$0.02 USD) - 2021/09/30 22:48:22 PT [2021/10/01 1:48:22 ET]
Table 'Newell' 9-max Seat #3 is the button
Seat 2: Shahta-16 ($2.59 in chips) 
Seat 3: amerycanin ($2.99 in chips) 
Seat 4: 415bigb ($1.87 in chips) 
Seat 5: Dorex2007 ($3.25 in chips) 
Seat 6: Inc4ognito ($2 in chips) 
Seat 7: harry nz ($0.68 in chips) 
Seat 8: Andrushmeer ($1.85 in chips) 
Seat 9: 0poker3 ($1.74 in chips) 
415bigb: posts small blind $0.01
Dorex2007: posts big blind $0.02
*** HOLE CARDS ***
Dealt to Dorex2007 [3d 9h]
Inc4ognito: folds 
harry nz: folds 
Andrushmeer: calls $0.02
0poker3: folds 
Shahta-16: raises $0.05 to $0.07
amerycanin: calls $0.07
415bigb: folds 
Dorex2007: folds 
Andrushmeer: calls $0.05
*** FLOP *** [4d Ac 5s]
Andrushmeer: bets $0.11
Shahta-16: calls $0.11
amerycanin: folds 
*** TURN *** [4d Ac 5s] [Td]
Andrushmeer: checks 
Shahta-16: bets $0.22
Andrushmeer: folds 
Uncalled bet ($0.22) returned to Shahta-16
Shahta-16 collected $0.44 from pot
*** SUMMARY ***
Total pot $0.46 | Rake $0.02 
Board [4d Ac 5s Td]
Seat 2: Shahta-16 collected ($0.44)
Seat 3: amerycanin (button) folded on the Flop
Seat 4: 415bigb (small blind) folded before Flop
Seat 5: Dorex2007 (big blind) folded before Flop
Seat 6: Inc4ognito folded before Flop (didn't bet)
Seat 7: harry nz folded before Flop (didn't bet)
Seat 8: Andrushmeer folded on the Turn
Seat 9: 0poker3 folded before Flop (didn't bet)



PokerStars Hand #230264065451:  Hold'em No Limit ($0.01/$0.02 USD) - 2021/09/30 22:49:31 PT [2021/10/01 1:49:31 ET]
Table 'Newell' 9-max Seat #4 is the button
Seat 2: Shahta-16 ($2.85 in chips) 
Seat 3: amerycanin ($2.92 in chips) 
Seat 4: 415bigb ($1.86 in chips) 
Seat 5: Dorex2007 ($3.23 in chips) 
Seat 6: Inc4ognito ($2 in chips) 
Seat 7: harry nz ($0.68 in chips) 
Seat 8: Andrushmeer ($1.67 in chips) 
Seat 9: 0poker3 ($1.74 in chips) 
Dorex2007: posts small blind $0.01
Inc4ognito: posts big blind $0.02
*** HOLE CARDS ***
Dealt to Dorex2007 [5d 7h]
harry nz: calls $0.02
Andrushmeer: raises $0.02 to $0.04
0poker3: calls $0.04
Shahta-16: folds 
amerycanin: folds 
415bigb: folds 
Dorex2007: folds 
Inc4ognito: folds 
harry nz: raises $0.08 to $0.12
Andrushmeer: calls $0.08
0poker3: calls $0.08
*** FLOP *** [6h Jc 6d]
harry nz: bets $0.56 and is all-in
Andrushmeer: folds 
0poker3: calls $0.56
*** TURN *** [6h Jc 6d] [9d]
*** RIVER *** [6h Jc 6d 9d] [7c]
*** SHOW DOWN ***
harry nz: shows [Ac Kh] (a pair of Sixes)
0poker3: shows [Js Kd] (two pair, Jacks and Sixes)
0poker3 collected $1.46 from pot
*** SUMMARY ***
Total pot $1.51 | Rake $0.05 
Board [6h Jc 6d 9d 7c]
Seat 2: Shahta-16 folded before Flop (didn't bet)
Seat 3: amerycanin folded before Flop (didn't bet)
Seat 4: 415bigb (button) folded before Flop (didn't bet)
Seat 5: Dorex2007 (small blind) folded before Flop
Seat 6: Inc4ognito (big blind) folded before Flop
Seat 7: harry nz showed [Ac Kh] and lost with a pair of Sixes
Seat 8: Andrushmeer folded on the Flop
Seat 9: 0poker3 showed [Js Kd] and won ($1.46) with two pair, Jacks and Sixes



PokerStars Hand #230264076687:  Hold'em No Limit ($0.01/$0.02 USD) - 2021/09/30 22:51:04 PT [2021/10/01 1:51:04 ET]
Table 'Newell' 9-max Seat #5 is the button
Seat 2: Shahta-16 ($2.85 in chips) 
Seat 3: amerycanin ($2.92 in chips) 
Seat 4: 415bigb ($1.86 in chips) 
Seat 5: Dorex2007 ($3.22 in chips) 
Seat 6: Inc4ognito ($2 in chips) 
Seat 8: Andrushmeer ($1.55 in chips) 
Seat 9: 0poker3 ($2.52 in chips) 
Inc4ognito: posts small blind $0.01
Andrushmeer: posts big blind $0.02
*** HOLE CARDS ***
Dealt to Dorex2007 [Jc Tc]
0poker3: folds 
Shahta-16: folds 
amerycanin: raises $0.04 to $0.06
415bigb: folds 
Dorex2007: calls $0.06
Inc4ognito: folds 
Andrushmeer: calls $0.04
*** FLOP *** [3d 3s 8s]
harry nz leaves the table
bloody55hawk joins the table at seat #7 
Andrushmeer: bets $0.09
amerycanin: raises $0.13 to $0.22
Dorex2007: folds 
0poker3 leaves the table
GreenApelsin joins the table at seat #9 
Andrushmeer: folds 
Uncalled bet ($0.13) returned to amerycanin
amerycanin collected $0.36 from pot
amerycanin: doesn't show hand 
*** SUMMARY ***
Total pot $0.37 | Rake $0.01 
Board [3d 3s 8s]
Seat 2: Shahta-16 folded before Flop (didn't bet)
Seat 3: amerycanin collected ($0.36)
Seat 4: 415bigb folded before Flop (didn't bet)
Seat 5: Dorex2007 (button) folded on the Flop
Seat 6: Inc4ognito (small blind) folded before Flop
Seat 8: Andrushmeer (big blind) folded on the Flop
Seat 9: 0poker3 folded before Flop (didn't bet)



PokerStars Hand #230264085543:  Hold'em No Limit ($0.01/$0.02 USD) - 2021/09/30 22:52:16 PT [2021/10/01 1:52:16 ET]
Table 'Newell' 9-max Seat #6 is the button
Seat 2: Shahta-16 ($2.85 in chips) 
Seat 3: amerycanin ($3.13 in chips) 
Seat 4: 415bigb ($1.86 in chips) 
Seat 5: Dorex2007 ($3.16 in chips) 
Seat 6: Inc4ognito ($2 in chips) 
Seat 8: Andrushmeer ($1.40 in chips) 
Seat 9: GreenApelsin ($2 in chips) 
Andrushmeer: posts small blind $0.01
GreenApelsin: posts big blind $0.02
*** HOLE CARDS ***
Dealt to Dorex2007 [8d 3s]
Shahta-16: folds 
amerycanin: folds 
415bigb: folds 
Dorex2007: folds 
Inc4ognito: raises $0.05 to $0.07
Andrushmeer: calls $0.06
GreenApelsin: folds 
*** FLOP *** [Jc Qc 9d]
Andrushmeer: checks 
Inc4ognito: bets $0.08
Andrushmeer: folds 
Uncalled bet ($0.08) returned to Inc4ognito
Inc4ognito collected $0.15 from pot
Inc4ognito: doesn't show hand 
*** SUMMARY ***
Total pot $0.16 | Rake $0.01 
Board [Jc Qc 9d]
Seat 2: Shahta-16 folded before Flop (didn't bet)
Seat 3: amerycanin folded before Flop (didn't bet)
Seat 4: 415bigb folded before Flop (didn't bet)
Seat 5: Dorex2007 folded before Flop (didn't bet)
Seat 6: Inc4ognito (button) collected ($0.15)
Seat 8: Andrushmeer (small blind) folded on the Flop
Seat 9: GreenApelsin (big blind) folded before Flop



PokerStars Hand #230264089974:  Hold'em No Limit ($0.01/$0.02 USD) - 2021/09/30 22:52:52 PT [2021/10/01 1:52:52 ET]
Table 'Newell' 9-max Seat #8 is the button
Seat 2: Shahta-16 ($2.85 in chips) 
Seat 4: 415bigb ($1.86 in chips) 
Seat 5: Dorex2007 ($3.16 in chips) 
Seat 6: Inc4ognito ($2.08 in chips) 
Seat 8: Andrushmeer ($1.33 in chips) 
Seat 9: GreenApelsin ($1.98 in chips) 
GreenApelsin: posts small blind $0.01
Shahta-16: posts big blind $0.02
*** HOLE CARDS ***
Dealt to Dorex2007 [5s Jh]
415bigb: raises $0.02 to $0.04
Dorex2007: folds 
Inc4ognito: folds 
Andrushmeer: folds 
GreenApelsin: folds 
Shahta-16: calls $0.02
*** FLOP *** [4d 9h Ts]
Shahta-16: checks 
415bigb: bets $0.04
Shahta-16: calls $0.04
*** TURN *** [4d 9h Ts] [Qs]
Shahta-16: checks 
415bigb: bets $0.16
Shahta-16: calls $0.16
*** RIVER *** [4d 9h Ts Qs] [Ac]
Shahta-16: checks 
415bigb: checks 
*** SHOW DOWN ***
Shahta-16: shows [Jd Ah] (a pair of Aces)
415bigb: mucks hand 
Shahta-16 collected $0.47 from pot
*** SUMMARY ***
Total pot $0.49 | Rake $0.02 
Board [4d 9h Ts Qs Ac]
Seat 2: Shahta-16 (big blind) showed [Jd Ah] and won ($0.47) with a pair of Aces
Seat 4: 415bigb mucked [5c Qc]
Seat 5: Dorex2007 folded before Flop (didn't bet)
Seat 6: Inc4ognito folded before Flop (didn't bet)
Seat 8: Andrushmeer (button) folded before Flop (didn't bet)
Seat 9: GreenApelsin (small blind) folded before Flop



PokerStars Hand #230264094092:  Hold'em No Limit ($0.01/$0.02 USD) - 2021/09/30 22:53:26 PT [2021/10/01 1:53:26 ET]
Table 'Newell' 9-max Seat #9 is the button
Seat 2: Shahta-16 ($3.08 in chips) 
Seat 5: Dorex2007 ($3.16 in chips) 
Seat 6: Inc4ognito ($2.08 in chips) 
Seat 8: Andrushmeer ($1.33 in chips) 
Seat 9: GreenApelsin ($1.97 in chips) 
Shahta-16: posts small blind $0.01
415bigb: is sitting out 
Dorex2007: posts big blind $0.02
*** HOLE CARDS ***
Dealt to Dorex2007 [7c 8h]
415bigb leaves the table
Inc4ognito: folds 
Andrushmeer: raises $0.02 to $0.04
John Antoni7 joins the table at seat #4 
GreenApelsin: calls $0.04
Shahta-16: raises $0.20 to $0.24
Dorex2007: folds 
Andrushmeer: raises $0.54 to $0.78
GreenApelsin: folds 
Shahta-16: raises $2.24 to $3.02
Andrushmeer: calls $0.55 and is all-in
Uncalled bet ($1.69) returned to Shahta-16
*** FLOP *** [Jh Td 2d]
*** TURN *** [Jh Td 2d] [Qd]
*** RIVER *** [Jh Td 2d Qd] [5h]
*** SHOW DOWN ***
Shahta-16: shows [Ah Kh] (a straight, Ten to Ace)
Andrushmeer: shows [As Ad] (a pair of Aces)
Shahta-16 collected $2.62 from pot
Andrushmeer cashed out the hand for $2.28 | Cash Out Fee $0.02
*** SUMMARY ***
Total pot $2.72 | Rake $0.10 
Board [Jh Td 2d Qd 5h]
Seat 2: Shahta-16 (small blind) showed [Ah Kh] and won ($2.62) with a straight, Ten to Ace
Seat 5: Dorex2007 (big blind) folded before Flop
Seat 6: Inc4ognito folded before Flop (didn't bet)
Seat 8: Andrushmeer showed [As Ad] and lost with a pair of Aces (cashed out).
Seat 9: GreenApelsin (button) folded before Flop



PokerStars Hand #230264100923:  Hold'em No Limit ($0.01/$0.02 USD) - 2021/09/30 22:54:22 PT [2021/10/01 1:54:22 ET]
Table 'Newell' 9-max Seat #2 is the button
Seat 2: Shahta-16 ($4.37 in chips) 
Seat 5: Dorex2007 ($3.14 in chips) 
Seat 6: Inc4ognito ($2.08 in chips) 
Seat 8: Andrushmeer ($2.28 in chips) 
Seat 9: GreenApelsin ($1.93 in chips) 
Dorex2007: posts small blind $0.01
Inc4ognito: posts big blind $0.02
*** HOLE CARDS ***
Dealt to Dorex2007 [6h 5d]
Andrushmeer: raises $0.02 to $0.04
GreenApelsin: folds 
Shahta-16: calls $0.04
Dorex2007: folds 
Inc4ognito: folds 
*** FLOP *** [3h Ks 8h]
Andrushmeer: bets $0.04
Shahta-16: folds 
Uncalled bet ($0.04) returned to Andrushmeer
Andrushmeer collected $0.11 from pot
*** SUMMARY ***
Total pot $0.11 | Rake $0 
Board [3h Ks 8h]
Seat 2: Shahta-16 (button) folded on the Flop
Seat 5: Dorex2007 (small blind) folded before Flop
Seat 6: Inc4ognito (big blind) folded before Flop
Seat 8: Andrushmeer collected ($0.11)
Seat 9: GreenApelsin folded before Flop (didn't bet)



PokerStars Hand #230264104931:  Hold'em No Limit ($0.01/$0.02 USD) - 2021/09/30 22:54:54 PT [2021/10/01 1:54:54 ET]
Table 'Newell' 9-max Seat #5 is the button
Seat 2: Shahta-16 ($4.33 in chips) 
Seat 5: Dorex2007 ($3.13 in chips) 
Seat 6: Inc4ognito ($2.06 in chips) 
Seat 9: GreenApelsin ($1.93 in chips) 
Inc4ognito: posts small blind $0.01
Andrushmeer has timed out
Andrushmeer: is sitting out 
GreenApelsin: posts big blind $0.02
John Antoni7: sits out 
*** HOLE CARDS ***
Dealt to Dorex2007 [8d 2s]
Shahta-16: folds 
Dorex2007: folds 
Inc4ognito: raises $0.04 to $0.06
Andrushmeer is disconnected 
GreenApelsin: folds 
Uncalled bet ($0.04) returned to Inc4ognito
Inc4ognito collected $0.04 from pot
Inc4ognito: doesn't show hand 
*** SUMMARY ***
Total pot $0.04 | Rake $0 
Seat 2: Shahta-16 folded before Flop (didn't bet)
Seat 5: Dorex2007 (button) folded before Flop (didn't bet)
Seat 6: Inc4ognito (small blind) collected ($0.04)
Seat 9: GreenApelsin (big blind) folded before Flop



PokerStars Hand #230264107406:  Hold'em No Limit ($0.01/$0.02 USD) - 2021/09/30 22:55:17 PT [2021/10/01 1:55:17 ET]
Table 'Newell' 9-max Seat #6 is the button
Seat 2: Shahta-16 ($4.33 in chips) 
Seat 5: Dorex2007 ($3.13 in chips) 
Seat 6: Inc4ognito ($2.08 in chips) 
Seat 9: GreenApelsin ($1.91 in chips) 
GreenApelsin: posts small blind $0.01
Shahta-16: posts big blind $0.02
John Antoni7: sits out 
*** HOLE CARDS ***
Dealt to Dorex2007 [Kc Td]
amerycanin leaves the table
Dorex2007: raises $0.04 to $0.06
Inc4ognito: raises $0.10 to $0.16
GreenApelsin: folds 
Shahta-16: folds 
Dorex2007: folds 
Uncalled bet ($0.10) returned to Inc4ognito
Inc4ognito collected $0.15 from pot
abufirs leaves the table
Inc4ognito: doesn't show hand 
*** SUMMARY ***
Total pot $0.15 | Rake $0 
Seat 2: Shahta-16 (big blind) folded before Flop
Seat 5: Dorex2007 folded before Flop
Seat 6: Inc4ognito (button) collected ($0.15)
Seat 9: GreenApelsin (small blind) folded before Flop



