PokerStars Hand #231074384226:  Hold'em No Limit ($0.01/$0.02 USD) - 2021/11/01 19:37:25 PT [2021/11/01 22:37:25 ET]
Table 'Lehigh II' 9-max Seat #8 is the button
Seat 1: cbenite97 ($2.38 in chips) 
Seat 3: guto81 ($1.94 in chips) 
Seat 5: TIQM ($2.18 in chips) 
Seat 6: Escobar19198 ($1.13 in chips) 
Seat 7: Dorex2007 ($2 in chips) 
Seat 8: rjeg333 ($0.13 in chips) 
Seat 9: nadokesh ($2.04 in chips) 
nadokesh: posts small blind $0.01
cbenite97: posts big blind $0.02
mad0max75: sits out 
Dorex2007: posts big blind $0.02
*** HOLE CARDS ***
Dealt to Dorex2007 [9d Td]
guto81: folds 
TIQM: folds 
Escobar19198: folds 
Dorex2007: raises $0.04 to $0.06
rjeg333: folds 
nadokesh: calls $0.05
cbenite97: folds 
*** FLOP *** [Jh 4s 5s]
nadokesh: checks 
Dorex2007: bets $0.07
nadokesh: folds 
Uncalled bet ($0.07) returned to Dorex2007
Dorex2007 collected $0.14 from pot
Dorex2007: doesn't show hand 
*** SUMMARY ***
Total pot $0.14 | Rake $0 
Board [Jh 4s 5s]
Seat 1: cbenite97 (big blind) folded before Flop
Seat 3: guto81 folded before Flop (didn't bet)
Seat 5: TIQM folded before Flop (didn't bet)
Seat 6: Escobar19198 folded before Flop (didn't bet)
Seat 7: Dorex2007 collected ($0.14)
Seat 8: rjeg333 (button) folded before Flop (didn't bet)
Seat 9: nadokesh (small blind) folded on the Flop



PokerStars Hand #231074390342:  Hold'em No Limit ($0.01/$0.02 USD) - 2021/11/01 19:37:55 PT [2021/11/01 22:37:55 ET]
Table 'Lehigh II' 9-max Seat #9 is the button
Seat 1: cbenite97 ($2.36 in chips) 
Seat 2: mad0max75 ($3.29 in chips) 
Seat 3: guto81 ($1.94 in chips) 
Seat 5: TIQM ($2.18 in chips) 
Seat 6: Escobar19198 ($1.13 in chips) 
Seat 7: Dorex2007 ($2.08 in chips) 
Seat 8: rjeg333 ($0.13 in chips) 
Seat 9: nadokesh ($2 in chips) 
cbenite97: posts small blind $0.01
mad0max75: posts big blind $0.02
*** HOLE CARDS ***
Dealt to Dorex2007 [4d Jc]
samuel144 joins the table at seat #4 
guto81: folds 
TIQM: folds 
Escobar19198: folds 
Dorex2007: folds 
rjeg333: folds 
nadokesh: folds 
cbenite97: folds 
Uncalled bet ($0.01) returned to mad0max75
mad0max75 collected $0.02 from pot
mad0max75: doesn't show hand 
*** SUMMARY ***
Total pot $0.02 | Rake $0 
Seat 1: cbenite97 (small blind) folded before Flop
Seat 2: mad0max75 (big blind) collected ($0.02)
Seat 3: guto81 folded before Flop (didn't bet)
Seat 5: TIQM folded before Flop (didn't bet)
Seat 6: Escobar19198 folded before Flop (didn't bet)
Seat 7: Dorex2007 folded before Flop (didn't bet)
Seat 8: rjeg333 folded before Flop (didn't bet)
Seat 9: nadokesh (button) folded before Flop (didn't bet)



PokerStars Hand #231074393574:  Hold'em No Limit ($0.01/$0.02 USD) - 2021/11/01 19:38:12 PT [2021/11/01 22:38:12 ET]
Table 'Lehigh II' 9-max Seat #1 is the button
Seat 1: cbenite97 ($2.35 in chips) 
Seat 2: mad0max75 ($3.30 in chips) 
Seat 3: guto81 ($1.94 in chips) 
Seat 4: samuel144 ($1.60 in chips) 
Seat 5: TIQM ($2.18 in chips) 
Seat 6: Escobar19198 ($1.13 in chips) 
Seat 7: Dorex2007 ($2.08 in chips) 
Seat 8: rjeg333 ($0.13 in chips) 
Seat 9: nadokesh ($2 in chips) 
mad0max75: posts small blind $0.01
guto81: posts big blind $0.02
samuel144: posts big blind $0.02
*** HOLE CARDS ***
Dealt to Dorex2007 [5d 4s]
samuel144: checks 
TIQM: folds 
Escobar19198: raises $0.02 to $0.04
Dorex2007: folds 
rjeg333: folds 
nadokesh: folds 
cbenite97: folds 
mad0max75: folds 
guto81: folds 
samuel144: calls $0.02
*** FLOP *** [5h 3s Kc]
samuel144: checks 
Escobar19198: checks 
*** TURN *** [5h 3s Kc] [7h]
samuel144: checks 
Escobar19198: checks 
*** RIVER *** [5h 3s Kc 7h] [6s]
samuel144: checks 
Escobar19198: checks 
*** SHOW DOWN ***
samuel144: shows [Ad Th] (high card Ace)
Escobar19198: mucks hand 
samuel144 collected $0.11 from pot
*** SUMMARY ***
Total pot $0.11 | Rake $0 
Board [5h 3s Kc 7h 6s]
Seat 1: cbenite97 (button) folded before Flop (didn't bet)
Seat 2: mad0max75 (small blind) folded before Flop
Seat 3: guto81 (big blind) folded before Flop
Seat 4: samuel144 showed [Ad Th] and won ($0.11) with high card Ace
Seat 5: TIQM folded before Flop (didn't bet)
Seat 6: Escobar19198 mucked [9d Td]
Seat 7: Dorex2007 folded before Flop (didn't bet)
Seat 8: rjeg333 folded before Flop (didn't bet)
Seat 9: nadokesh folded before Flop (didn't bet)



PokerStars Hand #231074401403:  Hold'em No Limit ($0.01/$0.02 USD) - 2021/11/01 19:38:52 PT [2021/11/01 22:38:52 ET]
Table 'Lehigh II' 9-max Seat #2 is the button
Seat 1: cbenite97 ($2.35 in chips) 
Seat 2: mad0max75 ($3.29 in chips) 
Seat 3: guto81 ($1.92 in chips) 
Seat 4: samuel144 ($1.67 in chips) 
Seat 5: TIQM ($2.18 in chips) 
Seat 6: Escobar19198 ($1.09 in chips) 
Seat 7: Dorex2007 ($2.08 in chips) 
Seat 8: rjeg333 ($0.13 in chips) 
Seat 9: nadokesh ($2 in chips) 
guto81: posts small blind $0.01
samuel144: posts big blind $0.02
*** HOLE CARDS ***
Dealt to Dorex2007 [9h 8c]
TIQM: folds 
Escobar19198: raises $0.02 to $0.04
Dorex2007: folds 
rjeg333: folds 
nadokesh: folds 
cbenite97: raises $0.08 to $0.12
mad0max75: folds 
guto81: folds 
samuel144: folds 
Escobar19198: raises $0.08 to $0.20
cbenite97: calls $0.08
*** FLOP *** [5d Kd 5s]
Escobar19198: bets $0.06
cbenite97: calls $0.06
*** TURN *** [5d Kd 5s] [6s]
Escobar19198: bets $0.04
cbenite97: calls $0.04
*** RIVER *** [5d Kd 5s 6s] [2s]
Escobar19198: bets $0.10
cbenite97: calls $0.10
*** SHOW DOWN ***
Escobar19198: shows [8s 8d] (two pair, Eights and Fives)
cbenite97: mucks hand 
Escobar19198 collected $0.79 from pot
*** SUMMARY ***
Total pot $0.83 | Rake $0.04 
Board [5d Kd 5s 6s 2s]
Seat 1: cbenite97 mucked [Ac Jc]
Seat 2: mad0max75 (button) folded before Flop (didn't bet)
Seat 3: guto81 (small blind) folded before Flop
Seat 4: samuel144 (big blind) folded before Flop
Seat 5: TIQM folded before Flop (didn't bet)
Seat 6: Escobar19198 showed [8s 8d] and won ($0.79) with two pair, Eights and Fives
Seat 7: Dorex2007 folded before Flop (didn't bet)
Seat 8: rjeg333 folded before Flop (didn't bet)
Seat 9: nadokesh folded before Flop (didn't bet)



PokerStars Hand #231074414466:  Hold'em No Limit ($0.01/$0.02 USD) - 2021/11/01 19:39:57 PT [2021/11/01 22:39:57 ET]
Table 'Lehigh II' 9-max Seat #3 is the button
Seat 1: cbenite97 ($1.95 in chips) 
Seat 2: mad0max75 ($3.29 in chips) 
Seat 3: guto81 ($1.91 in chips) 
Seat 4: samuel144 ($1.65 in chips) 
Seat 5: TIQM ($2.18 in chips) 
Seat 6: Escobar19198 ($1.48 in chips) 
Seat 7: Dorex2007 ($2.08 in chips) 
Seat 8: rjeg333 ($0.13 in chips) 
Seat 9: nadokesh ($2 in chips) 
samuel144: posts small blind $0.01
TIQM: posts big blind $0.02
*** HOLE CARDS ***
Dealt to Dorex2007 [Tc 3h]
Escobar19198: calls $0.02
Dorex2007: folds 
rjeg333: folds 
nadokesh: folds 
cbenite97: raises $0.04 to $0.06
mad0max75: folds 
guto81: folds 
samuel144: calls $0.05
TIQM: folds 
Escobar19198: calls $0.04
*** FLOP *** [4s 2d 7h]
samuel144: bets $0.19
Escobar19198: folds 
cbenite97: folds 
Uncalled bet ($0.19) returned to samuel144
samuel144 collected $0.19 from pot
samuel144: doesn't show hand 
*** SUMMARY ***
Total pot $0.20 | Rake $0.01 
Board [4s 2d 7h]
Seat 1: cbenite97 folded on the Flop
Seat 2: mad0max75 folded before Flop (didn't bet)
Seat 3: guto81 (button) folded before Flop (didn't bet)
Seat 4: samuel144 (small blind) collected ($0.19)
Seat 5: TIQM (big blind) folded before Flop
Seat 6: Escobar19198 folded on the Flop
Seat 7: Dorex2007 folded before Flop (didn't bet)
Seat 8: rjeg333 folded before Flop (didn't bet)
Seat 9: nadokesh folded before Flop (didn't bet)



PokerStars Hand #231074423860:  Hold'em No Limit ($0.01/$0.02 USD) - 2021/11/01 19:40:44 PT [2021/11/01 22:40:44 ET]
Table 'Lehigh II' 9-max Seat #4 is the button
Seat 1: cbenite97 ($1.89 in chips) 
Seat 2: mad0max75 ($3.29 in chips) 
Seat 3: guto81 ($1.91 in chips) 
Seat 4: samuel144 ($1.78 in chips) 
Seat 5: TIQM ($2.16 in chips) 
Seat 6: Escobar19198 ($1.42 in chips) 
Seat 7: Dorex2007 ($2.08 in chips) 
Seat 8: rjeg333 ($0.13 in chips) 
Seat 9: nadokesh ($2 in chips) 
TIQM: posts small blind $0.01
Escobar19198: posts big blind $0.02
*** HOLE CARDS ***
Dealt to Dorex2007 [5h 9s]
Dorex2007: folds 
rjeg333: folds 
nadokesh: folds 
cbenite97: folds 
mad0max75: raises $0.04 to $0.06
guto81: folds 
samuel144: folds 
TIQM: folds 
Escobar19198: raises $0.04 to $0.10
mad0max75: calls $0.04
*** FLOP *** [6d 6c 2s]
Escobar19198: bets $0.02
mad0max75: calls $0.02
*** TURN *** [6d 6c 2s] [Qd]
Escobar19198: bets $0.10
mad0max75: calls $0.10
*** RIVER *** [6d 6c 2s Qd] [Th]
Escobar19198: bets $0.02
mad0max75: raises $0.18 to $0.20
Escobar19198: calls $0.18
*** SHOW DOWN ***
mad0max75: shows [Td 9d] (two pair, Tens and Sixes)
Escobar19198: mucks hand 
mad0max75 collected $0.82 from pot
*** SUMMARY ***
Total pot $0.85 | Rake $0.03 
Board [6d 6c 2s Qd Th]
Seat 1: cbenite97 folded before Flop (didn't bet)
Seat 2: mad0max75 showed [Td 9d] and won ($0.82) with two pair, Tens and Sixes
Seat 3: guto81 folded before Flop (didn't bet)
Seat 4: samuel144 (button) folded before Flop (didn't bet)
Seat 5: TIQM (small blind) folded before Flop
Seat 6: Escobar19198 (big blind) mucked [7s 7c]
Seat 7: Dorex2007 folded before Flop (didn't bet)
Seat 8: rjeg333 folded before Flop (didn't bet)
Seat 9: nadokesh folded before Flop (didn't bet)



PokerStars Hand #231074436644:  Hold'em No Limit ($0.01/$0.02 USD) - 2021/11/01 19:41:48 PT [2021/11/01 22:41:48 ET]
Table 'Lehigh II' 9-max Seat #5 is the button
Seat 1: cbenite97 ($1.89 in chips) 
Seat 2: mad0max75 ($3.69 in chips) 
Seat 3: guto81 ($1.91 in chips) 
Seat 4: samuel144 ($1.78 in chips) 
Seat 5: TIQM ($2.15 in chips) 
Seat 6: Escobar19198 ($1 in chips) 
Seat 7: Dorex2007 ($2.08 in chips) 
Seat 8: rjeg333 ($0.13 in chips) 
Seat 9: nadokesh ($2 in chips) 
Escobar19198: posts small blind $0.01
Dorex2007: posts big blind $0.02
*** HOLE CARDS ***
Dealt to Dorex2007 [2h Qd]
rjeg333: folds 
nadokesh: folds 
cbenite97: folds 
mad0max75: folds 
guto81: folds 
samuel144: folds 
TIQM: folds 
Escobar19198: folds 
Uncalled bet ($0.01) returned to Dorex2007
Dorex2007 collected $0.02 from pot
Dorex2007: doesn't show hand 
*** SUMMARY ***
Total pot $0.02 | Rake $0 
Seat 1: cbenite97 folded before Flop (didn't bet)
Seat 2: mad0max75 folded before Flop (didn't bet)
Seat 3: guto81 folded before Flop (didn't bet)
Seat 4: samuel144 folded before Flop (didn't bet)
Seat 5: TIQM (button) folded before Flop (didn't bet)
Seat 6: Escobar19198 (small blind) folded before Flop
Seat 7: Dorex2007 (big blind) collected ($0.02)
Seat 8: rjeg333 folded before Flop (didn't bet)
Seat 9: nadokesh folded before Flop (didn't bet)



PokerStars Hand #231074439902:  Hold'em No Limit ($0.01/$0.02 USD) - 2021/11/01 19:42:04 PT [2021/11/01 22:42:04 ET]
Table 'Lehigh II' 9-max Seat #6 is the button
Seat 1: cbenite97 ($1.89 in chips) 
Seat 2: mad0max75 ($3.69 in chips) 
Seat 3: guto81 ($1.91 in chips) 
Seat 4: samuel144 ($1.78 in chips) 
Seat 5: TIQM ($2.15 in chips) 
Seat 6: Escobar19198 ($0.99 in chips) 
Seat 7: Dorex2007 ($2.09 in chips) 
Seat 8: rjeg333 ($0.13 in chips) 
Seat 9: nadokesh ($2 in chips) 
Dorex2007: posts small blind $0.01
rjeg333: posts big blind $0.02
*** HOLE CARDS ***
Dealt to Dorex2007 [5s 4h]
nadokesh: folds 
cbenite97: folds 
mad0max75: folds 
guto81: raises $0.02 to $0.04
samuel144: folds 
TIQM: folds 
Escobar19198: folds 
Dorex2007: folds 
rjeg333: calls $0.02
*** FLOP *** [8h 8d As]
rjeg333: checks 
guto81: checks 
*** TURN *** [8h 8d As] [9s]
rjeg333: bets $0.09 and is all-in
guto81: calls $0.09
*** RIVER *** [8h 8d As 9s] [3h]
*** SHOW DOWN ***
rjeg333: shows [Ts 7d] (a pair of Eights)
guto81: shows [Jc 9c] (two pair, Nines and Eights)
guto81 collected $0.26 from pot
*** SUMMARY ***
Total pot $0.27 | Rake $0.01 
Board [8h 8d As 9s 3h]
Seat 1: cbenite97 folded before Flop (didn't bet)
Seat 2: mad0max75 folded before Flop (didn't bet)
Seat 3: guto81 showed [Jc 9c] and won ($0.26) with two pair, Nines and Eights
Seat 4: samuel144 folded before Flop (didn't bet)
Seat 5: TIQM folded before Flop (didn't bet)
Seat 6: Escobar19198 (button) folded before Flop (didn't bet)
Seat 7: Dorex2007 (small blind) folded before Flop
Seat 8: rjeg333 (big blind) showed [Ts 7d] and lost with a pair of Eights
Seat 9: nadokesh folded before Flop (didn't bet)



PokerStars Hand #231074455885:  Hold'em No Limit ($0.01/$0.02 USD) - 2021/11/01 19:43:03 PT [2021/11/01 22:43:03 ET]
Table 'Lehigh II' 9-max Seat #7 is the button
Seat 1: cbenite97 ($1.89 in chips) 
Seat 2: mad0max75 ($3.69 in chips) 
Seat 3: guto81 ($2.04 in chips) 
Seat 4: samuel144 ($1.78 in chips) 
Seat 5: TIQM ($2.15 in chips) 
Seat 6: Escobar19198 ($0.99 in chips) 
Seat 7: Dorex2007 ($2.08 in chips) 
Seat 9: nadokesh ($2 in chips) 
nadokesh: posts small blind $0.01
cbenite97: posts big blind $0.02
*** HOLE CARDS ***
Dealt to Dorex2007 [5h Ah]
mad0max75: folds 
guto81: folds 
samuel144: folds 
TIQM: folds 
Escobar19198: calls $0.02
Dorex2007: calls $0.02
nadokesh: folds 
cbenite97: checks 
*** FLOP *** [Qd Th 5c]
cbenite97: checks 
Escobar19198: checks 
Dorex2007: bets $0.05
cbenite97: calls $0.05
Escobar19198: folds 
*** TURN *** [Qd Th 5c] [Jh]
cbenite97: checks 
Dorex2007: bets $0.08
cbenite97: calls $0.08
*** RIVER *** [Qd Th 5c Jh] [Kh]
cbenite97: bets $0.16
Dorex2007: raises $0.22 to $0.38
cbenite97: calls $0.22
*** SHOW DOWN ***
Dorex2007: shows [5h Ah] (a flush, Ace high)
cbenite97: mucks hand 
Dorex2007 collected $1.05 from pot
*** SUMMARY ***
Total pot $1.09 | Rake $0.04 
Board [Qd Th 5c Jh Kh]
Seat 1: cbenite97 (big blind) mucked [9d 8d]
Seat 2: mad0max75 folded before Flop (didn't bet)
Seat 3: guto81 folded before Flop (didn't bet)
Seat 4: samuel144 folded before Flop (didn't bet)
Seat 5: TIQM folded before Flop (didn't bet)
Seat 6: Escobar19198 folded on the Flop
Seat 7: Dorex2007 (button) showed [5h Ah] and won ($1.05) with a flush, Ace high
Seat 9: nadokesh (small blind) folded before Flop



PokerStars Hand #231074469062:  Hold'em No Limit ($0.01/$0.02 USD) - 2021/11/01 19:44:11 PT [2021/11/01 22:44:11 ET]
Table 'Lehigh II' 9-max Seat #9 is the button
Seat 1: cbenite97 ($1.36 in chips) 
Seat 2: mad0max75 ($3.69 in chips) 
Seat 3: guto81 ($2.04 in chips) 
Seat 4: samuel144 ($1.78 in chips) 
Seat 5: TIQM ($2.15 in chips) 
Seat 6: Escobar19198 ($0.97 in chips) 
Seat 7: Dorex2007 ($2.60 in chips) 
Seat 8: rjeg333 ($2 in chips) 
Seat 9: nadokesh ($2 in chips) 
cbenite97: posts small blind $0.01
mad0max75: posts big blind $0.02
rjeg333: posts small blind $0.01
*** HOLE CARDS ***
Dealt to Dorex2007 [8h As]
guto81: folds 
samuel144: calls $0.02
TIQM: folds 
Escobar19198: raises $0.04 to $0.06
Dorex2007: folds 
rjeg333: folds 
nadokesh: folds 
cbenite97: calls $0.05
mad0max75: folds 
samuel144: calls $0.04
*** FLOP *** [2c 5s 9s]
cbenite97: bets $0.12
samuel144: folds 
Escobar19198: calls $0.12
*** TURN *** [2c 5s 9s] [Kd]
cbenite97: bets $0.22
Escobar19198: folds 
Uncalled bet ($0.22) returned to cbenite97
cbenite97 collected $0.43 from pot
cbenite97: doesn't show hand 
*** SUMMARY ***
Total pot $0.45 | Rake $0.02 
Board [2c 5s 9s Kd]
Seat 1: cbenite97 (small blind) collected ($0.43)
Seat 2: mad0max75 (big blind) folded before Flop
Seat 3: guto81 folded before Flop (didn't bet)
Seat 4: samuel144 folded on the Flop
Seat 5: TIQM folded before Flop (didn't bet)
Seat 6: Escobar19198 folded on the Turn
Seat 7: Dorex2007 folded before Flop (didn't bet)
Seat 8: rjeg333 folded before Flop (didn't bet)
Seat 9: nadokesh (button) folded before Flop (didn't bet)



PokerStars Hand #231074478051:  Hold'em No Limit ($0.01/$0.02 USD) - 2021/11/01 19:44:57 PT [2021/11/01 22:44:57 ET]
Table 'Lehigh II' 9-max Seat #1 is the button
Seat 1: cbenite97 ($1.61 in chips) 
Seat 2: mad0max75 ($3.67 in chips) 
Seat 3: guto81 ($2.04 in chips) 
Seat 4: samuel144 ($1.72 in chips) 
Seat 5: TIQM ($2.15 in chips) 
Seat 6: Escobar19198 ($0.79 in chips) 
Seat 7: Dorex2007 ($2.60 in chips) 
Seat 8: rjeg333 ($1.99 in chips) 
Seat 9: nadokesh ($2 in chips) 
mad0max75: posts small blind $0.01
guto81: posts big blind $0.02
*** HOLE CARDS ***
Dealt to Dorex2007 [Qh 7d]
samuel144: calls $0.02
TIQM: folds 
Escobar19198: folds 
Dorex2007: folds 
rjeg333: folds 
nadokesh: folds 
cbenite97: folds 
mad0max75: folds 
guto81: checks 
*** FLOP *** [Ks 9s 6c]
guto81: bets $0.02
samuel144: folds 
Uncalled bet ($0.02) returned to guto81
guto81 collected $0.05 from pot
guto81: doesn't show hand 
*** SUMMARY ***
Total pot $0.05 | Rake $0 
Board [Ks 9s 6c]
Seat 1: cbenite97 (button) folded before Flop (didn't bet)
Seat 2: mad0max75 (small blind) folded before Flop
Seat 3: guto81 (big blind) collected ($0.05)
Seat 4: samuel144 folded on the Flop
Seat 5: TIQM folded before Flop (didn't bet)
Seat 6: Escobar19198 folded before Flop (didn't bet)
Seat 7: Dorex2007 folded before Flop (didn't bet)
Seat 8: rjeg333 folded before Flop (didn't bet)
Seat 9: nadokesh folded before Flop (didn't bet)



PokerStars Hand #231074482796:  Hold'em No Limit ($0.01/$0.02 USD) - 2021/11/01 19:45:21 PT [2021/11/01 22:45:21 ET]
Table 'Lehigh II' 9-max Seat #2 is the button
Seat 1: cbenite97 ($1.61 in chips) 
Seat 2: mad0max75 ($3.66 in chips) 
Seat 3: guto81 ($2.07 in chips) 
Seat 4: samuel144 ($1.70 in chips) 
Seat 5: TIQM ($2.15 in chips) 
Seat 6: Escobar19198 ($0.79 in chips) 
Seat 7: Dorex2007 ($2.60 in chips) 
Seat 8: rjeg333 ($1.99 in chips) 
Seat 9: nadokesh ($2 in chips) 
guto81: posts small blind $0.01
samuel144: posts big blind $0.02
*** HOLE CARDS ***
Dealt to Dorex2007 [6d Th]
TIQM: folds 
Escobar19198: raises $0.02 to $0.04
Dorex2007: folds 
rjeg333: folds 
nadokesh: folds 
cbenite97: calls $0.04
mad0max75: folds 
TIQM leaves the table
guto81: folds 
samuel144: calls $0.02
*** FLOP *** [7d 3s 5h]
samuel144: checks 
Escobar19198: checks 
cbenite97: bets $0.04
samuel144: folds 
Escobar19198: folds 
Uncalled bet ($0.04) returned to cbenite97
cbenite97 collected $0.13 from pot
cbenite97: doesn't show hand 
*** SUMMARY ***
Total pot $0.13 | Rake $0 
Board [7d 3s 5h]
Seat 1: cbenite97 collected ($0.13)
Seat 2: mad0max75 (button) folded before Flop (didn't bet)
Seat 3: guto81 (small blind) folded before Flop
Seat 4: samuel144 (big blind) folded on the Flop
Seat 5: TIQM folded before Flop (didn't bet)
Seat 6: Escobar19198 folded on the Flop
Seat 7: Dorex2007 folded before Flop (didn't bet)
Seat 8: rjeg333 folded before Flop (didn't bet)
Seat 9: nadokesh folded before Flop (didn't bet)



PokerStars Hand #231074491482:  Hold'em No Limit ($0.01/$0.02 USD) - 2021/11/01 19:46:06 PT [2021/11/01 22:46:06 ET]
Table 'Lehigh II' 9-max Seat #3 is the button
Seat 1: cbenite97 ($1.70 in chips) 
Seat 2: mad0max75 ($3.66 in chips) 
Seat 3: guto81 ($2.06 in chips) 
Seat 4: samuel144 ($1.66 in chips) 
Seat 6: Escobar19198 ($0.75 in chips) 
Seat 7: Dorex2007 ($2.60 in chips) 
Seat 8: rjeg333 ($1.99 in chips) 
Seat 9: nadokesh ($2 in chips) 
samuel144: posts small blind $0.01
Escobar19198: posts big blind $0.02
*** HOLE CARDS ***
Dealt to Dorex2007 [4d Jh]
Dorex2007: folds 
rjeg333: folds 
nadokesh: folds 
cbenite97: raises $0.06 to $0.08
mad0max75: calls $0.08
guto81: folds 
samuel144: folds 
Escobar19198: raises $0.06 to $0.14
cbenite97: raises $0.16 to $0.30
mad0max75: folds 
Escobar19198: raises $0.16 to $0.46
cbenite97: raises $1.24 to $1.70 and is all-in
Escobar19198: calls $0.29 and is all-in
Uncalled bet ($0.95) returned to cbenite97
*** FLOP *** [Qd 9d Qc]
*** TURN *** [Qd 9d Qc] [7c]
*** RIVER *** [Qd 9d Qc 7c] [Kd]
*** SHOW DOWN ***
Escobar19198: shows [8d 8s] (two pair, Queens and Eights)
cbenite97: shows [Ad Ac] (two pair, Aces and Queens)
cbenite97 collected $1.53 from pot
*** SUMMARY ***
Total pot $1.59 | Rake $0.06 
Board [Qd 9d Qc 7c Kd]
Seat 1: cbenite97 showed [Ad Ac] and won ($1.53) with two pair, Aces and Queens
Seat 2: mad0max75 folded before Flop
Seat 3: guto81 (button) folded before Flop (didn't bet)
Seat 4: samuel144 (small blind) folded before Flop
Seat 6: Escobar19198 (big blind) showed [8d 8s] and lost with two pair, Queens and Eights
Seat 7: Dorex2007 folded before Flop (didn't bet)
Seat 8: rjeg333 folded before Flop (didn't bet)
Seat 9: nadokesh folded before Flop (didn't bet)



PokerStars Hand #231074503705:  Hold'em No Limit ($0.01/$0.02 USD) - 2021/11/01 19:47:10 PT [2021/11/01 22:47:10 ET]
Table 'Lehigh II' 9-max Seat #4 is the button
Seat 1: cbenite97 ($2.48 in chips) 
Seat 2: mad0max75 ($3.58 in chips) 
Seat 3: guto81 ($2.06 in chips) 
Seat 4: samuel144 ($1.65 in chips) 
Seat 7: Dorex2007 ($2.60 in chips) 
Seat 8: rjeg333 ($1.99 in chips) 
Seat 9: nadokesh ($2 in chips) 
Dorex2007: posts small blind $0.01
rjeg333: posts big blind $0.02
*** HOLE CARDS ***
Dealt to Dorex2007 [Tc Jc]
nadokesh: folds 
cbenite97: folds 
mad0max75: folds 
guto81: folds 
Escobar19198 leaves the table
samuel144: folds 
Dorex2007: raises $0.04 to $0.06
rjeg333: folds 
Uncalled bet ($0.04) returned to Dorex2007
Dorex2007 collected $0.04 from pot
Dorex2007: doesn't show hand 
*** SUMMARY ***
Total pot $0.04 | Rake $0 
Seat 1: cbenite97 folded before Flop (didn't bet)
Seat 2: mad0max75 folded before Flop (didn't bet)
Seat 3: guto81 folded before Flop (didn't bet)
Seat 4: samuel144 (button) folded before Flop (didn't bet)
Seat 7: Dorex2007 (small blind) collected ($0.04)
Seat 8: rjeg333 (big blind) folded before Flop
Seat 9: nadokesh folded before Flop (didn't bet)



PokerStars Hand #231074507769:  Hold'em No Limit ($0.01/$0.02 USD) - 2021/11/01 19:47:31 PT [2021/11/01 22:47:31 ET]
Table 'Lehigh II' 9-max Seat #7 is the button
Seat 1: cbenite97 ($2.48 in chips) 
Seat 2: mad0max75 ($3.58 in chips) 
Seat 3: guto81 ($2.06 in chips) 
Seat 4: samuel144 ($1.65 in chips) 
Seat 7: Dorex2007 ($2.62 in chips) 
Seat 8: rjeg333 ($1.97 in chips) 
Seat 9: nadokesh ($2 in chips) 
rjeg333: posts small blind $0.01
nadokesh: posts big blind $0.02
*** HOLE CARDS ***
Dealt to Dorex2007 [9s Td]
cbenite97: raises $0.04 to $0.06
mad0max75: folds 
guto81: calls $0.06
samuel144: folds 
Dorex2007: folds 
rjeg333: calls $0.05
nadokesh: folds 
*** FLOP *** [8s 8h Ks]
rjeg333: checks 
nelsongyn91 joins the table at seat #5 
cbenite97: checks 
guto81: bets $0.10
rjeg333: folds 
cbenite97: folds 
Uncalled bet ($0.10) returned to guto81
guto81 collected $0.19 from pot
guto81: doesn't show hand 
*** SUMMARY ***
Total pot $0.20 | Rake $0.01 
Board [8s 8h Ks]
Seat 1: cbenite97 folded on the Flop
Seat 2: mad0max75 folded before Flop (didn't bet)
Seat 3: guto81 collected ($0.19)
Seat 4: samuel144 folded before Flop (didn't bet)
Seat 7: Dorex2007 (button) folded before Flop (didn't bet)
Seat 8: rjeg333 (small blind) folded on the Flop
Seat 9: nadokesh (big blind) folded before Flop



PokerStars Hand #231074516021:  Hold'em No Limit ($0.01/$0.02 USD) - 2021/11/01 19:48:15 PT [2021/11/01 22:48:15 ET]
Table 'Lehigh II' 9-max Seat #8 is the button
Seat 1: cbenite97 ($2.42 in chips) 
Seat 2: mad0max75 ($3.58 in chips) 
Seat 3: guto81 ($2.19 in chips) 
Seat 4: samuel144 ($1.65 in chips) 
Seat 5: nelsongyn91 ($1.40 in chips) 
Seat 7: Dorex2007 ($2.62 in chips) 
Seat 8: rjeg333 ($1.91 in chips) 
Seat 9: nadokesh ($2 in chips) 
nadokesh: posts small blind $0.01
cbenite97: posts big blind $0.02
nelsongyn91: posts big blind $0.02
*** HOLE CARDS ***
Dealt to Dorex2007 [6h Qc]
mad0max75: folds 
guto81: folds 
samuel144: folds 
nelsongyn91: checks 
Dorex2007: folds 
mad0max75 leaves the table
rjeg333: raises $0.04 to $0.06
nadokesh: folds 
cbenite97: folds 
nelsongyn91: calls $0.04
*** FLOP *** [8h Qs 6s]
nelsongyn91: bets $0.06
rjeg333: calls $0.06
*** TURN *** [8h Qs 6s] [Jh]
nelsongyn91: checks 
rjeg333: checks 
*** RIVER *** [8h Qs 6s Jh] [7c]
nelsongyn91: bets $0.08
rjeg333: raises $0.12 to $0.20
nelsongyn91: folds 
Uncalled bet ($0.12) returned to rjeg333
rjeg333 collected $0.41 from pot
*** SUMMARY ***
Total pot $0.43 | Rake $0.02 
Board [8h Qs 6s Jh 7c]
Seat 1: cbenite97 (big blind) folded before Flop
Seat 2: mad0max75 folded before Flop (didn't bet)
Seat 3: guto81 folded before Flop (didn't bet)
Seat 4: samuel144 folded before Flop (didn't bet)
Seat 5: nelsongyn91 folded on the River
Seat 7: Dorex2007 folded before Flop (didn't bet)
Seat 8: rjeg333 (button) collected ($0.41)
Seat 9: nadokesh (small blind) folded before Flop



PokerStars Hand #231074525144:  Hold'em No Limit ($0.01/$0.02 USD) - 2021/11/01 19:49:03 PT [2021/11/01 22:49:03 ET]
Table 'Lehigh II' 9-max Seat #9 is the button
Seat 1: cbenite97 ($2.40 in chips) 
Seat 3: guto81 ($2.19 in chips) 
Seat 4: samuel144 ($1.65 in chips) 
Seat 5: nelsongyn91 ($1.20 in chips) 
Seat 7: Dorex2007 ($2.62 in chips) 
Seat 8: rjeg333 ($2.12 in chips) 
Seat 9: nadokesh ($2 in chips) 
cbenite97: posts small blind $0.01
guto81: posts big blind $0.02
*** HOLE CARDS ***
Dealt to Dorex2007 [Tc Kh]
samuel144: folds 
nelsongyn91: calls $0.02
Dorex2007: folds 
rjeg333: folds 
nadokesh: folds 
cbenite97: folds 
guto81: checks 
*** FLOP *** [8s 3h 7d]
guto81: checks 
nelsongyn91: bets $0.05
guto81: folds 
Uncalled bet ($0.05) returned to nelsongyn91
nelsongyn91 collected $0.05 from pot
nelsongyn91: doesn't show hand 
*** SUMMARY ***
Total pot $0.05 | Rake $0 
Board [8s 3h 7d]
Seat 1: cbenite97 (small blind) folded before Flop
Seat 3: guto81 (big blind) folded on the Flop
Seat 4: samuel144 folded before Flop (didn't bet)
Seat 5: nelsongyn91 collected ($0.05)
Seat 7: Dorex2007 folded before Flop (didn't bet)
Seat 8: rjeg333 folded before Flop (didn't bet)
Seat 9: nadokesh (button) folded before Flop (didn't bet)



PokerStars Hand #231074530027:  Hold'em No Limit ($0.01/$0.02 USD) - 2021/11/01 19:49:29 PT [2021/11/01 22:49:29 ET]
Table 'Lehigh II' 9-max Seat #1 is the button
Seat 1: cbenite97 ($2.39 in chips) 
Seat 3: guto81 ($2.17 in chips) 
Seat 4: samuel144 ($1.65 in chips) 
Seat 5: nelsongyn91 ($1.23 in chips) 
Seat 7: Dorex2007 ($2.62 in chips) 
Seat 8: rjeg333 ($2.12 in chips) 
Seat 9: nadokesh ($2 in chips) 
guto81: posts small blind $0.01
samuel144: posts big blind $0.02
*** HOLE CARDS ***
Dealt to Dorex2007 [Tc Jc]
nelsongyn91: folds 
Dorex2007: raises $0.04 to $0.06
rjeg333: calls $0.06
nadokesh: folds 
Shahta-16 joins the table at seat #6 
cbenite97: folds 
guto81: folds 
samuel144: calls $0.04
*** FLOP *** [9c 3c 3h]
samuel144: checks 
Dorex2007: bets $0.12
rjeg333: calls $0.12
samuel144: folds 
*** TURN *** [9c 3c 3h] [Js]
Dorex2007: bets $0.41
rjeg333: folds 
Uncalled bet ($0.41) returned to Dorex2007
Dorex2007 collected $0.41 from pot
Dorex2007: doesn't show hand 
*** SUMMARY ***
Total pot $0.43 | Rake $0.02 
Board [9c 3c 3h Js]
Seat 1: cbenite97 (button) folded before Flop (didn't bet)
Seat 3: guto81 (small blind) folded before Flop
Seat 4: samuel144 (big blind) folded on the Flop
Seat 5: nelsongyn91 folded before Flop (didn't bet)
Seat 7: Dorex2007 collected ($0.41)
Seat 8: rjeg333 folded on the Turn
Seat 9: nadokesh folded before Flop (didn't bet)



PokerStars Hand #231074547035:  Hold'em No Limit ($0.01/$0.02 USD) - 2021/11/01 19:50:16 PT [2021/11/01 22:50:16 ET]
Table 'Lehigh II' 9-max Seat #3 is the button
Seat 1: cbenite97 ($2.39 in chips) 
Seat 3: guto81 ($2.16 in chips) 
Seat 4: samuel144 ($1.59 in chips) 
Seat 5: nelsongyn91 ($1.23 in chips) 
Seat 7: Dorex2007 ($2.85 in chips) 
Seat 8: rjeg333 ($1.94 in chips) 
Seat 9: nadokesh ($2 in chips) 
samuel144: posts small blind $0.01
nelsongyn91: posts big blind $0.02
Shahta-16: sits out 
*** HOLE CARDS ***
Dealt to Dorex2007 [7s 4d]
Dorex2007: folds 
rjeg333: folds 
nadokesh: folds 
cbenite97: folds 
guto81: folds 
samuel144: calls $0.01
nelsongyn91: raises $0.08 to $0.10
Nlio_76 joins the table at seat #2 
samuel144: folds 
Uncalled bet ($0.08) returned to nelsongyn91
nelsongyn91 collected $0.04 from pot
nelsongyn91: doesn't show hand 
*** SUMMARY ***
Total pot $0.04 | Rake $0 
Seat 1: cbenite97 folded before Flop (didn't bet)
Seat 3: guto81 (button) folded before Flop (didn't bet)
Seat 4: samuel144 (small blind) folded before Flop
Seat 5: nelsongyn91 (big blind) collected ($0.04)
Seat 7: Dorex2007 folded before Flop (didn't bet)
Seat 8: rjeg333 folded before Flop (didn't bet)
Seat 9: nadokesh folded before Flop (didn't bet)



PokerStars Hand #231074549911:  Hold'em No Limit ($0.01/$0.02 USD) - 2021/11/01 19:50:32 PT [2021/11/01 22:50:32 ET]
Table 'Lehigh II' 9-max Seat #4 is the button
Seat 1: cbenite97 ($2.39 in chips) 
Seat 3: guto81 ($2.16 in chips) 
Seat 4: samuel144 ($1.57 in chips) 
Seat 5: nelsongyn91 ($1.25 in chips) 
Seat 6: Shahta-16 ($2 in chips) 
Seat 7: Dorex2007 ($2.85 in chips) 
Seat 8: rjeg333 ($1.94 in chips) 
Seat 9: nadokesh ($2 in chips) 
nelsongyn91: posts small blind $0.01
Shahta-16: posts big blind $0.02
Nlio_76: sits out 
*** HOLE CARDS ***
Dealt to Dorex2007 [Jh Kd]
Dorex2007: folds 
rjeg333: folds 
nadokesh: folds 
cbenite97: folds 
guto81: folds 
samuel144: folds 
nelsongyn91: raises $0.02 to $0.04
Shahta-16: calls $0.02
*** FLOP *** [Ts Kc Qd]
nelsongyn91: checks 
Shahta-16: bets $0.08
nelsongyn91: folds 
Uncalled bet ($0.08) returned to Shahta-16
Shahta-16 collected $0.08 from pot
*** SUMMARY ***
Total pot $0.08 | Rake $0 
Board [Ts Kc Qd]
Seat 1: cbenite97 folded before Flop (didn't bet)
Seat 3: guto81 folded before Flop (didn't bet)
Seat 4: samuel144 (button) folded before Flop (didn't bet)
Seat 5: nelsongyn91 (small blind) folded on the Flop
Seat 6: Shahta-16 (big blind) collected ($0.08)
Seat 7: Dorex2007 folded before Flop (didn't bet)
Seat 8: rjeg333 folded before Flop (didn't bet)
Seat 9: nadokesh folded before Flop (didn't bet)



PokerStars Hand #231074556243:  Hold'em No Limit ($0.01/$0.02 USD) - 2021/11/01 19:51:06 PT [2021/11/01 22:51:06 ET]
Table 'Lehigh II' 9-max Seat #6 is the button
Seat 1: cbenite97 ($2.39 in chips) 
Seat 3: guto81 ($2.16 in chips) 
Seat 4: samuel144 ($1.57 in chips) 
Seat 6: Shahta-16 ($2.04 in chips) 
Seat 7: Dorex2007 ($2.85 in chips) 
Seat 8: rjeg333 ($1.94 in chips) 
Seat 9: nadokesh ($2 in chips) 
Dorex2007: posts small blind $0.01
rjeg333: posts big blind $0.02
Nlio_76: sits out 
*** HOLE CARDS ***
Dealt to Dorex2007 [Ad Ts]
nadokesh: raises $0.04 to $0.06
nelsongyn91 leaves the table
cbenite97: calls $0.06
guto81: folds 
samuel144: folds 
Shahta-16: folds 
Dorex2007: folds 
rjeg333: calls $0.04
*** FLOP *** [Kd Tc 2h]
rjeg333: checks 
nadokesh: checks 
cbenite97: bets $0.08
rjeg333: calls $0.08
nadokesh: folds 
*** TURN *** [Kd Tc 2h] [3d]
rjeg333: checks 
cbenite97: checks 
*** RIVER *** [Kd Tc 2h 3d] [8d]
rjeg333: checks 
cbenite97: bets $0.17
rjeg333: calls $0.17
*** SHOW DOWN ***
cbenite97: shows [Qs Kh] (a pair of Kings)
rjeg333: mucks hand 
cbenite97 collected $0.67 from pot
*** SUMMARY ***
Total pot $0.69 | Rake $0.02 
Board [Kd Tc 2h 3d 8d]
Seat 1: cbenite97 showed [Qs Kh] and won ($0.67) with a pair of Kings
Seat 3: guto81 folded before Flop (didn't bet)
Seat 4: samuel144 folded before Flop (didn't bet)
Seat 6: Shahta-16 (button) folded before Flop (didn't bet)
Seat 7: Dorex2007 (small blind) folded before Flop
Seat 8: rjeg333 (big blind) mucked [9h Th]
Seat 9: nadokesh folded on the Flop



PokerStars Hand #231074566400:  Hold'em No Limit ($0.01/$0.02 USD) - 2021/11/01 19:51:59 PT [2021/11/01 22:51:59 ET]
Table 'Lehigh II' 9-max Seat #7 is the button
Seat 1: cbenite97 ($2.75 in chips) 
Seat 3: guto81 ($2.16 in chips) 
Seat 4: samuel144 ($1.57 in chips) 
Seat 6: Shahta-16 ($2.04 in chips) 
Seat 7: Dorex2007 ($2.84 in chips) 
Seat 8: rjeg333 ($1.63 in chips) 
Seat 9: nadokesh ($2 in chips) 
rjeg333: posts small blind $0.01
nadokesh: posts big blind $0.02
Nlio_76: sits out 
*** HOLE CARDS ***
Dealt to Dorex2007 [Kd 3h]
cbenite97: folds 
guto81: folds 
samuel144: folds 
Shahta-16: folds 
Dorex2007: folds 
415bigb joins the table at seat #5 
rjeg333: raises $0.04 to $0.06
nadokesh: folds 
Uncalled bet ($0.04) returned to rjeg333
rjeg333 collected $0.04 from pot
*** SUMMARY ***
Total pot $0.04 | Rake $0 
Seat 1: cbenite97 folded before Flop (didn't bet)
Seat 3: guto81 folded before Flop (didn't bet)
Seat 4: samuel144 folded before Flop (didn't bet)
Seat 6: Shahta-16 folded before Flop (didn't bet)
Seat 7: Dorex2007 (button) folded before Flop (didn't bet)
Seat 8: rjeg333 (small blind) collected ($0.04)
Seat 9: nadokesh (big blind) folded before Flop



PokerStars Hand #231074570822:  Hold'em No Limit ($0.01/$0.02 USD) - 2021/11/01 19:52:22 PT [2021/11/01 22:52:22 ET]
Table 'Lehigh II' 9-max Seat #8 is the button
Seat 1: cbenite97 ($2.75 in chips) 
Seat 3: guto81 ($2.16 in chips) 
Seat 4: samuel144 ($1.57 in chips) 
Seat 6: Shahta-16 ($2.04 in chips) 
Seat 7: Dorex2007 ($2.84 in chips) 
Seat 8: rjeg333 ($1.65 in chips) 
Seat 9: nadokesh ($2 in chips) 
nadokesh: posts small blind $0.01
cbenite97: posts big blind $0.02
Nlio_76: sits out 
415bigb: sits out 
*** HOLE CARDS ***
Dealt to Dorex2007 [7s Qh]
guto81: folds 
samuel144: folds 
Shahta-16: raises $0.04 to $0.06
Dorex2007: folds 
rjeg333: folds 
nadokesh: calls $0.05
cbenite97: folds 
*** FLOP *** [5h 4s 8c]
nadokesh: checks 
Shahta-16: bets $0.09
nadokesh: calls $0.09
*** TURN *** [5h 4s 8c] [Ad]
nadokesh: checks 
Shahta-16: bets $0.09
nadokesh: raises $0.33 to $0.42
Shahta-16: calls $0.33
*** RIVER *** [5h 4s 8c Ad] [Ks]
nadokesh: bets $0.91
Shahta-16: raises $0.56 to $1.47 and is all-in
nadokesh: calls $0.52 and is all-in
Uncalled bet ($0.04) returned to Shahta-16
*** SHOW DOWN ***
Shahta-16: shows [7h 6h] (a straight, Four to Eight)
nadokesh: shows [8s 8h] (three of a kind, Eights)
Shahta-16 collected $3.88 from pot
*** SUMMARY ***
Total pot $4.02 | Rake $0.14 
Board [5h 4s 8c Ad Ks]
Seat 1: cbenite97 (big blind) folded before Flop
Seat 3: guto81 folded before Flop (didn't bet)
Seat 4: samuel144 folded before Flop (didn't bet)
Seat 6: Shahta-16 showed [7h 6h] and won ($3.88) with a straight, Four to Eight
Seat 7: Dorex2007 folded before Flop (didn't bet)
Seat 8: rjeg333 (button) folded before Flop (didn't bet)
Seat 9: nadokesh (small blind) showed [8s 8h] and lost with three of a kind, Eights



PokerStars Hand #231074580945:  Hold'em No Limit ($0.01/$0.02 USD) - 2021/11/01 19:53:16 PT [2021/11/01 22:53:16 ET]
Table 'Lehigh II' 9-max Seat #9 is the button
Seat 1: cbenite97 ($2.73 in chips) 
Seat 2: Nlio_76 ($2 in chips) 
Seat 3: guto81 ($2.16 in chips) 
Seat 4: samuel144 ($1.57 in chips) 
Seat 6: Shahta-16 ($3.92 in chips) 
Seat 7: Dorex2007 ($2.84 in chips) 
Seat 8: rjeg333 ($1.65 in chips) 
Seat 9: nadokesh ($2 in chips) 
cbenite97: posts small blind $0.01
Nlio_76: posts big blind $0.02
415bigb: sits out 
*** HOLE CARDS ***
Dealt to Dorex2007 [Tc 5s]
guto81: folds 
samuel144: folds 
Shahta-16: folds 
Dorex2007: folds 
rjeg333: folds 
nadokesh: folds 
cbenite97: raises $0.04 to $0.06
Nlio_76: folds 
Uncalled bet ($0.04) returned to cbenite97
cbenite97 collected $0.04 from pot
cbenite97: doesn't show hand 
*** SUMMARY ***
Total pot $0.04 | Rake $0 
Seat 1: cbenite97 (small blind) collected ($0.04)
Seat 2: Nlio_76 (big blind) folded before Flop
Seat 3: guto81 folded before Flop (didn't bet)
Seat 4: samuel144 folded before Flop (didn't bet)
Seat 6: Shahta-16 folded before Flop (didn't bet)
Seat 7: Dorex2007 folded before Flop (didn't bet)
Seat 8: rjeg333 folded before Flop (didn't bet)
Seat 9: nadokesh (button) folded before Flop (didn't bet)



PokerStars Hand #231074583545:  Hold'em No Limit ($0.01/$0.02 USD) - 2021/11/01 19:53:30 PT [2021/11/01 22:53:30 ET]
Table 'Lehigh II' 9-max Seat #1 is the button
Seat 1: cbenite97 ($2.75 in chips) 
Seat 2: Nlio_76 ($1.98 in chips) 
Seat 3: guto81 ($2.16 in chips) 
Seat 4: samuel144 ($1.57 in chips) 
Seat 6: Shahta-16 ($3.92 in chips) 
Seat 7: Dorex2007 ($2.84 in chips) 
Seat 8: rjeg333 ($1.65 in chips) 
Seat 9: nadokesh ($2 in chips) 
Nlio_76: posts small blind $0.01
guto81: posts big blind $0.02
415bigb: sits out 
*** HOLE CARDS ***
Dealt to Dorex2007 [5s Kd]
samuel144: folds 
Shahta-16: folds 
Dorex2007: folds 
rjeg333: folds 
nadokesh: folds 
cbenite97: folds 
Nlio_76: calls $0.01
guto81: checks 
*** FLOP *** [Td As 6h]
Nlio_76: checks 
guto81: checks 
*** TURN *** [Td As 6h] [Jh]
Nlio_76: checks 
guto81: checks 
*** RIVER *** [Td As 6h Jh] [Ac]
Nlio_76: bets $0.04
guto81: folds 
Uncalled bet ($0.04) returned to Nlio_76
Nlio_76 collected $0.04 from pot
*** SUMMARY ***
Total pot $0.04 | Rake $0 
Board [Td As 6h Jh Ac]
Seat 1: cbenite97 (button) folded before Flop (didn't bet)
Seat 2: Nlio_76 (small blind) collected ($0.04)
Seat 3: guto81 (big blind) folded on the River
Seat 4: samuel144 folded before Flop (didn't bet)
Seat 6: Shahta-16 folded before Flop (didn't bet)
Seat 7: Dorex2007 folded before Flop (didn't bet)
Seat 8: rjeg333 folded before Flop (didn't bet)
Seat 9: nadokesh folded before Flop (didn't bet)



PokerStars Hand #231074592047:  Hold'em No Limit ($0.01/$0.02 USD) - 2021/11/01 19:54:16 PT [2021/11/01 22:54:16 ET]
Table 'Lehigh II' 9-max Seat #2 is the button
Seat 1: cbenite97 ($2.75 in chips) 
Seat 2: Nlio_76 ($2 in chips) 
Seat 3: guto81 ($2.14 in chips) 
Seat 4: samuel144 ($1.57 in chips) 
Seat 6: Shahta-16 ($3.92 in chips) 
Seat 7: Dorex2007 ($2.84 in chips) 
Seat 8: rjeg333 ($1.65 in chips) 
Seat 9: nadokesh ($2 in chips) 
guto81: posts small blind $0.01
samuel144: posts big blind $0.02
415bigb: sits out 
*** HOLE CARDS ***
Dealt to Dorex2007 [3s Jc]
Shahta-16: raises $0.05 to $0.07
Dorex2007: folds 
rjeg333: folds 
nadokesh: folds 
cbenite97: folds 
Nlio_76: folds 
guto81: calls $0.06
samuel144: folds 
*** FLOP *** [4d Jd Tc]
guto81: checks 
Shahta-16: checks 
*** TURN *** [4d Jd Tc] [8s]
guto81: bets $0.08
Shahta-16: calls $0.08
*** RIVER *** [4d Jd Tc 8s] [2h]
guto81: bets $0.16
Shahta-16: folds 
Uncalled bet ($0.16) returned to guto81
guto81 collected $0.31 from pot
guto81: doesn't show hand 
*** SUMMARY ***
Total pot $0.32 | Rake $0.01 
Board [4d Jd Tc 8s 2h]
Seat 1: cbenite97 folded before Flop (didn't bet)
Seat 2: Nlio_76 (button) folded before Flop (didn't bet)
Seat 3: guto81 (small blind) collected ($0.31)
Seat 4: samuel144 (big blind) folded before Flop
Seat 6: Shahta-16 folded on the River
Seat 7: Dorex2007 folded before Flop (didn't bet)
Seat 8: rjeg333 folded before Flop (didn't bet)
Seat 9: nadokesh folded before Flop (didn't bet)



PokerStars Hand #231074597503:  Hold'em No Limit ($0.01/$0.02 USD) - 2021/11/01 19:54:44 PT [2021/11/01 22:54:44 ET]
Table 'Lehigh II' 9-max Seat #3 is the button
Seat 1: cbenite97 ($2.75 in chips) 
Seat 2: Nlio_76 ($2 in chips) 
Seat 3: guto81 ($2.30 in chips) 
Seat 4: samuel144 ($1.55 in chips) 
Seat 5: 415bigb ($2 in chips) 
Seat 6: Shahta-16 ($3.77 in chips) 
Seat 7: Dorex2007 ($2.84 in chips) 
Seat 8: rjeg333 ($1.65 in chips) 
Seat 9: nadokesh ($2 in chips) 
samuel144: posts small blind $0.01
415bigb: posts big blind $0.02
*** HOLE CARDS ***
Dealt to Dorex2007 [9s 2h]
Shahta-16: raises $0.05 to $0.07
Dorex2007: folds 
rjeg333: folds 
nadokesh: folds 
cbenite97: folds 
Nlio_76: folds 
guto81: folds 
samuel144: calls $0.06
415bigb: folds 
*** FLOP *** [4h 8c Ac]
samuel144: bets $0.08
Shahta-16: raises $0.16 to $0.24
samuel144: raises $1.24 to $1.48 and is all-in
Shahta-16: folds 
Uncalled bet ($1.24) returned to samuel144
samuel144 collected $0.62 from pot
samuel144: doesn't show hand 
*** SUMMARY ***
Total pot $0.64 | Rake $0.02 
Board [4h 8c Ac]
Seat 1: cbenite97 folded before Flop (didn't bet)
Seat 2: Nlio_76 folded before Flop (didn't bet)
Seat 3: guto81 (button) folded before Flop (didn't bet)
Seat 4: samuel144 (small blind) collected ($0.62)
Seat 5: 415bigb (big blind) folded before Flop
Seat 6: Shahta-16 folded on the Flop
Seat 7: Dorex2007 folded before Flop (didn't bet)
Seat 8: rjeg333 folded before Flop (didn't bet)
Seat 9: nadokesh folded before Flop (didn't bet)



PokerStars Hand #231074605458:  Hold'em No Limit ($0.01/$0.02 USD) - 2021/11/01 19:55:31 PT [2021/11/01 22:55:31 ET]
Table 'Lehigh II' 9-max Seat #4 is the button
Seat 1: cbenite97 ($2.75 in chips) 
Seat 2: Nlio_76 ($2 in chips) 
Seat 3: guto81 ($2.30 in chips) 
Seat 4: samuel144 ($1.86 in chips) 
Seat 5: 415bigb ($1.98 in chips) 
Seat 6: Shahta-16 ($3.46 in chips) 
Seat 7: Dorex2007 ($2.84 in chips) 
Seat 8: rjeg333 ($1.65 in chips) 
Seat 9: nadokesh ($2 in chips) 
415bigb: posts small blind $0.01
Shahta-16: posts big blind $0.02
*** HOLE CARDS ***
Dealt to Dorex2007 [4h Jd]
Dorex2007: folds 
rjeg333 is disconnected 
rjeg333 is connected 
rjeg333 has timed out
rjeg333: folds 
nadokesh: raises $0.04 to $0.06
cbenite97: folds 
Nlio_76: folds 
guto81: folds 
samuel144: calls $0.06
415bigb: folds 
Shahta-16: calls $0.04
*** FLOP *** [5s 7h Qc]
Shahta-16: checks 
nadokesh: checks 
samuel144: bets $0.18
Shahta-16: folds 
nadokesh: folds 
Uncalled bet ($0.18) returned to samuel144
samuel144 collected $0.18 from pot
samuel144: doesn't show hand 
*** SUMMARY ***
Total pot $0.19 | Rake $0.01 
Board [5s 7h Qc]
Seat 1: cbenite97 folded before Flop (didn't bet)
Seat 2: Nlio_76 folded before Flop (didn't bet)
Seat 3: guto81 folded before Flop (didn't bet)
Seat 4: samuel144 (button) collected ($0.18)
Seat 5: 415bigb (small blind) folded before Flop
Seat 6: Shahta-16 (big blind) folded on the Flop
Seat 7: Dorex2007 folded before Flop (didn't bet)
Seat 8: rjeg333 folded before Flop (didn't bet)
Seat 9: nadokesh folded on the Flop



PokerStars Hand #231074621680:  Hold'em No Limit ($0.01/$0.02 USD) - 2021/11/01 19:56:37 PT [2021/11/01 22:56:37 ET]
Table 'Lehigh II' 9-max Seat #5 is the button
Seat 1: cbenite97 ($2.75 in chips) 
Seat 2: Nlio_76 ($2 in chips) 
Seat 3: guto81 ($2.30 in chips) 
Seat 4: samuel144 ($1.98 in chips) 
Seat 5: 415bigb ($1.97 in chips) 
Seat 6: Shahta-16 ($3.40 in chips) 
Seat 7: Dorex2007 ($2.84 in chips) 
Seat 8: rjeg333 ($1.65 in chips) 
Seat 9: nadokesh ($2 in chips) 
Shahta-16: posts small blind $0.01
Dorex2007: posts big blind $0.02
*** HOLE CARDS ***
Dealt to Dorex2007 [4h 7s]
rjeg333: folds 
nadokesh: folds 
cbenite97: folds 
Nlio_76: raises $0.02 to $0.04
guto81: calls $0.04
samuel144: folds 
415bigb: calls $0.04
Shahta-16: folds 
Dorex2007: folds 
*** FLOP *** [Ac 7c Qs]
Nlio_76: checks 
guto81: checks 
415bigb: checks 
*** TURN *** [Ac 7c Qs] [Jh]
Nlio_76: checks 
guto81: checks 
415bigb: bets $0.02
Nlio_76: calls $0.02
guto81: folds 
*** RIVER *** [Ac 7c Qs Jh] [Jc]
Nlio_76: bets $0.08
415bigb: calls $0.08
*** SHOW DOWN ***
Nlio_76: shows [Kh Th] (a straight, Ten to Ace)
415bigb: mucks hand 
Nlio_76 collected $0.34 from pot
*** SUMMARY ***
Total pot $0.35 | Rake $0.01 
Board [Ac 7c Qs Jh Jc]
Seat 1: cbenite97 folded before Flop (didn't bet)
Seat 2: Nlio_76 showed [Kh Th] and won ($0.34) with a straight, Ten to Ace
Seat 3: guto81 folded on the Turn
Seat 4: samuel144 folded before Flop (didn't bet)
Seat 5: 415bigb (button) mucked [Jd 6s]
Seat 6: Shahta-16 (small blind) folded before Flop
Seat 7: Dorex2007 (big blind) folded before Flop
Seat 8: rjeg333 folded before Flop (didn't bet)
Seat 9: nadokesh folded before Flop (didn't bet)



PokerStars Hand #231074632845:  Hold'em No Limit ($0.01/$0.02 USD) - 2021/11/01 19:57:48 PT [2021/11/01 22:57:48 ET]
Table 'Lehigh II' 9-max Seat #6 is the button
Seat 1: cbenite97 ($2.75 in chips) 
Seat 2: Nlio_76 ($2.20 in chips) 
Seat 3: guto81 ($2.26 in chips) 
Seat 4: samuel144 ($1.98 in chips) 
Seat 5: 415bigb ($1.83 in chips) 
Seat 6: Shahta-16 ($3.39 in chips) 
Seat 7: Dorex2007 ($2.82 in chips) 
Seat 8: rjeg333 ($1.65 in chips) 
Seat 9: nadokesh ($2 in chips) 
Dorex2007: posts small blind $0.01
rjeg333: posts big blind $0.02
*** HOLE CARDS ***
Dealt to Dorex2007 [8s Js]
nadokesh: folds 
cbenite97: folds 
Nlio_76: folds 
guto81: folds 
samuel144: calls $0.02
415bigb: folds 
Shahta-16: folds 
Dorex2007: calls $0.01
rjeg333: checks 
*** FLOP *** [Kd 7h Kc]
Dorex2007: checks 
rjeg333: checks 
samuel144: checks 
*** TURN *** [Kd 7h Kc] [3s]
Dorex2007: checks 
rjeg333: checks 
samuel144: checks 
*** RIVER *** [Kd 7h Kc 3s] [8c]
Dorex2007: bets $0.04
rjeg333: folds 
samuel144: folds 
Uncalled bet ($0.04) returned to Dorex2007
Dorex2007 collected $0.06 from pot
Dorex2007: doesn't show hand 
*** SUMMARY ***
Total pot $0.06 | Rake $0 
Board [Kd 7h Kc 3s 8c]
Seat 1: cbenite97 folded before Flop (didn't bet)
Seat 2: Nlio_76 folded before Flop (didn't bet)
Seat 3: guto81 folded before Flop (didn't bet)
Seat 4: samuel144 folded on the River
Seat 5: 415bigb folded before Flop (didn't bet)
Seat 6: Shahta-16 (button) folded before Flop (didn't bet)
Seat 7: Dorex2007 (small blind) collected ($0.06)
Seat 8: rjeg333 (big blind) folded on the River
Seat 9: nadokesh folded before Flop (didn't bet)



PokerStars Hand #231074639486:  Hold'em No Limit ($0.01/$0.02 USD) - 2021/11/01 19:58:30 PT [2021/11/01 22:58:30 ET]
Table 'Lehigh II' 9-max Seat #7 is the button
Seat 1: cbenite97 ($2.75 in chips) 
Seat 2: Nlio_76 ($2.20 in chips) 
Seat 3: guto81 ($2.26 in chips) 
Seat 4: samuel144 ($1.96 in chips) 
Seat 5: 415bigb ($1.83 in chips) 
Seat 6: Shahta-16 ($3.39 in chips) 
Seat 7: Dorex2007 ($2.86 in chips) 
Seat 8: rjeg333 ($1.63 in chips) 
Seat 9: nadokesh ($2 in chips) 
rjeg333: posts small blind $0.01
nadokesh: posts big blind $0.02
*** HOLE CARDS ***
Dealt to Dorex2007 [Js Ac]
cbenite97: folds 
Nlio_76: folds 
guto81: folds 
samuel144: folds 
415bigb: folds 
Shahta-16: folds 
Dorex2007: raises $0.02 to $0.04
rjeg333: raises $0.08 to $0.12
nadokesh: folds 
Dorex2007: folds 
Uncalled bet ($0.08) returned to rjeg333
rjeg333 collected $0.10 from pot
*** SUMMARY ***
Total pot $0.10 | Rake $0 
Seat 1: cbenite97 folded before Flop (didn't bet)
Seat 2: Nlio_76 folded before Flop (didn't bet)
Seat 3: guto81 folded before Flop (didn't bet)
Seat 4: samuel144 folded before Flop (didn't bet)
Seat 5: 415bigb folded before Flop (didn't bet)
Seat 6: Shahta-16 folded before Flop (didn't bet)
Seat 7: Dorex2007 (button) folded before Flop
Seat 8: rjeg333 (small blind) collected ($0.10)
Seat 9: nadokesh (big blind) folded before Flop



PokerStars Hand #231074645100:  Hold'em No Limit ($0.01/$0.02 USD) - 2021/11/01 19:59:05 PT [2021/11/01 22:59:05 ET]
Table 'Lehigh II' 9-max Seat #8 is the button
Seat 1: cbenite97 ($2.75 in chips) 
Seat 2: Nlio_76 ($2.20 in chips) 
Seat 3: guto81 ($2.26 in chips) 
Seat 4: samuel144 ($1.96 in chips) 
Seat 5: 415bigb ($1.83 in chips) 
Seat 6: Shahta-16 ($3.39 in chips) 
Seat 7: Dorex2007 ($2.82 in chips) 
Seat 8: rjeg333 ($1.69 in chips) 
Seat 9: nadokesh ($2 in chips) 
nadokesh: posts small blind $0.01
cbenite97: posts big blind $0.02
*** HOLE CARDS ***
Dealt to Dorex2007 [Jc 3h]
Nlio_76: folds 
guto81: raises $0.04 to $0.06
samuel144: folds 
415bigb: folds 
Shahta-16: folds 
Dorex2007: folds 
rjeg333: folds 
nadokesh: folds 
cbenite97: calls $0.04
*** FLOP *** [Jd 5s Qd]
cbenite97: checks 
guto81: bets $0.08
cbenite97: calls $0.08
*** TURN *** [Jd 5s Qd] [Qc]
cbenite97: checks 
guto81: bets $0.14
cbenite97: folds 
Uncalled bet ($0.14) returned to guto81
guto81 collected $0.28 from pot
guto81: doesn't show hand 
*** SUMMARY ***
Total pot $0.29 | Rake $0.01 
Board [Jd 5s Qd Qc]
Seat 1: cbenite97 (big blind) folded on the Turn
Seat 2: Nlio_76 folded before Flop (didn't bet)
Seat 3: guto81 collected ($0.28)
Seat 4: samuel144 folded before Flop (didn't bet)
Seat 5: 415bigb folded before Flop (didn't bet)
Seat 6: Shahta-16 folded before Flop (didn't bet)
Seat 7: Dorex2007 folded before Flop (didn't bet)
Seat 8: rjeg333 (button) folded before Flop (didn't bet)
Seat 9: nadokesh (small blind) folded before Flop



PokerStars Hand #231074652727:  Hold'em No Limit ($0.01/$0.02 USD) - 2021/11/01 19:59:54 PT [2021/11/01 22:59:54 ET]
Table 'Lehigh II' 9-max Seat #9 is the button
Seat 1: cbenite97 ($2.61 in chips) 
Seat 2: Nlio_76 ($2.20 in chips) 
Seat 3: guto81 ($2.40 in chips) 
Seat 4: samuel144 ($1.96 in chips) 
Seat 5: 415bigb ($1.83 in chips) 
Seat 6: Shahta-16 ($3.39 in chips) 
Seat 7: Dorex2007 ($2.82 in chips) 
Seat 8: rjeg333 ($1.69 in chips) 
Seat 9: nadokesh ($2 in chips) 
cbenite97: posts small blind $0.01
Nlio_76: posts big blind $0.02
*** HOLE CARDS ***
Dealt to Dorex2007 [5d 8h]
guto81: calls $0.02
samuel144: folds 
415bigb: folds 
Shahta-16: folds 
Dorex2007: folds 
rjeg333: raises $0.02 to $0.04
nadokesh: folds 
cbenite97: folds 
Nlio_76: folds 
guto81: calls $0.02
*** FLOP *** [Tc Th 9c]
guto81: checks 
rjeg333: checks 
*** TURN *** [Tc Th 9c] [6h]
guto81: checks 
rjeg333: checks 
*** RIVER *** [Tc Th 9c 6h] [4s]
guto81: checks 
rjeg333: checks 
*** SHOW DOWN ***
guto81: shows [As Js] (a pair of Tens)
rjeg333: shows [Ad 4d] (two pair, Tens and Fours)
rjeg333 collected $0.11 from pot
*** SUMMARY ***
Total pot $0.11 | Rake $0 
Board [Tc Th 9c 6h 4s]
Seat 1: cbenite97 (small blind) folded before Flop
Seat 2: Nlio_76 (big blind) folded before Flop
Seat 3: guto81 showed [As Js] and lost with a pair of Tens
Seat 4: samuel144 folded before Flop (didn't bet)
Seat 5: 415bigb folded before Flop (didn't bet)
Seat 6: Shahta-16 folded before Flop (didn't bet)
Seat 7: Dorex2007 folded before Flop (didn't bet)
Seat 8: rjeg333 showed [Ad 4d] and won ($0.11) with two pair, Tens and Fours
Seat 9: nadokesh (button) folded before Flop (didn't bet)



PokerStars Hand #231074662153:  Hold'em No Limit ($0.01/$0.02 USD) - 2021/11/01 20:00:51 PT [2021/11/01 23:00:51 ET]
Table 'Lehigh II' 9-max Seat #1 is the button
Seat 1: cbenite97 ($2.60 in chips) 
Seat 2: Nlio_76 ($2.18 in chips) 
Seat 3: guto81 ($2.36 in chips) 
Seat 4: samuel144 ($1.96 in chips) 
Seat 5: 415bigb ($1.83 in chips) 
Seat 6: Shahta-16 ($3.39 in chips) 
Seat 7: Dorex2007 ($2.82 in chips) 
Seat 8: rjeg333 ($1.76 in chips) 
Seat 9: nadokesh ($2 in chips) 
Nlio_76: posts small blind $0.01
guto81: posts big blind $0.02
*** HOLE CARDS ***
Dealt to Dorex2007 [Tc Kd]
samuel144: calls $0.02
415bigb: calls $0.02
Shahta-16: folds 
Dorex2007: folds 
rjeg333: folds 
nadokesh: raises $0.09 to $0.11
cbenite97: folds 
Nlio_76: folds 
guto81: folds 
samuel144: folds 
415bigb: folds 
Uncalled bet ($0.09) returned to nadokesh
nadokesh collected $0.09 from pot
nadokesh: doesn't show hand 
*** SUMMARY ***
Total pot $0.09 | Rake $0 
Seat 1: cbenite97 (button) folded before Flop (didn't bet)
Seat 2: Nlio_76 (small blind) folded before Flop
Seat 3: guto81 (big blind) folded before Flop
Seat 4: samuel144 folded before Flop
Seat 5: 415bigb folded before Flop
Seat 6: Shahta-16 folded before Flop (didn't bet)
Seat 7: Dorex2007 folded before Flop (didn't bet)
Seat 8: rjeg333 folded before Flop (didn't bet)
Seat 9: nadokesh collected ($0.09)



PokerStars Hand #231074666458:  Hold'em No Limit ($0.01/$0.02 USD) - 2021/11/01 20:01:15 PT [2021/11/01 23:01:15 ET]
Table 'Lehigh II' 9-max Seat #2 is the button
Seat 1: cbenite97 ($2.60 in chips) 
Seat 2: Nlio_76 ($2.17 in chips) 
Seat 3: guto81 ($2.34 in chips) 
Seat 4: samuel144 ($1.94 in chips) 
Seat 5: 415bigb ($1.81 in chips) 
Seat 6: Shahta-16 ($3.39 in chips) 
Seat 7: Dorex2007 ($2.82 in chips) 
Seat 8: rjeg333 ($1.76 in chips) 
Seat 9: nadokesh ($2.07 in chips) 
guto81: posts small blind $0.01
samuel144: posts big blind $0.02
*** HOLE CARDS ***
Dealt to Dorex2007 [As 5h]
415bigb: raises $0.02 to $0.04
Shahta-16: calls $0.04
Dorex2007: folds 
rjeg333: folds 
nadokesh: folds 
cbenite97: calls $0.04
Nlio_76 has timed out
Nlio_76: folds 
guto81: folds 
samuel144: folds 
*** FLOP *** [3s 4h 4d]
415bigb: checks 
Shahta-16: bets $0.09
cbenite97: folds 
415bigb: folds 
Uncalled bet ($0.09) returned to Shahta-16
Shahta-16 collected $0.14 from pot
*** SUMMARY ***
Total pot $0.15 | Rake $0.01 
Board [3s 4h 4d]
Seat 1: cbenite97 folded on the Flop
Seat 2: Nlio_76 (button) folded before Flop (didn't bet)
Seat 3: guto81 (small blind) folded before Flop
Seat 4: samuel144 (big blind) folded before Flop
Seat 5: 415bigb folded on the Flop
Seat 6: Shahta-16 collected ($0.14)
Seat 7: Dorex2007 folded before Flop (didn't bet)
Seat 8: rjeg333 folded before Flop (didn't bet)
Seat 9: nadokesh folded before Flop (didn't bet)



PokerStars Hand #231074675662:  Hold'em No Limit ($0.01/$0.02 USD) - 2021/11/01 20:02:06 PT [2021/11/01 23:02:06 ET]
Table 'Lehigh II' 9-max Seat #3 is the button
Seat 1: cbenite97 ($2.56 in chips) 
Seat 2: Nlio_76 ($2.17 in chips) 
Seat 3: guto81 ($2.33 in chips) 
Seat 4: samuel144 ($1.92 in chips) 
Seat 5: 415bigb ($1.77 in chips) 
Seat 6: Shahta-16 ($3.49 in chips) 
Seat 7: Dorex2007 ($2.82 in chips) 
Seat 8: rjeg333 ($1.76 in chips) 
Seat 9: nadokesh ($2.07 in chips) 
samuel144: posts small blind $0.01
415bigb: posts big blind $0.02
*** HOLE CARDS ***
Dealt to Dorex2007 [Ac Ad]
Shahta-16: folds 
Dorex2007: raises $0.04 to $0.06
rjeg333: folds 
nadokesh: folds 
cbenite97: calls $0.06
Nlio_76: folds 
guto81: calls $0.06
samuel144: calls $0.05
415bigb: folds 
*** FLOP *** [Kh 7d 8c]
samuel144: bets $0.25
Dorex2007: calls $0.25
cbenite97: folds 
guto81: folds 
*** TURN *** [Kh 7d 8c] [3d]
samuel144: bets $1.61 and is all-in
Dorex2007: calls $1.61
*** RIVER *** [Kh 7d 8c 3d] [Jd]
*** SHOW DOWN ***
samuel144: shows [Qh Kd] (a pair of Kings)
Dorex2007: shows [Ac Ad] (a pair of Aces)
Dorex2007 cashed out the hand for $3.37 | Cash Out Fee $0.03
*** SUMMARY ***
Total pot $3.98 | Rake $0.14 
Board [Kh 7d 8c 3d Jd]
Seat 1: cbenite97 folded on the Flop
Seat 2: Nlio_76 folded before Flop (didn't bet)
Seat 3: guto81 (button) folded on the Flop
Seat 4: samuel144 (small blind) showed [Qh Kd] and lost with a pair of Kings
Seat 5: 415bigb (big blind) folded before Flop
Seat 6: Shahta-16 folded before Flop (didn't bet)
Seat 7: Dorex2007 showed [Ac Ad] and won ($3.84) with a pair of Aces (pot not awarded as player cashed out)
Seat 8: rjeg333 folded before Flop (didn't bet)
Seat 9: nadokesh folded before Flop (didn't bet)



PokerStars Hand #231074685455:  Hold'em No Limit ($0.01/$0.02 USD) - 2021/11/01 20:02:59 PT [2021/11/01 23:02:59 ET]
Table 'Lehigh II' 9-max Seat #5 is the button
Seat 1: cbenite97 ($2.50 in chips) 
Seat 2: Nlio_76 ($2.17 in chips) 
Seat 3: guto81 ($2.27 in chips) 
Seat 5: 415bigb ($1.75 in chips) 
Seat 6: Shahta-16 ($3.49 in chips) 
Seat 7: Dorex2007 ($4.27 in chips) 
Seat 8: rjeg333 ($1.76 in chips) 
Seat 9: nadokesh ($2.07 in chips) 
Shahta-16: posts small blind $0.01
Dorex2007: posts big blind $0.02
*** HOLE CARDS ***
Dealt to Dorex2007 [2h 4c]
rjeg333: raises $0.04 to $0.06
nadokesh: folds 
cbenite97: folds 
Nlio_76: folds 
guto81: folds 
415bigb: folds 
Shahta-16: folds 
Dorex2007: folds 
Uncalled bet ($0.04) returned to rjeg333
rjeg333 collected $0.05 from pot
*** SUMMARY ***
Total pot $0.05 | Rake $0 
Seat 1: cbenite97 folded before Flop (didn't bet)
Seat 2: Nlio_76 folded before Flop (didn't bet)
Seat 3: guto81 folded before Flop (didn't bet)
Seat 5: 415bigb (button) folded before Flop (didn't bet)
Seat 6: Shahta-16 (small blind) folded before Flop
Seat 7: Dorex2007 (big blind) folded before Flop
Seat 8: rjeg333 collected ($0.05)
Seat 9: nadokesh folded before Flop (didn't bet)



PokerStars Hand #231074687691:  Hold'em No Limit ($0.01/$0.02 USD) - 2021/11/01 20:03:11 PT [2021/11/01 23:03:11 ET]
Table 'Lehigh II' 9-max Seat #6 is the button
Seat 1: cbenite97 ($2.50 in chips) 
Seat 2: Nlio_76 ($2.17 in chips) 
Seat 3: guto81 ($2.27 in chips) 
Seat 5: 415bigb ($1.75 in chips) 
Seat 6: Shahta-16 ($3.48 in chips) 
Seat 7: Dorex2007 ($4.25 in chips) 
Seat 8: rjeg333 ($1.79 in chips) 
Seat 9: nadokesh ($2.07 in chips) 
Dorex2007: posts small blind $0.01
rjeg333: posts big blind $0.02
*** HOLE CARDS ***
Dealt to Dorex2007 [Th 3c]
nadokesh: folds 
cbenite97: folds 
Nlio_76: folds 
guto81: folds 
415bigb: folds 
Shahta-16: folds 
Dorex2007: folds 
Uncalled bet ($0.01) returned to rjeg333
rjeg333 collected $0.02 from pot
*** SUMMARY ***
Total pot $0.02 | Rake $0 
Seat 1: cbenite97 folded before Flop (didn't bet)
Seat 2: Nlio_76 folded before Flop (didn't bet)
Seat 3: guto81 folded before Flop (didn't bet)
Seat 5: 415bigb folded before Flop (didn't bet)
Seat 6: Shahta-16 (button) folded before Flop (didn't bet)
Seat 7: Dorex2007 (small blind) folded before Flop
Seat 8: rjeg333 (big blind) collected ($0.02)
Seat 9: nadokesh folded before Flop (didn't bet)



PokerStars Hand #231074689899:  Hold'em No Limit ($0.01/$0.02 USD) - 2021/11/01 20:03:23 PT [2021/11/01 23:03:23 ET]
Table 'Lehigh II' 9-max Seat #7 is the button
Seat 1: cbenite97 ($2.50 in chips) 
Seat 2: Nlio_76 ($2.17 in chips) 
Seat 3: guto81 ($2.27 in chips) 
Seat 4: samuel144 ($1.60 in chips) 
Seat 5: 415bigb ($1.75 in chips) 
Seat 6: Shahta-16 ($3.48 in chips) 
Seat 7: Dorex2007 ($4.24 in chips) 
Seat 8: rjeg333 ($1.80 in chips) 
Seat 9: nadokesh ($2.07 in chips) 
rjeg333: posts small blind $0.01
nadokesh: posts big blind $0.02
*** HOLE CARDS ***
Dealt to Dorex2007 [Tc 6h]
cbenite97: folds 
Nlio_76: folds 
guto81: folds 
samuel144: calls $0.02
415bigb: raises $0.02 to $0.04
Shahta-16: folds 
Dorex2007: folds 
rjeg333: raises $0.08 to $0.12
nadokesh: folds 
samuel144: folds 
415bigb: calls $0.08
*** FLOP *** [4d 6d 7d]
rjeg333: checks 
415bigb: checks 
*** TURN *** [4d 6d 7d] [Qs]
rjeg333: bets $0.16
415bigb: calls $0.16
*** RIVER *** [4d 6d 7d Qs] [3h]
rjeg333: bets $0.62
415bigb: folds 
Uncalled bet ($0.62) returned to rjeg333
rjeg333 collected $0.58 from pot
*** SUMMARY ***
Total pot $0.60 | Rake $0.02 
Board [4d 6d 7d Qs 3h]
Seat 1: cbenite97 folded before Flop (didn't bet)
Seat 2: Nlio_76 folded before Flop (didn't bet)
Seat 3: guto81 folded before Flop (didn't bet)
Seat 4: samuel144 folded before Flop
Seat 5: 415bigb folded on the River
Seat 6: Shahta-16 folded before Flop (didn't bet)
Seat 7: Dorex2007 (button) folded before Flop (didn't bet)
Seat 8: rjeg333 (small blind) collected ($0.58)
Seat 9: nadokesh (big blind) folded before Flop



PokerStars Hand #231074701007:  Hold'em No Limit ($0.01/$0.02 USD) - 2021/11/01 20:04:24 PT [2021/11/01 23:04:24 ET]
Table 'Lehigh II' 9-max Seat #8 is the button
Seat 1: cbenite97 ($2.50 in chips) 
Seat 2: Nlio_76 ($2.17 in chips) 
Seat 3: guto81 ($2.27 in chips) 
Seat 4: samuel144 ($1.58 in chips) 
Seat 5: 415bigb ($1.47 in chips) 
Seat 7: Dorex2007 ($4.24 in chips) 
Seat 8: rjeg333 ($2.10 in chips) 
Seat 9: nadokesh ($2.05 in chips) 
nadokesh: posts small blind $0.01
cbenite97: posts big blind $0.02
*** HOLE CARDS ***
Dealt to Dorex2007 [8c 3c]
Nlio_76: folds 
guto81: raises $0.04 to $0.06
samuel144: folds 
415bigb: folds 
Dorex2007: folds 
rjeg333: folds 
nadokesh: folds 
cbenite97: calls $0.04
*** FLOP *** [Ac Th 9d]
cbenite97: checks 
guto81: bets $0.07
cbenite97: folds 
Uncalled bet ($0.07) returned to guto81
guto81 collected $0.13 from pot
guto81: doesn't show hand 
*** SUMMARY ***
Total pot $0.13 | Rake $0 
Board [Ac Th 9d]
Seat 1: cbenite97 (big blind) folded on the Flop
Seat 2: Nlio_76 folded before Flop (didn't bet)
Seat 3: guto81 collected ($0.13)
Seat 4: samuel144 folded before Flop (didn't bet)
Seat 5: 415bigb folded before Flop (didn't bet)
Seat 7: Dorex2007 folded before Flop (didn't bet)
Seat 8: rjeg333 (button) folded before Flop (didn't bet)
Seat 9: nadokesh (small blind) folded before Flop



PokerStars Hand #231074706671:  Hold'em No Limit ($0.01/$0.02 USD) - 2021/11/01 20:04:55 PT [2021/11/01 23:04:55 ET]
Table 'Lehigh II' 9-max Seat #9 is the button
Seat 1: cbenite97 ($2.44 in chips) 
Seat 2: Nlio_76 ($2.17 in chips) 
Seat 3: guto81 ($2.34 in chips) 
Seat 4: samuel144 ($1.58 in chips) 
Seat 5: 415bigb ($1.47 in chips) 
Seat 7: Dorex2007 ($4.24 in chips) 
Seat 8: rjeg333 ($2.10 in chips) 
Seat 9: nadokesh ($2.04 in chips) 
cbenite97: posts small blind $0.01
Nlio_76: posts big blind $0.02
*** HOLE CARDS ***
Dealt to Dorex2007 [5s 3d]
Shahta-16 leaves the table
guto81: folds 
samuel144: folds 
guto81 leaves the table
415bigb: calls $0.02
Dorex2007: folds 
rjeg333: raises $0.04 to $0.06
nadokesh: calls $0.06
cbenite97: calls $0.05
Nlio_76: folds 
415bigb: calls $0.04
*** FLOP *** [Jc 8d 7c]
cbenite97: checks 
415bigb: checks 
rjeg333: checks 
nadokesh: checks 
*** TURN *** [Jc 8d 7c] [2d]
J.M3L0 joins the table at seat #3 
cbenite97: bets $0.16
415bigb: folds 
rjeg333: folds 
nadokesh: folds 
Uncalled bet ($0.16) returned to cbenite97
cbenite97 collected $0.25 from pot
cbenite97: doesn't show hand 
*** SUMMARY ***
Total pot $0.26 | Rake $0.01 
Board [Jc 8d 7c 2d]
Seat 1: cbenite97 (small blind) collected ($0.25)
Seat 2: Nlio_76 (big blind) folded before Flop
Seat 3: guto81 folded before Flop (didn't bet)
Seat 4: samuel144 folded before Flop (didn't bet)
Seat 5: 415bigb folded on the Turn
Seat 7: Dorex2007 folded before Flop (didn't bet)
Seat 8: rjeg333 folded on the Turn
Seat 9: nadokesh (button) folded on the Turn



PokerStars Hand #231074718800:  Hold'em No Limit ($0.01/$0.02 USD) - 2021/11/01 20:06:02 PT [2021/11/01 23:06:02 ET]
Table 'Lehigh II' 9-max Seat #1 is the button
Seat 1: cbenite97 ($2.63 in chips) 
Seat 2: Nlio_76 ($2.15 in chips) 
Seat 3: J.M3L0 ($2 in chips) 
Seat 4: samuel144 ($1.58 in chips) 
Seat 5: 415bigb ($1.41 in chips) 
Seat 7: Dorex2007 ($4.24 in chips) 
Seat 8: rjeg333 ($2.04 in chips) 
Seat 9: nadokesh ($2 in chips) 
Nlio_76: posts small blind $0.01
J.M3L0: posts big blind $0.02
*** HOLE CARDS ***
Dealt to Dorex2007 [Jh 7c]
samuel144: calls $0.02
415bigb: folds 
Dorex2007: folds 
rjeg333: folds 
nadokesh: folds 
cbenite97: raises $0.06 to $0.08
Nlio_76: folds 
J.M3L0: calls $0.06
samuel144: calls $0.06
*** FLOP *** [Qs Kd 5c]
J.M3L0: checks 
samuel144: checks 
cbenite97: bets $0.12
J.M3L0: folds 
samuel144: folds 
Uncalled bet ($0.12) returned to cbenite97
cbenite97 collected $0.24 from pot
cbenite97: doesn't show hand 
*** SUMMARY ***
Total pot $0.25 | Rake $0.01 
Board [Qs Kd 5c]
Seat 1: cbenite97 (button) collected ($0.24)
Seat 2: Nlio_76 (small blind) folded before Flop
Seat 3: J.M3L0 (big blind) folded on the Flop
Seat 4: samuel144 folded on the Flop
Seat 5: 415bigb folded before Flop (didn't bet)
Seat 7: Dorex2007 folded before Flop (didn't bet)
Seat 8: rjeg333 folded before Flop (didn't bet)
Seat 9: nadokesh folded before Flop (didn't bet)



PokerStars Hand #231074727680:  Hold'em No Limit ($0.01/$0.02 USD) - 2021/11/01 20:06:51 PT [2021/11/01 23:06:51 ET]
Table 'Lehigh II' 9-max Seat #2 is the button
Seat 1: cbenite97 ($2.79 in chips) 
Seat 2: Nlio_76 ($2.14 in chips) 
Seat 3: J.M3L0 ($1.92 in chips) 
Seat 4: samuel144 ($1.50 in chips) 
Seat 5: 415bigb ($1.41 in chips) 
Seat 7: Dorex2007 ($4.24 in chips) 
Seat 8: rjeg333 ($2.04 in chips) 
Seat 9: nadokesh ($2 in chips) 
J.M3L0: posts small blind $0.01
samuel144: posts big blind $0.02
*** HOLE CARDS ***
Dealt to Dorex2007 [Ac 3c]
415bigb: calls $0.02
Dorex2007: raises $0.04 to $0.06
rjeg333: folds 
nadokesh: folds 
cbenite97: folds 
Nlio_76: folds 
J.M3L0: calls $0.05
samuel144: folds 
415bigb: calls $0.04
*** FLOP *** [4d Kd 4c]
J.M3L0: checks 
415bigb: checks 
Dorex2007: checks 
*** TURN *** [4d Kd 4c] [Qd]
J.M3L0: checks 
415bigb: checks 
Dorex2007: checks 
*** RIVER *** [4d Kd 4c Qd] [9d]
J.M3L0: checks 
415bigb: bets $0.06
Dorex2007: folds 
J.M3L0: folds 
Uncalled bet ($0.06) returned to 415bigb
415bigb collected $0.19 from pot
415bigb: doesn't show hand 
*** SUMMARY ***
Total pot $0.20 | Rake $0.01 
Board [4d Kd 4c Qd 9d]
Seat 1: cbenite97 folded before Flop (didn't bet)
Seat 2: Nlio_76 (button) folded before Flop (didn't bet)
Seat 3: J.M3L0 (small blind) folded on the River
Seat 4: samuel144 (big blind) folded before Flop
Seat 5: 415bigb collected ($0.19)
Seat 7: Dorex2007 folded on the River
Seat 8: rjeg333 folded before Flop (didn't bet)
Seat 9: nadokesh folded before Flop (didn't bet)



PokerStars Hand #231074741058:  Hold'em No Limit ($0.01/$0.02 USD) - 2021/11/01 20:08:05 PT [2021/11/01 23:08:05 ET]
Table 'Lehigh II' 9-max Seat #3 is the button
Seat 1: cbenite97 ($2.79 in chips) 
Seat 2: Nlio_76 ($2.14 in chips) 
Seat 3: J.M3L0 ($1.86 in chips) 
Seat 4: samuel144 ($1.48 in chips) 
Seat 5: 415bigb ($1.54 in chips) 
Seat 7: Dorex2007 ($4.18 in chips) 
Seat 8: rjeg333 ($2.04 in chips) 
Seat 9: nadokesh ($2 in chips) 
samuel144: posts small blind $0.01
415bigb: posts big blind $0.02
*** HOLE CARDS ***
Dealt to Dorex2007 [3s 3c]
Dorex2007: folds 
rjeg333 has timed out
rjeg333: folds 
nadokesh: folds 
cbenite97: folds 
Nlio_76 has timed out
Nlio_76: folds 
J.M3L0: calls $0.02
samuel144: calls $0.01
415bigb: checks 
*** FLOP *** [Ac 6h 7d]
samuel144: checks 
415bigb: checks 
J.M3L0: bets $0.06
samuel144: folds 
415bigb: folds 
Uncalled bet ($0.06) returned to J.M3L0
J.M3L0 collected $0.06 from pot
J.M3L0: doesn't show hand 
*** SUMMARY ***
Total pot $0.06 | Rake $0 
Board [Ac 6h 7d]
Seat 1: cbenite97 folded before Flop (didn't bet)
Seat 2: Nlio_76 folded before Flop (didn't bet)
Seat 3: J.M3L0 (button) collected ($0.06)
Seat 4: samuel144 (small blind) folded on the Flop
Seat 5: 415bigb (big blind) folded on the Flop
Seat 7: Dorex2007 folded before Flop (didn't bet)
Seat 8: rjeg333 folded before Flop (didn't bet)
Seat 9: nadokesh folded before Flop (didn't bet)



PokerStars Hand #231074751408:  Hold'em No Limit ($0.01/$0.02 USD) - 2021/11/01 20:09:02 PT [2021/11/01 23:09:02 ET]
Table 'Lehigh II' 9-max Seat #4 is the button
Seat 1: cbenite97 ($2.79 in chips) 
Seat 2: Nlio_76 ($2.14 in chips) 
Seat 3: J.M3L0 ($1.90 in chips) 
Seat 4: samuel144 ($1.46 in chips) 
Seat 5: 415bigb ($1.52 in chips) 
Seat 7: Dorex2007 ($4.18 in chips) 
Seat 8: rjeg333 ($2.04 in chips) 
Seat 9: nadokesh ($2 in chips) 
415bigb: posts small blind $0.01
Dorex2007: posts big blind $0.02
*** HOLE CARDS ***
Dealt to Dorex2007 [3d 5s]
rjeg333: folds 
nadokesh: raises $0.03 to $0.05
cbenite97: folds 
Nlio_76: folds 
J.M3L0: folds 
samuel144: folds 
415bigb: folds 
Dorex2007: folds 
Uncalled bet ($0.03) returned to nadokesh
nadokesh collected $0.05 from pot
nadokesh: doesn't show hand 
*** SUMMARY ***
Total pot $0.05 | Rake $0 
Seat 1: cbenite97 folded before Flop (didn't bet)
Seat 2: Nlio_76 folded before Flop (didn't bet)
Seat 3: J.M3L0 folded before Flop (didn't bet)
Seat 4: samuel144 (button) folded before Flop (didn't bet)
Seat 5: 415bigb (small blind) folded before Flop
Seat 7: Dorex2007 (big blind) folded before Flop
Seat 8: rjeg333 folded before Flop (didn't bet)
Seat 9: nadokesh collected ($0.05)



PokerStars Hand #231074756609:  Hold'em No Limit ($0.01/$0.02 USD) - 2021/11/01 20:09:31 PT [2021/11/01 23:09:31 ET]
Table 'Lehigh II' 9-max Seat #5 is the button
Seat 1: cbenite97 ($2.79 in chips) 
Seat 2: Nlio_76 ($2.14 in chips) 
Seat 3: J.M3L0 ($1.90 in chips) 
Seat 4: samuel144 ($1.46 in chips) 
Seat 5: 415bigb ($1.51 in chips) 
Seat 7: Dorex2007 ($4.16 in chips) 
Seat 8: rjeg333 ($2.04 in chips) 
Seat 9: nadokesh ($2.03 in chips) 
Dorex2007: posts small blind $0.01
rjeg333: posts big blind $0.02
*** HOLE CARDS ***
Dealt to Dorex2007 [5h 7s]
nadokesh: folds 
cbenite97: calls $0.02
Nlio_76: calls $0.02
J.M3L0: calls $0.02
samuel144: folds 
415bigb: folds 
Dorex2007: folds 
rjeg333: checks 
*** FLOP *** [8s 9h As]
rjeg333: checks 
cbenite97: bets $0.04
Nlio_76: raises $0.04 to $0.08
J.M3L0: folds 
rjeg333: folds 
cbenite97: folds 
Uncalled bet ($0.04) returned to Nlio_76
Nlio_76 collected $0.16 from pot
*** SUMMARY ***
Total pot $0.17 | Rake $0.01 
Board [8s 9h As]
Seat 1: cbenite97 folded on the Flop
Seat 2: Nlio_76 collected ($0.16)
Seat 3: J.M3L0 folded on the Flop
Seat 4: samuel144 folded before Flop (didn't bet)
Seat 5: 415bigb (button) folded before Flop (didn't bet)
Seat 7: Dorex2007 (small blind) folded before Flop
Seat 8: rjeg333 (big blind) folded on the Flop
Seat 9: nadokesh folded before Flop (didn't bet)



PokerStars Hand #231074766472:  Hold'em No Limit ($0.01/$0.02 USD) - 2021/11/01 20:10:26 PT [2021/11/01 23:10:26 ET]
Table 'Lehigh II' 9-max Seat #7 is the button
Seat 1: cbenite97 ($2.73 in chips) 
Seat 2: Nlio_76 ($2.24 in chips) 
Seat 3: J.M3L0 ($1.88 in chips) 
Seat 4: samuel144 ($1.46 in chips) 
Seat 5: 415bigb ($1.51 in chips) 
Seat 7: Dorex2007 ($4.15 in chips) 
Seat 8: rjeg333 ($2.02 in chips) 
Seat 9: nadokesh ($2.03 in chips) 
rjeg333: posts small blind $0.01
nadokesh: posts big blind $0.02
*** HOLE CARDS ***
Dealt to Dorex2007 [Jc 2s]
cbenite97: raises $0.08 to $0.10
margolin777 joins the table at seat #6 
Nlio_76: folds 
J.M3L0: folds 
samuel144: folds 
415bigb: folds 
Dorex2007: folds 
rjeg333: folds 
nadokesh: folds 
Uncalled bet ($0.08) returned to cbenite97
cbenite97 collected $0.05 from pot
cbenite97: doesn't show hand 
*** SUMMARY ***
Total pot $0.05 | Rake $0 
Seat 1: cbenite97 collected ($0.05)
Seat 2: Nlio_76 folded before Flop (didn't bet)
Seat 3: J.M3L0 folded before Flop (didn't bet)
Seat 4: samuel144 folded before Flop (didn't bet)
Seat 5: 415bigb folded before Flop (didn't bet)
Seat 7: Dorex2007 (button) folded before Flop (didn't bet)
Seat 8: rjeg333 (small blind) folded before Flop
Seat 9: nadokesh (big blind) folded before Flop



PokerStars Hand #231074771627:  Hold'em No Limit ($0.01/$0.02 USD) - 2021/11/01 20:10:54 PT [2021/11/01 23:10:54 ET]
Table 'Lehigh II' 9-max Seat #8 is the button
Seat 1: cbenite97 ($2.76 in chips) 
Seat 2: Nlio_76 ($2.24 in chips) 
Seat 3: J.M3L0 ($1.88 in chips) 
Seat 4: samuel144 ($1.46 in chips) 
Seat 5: 415bigb ($1.51 in chips) 
Seat 6: margolin777 ($0.85 in chips) 
Seat 7: Dorex2007 ($4.15 in chips) 
Seat 8: rjeg333 ($2.01 in chips) 
Seat 9: nadokesh ($2.01 in chips) 
nadokesh: posts small blind $0.01
cbenite97: posts big blind $0.02
margolin777: posts big blind $0.02
*** HOLE CARDS ***
Dealt to Dorex2007 [Ad 2h]
Nlio_76: folds 
J.M3L0: raises $0.02 to $0.04
samuel144: folds 
415bigb: calls $0.04
margolin777: calls $0.02
Dorex2007: folds 
rjeg333: folds 
nadokesh: folds 
cbenite97: folds 
*** FLOP *** [3s 8c Js]
J.M3L0: checks 
415bigb: checks 
margolin777: bets $0.02
J.M3L0: calls $0.02
415bigb: folds 
*** TURN *** [3s 8c Js] [2s]
J.M3L0: checks 
margolin777: bets $0.18
J.M3L0: folds 
Uncalled bet ($0.18) returned to margolin777
margolin777 collected $0.18 from pot
margolin777: doesn't show hand 
*** SUMMARY ***
Total pot $0.19 | Rake $0.01 
Board [3s 8c Js 2s]
Seat 1: cbenite97 (big blind) folded before Flop
Seat 2: Nlio_76 folded before Flop (didn't bet)
Seat 3: J.M3L0 folded on the Turn
Seat 4: samuel144 folded before Flop (didn't bet)
Seat 5: 415bigb folded on the Flop
Seat 6: margolin777 collected ($0.18)
Seat 7: Dorex2007 folded before Flop (didn't bet)
Seat 8: rjeg333 (button) folded before Flop (didn't bet)
Seat 9: nadokesh (small blind) folded before Flop



PokerStars Hand #231074784526:  Hold'em No Limit ($0.01/$0.02 USD) - 2021/11/01 20:11:48 PT [2021/11/01 23:11:48 ET]
Table 'Lehigh II' 9-max Seat #9 is the button
Seat 1: cbenite97 ($2.74 in chips) 
Seat 2: Nlio_76 ($2.24 in chips) 
Seat 3: J.M3L0 ($1.82 in chips) 
Seat 4: samuel144 ($1.46 in chips) 
Seat 5: 415bigb ($1.47 in chips) 
Seat 6: margolin777 ($0.97 in chips) 
Seat 7: Dorex2007 ($4.15 in chips) 
Seat 8: rjeg333 ($2.01 in chips) 
Seat 9: nadokesh ($2 in chips) 
cbenite97: posts small blind $0.01
Nlio_76: posts big blind $0.02
*** HOLE CARDS ***
Dealt to Dorex2007 [5h Td]
J.M3L0: folds 
samuel144: folds 
415bigb: folds 
margolin777: calls $0.02
Dorex2007: folds 
rjeg333: folds 
nadokesh: folds 
cbenite97: raises $0.04 to $0.06
Nlio_76: folds 
margolin777: calls $0.04
*** FLOP *** [7h 5d 2s]
cbenite97: checks 
margolin777: bets $0.02
cbenite97: calls $0.02
*** TURN *** [7h 5d 2s] [Ks]
cbenite97: checks 
margolin777: checks 
*** RIVER *** [7h 5d 2s Ks] [5s]
cbenite97: bets $0.08
margolin777: folds 
Uncalled bet ($0.08) returned to cbenite97
cbenite97 collected $0.17 from pot
cbenite97: doesn't show hand 
*** SUMMARY ***
Total pot $0.18 | Rake $0.01 
Board [7h 5d 2s Ks 5s]
Seat 1: cbenite97 (small blind) collected ($0.17)
Seat 2: Nlio_76 (big blind) folded before Flop
Seat 3: J.M3L0 folded before Flop (didn't bet)
Seat 4: samuel144 folded before Flop (didn't bet)
Seat 5: 415bigb folded before Flop (didn't bet)
Seat 6: margolin777 folded on the River
Seat 7: Dorex2007 folded before Flop (didn't bet)
Seat 8: rjeg333 folded before Flop (didn't bet)
Seat 9: nadokesh (button) folded before Flop (didn't bet)



PokerStars Hand #231074796168:  Hold'em No Limit ($0.01/$0.02 USD) - 2021/11/01 20:12:53 PT [2021/11/01 23:12:53 ET]
Table 'Lehigh II' 9-max Seat #1 is the button
Seat 1: cbenite97 ($2.83 in chips) 
Seat 2: Nlio_76 ($2.22 in chips) 
Seat 3: J.M3L0 ($1.82 in chips) 
Seat 4: samuel144 ($1.46 in chips) 
Seat 5: 415bigb ($1.47 in chips) 
Seat 6: margolin777 ($0.89 in chips) 
Seat 7: Dorex2007 ($4.15 in chips) 
Seat 8: rjeg333 ($2.01 in chips) 
Seat 9: nadokesh ($2 in chips) 
Nlio_76: posts small blind $0.01
J.M3L0: posts big blind $0.02
*** HOLE CARDS ***
Dealt to Dorex2007 [Kc Th]
samuel144: folds 
415bigb: folds 
margolin777: calls $0.02
Dorex2007: folds 
rjeg333: folds 
nadokesh has timed out
nadokesh: folds 
cbenite97: folds 
Nlio_76: calls $0.01
J.M3L0: checks 
*** FLOP *** [8h 7d Qs]
Nlio_76: checks 
J.M3L0: bets $0.02
margolin777: calls $0.02
Nlio_76: folds 
*** TURN *** [8h 7d Qs] [8c]
J.M3L0: checks 
margolin777: bets $0.02
J.M3L0: calls $0.02
*** RIVER *** [8h 7d Qs 8c] [8d]
J.M3L0: checks 
margolin777: checks 
*** SHOW DOWN ***
J.M3L0: shows [Ac 9h] (three of a kind, Eights)
margolin777: shows [7h As] (a full house, Eights full of Sevens)
margolin777 collected $0.14 from pot
*** SUMMARY ***
Total pot $0.14 | Rake $0 
Board [8h 7d Qs 8c 8d]
Seat 1: cbenite97 (button) folded before Flop (didn't bet)
Seat 2: Nlio_76 (small blind) folded on the Flop
Seat 3: J.M3L0 (big blind) showed [Ac 9h] and lost with three of a kind, Eights
Seat 4: samuel144 folded before Flop (didn't bet)
Seat 5: 415bigb folded before Flop (didn't bet)
Seat 6: margolin777 showed [7h As] and won ($0.14) with a full house, Eights full of Sevens
Seat 7: Dorex2007 folded before Flop (didn't bet)
Seat 8: rjeg333 folded before Flop (didn't bet)
Seat 9: nadokesh folded before Flop (didn't bet)



PokerStars Hand #231074806895:  Hold'em No Limit ($0.01/$0.02 USD) - 2021/11/01 20:13:52 PT [2021/11/01 23:13:52 ET]
Table 'Lehigh II' 9-max Seat #2 is the button
Seat 1: cbenite97 ($2.83 in chips) 
Seat 2: Nlio_76 ($2.20 in chips) 
Seat 3: J.M3L0 ($1.76 in chips) 
Seat 4: samuel144 ($1.46 in chips) 
Seat 5: 415bigb ($1.47 in chips) 
Seat 6: margolin777 ($0.97 in chips) 
Seat 7: Dorex2007 ($4.15 in chips) 
Seat 8: rjeg333 ($2.01 in chips) 
J.M3L0: posts small blind $0.01
samuel144: posts big blind $0.02
*** HOLE CARDS ***
Dealt to Dorex2007 [Jh Js]
415bigb: folds 
margolin777: calls $0.02
Dorex2007: raises $0.08 to $0.10
rjeg333: folds 
cbenite97: folds 
Nlio_76: folds 
J.M3L0: folds 
samuel144: folds 
margolin777: calls $0.08
*** FLOP *** [7h 4d Qh]
margolin777: checks 
Dorex2007: bets $0.15
margolin777: folds 
Uncalled bet ($0.15) returned to Dorex2007
Dorex2007 collected $0.22 from pot
Dorex2007: doesn't show hand 
*** SUMMARY ***
Total pot $0.23 | Rake $0.01 
Board [7h 4d Qh]
Seat 1: cbenite97 folded before Flop (didn't bet)
Seat 2: Nlio_76 (button) folded before Flop (didn't bet)
Seat 3: J.M3L0 (small blind) folded before Flop
Seat 4: samuel144 (big blind) folded before Flop
Seat 5: 415bigb folded before Flop (didn't bet)
Seat 6: margolin777 folded on the Flop
Seat 7: Dorex2007 collected ($0.22)
Seat 8: rjeg333 folded before Flop (didn't bet)



PokerStars Hand #231074812817:  Hold'em No Limit ($0.01/$0.02 USD) - 2021/11/01 20:14:25 PT [2021/11/01 23:14:25 ET]
Table 'Lehigh II' 9-max Seat #3 is the button
Seat 1: cbenite97 ($2.83 in chips) 
Seat 2: Nlio_76 ($2.20 in chips) 
Seat 3: J.M3L0 ($1.75 in chips) 
Seat 4: samuel144 ($1.44 in chips) 
Seat 5: 415bigb ($1.47 in chips) 
Seat 6: margolin777 ($0.87 in chips) 
Seat 7: Dorex2007 ($4.27 in chips) 
Seat 8: rjeg333 ($2.01 in chips) 
samuel144: posts small blind $0.01
415bigb: posts big blind $0.02
*** HOLE CARDS ***
Dealt to Dorex2007 [4d 5s]
margolin777: calls $0.02
Dorex2007: folds 
rjeg333: folds 
cbenite97: folds 
Nlio_76: folds 
J.M3L0: calls $0.02
samuel144: calls $0.01
415bigb: checks 
*** FLOP *** [Kh Ac 5h]
samuel144: checks 
415bigb: checks 
margolin777: bets $0.02
J.M3L0: raises $0.02 to $0.04
samuel144: folds 
415bigb: folds 
margolin777: calls $0.02
*** TURN *** [Kh Ac 5h] [Kc]
margolin777: checks 
J.M3L0: checks 
*** RIVER *** [Kh Ac 5h Kc] [5d]
margolin777: bets $0.81 and is all-in
J.M3L0: folds 
Uncalled bet ($0.81) returned to margolin777
margolin777 collected $0.15 from pot
margolin777: doesn't show hand 
*** SUMMARY ***
Total pot $0.16 | Rake $0.01 
Board [Kh Ac 5h Kc 5d]
Seat 1: cbenite97 folded before Flop (didn't bet)
Seat 2: Nlio_76 folded before Flop (didn't bet)
Seat 3: J.M3L0 (button) folded on the River
Seat 4: samuel144 (small blind) folded on the Flop
Seat 5: 415bigb (big blind) folded on the Flop
Seat 6: margolin777 collected ($0.15)
Seat 7: Dorex2007 folded before Flop (didn't bet)
Seat 8: rjeg333 folded before Flop (didn't bet)



PokerStars Hand #231074822440:  Hold'em No Limit ($0.01/$0.02 USD) - 2021/11/01 20:15:20 PT [2021/11/01 23:15:20 ET]
Table 'Lehigh II' 9-max Seat #4 is the button
Seat 1: cbenite97 ($2.83 in chips) 
Seat 2: Nlio_76 ($2.20 in chips) 
Seat 3: J.M3L0 ($1.69 in chips) 
Seat 4: samuel144 ($1.42 in chips) 
Seat 5: 415bigb ($1.45 in chips) 
Seat 6: margolin777 ($0.96 in chips) 
Seat 7: Dorex2007 ($4.27 in chips) 
Seat 8: rjeg333 ($2.01 in chips) 
415bigb: posts small blind $0.01
margolin777: posts big blind $0.02
*** HOLE CARDS ***
Dealt to Dorex2007 [Th 3s]
Dorex2007: folds 
rjeg333: folds 
cbenite97: folds 
Nlio_76: folds 
J.M3L0: calls $0.02
samuel144: folds 
415bigb: raises $0.06 to $0.08
margolin777: calls $0.06
J.M3L0: calls $0.06
*** FLOP *** [6h Js Jd]
415bigb: checks 
margolin777: checks 
J.M3L0: checks 
*** TURN *** [6h Js Jd] [4c]
415bigb: bets $0.06
margolin777: folds 
J.M3L0: folds 
Uncalled bet ($0.06) returned to 415bigb
415bigb collected $0.23 from pot
415bigb: doesn't show hand 
*** SUMMARY ***
Total pot $0.24 | Rake $0.01 
Board [6h Js Jd 4c]
Seat 1: cbenite97 folded before Flop (didn't bet)
Seat 2: Nlio_76 folded before Flop (didn't bet)
Seat 3: J.M3L0 folded on the Turn
Seat 4: samuel144 (button) folded before Flop (didn't bet)
Seat 5: 415bigb (small blind) collected ($0.23)
Seat 6: margolin777 (big blind) folded on the Turn
Seat 7: Dorex2007 folded before Flop (didn't bet)
Seat 8: rjeg333 folded before Flop (didn't bet)



PokerStars Hand #231074829414:  Hold'em No Limit ($0.01/$0.02 USD) - 2021/11/01 20:15:59 PT [2021/11/01 23:15:59 ET]
Table 'Lehigh II' 9-max Seat #5 is the button
Seat 1: cbenite97 ($2.83 in chips) 
Seat 2: Nlio_76 ($2.20 in chips) 
Seat 3: J.M3L0 ($1.61 in chips) 
Seat 4: samuel144 ($1.42 in chips) 
Seat 5: 415bigb ($1.60 in chips) 
Seat 6: margolin777 ($0.88 in chips) 
Seat 7: Dorex2007 ($4.27 in chips) 
Seat 8: rjeg333 ($2.01 in chips) 
margolin777: posts small blind $0.01
Dorex2007: posts big blind $0.02
*** HOLE CARDS ***
Dealt to Dorex2007 [9d 6d]
rjeg333: folds 
cbenite97: folds 
Nlio_76: folds 
J.M3L0: calls $0.02
samuel144: folds 
415bigb: folds 
margolin777: calls $0.01
Dorex2007: checks 
*** FLOP *** [Qh 9c 4h]
margolin777: checks 
Dorex2007: checks 
J.M3L0: checks 
*** TURN *** [Qh 9c 4h] [Qc]
margolin777: checks 
Dorex2007: checks 
J.M3L0: checks 
*** RIVER *** [Qh 9c 4h Qc] [Ac]
margolin777: checks 
Dorex2007: checks 
J.M3L0: bets $0.08
margolin777: folds 
Dorex2007: folds 
Uncalled bet ($0.08) returned to J.M3L0
J.M3L0 collected $0.06 from pot
J.M3L0: doesn't show hand 
*** SUMMARY ***
Total pot $0.06 | Rake $0 
Board [Qh 9c 4h Qc Ac]
Seat 1: cbenite97 folded before Flop (didn't bet)
Seat 2: Nlio_76 folded before Flop (didn't bet)
Seat 3: J.M3L0 collected ($0.06)
Seat 4: samuel144 folded before Flop (didn't bet)
Seat 5: 415bigb (button) folded before Flop (didn't bet)
Seat 6: margolin777 (small blind) folded on the River
Seat 7: Dorex2007 (big blind) folded on the River
Seat 8: rjeg333 folded before Flop (didn't bet)



PokerStars Hand #231074839875:  Hold'em No Limit ($0.01/$0.02 USD) - 2021/11/01 20:16:59 PT [2021/11/01 23:16:59 ET]
Table 'Lehigh II' 9-max Seat #6 is the button
Seat 1: cbenite97 ($2.83 in chips) 
Seat 2: Nlio_76 ($2.20 in chips) 
Seat 3: J.M3L0 ($1.65 in chips) 
Seat 4: samuel144 ($1.42 in chips) 
Seat 5: 415bigb ($1.60 in chips) 
Seat 6: margolin777 ($0.86 in chips) 
Seat 7: Dorex2007 ($4.25 in chips) 
Seat 8: rjeg333 ($2.01 in chips) 
Dorex2007: posts small blind $0.01
rjeg333: posts big blind $0.02
*** HOLE CARDS ***
Dealt to Dorex2007 [7d 9h]
cbenite97: folds 
Nlio_76: folds 
J.M3L0: raises $0.02 to $0.04
samuel144: folds 
415bigb: raises $0.04 to $0.08
margolin777: calls $0.08
Dorex2007: folds 
rjeg333: folds 
J.M3L0: calls $0.04
*** FLOP *** [5d 2c 3c]
J.M3L0: checks 
415bigb: bets $0.04
margolin777: raises $0.74 to $0.78 and is all-in
J.M3L0: folds 
415bigb: calls $0.74
*** TURN *** [5d 2c 3c] [8d]
*** RIVER *** [5d 2c 3c 8d] [5s]
*** SHOW DOWN ***
415bigb: shows [Ah Kh] (a pair of Fives)
margolin777: shows [5c 4s] (three of a kind, Fives)
margolin777 cashed out the hand for $1.42 | Cash Out Fee $0.01
*** SUMMARY ***
Total pot $1.83 | Rake $0.06 
Board [5d 2c 3c 8d 5s]
Seat 1: cbenite97 folded before Flop (didn't bet)
Seat 2: Nlio_76 folded before Flop (didn't bet)
Seat 3: J.M3L0 folded on the Flop
Seat 4: samuel144 folded before Flop (didn't bet)
Seat 5: 415bigb showed [Ah Kh] and lost with a pair of Fives
Seat 6: margolin777 (button) showed [5c 4s] and won ($1.77) with three of a kind, Fives (pot not awarded as player cashed out)
Seat 7: Dorex2007 (small blind) folded before Flop
Seat 8: rjeg333 (big blind) folded before Flop



PokerStars Hand #231074851579:  Hold'em No Limit ($0.01/$0.02 USD) - 2021/11/01 20:18:05 PT [2021/11/01 23:18:05 ET]
Table 'Lehigh II' 9-max Seat #7 is the button
Seat 1: cbenite97 ($2.83 in chips) 
Seat 2: Nlio_76 ($2.20 in chips) 
Seat 3: J.M3L0 ($1.57 in chips) 
Seat 4: samuel144 ($1.42 in chips) 
Seat 5: 415bigb ($0.74 in chips) 
Seat 6: margolin777 ($1.42 in chips) 
Seat 7: Dorex2007 ($4.24 in chips) 
Seat 8: rjeg333 ($1.99 in chips) 
rjeg333: posts small blind $0.01
cbenite97: posts big blind $0.02
*** HOLE CARDS ***
Dealt to Dorex2007 [Qs Jc]
Nlio_76: folds 
J.M3L0: calls $0.02
samuel144: calls $0.02
415bigb: folds 
margolin777: calls $0.02
Dorex2007: calls $0.02
rjeg333: calls $0.01
cbenite97: checks 
*** FLOP *** [7d As Th]
rjeg333: checks 
cbenite97: checks 
J.M3L0: checks 
samuel144: checks 
margolin777: checks 
Dorex2007: bets $0.06
rjeg333: folds 
cbenite97: folds 
J.M3L0: folds 
samuel144: folds 
margolin777: calls $0.06
*** TURN *** [7d As Th] [Kh]
margolin777: bets $1.34 and is all-in
Dorex2007: calls $1.34
*** RIVER *** [7d As Th Kh] [9h]
*** SHOW DOWN ***
margolin777: shows [Qh Jh] (a straight flush, Nine to King)
Dorex2007: shows [Qs Jc] (a straight, Ten to Ace)
margolin777 collected $2.82 from pot
Dorex2007 cashed out the hand for $1.11 | Cash Out Fee $0.01
*** SUMMARY ***
Total pot $2.92 | Rake $0.10 
Board [7d As Th Kh 9h]
Seat 1: cbenite97 (big blind) folded on the Flop
Seat 2: Nlio_76 folded before Flop (didn't bet)
Seat 3: J.M3L0 folded on the Flop
Seat 4: samuel144 folded on the Flop
Seat 5: 415bigb folded before Flop (didn't bet)
Seat 6: margolin777 showed [Qh Jh] and won ($2.82) with a straight flush, Nine to King
Seat 7: Dorex2007 (button) showed [Qs Jc] and lost with a straight, Ten to Ace (cashed out).
Seat 8: rjeg333 (small blind) folded on the Flop



PokerStars Hand #231074870446:  Hold'em No Limit ($0.01/$0.02 USD) - 2021/11/01 20:19:34 PT [2021/11/01 23:19:34 ET]
Table 'Lehigh II' 9-max Seat #8 is the button
Seat 1: cbenite97 ($2.81 in chips) 
Seat 2: Nlio_76 ($2.20 in chips) 
Seat 3: J.M3L0 ($1.55 in chips) 
Seat 4: samuel144 ($1.40 in chips) 
Seat 5: 415bigb ($0.74 in chips) 
Seat 6: margolin777 ($2.82 in chips) 
Seat 7: Dorex2007 ($3.93 in chips) 
Seat 8: rjeg333 ($1.97 in chips) 
cbenite97: posts small blind $0.01
Nlio_76: posts big blind $0.02
*** HOLE CARDS ***
Dealt to Dorex2007 [Kd 3c]
J.M3L0: calls $0.02
samuel144: calls $0.02
415bigb: folds 
margolin777: calls $0.02
Dorex2007: folds 
rjeg333: folds 
cbenite97: folds 
Nlio_76: checks 
*** FLOP *** [6h 4d 6d]
Nlio_76: checks 
J.M3L0: bets $0.02
samuel144: folds 
margolin777: calls $0.02
Nlio_76: folds 
*** TURN *** [6h 4d 6d] [6s]
J.M3L0: bets $0.02
margolin777: calls $0.02
*** RIVER *** [6h 4d 6d 6s] [Jh]
J.M3L0: bets $0.04
margolin777: calls $0.04
*** SHOW DOWN ***
J.M3L0: shows [4c 7c] (a full house, Sixes full of Fours)
margolin777: shows [Th Td] (a full house, Sixes full of Tens)
margolin777 collected $0.24 from pot
*** SUMMARY ***
Total pot $0.25 | Rake $0.01 
Board [6h 4d 6d 6s Jh]
Seat 1: cbenite97 (small blind) folded before Flop
Seat 2: Nlio_76 (big blind) folded on the Flop
Seat 3: J.M3L0 showed [4c 7c] and lost with a full house, Sixes full of Fours
Seat 4: samuel144 folded on the Flop
Seat 5: 415bigb folded before Flop (didn't bet)
Seat 6: margolin777 showed [Th Td] and won ($0.24) with a full house, Sixes full of Tens
Seat 7: Dorex2007 folded before Flop (didn't bet)
Seat 8: rjeg333 (button) folded before Flop (didn't bet)



PokerStars Hand #231074879150:  Hold'em No Limit ($0.01/$0.02 USD) - 2021/11/01 20:20:23 PT [2021/11/01 23:20:23 ET]
Table 'Lehigh II' 9-max Seat #1 is the button
Seat 1: cbenite97 ($2.80 in chips) 
Seat 2: Nlio_76 ($2.18 in chips) 
Seat 3: J.M3L0 ($1.45 in chips) 
Seat 4: samuel144 ($1.38 in chips) 
Seat 5: 415bigb ($0.74 in chips) 
Seat 6: margolin777 ($2.96 in chips) 
Seat 7: Dorex2007 ($3.93 in chips) 
Seat 8: rjeg333 ($1.97 in chips) 
Nlio_76: posts small blind $0.01
J.M3L0: posts big blind $0.02
*** HOLE CARDS ***
Dealt to Dorex2007 [4d 5s]
samuel144: calls $0.02
415bigb: calls $0.02
margolin777: calls $0.02
Dorex2007: folds 
rjeg333: folds 
cbenite97: folds 
Nlio_76: calls $0.01
J.M3L0: checks 
*** FLOP *** [7d Qs 2h]
Nlio_76: checks 
J.M3L0: bets $0.02
samuel144: calls $0.02
415bigb: calls $0.02
margolin777: calls $0.02
Nlio_76: calls $0.02
*** TURN *** [7d Qs 2h] [Td]
Nlio_76: checks 
J.M3L0: bets $0.02
samuel144: calls $0.02
415bigb: folds 
margolin777: calls $0.02
Nlio_76: calls $0.02
*** RIVER *** [7d Qs 2h Td] [Th]
Nlio_76: checks 
J.M3L0: checks 
samuel144: checks 
margolin777: checks 
*** SHOW DOWN ***
Nlio_76: shows [8d 6d] (a pair of Tens)
J.M3L0: shows [2c 7s] (two pair, Tens and Sevens)
samuel144: shows [Js Qh] (two pair, Queens and Tens)
margolin777: mucks hand 
samuel144 collected $0.27 from pot
*** SUMMARY ***
Total pot $0.28 | Rake $0.01 
Board [7d Qs 2h Td Th]
Seat 1: cbenite97 (button) folded before Flop (didn't bet)
Seat 2: Nlio_76 (small blind) showed [8d 6d] and lost with a pair of Tens
Seat 3: J.M3L0 (big blind) showed [2c 7s] and lost with two pair, Tens and Sevens
Seat 4: samuel144 showed [Js Qh] and won ($0.27) with two pair, Queens and Tens
Seat 5: 415bigb folded on the Turn
Seat 6: margolin777 mucked [9h 7c]
Seat 7: Dorex2007 folded before Flop (didn't bet)
Seat 8: rjeg333 folded before Flop (didn't bet)



PokerStars Hand #231074903365:  Hold'em No Limit ($0.01/$0.02 USD) - 2021/11/01 20:21:46 PT [2021/11/01 23:21:46 ET]
Table 'Lehigh II' 9-max Seat #2 is the button
Seat 1: cbenite97 ($2.80 in chips) 
Seat 2: Nlio_76 ($2.12 in chips) 
Seat 3: J.M3L0 ($1.39 in chips) 
Seat 4: samuel144 ($1.59 in chips) 
Seat 5: 415bigb ($0.70 in chips) 
Seat 6: margolin777 ($2.90 in chips) 
Seat 7: Dorex2007 ($3.93 in chips) 
Seat 8: rjeg333 ($1.97 in chips) 
J.M3L0: posts small blind $0.01
samuel144: posts big blind $0.02
*** HOLE CARDS ***
Dealt to Dorex2007 [8c Kh]
415bigb: folds 
margolin777: folds 
margolin777 leaves the table
Dorex2007: folds 
rjeg333: folds 
cbenite97: calls $0.02
Nlio_76: folds 
J.M3L0: calls $0.01
samuel144: checks 
*** FLOP *** [7c Tc Jc]
J.M3L0: bets $0.02
samuel144: folds 
cbenite97: calls $0.02
*** TURN *** [7c Tc Jc] [4c]
J.M3L0: bets $0.02
cbenite97: folds 
Uncalled bet ($0.02) returned to J.M3L0
J.M3L0 collected $0.10 from pot
J.M3L0: doesn't show hand 
*** SUMMARY ***
Total pot $0.10 | Rake $0 
Board [7c Tc Jc 4c]
Seat 1: cbenite97 folded on the Turn
Seat 2: Nlio_76 (button) folded before Flop (didn't bet)
Seat 3: J.M3L0 (small blind) collected ($0.10)
Seat 4: samuel144 (big blind) folded on the Flop
Seat 5: 415bigb folded before Flop (didn't bet)
Seat 6: margolin777 folded before Flop (didn't bet)
Seat 7: Dorex2007 folded before Flop (didn't bet)
Seat 8: rjeg333 folded before Flop (didn't bet)



PokerStars Hand #231074912059:  Hold'em No Limit ($0.01/$0.02 USD) - 2021/11/01 20:22:36 PT [2021/11/01 23:22:36 ET]
Table 'Lehigh II' 9-max Seat #3 is the button
Seat 1: cbenite97 ($2.76 in chips) 
Seat 2: Nlio_76 ($2.12 in chips) 
Seat 3: J.M3L0 ($1.45 in chips) 
Seat 4: samuel144 ($1.57 in chips) 
Seat 5: 415bigb ($0.70 in chips) 
Seat 7: Dorex2007 ($3.93 in chips) 
Seat 8: rjeg333 ($1.97 in chips) 
samuel144: posts small blind $0.01
415bigb: posts big blind $0.02
*** HOLE CARDS ***
Dealt to Dorex2007 [7d Ks]
Dorex2007: folds 
popayrus joins the table at seat #6 
rjeg333: raises $0.04 to $0.06
cbenite97: folds 
Nlio_76: folds 
J.M3L0: calls $0.06
samuel144: calls $0.05
415bigb: folds 
*** FLOP *** [Ac 2d 9d]
samuel144: checks 
rjeg333: checks 
J.M3L0: checks 
*** TURN *** [Ac 2d 9d] [8h]
samuel144: checks 
rjeg333: bets $0.14
J.M3L0: calls $0.14
samuel144: folds 
*** RIVER *** [Ac 2d 9d 8h] [6d]
rjeg333: bets $0.12
J.M3L0: folds 
Uncalled bet ($0.12) returned to rjeg333
rjeg333 collected $0.46 from pot
*** SUMMARY ***
Total pot $0.48 | Rake $0.02 
Board [Ac 2d 9d 8h 6d]
Seat 1: cbenite97 folded before Flop (didn't bet)
Seat 2: Nlio_76 folded before Flop (didn't bet)
Seat 3: J.M3L0 (button) folded on the River
Seat 4: samuel144 (small blind) folded on the Turn
Seat 5: 415bigb (big blind) folded before Flop
Seat 7: Dorex2007 folded before Flop (didn't bet)
Seat 8: rjeg333 collected ($0.46)



PokerStars Hand #231074922207:  Hold'em No Limit ($0.01/$0.02 USD) - 2021/11/01 20:23:35 PT [2021/11/01 23:23:35 ET]
Table 'Lehigh II' 9-max Seat #4 is the button
Seat 1: cbenite97 ($2.76 in chips) 
Seat 2: Nlio_76 ($2.12 in chips) 
Seat 3: J.M3L0 ($1.25 in chips) 
Seat 4: samuel144 ($1.51 in chips) 
Seat 5: 415bigb ($0.68 in chips) 
Seat 6: popayrus ($2 in chips) 
Seat 7: Dorex2007 ($3.93 in chips) 
Seat 8: rjeg333 ($2.23 in chips) 
415bigb: posts small blind $0.01
popayrus: posts big blind $0.02
*** HOLE CARDS ***
Dealt to Dorex2007 [9c Ad]
Dorex2007: folds 
rjeg333: raises $0.04 to $0.06
cbenite97: folds 
Nlio_76: folds 
J.M3L0: calls $0.06
samuel144: calls $0.06
415bigb: calls $0.05
popayrus: folds 
*** FLOP *** [3c 7h Js]
415bigb: checks 
rjeg333: bets $0.12
J.M3L0: calls $0.12
samuel144: folds 
415bigb: folds 
*** TURN *** [3c 7h Js] [Qd]
rjeg333: bets $0.20
J.M3L0: calls $0.20
*** RIVER *** [3c 7h Js Qd] [5h]
rjeg333: checks 
J.M3L0: checks 
*** SHOW DOWN ***
rjeg333: shows [9h 8h] (high card Queen)
J.M3L0: shows [5c 4s] (a pair of Fives)
J.M3L0 collected $0.87 from pot
*** SUMMARY ***
Total pot $0.90 | Rake $0.03 
Board [3c 7h Js Qd 5h]
Seat 1: cbenite97 folded before Flop (didn't bet)
Seat 2: Nlio_76 folded before Flop (didn't bet)
Seat 3: J.M3L0 showed [5c 4s] and won ($0.87) with a pair of Fives
Seat 4: samuel144 (button) folded on the Flop
Seat 5: 415bigb (small blind) folded on the Flop
Seat 6: popayrus (big blind) folded before Flop
Seat 7: Dorex2007 folded before Flop (didn't bet)
Seat 8: rjeg333 showed [9h 8h] and lost with high card Queen



PokerStars Hand #231074934977:  Hold'em No Limit ($0.01/$0.02 USD) - 2021/11/01 20:24:49 PT [2021/11/01 23:24:49 ET]
Table 'Lehigh II' 9-max Seat #5 is the button
Seat 1: cbenite97 ($2.76 in chips) 
Seat 2: Nlio_76 ($2.12 in chips) 
Seat 3: J.M3L0 ($1.74 in chips) 
Seat 4: samuel144 ($1.45 in chips) 
Seat 5: 415bigb ($0.62 in chips) 
Seat 6: popayrus ($2 in chips) 
Seat 7: Dorex2007 ($3.93 in chips) 
Seat 8: rjeg333 ($1.85 in chips) 
popayrus: posts small blind $0.01
Dorex2007: posts big blind $0.02
*** HOLE CARDS ***
Dealt to Dorex2007 [Qh Qd]
rjeg333: folds 
cbenite97: calls $0.02
Nlio_76: folds 
J.M3L0: folds 
samuel144: folds 
415bigb: calls $0.02
popayrus: calls $0.01
Dorex2007: raises $0.12 to $0.14
cbenite97: folds 
415bigb: folds 
popayrus: folds 
Uncalled bet ($0.12) returned to Dorex2007
Dorex2007 collected $0.08 from pot
Dorex2007: doesn't show hand 
*** SUMMARY ***
Total pot $0.08 | Rake $0 
Seat 1: cbenite97 folded before Flop
Seat 2: Nlio_76 folded before Flop (didn't bet)
Seat 3: J.M3L0 folded before Flop (didn't bet)
Seat 4: samuel144 folded before Flop (didn't bet)
Seat 5: 415bigb (button) folded before Flop
Seat 6: popayrus (small blind) folded before Flop
Seat 7: Dorex2007 (big blind) collected ($0.08)
Seat 8: rjeg333 folded before Flop (didn't bet)



PokerStars Hand #231074940143:  Hold'em No Limit ($0.01/$0.02 USD) - 2021/11/01 20:25:19 PT [2021/11/01 23:25:19 ET]
Table 'Lehigh II' 9-max Seat #6 is the button
Seat 1: cbenite97 ($2.74 in chips) 
Seat 2: Nlio_76 ($2.12 in chips) 
Seat 3: J.M3L0 ($1.74 in chips) 
Seat 4: samuel144 ($1.45 in chips) 
Seat 5: 415bigb ($0.60 in chips) 
Seat 6: popayrus ($2 in chips) 
Seat 7: Dorex2007 ($3.99 in chips) 
Seat 8: rjeg333 ($1.85 in chips) 
Dorex2007: posts small blind $0.01
rjeg333: posts big blind $0.02
*** HOLE CARDS ***
Dealt to Dorex2007 [Qc 3s]
cbenite97: folds 
Nlio_76: calls $0.02
J.M3L0: folds 
samuel144: calls $0.02
415bigb: folds 
popayrus: folds 
Dorex2007: calls $0.01
rjeg333: checks 
*** FLOP *** [5d 3h 8h]
Dorex2007: checks 
rjeg333: bets $0.08
Nlio_76: folds 
samuel144: folds 
Dorex2007: folds 
Uncalled bet ($0.08) returned to rjeg333
rjeg333 collected $0.08 from pot
*** SUMMARY ***
Total pot $0.08 | Rake $0 
Board [5d 3h 8h]
Seat 1: cbenite97 folded before Flop (didn't bet)
Seat 2: Nlio_76 folded on the Flop
Seat 3: J.M3L0 folded before Flop (didn't bet)
Seat 4: samuel144 folded on the Flop
Seat 5: 415bigb folded before Flop (didn't bet)
Seat 6: popayrus (button) folded before Flop (didn't bet)
Seat 7: Dorex2007 (small blind) folded on the Flop
Seat 8: rjeg333 (big blind) collected ($0.08)



PokerStars Hand #231074946977:  Hold'em No Limit ($0.01/$0.02 USD) - 2021/11/01 20:25:59 PT [2021/11/01 23:25:59 ET]
Table 'Lehigh II' 9-max Seat #7 is the button
Seat 1: cbenite97 ($2.74 in chips) 
Seat 2: Nlio_76 ($2.10 in chips) 
Seat 3: J.M3L0 ($1.74 in chips) 
Seat 4: samuel144 ($1.43 in chips) 
Seat 5: 415bigb ($0.60 in chips) 
Seat 6: popayrus ($2 in chips) 
Seat 7: Dorex2007 ($3.97 in chips) 
Seat 8: rjeg333 ($1.91 in chips) 
rjeg333: posts small blind $0.01
cbenite97: posts big blind $0.02
*** HOLE CARDS ***
Dealt to Dorex2007 [4d 9d]
Nlio_76: folds 
J.M3L0: folds 
samuel144: calls $0.02
415bigb: folds 
popayrus: folds 
Dorex2007: folds 
rjeg333: calls $0.01
cbenite97: checks 
*** FLOP *** [Qh 2h 4s]
rjeg333: checks 
cbenite97: checks 
samuel144: checks 
*** TURN *** [Qh 2h 4s] [Th]
rjeg333: bets $0.06
cbenite97: folds 
samuel144: calls $0.06
*** RIVER *** [Qh 2h 4s Th] [5h]
rjeg333: bets $0.09
samuel144: folds 
Uncalled bet ($0.09) returned to rjeg333
rjeg333 collected $0.17 from pot
*** SUMMARY ***
Total pot $0.18 | Rake $0.01 
Board [Qh 2h 4s Th 5h]
Seat 1: cbenite97 (big blind) folded on the Turn
Seat 2: Nlio_76 folded before Flop (didn't bet)
Seat 3: J.M3L0 folded before Flop (didn't bet)
Seat 4: samuel144 folded on the River
Seat 5: 415bigb folded before Flop (didn't bet)
Seat 6: popayrus folded before Flop (didn't bet)
Seat 7: Dorex2007 (button) folded before Flop (didn't bet)
Seat 8: rjeg333 (small blind) collected ($0.17)



PokerStars Hand #231074954399:  Hold'em No Limit ($0.01/$0.02 USD) - 2021/11/01 20:26:42 PT [2021/11/01 23:26:42 ET]
Table 'Lehigh II' 9-max Seat #8 is the button
Seat 1: cbenite97 ($2.72 in chips) 
Seat 2: Nlio_76 ($2.10 in chips) 
Seat 3: J.M3L0 ($1.74 in chips) 
Seat 4: samuel144 ($1.35 in chips) 
Seat 5: 415bigb ($0.60 in chips) 
Seat 6: popayrus ($2 in chips) 
Seat 7: Dorex2007 ($3.97 in chips) 
Seat 8: rjeg333 ($2 in chips) 
cbenite97: posts small blind $0.01
Nlio_76: posts big blind $0.02
*** HOLE CARDS ***
Dealt to Dorex2007 [7c 4d]
J.M3L0: calls $0.02
samuel144: calls $0.02
415bigb: folds 
popayrus: raises $0.09 to $0.11
Dorex2007: folds 
rjeg333: folds 
cbenite97: folds 
Nlio_76: folds 
J.M3L0: calls $0.09
samuel144: folds 
*** FLOP *** [9s Ah Jc]
J.M3L0: checks 
popayrus: bets $0.21
J.M3L0: folds 
Uncalled bet ($0.21) returned to popayrus
popayrus collected $0.26 from pot
popayrus: doesn't show hand 
*** SUMMARY ***
Total pot $0.27 | Rake $0.01 
Board [9s Ah Jc]
Seat 1: cbenite97 (small blind) folded before Flop
Seat 2: Nlio_76 (big blind) folded before Flop
Seat 3: J.M3L0 folded on the Flop
Seat 4: samuel144 folded before Flop
Seat 5: 415bigb folded before Flop (didn't bet)
Seat 6: popayrus collected ($0.26)
Seat 7: Dorex2007 folded before Flop (didn't bet)
Seat 8: rjeg333 (button) folded before Flop (didn't bet)



PokerStars Hand #231074961020:  Hold'em No Limit ($0.01/$0.02 USD) - 2021/11/01 20:27:21 PT [2021/11/01 23:27:21 ET]
Table 'Lehigh II' 9-max Seat #1 is the button
Seat 1: cbenite97 ($2.71 in chips) 
Seat 2: Nlio_76 ($2.08 in chips) 
Seat 3: J.M3L0 ($1.63 in chips) 
Seat 4: samuel144 ($1.33 in chips) 
Seat 5: 415bigb ($0.60 in chips) 
Seat 6: popayrus ($2.15 in chips) 
Seat 7: Dorex2007 ($3.97 in chips) 
Seat 8: rjeg333 ($2 in chips) 
Nlio_76: posts small blind $0.01
J.M3L0: posts big blind $0.02
*** HOLE CARDS ***
Dealt to Dorex2007 [7s 8d]
samuel144: calls $0.02
415bigb: folds 
popayrus: folds 
Dorex2007: calls $0.02
rjeg333: folds 
cbenite97: folds 
Nlio_76: folds 
J.M3L0: checks 
*** FLOP *** [Ah Qs Kc]
J.M3L0: bets $0.02
samuel144: folds 
Dorex2007: folds 
Uncalled bet ($0.02) returned to J.M3L0
J.M3L0 collected $0.07 from pot
J.M3L0: doesn't show hand 
*** SUMMARY ***
Total pot $0.07 | Rake $0 
Board [Ah Qs Kc]
Seat 1: cbenite97 (button) folded before Flop (didn't bet)
Seat 2: Nlio_76 (small blind) folded before Flop
Seat 3: J.M3L0 (big blind) collected ($0.07)
Seat 4: samuel144 folded on the Flop
Seat 5: 415bigb folded before Flop (didn't bet)
Seat 6: popayrus folded before Flop (didn't bet)
Seat 7: Dorex2007 folded on the Flop
Seat 8: rjeg333 folded before Flop (didn't bet)



PokerStars Hand #231074965772:  Hold'em No Limit ($0.01/$0.02 USD) - 2021/11/01 20:27:49 PT [2021/11/01 23:27:49 ET]
Table 'Lehigh II' 9-max Seat #2 is the button
Seat 1: cbenite97 ($2.71 in chips) 
Seat 2: Nlio_76 ($2.07 in chips) 
Seat 3: J.M3L0 ($1.68 in chips) 
Seat 4: samuel144 ($1.31 in chips) 
Seat 5: 415bigb ($0.60 in chips) 
Seat 6: popayrus ($2.15 in chips) 
Seat 7: Dorex2007 ($3.95 in chips) 
Seat 8: rjeg333 ($2 in chips) 
J.M3L0: posts small blind $0.01
samuel144: posts big blind $0.02
*** HOLE CARDS ***
Dealt to Dorex2007 [8h 2h]
415bigb: folds 
popayrus: folds 
Dorex2007: folds 
rjeg333: folds 
cbenite97: folds 
Nlio_76: raises $0.05 to $0.07
J.M3L0: calls $0.06
samuel144: folds 
*** FLOP *** [Ah 3c 7h]
J.M3L0: checks 
Nlio_76: checks 
*** TURN *** [Ah 3c 7h] [Qh]
J.M3L0: checks 
Nlio_76: checks 
*** RIVER *** [Ah 3c 7h Qh] [4s]
J.M3L0: checks 
Nlio_76: checks 
*** SHOW DOWN ***
J.M3L0: shows [8s 5s] (high card Ace)
Nlio_76: shows [4d 5h] (a pair of Fours)
Nlio_76 collected $0.15 from pot
*** SUMMARY ***
Total pot $0.16 | Rake $0.01 
Board [Ah 3c 7h Qh 4s]
Seat 1: cbenite97 folded before Flop (didn't bet)
Seat 2: Nlio_76 (button) showed [4d 5h] and won ($0.15) with a pair of Fours
Seat 3: J.M3L0 (small blind) showed [8s 5s] and lost with high card Ace
Seat 4: samuel144 (big blind) folded before Flop
Seat 5: 415bigb folded before Flop (didn't bet)
Seat 6: popayrus folded before Flop (didn't bet)
Seat 7: Dorex2007 folded before Flop (didn't bet)
Seat 8: rjeg333 folded before Flop (didn't bet)



PokerStars Hand #231074975761:  Hold'em No Limit ($0.01/$0.02 USD) - 2021/11/01 20:28:47 PT [2021/11/01 23:28:47 ET]
Table 'Lehigh II' 9-max Seat #3 is the button
Seat 1: cbenite97 ($2.71 in chips) 
Seat 2: Nlio_76 ($2.15 in chips) 
Seat 3: J.M3L0 ($1.61 in chips) 
Seat 4: samuel144 ($1.29 in chips) 
Seat 5: 415bigb ($0.60 in chips) 
Seat 6: popayrus ($2.15 in chips) 
Seat 7: Dorex2007 ($3.95 in chips) 
Seat 8: rjeg333 ($2 in chips) 
samuel144: posts small blind $0.01
415bigb: posts big blind $0.02
*** HOLE CARDS ***
Dealt to Dorex2007 [3h 5c]
popayrus: folds 
Dorex2007: folds 
rjeg333: folds 
cbenite97: folds 
Nlio_76: calls $0.02
J.M3L0: calls $0.02
samuel144: calls $0.01
415bigb: checks 
*** FLOP *** [8h Kh Td]
samuel144: checks 
415bigb: checks 
Nlio_76: checks 
J.M3L0: checks 
*** TURN *** [8h Kh Td] [5h]
samuel144: checks 
415bigb: checks 
Nlio_76: bets $0.06
J.M3L0: folds 
samuel144: calls $0.06
415bigb: folds 
*** RIVER *** [8h Kh Td 5h] [3c]
samuel144: checks 
Nlio_76: bets $0.07
samuel144: folds 
Uncalled bet ($0.07) returned to Nlio_76
Nlio_76 collected $0.19 from pot
Nlio_76: doesn't show hand 
*** SUMMARY ***
Total pot $0.20 | Rake $0.01 
Board [8h Kh Td 5h 3c]
Seat 1: cbenite97 folded before Flop (didn't bet)
Seat 2: Nlio_76 collected ($0.19)
Seat 3: J.M3L0 (button) folded on the Turn
Seat 4: samuel144 (small blind) folded on the River
Seat 5: 415bigb (big blind) folded on the Turn
Seat 6: popayrus folded before Flop (didn't bet)
Seat 7: Dorex2007 folded before Flop (didn't bet)
Seat 8: rjeg333 folded before Flop (didn't bet)



PokerStars Hand #231074994650:  Hold'em No Limit ($0.01/$0.02 USD) - 2021/11/01 20:30:38 PT [2021/11/01 23:30:38 ET]
Table 'Lehigh II' 9-max Seat #4 is the button
Seat 1: cbenite97 ($2.71 in chips) 
Seat 2: Nlio_76 ($2.26 in chips) 
Seat 3: J.M3L0 ($1.59 in chips) 
Seat 4: samuel144 ($1.21 in chips) 
Seat 5: 415bigb ($0.58 in chips) 
Seat 6: popayrus ($2.15 in chips) 
Seat 7: Dorex2007 ($3.95 in chips) 
Seat 8: rjeg333 ($2 in chips) 
415bigb: posts small blind $0.01
popayrus: posts big blind $0.02
*** HOLE CARDS ***
Dealt to Dorex2007 [Kd Ac]
Dorex2007: raises $0.04 to $0.06
rjeg333: folds 
cbenite97: folds 
Nlio_76: folds 
J.M3L0: folds 
samuel144: folds 
415bigb: folds 
popayrus: folds 
Uncalled bet ($0.04) returned to Dorex2007
Dorex2007 collected $0.05 from pot
Dorex2007: doesn't show hand 
*** SUMMARY ***
Total pot $0.05 | Rake $0 
Seat 1: cbenite97 folded before Flop (didn't bet)
Seat 2: Nlio_76 folded before Flop (didn't bet)
Seat 3: J.M3L0 folded before Flop (didn't bet)
Seat 4: samuel144 (button) folded before Flop (didn't bet)
Seat 5: 415bigb (small blind) folded before Flop
Seat 6: popayrus (big blind) folded before Flop
Seat 7: Dorex2007 collected ($0.05)
Seat 8: rjeg333 folded before Flop (didn't bet)



PokerStars Hand #231074997182:  Hold'em No Limit ($0.01/$0.02 USD) - 2021/11/01 20:30:53 PT [2021/11/01 23:30:53 ET]
Table 'Lehigh II' 9-max Seat #5 is the button
Seat 1: cbenite97 ($2.71 in chips) 
Seat 2: Nlio_76 ($2.26 in chips) 
Seat 3: J.M3L0 ($1.59 in chips) 
Seat 4: samuel144 ($1.21 in chips) 
Seat 5: 415bigb ($0.57 in chips) 
Seat 6: popayrus ($2.13 in chips) 
Seat 7: Dorex2007 ($3.98 in chips) 
Seat 8: rjeg333 ($2 in chips) 
popayrus: posts small blind $0.01
Dorex2007: posts big blind $0.02
*** HOLE CARDS ***
Dealt to Dorex2007 [9h 6h]
rjeg333: folds 
cbenite97: folds 
Nlio_76: folds 
J.M3L0: calls $0.02
samuel144: folds 
415bigb: folds 
popayrus: raises $0.08 to $0.10
Dorex2007: folds 
J.M3L0: folds 
Uncalled bet ($0.08) returned to popayrus
popayrus collected $0.06 from pot
popayrus: doesn't show hand 
*** SUMMARY ***
Total pot $0.06 | Rake $0 
Seat 1: cbenite97 folded before Flop (didn't bet)
Seat 2: Nlio_76 folded before Flop (didn't bet)
Seat 3: J.M3L0 folded before Flop
Seat 4: samuel144 folded before Flop (didn't bet)
Seat 5: 415bigb (button) folded before Flop (didn't bet)
Seat 6: popayrus (small blind) collected ($0.06)
Seat 7: Dorex2007 (big blind) folded before Flop
Seat 8: rjeg333 folded before Flop (didn't bet)



PokerStars Hand #231075001529:  Hold'em No Limit ($0.01/$0.02 USD) - 2021/11/01 20:31:18 PT [2021/11/01 23:31:18 ET]
Table 'Lehigh II' 9-max Seat #6 is the button
Seat 1: cbenite97 ($2.71 in chips) 
Seat 2: Nlio_76 ($2.26 in chips) 
Seat 3: J.M3L0 ($1.57 in chips) 
Seat 4: samuel144 ($1.21 in chips) 
Seat 5: 415bigb ($0.57 in chips) 
Seat 6: popayrus ($2.17 in chips) 
Seat 7: Dorex2007 ($3.96 in chips) 
Seat 8: rjeg333 ($2 in chips) 
Dorex2007: posts small blind $0.01
rjeg333: posts big blind $0.02
*** HOLE CARDS ***
Dealt to Dorex2007 [5s Qh]
cbenite97: folds 
Nlio_76: folds 
J.M3L0: calls $0.02
samuel144: calls $0.02
415bigb: folds 
popayrus: calls $0.02
Dorex2007: folds 
rjeg333: raises $0.09 to $0.11
J.M3L0: folds 
samuel144: folds 
popayrus: folds 
Uncalled bet ($0.09) returned to rjeg333
rjeg333 collected $0.09 from pot
*** SUMMARY ***
Total pot $0.09 | Rake $0 
Seat 1: cbenite97 folded before Flop (didn't bet)
Seat 2: Nlio_76 folded before Flop (didn't bet)
Seat 3: J.M3L0 folded before Flop
Seat 4: samuel144 folded before Flop
Seat 5: 415bigb folded before Flop (didn't bet)
Seat 6: popayrus (button) folded before Flop
Seat 7: Dorex2007 (small blind) folded before Flop
Seat 8: rjeg333 (big blind) collected ($0.09)



PokerStars Hand #231075011007:  Hold'em No Limit ($0.01/$0.02 USD) - 2021/11/01 20:31:49 PT [2021/11/01 23:31:49 ET]
Table 'Lehigh II' 9-max Seat #7 is the button
Seat 1: cbenite97 ($2.71 in chips) 
Seat 2: Nlio_76 ($2.26 in chips) 
Seat 3: J.M3L0 ($1.55 in chips) 
Seat 4: samuel144 ($1.19 in chips) 
Seat 5: 415bigb ($0.57 in chips) 
Seat 6: popayrus ($2.15 in chips) 
Seat 7: Dorex2007 ($3.95 in chips) 
Seat 8: rjeg333 ($2.07 in chips) 
rjeg333: posts small blind $0.01
cbenite97: posts big blind $0.02
*** HOLE CARDS ***
Dealt to Dorex2007 [8d Ks]
Nlio_76: folds 
Nlio_76 leaves the table
J.M3L0: calls $0.02
samuel144: folds 
415bigb: folds 
Shahta-16 joins the table at seat #2 
popayrus: raises $0.07 to $0.09
Dorex2007: folds 
rjeg333: folds 
cbenite97: folds 
J.M3L0: folds 
Uncalled bet ($0.07) returned to popayrus
popayrus collected $0.07 from pot
popayrus: doesn't show hand 
*** SUMMARY ***
Total pot $0.07 | Rake $0 
Seat 1: cbenite97 (big blind) folded before Flop
Seat 2: Nlio_76 folded before Flop (didn't bet)
Seat 3: J.M3L0 folded before Flop
Seat 4: samuel144 folded before Flop (didn't bet)
Seat 5: 415bigb folded before Flop (didn't bet)
Seat 6: popayrus collected ($0.07)
Seat 7: Dorex2007 (button) folded before Flop (didn't bet)
Seat 8: rjeg333 (small blind) folded before Flop



PokerStars Hand #231075015436:  Hold'em No Limit ($0.01/$0.02 USD) - 2021/11/01 20:32:15 PT [2021/11/01 23:32:15 ET]
Table 'Lehigh II' 9-max Seat #8 is the button
Seat 1: cbenite97 ($2.69 in chips) 
Seat 2: Shahta-16 ($3.48 in chips) 
Seat 3: J.M3L0 ($1.53 in chips) 
Seat 4: samuel144 ($1.19 in chips) 
Seat 5: 415bigb ($0.57 in chips) 
Seat 6: popayrus ($2.20 in chips) 
Seat 7: Dorex2007 ($3.95 in chips) 
Seat 8: rjeg333 ($2.06 in chips) 
cbenite97: posts small blind $0.01
Shahta-16: posts big blind $0.02
*** HOLE CARDS ***
Dealt to Dorex2007 [4s 7d]
J.M3L0: calls $0.02
samuel144: calls $0.02
415bigb has timed out
415bigb: folds 
popayrus: folds 
Dorex2007: folds 
rjeg333: raises $0.02 to $0.04
cbenite97: calls $0.03
Shahta-16: raises $0.20 to $0.24
J.M3L0: folds 
samuel144: folds 
rjeg333: folds 
cbenite97: folds 
Uncalled bet ($0.20) returned to Shahta-16
Shahta-16 collected $0.16 from pot
*** SUMMARY ***
Total pot $0.16 | Rake $0 
Seat 1: cbenite97 (small blind) folded before Flop
Seat 2: Shahta-16 (big blind) collected ($0.16)
Seat 3: J.M3L0 folded before Flop
Seat 4: samuel144 folded before Flop
Seat 5: 415bigb folded before Flop (didn't bet)
Seat 6: popayrus folded before Flop (didn't bet)
Seat 7: Dorex2007 folded before Flop (didn't bet)
Seat 8: rjeg333 (button) folded before Flop



PokerStars Hand #231075022460:  Hold'em No Limit ($0.01/$0.02 USD) - 2021/11/01 20:32:57 PT [2021/11/01 23:32:57 ET]
Table 'Lehigh II' 9-max Seat #1 is the button
Seat 1: cbenite97 ($2.65 in chips) 
Seat 2: Shahta-16 ($3.60 in chips) 
Seat 3: J.M3L0 ($1.51 in chips) 
Seat 4: samuel144 ($1.17 in chips) 
Seat 5: 415bigb ($0.57 in chips) 
Seat 6: popayrus ($2.20 in chips) 
Seat 7: Dorex2007 ($3.95 in chips) 
Seat 8: rjeg333 ($2.02 in chips) 
Shahta-16: posts small blind $0.01
J.M3L0: posts big blind $0.02
*** HOLE CARDS ***
Dealt to Dorex2007 [6c 6h]
samuel144: folds 
415bigb: calls $0.02
popayrus: folds 
Dorex2007: calls $0.02
rjeg333: raises $0.09 to $0.11
cbenite97: folds 
Shahta-16: folds 
J.M3L0: folds 
415bigb: folds 
Dorex2007: folds 
Uncalled bet ($0.09) returned to rjeg333
rjeg333 collected $0.09 from pot
*** SUMMARY ***
Total pot $0.09 | Rake $0 
Seat 1: cbenite97 (button) folded before Flop (didn't bet)
Seat 2: Shahta-16 (small blind) folded before Flop
Seat 3: J.M3L0 (big blind) folded before Flop
Seat 4: samuel144 folded before Flop (didn't bet)
Seat 5: 415bigb folded before Flop
Seat 6: popayrus folded before Flop (didn't bet)
Seat 7: Dorex2007 folded before Flop
Seat 8: rjeg333 collected ($0.09)



PokerStars Hand #231075027577:  Hold'em No Limit ($0.01/$0.02 USD) - 2021/11/01 20:33:27 PT [2021/11/01 23:33:27 ET]
Table 'Lehigh II' 9-max Seat #2 is the button
Seat 1: cbenite97 ($2.65 in chips) 
Seat 2: Shahta-16 ($3.59 in chips) 
Seat 3: J.M3L0 ($1.49 in chips) 
Seat 4: samuel144 ($1.17 in chips) 
Seat 5: 415bigb ($0.55 in chips) 
Seat 6: popayrus ($2.20 in chips) 
Seat 7: Dorex2007 ($3.93 in chips) 
Seat 8: rjeg333 ($2.09 in chips) 
J.M3L0: posts small blind $0.01
samuel144: posts big blind $0.02
*** HOLE CARDS ***
Dealt to Dorex2007 [Jh 4d]
415bigb: folds 
popayrus: folds 
Dorex2007: folds 
rjeg333: raises $0.04 to $0.06
cbenite97: folds 
Shahta-16: folds 
J.M3L0: folds 
samuel144: folds 
Uncalled bet ($0.04) returned to rjeg333
rjeg333 collected $0.05 from pot
*** SUMMARY ***
Total pot $0.05 | Rake $0 
Seat 1: cbenite97 folded before Flop (didn't bet)
Seat 2: Shahta-16 (button) folded before Flop (didn't bet)
Seat 3: J.M3L0 (small blind) folded before Flop
Seat 4: samuel144 (big blind) folded before Flop
Seat 5: 415bigb folded before Flop (didn't bet)
Seat 6: popayrus folded before Flop (didn't bet)
Seat 7: Dorex2007 folded before Flop (didn't bet)
Seat 8: rjeg333 collected ($0.05)



PokerStars Hand #231075032105:  Hold'em No Limit ($0.01/$0.02 USD) - 2021/11/01 20:33:54 PT [2021/11/01 23:33:54 ET]
Table 'Lehigh II' 9-max Seat #3 is the button
Seat 1: cbenite97 ($2.65 in chips) 
Seat 2: Shahta-16 ($3.59 in chips) 
Seat 3: J.M3L0 ($1.48 in chips) 
Seat 4: samuel144 ($1.15 in chips) 
Seat 5: 415bigb ($0.55 in chips) 
Seat 6: popayrus ($2.20 in chips) 
Seat 7: Dorex2007 ($3.93 in chips) 
Seat 8: rjeg333 ($2.12 in chips) 
samuel144: posts small blind $0.01
415bigb: posts big blind $0.02
*** HOLE CARDS ***
Dealt to Dorex2007 [7s 9h]
popayrus: folds 
Dorex2007: folds 
rjeg333: folds 
cbenite97: folds 
Shahta-16: calls $0.02
J.M3L0: calls $0.02
samuel144: calls $0.01
415bigb: checks 
*** FLOP *** [6h Ts 8c]
samuel144: checks 
415bigb: bets $0.02
Shahta-16: folds 
J.M3L0: calls $0.02
samuel144: calls $0.02
*** TURN *** [6h Ts 8c] [7c]
samuel144: checks 
415bigb: checks 
J.M3L0: bets $0.06
samuel144: folds 
415bigb: folds 
Uncalled bet ($0.06) returned to J.M3L0
J.M3L0 collected $0.14 from pot
J.M3L0: doesn't show hand 
*** SUMMARY ***
Total pot $0.14 | Rake $0 
Board [6h Ts 8c 7c]
Seat 1: cbenite97 folded before Flop (didn't bet)
Seat 2: Shahta-16 folded on the Flop
Seat 3: J.M3L0 (button) collected ($0.14)
Seat 4: samuel144 (small blind) folded on the Turn
Seat 5: 415bigb (big blind) folded on the Turn
Seat 6: popayrus folded before Flop (didn't bet)
Seat 7: Dorex2007 folded before Flop (didn't bet)
Seat 8: rjeg333 folded before Flop (didn't bet)



PokerStars Hand #231075041541:  Hold'em No Limit ($0.01/$0.02 USD) - 2021/11/01 20:34:51 PT [2021/11/01 23:34:51 ET]
Table 'Lehigh II' 9-max Seat #4 is the button
Seat 1: cbenite97 ($2.65 in chips) 
Seat 2: Shahta-16 ($3.57 in chips) 
Seat 3: J.M3L0 ($1.58 in chips) 
Seat 4: samuel144 ($1.11 in chips) 
Seat 5: 415bigb ($0.51 in chips) 
Seat 6: popayrus ($2.20 in chips) 
Seat 7: Dorex2007 ($3.93 in chips) 
Seat 8: rjeg333 ($2.12 in chips) 
415bigb: posts small blind $0.01
popayrus: posts big blind $0.02
*** HOLE CARDS ***
Dealt to Dorex2007 [8s 4s]
Dorex2007: folds 
rjeg333: folds 
cbenite97: raises $0.06 to $0.08
Shahta-16: folds 
J.M3L0: folds 
samuel144: folds 
415bigb: folds 
popayrus: folds 
Uncalled bet ($0.06) returned to cbenite97
cbenite97 collected $0.05 from pot
cbenite97: doesn't show hand 
*** SUMMARY ***
Total pot $0.05 | Rake $0 
Seat 1: cbenite97 collected ($0.05)
Seat 2: Shahta-16 folded before Flop (didn't bet)
Seat 3: J.M3L0 folded before Flop (didn't bet)
Seat 4: samuel144 (button) folded before Flop (didn't bet)
Seat 5: 415bigb (small blind) folded before Flop
Seat 6: popayrus (big blind) folded before Flop
Seat 7: Dorex2007 folded before Flop (didn't bet)
Seat 8: rjeg333 folded before Flop (didn't bet)



PokerStars Hand #231075045765:  Hold'em No Limit ($0.01/$0.02 USD) - 2021/11/01 20:35:16 PT [2021/11/01 23:35:16 ET]
Table 'Lehigh II' 9-max Seat #5 is the button
Seat 1: cbenite97 ($2.68 in chips) 
Seat 2: Shahta-16 ($3.57 in chips) 
Seat 3: J.M3L0 ($1.58 in chips) 
Seat 4: samuel144 ($1.11 in chips) 
Seat 5: 415bigb ($0.50 in chips) 
Seat 6: popayrus ($2.18 in chips) 
Seat 7: Dorex2007 ($3.93 in chips) 
Seat 8: rjeg333 ($2.12 in chips) 
popayrus: posts small blind $0.01
Dorex2007: posts big blind $0.02
*** HOLE CARDS ***
Dealt to Dorex2007 [8c Th]
rjeg333: raises $0.04 to $0.06
cbenite97: folds 
Shahta-16: folds 
J.M3L0: calls $0.06
samuel144: folds 
415bigb: folds 
popayrus: folds 
Dorex2007: folds 
*** FLOP *** [Qd 3s Qs]
rjeg333: bets $0.08
J.M3L0: calls $0.08
*** TURN *** [Qd 3s Qs] [3c]
rjeg333: bets $0.20
J.M3L0: folds 
Uncalled bet ($0.20) returned to rjeg333
rjeg333 collected $0.30 from pot
*** SUMMARY ***
Total pot $0.31 | Rake $0.01 
Board [Qd 3s Qs 3c]
Seat 1: cbenite97 folded before Flop (didn't bet)
Seat 2: Shahta-16 folded before Flop (didn't bet)
Seat 3: J.M3L0 folded on the Turn
Seat 4: samuel144 folded before Flop (didn't bet)
Seat 5: 415bigb (button) folded before Flop (didn't bet)
Seat 6: popayrus (small blind) folded before Flop
Seat 7: Dorex2007 (big blind) folded before Flop
Seat 8: rjeg333 collected ($0.30)



PokerStars Hand #231075052796:  Hold'em No Limit ($0.01/$0.02 USD) - 2021/11/01 20:35:58 PT [2021/11/01 23:35:58 ET]
Table 'Lehigh II' 9-max Seat #6 is the button
Seat 1: cbenite97 ($2.68 in chips) 
Seat 2: Shahta-16 ($3.57 in chips) 
Seat 3: J.M3L0 ($1.44 in chips) 
Seat 4: samuel144 ($1.11 in chips) 
Seat 5: 415bigb ($0.50 in chips) 
Seat 6: popayrus ($2.17 in chips) 
Seat 7: Dorex2007 ($3.91 in chips) 
Seat 8: rjeg333 ($2.28 in chips) 
Dorex2007: posts small blind $0.01
rjeg333: posts big blind $0.02
*** HOLE CARDS ***
Dealt to Dorex2007 [Qs 5h]
cbenite97: folds 
Shahta-16: folds 
J.M3L0: calls $0.02
samuel144: raises $0.04 to $0.06
415bigb: folds 
popayrus: folds 
Dorex2007: folds 
rjeg333: folds 
J.M3L0: calls $0.04
*** FLOP *** [9s 2d Kh]
J.M3L0: checks 
samuel144: bets $0.02
J.M3L0: calls $0.02
*** TURN *** [9s 2d Kh] [3d]
J.M3L0: checks 
samuel144: bets $0.06
J.M3L0: calls $0.06
*** RIVER *** [9s 2d Kh 3d] [Qc]
J.M3L0: checks 
samuel144: bets $0.15
J.M3L0: folds 
Uncalled bet ($0.15) returned to samuel144
samuel144 collected $0.30 from pot
samuel144: doesn't show hand 
*** SUMMARY ***
Total pot $0.31 | Rake $0.01 
Board [9s 2d Kh 3d Qc]
Seat 1: cbenite97 folded before Flop (didn't bet)
Seat 2: Shahta-16 folded before Flop (didn't bet)
Seat 3: J.M3L0 folded on the River
Seat 4: samuel144 collected ($0.30)
Seat 5: 415bigb folded before Flop (didn't bet)
Seat 6: popayrus (button) folded before Flop (didn't bet)
Seat 7: Dorex2007 (small blind) folded before Flop
Seat 8: rjeg333 (big blind) folded before Flop



PokerStars Hand #231075068857:  Hold'em No Limit ($0.01/$0.02 USD) - 2021/11/01 20:37:07 PT [2021/11/01 23:37:07 ET]
Table 'Lehigh II' 9-max Seat #7 is the button
Seat 1: cbenite97 ($2.68 in chips) 
Seat 2: Shahta-16 ($3.57 in chips) 
Seat 3: J.M3L0 ($1.30 in chips) 
Seat 4: samuel144 ($1.27 in chips) 
Seat 5: 415bigb ($0.50 in chips) 
Seat 6: popayrus ($2.17 in chips) 
Seat 7: Dorex2007 ($3.90 in chips) 
Seat 8: rjeg333 ($2.26 in chips) 
rjeg333: posts small blind $0.01
cbenite97: posts big blind $0.02
*** HOLE CARDS ***
Dealt to Dorex2007 [4c Qh]
Shahta-16: folds 
J.M3L0: folds 
samuel144: folds 
415bigb: raises $0.04 to $0.06
popayrus: folds 
Dorex2007: folds 
rjeg333: calls $0.05
cbenite97: folds 
*** FLOP *** [2c 3s Td]
rjeg333: checks 
415bigb: checks 
*** TURN *** [2c 3s Td] [Kh]
rjeg333: checks 
415bigb: checks 
*** RIVER *** [2c 3s Td Kh] [Jc]
rjeg333: checks 
415bigb: checks 
*** SHOW DOWN ***
rjeg333: shows [8c 7c] (high card King)
415bigb: shows [As Jh] (a pair of Jacks)
415bigb collected $0.14 from pot
nadokesh leaves the table
*** SUMMARY ***
Total pot $0.14 | Rake $0 
Board [2c 3s Td Kh Jc]
Seat 1: cbenite97 (big blind) folded before Flop
Seat 2: Shahta-16 folded before Flop (didn't bet)
Seat 3: J.M3L0 folded before Flop (didn't bet)
Seat 4: samuel144 folded before Flop (didn't bet)
Seat 5: 415bigb showed [As Jh] and won ($0.14) with a pair of Jacks
Seat 6: popayrus folded before Flop (didn't bet)
Seat 7: Dorex2007 (button) folded before Flop (didn't bet)
Seat 8: rjeg333 (small blind) showed [8c 7c] and lost with high card King



PokerStars Hand #231075074722:  Hold'em No Limit ($0.01/$0.02 USD) - 2021/11/01 20:37:42 PT [2021/11/01 23:37:42 ET]
Table 'Lehigh II' 9-max Seat #8 is the button
Seat 1: cbenite97 ($2.66 in chips) 
Seat 2: Shahta-16 ($3.57 in chips) 
Seat 3: J.M3L0 ($1.30 in chips) 
Seat 4: samuel144 ($1.27 in chips) 
Seat 5: 415bigb ($0.58 in chips) 
Seat 6: popayrus ($2.17 in chips) 
Seat 7: Dorex2007 ($3.90 in chips) 
Seat 8: rjeg333 ($2.20 in chips) 
cbenite97: posts small blind $0.01
Shahta-16: posts big blind $0.02
*** HOLE CARDS ***
Dealt to Dorex2007 [7c 5c]
J.M3L0: calls $0.02
samuel144: folds 
nadokesh joins the table at seat #9 
415bigb: raises $0.04 to $0.06
popayrus: folds 
Dorex2007: folds 
rjeg333: folds 
cbenite97: folds 
Shahta-16: folds 
J.M3L0: calls $0.04
*** FLOP *** [Ts 5h 7d]
J.M3L0: checks 
415bigb: checks 
*** TURN *** [Ts 5h 7d] [3h]
J.M3L0: checks 
415bigb: checks 
*** RIVER *** [Ts 5h 7d 3h] [Ah]
J.M3L0: bets $0.06
415bigb: raises $0.06 to $0.12
J.M3L0: calls $0.06
*** SHOW DOWN ***
415bigb: shows [Jh Ac] (a pair of Aces)
J.M3L0: shows [Ad Tc] (two pair, Aces and Tens)
J.M3L0 collected $0.38 from pot
*** SUMMARY ***
Total pot $0.39 | Rake $0.01 
Board [Ts 5h 7d 3h Ah]
Seat 1: cbenite97 (small blind) folded before Flop
Seat 2: Shahta-16 (big blind) folded before Flop
Seat 3: J.M3L0 showed [Ad Tc] and won ($0.38) with two pair, Aces and Tens
Seat 4: samuel144 folded before Flop (didn't bet)
Seat 5: 415bigb showed [Jh Ac] and lost with a pair of Aces
Seat 6: popayrus folded before Flop (didn't bet)
Seat 7: Dorex2007 folded before Flop (didn't bet)
Seat 8: rjeg333 (button) folded before Flop (didn't bet)



PokerStars Hand #231075082231:  Hold'em No Limit ($0.01/$0.02 USD) - 2021/11/01 20:38:27 PT [2021/11/01 23:38:27 ET]
Table 'Lehigh II' 9-max Seat #1 is the button
Seat 1: cbenite97 ($2.65 in chips) 
Seat 2: Shahta-16 ($3.55 in chips) 
Seat 3: J.M3L0 ($1.50 in chips) 
Seat 4: samuel144 ($1.27 in chips) 
Seat 5: 415bigb ($0.40 in chips) 
Seat 6: popayrus ($2.17 in chips) 
Seat 7: Dorex2007 ($3.90 in chips) 
Seat 8: rjeg333 ($2.20 in chips) 
Shahta-16: posts small blind $0.01
J.M3L0: posts big blind $0.02
nadokesh: sits out 
*** HOLE CARDS ***
Dealt to Dorex2007 [7h 3c]
samuel144: folds 
415bigb: folds 
popayrus: folds 
Dorex2007: folds 
rjeg333: raises $0.04 to $0.06
cbenite97: folds 
Shahta-16: folds 
J.M3L0: calls $0.04
*** FLOP *** [6c 8h Kc]
J.M3L0: checks 
rjeg333: checks 
*** TURN *** [6c 8h Kc] [Qh]
J.M3L0: checks 
rjeg333: checks 
*** RIVER *** [6c 8h Kc Qh] [9c]
J.M3L0: bets $0.10
rjeg333: folds 
Uncalled bet ($0.10) returned to J.M3L0
J.M3L0 collected $0.13 from pot
J.M3L0: doesn't show hand 
*** SUMMARY ***
Total pot $0.13 | Rake $0 
Board [6c 8h Kc Qh 9c]
Seat 1: cbenite97 (button) folded before Flop (didn't bet)
Seat 2: Shahta-16 (small blind) folded before Flop
Seat 3: J.M3L0 (big blind) collected ($0.13)
Seat 4: samuel144 folded before Flop (didn't bet)
Seat 5: 415bigb folded before Flop (didn't bet)
Seat 6: popayrus folded before Flop (didn't bet)
Seat 7: Dorex2007 folded before Flop (didn't bet)
Seat 8: rjeg333 folded on the River



PokerStars Hand #231075089416:  Hold'em No Limit ($0.01/$0.02 USD) - 2021/11/01 20:39:10 PT [2021/11/01 23:39:10 ET]
Table 'Lehigh II' 9-max Seat #2 is the button
Seat 1: cbenite97 ($2.65 in chips) 
Seat 2: Shahta-16 ($3.54 in chips) 
Seat 3: J.M3L0 ($1.57 in chips) 
Seat 4: samuel144 ($1.27 in chips) 
Seat 5: 415bigb ($0.40 in chips) 
Seat 6: popayrus ($2.17 in chips) 
Seat 7: Dorex2007 ($3.90 in chips) 
Seat 8: rjeg333 ($2.14 in chips) 
J.M3L0: posts small blind $0.01
samuel144: posts big blind $0.02
nadokesh: sits out 
*** HOLE CARDS ***
Dealt to Dorex2007 [4d 2c]
415bigb: folds 
popayrus: raises $0.04 to $0.06
Dorex2007: folds 
rjeg333: calls $0.06
cbenite97: folds 
Shahta-16: folds 
J.M3L0: folds 
samuel144: calls $0.04
*** FLOP *** [Ah 9c Td]
samuel144: bets $0.02
popayrus: calls $0.02
rjeg333: raises $0.08 to $0.10
samuel144: raises $1.11 to $1.21 and is all-in
popayrus: folds 
rjeg333: folds 
Uncalled bet ($1.11) returned to samuel144
samuel144 collected $0.40 from pot
samuel144: doesn't show hand 
*** SUMMARY ***
Total pot $0.41 | Rake $0.01 
Board [Ah 9c Td]
Seat 1: cbenite97 folded before Flop (didn't bet)
Seat 2: Shahta-16 (button) folded before Flop (didn't bet)
Seat 3: J.M3L0 (small blind) folded before Flop
Seat 4: samuel144 (big blind) collected ($0.40)
Seat 5: 415bigb folded before Flop (didn't bet)
Seat 6: popayrus folded on the Flop
Seat 7: Dorex2007 folded before Flop (didn't bet)
Seat 8: rjeg333 folded on the Flop



PokerStars Hand #231075097325:  Hold'em No Limit ($0.01/$0.02 USD) - 2021/11/01 20:39:57 PT [2021/11/01 23:39:57 ET]
Table 'Lehigh II' 9-max Seat #3 is the button
Seat 1: cbenite97 ($2.65 in chips) 
Seat 2: Shahta-16 ($3.54 in chips) 
Seat 3: J.M3L0 ($1.56 in chips) 
Seat 4: samuel144 ($1.51 in chips) 
Seat 5: 415bigb ($0.40 in chips) 
Seat 6: popayrus ($2.09 in chips) 
Seat 7: Dorex2007 ($3.90 in chips) 
Seat 8: rjeg333 ($1.98 in chips) 
samuel144: posts small blind $0.01
415bigb: posts big blind $0.02
nadokesh: sits out 
*** HOLE CARDS ***
Dealt to Dorex2007 [4d 8s]
popayrus: folds 
Dorex2007: folds 
rjeg333: folds 
cbenite97: calls $0.02
Shahta-16: folds 
J.M3L0: calls $0.02
samuel144: calls $0.01
415bigb: checks 
*** FLOP *** [Jc 2d 7h]
samuel144: checks 
415bigb: checks 
cbenite97: checks 
J.M3L0: bets $0.02
samuel144: folds 
415bigb: folds 
cbenite97: folds 
Uncalled bet ($0.02) returned to J.M3L0
J.M3L0 collected $0.08 from pot
J.M3L0: doesn't show hand 
*** SUMMARY ***
Total pot $0.08 | Rake $0 
Board [Jc 2d 7h]
Seat 1: cbenite97 folded on the Flop
Seat 2: Shahta-16 folded before Flop (didn't bet)
Seat 3: J.M3L0 (button) collected ($0.08)
Seat 4: samuel144 (small blind) folded on the Flop
Seat 5: 415bigb (big blind) folded on the Flop
Seat 6: popayrus folded before Flop (didn't bet)
Seat 7: Dorex2007 folded before Flop (didn't bet)
Seat 8: rjeg333 folded before Flop (didn't bet)



PokerStars Hand #231075108719:  Hold'em No Limit ($0.01/$0.02 USD) - 2021/11/01 20:41:05 PT [2021/11/01 23:41:05 ET]
Table 'Lehigh II' 9-max Seat #4 is the button
Seat 1: cbenite97 ($2.63 in chips) 
Seat 2: Shahta-16 ($3.54 in chips) 
Seat 3: J.M3L0 ($1.62 in chips) 
Seat 4: samuel144 ($1.49 in chips) 
Seat 5: 415bigb ($0.38 in chips) 
Seat 6: popayrus ($2.09 in chips) 
Seat 7: Dorex2007 ($3.90 in chips) 
Seat 8: rjeg333 ($1.98 in chips) 
415bigb: posts small blind $0.01
popayrus: posts big blind $0.02
nadokesh: sits out 
*** HOLE CARDS ***
Dealt to Dorex2007 [5h 3s]
Dorex2007: folds 
rjeg333: folds 
cbenite97: folds 
Shahta-16: folds 
J.M3L0: calls $0.02
samuel144: raises $0.02 to $0.04
415bigb: calls $0.03
popayrus: calls $0.02
J.M3L0: calls $0.02
*** FLOP *** [Ac Ah Jc]
415bigb: bets $0.02
popayrus: folds 
J.M3L0: folds 
samuel144: calls $0.02
*** TURN *** [Ac Ah Jc] [Jh]
415bigb: checks 
samuel144: checks 
*** RIVER *** [Ac Ah Jc Jh] [7h]
415bigb: bets $0.09
samuel144: folds 
Uncalled bet ($0.09) returned to 415bigb
415bigb collected $0.19 from pot
415bigb: doesn't show hand 
*** SUMMARY ***
Total pot $0.20 | Rake $0.01 
Board [Ac Ah Jc Jh 7h]
Seat 1: cbenite97 folded before Flop (didn't bet)
Seat 2: Shahta-16 folded before Flop (didn't bet)
Seat 3: J.M3L0 folded on the Flop
Seat 4: samuel144 (button) folded on the River
Seat 5: 415bigb (small blind) collected ($0.19)
Seat 6: popayrus (big blind) folded on the Flop
Seat 7: Dorex2007 folded before Flop (didn't bet)
Seat 8: rjeg333 folded before Flop (didn't bet)



PokerStars Hand #231075118706:  Hold'em No Limit ($0.01/$0.02 USD) - 2021/11/01 20:42:05 PT [2021/11/01 23:42:05 ET]
Table 'Lehigh II' 9-max Seat #5 is the button
Seat 1: cbenite97 ($2.63 in chips) 
Seat 2: Shahta-16 ($3.54 in chips) 
Seat 3: J.M3L0 ($1.58 in chips) 
Seat 4: samuel144 ($1.43 in chips) 
Seat 5: 415bigb ($0.51 in chips) 
Seat 6: popayrus ($2.05 in chips) 
Seat 7: Dorex2007 ($3.90 in chips) 
Seat 8: rjeg333 ($1.98 in chips) 
popayrus: posts small blind $0.01
Dorex2007: posts big blind $0.02
nadokesh: sits out 
*** HOLE CARDS ***
Dealt to Dorex2007 [Qc 2d]
rjeg333: folds 
cbenite97: calls $0.02
Shahta-16: folds 
J.M3L0: calls $0.02
samuel144: folds 
415bigb: calls $0.02
popayrus: folds 
Dorex2007: checks 
*** FLOP *** [4c Kh Qh]
Dorex2007: checks 
cbenite97: checks 
J.M3L0: checks 
415bigb: checks 
*** TURN *** [4c Kh Qh] [6h]
Dorex2007: checks 
cbenite97: checks 
J.M3L0: checks 
415bigb: bets $0.04
Dorex2007: folds 
cbenite97: folds 
J.M3L0: folds 
Uncalled bet ($0.04) returned to 415bigb
415bigb collected $0.09 from pot
415bigb: doesn't show hand 
*** SUMMARY ***
Total pot $0.09 | Rake $0 
Board [4c Kh Qh 6h]
Seat 1: cbenite97 folded on the Turn
Seat 2: Shahta-16 folded before Flop (didn't bet)
Seat 3: J.M3L0 folded on the Turn
Seat 4: samuel144 folded before Flop (didn't bet)
Seat 5: 415bigb (button) collected ($0.09)
Seat 6: popayrus (small blind) folded before Flop
Seat 7: Dorex2007 (big blind) folded on the Turn
Seat 8: rjeg333 folded before Flop (didn't bet)



PokerStars Hand #231075127699:  Hold'em No Limit ($0.01/$0.02 USD) - 2021/11/01 20:42:59 PT [2021/11/01 23:42:59 ET]
Table 'Lehigh II' 9-max Seat #6 is the button
Seat 1: cbenite97 ($2.61 in chips) 
Seat 2: Shahta-16 ($3.54 in chips) 
Seat 3: J.M3L0 ($1.56 in chips) 
Seat 4: samuel144 ($1.43 in chips) 
Seat 5: 415bigb ($0.58 in chips) 
Seat 6: popayrus ($2.04 in chips) 
Seat 7: Dorex2007 ($3.88 in chips) 
Seat 8: rjeg333 ($1.98 in chips) 
Dorex2007: posts small blind $0.01
rjeg333: posts big blind $0.02
nadokesh: sits out 
*** HOLE CARDS ***
Dealt to Dorex2007 [Ah 9s]
cbenite97: calls $0.02
Shahta-16: folds 
J.M3L0: folds 
samuel144: calls $0.02
415bigb: folds 
popayrus: folds 
Dorex2007: calls $0.01
rjeg333: raises $0.08 to $0.10
cbenite97: folds 
samuel144: folds 
Dorex2007: folds 
Uncalled bet ($0.08) returned to rjeg333
rjeg333 collected $0.08 from pot
*** SUMMARY ***
Total pot $0.08 | Rake $0 
Seat 1: cbenite97 folded before Flop
Seat 2: Shahta-16 folded before Flop (didn't bet)
Seat 3: J.M3L0 folded before Flop (didn't bet)
Seat 4: samuel144 folded before Flop
Seat 5: 415bigb folded before Flop (didn't bet)
Seat 6: popayrus (button) folded before Flop (didn't bet)
Seat 7: Dorex2007 (small blind) folded before Flop
Seat 8: rjeg333 (big blind) collected ($0.08)



PokerStars Hand #231075131941:  Hold'em No Limit ($0.01/$0.02 USD) - 2021/11/01 20:43:25 PT [2021/11/01 23:43:25 ET]
Table 'Lehigh II' 9-max Seat #7 is the button
Seat 1: cbenite97 ($2.59 in chips) 
Seat 2: Shahta-16 ($3.54 in chips) 
Seat 4: samuel144 ($1.41 in chips) 
Seat 5: 415bigb ($0.58 in chips) 
Seat 6: popayrus ($2.04 in chips) 
Seat 7: Dorex2007 ($3.86 in chips) 
Seat 8: rjeg333 ($2.04 in chips) 
Seat 9: nadokesh ($2 in chips) 
rjeg333: posts small blind $0.01
nadokesh: posts big blind $0.02
*** HOLE CARDS ***
Dealt to Dorex2007 [7h 9c]
cbenite97: folds 
Shahta-16: folds 
samuel144: folds 
415bigb: folds 
popayrus: folds 
Dorex2007: folds 
rjeg333: folds 
Uncalled bet ($0.01) returned to nadokesh
nadokesh collected $0.02 from pot
nadokesh: doesn't show hand 
*** SUMMARY ***
Total pot $0.02 | Rake $0 
Seat 1: cbenite97 folded before Flop (didn't bet)
Seat 2: Shahta-16 folded before Flop (didn't bet)
Seat 4: samuel144 folded before Flop (didn't bet)
Seat 5: 415bigb folded before Flop (didn't bet)
Seat 6: popayrus folded before Flop (didn't bet)
Seat 7: Dorex2007 (button) folded before Flop (didn't bet)
Seat 8: rjeg333 (small blind) folded before Flop
Seat 9: nadokesh (big blind) collected ($0.02)



PokerStars Hand #231075133793:  Hold'em No Limit ($0.01/$0.02 USD) - 2021/11/01 20:43:36 PT [2021/11/01 23:43:36 ET]
Table 'Lehigh II' 9-max Seat #8 is the button
Seat 1: cbenite97 ($2.59 in chips) 
Seat 2: Shahta-16 ($3.54 in chips) 
Seat 4: samuel144 ($1.41 in chips) 
Seat 5: 415bigb ($0.58 in chips) 
Seat 6: popayrus ($2.04 in chips) 
Seat 7: Dorex2007 ($3.86 in chips) 
Seat 8: rjeg333 ($2.03 in chips) 
Seat 9: nadokesh ($2.01 in chips) 
nadokesh: posts small blind $0.01
cbenite97: posts big blind $0.02
*** HOLE CARDS ***
Dealt to Dorex2007 [3d 8h]
Shahta-16: folds 
samuel144: folds 
415bigb: folds 
popayrus: folds 
Dorex2007: folds 
rjeg333: calls $0.02
nadokesh: folds 
cbenite97: raises $0.06 to $0.08
rjeg333: raises $0.10 to $0.18
cbenite97: calls $0.10
*** FLOP *** [Th 6c 8s]
cbenite97: bets $0.18
rjeg333: calls $0.18
*** TURN *** [Th 6c 8s] [3h]
cbenite97: bets $0.35
rjeg333: raises $1.32 to $1.67 and is all-in
cbenite97: calls $1.32
*** RIVER *** [Th 6c 8s 3h] [Kc]
*** SHOW DOWN ***
cbenite97: shows [Qh Qd] (a pair of Queens)
rjeg333: shows [Ad As] (a pair of Aces)
rjeg333 collected $3.93 from pot
*** SUMMARY ***
Total pot $4.07 | Rake $0.14 
Board [Th 6c 8s 3h Kc]
Seat 1: cbenite97 (big blind) showed [Qh Qd] and lost with a pair of Queens
Seat 2: Shahta-16 folded before Flop (didn't bet)
Seat 4: samuel144 folded before Flop (didn't bet)
Seat 5: 415bigb folded before Flop (didn't bet)
Seat 6: popayrus folded before Flop (didn't bet)
Seat 7: Dorex2007 folded before Flop (didn't bet)
Seat 8: rjeg333 (button) showed [Ad As] and won ($3.93) with a pair of Aces
Seat 9: nadokesh (small blind) folded before Flop



PokerStars Hand #231075147694:  Hold'em No Limit ($0.01/$0.02 USD) - 2021/11/01 20:45:02 PT [2021/11/01 23:45:02 ET]
Table 'Lehigh II' 9-max Seat #9 is the button
Seat 1: cbenite97 ($0.56 in chips) 
Seat 2: Shahta-16 ($3.54 in chips) 
Seat 4: samuel144 ($1.41 in chips) 
Seat 5: 415bigb ($0.58 in chips) 
Seat 6: popayrus ($2.04 in chips) 
Seat 7: Dorex2007 ($3.86 in chips) 
Seat 8: rjeg333 ($3.93 in chips) 
Seat 9: nadokesh ($2 in chips) 
cbenite97: posts small blind $0.01
Shahta-16: posts big blind $0.02
*** HOLE CARDS ***
Dealt to Dorex2007 [6h Qd]
samuel144: folds 
415bigb: folds 
popayrus: raises $0.04 to $0.06
Dorex2007: folds 
rjeg333: folds 
rjeg333 leaves the table
nadokesh: folds 
cbenite97: calls $0.05
Shahta-16: folds 
*** FLOP *** [Js 9s 7s]
cbenite97: checks 
popayrus: bets $0.08
cbenite97: calls $0.08
*** TURN *** [Js 9s 7s] [Qc]
cbenite97: checks 
popayrus: bets $1.90 and is all-in
cbenite97: calls $0.42 and is all-in
Uncalled bet ($1.48) returned to popayrus
*** RIVER *** [Js 9s 7s Qc] [9d]
*** SHOW DOWN ***
cbenite97: shows [Ts Ad] (a pair of Nines)
popayrus: shows [As Kd] (a pair of Nines - Ace+King kicker)
popayrus cashed out the hand for $0.93 | Cash Out Fee $0.01
*** SUMMARY ***
Total pot $1.14 | Rake $0.04 
Board [Js 9s 7s Qc 9d]
Seat 1: cbenite97 (small blind) showed [Ts Ad] and lost with a pair of Nines
Seat 2: Shahta-16 (big blind) folded before Flop
Seat 4: samuel144 folded before Flop (didn't bet)
Seat 5: 415bigb folded before Flop (didn't bet)
Seat 6: popayrus showed [As Kd] and won ($1.10) with a pair of Nines (pot not awarded as player cashed out)
Seat 7: Dorex2007 folded before Flop (didn't bet)
Seat 8: rjeg333 folded before Flop (didn't bet)
Seat 9: nadokesh (button) folded before Flop (didn't bet)



PokerStars Hand #231075154874:  Hold'em No Limit ($0.01/$0.02 USD) - 2021/11/01 20:45:46 PT [2021/11/01 23:45:46 ET]
Table 'Lehigh II' 9-max Seat #2 is the button
Seat 2: Shahta-16 ($3.52 in chips) 
Seat 4: samuel144 ($1.41 in chips) 
Seat 5: 415bigb ($0.58 in chips) 
Seat 6: popayrus ($2.41 in chips) 
Seat 7: Dorex2007 ($3.86 in chips) 
Seat 9: nadokesh ($2 in chips) 
samuel144: posts small blind $0.01
415bigb: posts big blind $0.02
*** HOLE CARDS ***
Dealt to Dorex2007 [4c Th]
popayrus: folds 
Dorex2007: folds 
cbenite97 leaves the table
nadokesh: folds 
Shahta-16: folds 
samuel144: calls $0.01
415bigb: raises $0.04 to $0.06
samuel144: calls $0.04
*** FLOP *** [6h 9c As]
samuel144: checks 
415bigb: checks 
*** TURN *** [6h 9c As] [3s]
samuel144: checks 
cbenite97 joins the table at seat #8 
415bigb: checks 
*** RIVER *** [6h 9c As 3s] [9d]
samuel144: checks 
415bigb: bets $0.12
samuel144: folds 
Uncalled bet ($0.12) returned to 415bigb
415bigb collected $0.12 from pot
415bigb: doesn't show hand 
*** SUMMARY ***
Total pot $0.12 | Rake $0 
Board [6h 9c As 3s 9d]
Seat 2: Shahta-16 (button) folded before Flop (didn't bet)
Seat 4: samuel144 (small blind) folded on the River
Seat 5: 415bigb (big blind) collected ($0.12)
Seat 6: popayrus folded before Flop (didn't bet)
Seat 7: Dorex2007 folded before Flop (didn't bet)
Seat 9: nadokesh folded before Flop (didn't bet)



PokerStars Hand #231075161708:  Hold'em No Limit ($0.01/$0.02 USD) - 2021/11/01 20:46:28 PT [2021/11/01 23:46:28 ET]
Table 'Lehigh II' 9-max Seat #4 is the button
Seat 2: Shahta-16 ($3.52 in chips) 
Seat 4: samuel144 ($1.35 in chips) 
Seat 5: 415bigb ($0.64 in chips) 
Seat 6: popayrus ($2.41 in chips) 
Seat 7: Dorex2007 ($3.86 in chips) 
Seat 9: nadokesh ($2 in chips) 
415bigb: posts small blind $0.01
popayrus: posts big blind $0.02
cbenite97: sits out 
*** HOLE CARDS ***
Dealt to Dorex2007 [As Qh]
Dorex2007: raises $0.02 to $0.04
nadokesh: folds 
Shahta-16: folds 
samuel144: folds 
415bigb: folds 
popayrus: folds 
Uncalled bet ($0.02) returned to Dorex2007
Dorex2007 collected $0.05 from pot
Dorex2007: doesn't show hand 
*** SUMMARY ***
Total pot $0.05 | Rake $0 
Seat 2: Shahta-16 folded before Flop (didn't bet)
Seat 4: samuel144 (button) folded before Flop (didn't bet)
Seat 5: 415bigb (small blind) folded before Flop
Seat 6: popayrus (big blind) folded before Flop
Seat 7: Dorex2007 collected ($0.05)
Seat 9: nadokesh folded before Flop (didn't bet)



PokerStars Hand #231075163942:  Hold'em No Limit ($0.01/$0.02 USD) - 2021/11/01 20:46:42 PT [2021/11/01 23:46:42 ET]
Table 'Lehigh II' 9-max Seat #5 is the button
Seat 2: Shahta-16 ($3.52 in chips) 
Seat 4: samuel144 ($1.35 in chips) 
Seat 5: 415bigb ($0.63 in chips) 
Seat 6: popayrus ($2.39 in chips) 
Seat 7: Dorex2007 ($3.89 in chips) 
Seat 9: nadokesh ($2 in chips) 
popayrus: posts small blind $0.01
Dorex2007: posts big blind $0.02
cbenite97: sits out 
*** HOLE CARDS ***
Dealt to Dorex2007 [6d 3c]
nadokesh: folds 
bondo74rus joins the table at seat #1 
Shahta-16: folds 
samuel144: folds 
415bigb: raises $0.04 to $0.06
popayrus: calls $0.05
Dorex2007: folds 
*** FLOP *** [7d Jd Tc]
popayrus: checks 
415bigb: bets $0.08
popayrus: folds 
Uncalled bet ($0.08) returned to 415bigb
415bigb collected $0.14 from pot
415bigb: doesn't show hand 
*** SUMMARY ***
Total pot $0.14 | Rake $0 
Board [7d Jd Tc]
Seat 2: Shahta-16 folded before Flop (didn't bet)
Seat 4: samuel144 folded before Flop (didn't bet)
Seat 5: 415bigb (button) collected ($0.14)
Seat 6: popayrus (small blind) folded on the Flop
Seat 7: Dorex2007 (big blind) folded before Flop
Seat 9: nadokesh folded before Flop (didn't bet)



PokerStars Hand #231075168769:  Hold'em No Limit ($0.01/$0.02 USD) - 2021/11/01 20:47:12 PT [2021/11/01 23:47:12 ET]
Table 'Lehigh II' 9-max Seat #6 is the button
Seat 2: Shahta-16 ($3.52 in chips) 
Seat 4: samuel144 ($1.35 in chips) 
Seat 5: 415bigb ($0.71 in chips) 
Seat 6: popayrus ($2.33 in chips) 
Seat 7: Dorex2007 ($3.87 in chips) 
Seat 8: cbenite97 ($2 in chips) 
Seat 9: nadokesh ($2 in chips) 
Dorex2007: posts small blind $0.01
cbenite97: posts big blind $0.02
bondo74rus: sits out 
*** HOLE CARDS ***
Dealt to Dorex2007 [8d Qh]
nadokesh: folds 
Shahta-16: folds 
samuel144: folds 
415bigb: raises $0.02 to $0.04
popayrus: folds 
Dorex2007: folds 
cbenite97: folds 
Uncalled bet ($0.02) returned to 415bigb
415bigb collected $0.05 from pot
415bigb: doesn't show hand 
*** SUMMARY ***
Total pot $0.05 | Rake $0 
Seat 2: Shahta-16 folded before Flop (didn't bet)
Seat 4: samuel144 folded before Flop (didn't bet)
Seat 5: 415bigb collected ($0.05)
Seat 6: popayrus (button) folded before Flop (didn't bet)
Seat 7: Dorex2007 (small blind) folded before Flop
Seat 8: cbenite97 (big blind) folded before Flop
Seat 9: nadokesh folded before Flop (didn't bet)



PokerStars Hand #231075173248:  Hold'em No Limit ($0.01/$0.02 USD) - 2021/11/01 20:47:40 PT [2021/11/01 23:47:40 ET]
Table 'Lehigh II' 9-max Seat #7 is the button
Seat 2: Shahta-16 ($3.52 in chips) 
Seat 4: samuel144 ($1.35 in chips) 
Seat 5: 415bigb ($0.74 in chips) 
Seat 6: popayrus ($2.33 in chips) 
Seat 7: Dorex2007 ($3.86 in chips) 
Seat 8: cbenite97 ($1.98 in chips) 
Seat 9: nadokesh ($2 in chips) 
cbenite97: posts small blind $0.01
nadokesh: posts big blind $0.02
bondo74rus: sits out 
*** HOLE CARDS ***
Dealt to Dorex2007 [Qs 4d]
Shahta-16: folds 
samuel144: folds 
415bigb: raises $0.02 to $0.04
popayrus: folds 
Dorex2007: folds 
cbenite97: calls $0.03
nadokesh: folds 
*** FLOP *** [Qd Tc 8c]
cbenite97: checks 
415bigb: checks 
*** TURN *** [Qd Tc 8c] [Ad]
cbenite97: bets $0.06
415bigb: calls $0.06
*** RIVER *** [Qd Tc 8c Ad] [Jd]
cbenite97: bets $0.21
415bigb: calls $0.21
*** SHOW DOWN ***
cbenite97: shows [7d Td] (a flush, Ace high)
415bigb: mucks hand 
cbenite97 collected $0.62 from pot
*** SUMMARY ***
Total pot $0.64 | Rake $0.02 
Board [Qd Tc 8c Ad Jd]
Seat 2: Shahta-16 folded before Flop (didn't bet)
Seat 4: samuel144 folded before Flop (didn't bet)
Seat 5: 415bigb mucked [Kd As]
Seat 6: popayrus folded before Flop (didn't bet)
Seat 7: Dorex2007 (button) folded before Flop (didn't bet)
Seat 8: cbenite97 (small blind) showed [7d Td] and won ($0.62) with a flush, Ace high
Seat 9: nadokesh (big blind) folded before Flop



PokerStars Hand #231075181970:  Hold'em No Limit ($0.01/$0.02 USD) - 2021/11/01 20:48:33 PT [2021/11/01 23:48:33 ET]
Table 'Lehigh II' 9-max Seat #8 is the button
Seat 1: bondo74rus ($2 in chips) 
Seat 2: Shahta-16 ($3.52 in chips) 
Seat 4: samuel144 ($1.35 in chips) 
Seat 5: 415bigb ($0.43 in chips) 
Seat 6: popayrus ($2.33 in chips) 
Seat 7: Dorex2007 ($3.86 in chips) 
Seat 8: cbenite97 ($2.29 in chips) 
Seat 9: nadokesh ($2 in chips) 
nadokesh: posts small blind $0.01
bondo74rus: posts big blind $0.02
*** HOLE CARDS ***
Dealt to Dorex2007 [As 6s]
Shahta-16: folds 
samuel144: folds 
415bigb: folds 
popayrus: folds 
Dorex2007: raises $0.02 to $0.04
cbenite97: folds 
nadokesh: folds 
bondo74rus: calls $0.02
*** FLOP *** [9s 6d 8d]
bondo74rus: checks 
Dorex2007: bets $0.09
bondo74rus: calls $0.09
*** TURN *** [9s 6d 8d] [3s]
bondo74rus: checks 
Dorex2007: bets $0.13
bondo74rus: calls $0.13
*** RIVER *** [9s 6d 8d 3s] [6h]
bondo74rus: checks 
Dorex2007: bets $0.51
bondo74rus: folds 
Uncalled bet ($0.51) returned to Dorex2007
Dorex2007 collected $0.51 from pot
Dorex2007: doesn't show hand 
*** SUMMARY ***
Total pot $0.53 | Rake $0.02 
Board [9s 6d 8d 3s 6h]
Seat 1: bondo74rus (big blind) folded on the River
Seat 2: Shahta-16 folded before Flop (didn't bet)
Seat 4: samuel144 folded before Flop (didn't bet)
Seat 5: 415bigb folded before Flop (didn't bet)
Seat 6: popayrus folded before Flop (didn't bet)
Seat 7: Dorex2007 collected ($0.51)
Seat 8: cbenite97 (button) folded before Flop (didn't bet)
Seat 9: nadokesh (small blind) folded before Flop



PokerStars Hand #231075189871:  Hold'em No Limit ($0.01/$0.02 USD) - 2021/11/01 20:49:22 PT [2021/11/01 23:49:22 ET]
Table 'Lehigh II' 9-max Seat #9 is the button
Seat 1: bondo74rus ($2 in chips) 
Seat 3: J.M3L0 ($1.56 in chips) 
Seat 4: samuel144 ($1.35 in chips) 
Seat 5: 415bigb ($0.43 in chips) 
Seat 6: popayrus ($2.33 in chips) 
Seat 7: Dorex2007 ($4.11 in chips) 
Seat 8: cbenite97 ($2.29 in chips) 
Seat 9: nadokesh ($2 in chips) 
bondo74rus: posts small blind $0.01
Shahta-16: is sitting out 
J.M3L0: posts big blind $0.02
*** HOLE CARDS ***
Dealt to Dorex2007 [7d Td]
samuel144: folds 
415bigb: folds 
popayrus: folds 
Dorex2007: folds 
cbenite97: folds 
nadokesh: folds 
bondo74rus: calls $0.01
J.M3L0: checks 
*** FLOP *** [8h 7h Qs]
bondo74rus: bets $0.02
J.M3L0: calls $0.02
*** TURN *** [8h 7h Qs] [2h]
bondo74rus: bets $0.04
J.M3L0: raises $0.04 to $0.08
bondo74rus: calls $0.04
*** RIVER *** [8h 7h Qs 2h] [Kd]
bondo74rus: checks 
Shahta-16 leaves the table
J.M3L0: bets $0.06
bondo74rus: folds 
Uncalled bet ($0.06) returned to J.M3L0
J.M3L0 collected $0.23 from pot
J.M3L0: doesn't show hand 
*** SUMMARY ***
Total pot $0.24 | Rake $0.01 
Board [8h 7h Qs 2h Kd]
Seat 1: bondo74rus (small blind) folded on the River
Seat 3: J.M3L0 (big blind) collected ($0.23)
Seat 4: samuel144 folded before Flop (didn't bet)
Seat 5: 415bigb folded before Flop (didn't bet)
Seat 6: popayrus folded before Flop (didn't bet)
Seat 7: Dorex2007 folded before Flop (didn't bet)
Seat 8: cbenite97 folded before Flop (didn't bet)
Seat 9: nadokesh (button) folded before Flop (didn't bet)



PokerStars Hand #231075206299:  Hold'em No Limit ($0.01/$0.02 USD) - 2021/11/01 20:50:18 PT [2021/11/01 23:50:18 ET]
Table 'Lehigh II' 9-max Seat #1 is the button
Seat 1: bondo74rus ($2 in chips) 
Seat 3: J.M3L0 ($1.67 in chips) 
Seat 4: samuel144 ($1.35 in chips) 
Seat 5: 415bigb ($0.43 in chips) 
Seat 6: popayrus ($2.33 in chips) 
Seat 7: Dorex2007 ($4.11 in chips) 
Seat 8: cbenite97 ($2.29 in chips) 
Seat 9: nadokesh ($2 in chips) 
J.M3L0: posts small blind $0.01
samuel144: posts big blind $0.02
*** HOLE CARDS ***
Dealt to Dorex2007 [4s 3d]
415bigb: folds 
popayrus: folds 
Dorex2007: folds 
cbenite97: raises $0.04 to $0.06
nadokesh: calls $0.06
bondo74rus: folds 
J.M3L0: folds 
samuel144: calls $0.04
*** FLOP *** [8h 5s 7s]
samuel144: checks 
cbenite97: checks 
nadokesh: checks 
*** TURN *** [8h 5s 7s] [4d]
samuel144: checks 
cbenite97: bets $0.06
nadokesh: folds 
samuel144: folds 
Uncalled bet ($0.06) returned to cbenite97
cbenite97 collected $0.18 from pot
cbenite97: doesn't show hand 
*** SUMMARY ***
Total pot $0.19 | Rake $0.01 
Board [8h 5s 7s 4d]
Seat 1: bondo74rus (button) folded before Flop (didn't bet)
Seat 3: J.M3L0 (small blind) folded before Flop
Seat 4: samuel144 (big blind) folded on the Turn
Seat 5: 415bigb folded before Flop (didn't bet)
Seat 6: popayrus folded before Flop (didn't bet)
Seat 7: Dorex2007 folded before Flop (didn't bet)
Seat 8: cbenite97 collected ($0.18)
Seat 9: nadokesh folded on the Turn



PokerStars Hand #231075220831:  Hold'em No Limit ($0.01/$0.02 USD) - 2021/11/01 20:51:01 PT [2021/11/01 23:51:01 ET]
Table 'Lehigh II' 9-max Seat #3 is the button
Seat 1: bondo74rus ($2 in chips) 
Seat 3: J.M3L0 ($1.66 in chips) 
Seat 4: samuel144 ($1.29 in chips) 
Seat 5: 415bigb ($0.43 in chips) 
Seat 6: popayrus ($2.33 in chips) 
Seat 7: Dorex2007 ($4.11 in chips) 
Seat 8: cbenite97 ($2.41 in chips) 
Seat 9: nadokesh ($2 in chips) 
samuel144: posts small blind $0.01
415bigb: posts big blind $0.02
*** HOLE CARDS ***
Dealt to Dorex2007 [5h 3d]
popayrus: folds 
Dorex2007: folds 
cbenite97: calls $0.02
nadokesh: folds 
bondo74rus: raises $0.05 to $0.07
J.M3L0: calls $0.07
samuel144: folds 
415bigb: calls $0.05
cbenite97: calls $0.05
*** FLOP *** [Js 5c Kc]
415bigb: checks 
cbenite97: checks 
bondo74rus: checks 
J.M3L0: checks 
*** TURN *** [Js 5c Kc] [Jd]
415bigb: checks 
cbenite97: checks 
Sashok008 joins the table at seat #2 
bondo74rus: checks 
J.M3L0: checks 
*** RIVER *** [Js 5c Kc Jd] [6h]
415bigb: bets $0.28
cbenite97: folds 
bondo74rus: folds 
Sashok008 leaves the table
J.M3L0: calls $0.28
*** SHOW DOWN ***
415bigb: shows [Jc Td] (three of a kind, Jacks)
J.M3L0: mucks hand 
415bigb collected $0.82 from pot
*** SUMMARY ***
Total pot $0.85 | Rake $0.03 
Board [Js 5c Kc Jd 6h]
Seat 1: bondo74rus folded on the River
Seat 3: J.M3L0 (button) mucked [5s 8s]
Seat 4: samuel144 (small blind) folded before Flop
Seat 5: 415bigb (big blind) showed [Jc Td] and won ($0.82) with three of a kind, Jacks
Seat 6: popayrus folded before Flop (didn't bet)
Seat 7: Dorex2007 folded before Flop (didn't bet)
Seat 8: cbenite97 folded on the River
Seat 9: nadokesh folded before Flop (didn't bet)



PokerStars Hand #231075234914:  Hold'em No Limit ($0.01/$0.02 USD) - 2021/11/01 20:52:30 PT [2021/11/01 23:52:30 ET]
Table 'Lehigh II' 9-max Seat #4 is the button
Seat 1: bondo74rus ($2 in chips) 
Seat 3: J.M3L0 ($1.31 in chips) 
Seat 4: samuel144 ($1.28 in chips) 
Seat 5: 415bigb ($0.90 in chips) 
Seat 6: popayrus ($2.33 in chips) 
Seat 7: Dorex2007 ($4.11 in chips) 
Seat 8: cbenite97 ($2.34 in chips) 
Seat 9: nadokesh ($2 in chips) 
415bigb: posts small blind $0.01
popayrus: posts big blind $0.02
*** HOLE CARDS ***
Dealt to Dorex2007 [Kh 5d]
Dorex2007: folds 
cbenite97: folds 
nadokesh: folds 
bondo74rus: folds 
J.M3L0: calls $0.02
samuel144: folds 
415bigb: calls $0.01
VOVCHENKO joins the table at seat #2 
popayrus: checks 
*** FLOP *** [8h 2d 5s]
415bigb: checks 
popayrus: checks 
J.M3L0: bets $0.02
415bigb: folds 
popayrus: folds 
Uncalled bet ($0.02) returned to J.M3L0
J.M3L0 collected $0.06 from pot
J.M3L0: doesn't show hand 
*** SUMMARY ***
Total pot $0.06 | Rake $0 
Board [8h 2d 5s]
Seat 1: bondo74rus folded before Flop (didn't bet)
Seat 3: J.M3L0 collected ($0.06)
Seat 4: samuel144 (button) folded before Flop (didn't bet)
Seat 5: 415bigb (small blind) folded on the Flop
Seat 6: popayrus (big blind) folded on the Flop
Seat 7: Dorex2007 folded before Flop (didn't bet)
Seat 8: cbenite97 folded before Flop (didn't bet)
Seat 9: nadokesh folded before Flop (didn't bet)



PokerStars Hand #231075240217:  Hold'em No Limit ($0.01/$0.02 USD) - 2021/11/01 20:53:04 PT [2021/11/01 23:53:04 ET]
Table 'Lehigh II' 9-max Seat #5 is the button
Seat 1: bondo74rus ($2 in chips) 
Seat 3: J.M3L0 ($1.35 in chips) 
Seat 4: samuel144 ($1.28 in chips) 
Seat 5: 415bigb ($0.88 in chips) 
Seat 6: popayrus ($2.31 in chips) 
Seat 7: Dorex2007 ($4.11 in chips) 
Seat 8: cbenite97 ($2.34 in chips) 
Seat 9: nadokesh ($2 in chips) 
popayrus: posts small blind $0.01
Dorex2007: posts big blind $0.02
VOVCHENKO: sits out 
*** HOLE CARDS ***
Dealt to Dorex2007 [6h 5h]
cbenite97 has timed out
cbenite97: folds 
nadokesh: folds 
bondo74rus: folds 
J.M3L0: calls $0.02
samuel144: calls $0.02
415bigb: folds 
popayrus: raises $0.08 to $0.10
Dorex2007: folds 
J.M3L0: calls $0.08
samuel144: calls $0.08
*** FLOP *** [4s Ts Jh]
popayrus: checks 
J.M3L0: checks 
samuel144: checks 
*** TURN *** [4s Ts Jh] [Js]
popayrus: checks 
J.M3L0: checks 
samuel144: bets $0.16
popayrus: folds 
J.M3L0: folds 
Uncalled bet ($0.16) returned to samuel144
samuel144 collected $0.31 from pot
samuel144: doesn't show hand 
*** SUMMARY ***
Total pot $0.32 | Rake $0.01 
Board [4s Ts Jh Js]
Seat 1: bondo74rus folded before Flop (didn't bet)
Seat 3: J.M3L0 folded on the Turn
Seat 4: samuel144 collected ($0.31)
Seat 5: 415bigb (button) folded before Flop (didn't bet)
Seat 6: popayrus (small blind) folded on the Turn
Seat 7: Dorex2007 (big blind) folded before Flop
Seat 8: cbenite97 folded before Flop (didn't bet)
Seat 9: nadokesh folded before Flop (didn't bet)



PokerStars Hand #231075247763:  Hold'em No Limit ($0.01/$0.02 USD) - 2021/11/01 20:53:52 PT [2021/11/01 23:53:52 ET]
Table 'Lehigh II' 9-max Seat #7 is the button
Seat 1: bondo74rus ($2 in chips) 
Seat 3: J.M3L0 ($1.25 in chips) 
Seat 4: samuel144 ($1.49 in chips) 
Seat 5: 415bigb ($0.88 in chips) 
Seat 7: Dorex2007 ($4.09 in chips) 
Seat 8: cbenite97 ($2.34 in chips) 
Seat 9: nadokesh ($2 in chips) 
cbenite97: posts small blind $0.01
nadokesh: posts big blind $0.02
VOVCHENKO: sits out 
*** HOLE CARDS ***
Dealt to Dorex2007 [Ks 9s]
bondo74rus: folds 
J.M3L0: calls $0.02
samuel144: folds 
415bigb: folds 
Dorex2007: folds 
cbenite97: folds 
nadokesh: raises $0.08 to $0.10
J.M3L0: folds 
Uncalled bet ($0.08) returned to nadokesh
nadokesh collected $0.05 from pot
nadokesh: doesn't show hand 
*** SUMMARY ***
Total pot $0.05 | Rake $0 
Seat 1: bondo74rus folded before Flop (didn't bet)
Seat 3: J.M3L0 folded before Flop
Seat 4: samuel144 folded before Flop (didn't bet)
Seat 5: 415bigb folded before Flop (didn't bet)
Seat 7: Dorex2007 (button) folded before Flop (didn't bet)
Seat 8: cbenite97 (small blind) folded before Flop
Seat 9: nadokesh (big blind) collected ($0.05)



PokerStars Hand #231075251387:  Hold'em No Limit ($0.01/$0.02 USD) - 2021/11/01 20:54:14 PT [2021/11/01 23:54:14 ET]
Table 'Lehigh II' 9-max Seat #8 is the button
Seat 1: bondo74rus ($2 in chips) 
Seat 3: J.M3L0 ($1.23 in chips) 
Seat 4: samuel144 ($1.49 in chips) 
Seat 5: 415bigb ($0.88 in chips) 
Seat 7: Dorex2007 ($4.09 in chips) 
Seat 8: cbenite97 ($2.33 in chips) 
Seat 9: nadokesh ($2.03 in chips) 
nadokesh: posts small blind $0.01
bondo74rus: posts big blind $0.02
VOVCHENKO: sits out 
*** HOLE CARDS ***
Dealt to Dorex2007 [Kd 3s]
J.M3L0: calls $0.02
samuel144: calls $0.02
415bigb: folds 
Dorex2007: folds 
cbenite97: folds 
nadokesh: folds 
bondo74rus: checks 
*** FLOP *** [3c Ac 3h]
bondo74rus: bets $0.02
J.M3L0: calls $0.02
samuel144: folds 
*** TURN *** [3c Ac 3h] [9s]
bondo74rus: bets $0.02
J.M3L0: calls $0.02
*** RIVER *** [3c Ac 3h 9s] [Kc]
bondo74rus: bets $0.02
J.M3L0: calls $0.02
*** SHOW DOWN ***
bondo74rus: shows [Td Ad] (two pair, Aces and Threes)
J.M3L0: shows [Ah Qc] (two pair, Aces and Threes)
bondo74rus collected $0.09 from pot
J.M3L0 collected $0.09 from pot
*** SUMMARY ***
Total pot $0.19 | Rake $0.01 
Board [3c Ac 3h 9s Kc]
Seat 1: bondo74rus (big blind) showed [Td Ad] and won ($0.09) with two pair, Aces and Threes
Seat 3: J.M3L0 showed [Ah Qc] and won ($0.09) with two pair, Aces and Threes
Seat 4: samuel144 folded on the Flop
Seat 5: 415bigb folded before Flop (didn't bet)
Seat 7: Dorex2007 folded before Flop (didn't bet)
Seat 8: cbenite97 (button) folded before Flop (didn't bet)
Seat 9: nadokesh (small blind) folded before Flop



PokerStars Hand #231075259014:  Hold'em No Limit ($0.01/$0.02 USD) - 2021/11/01 20:55:03 PT [2021/11/01 23:55:03 ET]
Table 'Lehigh II' 9-max Seat #9 is the button
Seat 1: bondo74rus ($2.01 in chips) 
Seat 2: VOVCHENKO ($2 in chips) 
Seat 3: J.M3L0 ($1.24 in chips) 
Seat 4: samuel144 ($1.47 in chips) 
Seat 5: 415bigb ($0.88 in chips) 
Seat 6: popayrus ($2.21 in chips) 
Seat 7: Dorex2007 ($4.09 in chips) 
Seat 8: cbenite97 ($2.33 in chips) 
Seat 9: nadokesh ($2.02 in chips) 
bondo74rus: posts small blind $0.01
VOVCHENKO: posts big blind $0.02
*** HOLE CARDS ***
Dealt to Dorex2007 [8c 2c]
J.M3L0: calls $0.02
samuel144: raises $0.02 to $0.04
415bigb: calls $0.04
popayrus: folds 
Dorex2007: folds 
cbenite97: folds 
nadokesh: folds 
bondo74rus: folds 
VOVCHENKO: folds 
J.M3L0: calls $0.02
*** FLOP *** [Td 7d Kh]
J.M3L0: bets $0.04
samuel144: folds 
415bigb: calls $0.04
*** TURN *** [Td 7d Kh] [5h]
J.M3L0: bets $0.02
415bigb: folds 
Uncalled bet ($0.02) returned to J.M3L0
J.M3L0 collected $0.22 from pot
J.M3L0: doesn't show hand 
*** SUMMARY ***
Total pot $0.23 | Rake $0.01 
Board [Td 7d Kh 5h]
Seat 1: bondo74rus (small blind) folded before Flop
Seat 2: VOVCHENKO (big blind) folded before Flop
Seat 3: J.M3L0 collected ($0.22)
Seat 4: samuel144 folded on the Flop
Seat 5: 415bigb folded on the Turn
Seat 6: popayrus folded before Flop (didn't bet)
Seat 7: Dorex2007 folded before Flop (didn't bet)
Seat 8: cbenite97 folded before Flop (didn't bet)
Seat 9: nadokesh (button) folded before Flop (didn't bet)



PokerStars Hand #231075265228:  Hold'em No Limit ($0.01/$0.02 USD) - 2021/11/01 20:55:49 PT [2021/11/01 23:55:49 ET]
Table 'Lehigh II' 9-max Seat #1 is the button
Seat 1: bondo74rus ($2 in chips) 
Seat 2: VOVCHENKO ($1.98 in chips) 
Seat 3: J.M3L0 ($1.38 in chips) 
Seat 4: samuel144 ($1.43 in chips) 
Seat 5: 415bigb ($0.80 in chips) 
Seat 6: popayrus ($2.21 in chips) 
Seat 7: Dorex2007 ($4.09 in chips) 
Seat 8: cbenite97 ($2.33 in chips) 
Seat 9: nadokesh ($2.02 in chips) 
VOVCHENKO: posts small blind $0.01
J.M3L0: posts big blind $0.02
*** HOLE CARDS ***
Dealt to Dorex2007 [5d 7d]
samuel144: folds 
415bigb: raises $0.02 to $0.04
popayrus: folds 
Dorex2007: folds 
cbenite97: raises $0.06 to $0.10
nadokesh: folds 
bondo74rus: folds 
VOVCHENKO: folds 
J.M3L0: folds 
415bigb: calls $0.06
*** FLOP *** [9c Kd 4c]
415bigb: checks 
cbenite97: checks 
*** TURN *** [9c Kd 4c] [7c]
415bigb: checks 
cbenite97: bets $0.10
415bigb: folds 
Uncalled bet ($0.10) returned to cbenite97
cbenite97 collected $0.22 from pot
cbenite97: doesn't show hand 
*** SUMMARY ***
Total pot $0.23 | Rake $0.01 
Board [9c Kd 4c 7c]
Seat 1: bondo74rus (button) folded before Flop (didn't bet)
Seat 2: VOVCHENKO (small blind) folded before Flop
Seat 3: J.M3L0 (big blind) folded before Flop
Seat 4: samuel144 folded before Flop (didn't bet)
Seat 5: 415bigb folded on the Turn
Seat 6: popayrus folded before Flop (didn't bet)
Seat 7: Dorex2007 folded before Flop (didn't bet)
Seat 8: cbenite97 collected ($0.22)
Seat 9: nadokesh folded before Flop (didn't bet)



PokerStars Hand #231075270946:  Hold'em No Limit ($0.01/$0.02 USD) - 2021/11/01 20:56:32 PT [2021/11/01 23:56:32 ET]
Table 'Lehigh II' 9-max Seat #2 is the button
Seat 1: bondo74rus ($2 in chips) 
Seat 2: VOVCHENKO ($1.97 in chips) 
Seat 3: J.M3L0 ($1.36 in chips) 
Seat 4: samuel144 ($1.43 in chips) 
Seat 5: 415bigb ($0.70 in chips) 
Seat 6: popayrus ($2.21 in chips) 
Seat 7: Dorex2007 ($4.09 in chips) 
Seat 8: cbenite97 ($2.45 in chips) 
Seat 9: nadokesh ($2.02 in chips) 
J.M3L0: posts small blind $0.01
samuel144: posts big blind $0.02
*** HOLE CARDS ***
Dealt to Dorex2007 [8h 4c]
415bigb: folds 
popayrus: raises $0.02 to $0.04
Dorex2007: folds 
cbenite97: folds 
nadokesh: folds 
bondo74rus: folds 
VOVCHENKO: folds 
J.M3L0: calls $0.03
samuel144: folds 
*** FLOP *** [Td Qh Jh]
J.M3L0: checks 
popayrus: checks 
*** TURN *** [Td Qh Jh] [7d]
J.M3L0: checks 
popayrus: checks 
*** RIVER *** [Td Qh Jh 7d] [9s]
J.M3L0: bets $0.04
popayrus: folds 
Uncalled bet ($0.04) returned to J.M3L0
J.M3L0 collected $0.10 from pot
J.M3L0: doesn't show hand 
*** SUMMARY ***
Total pot $0.10 | Rake $0 
Board [Td Qh Jh 7d 9s]
Seat 1: bondo74rus folded before Flop (didn't bet)
Seat 2: VOVCHENKO (button) folded before Flop (didn't bet)
Seat 3: J.M3L0 (small blind) collected ($0.10)
Seat 4: samuel144 (big blind) folded before Flop
Seat 5: 415bigb folded before Flop (didn't bet)
Seat 6: popayrus folded on the River
Seat 7: Dorex2007 folded before Flop (didn't bet)
Seat 8: cbenite97 folded before Flop (didn't bet)
Seat 9: nadokesh folded before Flop (didn't bet)



PokerStars Hand #231075276999:  Hold'em No Limit ($0.01/$0.02 USD) - 2021/11/01 20:57:19 PT [2021/11/01 23:57:19 ET]
Table 'Lehigh II' 9-max Seat #3 is the button
Seat 1: bondo74rus ($2 in chips) 
Seat 2: VOVCHENKO ($1.97 in chips) 
Seat 3: J.M3L0 ($1.42 in chips) 
Seat 4: samuel144 ($1.41 in chips) 
Seat 5: 415bigb ($0.70 in chips) 
Seat 6: popayrus ($2.17 in chips) 
Seat 7: Dorex2007 ($4.09 in chips) 
Seat 8: cbenite97 ($2.45 in chips) 
Seat 9: nadokesh ($2.02 in chips) 
samuel144: posts small blind $0.01
415bigb: posts big blind $0.02
*** HOLE CARDS ***
Dealt to Dorex2007 [2h 7s]
popayrus: folds 
Dorex2007: folds 
cbenite97: raises $0.06 to $0.08
nadokesh: folds 
bondo74rus: folds 
VOVCHENKO: folds 
J.M3L0: folds 
samuel144: folds 
415bigb: calls $0.06
*** FLOP *** [6d 4d 4h]
415bigb: checks 
cbenite97: bets $0.06
415bigb: folds 
Uncalled bet ($0.06) returned to cbenite97
cbenite97 collected $0.16 from pot
cbenite97: doesn't show hand 
*** SUMMARY ***
Total pot $0.17 | Rake $0.01 
Board [6d 4d 4h]
Seat 1: bondo74rus folded before Flop (didn't bet)
Seat 2: VOVCHENKO folded before Flop (didn't bet)
Seat 3: J.M3L0 (button) folded before Flop (didn't bet)
Seat 4: samuel144 (small blind) folded before Flop
Seat 5: 415bigb (big blind) folded on the Flop
Seat 6: popayrus folded before Flop (didn't bet)
Seat 7: Dorex2007 folded before Flop (didn't bet)
Seat 8: cbenite97 collected ($0.16)
Seat 9: nadokesh folded before Flop (didn't bet)



PokerStars Hand #231075281723:  Hold'em No Limit ($0.01/$0.02 USD) - 2021/11/01 20:57:55 PT [2021/11/01 23:57:55 ET]
Table 'Lehigh II' 9-max Seat #4 is the button
Seat 1: bondo74rus ($2 in chips) 
Seat 2: VOVCHENKO ($1.97 in chips) 
Seat 3: J.M3L0 ($1.42 in chips) 
Seat 4: samuel144 ($1.40 in chips) 
Seat 5: 415bigb ($0.62 in chips) 
Seat 6: popayrus ($2.17 in chips) 
Seat 7: Dorex2007 ($4.09 in chips) 
Seat 8: cbenite97 ($2.53 in chips) 
Seat 9: nadokesh ($2.02 in chips) 
415bigb: posts small blind $0.01
popayrus: posts big blind $0.02
*** HOLE CARDS ***
Dealt to Dorex2007 [9h 3h]
Dorex2007: folds 
cbenite97: calls $0.02
nadokesh: folds 
bondo74rus: folds 
VOVCHENKO: calls $0.02
J.M3L0: calls $0.02
samuel144: folds 
415bigb: folds 
popayrus: checks 
*** FLOP *** [Th 3d Ad]
popayrus: checks 
cbenite97: checks 
VOVCHENKO: checks 
J.M3L0: checks 
*** TURN *** [Th 3d Ad] [Kc]
popayrus: checks 
cbenite97: checks 
VOVCHENKO: checks 
J.M3L0: checks 
*** RIVER *** [Th 3d Ad Kc] [Js]
popayrus: checks 
cbenite97: bets $0.10
VOVCHENKO: folds 
J.M3L0: folds 
popayrus: folds 
Uncalled bet ($0.10) returned to cbenite97
cbenite97 collected $0.09 from pot
cbenite97: doesn't show hand 
*** SUMMARY ***
Total pot $0.09 | Rake $0 
Board [Th 3d Ad Kc Js]
Seat 1: bondo74rus folded before Flop (didn't bet)
Seat 2: VOVCHENKO folded on the River
Seat 3: J.M3L0 folded on the River
Seat 4: samuel144 (button) folded before Flop (didn't bet)
Seat 5: 415bigb (small blind) folded before Flop
Seat 6: popayrus (big blind) folded on the River
Seat 7: Dorex2007 folded before Flop (didn't bet)
Seat 8: cbenite97 collected ($0.09)
Seat 9: nadokesh folded before Flop (didn't bet)



PokerStars Hand #231075290858:  Hold'em No Limit ($0.01/$0.02 USD) - 2021/11/01 20:59:06 PT [2021/11/01 23:59:06 ET]
Table 'Lehigh II' 9-max Seat #5 is the button
Seat 1: bondo74rus ($2 in chips) 
Seat 2: VOVCHENKO ($1.95 in chips) 
Seat 3: J.M3L0 ($1.40 in chips) 
Seat 4: samuel144 ($1.40 in chips) 
Seat 5: 415bigb ($0.61 in chips) 
Seat 6: popayrus ($2.15 in chips) 
Seat 7: Dorex2007 ($4.09 in chips) 
Seat 8: cbenite97 ($2.60 in chips) 
Seat 9: nadokesh ($2.02 in chips) 
popayrus: posts small blind $0.01
Dorex2007: posts big blind $0.02
*** HOLE CARDS ***
Dealt to Dorex2007 [Ac Td]
cbenite97: folds 
nadokesh: folds 
bondo74rus: folds 
VOVCHENKO: folds 
J.M3L0: calls $0.02
samuel144: folds 
415bigb: folds 
popayrus: folds 
Dorex2007: checks 
*** FLOP *** [5s 8s 4s]
Dorex2007: checks 
J.M3L0: bets $0.04
Dorex2007: folds 
Uncalled bet ($0.04) returned to J.M3L0
J.M3L0 collected $0.05 from pot
J.M3L0: doesn't show hand 
*** SUMMARY ***
Total pot $0.05 | Rake $0 
Board [5s 8s 4s]
Seat 1: bondo74rus folded before Flop (didn't bet)
Seat 2: VOVCHENKO folded before Flop (didn't bet)
Seat 3: J.M3L0 collected ($0.05)
Seat 4: samuel144 folded before Flop (didn't bet)
Seat 5: 415bigb (button) folded before Flop (didn't bet)
Seat 6: popayrus (small blind) folded before Flop
Seat 7: Dorex2007 (big blind) folded on the Flop
Seat 8: cbenite97 folded before Flop (didn't bet)
Seat 9: nadokesh folded before Flop (didn't bet)



PokerStars Hand #231075295584:  Hold'em No Limit ($0.01/$0.02 USD) - 2021/11/01 20:59:42 PT [2021/11/01 23:59:42 ET]
Table 'Lehigh II' 9-max Seat #6 is the button
Seat 1: bondo74rus ($2 in chips) 
Seat 2: VOVCHENKO ($1.95 in chips) 
Seat 3: J.M3L0 ($1.43 in chips) 
Seat 4: samuel144 ($1.40 in chips) 
Seat 5: 415bigb ($0.61 in chips) 
Seat 6: popayrus ($2.14 in chips) 
Seat 7: Dorex2007 ($4.07 in chips) 
Seat 8: cbenite97 ($2.60 in chips) 
Seat 9: nadokesh ($2.02 in chips) 
Dorex2007: posts small blind $0.01
cbenite97: posts big blind $0.02
*** HOLE CARDS ***
Dealt to Dorex2007 [Ah Ks]
nadokesh: folds 
bondo74rus: folds 
VOVCHENKO: calls $0.02
J.M3L0: calls $0.02
samuel144: folds 
415bigb: folds 
popayrus: folds 
Dorex2007: raises $0.10 to $0.12
cbenite97: folds 
VOVCHENKO: calls $0.10
J.M3L0: folds 
*** FLOP *** [5d 6d Ts]
Dorex2007: bets $0.14
VOVCHENKO: folds 
Uncalled bet ($0.14) returned to Dorex2007
Dorex2007 collected $0.27 from pot
Dorex2007: doesn't show hand 
*** SUMMARY ***
Total pot $0.28 | Rake $0.01 
Board [5d 6d Ts]
Seat 1: bondo74rus folded before Flop (didn't bet)
Seat 2: VOVCHENKO folded on the Flop
Seat 3: J.M3L0 folded before Flop
Seat 4: samuel144 folded before Flop (didn't bet)
Seat 5: 415bigb folded before Flop (didn't bet)
Seat 6: popayrus (button) folded before Flop (didn't bet)
Seat 7: Dorex2007 (small blind) collected ($0.27)
Seat 8: cbenite97 (big blind) folded before Flop
Seat 9: nadokesh folded before Flop (didn't bet)



