PokerStars Hand #225374243095:  Hold'em No Limit ($0.01/$0.02 USD) - 2021/03/31 15:13:45 PT [2021/03/31 18:13:45 ET]
Table 'Renzia' 9-max Seat #6 is the button
Seat 1: deaththekid69 ($1.40 in chips) 
Seat 2: DePatie ($2.05 in chips) 
Seat 3: schani11 ($1.38 in chips) 
Seat 4: Dorex2007 ($1.50 in chips) 
Seat 6: milkman_583 ($3.66 in chips) 
Seat 7: jernanden ($0.74 in chips) 
Seat 8: SimoClo ($4.46 in chips) 
Seat 9: Elrus90 ($1.94 in chips) 
jernanden: posts small blind $0.01
SimoClo: posts big blind $0.02
Dorex2007: posts big blind $0.02
*** HOLE CARDS ***
Dealt to Dorex2007 [Ah 6s]
Elrus90: folds 
deaththekid69: raises $0.02 to $0.04
DePatie: calls $0.04
schani11: folds 
Dorex2007: folds 
milkman_583: calls $0.04
jernanden: folds 
SimoClo: calls $0.02
*** FLOP *** [Kc 9d 8s]
SimoClo: checks 
deaththekid69: checks 
DePatie: checks 
milkman_583: bets $0.02
SimoClo: calls $0.02
deaththekid69: calls $0.02
DePatie: calls $0.02
*** TURN *** [Kc 9d 8s] [Qc]
SimoClo: checks 
deaththekid69: checks 
DePatie: bets $0.13
milkman_583: calls $0.13
SimoClo: folds 
deaththekid69: calls $0.13
*** RIVER *** [Kc 9d 8s Qc] [Th]
deaththekid69: checks 
DePatie: checks 
milkman_583: checks 
*** SHOW DOWN ***
deaththekid69: shows [Ad Td] (a pair of Tens)
DePatie: shows [Qd Qs] (three of a kind, Queens)
milkman_583: mucks hand 
DePatie collected $0.64 from pot
*** SUMMARY ***
Total pot $0.66 | Rake $0.02 
Board [Kc 9d 8s Qc Th]
Seat 1: deaththekid69 showed [Ad Td] and lost with a pair of Tens
Seat 2: DePatie showed [Qd Qs] and won ($0.64) with three of a kind, Queens
Seat 3: schani11 folded before Flop (didn't bet)
Seat 4: Dorex2007 folded before Flop (didn't bet)
Seat 6: milkman_583 (button) mucked [9s Ks]
Seat 7: jernanden (small blind) folded before Flop
Seat 8: SimoClo (big blind) folded on the Turn
Seat 9: Elrus90 folded before Flop (didn't bet)



PokerStars Hand #225374311525:  Hold'em No Limit ($0.01/$0.02 USD) - 2021/03/31 15:15:57 PT [2021/03/31 18:15:57 ET]
Table 'Renzia' 9-max Seat #7 is the button
Seat 1: deaththekid69 ($1.21 in chips) 
Seat 2: DePatie ($2.50 in chips) 
Seat 3: schani11 ($1.38 in chips) 
Seat 4: Dorex2007 ($1.48 in chips) 
Seat 5: johnweed52 ($1.66 in chips) 
Seat 6: milkman_583 ($3.47 in chips) 
Seat 7: jernanden ($0.73 in chips) 
Seat 8: SimoClo ($4.40 in chips) 
Seat 9: Elrus90 ($1.94 in chips) 
SimoClo: posts small blind $0.01
Elrus90: posts big blind $0.02
*** HOLE CARDS ***
Dealt to Dorex2007 [8s 3c]
deaththekid69: calls $0.02
DePatie: calls $0.02
schani11: folds 
Dorex2007: folds 
johnweed52: folds 
milkman_583 has timed out
milkman_583: folds 
jernanden: folds 
SimoClo: folds 
Elrus90: checks 
*** FLOP *** [Qc As Tc]
Elrus90: checks 
deaththekid69: bets $0.02
DePatie: folds 
Elrus90: calls $0.02
*** TURN *** [Qc As Tc] [Jd]
Elrus90: checks 
deaththekid69: bets $0.02
Elrus90: raises $0.15 to $0.17
deaththekid69: calls $0.15
*** RIVER *** [Qc As Tc Jd] [5s]
Elrus90: bets $0.43
deaththekid69: folds 
Uncalled bet ($0.43) returned to Elrus90
Elrus90 collected $0.43 from pot
Elrus90: doesn't show hand 
*** SUMMARY ***
Total pot $0.45 | Rake $0.02 
Board [Qc As Tc Jd 5s]
Seat 1: deaththekid69 folded on the River
Seat 2: DePatie folded on the Flop
Seat 3: schani11 folded before Flop (didn't bet)
Seat 4: Dorex2007 folded before Flop (didn't bet)
Seat 5: johnweed52 folded before Flop (didn't bet)
Seat 6: milkman_583 folded before Flop (didn't bet)
Seat 7: jernanden (button) folded before Flop (didn't bet)
Seat 8: SimoClo (small blind) folded before Flop
Seat 9: Elrus90 (big blind) collected ($0.43)



PokerStars Hand #225374357097:  Hold'em No Limit ($0.01/$0.02 USD) - 2021/03/31 15:17:19 PT [2021/03/31 18:17:19 ET]
Table 'Renzia' 9-max Seat #8 is the button
Seat 1: deaththekid69 ($1 in chips) 
Seat 2: DePatie ($2.48 in chips) 
Seat 3: schani11 ($1.38 in chips) 
Seat 4: Dorex2007 ($1.48 in chips) 
Seat 5: johnweed52 ($1.66 in chips) 
Seat 6: milkman_583 ($3.47 in chips) 
Seat 7: jernanden ($0.73 in chips) 
Seat 8: SimoClo ($4.39 in chips) 
Seat 9: Elrus90 ($2.16 in chips) 
Elrus90: posts small blind $0.01
deaththekid69: posts big blind $0.02
*** HOLE CARDS ***
Dealt to Dorex2007 [9s Qd]
DePatie: folds 
schani11: folds 
Dorex2007: folds 
johnweed52 is disconnected 
johnweed52 has timed out while disconnected
johnweed52: folds 
milkman_583: calls $0.02
jernanden: folds 
SimoClo: folds 
Elrus90: folds 
deaththekid69 is disconnected 
deaththekid69 is connected 
deaththekid69: checks 
*** FLOP *** [Ts Kh 9d]
deaththekid69: checks 
milkman_583: bets $0.02
deaththekid69: folds 
Uncalled bet ($0.02) returned to milkman_583
milkman_583 collected $0.05 from pot
milkman_583: doesn't show hand 
*** SUMMARY ***
Total pot $0.05 | Rake $0 
Board [Ts Kh 9d]
Seat 1: deaththekid69 (big blind) folded on the Flop
Seat 2: DePatie folded before Flop (didn't bet)
Seat 3: schani11 folded before Flop (didn't bet)
Seat 4: Dorex2007 folded before Flop (didn't bet)
Seat 5: johnweed52 folded before Flop (didn't bet)
Seat 6: milkman_583 collected ($0.05)
Seat 7: jernanden folded before Flop (didn't bet)
Seat 8: SimoClo (button) folded before Flop (didn't bet)
Seat 9: Elrus90 (small blind) folded before Flop



PokerStars Hand #225374392855:  Hold'em No Limit ($0.01/$0.02 USD) - 2021/03/31 15:18:29 PT [2021/03/31 18:18:29 ET]
Table 'Renzia' 9-max Seat #9 is the button
Seat 1: deaththekid69 ($0.98 in chips) 
Seat 2: DePatie ($2.48 in chips) 
Seat 3: schani11 ($1.38 in chips) 
Seat 4: Dorex2007 ($1.48 in chips) 
Seat 5: johnweed52 ($1.66 in chips) 
Seat 6: milkman_583 ($3.50 in chips) 
Seat 7: jernanden ($0.73 in chips) 
Seat 8: SimoClo ($4.39 in chips) 
Seat 9: Elrus90 ($2.15 in chips) 
deaththekid69: posts small blind $0.01
DePatie: posts big blind $0.02
*** HOLE CARDS ***
Dealt to Dorex2007 [Qh 7h]
schani11: calls $0.02
Dorex2007: folds 
johnweed52: calls $0.02
milkman_583: calls $0.02
jernanden: calls $0.02
SimoClo: calls $0.02
Elrus90: folds 
deaththekid69: calls $0.01
johnweed52 is disconnected 
DePatie: raises $0.14 to $0.16
schani11: folds 
johnweed52: folds 
milkman_583: folds 
jernanden: raises $0.57 to $0.73 and is all-in
SimoClo: folds 
deaththekid69: folds 
DePatie: calls $0.57
milkman_583 leaves the table
johnweed52 is disconnected 
*** FLOP *** [6s Ts 3s]
Kupec Danila joins the table at seat #6 
*** TURN *** [6s Ts 3s] [8s]
*** RIVER *** [6s Ts 3s 8s] [6h]
*** SHOW DOWN ***
DePatie: shows [Ad As] (a flush, Ace high)
jernanden: shows [Jd Jc] (two pair, Jacks and Sixes)
DePatie cashed out the hand for $1.22 | Cash Out Fee $0.01
*** SUMMARY ***
Total pot $1.56 | Rake $0.05 
Board [6s Ts 3s 8s 6h]
Seat 1: deaththekid69 (small blind) folded before Flop
Seat 2: DePatie (big blind) showed [Ad As] and won ($1.51) with a flush, Ace high (pot not awarded as player cashed out)
Seat 3: schani11 folded before Flop
Seat 4: Dorex2007 folded before Flop (didn't bet)
Seat 5: johnweed52 folded before Flop
Seat 6: milkman_583 folded before Flop
Seat 7: jernanden showed [Jd Jc] and lost with two pair, Jacks and Sixes
Seat 8: SimoClo folded before Flop
Seat 9: Elrus90 (button) folded before Flop (didn't bet)



PokerStars Hand #225374430287:  Hold'em No Limit ($0.01/$0.02 USD) - 2021/03/31 15:19:43 PT [2021/03/31 18:19:43 ET]
Table 'Renzia' 9-max Seat #1 is the button
Seat 1: deaththekid69 ($0.96 in chips) 
Seat 2: DePatie ($2.97 in chips) 
Seat 3: schani11 ($1.36 in chips) 
Seat 4: Dorex2007 ($1.48 in chips) 
Seat 5: johnweed52 ($1.64 in chips) 
Seat 8: SimoClo ($4.37 in chips) 
Seat 9: Elrus90 ($2.15 in chips) 
DePatie: posts small blind $0.01
schani11: posts big blind $0.02
Kupec Danila: sits out 
*** HOLE CARDS ***
Dealt to Dorex2007 [7s 2c]
Dorex2007: folds 
jernanden leaves the table
johnweed52 has timed out while disconnected
johnweed52: folds 
SimoClo: folds 
Elrus90: raises $0.04 to $0.06
deaththekid69: calls $0.06
DePatie: folds 
schani11: folds 
*** FLOP *** [4d 8d Jd]
Elrus90: checks 
deaththekid69: bets $0.02
Elrus90: calls $0.02
*** TURN *** [4d 8d Jd] [5d]
Elrus90: checks 
archi karas joins the table at seat #7 
deaththekid69: bets $0.02
Elrus90: folds 
Uncalled bet ($0.02) returned to deaththekid69
deaththekid69 collected $0.18 from pot
deaththekid69: doesn't show hand 
*** SUMMARY ***
Total pot $0.19 | Rake $0.01 
Board [4d 8d Jd 5d]
Seat 1: deaththekid69 (button) collected ($0.18)
Seat 2: DePatie (small blind) folded before Flop
Seat 3: schani11 (big blind) folded before Flop
Seat 4: Dorex2007 folded before Flop (didn't bet)
Seat 5: johnweed52 folded before Flop (didn't bet)
Seat 8: SimoClo folded before Flop (didn't bet)
Seat 9: Elrus90 folded on the Turn



PokerStars Hand #225374456637:  Hold'em No Limit ($0.01/$0.02 USD) - 2021/03/31 15:20:35 PT [2021/03/31 18:20:35 ET]
Table 'Renzia' 9-max Seat #2 is the button
Seat 1: deaththekid69 ($1.06 in chips) 
Seat 2: DePatie ($2.96 in chips) 
Seat 3: schani11 ($1.34 in chips) 
Seat 4: Dorex2007 ($1.48 in chips) 
Seat 8: SimoClo ($4.37 in chips) 
Seat 9: Elrus90 ($2.07 in chips) 
schani11: posts small blind $0.01
Dorex2007: posts big blind $0.02
Kupec Danila: sits out 
archi karas: sits out 
*** HOLE CARDS ***
Dealt to Dorex2007 [9h 8h]
SimoClo: raises $0.04 to $0.06
Elrus90: folds 
deaththekid69: calls $0.06
DePatie: folds 
schani11: folds 
Dorex2007: calls $0.04
*** FLOP *** [Jd 9s 2s]
Dorex2007: bets $0.18
SimoClo: raises $0.18 to $0.36
deaththekid69: folds 
Dorex2007: calls $0.18
*** TURN *** [Jd 9s 2s] [Jc]
Dorex2007: bets $0.88
SimoClo: folds 
Uncalled bet ($0.88) returned to Dorex2007
Dorex2007 collected $0.88 from pot
Dorex2007: doesn't show hand 
*** SUMMARY ***
Total pot $0.91 | Rake $0.03 
Board [Jd 9s 2s Jc]
Seat 1: deaththekid69 folded on the Flop
Seat 2: DePatie (button) folded before Flop (didn't bet)
Seat 3: schani11 (small blind) folded before Flop
Seat 4: Dorex2007 (big blind) collected ($0.88)
Seat 8: SimoClo folded on the Turn
Seat 9: Elrus90 folded before Flop (didn't bet)



PokerStars Hand #225374494920:  Hold'em No Limit ($0.01/$0.02 USD) - 2021/03/31 15:21:50 PT [2021/03/31 18:21:50 ET]
Table 'Renzia' 9-max Seat #3 is the button
Seat 1: deaththekid69 ($1 in chips) 
Seat 2: DePatie ($2.96 in chips) 
Seat 3: schani11 ($1.33 in chips) 
Seat 4: Dorex2007 ($1.94 in chips) 
Seat 6: Kupec Danila ($1 in chips) 
Seat 8: SimoClo ($3.95 in chips) 
Seat 9: Elrus90 ($2.07 in chips) 
Dorex2007: posts small blind $0.01
Kupec Danila: posts big blind $0.02
archi karas: sits out 
*** HOLE CARDS ***
Dealt to Dorex2007 [9d 8h]
SimoClo: folds 
Elrus90: folds 
deaththekid69: calls $0.02
DePatie: calls $0.02
schani11: folds 
Dorex2007: calls $0.01
Kupec Danila: checks 
*** FLOP *** [7s Jd 9h]
Dorex2007: checks 
Kupec Danila: checks 
deaththekid69: checks 
DePatie: checks 
*** TURN *** [7s Jd 9h] [3d]
Dorex2007: checks 
Kupec Danila: bets $0.04
deaththekid69: calls $0.04
DePatie: folds 
Dorex2007: folds 
*** RIVER *** [7s Jd 9h 3d] [5h]
Kupec Danila: checks 
deaththekid69: checks 
*** SHOW DOWN ***
Kupec Danila: shows [7d Kc] (a pair of Sevens)
deaththekid69: mucks hand 
Kupec Danila collected $0.15 from pot
*** SUMMARY ***
Total pot $0.16 | Rake $0.01 
Board [7s Jd 9h 3d 5h]
Seat 1: deaththekid69 mucked [Td Ks]
Seat 2: DePatie folded on the Turn
Seat 3: schani11 (button) folded before Flop (didn't bet)
Seat 4: Dorex2007 (small blind) folded on the Turn
Seat 6: Kupec Danila (big blind) showed [7d Kc] and won ($0.15) with a pair of Sevens
Seat 8: SimoClo folded before Flop (didn't bet)
Seat 9: Elrus90 folded before Flop (didn't bet)



PokerStars Hand #225374538952:  Hold'em No Limit ($0.01/$0.02 USD) - 2021/03/31 15:23:18 PT [2021/03/31 18:23:18 ET]
Table 'Renzia' 9-max Seat #4 is the button
Seat 1: deaththekid69 ($0.94 in chips) 
Seat 2: DePatie ($2.94 in chips) 
Seat 3: schani11 ($1.33 in chips) 
Seat 4: Dorex2007 ($1.92 in chips) 
Seat 6: Kupec Danila ($1.09 in chips) 
Seat 7: archi karas ($1.60 in chips) 
Seat 8: SimoClo ($3.95 in chips) 
Seat 9: Elrus90 ($2.07 in chips) 
Kupec Danila: posts small blind $0.01
archi karas: posts big blind $0.02
*** HOLE CARDS ***
Dealt to Dorex2007 [Jd 5c]
SimoClo: folds 
Elrus90: folds 
deaththekid69: folds 
DePatie: raises $0.04 to $0.06
schani11: folds 
Dorex2007: folds 
Kupec Danila: folds 
archi karas has timed out
archi karas: folds 
Uncalled bet ($0.04) returned to DePatie
DePatie collected $0.05 from pot
DePatie: doesn't show hand 
*** SUMMARY ***
Total pot $0.05 | Rake $0 
Seat 1: deaththekid69 folded before Flop (didn't bet)
Seat 2: DePatie collected ($0.05)
Seat 3: schani11 folded before Flop (didn't bet)
Seat 4: Dorex2007 (button) folded before Flop (didn't bet)
Seat 6: Kupec Danila (small blind) folded before Flop
Seat 7: archi karas (big blind) folded before Flop
Seat 8: SimoClo folded before Flop (didn't bet)
Seat 9: Elrus90 folded before Flop (didn't bet)



PokerStars Hand #225374562002:  Hold'em No Limit ($0.01/$0.02 USD) - 2021/03/31 15:24:04 PT [2021/03/31 18:24:04 ET]
Table 'Renzia' 9-max Seat #6 is the button
Seat 1: deaththekid69 ($0.94 in chips) 
Seat 2: DePatie ($2.97 in chips) 
Seat 3: schani11 ($1.33 in chips) 
Seat 4: Dorex2007 ($1.92 in chips) 
Seat 6: Kupec Danila ($1.08 in chips) 
Seat 7: archi karas ($1.58 in chips) 
Seat 8: SimoClo ($3.95 in chips) 
Seat 9: Elrus90 ($2.07 in chips) 
archi karas: posts small blind $0.01
SimoClo: posts big blind $0.02
*** HOLE CARDS ***
Dealt to Dorex2007 [5d 2c]
Elrus90: folds 
deaththekid69: calls $0.02
DePatie: folds 
schani11: folds 
Dorex2007: folds 
Kupec Danila: folds 
archi karas has timed out
archi karas: folds 
SimoClo: checks 
*** FLOP *** [Jh Td 3h]
SimoClo: checks 
deaththekid69: bets $0.02
SimoClo: folds 
Uncalled bet ($0.02) returned to deaththekid69
deaththekid69 collected $0.05 from pot
deaththekid69: doesn't show hand 
*** SUMMARY ***
Total pot $0.05 | Rake $0 
Board [Jh Td 3h]
Seat 1: deaththekid69 collected ($0.05)
Seat 2: DePatie folded before Flop (didn't bet)
Seat 3: schani11 folded before Flop (didn't bet)
Seat 4: Dorex2007 folded before Flop (didn't bet)
Seat 6: Kupec Danila (button) folded before Flop (didn't bet)
Seat 7: archi karas (small blind) folded before Flop
Seat 8: SimoClo (big blind) folded on the Flop
Seat 9: Elrus90 folded before Flop (didn't bet)



PokerStars Hand #225374591934:  Hold'em No Limit ($0.01/$0.02 USD) - 2021/03/31 15:25:04 PT [2021/03/31 18:25:04 ET]
Table 'Renzia' 9-max Seat #8 is the button
Seat 1: deaththekid69 ($0.97 in chips) 
Seat 2: DePatie ($2.97 in chips) 
Seat 3: schani11 ($1.33 in chips) 
Seat 4: Dorex2007 ($1.92 in chips) 
Seat 6: Kupec Danila ($1.08 in chips) 
Seat 8: SimoClo ($3.93 in chips) 
Seat 9: Elrus90 ($2.07 in chips) 
Elrus90: posts small blind $0.01
deaththekid69: posts big blind $0.02
*** HOLE CARDS ***
Dealt to Dorex2007 [8h 5s]
DePatie: folds 
schani11: folds 
Dorex2007: folds 
Kupec Danila: folds 
SimoClo: folds 
Elrus90: raises $0.04 to $0.06
deaththekid69: folds 
Uncalled bet ($0.04) returned to Elrus90
Elrus90 collected $0.04 from pot
Elrus90: doesn't show hand 
*** SUMMARY ***
Total pot $0.04 | Rake $0 
Seat 1: deaththekid69 (big blind) folded before Flop
Seat 2: DePatie folded before Flop (didn't bet)
Seat 3: schani11 folded before Flop (didn't bet)
Seat 4: Dorex2007 folded before Flop (didn't bet)
Seat 6: Kupec Danila folded before Flop (didn't bet)
Seat 8: SimoClo (button) folded before Flop (didn't bet)
Seat 9: Elrus90 (small blind) collected ($0.04)



PokerStars Hand #225374599624:  Hold'em No Limit ($0.01/$0.02 USD) - 2021/03/31 15:25:20 PT [2021/03/31 18:25:20 ET]
Table 'Renzia' 9-max Seat #9 is the button
Seat 1: deaththekid69 ($0.95 in chips) 
Seat 2: DePatie ($2.97 in chips) 
Seat 3: schani11 ($1.33 in chips) 
Seat 4: Dorex2007 ($1.92 in chips) 
Seat 6: Kupec Danila ($1.08 in chips) 
Seat 8: SimoClo ($3.93 in chips) 
Seat 9: Elrus90 ($2.09 in chips) 
deaththekid69: posts small blind $0.01
DePatie: posts big blind $0.02
*** HOLE CARDS ***
Dealt to Dorex2007 [Qc Qs]
schani11 has timed out
schani11: folds 
Dorex2007: raises $0.04 to $0.06
Kupec Danila: raises $0.15 to $0.21
SimoClo: folds 
Elrus90: folds 
deaththekid69: calls $0.20
DePatie: calls $0.19
Dorex2007: calls $0.15
*** FLOP *** [Jh 3h 5d]
deaththekid69: bets $0.74 and is all-in
DePatie: folds 
Dorex2007: calls $0.74
Kupec Danila: raises $0.13 to $0.87 and is all-in
Dorex2007: calls $0.13
*** TURN *** [Jh 3h 5d] [8s]
*** RIVER *** [Jh 3h 5d 8s] [8c]
*** SHOW DOWN ***
Dorex2007: shows [Qc Qs] (two pair, Queens and Eights)
Kupec Danila: shows [Qd Qh] (two pair, Queens and Eights)
Dorex2007 collected $0.13 from side pot
deaththekid69: shows [Th Jc] (two pair, Jacks and Eights)
Dorex2007 collected $1.48 from main pot
Kupec Danila cashed out the hand for $1.34 | Cash Out Fee $0.01
*** SUMMARY ***
Total pot $3.32 Main pot $2.95. Side pot $0.25. | Rake $0.12 
Board [Jh 3h 5d 8s 8c]
Seat 1: deaththekid69 (small blind) showed [Th Jc] and lost with two pair, Jacks and Eights
Seat 2: DePatie (big blind) folded on the Flop
Seat 3: schani11 folded before Flop (didn't bet)
Seat 4: Dorex2007 showed [Qc Qs] and won ($1.61) with two pair, Queens and Eights
Seat 6: Kupec Danila showed [Qd Qh] and won ($1.59) with two pair, Queens and Eights (pot not awarded as player cashed out)
Seat 8: SimoClo folded before Flop (didn't bet)
Seat 9: Elrus90 (button) folded before Flop (didn't bet)



PokerStars Hand #225374636277:  Hold'em No Limit ($0.01/$0.02 USD) - 2021/03/31 15:26:35 PT [2021/03/31 18:26:35 ET]
Table 'Renzia' 9-max Seat #2 is the button
Seat 2: DePatie ($2.76 in chips) 
Seat 3: schani11 ($1.33 in chips) 
Seat 4: Dorex2007 ($2.45 in chips) 
Seat 6: Kupec Danila ($1.34 in chips) 
Seat 7: archi karas ($1.57 in chips) 
Seat 8: SimoClo ($3.93 in chips) 
Seat 9: Elrus90 ($2.09 in chips) 
schani11: posts small blind $0.01
Dorex2007: posts big blind $0.02
*** HOLE CARDS ***
Dealt to Dorex2007 [6d 3s]
Kupec Danila: folds 
archi karas: calls $0.02
SimoClo: calls $0.02
Elrus90: folds 
deaththekid69 leaves the table
DePatie: folds 
schani11: folds 
Dorex2007: checks 
*** FLOP *** [7s As Th]
Dorex2007: checks 
archi karas: checks 
SimoClo: checks 
*** TURN *** [7s As Th] [Js]
Dorex2007: checks 
archi karas: checks 
SimoClo: checks 
*** RIVER *** [7s As Th Js] [4c]
Dorex2007: checks 
archi karas: checks 
SimoClo: checks 
*** SHOW DOWN ***
Dorex2007: shows [6d 3s] (high card Ace)
archi karas: shows [3h 9h] (high card Ace - Jack+Ten+Nine kicker)
SimoClo: shows [5s 5c] (a pair of Fives)
SimoClo collected $0.07 from pot
*** SUMMARY ***
Total pot $0.07 | Rake $0 
Board [7s As Th Js 4c]
Seat 2: DePatie (button) folded before Flop (didn't bet)
Seat 3: schani11 (small blind) folded before Flop
Seat 4: Dorex2007 (big blind) showed [6d 3s] and lost with high card Ace
Seat 6: Kupec Danila folded before Flop (didn't bet)
Seat 7: archi karas showed [3h 9h] and lost with high card Ace
Seat 8: SimoClo showed [5s 5c] and won ($0.07) with a pair of Fives
Seat 9: Elrus90 folded before Flop (didn't bet)



PokerStars Hand #225374669859:  Hold'em No Limit ($0.01/$0.02 USD) - 2021/03/31 15:27:44 PT [2021/03/31 18:27:44 ET]
Table 'Renzia' 9-max Seat #3 is the button
Seat 2: DePatie ($2.76 in chips) 
Seat 3: schani11 ($1.32 in chips) 
Seat 4: Dorex2007 ($2.43 in chips) 
Seat 6: Kupec Danila ($1.34 in chips) 
Seat 7: archi karas ($1.55 in chips) 
Seat 8: SimoClo ($3.98 in chips) 
Seat 9: Elrus90 ($2.09 in chips) 
Dorex2007: posts small blind $0.01
Kupec Danila: posts big blind $0.02
*** HOLE CARDS ***
Dealt to Dorex2007 [Qc 2s]
archi karas: raises $0.02 to $0.04
SimoClo: folds 
Elrus90: calls $0.04
DePatie: folds 
schani11: calls $0.04
Frank Eug joins the table at seat #1 
Dorex2007: folds 
Kupec Danila: folds 
*** FLOP *** [Kc Ac 5h]
archi karas: bets $0.02
Elrus90: calls $0.02
schani11: folds 
*** TURN *** [Kc Ac 5h] [Ts]
archi karas: bets $0.09
Elrus90: folds 
Uncalled bet ($0.09) returned to archi karas
archi karas collected $0.18 from pot
archi karas: doesn't show hand 
*** SUMMARY ***
Total pot $0.19 | Rake $0.01 
Board [Kc Ac 5h Ts]
Seat 2: DePatie folded before Flop (didn't bet)
Seat 3: schani11 (button) folded on the Flop
Seat 4: Dorex2007 (small blind) folded before Flop
Seat 6: Kupec Danila (big blind) folded before Flop
Seat 7: archi karas collected ($0.18)
Seat 8: SimoClo folded before Flop (didn't bet)
Seat 9: Elrus90 folded on the Turn



PokerStars Hand #225374701544:  Hold'em No Limit ($0.01/$0.02 USD) - 2021/03/31 15:28:33 PT [2021/03/31 18:28:33 ET]
Table 'Renzia' 9-max Seat #4 is the button
Seat 1: Frank Eug ($1.60 in chips) 
Seat 2: DePatie ($2.76 in chips) 
Seat 3: schani11 ($1.28 in chips) 
Seat 4: Dorex2007 ($2.42 in chips) 
Seat 6: Kupec Danila ($1.32 in chips) 
Seat 7: archi karas ($1.67 in chips) 
Seat 8: SimoClo ($3.98 in chips) 
Seat 9: Elrus90 ($2.03 in chips) 
Kupec Danila: posts small blind $0.01
archi karas: posts big blind $0.02
Frank Eug: posts big blind $0.02
*** HOLE CARDS ***
Dealt to Dorex2007 [5d Qd]
SimoClo: folds 
Elrus90: raises $0.07 to $0.09
Frank Eug: folds 
DePatie: folds 
schani11: folds 
Dorex2007: folds 
Kupec Danila: folds 
archi karas: folds 
Uncalled bet ($0.07) returned to Elrus90
Elrus90 collected $0.07 from pot
Elrus90: doesn't show hand 
*** SUMMARY ***
Total pot $0.07 | Rake $0 
Seat 1: Frank Eug folded before Flop (didn't bet)
Seat 2: DePatie folded before Flop (didn't bet)
Seat 3: schani11 folded before Flop (didn't bet)
Seat 4: Dorex2007 (button) folded before Flop (didn't bet)
Seat 6: Kupec Danila (small blind) folded before Flop
Seat 7: archi karas (big blind) folded before Flop
Seat 8: SimoClo folded before Flop (didn't bet)
Seat 9: Elrus90 collected ($0.07)



PokerStars Hand #225374727511:  Hold'em No Limit ($0.01/$0.02 USD) - 2021/03/31 15:29:27 PT [2021/03/31 18:29:27 ET]
Table 'Renzia' 9-max Seat #7 is the button
Seat 1: Frank Eug ($1.58 in chips) 
Seat 2: DePatie ($2.76 in chips) 
Seat 3: schani11 ($1.28 in chips) 
Seat 4: Dorex2007 ($2.42 in chips) 
Seat 6: Kupec Danila ($1.31 in chips) 
Seat 7: archi karas ($1.64 in chips) 
Seat 8: SimoClo ($3.96 in chips) 
Seat 9: Elrus90 ($2.11 in chips) 
SimoClo: posts small blind $0.01
Elrus90: posts big blind $0.02
*** HOLE CARDS ***
Dealt to Dorex2007 [Ts Ad]
Frank Eug: calls $0.02
DePatie: folds 
schani11 has timed out
schani11: folds 
Dorex2007: raises $0.04 to $0.06
KRandall12 joins the table at seat #5 
Kupec Danila: calls $0.06
archi karas: folds 
SimoClo: folds 
Elrus90: calls $0.04
Frank Eug: calls $0.04
*** FLOP *** [3h Qc Tc]
Elrus90: checks 
Frank Eug: checks 
Dorex2007: bets $0.12
Kupec Danila: calls $0.12
Elrus90: calls $0.12
Frank Eug: calls $0.12
*** TURN *** [3h Qc Tc] [Ac]
Elrus90: checks 
Frank Eug: checks 
Dorex2007: bets $0.35
Kupec Danila: calls $0.35
Elrus90: folds 
Frank Eug: folds 
*** RIVER *** [3h Qc Tc Ac] [7c]
Dorex2007: checks 
Kupec Danila: checks 
*** SHOW DOWN ***
Dorex2007: shows [Ts Ad] (two pair, Aces and Tens)
Kupec Danila: shows [Th Ah] (two pair, Aces and Tens)
Dorex2007 collected $0.69 from pot
Kupec Danila collected $0.69 from pot
*** SUMMARY ***
Total pot $1.43 | Rake $0.05 
Board [3h Qc Tc Ac 7c]
Seat 1: Frank Eug folded on the Turn
Seat 2: DePatie folded before Flop (didn't bet)
Seat 3: schani11 folded before Flop (didn't bet)
Seat 4: Dorex2007 showed [Ts Ad] and won ($0.69) with two pair, Aces and Tens
Seat 6: Kupec Danila showed [Th Ah] and won ($0.69) with two pair, Aces and Tens
Seat 7: archi karas (button) folded before Flop (didn't bet)
Seat 8: SimoClo (small blind) folded before Flop
Seat 9: Elrus90 (big blind) folded on the Turn



PokerStars Hand #225374769589:  Hold'em No Limit ($0.01/$0.02 USD) - 2021/03/31 15:30:53 PT [2021/03/31 18:30:53 ET]
Table 'Renzia' 9-max Seat #8 is the button
Seat 1: Frank Eug ($1.40 in chips) 
Seat 2: DePatie ($2.76 in chips) 
Seat 3: schani11 ($1.28 in chips) 
Seat 4: Dorex2007 ($2.58 in chips) 
Seat 6: Kupec Danila ($1.47 in chips) 
Seat 7: archi karas ($1.64 in chips) 
Seat 8: SimoClo ($3.95 in chips) 
Seat 9: Elrus90 ($1.93 in chips) 
Elrus90: posts small blind $0.01
Frank Eug: posts big blind $0.02
KRandall12: sits out 
*** HOLE CARDS ***
Dealt to Dorex2007 [5d 4s]
DePatie: folds 
schani11: folds 
Dorex2007: folds 
Kupec Danila: folds 
archi karas: folds 
SimoClo: folds 
Elrus90: raises $0.04 to $0.06
Dorex2007 said, "you keep taking my pots :)"
Frank Eug: folds 
Uncalled bet ($0.04) returned to Elrus90
Elrus90 collected $0.04 from pot
Elrus90: doesn't show hand 
*** SUMMARY ***
Total pot $0.04 | Rake $0 
Seat 1: Frank Eug (big blind) folded before Flop
Seat 2: DePatie folded before Flop (didn't bet)
Seat 3: schani11 folded before Flop (didn't bet)
Seat 4: Dorex2007 folded before Flop (didn't bet)
Seat 6: Kupec Danila folded before Flop (didn't bet)
Seat 7: archi karas folded before Flop (didn't bet)
Seat 8: SimoClo (button) folded before Flop (didn't bet)
Seat 9: Elrus90 (small blind) collected ($0.04)



PokerStars Hand #225374782207:  Hold'em No Limit ($0.01/$0.02 USD) - 2021/03/31 15:31:18 PT [2021/03/31 18:31:18 ET]
Table 'Renzia' 9-max Seat #9 is the button
Seat 1: Frank Eug ($1.38 in chips) 
Seat 2: DePatie ($2.76 in chips) 
Seat 3: schani11 ($1.28 in chips) 
Seat 4: Dorex2007 ($2.58 in chips) 
Seat 6: Kupec Danila ($1.47 in chips) 
Seat 7: archi karas ($1.64 in chips) 
Seat 8: SimoClo ($3.95 in chips) 
Seat 9: Elrus90 ($1.95 in chips) 
Frank Eug: posts small blind $0.01
DePatie: posts big blind $0.02
KRandall12: sits out 
*** HOLE CARDS ***
Dealt to Dorex2007 [8c Ts]
schani11: folds 
Dorex2007: folds 
Kupec Danila: folds 
archi karas: raises $0.02 to $0.04
SimoClo: folds 
Elrus90: folds 
Frank Eug: calls $0.03
DePatie: folds 
*** FLOP *** [7d Ks 9h]
Frank Eug: checks 
archi karas: bets $0.05
Frank Eug: calls $0.05
*** TURN *** [7d Ks 9h] [7h]
Frank Eug: checks 
archi karas: bets $0.07
Frank Eug: calls $0.07
*** RIVER *** [7d Ks 9h 7h] [6s]
Frank Eug: checks 
archi karas: checks 
*** SHOW DOWN ***
Frank Eug: shows [9c Tc] (two pair, Nines and Sevens)
archi karas: mucks hand 
Frank Eug collected $0.33 from pot
*** SUMMARY ***
Total pot $0.34 | Rake $0.01 
Board [7d Ks 9h 7h 6s]
Seat 1: Frank Eug (small blind) showed [9c Tc] and won ($0.33) with two pair, Nines and Sevens
Seat 2: DePatie (big blind) folded before Flop
Seat 3: schani11 folded before Flop (didn't bet)
Seat 4: Dorex2007 folded before Flop (didn't bet)
Seat 6: Kupec Danila folded before Flop (didn't bet)
Seat 7: archi karas mucked [Jd Td]
Seat 8: SimoClo folded before Flop (didn't bet)
Seat 9: Elrus90 (button) folded before Flop (didn't bet)



PokerStars Hand #225374810279:  Hold'em No Limit ($0.01/$0.02 USD) - 2021/03/31 15:32:16 PT [2021/03/31 18:32:16 ET]
Table 'Renzia' 9-max Seat #1 is the button
Seat 1: Frank Eug ($1.55 in chips) 
Seat 2: DePatie ($2.74 in chips) 
Seat 3: schani11 ($1.28 in chips) 
Seat 4: Dorex2007 ($2.58 in chips) 
Seat 6: Kupec Danila ($1.47 in chips) 
Seat 7: archi karas ($1.48 in chips) 
Seat 8: SimoClo ($3.95 in chips) 
Seat 9: Elrus90 ($1.95 in chips) 
DePatie: posts small blind $0.01
schani11: posts big blind $0.02
KRandall12: sits out 
*** HOLE CARDS ***
Dealt to Dorex2007 [6d Ac]
Dorex2007: folds 
Kupec Danila: folds 
archi karas: folds 
SimoClo: folds 
Elrus90: raises $0.02 to $0.04
Frank Eug: folds 
DePatie: calls $0.03
schani11: folds 
*** FLOP *** [6h 9h 8s]
DePatie: checks 
Elrus90: bets $0.05
DePatie: folds 
Uncalled bet ($0.05) returned to Elrus90
Elrus90 collected $0.10 from pot
Elrus90: doesn't show hand 
*** SUMMARY ***
Total pot $0.10 | Rake $0 
Board [6h 9h 8s]
Seat 1: Frank Eug (button) folded before Flop (didn't bet)
Seat 2: DePatie (small blind) folded on the Flop
Seat 3: schani11 (big blind) folded before Flop
Seat 4: Dorex2007 folded before Flop (didn't bet)
Seat 6: Kupec Danila folded before Flop (didn't bet)
Seat 7: archi karas folded before Flop (didn't bet)
Seat 8: SimoClo folded before Flop (didn't bet)
Seat 9: Elrus90 collected ($0.10)



PokerStars Hand #225374831588:  Hold'em No Limit ($0.01/$0.02 USD) - 2021/03/31 15:33:00 PT [2021/03/31 18:33:00 ET]
Table 'Renzia' 9-max Seat #2 is the button
Seat 1: Frank Eug ($1.55 in chips) 
Seat 2: DePatie ($2.70 in chips) 
Seat 3: schani11 ($1.26 in chips) 
Seat 4: Dorex2007 ($2.58 in chips) 
Seat 6: Kupec Danila ($1.47 in chips) 
Seat 7: archi karas ($1.48 in chips) 
Seat 8: SimoClo ($3.95 in chips) 
Seat 9: Elrus90 ($2.01 in chips) 
schani11: posts small blind $0.01
Dorex2007: posts big blind $0.02
KRandall12: sits out 
*** HOLE CARDS ***
Dealt to Dorex2007 [7h 2c]
Kupec Danila: folds 
archi karas has timed out
archi karas: folds 
SimoClo: raises $0.04 to $0.06
Elrus90: folds 
Frank Eug: calls $0.06
DePatie: folds 
schani11: folds 
Dorex2007: folds 
*** FLOP *** [6h 7d 9s]
SimoClo: bets $0.07
Frank Eug: folds 
Uncalled bet ($0.07) returned to SimoClo
SimoClo collected $0.14 from pot
SimoClo: doesn't show hand 
*** SUMMARY ***
Total pot $0.15 | Rake $0.01 
Board [6h 7d 9s]
Seat 1: Frank Eug folded on the Flop
Seat 2: DePatie (button) folded before Flop (didn't bet)
Seat 3: schani11 (small blind) folded before Flop
Seat 4: Dorex2007 (big blind) folded before Flop
Seat 6: Kupec Danila folded before Flop (didn't bet)
Seat 7: archi karas folded before Flop (didn't bet)
Seat 8: SimoClo collected ($0.14)
Seat 9: Elrus90 folded before Flop (didn't bet)



PokerStars Hand #225374857119:  Hold'em No Limit ($0.01/$0.02 USD) - 2021/03/31 15:33:52 PT [2021/03/31 18:33:52 ET]
Table 'Renzia' 9-max Seat #3 is the button
Seat 1: Frank Eug ($1.49 in chips) 
Seat 2: DePatie ($2.70 in chips) 
Seat 3: schani11 ($1.25 in chips) 
Seat 4: Dorex2007 ($2.56 in chips) 
Seat 5: KRandall12 ($2 in chips) 
Seat 6: Kupec Danila ($1.47 in chips) 
Seat 7: archi karas ($1.48 in chips) 
Seat 8: SimoClo ($4.03 in chips) 
Seat 9: Elrus90 ($2.01 in chips) 
Dorex2007: posts small blind $0.01
KRandall12: posts big blind $0.02
*** HOLE CARDS ***
Dealt to Dorex2007 [4s 8c]
Kupec Danila: folds 
archi karas: folds 
SimoClo: folds 
Elrus90: raises $0.04 to $0.06
Frank Eug: folds 
DePatie: folds 
schani11: calls $0.06
Dorex2007: folds 
KRandall12: folds 
*** FLOP *** [2s Ac 3s]
Elrus90: checks 
schani11: checks 
*** TURN *** [2s Ac 3s] [9s]
Elrus90: checks 
schani11: checks 
*** RIVER *** [2s Ac 3s 9s] [2c]
Elrus90: checks 
schani11: bets $0.07
Elrus90: folds 
Uncalled bet ($0.07) returned to schani11
schani11 collected $0.14 from pot
schani11: doesn't show hand 
*** SUMMARY ***
Total pot $0.15 | Rake $0.01 
Board [2s Ac 3s 9s 2c]
Seat 1: Frank Eug folded before Flop (didn't bet)
Seat 2: DePatie folded before Flop (didn't bet)
Seat 3: schani11 (button) collected ($0.14)
Seat 4: Dorex2007 (small blind) folded before Flop
Seat 5: KRandall12 (big blind) folded before Flop
Seat 6: Kupec Danila folded before Flop (didn't bet)
Seat 7: archi karas folded before Flop (didn't bet)
Seat 8: SimoClo folded before Flop (didn't bet)
Seat 9: Elrus90 folded on the River



PokerStars Hand #225374889939:  Hold'em No Limit ($0.01/$0.02 USD) - 2021/03/31 15:35:00 PT [2021/03/31 18:35:00 ET]
Table 'Renzia' 9-max Seat #4 is the button
Seat 1: Frank Eug ($1.49 in chips) 
Seat 2: DePatie ($2.70 in chips) 
Seat 3: schani11 ($1.33 in chips) 
Seat 4: Dorex2007 ($2.55 in chips) 
Seat 5: KRandall12 ($2 in chips) 
Seat 7: archi karas ($1.48 in chips) 
Seat 8: SimoClo ($4.03 in chips) 
Seat 9: Elrus90 ($1.95 in chips) 
KRandall12: posts small blind $0.01
Kupec Danila: is sitting out 
archi karas: posts big blind $0.02
*** HOLE CARDS ***
Dealt to Dorex2007 [6d Kd]
SimoClo: folds 
Elrus90: raises $0.04 to $0.06
Frank Eug: folds 
DePatie: folds 
schani11: folds 
SimoClo leaves the table
Dorex2007: folds 
KRandall12: folds 
archi karas: folds 
Uncalled bet ($0.04) returned to Elrus90
Elrus90 collected $0.05 from pot
Elrus90: doesn't show hand 
*** SUMMARY ***
Total pot $0.05 | Rake $0 
Seat 1: Frank Eug folded before Flop (didn't bet)
Seat 2: DePatie folded before Flop (didn't bet)
Seat 3: schani11 folded before Flop (didn't bet)
Seat 4: Dorex2007 (button) folded before Flop (didn't bet)
Seat 5: KRandall12 (small blind) folded before Flop
Seat 7: archi karas (big blind) folded before Flop
Seat 8: SimoClo folded before Flop (didn't bet)
Seat 9: Elrus90 collected ($0.05)



PokerStars Hand #225374904347:  Hold'em No Limit ($0.01/$0.02 USD) - 2021/03/31 15:35:29 PT [2021/03/31 18:35:29 ET]
Table 'Renzia' 9-max Seat #5 is the button
Seat 1: Frank Eug ($1.49 in chips) 
Seat 2: DePatie ($2.70 in chips) 
Seat 3: schani11 ($1.33 in chips) 
Seat 4: Dorex2007 ($2.55 in chips) 
Seat 5: KRandall12 ($2 in chips) 
Seat 7: archi karas ($1.46 in chips) 
Seat 9: Elrus90 ($1.98 in chips) 
archi karas: posts small blind $0.01
Elrus90: posts big blind $0.02
*** HOLE CARDS ***
Dealt to Dorex2007 [5c Jh]
Frank Eug: folds 
DePatie: folds 
schani11: folds 
Dorex2007: folds 
KRandall12: folds 
archi karas: calls $0.01
Elrus90: checks 
*** FLOP *** [3c 9s 9c]
archi karas: checks 
Elrus90: checks 
*** TURN *** [3c 9s 9c] [5s]
archi karas: checks 
Elrus90: checks 
*** RIVER *** [3c 9s 9c 5s] [Qd]
archi karas: checks 
Elrus90: checks 
*** SHOW DOWN ***
archi karas: shows [5d Tc] (two pair, Nines and Fives)
Elrus90: mucks hand 
archi karas collected $0.04 from pot
*** SUMMARY ***
Total pot $0.04 | Rake $0 
Board [3c 9s 9c 5s Qd]
Seat 1: Frank Eug folded before Flop (didn't bet)
Seat 2: DePatie folded before Flop (didn't bet)
Seat 3: schani11 folded before Flop (didn't bet)
Seat 4: Dorex2007 folded before Flop (didn't bet)
Seat 5: KRandall12 (button) folded before Flop (didn't bet)
Seat 7: archi karas (small blind) showed [5d Tc] and won ($0.04) with two pair, Nines and Fives
Seat 9: Elrus90 (big blind) mucked [6c As]



PokerStars Hand #225374939662:  Hold'em No Limit ($0.01/$0.02 USD) - 2021/03/31 15:36:41 PT [2021/03/31 18:36:41 ET]
Table 'Renzia' 9-max Seat #7 is the button
Seat 1: Frank Eug ($1.49 in chips) 
Seat 2: DePatie ($2.70 in chips) 
Seat 3: schani11 ($1.33 in chips) 
Seat 4: Dorex2007 ($2.55 in chips) 
Seat 5: KRandall12 ($2 in chips) 
Seat 7: archi karas ($1.48 in chips) 
Seat 9: Elrus90 ($1.96 in chips) 
Elrus90: posts small blind $0.01
Frank Eug: posts big blind $0.02
*** HOLE CARDS ***
Dealt to Dorex2007 [5d 7h]
DePatie: folds 
schani11: folds 
Dorex2007: folds 
KRandall12: folds 
archi karas: raises $0.02 to $0.04
Elrus90: folds 
Frank Eug: calls $0.02
*** FLOP *** [2d 6d As]
VilpPS joins the table at seat #8 
Frank Eug: checks 
archi karas: bets $0.02
Frank Eug: calls $0.02
*** TURN *** [2d 6d As] [7d]
Frank Eug: checks 
archi karas: checks 
*** RIVER *** [2d 6d As 7d] [Qd]
Kupec Danila leaves the table
Frank Eug: checks 
archi karas: checks 
*** SHOW DOWN ***
Frank Eug: shows [6c 9s] (a pair of Sixes)
archi karas: shows [Qs Ks] (a pair of Queens)
archi karas collected $0.13 from pot
*** SUMMARY ***
Total pot $0.13 | Rake $0 
Board [2d 6d As 7d Qd]
Seat 1: Frank Eug (big blind) showed [6c 9s] and lost with a pair of Sixes
Seat 2: DePatie folded before Flop (didn't bet)
Seat 3: schani11 folded before Flop (didn't bet)
Seat 4: Dorex2007 folded before Flop (didn't bet)
Seat 5: KRandall12 folded before Flop (didn't bet)
Seat 7: archi karas (button) showed [Qs Ks] and won ($0.13) with a pair of Queens
Seat 9: Elrus90 (small blind) folded before Flop



PokerStars Hand #225374972376:  Hold'em No Limit ($0.01/$0.02 USD) - 2021/03/31 15:37:48 PT [2021/03/31 18:37:48 ET]
Table 'Renzia' 9-max Seat #9 is the button
Seat 1: Frank Eug ($1.43 in chips) 
Seat 2: DePatie ($2.70 in chips) 
Seat 3: schani11 ($1.33 in chips) 
Seat 4: Dorex2007 ($2.55 in chips) 
Seat 5: KRandall12 ($2 in chips) 
Seat 7: archi karas ($1.55 in chips) 
Seat 9: Elrus90 ($1.95 in chips) 
Frank Eug: posts small blind $0.01
DePatie: posts big blind $0.02
VilpPS: sits out 
*** HOLE CARDS ***
Dealt to Dorex2007 [3s 6d]
schani11: calls $0.02
Dorex2007: folds 
KRandall12: raises $0.06 to $0.08
archi karas: calls $0.08
Elrus90: folds 
Frank Eug: folds 
DePatie: calls $0.06
C&D BRA joins the table at seat #6 
schani11: calls $0.06
*** FLOP *** [As Tc 5h]
DePatie: checks 
schani11: checks 
KRandall12: bets $0.16
archi karas: calls $0.16
DePatie: folds 
schani11: folds 
*** TURN *** [As Tc 5h] [Ts]
KRandall12: checks 
archi karas: checks 
*** RIVER *** [As Tc 5h Ts] [9d]
KRandall12: checks 
archi karas: bets $0.21
KRandall12: calls $0.21
*** SHOW DOWN ***
archi karas: shows [4d Ac] (two pair, Aces and Tens)
KRandall12: shows [Ad Qc] (two pair, Aces and Tens - Queen kicker)
KRandall12 collected $1.03 from pot
*** SUMMARY ***
Total pot $1.07 | Rake $0.04 
Board [As Tc 5h Ts 9d]
Seat 1: Frank Eug (small blind) folded before Flop
Seat 2: DePatie (big blind) folded on the Flop
Seat 3: schani11 folded on the Flop
Seat 4: Dorex2007 folded before Flop (didn't bet)
Seat 5: KRandall12 showed [Ad Qc] and won ($1.03) with two pair, Aces and Tens
Seat 7: archi karas showed [4d Ac] and lost with two pair, Aces and Tens
Seat 9: Elrus90 (button) folded before Flop (didn't bet)



PokerStars Hand #225375015950:  Hold'em No Limit ($0.01/$0.02 USD) - 2021/03/31 15:39:07 PT [2021/03/31 18:39:07 ET]
Table 'Renzia' 9-max Seat #1 is the button
Seat 1: Frank Eug ($1.42 in chips) 
Seat 2: DePatie ($2.62 in chips) 
Seat 3: schani11 ($1.25 in chips) 
Seat 4: Dorex2007 ($2.55 in chips) 
Seat 5: KRandall12 ($2.58 in chips) 
Seat 6: C&D BRA ($0.80 in chips) 
Seat 7: archi karas ($1.10 in chips) 
Seat 9: Elrus90 ($1.95 in chips) 
DePatie: posts small blind $0.01
schani11: posts big blind $0.02
C&D BRA: posts big blind $0.02
VilpPS: sits out 
*** HOLE CARDS ***
Dealt to Dorex2007 [Ac 6h]
Dorex2007: folds 
KRandall12: folds 
C&D BRA: checks 
archi karas: raises $0.02 to $0.04
Elrus90: folds 
Frank Eug: calls $0.04
DePatie: folds 
schani11: folds 
C&D BRA: folds 
*** FLOP *** [Kd 9s 6s]
archi karas: bets $0.02
Frank Eug: calls $0.02
*** TURN *** [Kd 9s 6s] [7c]
archi karas: bets $0.02
Frank Eug: calls $0.02
*** RIVER *** [Kd 9s 6s 7c] [8s]
archi karas: bets $0.02
Frank Eug: raises $0.08 to $0.10
archi karas: folds 
Uncalled bet ($0.08) returned to Frank Eug
Frank Eug collected $0.24 from pot
*** SUMMARY ***
Total pot $0.25 | Rake $0.01 
Board [Kd 9s 6s 7c 8s]
Seat 1: Frank Eug (button) collected ($0.24)
Seat 2: DePatie (small blind) folded before Flop
Seat 3: schani11 (big blind) folded before Flop
Seat 4: Dorex2007 folded before Flop (didn't bet)
Seat 5: KRandall12 folded before Flop (didn't bet)
Seat 6: C&D BRA folded before Flop (didn't bet)
Seat 7: archi karas folded on the River
Seat 9: Elrus90 folded before Flop (didn't bet)



PokerStars Hand #225375055211:  Hold'em No Limit ($0.01/$0.02 USD) - 2021/03/31 15:40:30 PT [2021/03/31 18:40:30 ET]
Table 'Renzia' 9-max Seat #2 is the button
Seat 1: Frank Eug ($1.56 in chips) 
Seat 2: DePatie ($2.61 in chips) 
Seat 3: schani11 ($1.23 in chips) 
Seat 4: Dorex2007 ($2.55 in chips) 
Seat 5: KRandall12 ($2.58 in chips) 
Seat 6: C&D BRA ($0.78 in chips) 
Seat 7: archi karas ($1 in chips) 
Seat 9: Elrus90 ($1.95 in chips) 
schani11: posts small blind $0.01
Dorex2007: posts big blind $0.02
VilpPS: sits out 
*** HOLE CARDS ***
Dealt to Dorex2007 [As Jc]
KRandall12: folds 
C&D BRA: folds 
archi karas: folds 
Elrus90: folds 
Frank Eug: calls $0.02
DePatie: calls $0.02
schani11: folds 
Dorex2007: checks 
*** FLOP *** [6s 7d Td]
Dorex2007: checks 
Frank Eug: checks 
DePatie: bets $0.04
Dorex2007: folds 
Frank Eug: calls $0.04
*** TURN *** [6s 7d Td] [8c]
Frank Eug: checks 
DePatie: bets $0.07
Frank Eug: calls $0.07
*** RIVER *** [6s 7d Td 8c] [8s]
Frank Eug: checks 
DePatie: checks 
*** SHOW DOWN ***
Frank Eug: shows [Jd Ad] (a pair of Eights)
DePatie: shows [7h 6h] (two pair, Eights and Sevens)
DePatie collected $0.28 from pot
*** SUMMARY ***
Total pot $0.29 | Rake $0.01 
Board [6s 7d Td 8c 8s]
Seat 1: Frank Eug showed [Jd Ad] and lost with a pair of Eights
Seat 2: DePatie (button) showed [7h 6h] and won ($0.28) with two pair, Eights and Sevens
Seat 3: schani11 (small blind) folded before Flop
Seat 4: Dorex2007 (big blind) folded on the Flop
Seat 5: KRandall12 folded before Flop (didn't bet)
Seat 6: C&D BRA folded before Flop (didn't bet)
Seat 7: archi karas folded before Flop (didn't bet)
Seat 9: Elrus90 folded before Flop (didn't bet)



PokerStars Hand #225375088799:  Hold'em No Limit ($0.01/$0.02 USD) - 2021/03/31 15:41:41 PT [2021/03/31 18:41:41 ET]
Table 'Renzia' 9-max Seat #3 is the button
Seat 1: Frank Eug ($1.43 in chips) 
Seat 2: DePatie ($2.76 in chips) 
Seat 3: schani11 ($1.22 in chips) 
Seat 4: Dorex2007 ($2.53 in chips) 
Seat 6: C&D BRA ($0.78 in chips) 
Seat 7: archi karas ($1 in chips) 
Seat 9: Elrus90 ($1.95 in chips) 
Dorex2007: posts small blind $0.01
KRandall12: is sitting out 
C&D BRA: posts big blind $0.02
VilpPS: sits out 
*** HOLE CARDS ***
Dealt to Dorex2007 [6c Ts]
KRandall12 leaves the table
archi karas: calls $0.02
Elrus90: folds 
Frank Eug: calls $0.02
DePatie: folds 
Saulo507 joins the table at seat #5 
schani11: folds 
Dorex2007: folds 
C&D BRA: checks 
*** FLOP *** [Jh Th 5c]
C&D BRA: checks 
archi karas: bets $0.02
Frank Eug: calls $0.02
C&D BRA: calls $0.02
*** TURN *** [Jh Th 5c] [8d]
C&D BRA: checks 
archi karas: bets $0.06
Frank Eug: calls $0.06
C&D BRA: calls $0.06
*** RIVER *** [Jh Th 5c 8d] [2c]
C&D BRA: checks 
archi karas has timed out
archi karas: checks 
Frank Eug: checks 
*** SHOW DOWN ***
C&D BRA: shows [3h 8h] (a pair of Eights)
archi karas: shows [8s Jc] (two pair, Jacks and Eights)
Frank Eug: mucks hand 
archi karas collected $0.30 from pot
*** SUMMARY ***
Total pot $0.31 | Rake $0.01 
Board [Jh Th 5c 8d 2c]
Seat 1: Frank Eug mucked [9d 9s]
Seat 2: DePatie folded before Flop (didn't bet)
Seat 3: schani11 (button) folded before Flop (didn't bet)
Seat 4: Dorex2007 (small blind) folded before Flop
Seat 6: C&D BRA (big blind) showed [3h 8h] and lost with a pair of Eights
Seat 7: archi karas showed [8s Jc] and won ($0.30) with two pair, Jacks and Eights
Seat 9: Elrus90 folded before Flop (didn't bet)



PokerStars Hand #225375146377:  Hold'em No Limit ($0.01/$0.02 USD) - 2021/03/31 15:43:44 PT [2021/03/31 18:43:44 ET]
Table 'Renzia' 9-max Seat #4 is the button
Seat 1: Frank Eug ($1.33 in chips) 
Seat 2: DePatie ($2.76 in chips) 
Seat 3: schani11 ($1.22 in chips) 
Seat 4: Dorex2007 ($2.52 in chips) 
Seat 6: C&D BRA ($0.68 in chips) 
Seat 7: archi karas ($1.20 in chips) 
Seat 9: Elrus90 ($1.95 in chips) 
C&D BRA: posts small blind $0.01
archi karas: posts big blind $0.02
VilpPS: sits out 
*** HOLE CARDS ***
Dealt to Dorex2007 [Qh 5c]
Elrus90: folds 
Frank Eug: folds 
DePatie: folds 
schani11: folds 
Dorex2007: folds 
C&D BRA: raises $0.04 to $0.06
archi karas is disconnected 
archi karas has timed out while disconnected
archi karas: folds 
Uncalled bet ($0.04) returned to C&D BRA
C&D BRA collected $0.04 from pot
C&D BRA: doesn't show hand 
*** SUMMARY ***
Total pot $0.04 | Rake $0 
Seat 1: Frank Eug folded before Flop (didn't bet)
Seat 2: DePatie folded before Flop (didn't bet)
Seat 3: schani11 folded before Flop (didn't bet)
Seat 4: Dorex2007 (button) folded before Flop (didn't bet)
Seat 6: C&D BRA (small blind) collected ($0.04)
Seat 7: archi karas (big blind) folded before Flop
Seat 9: Elrus90 folded before Flop (didn't bet)



PokerStars Hand #225375164251:  Hold'em No Limit ($0.01/$0.02 USD) - 2021/03/31 15:44:23 PT [2021/03/31 18:44:23 ET]
Table 'Renzia' 9-max Seat #6 is the button
Seat 1: Frank Eug ($1.33 in chips) 
Seat 2: DePatie ($2.76 in chips) 
Seat 3: schani11 ($1.22 in chips) 
Seat 4: Dorex2007 ($2.52 in chips) 
Seat 6: C&D BRA ($0.70 in chips) 
Seat 9: Elrus90 ($1.95 in chips) 
Elrus90: posts small blind $0.01
Frank Eug: posts big blind $0.02
Saulo507: sits out 
*** HOLE CARDS ***
Dealt to Dorex2007 [Ad 4s]
DePatie: folds 
schani11: folds 
Dorex2007: folds 
C&D BRA: folds 
Elrus90: calls $0.01
Frank Eug: checks 
*** FLOP *** [Kh Kc Js]
Elrus90: checks 
Frank Eug: checks 
*** TURN *** [Kh Kc Js] [Tc]
Elrus90: checks 
archi karas is disconnected 
Frank Eug: checks 
*** RIVER *** [Kh Kc Js Tc] [8h]
Elrus90: checks 
Frank Eug: checks 
*** SHOW DOWN ***
Elrus90: shows [Ah 7d] (a pair of Kings)
Frank Eug: shows [As 5d] (a pair of Kings)
Elrus90 collected $0.02 from pot
Frank Eug collected $0.02 from pot
*** SUMMARY ***
Total pot $0.04 | Rake $0 
Board [Kh Kc Js Tc 8h]
Seat 1: Frank Eug (big blind) showed [As 5d] and won ($0.02) with a pair of Kings
Seat 2: DePatie folded before Flop (didn't bet)
Seat 3: schani11 folded before Flop (didn't bet)
Seat 4: Dorex2007 folded before Flop (didn't bet)
Seat 6: C&D BRA (button) folded before Flop (didn't bet)
Seat 9: Elrus90 (small blind) showed [Ah 7d] and won ($0.02) with a pair of Kings



PokerStars Hand #225375181100:  Hold'em No Limit ($0.01/$0.02 USD) - 2021/03/31 15:45:00 PT [2021/03/31 18:45:00 ET]
Table 'Renzia' 9-max Seat #9 is the button
Seat 1: Frank Eug ($1.33 in chips) 
Seat 2: DePatie ($2.76 in chips) 
Seat 3: schani11 ($1.22 in chips) 
Seat 4: Dorex2007 ($2.52 in chips) 
Seat 6: C&D BRA ($0.70 in chips) 
Seat 9: Elrus90 ($1.95 in chips) 
Frank Eug: posts small blind $0.01
DePatie: posts big blind $0.02
Saulo507: sits out 
VilpPS: sits out 
*** HOLE CARDS ***
Dealt to Dorex2007 [2h 2s]
archi karas is disconnected 
schani11 has timed out
schani11: folds 
Dorex2007: raises $0.04 to $0.06
C&D BRA: folds 
Elrus90: calls $0.06
Frank Eug: folds 
DePatie: calls $0.04
*** FLOP *** [Ad Jh 3s]
DePatie: checks 
Dorex2007: checks 
Elrus90: checks 
*** TURN *** [Ad Jh 3s] [6h]
DePatie: checks 
Dorex2007: bets $0.09
Elrus90: folds 
DePatie: folds 
Uncalled bet ($0.09) returned to Dorex2007
Dorex2007 collected $0.18 from pot
Dorex2007: doesn't show hand 
archi karas is disconnected 
*** SUMMARY ***
Total pot $0.19 | Rake $0.01 
Board [Ad Jh 3s 6h]
Seat 1: Frank Eug (small blind) folded before Flop
Seat 2: DePatie (big blind) folded on the Turn
Seat 3: schani11 folded before Flop (didn't bet)
Seat 4: Dorex2007 collected ($0.18)
Seat 6: C&D BRA folded before Flop (didn't bet)
Seat 9: Elrus90 (button) folded on the Turn



PokerStars Hand #225375210562:  Hold'em No Limit ($0.01/$0.02 USD) - 2021/03/31 15:46:04 PT [2021/03/31 18:46:04 ET]
Table 'Renzia' 9-max Seat #1 is the button
Seat 1: Frank Eug ($1.32 in chips) 
Seat 2: DePatie ($2.70 in chips) 
Seat 4: Dorex2007 ($2.64 in chips) 
Seat 6: C&D BRA ($0.70 in chips) 
Seat 9: Elrus90 ($1.89 in chips) 
DePatie: posts small blind $0.01
Dorex2007: posts big blind $0.02
Saulo507: sits out 
VilpPS: sits out 
*** HOLE CARDS ***
Dealt to Dorex2007 [9h 8d]
archi karas is disconnected 
C&D BRA: calls $0.02
Elrus90: calls $0.02
Frank Eug: calls $0.02
DePatie: folds 
Dorex2007: checks 
*** FLOP *** [7c 5s Td]
Dorex2007: checks 
archi karas is disconnected 
C&D BRA: checks 
Elrus90: checks 
Frank Eug: checks 
*** TURN *** [7c 5s Td] [Js]
Dorex2007: checks 
archi karas is disconnected 
C&D BRA: bets $0.06
Elrus90: folds 
Frank Eug: calls $0.06
archi karas is disconnected 
Dorex2007: raises $0.12 to $0.18
C&D BRA: calls $0.12
Frank Eug: folds 
*** RIVER *** [7c 5s Td Js] [Qc]
archi karas is disconnected 
Dorex2007: bets $0.49
archi karas is disconnected 
C&D BRA: folds 
Uncalled bet ($0.49) returned to Dorex2007
Dorex2007 collected $0.49 from pot
Dorex2007: doesn't show hand 
*** SUMMARY ***
Total pot $0.51 | Rake $0.02 
Board [7c 5s Td Js Qc]
Seat 1: Frank Eug (button) folded on the Turn
Seat 2: DePatie (small blind) folded before Flop
Seat 4: Dorex2007 (big blind) collected ($0.49)
Seat 6: C&D BRA folded on the River
Seat 9: Elrus90 folded on the Turn



PokerStars Hand #225375258828:  Hold'em No Limit ($0.01/$0.02 USD) - 2021/03/31 15:47:37 PT [2021/03/31 18:47:37 ET]
Table 'Renzia' 9-max Seat #2 is the button
Seat 1: Frank Eug ($1.24 in chips) 
Seat 2: DePatie ($2.69 in chips) 
Seat 4: Dorex2007 ($2.93 in chips) 
Seat 5: Saulo507 ($2 in chips) 
Seat 6: C&D BRA ($0.50 in chips) 
Seat 9: Elrus90 ($1.87 in chips) 
Dorex2007: posts small blind $0.01
Saulo507: posts big blind $0.02
VilpPS: sits out 
*** HOLE CARDS ***
Dealt to Dorex2007 [5d Ah]
archi karas is disconnected 
C&D BRA: folds 
Elrus90: raises $0.02 to $0.04
Frank Eug: folds 
DePatie: folds 
Dorex2007: folds 
Saulo507: folds 
Uncalled bet ($0.02) returned to Elrus90
Elrus90 collected $0.05 from pot
Elrus90: doesn't show hand 
*** SUMMARY ***
Total pot $0.05 | Rake $0 
Seat 1: Frank Eug folded before Flop (didn't bet)
Seat 2: DePatie (button) folded before Flop (didn't bet)
Seat 4: Dorex2007 (small blind) folded before Flop
Seat 5: Saulo507 (big blind) folded before Flop
Seat 6: C&D BRA folded before Flop (didn't bet)
Seat 9: Elrus90 collected ($0.05)



PokerStars Hand #225375272376:  Hold'em No Limit ($0.01/$0.02 USD) - 2021/03/31 15:48:07 PT [2021/03/31 18:48:07 ET]
Table 'Renzia' 9-max Seat #4 is the button
Seat 1: Frank Eug ($1.24 in chips) 
Seat 2: DePatie ($2.69 in chips) 
Seat 4: Dorex2007 ($2.92 in chips) 
Seat 6: C&D BRA ($0.50 in chips) 
Seat 8: VilpPS ($2 in chips) 
Seat 9: Elrus90 ($1.90 in chips) 
C&D BRA: posts small blind $0.01
VilpPS: posts big blind $0.02
schani11: sits out 
*** HOLE CARDS ***
Dealt to Dorex2007 [7c 5d]
Elrus90: folds 
Frank Eug: folds 
DePatie: folds 
Dorex2007: folds 
C&D BRA: calls $0.01
VilpPS: checks 
*** FLOP *** [Jd Tc 9h]
C&D BRA: checks 
VilpPS: checks 
*** TURN *** [Jd Tc 9h] [9c]
C&D BRA: checks 
VilpPS: checks 
*** RIVER *** [Jd Tc 9h 9c] [3d]
C&D BRA: checks 
VilpPS: checks 
*** SHOW DOWN ***
C&D BRA: shows [Qh 5s] (a pair of Nines)
VilpPS: mucks hand 
C&D BRA collected $0.04 from pot
*** SUMMARY ***
Total pot $0.04 | Rake $0 
Board [Jd Tc 9h 9c 3d]
Seat 1: Frank Eug folded before Flop (didn't bet)
Seat 2: DePatie folded before Flop (didn't bet)
Seat 4: Dorex2007 (button) folded before Flop (didn't bet)
Seat 6: C&D BRA (small blind) showed [Qh 5s] and won ($0.04) with a pair of Nines
Seat 8: VilpPS (big blind) mucked [8s 6s]
Seat 9: Elrus90 folded before Flop (didn't bet)



PokerStars Hand #225375305742:  Hold'em No Limit ($0.01/$0.02 USD) - 2021/03/31 15:49:21 PT [2021/03/31 18:49:21 ET]
Table 'Renzia' 9-max Seat #6 is the button
Seat 1: Frank Eug ($1.24 in chips) 
Seat 2: DePatie ($2.69 in chips) 
Seat 4: Dorex2007 ($2.92 in chips) 
Seat 6: C&D BRA ($0.52 in chips) 
Seat 8: VilpPS ($2 in chips) 
Seat 9: Elrus90 ($1.90 in chips) 
VilpPS: posts small blind $0.01
Elrus90: posts big blind $0.02
schani11: sits out 
*** HOLE CARDS ***
Dealt to Dorex2007 [6s 4h]
Frank Eug: folds 
DePatie: folds 
Dorex2007: folds 
schani11 leaves the table
C&D BRA: folds 
VilpPS: folds 
Uncalled bet ($0.01) returned to Elrus90
Elrus90 collected $0.02 from pot
Elrus90: doesn't show hand 
*** SUMMARY ***
Total pot $0.02 | Rake $0 
Seat 1: Frank Eug folded before Flop (didn't bet)
Seat 2: DePatie folded before Flop (didn't bet)
Seat 4: Dorex2007 folded before Flop (didn't bet)
Seat 6: C&D BRA (button) folded before Flop (didn't bet)
Seat 8: VilpPS (small blind) folded before Flop
Seat 9: Elrus90 (big blind) collected ($0.02)



PokerStars Hand #225375312813:  Hold'em No Limit ($0.01/$0.02 USD) - 2021/03/31 15:49:37 PT [2021/03/31 18:49:37 ET]
Table 'Renzia' 9-max Seat #8 is the button
Seat 1: Frank Eug ($1.24 in chips) 
Seat 2: DePatie ($2.69 in chips) 
Seat 4: Dorex2007 ($2.92 in chips) 
Seat 6: C&D BRA ($0.52 in chips) 
Seat 8: VilpPS ($2 in chips) 
Seat 9: Elrus90 ($1.91 in chips) 
Elrus90: posts small blind $0.01
Frank Eug: posts big blind $0.02
*** HOLE CARDS ***
Dealt to Dorex2007 [5s Ac]
DePatie: folds 
Dorex2007: folds 
C&D BRA: folds 
VilpPS: raises $0.04 to $0.06
Elrus90: folds 
Frank Eug: folds 
Uncalled bet ($0.04) returned to VilpPS
VilpPS collected $0.05 from pot
VilpPS: doesn't show hand 
*** SUMMARY ***
Total pot $0.05 | Rake $0 
Seat 1: Frank Eug (big blind) folded before Flop
Seat 2: DePatie folded before Flop (didn't bet)
Seat 4: Dorex2007 folded before Flop (didn't bet)
Seat 6: C&D BRA folded before Flop (didn't bet)
Seat 8: VilpPS (button) collected ($0.05)
Seat 9: Elrus90 (small blind) folded before Flop



PokerStars Hand #225375324616:  Hold'em No Limit ($0.01/$0.02 USD) - 2021/03/31 15:50:03 PT [2021/03/31 18:50:03 ET]
Table 'Renzia' 9-max Seat #9 is the button
Seat 1: Frank Eug ($1.22 in chips) 
Seat 2: DePatie ($2.69 in chips) 
Seat 4: Dorex2007 ($2.92 in chips) 
Seat 6: C&D BRA ($0.52 in chips) 
Seat 8: VilpPS ($2.03 in chips) 
Seat 9: Elrus90 ($1.90 in chips) 
Frank Eug: posts small blind $0.01
DePatie: posts big blind $0.02
*** HOLE CARDS ***
Dealt to Dorex2007 [Qh Jc]
Dorex2007: folds 
Brad@Tricia joins the table at seat #3 
C&D BRA: folds 
VilpPS: folds 
Elrus90: folds 
Frank Eug: folds 
Uncalled bet ($0.01) returned to DePatie
Frank Eug leaves the table
DePatie collected $0.02 from pot
DePatie: doesn't show hand 
*** SUMMARY ***
Total pot $0.02 | Rake $0 
Seat 1: Frank Eug (small blind) folded before Flop
Seat 2: DePatie (big blind) collected ($0.02)
Seat 4: Dorex2007 folded before Flop (didn't bet)
Seat 6: C&D BRA folded before Flop (didn't bet)
Seat 8: VilpPS folded before Flop (didn't bet)
Seat 9: Elrus90 (button) folded before Flop (didn't bet)



PokerStars Hand #225375336359:  Hold'em No Limit ($0.01/$0.02 USD) - 2021/03/31 15:50:25 PT [2021/03/31 18:50:25 ET]
Table 'Renzia' 9-max Seat #2 is the button
Seat 2: DePatie ($2.70 in chips) 
Seat 4: Dorex2007 ($2.92 in chips) 
Seat 6: C&D BRA ($0.52 in chips) 
Seat 8: VilpPS ($2.03 in chips) 
Seat 9: Elrus90 ($1.90 in chips) 
Dorex2007: posts small blind $0.01
C&D BRA: posts big blind $0.02
*** HOLE CARDS ***
Dealt to Dorex2007 [Th 8s]
VilpPS: folds 
Elrus90: folds 
DePatie: folds 
Dorex2007: calls $0.01
C&D BRA: checks 
*** FLOP *** [2c 3c 5h]
Dorex2007: checks 
C&D BRA: checks 
*** TURN *** [2c 3c 5h] [4h]
Dorex2007: bets $0.04
C&D BRA: calls $0.04
*** RIVER *** [2c 3c 5h 4h] [4c]
Dorex2007: checks 
C&D BRA: bets $0.08
Dorex2007: folds 
Uncalled bet ($0.08) returned to C&D BRA
C&D BRA collected $0.12 from pot
C&D BRA: doesn't show hand 
*** SUMMARY ***
Total pot $0.12 | Rake $0 
Board [2c 3c 5h 4h 4c]
Seat 2: DePatie (button) folded before Flop (didn't bet)
Seat 4: Dorex2007 (small blind) folded on the River
Seat 6: C&D BRA (big blind) collected ($0.12)
Seat 8: VilpPS folded before Flop (didn't bet)
Seat 9: Elrus90 folded before Flop (didn't bet)



PokerStars Hand #225375358806:  Hold'em No Limit ($0.01/$0.02 USD) - 2021/03/31 15:51:16 PT [2021/03/31 18:51:16 ET]
Table 'Renzia' 9-max Seat #4 is the button
Seat 2: DePatie ($2.70 in chips) 
Seat 3: Brad@Tricia ($0.80 in chips) 
Seat 4: Dorex2007 ($2.86 in chips) 
Seat 6: C&D BRA ($0.58 in chips) 
Seat 8: VilpPS ($2.03 in chips) 
Seat 9: Elrus90 ($1.90 in chips) 
C&D BRA: posts small blind $0.01
VilpPS: posts big blind $0.02
Brad@Tricia: posts big blind $0.02
*** HOLE CARDS ***
Dealt to Dorex2007 [8c Th]
Elrus90: calls $0.02
DePatie: folds 
Brad@Tricia: checks 
Dorex2007: folds 
C&D BRA: raises $0.50 to $0.52
VilpPS: folds 
Elrus90: folds 
Brad@Tricia: folds 
Uncalled bet ($0.50) returned to C&D BRA
C&D BRA collected $0.08 from pot
C&D BRA: doesn't show hand 
*** SUMMARY ***
Total pot $0.08 | Rake $0 
Seat 2: DePatie folded before Flop (didn't bet)
Seat 3: Brad@Tricia folded before Flop (didn't bet)
Seat 4: Dorex2007 (button) folded before Flop (didn't bet)
Seat 6: C&D BRA (small blind) collected ($0.08)
Seat 8: VilpPS (big blind) folded before Flop
Seat 9: Elrus90 folded before Flop



PokerStars Hand #225375375103:  Hold'em No Limit ($0.01/$0.02 USD) - 2021/03/31 15:51:52 PT [2021/03/31 18:51:52 ET]
Table 'Renzia' 9-max Seat #6 is the button
Seat 2: DePatie ($2.70 in chips) 
Seat 3: Brad@Tricia ($0.78 in chips) 
Seat 4: Dorex2007 ($2.86 in chips) 
Seat 6: C&D BRA ($0.64 in chips) 
Seat 8: VilpPS ($2.01 in chips) 
Seat 9: Elrus90 ($1.88 in chips) 
VilpPS: posts small blind $0.01
Elrus90: posts big blind $0.02
*** HOLE CARDS ***
Dealt to Dorex2007 [Jd Tc]
DePatie: folds 
Brad@Tricia: calls $0.02
Dorex2007: calls $0.02
C&D BRA: folds 
VilpPS: folds 
Elrus90: raises $0.09 to $0.11
Brad@Tricia: folds 
Dorex2007: calls $0.09
*** FLOP *** [5s Td 2h]
Elrus90: checks 
Dorex2007: bets $0.24
Elrus90: calls $0.24
*** TURN *** [5s Td 2h] [3h]
Elrus90: checks 
Derevtsssova joins the table at seat #1 
Dorex2007: bets $0.16
Elrus90: calls $0.16
*** RIVER *** [5s Td 2h 3h] [9d]
Elrus90: checks 
Dorex2007: checks 
*** SHOW DOWN ***
Elrus90: shows [Qc As] (high card Ace)
Dorex2007: shows [Jd Tc] (a pair of Tens)
Dorex2007 collected $1.01 from pot
*** SUMMARY ***
Total pot $1.05 | Rake $0.04 
Board [5s Td 2h 3h 9d]
Seat 2: DePatie folded before Flop (didn't bet)
Seat 3: Brad@Tricia folded before Flop
Seat 4: Dorex2007 showed [Jd Tc] and won ($1.01) with a pair of Tens
Seat 6: C&D BRA (button) folded before Flop (didn't bet)
Seat 8: VilpPS (small blind) folded before Flop
Seat 9: Elrus90 (big blind) showed [Qc As] and lost with high card Ace



PokerStars Hand #225375400529:  Hold'em No Limit ($0.01/$0.02 USD) - 2021/03/31 15:52:49 PT [2021/03/31 18:52:49 ET]
Table 'Renzia' 9-max Seat #8 is the button
Seat 1: Derevtsssova ($0.80 in chips) 
Seat 2: DePatie ($2.70 in chips) 
Seat 3: Brad@Tricia ($0.76 in chips) 
Seat 4: Dorex2007 ($3.36 in chips) 
Seat 6: C&D BRA ($0.64 in chips) 
Seat 8: VilpPS ($2 in chips) 
Seat 9: Elrus90 ($1.37 in chips) 
Elrus90: posts small blind $0.01
Derevtsssova: posts big blind $0.02
*** HOLE CARDS ***
Dealt to Dorex2007 [3s 8c]
DePatie: folds 
Brad@Tricia: folds 
Dorex2007: folds 
C&D BRA: folds 
VilpPS: folds 
Elrus90: folds 
Uncalled bet ($0.01) returned to Derevtsssova
Derevtsssova collected $0.02 from pot
Derevtsssova: doesn't show hand 
*** SUMMARY ***
Total pot $0.02 | Rake $0 
Seat 1: Derevtsssova (big blind) collected ($0.02)
Seat 2: DePatie folded before Flop (didn't bet)
Seat 3: Brad@Tricia folded before Flop (didn't bet)
Seat 4: Dorex2007 folded before Flop (didn't bet)
Seat 6: C&D BRA folded before Flop (didn't bet)
Seat 8: VilpPS (button) folded before Flop (didn't bet)
Seat 9: Elrus90 (small blind) folded before Flop



PokerStars Hand #225375407527:  Hold'em No Limit ($0.01/$0.02 USD) - 2021/03/31 15:53:05 PT [2021/03/31 18:53:05 ET]
Table 'Renzia' 9-max Seat #9 is the button
Seat 1: Derevtsssova ($0.81 in chips) 
Seat 2: DePatie ($2.70 in chips) 
Seat 3: Brad@Tricia ($0.76 in chips) 
Seat 4: Dorex2007 ($3.36 in chips) 
Seat 6: C&D BRA ($0.64 in chips) 
Seat 8: VilpPS ($2 in chips) 
Seat 9: Elrus90 ($1.36 in chips) 
Derevtsssova: posts small blind $0.01
DePatie: posts big blind $0.02
*** HOLE CARDS ***
Dealt to Dorex2007 [Js Kd]
Brad@Tricia: folds 
Dorex2007: raises $0.04 to $0.06
C&D BRA: calls $0.06
VilpPS: folds 
Elrus90: folds 
Derevtsssova: folds 
DePatie: calls $0.04
*** FLOP *** [8s 9d Ts]
DePatie: checks 
Dorex2007: checks 
Brad@Tricia leaves the table
C&D BRA: bets $0.09
DePatie: folds 
Dorex2007: calls $0.09
*** TURN *** [8s 9d Ts] [Ad]
Dorex2007: bets $0.24
C&D BRA: calls $0.24
*** RIVER *** [8s 9d Ts Ad] [5d]
archi karas is disconnected 
Dorex2007: checks 
C&D BRA: checks 
*** SHOW DOWN ***
Dorex2007: shows [Js Kd] (high card Ace)
C&D BRA: shows [7d 7s] (a pair of Sevens)
C&D BRA collected $0.82 from pot
*** SUMMARY ***
Total pot $0.85 | Rake $0.03 
Board [8s 9d Ts Ad 5d]
Seat 1: Derevtsssova (small blind) folded before Flop
Seat 2: DePatie (big blind) folded on the Flop
Seat 3: Brad@Tricia folded before Flop (didn't bet)
Seat 4: Dorex2007 showed [Js Kd] and lost with high card Ace
Seat 6: C&D BRA showed [7d 7s] and won ($0.82) with a pair of Sevens
Seat 8: VilpPS folded before Flop (didn't bet)
Seat 9: Elrus90 (button) folded before Flop (didn't bet)



PokerStars Hand #225375432706:  Hold'em No Limit ($0.01/$0.02 USD) - 2021/03/31 15:54:02 PT [2021/03/31 18:54:02 ET]
Table 'Renzia' 9-max Seat #1 is the button
Seat 1: Derevtsssova ($0.80 in chips) 
Seat 2: DePatie ($2.64 in chips) 
Seat 4: Dorex2007 ($2.97 in chips) 
Seat 6: C&D BRA ($1.07 in chips) 
Seat 8: VilpPS ($2 in chips) 
Seat 9: Elrus90 ($1.36 in chips) 
DePatie: posts small blind $0.01
Dorex2007: posts big blind $0.02
*** HOLE CARDS ***
Dealt to Dorex2007 [7h Ad]
andyspu joins the table at seat #3 
C&D BRA: calls $0.02
VilpPS: folds 
Elrus90: folds 
Derevtsssova: raises $0.04 to $0.06
DePatie: folds 
Dorex2007: folds 
C&D BRA: calls $0.04
*** FLOP *** [Ac 3h 5h]
C&D BRA: checks 
Derevtsssova: bets $0.07
C&D BRA: calls $0.07
*** TURN *** [Ac 3h 5h] [Th]
C&D BRA: checks 
Derevtsssova: bets $0.14
C&D BRA: raises $0.22 to $0.36
Derevtsssova: folds 
Uncalled bet ($0.22) returned to C&D BRA
C&D BRA collected $0.55 from pot
C&D BRA: doesn't show hand 
*** SUMMARY ***
Total pot $0.57 | Rake $0.02 
Board [Ac 3h 5h Th]
Seat 1: Derevtsssova (button) folded on the Turn
Seat 2: DePatie (small blind) folded before Flop
Seat 4: Dorex2007 (big blind) folded before Flop
Seat 6: C&D BRA collected ($0.55)
Seat 8: VilpPS folded before Flop (didn't bet)
Seat 9: Elrus90 folded before Flop (didn't bet)



PokerStars Hand #225375459769:  Hold'em No Limit ($0.01/$0.02 USD) - 2021/03/31 15:55:02 PT [2021/03/31 18:55:02 ET]
Table 'Renzia' 9-max Seat #2 is the button
Seat 1: Derevtsssova ($0.80 in chips) 
Seat 2: DePatie ($2.63 in chips) 
Seat 4: Dorex2007 ($2.95 in chips) 
Seat 6: C&D BRA ($1.35 in chips) 
Seat 7: archi karas ($1.18 in chips) 
Seat 8: VilpPS ($2 in chips) 
Seat 9: Elrus90 ($1.36 in chips) 
Dorex2007: posts small blind $0.01
C&D BRA: posts big blind $0.02
archi karas: posts small & big blinds $0.03
*** HOLE CARDS ***
Dealt to Dorex2007 [5d 9d]
archi karas: raises $0.02 to $0.04
VilpPS: folds 
Elrus90: calls $0.04
Derevtsssova: folds 
DePatie: folds 
Dorex2007: folds 
C&D BRA: calls $0.02
*** FLOP *** [9h Kh Jh]
C&D BRA: checks 
archi karas: bets $0.07
Elrus90: folds 
C&D BRA: calls $0.07
*** TURN *** [9h Kh Jh] [4c]
C&D BRA: checks 
archi karas: bets $0.11
C&D BRA: calls $0.11
*** RIVER *** [9h Kh Jh 4c] [3c]
C&D BRA: checks 
archi karas: checks 
*** SHOW DOWN ***
C&D BRA: shows [Js Ac] (a pair of Jacks)
archi karas: mucks hand 
C&D BRA collected $0.48 from pot
*** SUMMARY ***
Total pot $0.50 | Rake $0.02 
Board [9h Kh Jh 4c 3c]
Seat 1: Derevtsssova folded before Flop (didn't bet)
Seat 2: DePatie (button) folded before Flop (didn't bet)
Seat 4: Dorex2007 (small blind) folded before Flop
Seat 6: C&D BRA (big blind) showed [Js Ac] and won ($0.48) with a pair of Jacks
Seat 7: archi karas mucked [Ah 5c]
Seat 8: VilpPS folded before Flop (didn't bet)
Seat 9: Elrus90 folded on the Flop



PokerStars Hand #225375493491:  Hold'em No Limit ($0.01/$0.02 USD) - 2021/03/31 15:56:16 PT [2021/03/31 18:56:16 ET]
Table 'Renzia' 9-max Seat #4 is the button
Seat 1: Derevtsssova ($0.80 in chips) 
Seat 2: DePatie ($2.63 in chips) 
Seat 4: Dorex2007 ($2.94 in chips) 
Seat 6: C&D BRA ($1.61 in chips) 
Seat 7: archi karas ($0.95 in chips) 
Seat 8: VilpPS ($2 in chips) 
Seat 9: Elrus90 ($1.32 in chips) 
C&D BRA: posts small blind $0.01
archi karas: posts big blind $0.02
andyspu: sits out 
*** HOLE CARDS ***
Dealt to Dorex2007 [7h 6d]
VilpPS: folds 
Elrus90: folds 
Derevtsssova: folds 
DePatie: folds 
Dorex2007: folds 
C&D BRA: folds 
Uncalled bet ($0.01) returned to archi karas
archi karas collected $0.02 from pot
archi karas: doesn't show hand 
*** SUMMARY ***
Total pot $0.02 | Rake $0 
Seat 1: Derevtsssova folded before Flop (didn't bet)
Seat 2: DePatie folded before Flop (didn't bet)
Seat 4: Dorex2007 (button) folded before Flop (didn't bet)
Seat 6: C&D BRA (small blind) folded before Flop
Seat 7: archi karas (big blind) collected ($0.02)
Seat 8: VilpPS folded before Flop (didn't bet)
Seat 9: Elrus90 folded before Flop (didn't bet)



PokerStars Hand #225375497517:  Hold'em No Limit ($0.01/$0.02 USD) - 2021/03/31 15:56:28 PT [2021/03/31 18:56:28 ET]
Table 'Renzia' 9-max Seat #6 is the button
Seat 1: Derevtsssova ($0.80 in chips) 
Seat 2: DePatie ($2.63 in chips) 
Seat 4: Dorex2007 ($2.94 in chips) 
Seat 6: C&D BRA ($1.60 in chips) 
Seat 7: archi karas ($0.96 in chips) 
Seat 8: VilpPS ($2 in chips) 
Seat 9: Elrus90 ($1.32 in chips) 
archi karas: posts small blind $0.01
VilpPS: posts big blind $0.02
andyspu: sits out 
Saulo507: sits out 
*** HOLE CARDS ***
Dealt to Dorex2007 [3c Kd]
Elrus90: folds 
Derevtsssova: folds 
DePatie: folds 
Dorex2007: folds 
C&D BRA: folds 
archi karas: calls $0.01
VilpPS: checks 
*** FLOP *** [As Jc Js]
archi karas: checks 
VilpPS: checks 
*** TURN *** [As Jc Js] [5h]
archi karas: checks 
VilpPS: bets $0.03
archi karas: folds 
Uncalled bet ($0.03) returned to VilpPS
VilpPS collected $0.04 from pot
VilpPS: doesn't show hand 
*** SUMMARY ***
Total pot $0.04 | Rake $0 
Board [As Jc Js 5h]
Seat 1: Derevtsssova folded before Flop (didn't bet)
Seat 2: DePatie folded before Flop (didn't bet)
Seat 4: Dorex2007 folded before Flop (didn't bet)
Seat 6: C&D BRA (button) folded before Flop (didn't bet)
Seat 7: archi karas (small blind) folded on the Turn
Seat 8: VilpPS (big blind) collected ($0.04)
Seat 9: Elrus90 folded before Flop (didn't bet)



PokerStars Hand #225375528974:  Hold'em No Limit ($0.01/$0.02 USD) - 2021/03/31 15:57:56 PT [2021/03/31 18:57:56 ET]
Table 'Renzia' 9-max Seat #7 is the button
Seat 1: Derevtsssova ($0.80 in chips) 
Seat 2: DePatie ($2.63 in chips) 
Seat 4: Dorex2007 ($2.94 in chips) 
Seat 6: C&D BRA ($1.60 in chips) 
Seat 7: archi karas ($0.94 in chips) 
Seat 8: VilpPS ($2.02 in chips) 
Seat 9: Elrus90 ($1.32 in chips) 
VilpPS: posts small blind $0.01
Elrus90: posts big blind $0.02
andyspu: sits out 
Saulo507: sits out 
*** HOLE CARDS ***
Dealt to Dorex2007 [2h Qh]
Derevtsssova: folds 
DePatie: folds 
Dorex2007: folds 
C&D BRA: folds 
archi karas has timed out
archi karas: folds 
VilpPS: raises $0.04 to $0.06
Elrus90: folds 
Uncalled bet ($0.04) returned to VilpPS
VilpPS collected $0.04 from pot
VilpPS: doesn't show hand 
*** SUMMARY ***
Total pot $0.04 | Rake $0 
Seat 1: Derevtsssova folded before Flop (didn't bet)
Seat 2: DePatie folded before Flop (didn't bet)
Seat 4: Dorex2007 folded before Flop (didn't bet)
Seat 6: C&D BRA folded before Flop (didn't bet)
Seat 7: archi karas (button) folded before Flop (didn't bet)
Seat 8: VilpPS (small blind) collected ($0.04)
Seat 9: Elrus90 (big blind) folded before Flop



PokerStars Hand #225375539278:  Hold'em No Limit ($0.01/$0.02 USD) - 2021/03/31 15:58:26 PT [2021/03/31 18:58:26 ET]
Table 'Renzia' 9-max Seat #8 is the button
Seat 1: Derevtsssova ($0.80 in chips) 
Seat 2: DePatie ($2.63 in chips) 
Seat 4: Dorex2007 ($2.94 in chips) 
Seat 6: C&D BRA ($1.60 in chips) 
Seat 8: VilpPS ($2.04 in chips) 
Seat 9: Elrus90 ($1.30 in chips) 
Elrus90: posts small blind $0.01
Derevtsssova: posts big blind $0.02
andyspu: sits out 
Saulo507: sits out 
*** HOLE CARDS ***
Dealt to Dorex2007 [Ac 7h]
DePatie: folds 
Dorex2007: folds 
C&D BRA: calls $0.02
VilpPS: folds 
Elrus90: calls $0.01
Derevtsssova: checks 
*** FLOP *** [4d 4c Qs]
Elrus90: checks 
Derevtsssova: bets $0.06
C&D BRA: calls $0.06
Elrus90: folds 
*** TURN *** [4d 4c Qs] [9s]
Derevtsssova: checks 
C&D BRA: bets $0.06
Derevtsssova: folds 
Uncalled bet ($0.06) returned to C&D BRA
C&D BRA collected $0.17 from pot
C&D BRA: doesn't show hand 
*** SUMMARY ***
Total pot $0.18 | Rake $0.01 
Board [4d 4c Qs 9s]
Seat 1: Derevtsssova (big blind) folded on the Turn
Seat 2: DePatie folded before Flop (didn't bet)
Seat 4: Dorex2007 folded before Flop (didn't bet)
Seat 6: C&D BRA collected ($0.17)
Seat 8: VilpPS (button) folded before Flop (didn't bet)
Seat 9: Elrus90 (small blind) folded on the Flop



PokerStars Hand #225375557448:  Hold'em No Limit ($0.01/$0.02 USD) - 2021/03/31 15:59:19 PT [2021/03/31 18:59:19 ET]
Table 'Renzia' 9-max Seat #9 is the button
Seat 1: Derevtsssova ($0.80 in chips) 
Seat 2: DePatie ($2.63 in chips) 
Seat 4: Dorex2007 ($2.94 in chips) 
Seat 6: C&D BRA ($1.69 in chips) 
Seat 7: archi karas ($0.94 in chips) 
Seat 8: VilpPS ($2.04 in chips) 
Seat 9: Elrus90 ($1.28 in chips) 
Derevtsssova: posts small blind $0.01
DePatie: posts big blind $0.02
andyspu: sits out 
Saulo507: sits out 
*** HOLE CARDS ***
Dealt to Dorex2007 [Qs Jd]
Dorex2007: folds 
C&D BRA: raises $0.04 to $0.06
archi karas: calls $0.06
VilpPS: folds 
Elrus90: folds 
Derevtsssova: calls $0.05
DePatie: calls $0.04
*** FLOP *** [7c Ah As]
Derevtsssova: checks 
DePatie: checks 
C&D BRA: bets $0.06
archi karas: folds 
Derevtsssova: calls $0.06
DePatie: folds 
*** TURN *** [7c Ah As] [3d]
Derevtsssova: checks 
C&D BRA: bets $0.06
Derevtsssova: calls $0.06
*** RIVER *** [7c Ah As 3d] [6d]
Derevtsssova: checks 
C&D BRA: checks 
*** SHOW DOWN ***
Derevtsssova: shows [8s 7d] (two pair, Aces and Sevens)
C&D BRA: shows [Qh Qc] (two pair, Aces and Queens)
C&D BRA collected $0.46 from pot
*** SUMMARY ***
Total pot $0.48 | Rake $0.02 
Board [7c Ah As 3d 6d]
Seat 1: Derevtsssova (small blind) showed [8s 7d] and lost with two pair, Aces and Sevens
Seat 2: DePatie (big blind) folded on the Flop
Seat 4: Dorex2007 folded before Flop (didn't bet)
Seat 6: C&D BRA showed [Qh Qc] and won ($0.46) with two pair, Aces and Queens
Seat 7: archi karas folded on the Flop
Seat 8: VilpPS folded before Flop (didn't bet)
Seat 9: Elrus90 (button) folded before Flop (didn't bet)



PokerStars Hand #225375586524:  Hold'em No Limit ($0.01/$0.02 USD) - 2021/03/31 16:00:32 PT [2021/03/31 19:00:32 ET]
Table 'Renzia' 9-max Seat #1 is the button
Seat 1: Derevtsssova ($0.80 in chips) 
Seat 2: DePatie ($2.57 in chips) 
Seat 3: andyspu ($2 in chips) 
Seat 4: Dorex2007 ($2.94 in chips) 
Seat 6: C&D BRA ($1.97 in chips) 
Seat 7: archi karas ($0.88 in chips) 
Seat 8: VilpPS ($2.04 in chips) 
Seat 9: Elrus90 ($1.28 in chips) 
DePatie: posts small blind $0.01
andyspu: posts big blind $0.02
Saulo507: sits out 
*** HOLE CARDS ***
Dealt to Dorex2007 [Jh 8c]
Dorex2007: folds 
C&D BRA: calls $0.02
archi karas: raises $0.02 to $0.04
VilpPS: calls $0.04
Elrus90: folds 
Derevtsssova: folds 
DePatie: folds 
andyspu: folds 
C&D BRA: calls $0.02
*** FLOP *** [9c 9d 3s]
C&D BRA: checks 
archi karas: bets $0.02
VilpPS: calls $0.02
C&D BRA: calls $0.02
*** TURN *** [9c 9d 3s] [4h]
C&D BRA: checks 
archi karas: checks 
VilpPS: bets $0.06
C&D BRA: calls $0.06
archi karas: folds 
*** RIVER *** [9c 9d 3s 4h] [3c]
C&D BRA: checks 
VilpPS: bets $0.48
C&D BRA: folds 
Uncalled bet ($0.48) returned to VilpPS
VilpPS collected $0.32 from pot
VilpPS: doesn't show hand 
*** SUMMARY ***
Total pot $0.33 | Rake $0.01 
Board [9c 9d 3s 4h 3c]
Seat 1: Derevtsssova (button) folded before Flop (didn't bet)
Seat 2: DePatie (small blind) folded before Flop
Seat 3: andyspu (big blind) folded before Flop
Seat 4: Dorex2007 folded before Flop (didn't bet)
Seat 6: C&D BRA folded on the River
Seat 7: archi karas folded on the Turn
Seat 8: VilpPS collected ($0.32)
Seat 9: Elrus90 folded before Flop (didn't bet)



PokerStars Hand #225375632558:  Hold'em No Limit ($0.01/$0.02 USD) - 2021/03/31 16:02:26 PT [2021/03/31 19:02:26 ET]
Table 'Renzia' 9-max Seat #2 is the button
Seat 1: Derevtsssova ($0.80 in chips) 
Seat 2: DePatie ($2.56 in chips) 
Seat 3: andyspu ($1.98 in chips) 
Seat 4: Dorex2007 ($2.94 in chips) 
Seat 6: C&D BRA ($1.85 in chips) 
Seat 7: archi karas ($0.82 in chips) 
Seat 8: VilpPS ($2.24 in chips) 
Seat 9: Elrus90 ($1.28 in chips) 
andyspu: posts small blind $0.01
Dorex2007: posts big blind $0.02
Saulo507: sits out 
*** HOLE CARDS ***
Dealt to Dorex2007 [7s 8s]
C&D BRA: folds 
archi karas: folds 
VilpPS: raises $0.04 to $0.06
Elrus90: folds 
Derevtsssova: folds 
DePatie: folds 
andyspu: calls $0.05
Dorex2007: calls $0.04
*** FLOP *** [6d 5c 5h]
andyspu: checks 
Dorex2007: bets $0.09
VilpPS: calls $0.09
andyspu: folds 
*** TURN *** [6d 5c 5h] [9c]
Dorex2007: bets $0.35
VilpPS: folds 
Uncalled bet ($0.35) returned to Dorex2007
Dorex2007 collected $0.35 from pot
Dorex2007: doesn't show hand 
*** SUMMARY ***
Total pot $0.36 | Rake $0.01 
Board [6d 5c 5h 9c]
Seat 1: Derevtsssova folded before Flop (didn't bet)
Seat 2: DePatie (button) folded before Flop (didn't bet)
Seat 3: andyspu (small blind) folded on the Flop
Seat 4: Dorex2007 (big blind) collected ($0.35)
Seat 6: C&D BRA folded before Flop (didn't bet)
Seat 7: archi karas folded before Flop (didn't bet)
Seat 8: VilpPS folded on the Turn
Seat 9: Elrus90 folded before Flop (didn't bet)



PokerStars Hand #225375661912:  Hold'em No Limit ($0.01/$0.02 USD) - 2021/03/31 16:03:34 PT [2021/03/31 19:03:34 ET]
Table 'Renzia' 9-max Seat #3 is the button
Seat 1: Derevtsssova ($0.80 in chips) 
Seat 2: DePatie ($2.56 in chips) 
Seat 3: andyspu ($1.92 in chips) 
Seat 4: Dorex2007 ($3.14 in chips) 
Seat 5: Saulo507 ($1.98 in chips) 
Seat 6: C&D BRA ($1.85 in chips) 
Seat 7: archi karas ($0.82 in chips) 
Seat 8: VilpPS ($2.09 in chips) 
Seat 9: Elrus90 ($1.28 in chips) 
Dorex2007: posts small blind $0.01
Saulo507: posts big blind $0.02
*** HOLE CARDS ***
Dealt to Dorex2007 [9d 2c]
C&D BRA: folds 
archi karas: folds 
VilpPS: folds 
Elrus90 has timed out
Elrus90: folds 
Derevtsssova: folds 
DePatie: folds 
andyspu: raises $0.04 to $0.06
Dorex2007: folds 
Saulo507: calls $0.04
*** FLOP *** [Td Ah 9h]
Saulo507: checks 
andyspu: bets $0.08
Saulo507: calls $0.08
*** TURN *** [Td Ah 9h] [Tc]
Saulo507: checks 
andyspu: bets $0.18
Saulo507: folds 
Uncalled bet ($0.18) returned to andyspu
andyspu collected $0.28 from pot
andyspu: doesn't show hand 
*** SUMMARY ***
Total pot $0.29 | Rake $0.01 
Board [Td Ah 9h Tc]
Seat 1: Derevtsssova folded before Flop (didn't bet)
Seat 2: DePatie folded before Flop (didn't bet)
Seat 3: andyspu (button) collected ($0.28)
Seat 4: Dorex2007 (small blind) folded before Flop
Seat 5: Saulo507 (big blind) folded on the Turn
Seat 6: C&D BRA folded before Flop (didn't bet)
Seat 7: archi karas folded before Flop (didn't bet)
Seat 8: VilpPS folded before Flop (didn't bet)
Seat 9: Elrus90 folded before Flop (didn't bet)



PokerStars Hand #225375685375:  Hold'em No Limit ($0.01/$0.02 USD) - 2021/03/31 16:04:29 PT [2021/03/31 19:04:29 ET]
Table 'Renzia' 9-max Seat #4 is the button
Seat 1: Derevtsssova ($0.80 in chips) 
Seat 2: DePatie ($2.56 in chips) 
Seat 3: andyspu ($2.06 in chips) 
Seat 4: Dorex2007 ($3.13 in chips) 
Seat 5: Saulo507 ($1.84 in chips) 
Seat 6: C&D BRA ($1.85 in chips) 
Seat 7: archi karas ($0.82 in chips) 
Seat 8: VilpPS ($2.09 in chips) 
Seat 9: Elrus90 ($1.28 in chips) 
Saulo507: posts small blind $0.01
C&D BRA: posts big blind $0.02
*** HOLE CARDS ***
Dealt to Dorex2007 [3s 3c]
archi karas has timed out
archi karas: folds 
VilpPS: folds 
Elrus90: raises $0.02 to $0.04
Derevtsssova: folds 
DePatie: folds 
andyspu: folds 
Dorex2007: calls $0.04
Saulo507: folds 
C&D BRA: calls $0.02
*** FLOP *** [4d 9c 6s]
C&D BRA: checks 
Elrus90: checks 
Dorex2007: checks 
*** TURN *** [4d 9c 6s] [9s]
C&D BRA: checks 
Elrus90: bets $0.06
Dorex2007: folds 
C&D BRA: folds 
Uncalled bet ($0.06) returned to Elrus90
Elrus90 collected $0.13 from pot
Elrus90: doesn't show hand 
*** SUMMARY ***
Total pot $0.13 | Rake $0 
Board [4d 9c 6s 9s]
Seat 1: Derevtsssova folded before Flop (didn't bet)
Seat 2: DePatie folded before Flop (didn't bet)
Seat 3: andyspu folded before Flop (didn't bet)
Seat 4: Dorex2007 (button) folded on the Turn
Seat 5: Saulo507 (small blind) folded before Flop
Seat 6: C&D BRA (big blind) folded on the Turn
Seat 7: archi karas folded before Flop (didn't bet)
Seat 8: VilpPS folded before Flop (didn't bet)
Seat 9: Elrus90 collected ($0.13)



PokerStars Hand #225375712303:  Hold'em No Limit ($0.01/$0.02 USD) - 2021/03/31 16:05:31 PT [2021/03/31 19:05:31 ET]
Table 'Renzia' 9-max Seat #5 is the button
Seat 1: Derevtsssova ($0.80 in chips) 
Seat 2: DePatie ($2.56 in chips) 
Seat 3: andyspu ($2.06 in chips) 
Seat 4: Dorex2007 ($3.09 in chips) 
Seat 5: Saulo507 ($1.83 in chips) 
Seat 6: C&D BRA ($1.81 in chips) 
Seat 7: archi karas ($0.82 in chips) 
Seat 8: VilpPS ($2.09 in chips) 
Seat 9: Elrus90 ($1.37 in chips) 
C&D BRA: posts small blind $0.01
archi karas: posts big blind $0.02
*** HOLE CARDS ***
Dealt to Dorex2007 [Ad 5s]
VilpPS: folds 
Elrus90: folds 
Derevtsssova: folds 
DePatie: folds 
andyspu: folds 
Dorex2007: folds 
Saulo507: folds 
C&D BRA: calls $0.01
archi karas: raises $0.02 to $0.04
C&D BRA: calls $0.02
*** FLOP *** [9d 8d 2d]
C&D BRA: checks 
archi karas: bets $0.04
C&D BRA: calls $0.04
*** TURN *** [9d 8d 2d] [8c]
C&D BRA: checks 
archi karas: bets $0.07
C&D BRA: calls $0.07
*** RIVER *** [9d 8d 2d 8c] [Tc]
C&D BRA: checks 
archi karas: checks 
*** SHOW DOWN ***
C&D BRA: shows [Ts 7d] (two pair, Tens and Eights)
archi karas: mucks hand 
C&D BRA collected $0.29 from pot
*** SUMMARY ***
Total pot $0.30 | Rake $0.01 
Board [9d 8d 2d 8c Tc]
Seat 1: Derevtsssova folded before Flop (didn't bet)
Seat 2: DePatie folded before Flop (didn't bet)
Seat 3: andyspu folded before Flop (didn't bet)
Seat 4: Dorex2007 folded before Flop (didn't bet)
Seat 5: Saulo507 (button) folded before Flop (didn't bet)
Seat 6: C&D BRA (small blind) showed [Ts 7d] and won ($0.29) with two pair, Tens and Eights
Seat 7: archi karas (big blind) mucked [Jd Ah]
Seat 8: VilpPS folded before Flop (didn't bet)
Seat 9: Elrus90 folded before Flop (didn't bet)



PokerStars Hand #225375744461:  Hold'em No Limit ($0.01/$0.02 USD) - 2021/03/31 16:06:46 PT [2021/03/31 19:06:46 ET]
Table 'Renzia' 9-max Seat #6 is the button
Seat 1: Derevtsssova ($0.80 in chips) 
Seat 2: DePatie ($2.56 in chips) 
Seat 3: andyspu ($2.06 in chips) 
Seat 4: Dorex2007 ($3.09 in chips) 
Seat 5: Saulo507 ($1.83 in chips) 
Seat 6: C&D BRA ($1.95 in chips) 
Seat 7: archi karas ($0.67 in chips) 
Seat 8: VilpPS ($2.09 in chips) 
Seat 9: Elrus90 ($1.37 in chips) 
archi karas: posts small blind $0.01
VilpPS: posts big blind $0.02
*** HOLE CARDS ***
Dealt to Dorex2007 [Kc Qc]
Elrus90: folds 
Derevtsssova: raises $0.04 to $0.06
DePatie: folds 
andyspu: folds 
Dorex2007: calls $0.06
Saulo507: folds 
C&D BRA: folds 
archi karas: calls $0.05
VilpPS: folds 
*** FLOP *** [Qd Jd 8c]
archi karas: bets $0.02
Derevtsssova: raises $0.12 to $0.14
Dorex2007: folds 
archi karas: calls $0.12
*** TURN *** [Qd Jd 8c] [Qs]
archi karas: checks 
Derevtsssova: bets $0.23
archi karas: folds 
Uncalled bet ($0.23) returned to Derevtsssova
Derevtsssova collected $0.46 from pot
Derevtsssova: doesn't show hand 
*** SUMMARY ***
Total pot $0.48 | Rake $0.02 
Board [Qd Jd 8c Qs]
Seat 1: Derevtsssova collected ($0.46)
Seat 2: DePatie folded before Flop (didn't bet)
Seat 3: andyspu folded before Flop (didn't bet)
Seat 4: Dorex2007 folded on the Flop
Seat 5: Saulo507 folded before Flop (didn't bet)
Seat 6: C&D BRA (button) folded before Flop (didn't bet)
Seat 7: archi karas (small blind) folded on the Turn
Seat 8: VilpPS (big blind) folded before Flop
Seat 9: Elrus90 folded before Flop (didn't bet)



PokerStars Hand #225376078239:  Hold'em No Limit ($0.01/$0.02 USD) - 2021/03/31 16:19:32 PT [2021/03/31 19:19:32 ET]
Table 'Renzia' 9-max Seat #2 is the button
Seat 1: Derevtsssova ($1.03 in chips) 
Seat 2: DePatie ($2.64 in chips) 
Seat 3: andyspu ($2.02 in chips) 
Seat 4: Dorex2007 ($3.03 in chips) 
Seat 5: Saulo507 ($2.52 in chips) 
Seat 6: C&D BRA ($1.69 in chips) 
Seat 7: archi karas ($3.96 in chips) 
Seat 8: VilpPS ($2 in chips) 
Seat 9: Elrus90 ($1.16 in chips) 
andyspu: posts small blind $0.01
Dorex2007: posts big blind $0.02
*** HOLE CARDS ***
Dealt to Dorex2007 [7h Tc]
Saulo507: folds 
C&D BRA: folds 
archi karas: calls $0.02
VilpPS: folds 
Elrus90: folds 
Derevtsssova has timed out
Derevtsssova: folds 
DePatie: folds 
andyspu: folds 
Dorex2007: checks 
*** FLOP *** [8d 5d 9c]
Dorex2007: checks 
archi karas: checks 
*** TURN *** [8d 5d 9c] [Ts]
Dorex2007: bets $0.05
archi karas: calls $0.05
*** RIVER *** [8d 5d 9c Ts] [3d]
Dorex2007: checks 
archi karas: checks 
*** SHOW DOWN ***
Dorex2007: shows [7h Tc] (a pair of Tens)
archi karas: mucks hand 
Dorex2007 collected $0.14 from pot
*** SUMMARY ***
Total pot $0.15 | Rake $0.01 
Board [8d 5d 9c Ts 3d]
Seat 1: Derevtsssova folded before Flop (didn't bet)
Seat 2: DePatie (button) folded before Flop (didn't bet)
Seat 3: andyspu (small blind) folded before Flop
Seat 4: Dorex2007 (big blind) showed [7h Tc] and won ($0.14) with a pair of Tens
Seat 5: Saulo507 folded before Flop (didn't bet)
Seat 6: C&D BRA folded before Flop (didn't bet)
Seat 7: archi karas mucked [Kc Jh]
Seat 8: VilpPS folded before Flop (didn't bet)
Seat 9: Elrus90 folded before Flop (didn't bet)



PokerStars Hand #225376100714:  Hold'em No Limit ($0.01/$0.02 USD) - 2021/03/31 16:20:27 PT [2021/03/31 19:20:27 ET]
Table 'Renzia' 9-max Seat #3 is the button
Seat 1: Derevtsssova ($1.03 in chips) 
Seat 2: DePatie ($2.64 in chips) 
Seat 3: andyspu ($2.01 in chips) 
Seat 4: Dorex2007 ($3.10 in chips) 
Seat 5: Saulo507 ($2.52 in chips) 
Seat 6: C&D BRA ($1.69 in chips) 
Seat 7: archi karas ($3.89 in chips) 
Seat 8: VilpPS ($2 in chips) 
Seat 9: Elrus90 ($1.16 in chips) 
Dorex2007: posts small blind $0.01
Saulo507: posts big blind $0.02
*** HOLE CARDS ***
Dealt to Dorex2007 [4s Qd]
C&D BRA: calls $0.02
archi karas: calls $0.02
VilpPS: folds 
Elrus90: calls $0.02
Derevtsssova: folds 
DePatie: folds 
andyspu: raises $0.11 to $0.13
DePatie leaves the table
Dorex2007: folds 
Saulo507: folds 
C&D BRA: calls $0.11
archi karas: folds 
Elrus90: folds 
*** FLOP *** [Ts 8h Qh]
Agneobr joins the table at seat #2 
C&D BRA: checks 
andyspu: bets $0.18
C&D BRA: calls $0.18
*** TURN *** [Ts 8h Qh] [7c]
C&D BRA: checks 
andyspu: bets $0.38
C&D BRA: folds 
Uncalled bet ($0.38) returned to andyspu
andyspu collected $0.67 from pot
andyspu: doesn't show hand 
*** SUMMARY ***
Total pot $0.69 | Rake $0.02 
Board [Ts 8h Qh 7c]
Seat 1: Derevtsssova folded before Flop (didn't bet)
Seat 2: DePatie folded before Flop (didn't bet)
Seat 3: andyspu (button) collected ($0.67)
Seat 4: Dorex2007 (small blind) folded before Flop
Seat 5: Saulo507 (big blind) folded before Flop
Seat 6: C&D BRA folded on the Turn
Seat 7: archi karas folded before Flop
Seat 8: VilpPS folded before Flop (didn't bet)
Seat 9: Elrus90 folded before Flop



PokerStars Hand #225376131581:  Hold'em No Limit ($0.01/$0.02 USD) - 2021/03/31 16:21:45 PT [2021/03/31 19:21:45 ET]
Table 'Renzia' 9-max Seat #4 is the button
Seat 1: Derevtsssova ($1.03 in chips) 
Seat 3: andyspu ($2.37 in chips) 
Seat 4: Dorex2007 ($3.09 in chips) 
Seat 5: Saulo507 ($2.50 in chips) 
Seat 6: C&D BRA ($1.38 in chips) 
Seat 7: archi karas ($3.87 in chips) 
Seat 8: VilpPS ($2 in chips) 
Seat 9: Elrus90 ($1.14 in chips) 
Saulo507: posts small blind $0.01
C&D BRA: posts big blind $0.02
Agneobr: sits out 
*** HOLE CARDS ***
Dealt to Dorex2007 [Qc Jh]
archi karas has timed out
archi karas: folds 
VilpPS: folds 
Elrus90: folds 
Derevtsssova: folds 
andyspu: folds 
Dorex2007: raises $0.04 to $0.06
Saulo507: folds 
C&D BRA: calls $0.04
*** FLOP *** [8d Kh 5h]
C&D BRA: checks 
Dorex2007: checks 
*** TURN *** [8d Kh 5h] [6c]
C&D BRA: checks 
Dorex2007: checks 
*** RIVER *** [8d Kh 5h 6c] [9s]
C&D BRA: bets $0.13
Dorex2007: folds 
Uncalled bet ($0.13) returned to C&D BRA
C&D BRA collected $0.13 from pot
C&D BRA: doesn't show hand 
*** SUMMARY ***
Total pot $0.13 | Rake $0 
Board [8d Kh 5h 6c 9s]
Seat 1: Derevtsssova folded before Flop (didn't bet)
Seat 3: andyspu folded before Flop (didn't bet)
Seat 4: Dorex2007 (button) folded on the River
Seat 5: Saulo507 (small blind) folded before Flop
Seat 6: C&D BRA (big blind) collected ($0.13)
Seat 7: archi karas folded before Flop (didn't bet)
Seat 8: VilpPS folded before Flop (didn't bet)
Seat 9: Elrus90 folded before Flop (didn't bet)



PokerStars Hand #225376151780:  Hold'em No Limit ($0.01/$0.02 USD) - 2021/03/31 16:22:35 PT [2021/03/31 19:22:35 ET]
Table 'Renzia' 9-max Seat #5 is the button
Seat 1: Derevtsssova ($1.03 in chips) 
Seat 3: andyspu ($2.37 in chips) 
Seat 4: Dorex2007 ($3.03 in chips) 
Seat 5: Saulo507 ($2.49 in chips) 
Seat 6: C&D BRA ($1.45 in chips) 
Seat 7: archi karas ($3.87 in chips) 
Seat 8: VilpPS ($2 in chips) 
Seat 9: Elrus90 ($1.14 in chips) 
C&D BRA: posts small blind $0.01
archi karas: posts big blind $0.02
Agneobr: sits out 
*** HOLE CARDS ***
Dealt to Dorex2007 [Jc Ac]
VilpPS: folds 
Elrus90: folds 
Derevtsssova: folds 
andyspu: folds 
Dorex2007: raises $0.04 to $0.06
Saulo507: folds 
C&D BRA: folds 
archi karas: calls $0.04
*** FLOP *** [Jd 4h As]
archi karas: checks 
Dorex2007: bets $0.07
archi karas: folds 
Uncalled bet ($0.07) returned to Dorex2007
Dorex2007 collected $0.13 from pot
Dorex2007: doesn't show hand 
*** SUMMARY ***
Total pot $0.13 | Rake $0 
Board [Jd 4h As]
Seat 1: Derevtsssova folded before Flop (didn't bet)
Seat 3: andyspu folded before Flop (didn't bet)
Seat 4: Dorex2007 collected ($0.13)
Seat 5: Saulo507 (button) folded before Flop (didn't bet)
Seat 6: C&D BRA (small blind) folded before Flop
Seat 7: archi karas (big blind) folded on the Flop
Seat 8: VilpPS folded before Flop (didn't bet)
Seat 9: Elrus90 folded before Flop (didn't bet)



PokerStars Hand #225376169255:  Hold'em No Limit ($0.01/$0.02 USD) - 2021/03/31 16:23:19 PT [2021/03/31 19:23:19 ET]
Table 'Renzia' 9-max Seat #6 is the button
Seat 1: Derevtsssova ($1.03 in chips) 
Seat 3: andyspu ($2.37 in chips) 
Seat 4: Dorex2007 ($3.10 in chips) 
Seat 5: Saulo507 ($2.49 in chips) 
Seat 6: C&D BRA ($1.44 in chips) 
Seat 7: archi karas ($3.81 in chips) 
Seat 8: VilpPS ($2 in chips) 
Seat 9: Elrus90 ($1.14 in chips) 
archi karas: posts small blind $0.01
VilpPS: posts big blind $0.02
Agneobr: sits out 
*** HOLE CARDS ***
Dealt to Dorex2007 [9s Qh]
Elrus90: folds 
Derevtsssova: raises $0.05 to $0.07
andyspu: folds 
Dorex2007: folds 
Saulo507: folds 
C&D BRA: folds 
archi karas: calls $0.06
VilpPS: calls $0.05
*** FLOP *** [8h 8s 5d]
archi karas: checks 
VilpPS: checks 
Derevtsssova: bets $0.10
archi karas: folds 
VilpPS: calls $0.10
*** TURN *** [8h 8s 5d] [2d]
VilpPS: checks 
Derevtsssova: bets $0.16
VilpPS: calls $0.16
*** RIVER *** [8h 8s 5d 2d] [7s]
VilpPS: bets $1.05
Derevtsssova: folds 
Uncalled bet ($1.05) returned to VilpPS
VilpPS collected $0.70 from pot
VilpPS: doesn't show hand 
*** SUMMARY ***
Total pot $0.73 | Rake $0.03 
Board [8h 8s 5d 2d 7s]
Seat 1: Derevtsssova folded on the River
Seat 3: andyspu folded before Flop (didn't bet)
Seat 4: Dorex2007 folded before Flop (didn't bet)
Seat 5: Saulo507 folded before Flop (didn't bet)
Seat 6: C&D BRA (button) folded before Flop (didn't bet)
Seat 7: archi karas (small blind) folded on the Flop
Seat 8: VilpPS (big blind) collected ($0.70)
Seat 9: Elrus90 folded before Flop (didn't bet)



PokerStars Hand #225376208049:  Hold'em No Limit ($0.01/$0.02 USD) - 2021/03/31 16:24:58 PT [2021/03/31 19:24:58 ET]
Table 'Renzia' 9-max Seat #7 is the button
Seat 1: Derevtsssova ($0.80 in chips) 
Seat 3: andyspu ($2.37 in chips) 
Seat 4: Dorex2007 ($3.10 in chips) 
Seat 5: Saulo507 ($2.49 in chips) 
Seat 6: C&D BRA ($1.44 in chips) 
Seat 7: archi karas ($3.74 in chips) 
Seat 8: VilpPS ($2.37 in chips) 
Seat 9: Elrus90 ($1.14 in chips) 
VilpPS: posts small blind $0.01
Elrus90: posts big blind $0.02
Agneobr: sits out 
*** HOLE CARDS ***
Dealt to Dorex2007 [6s 9h]
Derevtsssova: folds 
andyspu: folds 
Dorex2007: folds 
Saulo507: folds 
C&D BRA: calls $0.02
archi karas: calls $0.02
VilpPS: folds 
Elrus90: checks 
*** FLOP *** [Ks Qd 9c]
Elrus90: checks 
C&D BRA: checks 
archi karas: checks 
*** TURN *** [Ks Qd 9c] [Qs]
Elrus90: checks 
C&D BRA: checks 
archi karas: bets $0.03
Elrus90: folds 
C&D BRA: calls $0.03
*** RIVER *** [Ks Qd 9c Qs] [Ad]
C&D BRA: bets $0.07
archi karas: raises $0.07 to $0.14
C&D BRA: calls $0.07
*** SHOW DOWN ***
archi karas: shows [Jc Ts] (a straight, Ten to Ace)
C&D BRA: mucks hand 
archi karas collected $0.40 from pot
*** SUMMARY ***
Total pot $0.41 | Rake $0.01 
Board [Ks Qd 9c Qs Ad]
Seat 1: Derevtsssova folded before Flop (didn't bet)
Seat 3: andyspu folded before Flop (didn't bet)
Seat 4: Dorex2007 folded before Flop (didn't bet)
Seat 5: Saulo507 folded before Flop (didn't bet)
Seat 6: C&D BRA mucked [7c As]
Seat 7: archi karas (button) showed [Jc Ts] and won ($0.40) with a straight, Ten to Ace
Seat 8: VilpPS (small blind) folded before Flop
Seat 9: Elrus90 (big blind) folded on the Turn



PokerStars Hand #225376233622:  Hold'em No Limit ($0.01/$0.02 USD) - 2021/03/31 16:26:02 PT [2021/03/31 19:26:02 ET]
Table 'Renzia' 9-max Seat #8 is the button
Seat 1: Derevtsssova ($0.80 in chips) 
Seat 3: andyspu ($2.37 in chips) 
Seat 4: Dorex2007 ($3.10 in chips) 
Seat 5: Saulo507 ($2.49 in chips) 
Seat 6: C&D BRA ($1.25 in chips) 
Seat 7: archi karas ($3.95 in chips) 
Seat 8: VilpPS ($2.36 in chips) 
Seat 9: Elrus90 ($1.12 in chips) 
Elrus90: posts small blind $0.01
Derevtsssova: posts big blind $0.02
Agneobr: sits out 
*** HOLE CARDS ***
Dealt to Dorex2007 [Qs 4h]
andyspu: folds 
Dorex2007: folds 
Saulo507: folds 
C&D BRA: folds 
archi karas: calls $0.02
VilpPS: raises $0.18 to $0.20
Elrus90: folds 
Derevtsssova: folds 
archi karas: folds 
Uncalled bet ($0.18) returned to VilpPS
VilpPS collected $0.07 from pot
VilpPS: doesn't show hand 
*** SUMMARY ***
Total pot $0.07 | Rake $0 
Seat 1: Derevtsssova (big blind) folded before Flop
Seat 3: andyspu folded before Flop (didn't bet)
Seat 4: Dorex2007 folded before Flop (didn't bet)
Seat 5: Saulo507 folded before Flop (didn't bet)
Seat 6: C&D BRA folded before Flop (didn't bet)
Seat 7: archi karas folded before Flop
Seat 8: VilpPS (button) collected ($0.07)
Seat 9: Elrus90 (small blind) folded before Flop



PokerStars Hand #225376245113:  Hold'em No Limit ($0.01/$0.02 USD) - 2021/03/31 16:26:32 PT [2021/03/31 19:26:32 ET]
Table 'Renzia' 9-max Seat #9 is the button
Seat 1: Derevtsssova ($0.80 in chips) 
Seat 2: Agneobr ($1.50 in chips) 
Seat 3: andyspu ($2.37 in chips) 
Seat 4: Dorex2007 ($3.10 in chips) 
Seat 5: Saulo507 ($2.49 in chips) 
Seat 6: C&D BRA ($1.25 in chips) 
Seat 7: archi karas ($3.93 in chips) 
Seat 8: VilpPS ($2.41 in chips) 
Seat 9: Elrus90 ($1.11 in chips) 
Derevtsssova: posts small blind $0.01
Agneobr: posts big blind $0.02
*** HOLE CARDS ***
Dealt to Dorex2007 [7s 5s]
andyspu: folds 
Dorex2007: folds 
Saulo507: folds 
C&D BRA: folds 
archi karas: raises $0.02 to $0.04
VilpPS: folds 
Elrus90: folds 
Derevtsssova: calls $0.03
Agneobr: calls $0.02
*** FLOP *** [2d Qs 7h]
Derevtsssova: bets $0.10
Agneobr: folds 
archi karas: calls $0.10
*** TURN *** [2d Qs 7h] [7d]
Derevtsssova: bets $0.15
archi karas: folds 
Uncalled bet ($0.15) returned to Derevtsssova
Derevtsssova collected $0.31 from pot
Derevtsssova: doesn't show hand 
*** SUMMARY ***
Total pot $0.32 | Rake $0.01 
Board [2d Qs 7h 7d]
Seat 1: Derevtsssova (small blind) collected ($0.31)
Seat 2: Agneobr (big blind) folded on the Flop
Seat 3: andyspu folded before Flop (didn't bet)
Seat 4: Dorex2007 folded before Flop (didn't bet)
Seat 5: Saulo507 folded before Flop (didn't bet)
Seat 6: C&D BRA folded before Flop (didn't bet)
Seat 7: archi karas folded on the Turn
Seat 8: VilpPS folded before Flop (didn't bet)
Seat 9: Elrus90 (button) folded before Flop (didn't bet)



PokerStars Hand #225376267753:  Hold'em No Limit ($0.01/$0.02 USD) - 2021/03/31 16:27:26 PT [2021/03/31 19:27:26 ET]
Table 'Renzia' 9-max Seat #1 is the button
Seat 1: Derevtsssova ($0.97 in chips) 
Seat 2: Agneobr ($1.46 in chips) 
Seat 3: andyspu ($2.37 in chips) 
Seat 4: Dorex2007 ($3.10 in chips) 
Seat 5: Saulo507 ($2.49 in chips) 
Seat 6: C&D BRA ($1.25 in chips) 
Seat 7: archi karas ($3.79 in chips) 
Seat 8: VilpPS ($2.41 in chips) 
Seat 9: Elrus90 ($1.11 in chips) 
Agneobr: posts small blind $0.01
andyspu: posts big blind $0.02
*** HOLE CARDS ***
Dealt to Dorex2007 [Td 5s]
Dorex2007: folds 
Saulo507: folds 
C&D BRA: folds 
archi karas: folds 
VilpPS: folds 
Elrus90: raises $0.04 to $0.06
Derevtsssova: calls $0.06
Agneobr: calls $0.05
andyspu: folds 
*** FLOP *** [2s 3s 7h]
Agneobr: checks 
Elrus90: checks 
Derevtsssova: checks 
*** TURN *** [2s 3s 7h] [7d]
Agneobr: checks 
Elrus90: bets $0.07
Derevtsssova: folds 
Agneobr: folds 
Uncalled bet ($0.07) returned to Elrus90
Elrus90 collected $0.19 from pot
Elrus90: doesn't show hand 
*** SUMMARY ***
Total pot $0.20 | Rake $0.01 
Board [2s 3s 7h 7d]
Seat 1: Derevtsssova (button) folded on the Turn
Seat 2: Agneobr (small blind) folded on the Turn
Seat 3: andyspu (big blind) folded before Flop
Seat 4: Dorex2007 folded before Flop (didn't bet)
Seat 5: Saulo507 folded before Flop (didn't bet)
Seat 6: C&D BRA folded before Flop (didn't bet)
Seat 7: archi karas folded before Flop (didn't bet)
Seat 8: VilpPS folded before Flop (didn't bet)
Seat 9: Elrus90 collected ($0.19)



PokerStars Hand #225376294975:  Hold'em No Limit ($0.01/$0.02 USD) - 2021/03/31 16:28:18 PT [2021/03/31 19:28:18 ET]
Table 'Renzia' 9-max Seat #2 is the button
Seat 1: Derevtsssova ($0.91 in chips) 
Seat 2: Agneobr ($1.40 in chips) 
Seat 3: andyspu ($2.35 in chips) 
Seat 4: Dorex2007 ($3.10 in chips) 
Seat 5: Saulo507 ($2.49 in chips) 
Seat 6: C&D BRA ($1.25 in chips) 
Seat 7: archi karas ($3.79 in chips) 
Seat 8: VilpPS ($2.41 in chips) 
Seat 9: Elrus90 ($1.24 in chips) 
andyspu: posts small blind $0.01
Dorex2007: posts big blind $0.02
*** HOLE CARDS ***
Dealt to Dorex2007 [Qs 2c]
Saulo507: folds 
C&D BRA: folds 
archi karas: folds 
VilpPS: raises $0.04 to $0.06
Elrus90: folds 
Derevtsssova: folds 
Agneobr: folds 
andyspu: calls $0.05
Dorex2007: folds 
*** FLOP *** [8c 7d 5h]
andyspu: checks 
VilpPS: checks 
*** TURN *** [8c 7d 5h] [4h]
andyspu: bets $0.08
VilpPS: folds 
Uncalled bet ($0.08) returned to andyspu
andyspu collected $0.14 from pot
andyspu: doesn't show hand 
*** SUMMARY ***
Total pot $0.14 | Rake $0 
Board [8c 7d 5h 4h]
Seat 1: Derevtsssova folded before Flop (didn't bet)
Seat 2: Agneobr (button) folded before Flop (didn't bet)
Seat 3: andyspu (small blind) collected ($0.14)
Seat 4: Dorex2007 (big blind) folded before Flop
Seat 5: Saulo507 folded before Flop (didn't bet)
Seat 6: C&D BRA folded before Flop (didn't bet)
Seat 7: archi karas folded before Flop (didn't bet)
Seat 8: VilpPS folded on the Turn
Seat 9: Elrus90 folded before Flop (didn't bet)



PokerStars Hand #225376316363:  Hold'em No Limit ($0.01/$0.02 USD) - 2021/03/31 16:29:12 PT [2021/03/31 19:29:12 ET]
Table 'Renzia' 9-max Seat #3 is the button
Seat 1: Derevtsssova ($0.91 in chips) 
Seat 2: Agneobr ($1.40 in chips) 
Seat 3: andyspu ($2.43 in chips) 
Seat 4: Dorex2007 ($3.08 in chips) 
Seat 5: Saulo507 ($2.49 in chips) 
Seat 6: C&D BRA ($1.25 in chips) 
Seat 7: archi karas ($3.79 in chips) 
Seat 8: VilpPS ($2.35 in chips) 
Seat 9: Elrus90 ($1.24 in chips) 
Dorex2007: posts small blind $0.01
Saulo507: posts big blind $0.02
*** HOLE CARDS ***
Dealt to Dorex2007 [Tc 9h]
C&D BRA has timed out
C&D BRA: folds 
archi karas: calls $0.02
VilpPS: folds 
Elrus90: raises $0.07 to $0.09
Derevtsssova: folds 
Agneobr: calls $0.09
andyspu: folds 
Dorex2007: folds 
Saulo507: folds 
archi karas: calls $0.07
*** FLOP *** [Ac 4s 5c]
C&D BRA leaves the table
archi karas: checks 
Elrus90: bets $0.14
Agneobr: folds 
XTLMZUWR joins the table at seat #6 
archi karas: folds 
Uncalled bet ($0.14) returned to Elrus90
Elrus90 collected $0.29 from pot
Elrus90: doesn't show hand 
*** SUMMARY ***
Total pot $0.30 | Rake $0.01 
Board [Ac 4s 5c]
Seat 1: Derevtsssova folded before Flop (didn't bet)
Seat 2: Agneobr folded on the Flop
Seat 3: andyspu (button) folded before Flop (didn't bet)
Seat 4: Dorex2007 (small blind) folded before Flop
Seat 5: Saulo507 (big blind) folded before Flop
Seat 6: C&D BRA folded before Flop (didn't bet)
Seat 7: archi karas folded on the Flop
Seat 8: VilpPS folded before Flop (didn't bet)
Seat 9: Elrus90 collected ($0.29)



PokerStars Hand #225376339065:  Hold'em No Limit ($0.01/$0.02 USD) - 2021/03/31 16:30:10 PT [2021/03/31 19:30:10 ET]
Table 'Renzia' 9-max Seat #4 is the button
Seat 1: Derevtsssova ($0.91 in chips) 
Seat 2: Agneobr ($1.31 in chips) 
Seat 3: andyspu ($2.43 in chips) 
Seat 4: Dorex2007 ($3.07 in chips) 
Seat 5: Saulo507 ($2.47 in chips) 
Seat 6: XTLMZUWR ($2 in chips) 
Seat 7: archi karas ($3.70 in chips) 
Seat 8: VilpPS ($2.35 in chips) 
Seat 9: Elrus90 ($1.44 in chips) 
Saulo507: posts small blind $0.01
XTLMZUWR: posts big blind $0.02
*** HOLE CARDS ***
Dealt to Dorex2007 [Ts 7h]
archi karas has timed out
archi karas: folds 
VilpPS: folds 
Elrus90: raises $0.02 to $0.04
Derevtsssova: folds 
Agneobr: calls $0.04
andyspu: folds 
Dorex2007: folds 
Saulo507: folds 
XTLMZUWR: folds 
*** FLOP *** [Kh 8c 5d]
Elrus90: checks 
Agneobr: bets $0.11
Elrus90: folds 
Uncalled bet ($0.11) returned to Agneobr
Agneobr collected $0.11 from pot
Agneobr: doesn't show hand 
*** SUMMARY ***
Total pot $0.11 | Rake $0 
Board [Kh 8c 5d]
Seat 1: Derevtsssova folded before Flop (didn't bet)
Seat 2: Agneobr collected ($0.11)
Seat 3: andyspu folded before Flop (didn't bet)
Seat 4: Dorex2007 (button) folded before Flop (didn't bet)
Seat 5: Saulo507 (small blind) folded before Flop
Seat 6: XTLMZUWR (big blind) folded before Flop
Seat 7: archi karas folded before Flop (didn't bet)
Seat 8: VilpPS folded before Flop (didn't bet)
Seat 9: Elrus90 folded on the Flop



PokerStars Hand #225376354614:  Hold'em No Limit ($0.01/$0.02 USD) - 2021/03/31 16:30:50 PT [2021/03/31 19:30:50 ET]
Table 'Renzia' 9-max Seat #5 is the button
Seat 1: Derevtsssova ($0.91 in chips) 
Seat 2: Agneobr ($1.38 in chips) 
Seat 3: andyspu ($2.43 in chips) 
Seat 4: Dorex2007 ($3.07 in chips) 
Seat 5: Saulo507 ($2.46 in chips) 
Seat 6: XTLMZUWR ($2 in chips) 
Seat 7: archi karas ($3.70 in chips) 
Seat 8: VilpPS ($2.35 in chips) 
Seat 9: Elrus90 ($1.40 in chips) 
XTLMZUWR: posts small blind $0.01
archi karas: posts big blind $0.02
*** HOLE CARDS ***
Dealt to Dorex2007 [5s 4h]
VilpPS: folds 
Elrus90: folds 
Derevtsssova: raises $0.04 to $0.06
Agneobr: folds 
andyspu: folds 
Dorex2007: folds 
Saulo507: folds 
XTLMZUWR: folds 
archi karas: folds 
Uncalled bet ($0.04) returned to Derevtsssova
Derevtsssova collected $0.05 from pot
Derevtsssova: doesn't show hand 
*** SUMMARY ***
Total pot $0.05 | Rake $0 
Seat 1: Derevtsssova collected ($0.05)
Seat 2: Agneobr folded before Flop (didn't bet)
Seat 3: andyspu folded before Flop (didn't bet)
Seat 4: Dorex2007 folded before Flop (didn't bet)
Seat 5: Saulo507 (button) folded before Flop (didn't bet)
Seat 6: XTLMZUWR (small blind) folded before Flop
Seat 7: archi karas (big blind) folded before Flop
Seat 8: VilpPS folded before Flop (didn't bet)
Seat 9: Elrus90 folded before Flop (didn't bet)



PokerStars Hand #225376370159:  Hold'em No Limit ($0.01/$0.02 USD) - 2021/03/31 16:31:31 PT [2021/03/31 19:31:31 ET]
Table 'Renzia' 9-max Seat #6 is the button
Seat 1: Derevtsssova ($0.94 in chips) 
Seat 2: Agneobr ($1.38 in chips) 
Seat 3: andyspu ($2.43 in chips) 
Seat 4: Dorex2007 ($3.07 in chips) 
Seat 5: Saulo507 ($2.46 in chips) 
Seat 6: XTLMZUWR ($2 in chips) 
Seat 7: archi karas ($3.68 in chips) 
Seat 8: VilpPS ($2.35 in chips) 
Seat 9: Elrus90 ($1.40 in chips) 
archi karas: posts small blind $0.01
VilpPS: posts big blind $0.02
*** HOLE CARDS ***
Dealt to Dorex2007 [6d Th]
Elrus90: folds 
Derevtsssova: folds 
Agneobr: folds 
andyspu: folds 
Dorex2007: folds 
Saulo507: folds 
XTLMZUWR: folds 
archi karas: calls $0.01
VilpPS: checks 
*** FLOP *** [Jd 8s Qc]
archi karas: bets $0.02
VilpPS: folds 
Uncalled bet ($0.02) returned to archi karas
archi karas collected $0.04 from pot
archi karas: doesn't show hand 
*** SUMMARY ***
Total pot $0.04 | Rake $0 
Board [Jd 8s Qc]
Seat 1: Derevtsssova folded before Flop (didn't bet)
Seat 2: Agneobr folded before Flop (didn't bet)
Seat 3: andyspu folded before Flop (didn't bet)
Seat 4: Dorex2007 folded before Flop (didn't bet)
Seat 5: Saulo507 folded before Flop (didn't bet)
Seat 6: XTLMZUWR (button) folded before Flop (didn't bet)
Seat 7: archi karas (small blind) collected ($0.04)
Seat 8: VilpPS (big blind) folded on the Flop
Seat 9: Elrus90 folded before Flop (didn't bet)



PokerStars Hand #225376388166:  Hold'em No Limit ($0.01/$0.02 USD) - 2021/03/31 16:32:17 PT [2021/03/31 19:32:17 ET]
Table 'Renzia' 9-max Seat #7 is the button
Seat 1: Derevtsssova ($0.94 in chips) 
Seat 2: Agneobr ($1.38 in chips) 
Seat 3: andyspu ($2.43 in chips) 
Seat 4: Dorex2007 ($3.07 in chips) 
Seat 5: Saulo507 ($2.46 in chips) 
Seat 6: XTLMZUWR ($2 in chips) 
Seat 7: archi karas ($3.70 in chips) 
Seat 8: VilpPS ($2.33 in chips) 
Seat 9: Elrus90 ($1.40 in chips) 
VilpPS: posts small blind $0.01
Elrus90: posts big blind $0.02
*** HOLE CARDS ***
Dealt to Dorex2007 [6h 4s]
Derevtsssova: folds 
Agneobr: folds 
andyspu: folds 
Dorex2007: folds 
Saulo507: folds 
XTLMZUWR: folds 
archi karas: calls $0.02
VilpPS: raises $0.16 to $0.18
Elrus90: folds 
archi karas: calls $0.16
*** FLOP *** [9s Tc Jc]
VilpPS: bets $0.56
archi karas: calls $0.56
*** TURN *** [9s Tc Jc] [4d]
VilpPS: bets $1.59 and is all-in
archi karas: calls $1.59
*** RIVER *** [9s Tc Jc 4d] [Jh]
*** SHOW DOWN ***
VilpPS: shows [As Ad] (two pair, Aces and Jacks)
archi karas: shows [Js Kd] (three of a kind, Jacks)
archi karas collected $4.52 from pot
*** SUMMARY ***
Total pot $4.68 | Rake $0.16 
Board [9s Tc Jc 4d Jh]
Seat 1: Derevtsssova folded before Flop (didn't bet)
Seat 2: Agneobr folded before Flop (didn't bet)
Seat 3: andyspu folded before Flop (didn't bet)
Seat 4: Dorex2007 folded before Flop (didn't bet)
Seat 5: Saulo507 folded before Flop (didn't bet)
Seat 6: XTLMZUWR folded before Flop (didn't bet)
Seat 7: archi karas (button) showed [Js Kd] and won ($4.52) with three of a kind, Jacks
Seat 8: VilpPS (small blind) showed [As Ad] and lost with two pair, Aces and Jacks
Seat 9: Elrus90 (big blind) folded before Flop



PokerStars Hand #225376421578:  Hold'em No Limit ($0.01/$0.02 USD) - 2021/03/31 16:33:29 PT [2021/03/31 19:33:29 ET]
Table 'Renzia' 9-max Seat #8 is the button
Seat 1: Derevtsssova ($0.94 in chips) 
Seat 2: Agneobr ($1.38 in chips) 
Seat 3: andyspu ($2.43 in chips) 
Seat 4: Dorex2007 ($3.07 in chips) 
Seat 5: Saulo507 ($2.46 in chips) 
Seat 6: XTLMZUWR ($2 in chips) 
Seat 7: archi karas ($5.89 in chips) 
Seat 8: VilpPS ($2 in chips) 
Seat 9: Elrus90 ($1.38 in chips) 
Elrus90: posts small blind $0.01
Derevtsssova: posts big blind $0.02
*** HOLE CARDS ***
Dealt to Dorex2007 [Ad 3c]
Agneobr: raises $0.03 to $0.05
andyspu: folds 
Dorex2007: folds 
Saulo507: folds 
XTLMZUWR: folds 
archi karas: calls $0.05
VilpPS: folds 
Elrus90: folds 
Derevtsssova: folds 
*** FLOP *** [4h Js 8h]
Agneobr: checks 
archi karas: bets $0.02
Agneobr: calls $0.02
*** TURN *** [4h Js 8h] [3s]
Agneobr: checks 
archi karas: bets $0.02
Agneobr: calls $0.02
*** RIVER *** [4h Js 8h 3s] [Ts]
Agneobr: checks 
archi karas: checks 
*** SHOW DOWN ***
Agneobr: shows [2h 2s] (a pair of Deuces)
archi karas: shows [Td Kh] (a pair of Tens)
archi karas collected $0.20 from pot
*** SUMMARY ***
Total pot $0.21 | Rake $0.01 
Board [4h Js 8h 3s Ts]
Seat 1: Derevtsssova (big blind) folded before Flop
Seat 2: Agneobr showed [2h 2s] and lost with a pair of Deuces
Seat 3: andyspu folded before Flop (didn't bet)
Seat 4: Dorex2007 folded before Flop (didn't bet)
Seat 5: Saulo507 folded before Flop (didn't bet)
Seat 6: XTLMZUWR folded before Flop (didn't bet)
Seat 7: archi karas showed [Td Kh] and won ($0.20) with a pair of Tens
Seat 8: VilpPS (button) folded before Flop (didn't bet)
Seat 9: Elrus90 (small blind) folded before Flop



PokerStars Hand #225376437319:  Hold'em No Limit ($0.01/$0.02 USD) - 2021/03/31 16:34:11 PT [2021/03/31 19:34:11 ET]
Table 'Renzia' 9-max Seat #9 is the button
Seat 1: Derevtsssova ($0.92 in chips) 
Seat 2: Agneobr ($1.29 in chips) 
Seat 3: andyspu ($2.43 in chips) 
Seat 4: Dorex2007 ($3.07 in chips) 
Seat 5: Saulo507 ($2.46 in chips) 
Seat 6: XTLMZUWR ($2 in chips) 
Seat 7: archi karas ($6 in chips) 
Seat 8: VilpPS ($2 in chips) 
Seat 9: Elrus90 ($1.37 in chips) 
Derevtsssova: posts small blind $0.01
Agneobr: posts big blind $0.02
*** HOLE CARDS ***
Dealt to Dorex2007 [Ad 9d]
andyspu: folds 
Dorex2007: raises $0.04 to $0.06
Saulo507: folds 
XTLMZUWR: folds 
archi karas: folds 
VilpPS: calls $0.06
Elrus90: folds 
Derevtsssova: folds 
Agneobr: folds 
*** FLOP *** [8d 2d 4d]
Dorex2007: checks 
VilpPS: checks 
*** TURN *** [8d 2d 4d] [6d]
Dorex2007: checks 
VilpPS: checks 
*** RIVER *** [8d 2d 4d 6d] [Qc]
Dorex2007: bets $0.14
VilpPS: folds 
Uncalled bet ($0.14) returned to Dorex2007
Dorex2007 collected $0.14 from pot
Dorex2007: doesn't show hand 
*** SUMMARY ***
Total pot $0.15 | Rake $0.01 
Board [8d 2d 4d 6d Qc]
Seat 1: Derevtsssova (small blind) folded before Flop
Seat 2: Agneobr (big blind) folded before Flop
Seat 3: andyspu folded before Flop (didn't bet)
Seat 4: Dorex2007 collected ($0.14)
Seat 5: Saulo507 folded before Flop (didn't bet)
Seat 6: XTLMZUWR folded before Flop (didn't bet)
Seat 7: archi karas folded before Flop (didn't bet)
Seat 8: VilpPS folded on the River
Seat 9: Elrus90 (button) folded before Flop (didn't bet)



PokerStars Hand #225376458677:  Hold'em No Limit ($0.01/$0.02 USD) - 2021/03/31 16:35:07 PT [2021/03/31 19:35:07 ET]
Table 'Renzia' 9-max Seat #1 is the button
Seat 1: Derevtsssova ($0.91 in chips) 
Seat 2: Agneobr ($1.27 in chips) 
Seat 3: andyspu ($2.43 in chips) 
Seat 4: Dorex2007 ($3.15 in chips) 
Seat 5: Saulo507 ($2.46 in chips) 
Seat 6: XTLMZUWR ($2 in chips) 
Seat 7: archi karas ($6 in chips) 
Seat 8: VilpPS ($2 in chips) 
Seat 9: Elrus90 ($1.37 in chips) 
Agneobr: posts small blind $0.01
andyspu: posts big blind $0.02
*** HOLE CARDS ***
Dealt to Dorex2007 [6s 4c]
Dorex2007: folds 
Saulo507: folds 
XTLMZUWR: folds 
archi karas: calls $0.02
VilpPS: folds 
Elrus90: folds 
Derevtsssova: folds 
Agneobr: raises $0.06 to $0.08
andyspu: calls $0.06
archi karas: calls $0.06
*** FLOP *** [3c 5s 7h]
Agneobr: checks 
andyspu: bets $0.16
archi karas: folds 
Agneobr: folds 
Uncalled bet ($0.16) returned to andyspu
andyspu collected $0.23 from pot
andyspu: doesn't show hand 
*** SUMMARY ***
Total pot $0.24 | Rake $0.01 
Board [3c 5s 7h]
Seat 1: Derevtsssova (button) folded before Flop (didn't bet)
Seat 2: Agneobr (small blind) folded on the Flop
Seat 3: andyspu (big blind) collected ($0.23)
Seat 4: Dorex2007 folded before Flop (didn't bet)
Seat 5: Saulo507 folded before Flop (didn't bet)
Seat 6: XTLMZUWR folded before Flop (didn't bet)
Seat 7: archi karas folded on the Flop
Seat 8: VilpPS folded before Flop (didn't bet)
Seat 9: Elrus90 folded before Flop (didn't bet)



PokerStars Hand #225376476419:  Hold'em No Limit ($0.01/$0.02 USD) - 2021/03/31 16:35:54 PT [2021/03/31 19:35:54 ET]
Table 'Renzia' 9-max Seat #2 is the button
Seat 1: Derevtsssova ($0.91 in chips) 
Seat 2: Agneobr ($1.19 in chips) 
Seat 3: andyspu ($2.58 in chips) 
Seat 4: Dorex2007 ($3.15 in chips) 
Seat 5: Saulo507 ($2.46 in chips) 
Seat 6: XTLMZUWR ($2 in chips) 
Seat 7: archi karas ($5.92 in chips) 
Seat 8: VilpPS ($2 in chips) 
Seat 9: Elrus90 ($1.37 in chips) 
andyspu: posts small blind $0.01
Dorex2007: posts big blind $0.02
*** HOLE CARDS ***
Dealt to Dorex2007 [2h Ad]
Saulo507: folds 
XTLMZUWR: folds 
archi karas: calls $0.02
VilpPS: folds 
Elrus90: folds 
Derevtsssova: folds 
Agneobr: folds 
andyspu: folds 
Derevtsssova is disconnected 
Dorex2007 has timed out
Dorex2007: checks 
*** FLOP *** [5d 8d 4d]
Dorex2007: checks 
archi karas: checks 
*** TURN *** [5d 8d 4d] [4c]
Dorex2007: checks 
archi karas: checks 
*** RIVER *** [5d 8d 4d 4c] [Js]
Dorex2007: bets $0.05
archi karas: calls $0.05
*** SHOW DOWN ***
Dorex2007: shows [2h Ad] (a pair of Fours)
archi karas: shows [9c Jh] (two pair, Jacks and Fours)
archi karas collected $0.14 from pot
*** SUMMARY ***
Total pot $0.15 | Rake $0.01 
Board [5d 8d 4d 4c Js]
Seat 1: Derevtsssova folded before Flop (didn't bet)
Seat 2: Agneobr (button) folded before Flop (didn't bet)
Seat 3: andyspu (small blind) folded before Flop
Seat 4: Dorex2007 (big blind) showed [2h Ad] and lost with a pair of Fours
Seat 5: Saulo507 folded before Flop (didn't bet)
Seat 6: XTLMZUWR folded before Flop (didn't bet)
Seat 7: archi karas showed [9c Jh] and won ($0.14) with two pair, Jacks and Fours
Seat 8: VilpPS folded before Flop (didn't bet)
Seat 9: Elrus90 folded before Flop (didn't bet)



PokerStars Hand #225376509352:  Hold'em No Limit ($0.01/$0.02 USD) - 2021/03/31 16:37:12 PT [2021/03/31 19:37:12 ET]
Table 'Renzia' 9-max Seat #3 is the button
Seat 1: Derevtsssova ($0.91 in chips) 
Seat 2: Agneobr ($1.19 in chips) 
Seat 3: andyspu ($2.57 in chips) 
Seat 4: Dorex2007 ($3.08 in chips) 
Seat 5: Saulo507 ($2.46 in chips) 
Seat 6: XTLMZUWR ($2 in chips) 
Seat 7: archi karas ($5.99 in chips) 
Seat 8: VilpPS ($2 in chips) 
Seat 9: Elrus90 ($1.37 in chips) 
Dorex2007: posts small blind $0.01
Saulo507: posts big blind $0.02
*** HOLE CARDS ***
Dealt to Dorex2007 [8h Kd]
XTLMZUWR: folds 
archi karas: calls $0.02
VilpPS: raises $0.16 to $0.18
Elrus90: folds 
Derevtsssova has timed out while disconnected
Derevtsssova: folds 
Agneobr: folds 
andyspu: folds 
Dorex2007: folds 
Saulo507: folds 
archi karas: calls $0.16
*** FLOP *** [9d 6c 7s]
archi karas: checks 
VilpPS: bets $0.19
archi karas: folds 
Uncalled bet ($0.19) returned to VilpPS
VilpPS collected $0.38 from pot
VilpPS: doesn't show hand 
*** SUMMARY ***
Total pot $0.39 | Rake $0.01 
Board [9d 6c 7s]
Seat 1: Derevtsssova folded before Flop (didn't bet)
Seat 2: Agneobr folded before Flop (didn't bet)
Seat 3: andyspu (button) folded before Flop (didn't bet)
Seat 4: Dorex2007 (small blind) folded before Flop
Seat 5: Saulo507 (big blind) folded before Flop
Seat 6: XTLMZUWR folded before Flop (didn't bet)
Seat 7: archi karas folded on the Flop
Seat 8: VilpPS collected ($0.38)
Seat 9: Elrus90 folded before Flop (didn't bet)



PokerStars Hand #225376538815:  Hold'em No Limit ($0.01/$0.02 USD) - 2021/03/31 16:38:29 PT [2021/03/31 19:38:29 ET]
Table 'Renzia' 9-max Seat #4 is the button
Seat 1: Derevtsssova ($0.91 in chips) 
Seat 2: Agneobr ($1.19 in chips) 
Seat 3: andyspu ($2.57 in chips) 
Seat 4: Dorex2007 ($3.07 in chips) 
Seat 5: Saulo507 ($2.44 in chips) 
Seat 6: XTLMZUWR ($2 in chips) 
Seat 7: archi karas ($5.81 in chips) 
Seat 8: VilpPS ($2.20 in chips) 
Seat 9: Elrus90 ($1.37 in chips) 
Saulo507: posts small blind $0.01
XTLMZUWR: posts big blind $0.02
*** HOLE CARDS ***
Dealt to Dorex2007 [9s Kd]
archi karas: calls $0.02
VilpPS: folds 
Elrus90: raises $0.04 to $0.06
Derevtsssova: folds 
Agneobr: folds 
andyspu: raises $0.17 to $0.23
Dorex2007: folds 
Saulo507: folds 
XTLMZUWR: folds 
archi karas: folds 
Elrus90: calls $0.17
*** FLOP *** [Tc 8h 3s]
Elrus90: checks 
andyspu: bets $0.32
Elrus90: calls $0.32
*** TURN *** [Tc 8h 3s] [6c]
Elrus90: checks 
andyspu: bets $0.60
Elrus90: raises $0.22 to $0.82 and is all-in
andyspu: calls $0.22
*** RIVER *** [Tc 8h 3s 6c] [8d]
*** SHOW DOWN ***
Elrus90: shows [Th Qh] (two pair, Tens and Eights)
andyspu: shows [Ac As] (two pair, Aces and Eights)
andyspu collected $2.69 from pot
*** SUMMARY ***
Total pot $2.79 | Rake $0.10 
Board [Tc 8h 3s 6c 8d]
Seat 1: Derevtsssova folded before Flop (didn't bet)
Seat 2: Agneobr folded before Flop (didn't bet)
Seat 3: andyspu showed [Ac As] and won ($2.69) with two pair, Aces and Eights
Seat 4: Dorex2007 (button) folded before Flop (didn't bet)
Seat 5: Saulo507 (small blind) folded before Flop
Seat 6: XTLMZUWR (big blind) folded before Flop
Seat 7: archi karas folded before Flop
Seat 8: VilpPS folded before Flop (didn't bet)
Seat 9: Elrus90 showed [Th Qh] and lost with two pair, Tens and Eights



PokerStars Hand #225376566604:  Hold'em No Limit ($0.01/$0.02 USD) - 2021/03/31 16:39:42 PT [2021/03/31 19:39:42 ET]
Table 'Renzia' 9-max Seat #5 is the button
Seat 1: Derevtsssova ($0.91 in chips) 
Seat 2: Agneobr ($1.19 in chips) 
Seat 3: andyspu ($3.89 in chips) 
Seat 4: Dorex2007 ($3.07 in chips) 
Seat 5: Saulo507 ($2.43 in chips) 
Seat 6: XTLMZUWR ($2 in chips) 
Seat 7: archi karas ($5.79 in chips) 
Seat 8: VilpPS ($2.20 in chips) 
XTLMZUWR: posts small blind $0.01
archi karas: posts big blind $0.02
*** HOLE CARDS ***
Dealt to Dorex2007 [9h Ks]
VilpPS: folds 
Derevtsssova: raises $0.05 to $0.07
Agneobr: folds 
andyspu: folds 
Dorex2007: folds 
Saulo507: folds 
XTLMZUWR: folds 
archi karas: raises $0.05 to $0.12
Derevtsssova: raises $0.79 to $0.91 and is all-in
archi karas: calls $0.79
*** FLOP *** [2c Qc Ts]
*** TURN *** [2c Qc Ts] [Jc]
*** RIVER *** [2c Qc Ts Jc] [Js]
*** SHOW DOWN ***
archi karas: shows [Td Th] (a full house, Tens full of Jacks)
Derevtsssova: shows [Kh As] (a straight, Ten to Ace)
archi karas collected $1.77 from pot
*** SUMMARY ***
Total pot $1.83 | Rake $0.06 
Board [2c Qc Ts Jc Js]
Seat 1: Derevtsssova showed [Kh As] and lost with a straight, Ten to Ace
Seat 2: Agneobr folded before Flop (didn't bet)
Seat 3: andyspu folded before Flop (didn't bet)
Seat 4: Dorex2007 folded before Flop (didn't bet)
Seat 5: Saulo507 (button) folded before Flop (didn't bet)
Seat 6: XTLMZUWR (small blind) folded before Flop
Seat 7: archi karas (big blind) showed [Td Th] and won ($1.77) with a full house, Tens full of Jacks
Seat 8: VilpPS folded before Flop (didn't bet)



PokerStars Hand #225376583479:  Hold'em No Limit ($0.01/$0.02 USD) - 2021/03/31 16:40:27 PT [2021/03/31 19:40:27 ET]
Table 'Renzia' 9-max Seat #6 is the button
Seat 1: Derevtsssova ($0.80 in chips) 
Seat 2: Agneobr ($1.19 in chips) 
Seat 3: andyspu ($3.89 in chips) 
Seat 4: Dorex2007 ($3.07 in chips) 
Seat 5: Saulo507 ($2.43 in chips) 
Seat 6: XTLMZUWR ($2 in chips) 
Seat 7: archi karas ($6.65 in chips) 
Seat 8: VilpPS ($2.20 in chips) 
Seat 9: Elrus90 ($1 in chips) 
archi karas: posts small blind $0.01
VilpPS: posts big blind $0.02
*** HOLE CARDS ***
Dealt to Dorex2007 [Tc 8s]
Elrus90: folds 
Derevtsssova: folds 
Agneobr: raises $0.03 to $0.05
andyspu: folds 
Dorex2007: folds 
Saulo507: folds 
XTLMZUWR: folds 
archi karas: calls $0.04
VilpPS: folds 
*** FLOP *** [3d 8d Qs]
archi karas: bets $0.06
Agneobr: folds 
Uncalled bet ($0.06) returned to archi karas
archi karas collected $0.12 from pot
archi karas: doesn't show hand 
*** SUMMARY ***
Total pot $0.12 | Rake $0 
Board [3d 8d Qs]
Seat 1: Derevtsssova folded before Flop (didn't bet)
Seat 2: Agneobr folded on the Flop
Seat 3: andyspu folded before Flop (didn't bet)
Seat 4: Dorex2007 folded before Flop (didn't bet)
Seat 5: Saulo507 folded before Flop (didn't bet)
Seat 6: XTLMZUWR (button) folded before Flop (didn't bet)
Seat 7: archi karas (small blind) collected ($0.12)
Seat 8: VilpPS (big blind) folded before Flop
Seat 9: Elrus90 folded before Flop (didn't bet)



PokerStars Hand #225376601310:  Hold'em No Limit ($0.01/$0.02 USD) - 2021/03/31 16:41:15 PT [2021/03/31 19:41:15 ET]
Table 'Renzia' 9-max Seat #7 is the button
Seat 1: Derevtsssova ($0.80 in chips) 
Seat 2: Agneobr ($1.14 in chips) 
Seat 3: andyspu ($3.89 in chips) 
Seat 4: Dorex2007 ($3.07 in chips) 
Seat 5: Saulo507 ($2.43 in chips) 
Seat 6: XTLMZUWR ($2 in chips) 
Seat 7: archi karas ($6.72 in chips) 
Seat 8: VilpPS ($2.18 in chips) 
Seat 9: Elrus90 ($1 in chips) 
VilpPS: posts small blind $0.01
Elrus90: posts big blind $0.02
*** HOLE CARDS ***
Dealt to Dorex2007 [Jh 4c]
Derevtsssova: folds 
Agneobr: folds 
andyspu: folds 
Dorex2007: folds 
Saulo507: folds 
XTLMZUWR: folds 
archi karas: raises $0.02 to $0.04
VilpPS: folds 
Elrus90: calls $0.02
*** FLOP *** [3d 2h 7h]
Elrus90: checks 
archi karas: bets $0.09
Elrus90: raises $0.09 to $0.18
archi karas: calls $0.09
*** TURN *** [3d 2h 7h] [3h]
Elrus90: bets $0.21
archi karas: calls $0.21
*** RIVER *** [3d 2h 7h 3h] [6d]
Elrus90: bets $0.57 and is all-in
archi karas: calls $0.57
*** SHOW DOWN ***
Elrus90: shows [5h 9h] (a flush, Nine high)
archi karas: shows [Qd Qc] (two pair, Queens and Threes)
Elrus90 collected $1.94 from pot
*** SUMMARY ***
Total pot $2.01 | Rake $0.07 
Board [3d 2h 7h 3h 6d]
Seat 1: Derevtsssova folded before Flop (didn't bet)
Seat 2: Agneobr folded before Flop (didn't bet)
Seat 3: andyspu folded before Flop (didn't bet)
Seat 4: Dorex2007 folded before Flop (didn't bet)
Seat 5: Saulo507 folded before Flop (didn't bet)
Seat 6: XTLMZUWR folded before Flop (didn't bet)
Seat 7: archi karas (button) showed [Qd Qc] and lost with two pair, Queens and Threes
Seat 8: VilpPS (small blind) folded before Flop
Seat 9: Elrus90 (big blind) showed [5h 9h] and won ($1.94) with a flush, Nine high



PokerStars Hand #225376616641:  Hold'em No Limit ($0.01/$0.02 USD) - 2021/03/31 16:41:56 PT [2021/03/31 19:41:56 ET]
Table 'Renzia' 9-max Seat #8 is the button
Seat 1: Derevtsssova ($0.80 in chips) 
Seat 2: Agneobr ($1.14 in chips) 
Seat 3: andyspu ($3.89 in chips) 
Seat 4: Dorex2007 ($3.07 in chips) 
Seat 5: Saulo507 ($2.43 in chips) 
Seat 6: XTLMZUWR ($2 in chips) 
Seat 7: archi karas ($5.72 in chips) 
Seat 8: VilpPS ($2.17 in chips) 
Seat 9: Elrus90 ($1.94 in chips) 
Elrus90: posts small blind $0.01
Derevtsssova: posts big blind $0.02
*** HOLE CARDS ***
Dealt to Dorex2007 [5s 6c]
Agneobr: folds 
andyspu: folds 
Dorex2007: folds 
Saulo507: folds 
XTLMZUWR: raises $0.05 to $0.07
archi karas: calls $0.07
VilpPS: folds 
VilpPS leaves the table
Elrus90: calls $0.06
Derevtsssova: calls $0.05
*** FLOP *** [6d Js 6h]
Elrus90: checks 
Derevtsssova: checks 
XTLMZUWR: bets $0.14
archi karas: folds 
Elrus90: calls $0.14
Derevtsssova: folds 
*** TURN *** [6d Js 6h] [7h]
Elrus90: checks 
XTLMZUWR: bets $0.27
Elrus90: calls $0.27
*** RIVER *** [6d Js 6h 7h] [Kd]
Elrus90: checks 
Vinnie VOA joins the table at seat #8 
XTLMZUWR: bets $0.80
Elrus90: calls $0.80
*** SHOW DOWN ***
XTLMZUWR: shows [Jh Jd] (a full house, Jacks full of Sixes)
Elrus90: mucks hand 
XTLMZUWR collected $2.61 from pot
*** SUMMARY ***
Total pot $2.70 | Rake $0.09 
Board [6d Js 6h 7h Kd]
Seat 1: Derevtsssova (big blind) folded on the Flop
Seat 2: Agneobr folded before Flop (didn't bet)
Seat 3: andyspu folded before Flop (didn't bet)
Seat 4: Dorex2007 folded before Flop (didn't bet)
Seat 5: Saulo507 folded before Flop (didn't bet)
Seat 6: XTLMZUWR showed [Jh Jd] and won ($2.61) with a full house, Jacks full of Sixes
Seat 7: archi karas folded on the Flop
Seat 8: VilpPS (button) folded before Flop (didn't bet)
Seat 9: Elrus90 (small blind) mucked [Kh Th]



PokerStars Hand #225376642759:  Hold'em No Limit ($0.01/$0.02 USD) - 2021/03/31 16:43:06 PT [2021/03/31 19:43:06 ET]
Table 'Renzia' 9-max Seat #9 is the button
Seat 1: Derevtsssova ($0.80 in chips) 
Seat 2: Agneobr ($1.14 in chips) 
Seat 3: andyspu ($3.89 in chips) 
Seat 4: Dorex2007 ($3.07 in chips) 
Seat 5: Saulo507 ($2.43 in chips) 
Seat 6: XTLMZUWR ($3.33 in chips) 
Seat 7: archi karas ($5.65 in chips) 
Seat 8: Vinnie VOA ($1.60 in chips) 
Seat 9: Elrus90 ($0.66 in chips) 
Derevtsssova: posts small blind $0.01
Agneobr: posts big blind $0.02
Vinnie VOA: posts big blind $0.02
*** HOLE CARDS ***
Dealt to Dorex2007 [9s 9d]
andyspu: folds 
Dorex2007: raises $0.04 to $0.06
Saulo507: folds 
XTLMZUWR: folds 
archi karas: calls $0.06
Vinnie VOA: calls $0.04
Elrus90: folds 
Derevtsssova: folds 
Agneobr: folds 
*** FLOP *** [8d Jd 9c]
Dorex2007: bets $0.10
archi karas: folds 
Vinnie VOA: calls $0.10
*** TURN *** [8d Jd 9c] [4d]
Dorex2007: bets $0.20
Vinnie VOA: calls $0.20
*** RIVER *** [8d Jd 9c 4d] [Kc]
Dorex2007: bets $0.22
Vinnie VOA: calls $0.22
*** SHOW DOWN ***
Dorex2007: shows [9s 9d] (three of a kind, Nines)
Vinnie VOA: mucks hand 
Dorex2007 collected $1.21 from pot
*** SUMMARY ***
Total pot $1.25 | Rake $0.04 
Board [8d Jd 9c 4d Kc]
Seat 1: Derevtsssova (small blind) folded before Flop
Seat 2: Agneobr (big blind) folded before Flop
Seat 3: andyspu folded before Flop (didn't bet)
Seat 4: Dorex2007 showed [9s 9d] and won ($1.21) with three of a kind, Nines
Seat 5: Saulo507 folded before Flop (didn't bet)
Seat 6: XTLMZUWR folded before Flop (didn't bet)
Seat 7: archi karas folded on the Flop
Seat 8: Vinnie VOA mucked [Js Ac]
Seat 9: Elrus90 (button) folded before Flop (didn't bet)



