PokerStars Hand #227663200592:  Hold'em No Limit ($0.01/$0.02 USD) - 2021/06/17 23:24:56 PT [2021/06/18 2:24:56 ET]
Table 'Unukalhai II' 9-max Seat #9 is the button
Seat 1: w1nn3rt0p ($2 in chips) 
Seat 2: ImEngineer ($2.54 in chips) 
Seat 3: edvards92 ($3.01 in chips) 
Seat 4: bearpaw47 ($2.05 in chips) 
Seat 5: filius stell ($1.71 in chips) 
Seat 7: Sebban73 ($2.71 in chips) 
Seat 8: Dorex2007 ($2 in chips) 
Seat 9: Korvin1999 ($0.70 in chips) 
w1nn3rt0p: posts small blind $0.01
ImEngineer: posts big blind $0.02
tridmax: sits out 
Dorex2007: posts big blind $0.02
*** HOLE CARDS ***
Dealt to Dorex2007 [Qh Ks]
edvards92: folds 
bearpaw47: folds 
filius stell: folds 
Sebban73: folds 
Dorex2007: raises $0.04 to $0.06
Korvin1999: raises $0.64 to $0.70 and is all-in
w1nn3rt0p: folds 
ImEngineer: folds 
Dorex2007: folds 
Uncalled bet ($0.64) returned to Korvin1999
Korvin1999 collected $0.15 from pot
Korvin1999: doesn't show hand 
*** SUMMARY ***
Total pot $0.15 | Rake $0 
Seat 1: w1nn3rt0p (small blind) folded before Flop
Seat 2: ImEngineer (big blind) folded before Flop
Seat 3: edvards92 folded before Flop (didn't bet)
Seat 4: bearpaw47 folded before Flop (didn't bet)
Seat 5: filius stell folded before Flop (didn't bet)
Seat 7: Sebban73 folded before Flop (didn't bet)
Seat 8: Dorex2007 folded before Flop
Seat 9: Korvin1999 (button) collected ($0.15)



PokerStars Hand #227663203870:  Hold'em No Limit ($0.01/$0.02 USD) - 2021/06/17 23:25:20 PT [2021/06/18 2:25:20 ET]
Table 'Unukalhai II' 9-max Seat #1 is the button
Seat 1: w1nn3rt0p ($2 in chips) 
Seat 2: ImEngineer ($2.52 in chips) 
Seat 3: edvards92 ($3.01 in chips) 
Seat 4: bearpaw47 ($2.05 in chips) 
Seat 5: filius stell ($1.71 in chips) 
Seat 7: Sebban73 ($2.71 in chips) 
Seat 8: Dorex2007 ($1.94 in chips) 
Seat 9: Korvin1999 ($0.79 in chips) 
ImEngineer: posts small blind $0.01
edvards92: posts big blind $0.02
tridmax: sits out 
*** HOLE CARDS ***
Dealt to Dorex2007 [3d 6c]
bearpaw47: folds 
filius stell: folds 
Sebban73: folds 
Dorex2007: folds 
Korvin1999: raises $0.04 to $0.06
w1nn3rt0p: folds 
ImEngineer: calls $0.05
edvards92: calls $0.04
*** FLOP *** [6h 4s 8d]
ImEngineer: checks 
edvards92: checks 
Korvin1999: bets $0.02
ImEngineer: calls $0.02
edvards92: calls $0.02
*** TURN *** [6h 4s 8d] [9h]
ImEngineer: bets $0.12
edvards92: calls $0.12
Korvin1999: folds 
*** RIVER *** [6h 4s 8d 9h] [4d]
ImEngineer: checks 
edvards92: checks 
*** SHOW DOWN ***
ImEngineer: shows [Jc 9c] (two pair, Nines and Fours)
edvards92: mucks hand 
ImEngineer collected $0.46 from pot
*** SUMMARY ***
Total pot $0.48 | Rake $0.02 
Board [6h 4s 8d 9h 4d]
Seat 1: w1nn3rt0p (button) folded before Flop (didn't bet)
Seat 2: ImEngineer (small blind) showed [Jc 9c] and won ($0.46) with two pair, Nines and Fours
Seat 3: edvards92 (big blind) mucked [Ah 2h]
Seat 4: bearpaw47 folded before Flop (didn't bet)
Seat 5: filius stell folded before Flop (didn't bet)
Seat 7: Sebban73 folded before Flop (didn't bet)
Seat 8: Dorex2007 folded before Flop (didn't bet)
Seat 9: Korvin1999 folded on the Turn



PokerStars Hand #227663212632:  Hold'em No Limit ($0.01/$0.02 USD) - 2021/06/17 23:26:23 PT [2021/06/18 2:26:23 ET]
Table 'Unukalhai II' 9-max Seat #2 is the button
Seat 1: w1nn3rt0p ($2 in chips) 
Seat 2: ImEngineer ($2.78 in chips) 
Seat 3: edvards92 ($2.81 in chips) 
Seat 4: bearpaw47 ($2.05 in chips) 
Seat 5: filius stell ($1.71 in chips) 
Seat 7: Sebban73 ($2.71 in chips) 
Seat 8: Dorex2007 ($1.94 in chips) 
Seat 9: Korvin1999 ($0.71 in chips) 
edvards92: posts small blind $0.01
bearpaw47: posts big blind $0.02
tridmax: sits out 
*** HOLE CARDS ***
Dealt to Dorex2007 [Ts 9c]
filius stell: folds 
Sebban73: folds 
Dorex2007: folds 
Korvin1999: folds 
w1nn3rt0p: folds 
ImEngineer: folds 
edvards92: raises $0.04 to $0.06
bearpaw47: folds 
Uncalled bet ($0.04) returned to edvards92
edvards92 collected $0.04 from pot
edvards92: doesn't show hand 
*** SUMMARY ***
Total pot $0.04 | Rake $0 
Seat 1: w1nn3rt0p folded before Flop (didn't bet)
Seat 2: ImEngineer (button) folded before Flop (didn't bet)
Seat 3: edvards92 (small blind) collected ($0.04)
Seat 4: bearpaw47 (big blind) folded before Flop
Seat 5: filius stell folded before Flop (didn't bet)
Seat 7: Sebban73 folded before Flop (didn't bet)
Seat 8: Dorex2007 folded before Flop (didn't bet)
Seat 9: Korvin1999 folded before Flop (didn't bet)



PokerStars Hand #227663215296:  Hold'em No Limit ($0.01/$0.02 USD) - 2021/06/17 23:26:42 PT [2021/06/18 2:26:42 ET]
Table 'Unukalhai II' 9-max Seat #3 is the button
Seat 1: w1nn3rt0p ($2 in chips) 
Seat 2: ImEngineer ($2.78 in chips) 
Seat 3: edvards92 ($2.83 in chips) 
Seat 4: bearpaw47 ($2.03 in chips) 
Seat 5: filius stell ($1.71 in chips) 
Seat 7: Sebban73 ($2.71 in chips) 
Seat 8: Dorex2007 ($1.94 in chips) 
Seat 9: Korvin1999 ($0.71 in chips) 
bearpaw47: posts small blind $0.01
filius stell: posts big blind $0.02
tridmax: sits out 
*** HOLE CARDS ***
Dealt to Dorex2007 [Jd 7d]
Sebban73: folds 
Dorex2007: folds 
Korvin1999: folds 
w1nn3rt0p: folds 
ImEngineer: folds 
tridmax leaves the table
edvards92: raises $0.03 to $0.05
bearpaw47: folds 
filius stell: calls $0.03
*** FLOP *** [Qc Td 4c]
filius stell: bets $0.12
edvards92: folds 
Uncalled bet ($0.12) returned to filius stell
filius stell collected $0.11 from pot
filius stell: doesn't show hand 
*** SUMMARY ***
Total pot $0.11 | Rake $0 
Board [Qc Td 4c]
Seat 1: w1nn3rt0p folded before Flop (didn't bet)
Seat 2: ImEngineer folded before Flop (didn't bet)
Seat 3: edvards92 (button) folded on the Flop
Seat 4: bearpaw47 (small blind) folded before Flop
Seat 5: filius stell (big blind) collected ($0.11)
Seat 7: Sebban73 folded before Flop (didn't bet)
Seat 8: Dorex2007 folded before Flop (didn't bet)
Seat 9: Korvin1999 folded before Flop (didn't bet)



PokerStars Hand #227663219977:  Hold'em No Limit ($0.01/$0.02 USD) - 2021/06/17 23:27:17 PT [2021/06/18 2:27:17 ET]
Table 'Unukalhai II' 9-max Seat #4 is the button
Seat 1: w1nn3rt0p ($2 in chips) 
Seat 2: ImEngineer ($2.78 in chips) 
Seat 3: edvards92 ($2.78 in chips) 
Seat 4: bearpaw47 ($2.02 in chips) 
Seat 5: filius stell ($1.77 in chips) 
Seat 7: Sebban73 ($2.71 in chips) 
Seat 8: Dorex2007 ($1.94 in chips) 
Seat 9: Korvin1999 ($0.71 in chips) 
filius stell: posts small blind $0.01
Sebban73: posts big blind $0.02
*** HOLE CARDS ***
Dealt to Dorex2007 [Th Kc]
Dorex2007: folds 
Korvin1999: folds 
w1nn3rt0p: folds 
ImEngineer: folds 
edvards92: folds 
bearpaw47: folds 
filius stell: raises $0.04 to $0.06
Sebban73: folds 
Uncalled bet ($0.04) returned to filius stell
filius stell collected $0.04 from pot
filius stell: doesn't show hand 
*** SUMMARY ***
Total pot $0.04 | Rake $0 
Seat 1: w1nn3rt0p folded before Flop (didn't bet)
Seat 2: ImEngineer folded before Flop (didn't bet)
Seat 3: edvards92 folded before Flop (didn't bet)
Seat 4: bearpaw47 (button) folded before Flop (didn't bet)
Seat 5: filius stell (small blind) collected ($0.04)
Seat 7: Sebban73 (big blind) folded before Flop
Seat 8: Dorex2007 folded before Flop (didn't bet)
Seat 9: Korvin1999 folded before Flop (didn't bet)



PokerStars Hand #227663222278:  Hold'em No Limit ($0.01/$0.02 USD) - 2021/06/17 23:27:34 PT [2021/06/18 2:27:34 ET]
Table 'Unukalhai II' 9-max Seat #5 is the button
Seat 1: w1nn3rt0p ($2 in chips) 
Seat 2: ImEngineer ($2.78 in chips) 
Seat 3: edvards92 ($2.78 in chips) 
Seat 4: bearpaw47 ($2.02 in chips) 
Seat 5: filius stell ($1.79 in chips) 
Seat 7: Sebban73 ($2.69 in chips) 
Seat 8: Dorex2007 ($1.94 in chips) 
Seat 9: Korvin1999 ($0.71 in chips) 
Sebban73: posts small blind $0.01
Dorex2007: posts big blind $0.02
*** HOLE CARDS ***
Dealt to Dorex2007 [6s 2s]
Korvin1999: raises $0.02 to $0.04
w1nn3rt0p: folds 
ImEngineer: raises $0.06 to $0.10
edvards92: folds 
bearpaw47: folds 
filius stell: folds 
Sebban73: folds 
Dorex2007: folds 
Korvin1999: calls $0.06
*** FLOP *** [9s 2h 8d]
Korvin1999: bets $0.61 and is all-in
ImEngineer: calls $0.61
*** TURN *** [9s 2h 8d] [8c]
j+sch1977 joins the table at seat #6 
*** RIVER *** [9s 2h 8d 8c] [4c]
*** SHOW DOWN ***
Korvin1999: shows [8h Kc] (three of a kind, Eights)
ImEngineer: shows [Jh Js] (two pair, Jacks and Eights)
Korvin1999 collected $1.40 from pot
ImEngineer cashed out the hand for $1.10 | Cash Out Fee $0.01
*** SUMMARY ***
Total pot $1.45 | Rake $0.05 
Board [9s 2h 8d 8c 4c]
Seat 1: w1nn3rt0p folded before Flop (didn't bet)
Seat 2: ImEngineer showed [Jh Js] and lost with two pair, Jacks and Eights (cashed out).
Seat 3: edvards92 folded before Flop (didn't bet)
Seat 4: bearpaw47 folded before Flop (didn't bet)
Seat 5: filius stell (button) folded before Flop (didn't bet)
Seat 7: Sebban73 (small blind) folded before Flop
Seat 8: Dorex2007 (big blind) folded before Flop
Seat 9: Korvin1999 showed [8h Kc] and won ($1.40) with three of a kind, Eights



PokerStars Hand #227663227841:  Hold'em No Limit ($0.01/$0.02 USD) - 2021/06/17 23:28:15 PT [2021/06/18 2:28:15 ET]
Table 'Unukalhai II' 9-max Seat #7 is the button
Seat 1: w1nn3rt0p ($2 in chips) 
Seat 2: ImEngineer ($3.17 in chips) 
Seat 3: edvards92 ($2.78 in chips) 
Seat 4: bearpaw47 ($2.02 in chips) 
Seat 5: filius stell ($1.79 in chips) 
Seat 7: Sebban73 ($2.68 in chips) 
Seat 8: Dorex2007 ($1.92 in chips) 
Seat 9: Korvin1999 ($1.40 in chips) 
Dorex2007: posts small blind $0.01
Korvin1999: posts big blind $0.02
j+sch1977: sits out 
*** HOLE CARDS ***
Dealt to Dorex2007 [7c 4d]
w1nn3rt0p: folds 
ImEngineer: folds 
edvards92: folds 
bearpaw47: folds 
filius stell: raises $0.04 to $0.06
Sebban73: folds 
Dorex2007: folds 
Korvin1999: folds 
Uncalled bet ($0.04) returned to filius stell
filius stell collected $0.05 from pot
filius stell: doesn't show hand 
*** SUMMARY ***
Total pot $0.05 | Rake $0 
Seat 1: w1nn3rt0p folded before Flop (didn't bet)
Seat 2: ImEngineer folded before Flop (didn't bet)
Seat 3: edvards92 folded before Flop (didn't bet)
Seat 4: bearpaw47 folded before Flop (didn't bet)
Seat 5: filius stell collected ($0.05)
Seat 7: Sebban73 (button) folded before Flop (didn't bet)
Seat 8: Dorex2007 (small blind) folded before Flop
Seat 9: Korvin1999 (big blind) folded before Flop



PokerStars Hand #227663230417:  Hold'em No Limit ($0.01/$0.02 USD) - 2021/06/17 23:28:34 PT [2021/06/18 2:28:34 ET]
Table 'Unukalhai II' 9-max Seat #8 is the button
Seat 1: w1nn3rt0p ($2 in chips) 
Seat 2: ImEngineer ($3.17 in chips) 
Seat 3: edvards92 ($2.78 in chips) 
Seat 4: bearpaw47 ($2.02 in chips) 
Seat 5: filius stell ($1.82 in chips) 
Seat 7: Sebban73 ($2.68 in chips) 
Seat 8: Dorex2007 ($1.91 in chips) 
Seat 9: Korvin1999 ($1.38 in chips) 
Korvin1999: posts small blind $0.01
w1nn3rt0p: posts big blind $0.02
j+sch1977: sits out 
*** HOLE CARDS ***
Dealt to Dorex2007 [9d Ts]
ImEngineer: folds 
edvards92: folds 
bearpaw47: folds 
filius stell: folds 
Sebban73: folds 
Dorex2007: folds 
Korvin1999: raises $0.02 to $0.04
w1nn3rt0p: calls $0.02
*** FLOP *** [Kh Jc 2d]
Korvin1999: bets $0.08
w1nn3rt0p: folds 
Uncalled bet ($0.08) returned to Korvin1999
Korvin1999 collected $0.08 from pot
Korvin1999: doesn't show hand 
*** SUMMARY ***
Total pot $0.08 | Rake $0 
Board [Kh Jc 2d]
Seat 1: w1nn3rt0p (big blind) folded on the Flop
Seat 2: ImEngineer folded before Flop (didn't bet)
Seat 3: edvards92 folded before Flop (didn't bet)
Seat 4: bearpaw47 folded before Flop (didn't bet)
Seat 5: filius stell folded before Flop (didn't bet)
Seat 7: Sebban73 folded before Flop (didn't bet)
Seat 8: Dorex2007 (button) folded before Flop (didn't bet)
Seat 9: Korvin1999 (small blind) collected ($0.08)



PokerStars Hand #227663235847:  Hold'em No Limit ($0.01/$0.02 USD) - 2021/06/17 23:29:14 PT [2021/06/18 2:29:14 ET]
Table 'Unukalhai II' 9-max Seat #9 is the button
Seat 1: w1nn3rt0p ($2 in chips) 
Seat 2: ImEngineer ($3.17 in chips) 
Seat 3: edvards92 ($2.78 in chips) 
Seat 4: bearpaw47 ($2.02 in chips) 
Seat 5: filius stell ($1.82 in chips) 
Seat 7: Sebban73 ($2.68 in chips) 
Seat 8: Dorex2007 ($1.91 in chips) 
Seat 9: Korvin1999 ($1.42 in chips) 
w1nn3rt0p: posts small blind $0.01
ImEngineer: posts big blind $0.02
j+sch1977: sits out 
*** HOLE CARDS ***
Dealt to Dorex2007 [8s Kd]
edvards92: folds 
bearpaw47: folds 
filius stell: folds 
Sebban73: folds 
Dorex2007: folds 
Korvin1999: raises $0.04 to $0.06
w1nn3rt0p: folds 
ImEngineer: calls $0.04
*** FLOP *** [Th Td 5h]
ImEngineer: checks 
Korvin1999: bets $1.36 and is all-in
ImEngineer: calls $1.36
*** TURN *** [Th Td 5h] [8d]
*** RIVER *** [Th Td 5h 8d] [3s]
*** SHOW DOWN ***
ImEngineer: shows [As Tc] (three of a kind, Tens)
Korvin1999: shows [Kc Ks] (two pair, Kings and Tens)
ImEngineer cashed out the hand for $2.49 | Cash Out Fee $0.03
*** SUMMARY ***
Total pot $2.85 | Rake $0.10 
Board [Th Td 5h 8d 3s]
Seat 1: w1nn3rt0p (small blind) folded before Flop
Seat 2: ImEngineer (big blind) showed [As Tc] and won ($2.75) with three of a kind, Tens (pot not awarded as player cashed out)
Seat 3: edvards92 folded before Flop (didn't bet)
Seat 4: bearpaw47 folded before Flop (didn't bet)
Seat 5: filius stell folded before Flop (didn't bet)
Seat 7: Sebban73 folded before Flop (didn't bet)
Seat 8: Dorex2007 folded before Flop (didn't bet)
Seat 9: Korvin1999 (button) showed [Kc Ks] and lost with two pair, Kings and Tens



PokerStars Hand #227663241284:  Hold'em No Limit ($0.01/$0.02 USD) - 2021/06/17 23:29:54 PT [2021/06/18 2:29:54 ET]
Table 'Unukalhai II' 9-max Seat #1 is the button
Seat 1: w1nn3rt0p ($2 in chips) 
Seat 2: ImEngineer ($4.24 in chips) 
Seat 3: edvards92 ($2.78 in chips) 
Seat 4: bearpaw47 ($2.02 in chips) 
Seat 5: filius stell ($1.82 in chips) 
Seat 7: Sebban73 ($2.68 in chips) 
Seat 8: Dorex2007 ($1.91 in chips) 
ImEngineer: posts small blind $0.01
edvards92: posts big blind $0.02
j+sch1977: sits out 
*** HOLE CARDS ***
Dealt to Dorex2007 [2d 9c]
bearpaw47: folds 
filius stell: raises $0.04 to $0.06
Sebban73: folds 
Dorex2007: folds 
w1nn3rt0p: calls $0.06
ImEngineer: folds 
edvards92: folds 
*** FLOP *** [7d 2h 8h]
filius stell: checks 
w1nn3rt0p: bets $0.04
filius stell: folds 
Uncalled bet ($0.04) returned to w1nn3rt0p
w1nn3rt0p collected $0.14 from pot
*** SUMMARY ***
Total pot $0.15 | Rake $0.01 
Board [7d 2h 8h]
Seat 1: w1nn3rt0p (button) collected ($0.14)
Seat 2: ImEngineer (small blind) folded before Flop
Seat 3: edvards92 (big blind) folded before Flop
Seat 4: bearpaw47 folded before Flop (didn't bet)
Seat 5: filius stell folded on the Flop
Seat 7: Sebban73 folded before Flop (didn't bet)
Seat 8: Dorex2007 folded before Flop (didn't bet)



PokerStars Hand #227663246805:  Hold'em No Limit ($0.01/$0.02 USD) - 2021/06/17 23:30:34 PT [2021/06/18 2:30:34 ET]
Table 'Unukalhai II' 9-max Seat #2 is the button
Seat 1: w1nn3rt0p ($2.08 in chips) 
Seat 2: ImEngineer ($4.23 in chips) 
Seat 3: edvards92 ($2.76 in chips) 
Seat 4: bearpaw47 ($2.02 in chips) 
Seat 5: filius stell ($1.76 in chips) 
Seat 7: Sebban73 ($2.68 in chips) 
Seat 8: Dorex2007 ($1.91 in chips) 
Seat 9: Korvin1999 ($2 in chips) 
edvards92: posts small blind $0.01
bearpaw47: posts big blind $0.02
j+sch1977: sits out 
*** HOLE CARDS ***
Dealt to Dorex2007 [4c 3s]
filius stell: folds 
Sebban73: calls $0.02
Dorex2007: folds 
Korvin1999: folds 
w1nn3rt0p: folds 
ImEngineer: folds 
edvards92: folds 
bearpaw47: checks 
*** FLOP *** [6d Qc Kd]
bearpaw47: checks 
Sebban73: checks 
*** TURN *** [6d Qc Kd] [7d]
bearpaw47: checks 
Sebban73: bets $0.04
bearpaw47: folds 
Uncalled bet ($0.04) returned to Sebban73
Sebban73 collected $0.05 from pot
Sebban73: doesn't show hand 
*** SUMMARY ***
Total pot $0.05 | Rake $0 
Board [6d Qc Kd 7d]
Seat 1: w1nn3rt0p folded before Flop (didn't bet)
Seat 2: ImEngineer (button) folded before Flop (didn't bet)
Seat 3: edvards92 (small blind) folded before Flop
Seat 4: bearpaw47 (big blind) folded on the Turn
Seat 5: filius stell folded before Flop (didn't bet)
Seat 7: Sebban73 collected ($0.05)
Seat 8: Dorex2007 folded before Flop (didn't bet)
Seat 9: Korvin1999 folded before Flop (didn't bet)



PokerStars Hand #227663251320:  Hold'em No Limit ($0.01/$0.02 USD) - 2021/06/17 23:31:07 PT [2021/06/18 2:31:07 ET]
Table 'Unukalhai II' 9-max Seat #3 is the button
Seat 1: w1nn3rt0p ($2.08 in chips) 
Seat 2: ImEngineer ($4.23 in chips) 
Seat 3: edvards92 ($2.75 in chips) 
Seat 4: bearpaw47 ($2 in chips) 
Seat 5: filius stell ($1.76 in chips) 
Seat 7: Sebban73 ($2.71 in chips) 
Seat 8: Dorex2007 ($1.91 in chips) 
Seat 9: Korvin1999 ($2 in chips) 
bearpaw47: posts small blind $0.01
filius stell: posts big blind $0.02
j+sch1977: sits out 
*** HOLE CARDS ***
Dealt to Dorex2007 [Qd 4d]
Sebban73: folds 
Dorex2007: folds 
Korvin1999: raises $0.04 to $0.06
w1nn3rt0p: folds 
ImEngineer: folds 
edvards92: folds 
bearpaw47: folds 
filius stell: folds 
Uncalled bet ($0.04) returned to Korvin1999
Korvin1999 collected $0.05 from pot
Korvin1999: doesn't show hand 
*** SUMMARY ***
Total pot $0.05 | Rake $0 
Seat 1: w1nn3rt0p folded before Flop (didn't bet)
Seat 2: ImEngineer folded before Flop (didn't bet)
Seat 3: edvards92 (button) folded before Flop (didn't bet)
Seat 4: bearpaw47 (small blind) folded before Flop
Seat 5: filius stell (big blind) folded before Flop
Seat 7: Sebban73 folded before Flop (didn't bet)
Seat 8: Dorex2007 folded before Flop (didn't bet)
Seat 9: Korvin1999 collected ($0.05)



PokerStars Hand #227663253538:  Hold'em No Limit ($0.01/$0.02 USD) - 2021/06/17 23:31:23 PT [2021/06/18 2:31:23 ET]
Table 'Unukalhai II' 9-max Seat #4 is the button
Seat 1: w1nn3rt0p ($2.08 in chips) 
Seat 2: ImEngineer ($4.23 in chips) 
Seat 3: edvards92 ($2.75 in chips) 
Seat 4: bearpaw47 ($1.99 in chips) 
Seat 5: filius stell ($1.74 in chips) 
Seat 6: j+sch1977 ($1.60 in chips) 
Seat 7: Sebban73 ($2.71 in chips) 
Seat 8: Dorex2007 ($1.91 in chips) 
Seat 9: Korvin1999 ($2.03 in chips) 
filius stell: posts small blind $0.01
j+sch1977: posts big blind $0.02
*** HOLE CARDS ***
Dealt to Dorex2007 [6s Tc]
Sebban73: folds 
Dorex2007: folds 
Korvin1999: raises $2.01 to $2.03 and is all-in
w1nn3rt0p: folds 
ImEngineer: folds 
edvards92: folds 
bearpaw47: folds 
filius stell: folds 
j+sch1977: folds 
Uncalled bet ($2.01) returned to Korvin1999
Korvin1999 collected $0.05 from pot
Korvin1999: doesn't show hand 
*** SUMMARY ***
Total pot $0.05 | Rake $0 
Seat 1: w1nn3rt0p folded before Flop (didn't bet)
Seat 2: ImEngineer folded before Flop (didn't bet)
Seat 3: edvards92 folded before Flop (didn't bet)
Seat 4: bearpaw47 (button) folded before Flop (didn't bet)
Seat 5: filius stell (small blind) folded before Flop
Seat 6: j+sch1977 (big blind) folded before Flop
Seat 7: Sebban73 folded before Flop (didn't bet)
Seat 8: Dorex2007 folded before Flop (didn't bet)
Seat 9: Korvin1999 collected ($0.05)



PokerStars Hand #227663256193:  Hold'em No Limit ($0.01/$0.02 USD) - 2021/06/17 23:31:42 PT [2021/06/18 2:31:42 ET]
Table 'Unukalhai II' 9-max Seat #5 is the button
Seat 1: w1nn3rt0p ($2.08 in chips) 
Seat 2: ImEngineer ($4.23 in chips) 
Seat 3: edvards92 ($2.75 in chips) 
Seat 4: bearpaw47 ($1.99 in chips) 
Seat 5: filius stell ($1.73 in chips) 
Seat 6: j+sch1977 ($1.58 in chips) 
Seat 7: Sebban73 ($2.71 in chips) 
Seat 8: Dorex2007 ($1.91 in chips) 
Seat 9: Korvin1999 ($2.06 in chips) 
j+sch1977: posts small blind $0.01
Sebban73: posts big blind $0.02
*** HOLE CARDS ***
Dealt to Dorex2007 [Qs Ac]
Dorex2007: raises $0.02 to $0.04
Korvin1999: folds 
w1nn3rt0p: folds 
ImEngineer: folds 
edvards92: folds 
bearpaw47: folds 
filius stell: folds 
j+sch1977: folds 
Sebban73: folds 
Uncalled bet ($0.02) returned to Dorex2007
Dorex2007 collected $0.05 from pot
Dorex2007: doesn't show hand 
*** SUMMARY ***
Total pot $0.05 | Rake $0 
Seat 1: w1nn3rt0p folded before Flop (didn't bet)
Seat 2: ImEngineer folded before Flop (didn't bet)
Seat 3: edvards92 folded before Flop (didn't bet)
Seat 4: bearpaw47 folded before Flop (didn't bet)
Seat 5: filius stell (button) folded before Flop (didn't bet)
Seat 6: j+sch1977 (small blind) folded before Flop
Seat 7: Sebban73 (big blind) folded before Flop
Seat 8: Dorex2007 collected ($0.05)
Seat 9: Korvin1999 folded before Flop (didn't bet)



PokerStars Hand #227663258119:  Hold'em No Limit ($0.01/$0.02 USD) - 2021/06/17 23:31:56 PT [2021/06/18 2:31:56 ET]
Table 'Unukalhai II' 9-max Seat #6 is the button
Seat 1: w1nn3rt0p ($2.08 in chips) 
Seat 2: ImEngineer ($4.23 in chips) 
Seat 3: edvards92 ($2.75 in chips) 
Seat 4: bearpaw47 ($1.99 in chips) 
Seat 5: filius stell ($1.73 in chips) 
Seat 6: j+sch1977 ($1.57 in chips) 
Seat 7: Sebban73 ($2.69 in chips) 
Seat 8: Dorex2007 ($1.94 in chips) 
Seat 9: Korvin1999 ($2.06 in chips) 
Sebban73: posts small blind $0.01
Dorex2007: posts big blind $0.02
*** HOLE CARDS ***
Dealt to Dorex2007 [Jd 5s]
Korvin1999: folds 
w1nn3rt0p has timed out
w1nn3rt0p: folds 
ImEngineer: folds 
edvards92: folds 
w1nn3rt0p is disconnected 
bearpaw47: raises $0.04 to $0.06
filius stell: folds 
j+sch1977: folds 
Sebban73: calls $0.05
Dorex2007: folds 
*** FLOP *** [7h 5d 8h]
Sebban73: checks 
bearpaw47: checks 
*** TURN *** [7h 5d 8h] [2d]
Sebban73: checks 
bearpaw47: checks 
*** RIVER *** [7h 5d 8h 2d] [Jc]
Sebban73: checks 
bearpaw47: bets $0.14
Sebban73: folds 
Uncalled bet ($0.14) returned to bearpaw47
bearpaw47 collected $0.14 from pot
bearpaw47: doesn't show hand 
*** SUMMARY ***
Total pot $0.14 | Rake $0 
Board [7h 5d 8h 2d Jc]
Seat 1: w1nn3rt0p folded before Flop (didn't bet)
Seat 2: ImEngineer folded before Flop (didn't bet)
Seat 3: edvards92 folded before Flop (didn't bet)
Seat 4: bearpaw47 collected ($0.14)
Seat 5: filius stell folded before Flop (didn't bet)
Seat 6: j+sch1977 (button) folded before Flop (didn't bet)
Seat 7: Sebban73 (small blind) folded on the River
Seat 8: Dorex2007 (big blind) folded before Flop
Seat 9: Korvin1999 folded before Flop (didn't bet)



PokerStars Hand #227663270320:  Hold'em No Limit ($0.01/$0.02 USD) - 2021/06/17 23:33:25 PT [2021/06/18 2:33:25 ET]
Table 'Unukalhai II' 9-max Seat #7 is the button
Seat 1: w1nn3rt0p ($2.08 in chips) 
Seat 2: ImEngineer ($4.23 in chips) 
Seat 3: edvards92 ($2.75 in chips) 
Seat 4: bearpaw47 ($2.07 in chips) 
Seat 5: filius stell ($1.73 in chips) 
Seat 6: j+sch1977 ($1.57 in chips) 
Seat 7: Sebban73 ($2.63 in chips) 
Seat 8: Dorex2007 ($1.92 in chips) 
Seat 9: Korvin1999 ($2.06 in chips) 
Dorex2007: posts small blind $0.01
Korvin1999: posts big blind $0.02
*** HOLE CARDS ***
Dealt to Dorex2007 [7d 9s]
w1nn3rt0p: folds 
ImEngineer: raises $0.06 to $0.08
edvards92: calls $0.08
bearpaw47: folds 
filius stell: folds 
j+sch1977: folds 
Sebban73: folds 
Dorex2007: folds 
Korvin1999: raises $1.98 to $2.06 and is all-in
ImEngineer: folds 
edvards92: folds 
Uncalled bet ($1.98) returned to Korvin1999
Korvin1999 collected $0.25 from pot
Korvin1999: doesn't show hand 
*** SUMMARY ***
Total pot $0.25 | Rake $0 
Seat 1: w1nn3rt0p folded before Flop (didn't bet)
Seat 2: ImEngineer folded before Flop
Seat 3: edvards92 folded before Flop
Seat 4: bearpaw47 folded before Flop (didn't bet)
Seat 5: filius stell folded before Flop (didn't bet)
Seat 6: j+sch1977 folded before Flop (didn't bet)
Seat 7: Sebban73 (button) folded before Flop (didn't bet)
Seat 8: Dorex2007 (small blind) folded before Flop
Seat 9: Korvin1999 (big blind) collected ($0.25)



PokerStars Hand #227663278900:  Hold'em No Limit ($0.01/$0.02 USD) - 2021/06/17 23:34:26 PT [2021/06/18 2:34:26 ET]
Table 'Unukalhai II' 9-max Seat #8 is the button
Seat 1: w1nn3rt0p ($2.08 in chips) 
Seat 2: ImEngineer ($4.15 in chips) 
Seat 3: edvards92 ($2.67 in chips) 
Seat 4: bearpaw47 ($2.07 in chips) 
Seat 5: filius stell ($1.73 in chips) 
Seat 6: j+sch1977 ($1.57 in chips) 
Seat 7: Sebban73 ($2.63 in chips) 
Seat 8: Dorex2007 ($1.91 in chips) 
Seat 9: Korvin1999 ($2.23 in chips) 
Korvin1999: posts small blind $0.01
w1nn3rt0p: posts big blind $0.02
*** HOLE CARDS ***
Dealt to Dorex2007 [2d 4h]
ImEngineer: calls $0.02
edvards92: folds 
bearpaw47: folds 
filius stell: folds 
j+sch1977: folds 
Sebban73: folds 
Dorex2007: folds 
Korvin1999: raises $0.02 to $0.04
w1nn3rt0p: folds 
ImEngineer: calls $0.02
*** FLOP *** [3d Js 8h]
Korvin1999: checks 
ImEngineer: checks 
*** TURN *** [3d Js 8h] [Ks]
Korvin1999: bets $0.10
ImEngineer: folds 
Uncalled bet ($0.10) returned to Korvin1999
Korvin1999 collected $0.10 from pot
Korvin1999: doesn't show hand 
*** SUMMARY ***
Total pot $0.10 | Rake $0 
Board [3d Js 8h Ks]
Seat 1: w1nn3rt0p (big blind) folded before Flop
Seat 2: ImEngineer folded on the Turn
Seat 3: edvards92 folded before Flop (didn't bet)
Seat 4: bearpaw47 folded before Flop (didn't bet)
Seat 5: filius stell folded before Flop (didn't bet)
Seat 6: j+sch1977 folded before Flop (didn't bet)
Seat 7: Sebban73 folded before Flop (didn't bet)
Seat 8: Dorex2007 (button) folded before Flop (didn't bet)
Seat 9: Korvin1999 (small blind) collected ($0.10)



PokerStars Hand #227663285318:  Hold'em No Limit ($0.01/$0.02 USD) - 2021/06/17 23:35:12 PT [2021/06/18 2:35:12 ET]
Table 'Unukalhai II' 9-max Seat #9 is the button
Seat 1: w1nn3rt0p ($2.06 in chips) 
Seat 2: ImEngineer ($4.11 in chips) 
Seat 3: edvards92 ($2.67 in chips) 
Seat 4: bearpaw47 ($2.07 in chips) 
Seat 5: filius stell ($1.73 in chips) 
Seat 6: j+sch1977 ($1.57 in chips) 
Seat 7: Sebban73 ($2.63 in chips) 
Seat 8: Dorex2007 ($1.91 in chips) 
Seat 9: Korvin1999 ($2.29 in chips) 
w1nn3rt0p: posts small blind $0.01
ImEngineer: posts big blind $0.02
*** HOLE CARDS ***
Dealt to Dorex2007 [Kd 8h]
edvards92: folds 
bearpaw47: folds 
filius stell: folds 
j+sch1977: folds 
Sebban73: folds 
Dorex2007: folds 
Korvin1999: raises $0.04 to $0.06
w1nn3rt0p: calls $0.05
ImEngineer: calls $0.04
*** FLOP *** [2c Qd 6c]
w1nn3rt0p: checks 
ImEngineer: checks 
Korvin1999: checks 
*** TURN *** [2c Qd 6c] [Qs]
w1nn3rt0p: bets $0.12
ImEngineer: calls $0.12
Korvin1999: calls $0.12
*** RIVER *** [2c Qd 6c Qs] [Js]
w1nn3rt0p: checks 
ImEngineer: checks 
Korvin1999: checks 
*** SHOW DOWN ***
w1nn3rt0p: shows [4h 4s] (two pair, Queens and Fours)
ImEngineer: mucks hand 
Korvin1999: shows [Td Th] (two pair, Queens and Tens)
Korvin1999 collected $0.52 from pot
*** SUMMARY ***
Total pot $0.54 | Rake $0.02 
Board [2c Qd 6c Qs Js]
Seat 1: w1nn3rt0p (small blind) showed [4h 4s] and lost with two pair, Queens and Fours
Seat 2: ImEngineer (big blind) mucked [9c Kc]
Seat 3: edvards92 folded before Flop (didn't bet)
Seat 4: bearpaw47 folded before Flop (didn't bet)
Seat 5: filius stell folded before Flop (didn't bet)
Seat 6: j+sch1977 folded before Flop (didn't bet)
Seat 7: Sebban73 folded before Flop (didn't bet)
Seat 8: Dorex2007 folded before Flop (didn't bet)
Seat 9: Korvin1999 (button) showed [Td Th] and won ($0.52) with two pair, Queens and Tens



PokerStars Hand #227663295911:  Hold'em No Limit ($0.01/$0.02 USD) - 2021/06/17 23:36:29 PT [2021/06/18 2:36:29 ET]
Table 'Unukalhai II' 9-max Seat #1 is the button
Seat 1: w1nn3rt0p ($2 in chips) 
Seat 2: ImEngineer ($3.93 in chips) 
Seat 3: edvards92 ($2.67 in chips) 
Seat 4: bearpaw47 ($2.07 in chips) 
Seat 5: filius stell ($1.73 in chips) 
Seat 6: j+sch1977 ($1.57 in chips) 
Seat 7: Sebban73 ($2.63 in chips) 
Seat 8: Dorex2007 ($1.91 in chips) 
Seat 9: Korvin1999 ($2.63 in chips) 
ImEngineer: posts small blind $0.01
edvards92: posts big blind $0.02
*** HOLE CARDS ***
Dealt to Dorex2007 [5d 9h]
bearpaw47: folds 
filius stell: raises $0.04 to $0.06
j+sch1977: folds 
Sebban73: folds 
Dorex2007: folds 
Korvin1999: calls $0.06
w1nn3rt0p: folds 
ImEngineer: folds 
edvards92: folds 
*** FLOP *** [Jd Tc Th]
filius stell: bets $0.10
Korvin1999: folds 
Uncalled bet ($0.10) returned to filius stell
filius stell collected $0.14 from pot
filius stell: doesn't show hand 
*** SUMMARY ***
Total pot $0.15 | Rake $0.01 
Board [Jd Tc Th]
Seat 1: w1nn3rt0p (button) folded before Flop (didn't bet)
Seat 2: ImEngineer (small blind) folded before Flop
Seat 3: edvards92 (big blind) folded before Flop
Seat 4: bearpaw47 folded before Flop (didn't bet)
Seat 5: filius stell collected ($0.14)
Seat 6: j+sch1977 folded before Flop (didn't bet)
Seat 7: Sebban73 folded before Flop (didn't bet)
Seat 8: Dorex2007 folded before Flop (didn't bet)
Seat 9: Korvin1999 folded on the Flop



PokerStars Hand #227663300237:  Hold'em No Limit ($0.01/$0.02 USD) - 2021/06/17 23:37:00 PT [2021/06/18 2:37:00 ET]
Table 'Unukalhai II' 9-max Seat #2 is the button
Seat 1: w1nn3rt0p ($2 in chips) 
Seat 2: ImEngineer ($3.92 in chips) 
Seat 3: edvards92 ($2.65 in chips) 
Seat 4: bearpaw47 ($2.07 in chips) 
Seat 5: filius stell ($1.81 in chips) 
Seat 6: j+sch1977 ($1.57 in chips) 
Seat 7: Sebban73 ($2.63 in chips) 
Seat 8: Dorex2007 ($1.91 in chips) 
Seat 9: Korvin1999 ($2.57 in chips) 
edvards92: posts small blind $0.01
bearpaw47: posts big blind $0.02
*** HOLE CARDS ***
Dealt to Dorex2007 [9d 5c]
filius stell: raises $0.04 to $0.06
j+sch1977: calls $0.06
Sebban73: folds 
Dorex2007: folds 
Korvin1999: folds 
w1nn3rt0p: folds 
ImEngineer: calls $0.06
edvards92: folds 
bearpaw47: folds 
*** FLOP *** [9c 7h 8s]
filius stell: bets $0.14
j+sch1977: calls $0.14
ImEngineer: raises $0.36 to $0.50
filius stell: folds 
j+sch1977: raises $1.01 to $1.51 and is all-in
ImEngineer: calls $1.01
*** TURN *** [9c 7h 8s] [Qc]
*** RIVER *** [9c 7h 8s Qc] [2d]
*** SHOW DOWN ***
j+sch1977: shows [Th Ts] (a pair of Tens)
ImEngineer: shows [8d 9s] (two pair, Nines and Eights)
ImEngineer cashed out the hand for $1.64 | Cash Out Fee $0.02
j+sch1977 cashed out the hand for $1.57 | Cash Out Fee $0.02
*** SUMMARY ***
Total pot $3.37 | Rake $0.12 
Board [9c 7h 8s Qc 2d]
Seat 1: w1nn3rt0p folded before Flop (didn't bet)
Seat 2: ImEngineer (button) showed [8d 9s] and won ($3.25) with two pair, Nines and Eights (pot not awarded as player cashed out)
Seat 3: edvards92 (small blind) folded before Flop
Seat 4: bearpaw47 (big blind) folded before Flop
Seat 5: filius stell folded on the Flop
Seat 6: j+sch1977 showed [Th Ts] and lost with a pair of Tens (cashed out).
Seat 7: Sebban73 folded before Flop (didn't bet)
Seat 8: Dorex2007 folded before Flop (didn't bet)
Seat 9: Korvin1999 folded before Flop (didn't bet)



PokerStars Hand #227663308873:  Hold'em No Limit ($0.01/$0.02 USD) - 2021/06/17 23:38:02 PT [2021/06/18 2:38:02 ET]
Table 'Unukalhai II' 9-max Seat #3 is the button
Seat 1: w1nn3rt0p ($2 in chips) 
Seat 2: ImEngineer ($3.99 in chips) 
Seat 3: edvards92 ($2.64 in chips) 
Seat 4: bearpaw47 ($2.05 in chips) 
Seat 5: filius stell ($1.61 in chips) 
Seat 6: j+sch1977 ($1.57 in chips) 
Seat 7: Sebban73 ($2.63 in chips) 
Seat 8: Dorex2007 ($1.91 in chips) 
Seat 9: Korvin1999 ($2.57 in chips) 
bearpaw47: posts small blind $0.01
filius stell: posts big blind $0.02
*** HOLE CARDS ***
Dealt to Dorex2007 [Kd Jd]
j+sch1977: folds 
Sebban73: folds 
Dorex2007: raises $0.04 to $0.06
Korvin1999: folds 
w1nn3rt0p: folds 
ImEngineer: folds 
edvards92: folds 
bearpaw47: folds 
filius stell: calls $0.04
*** FLOP *** [9d 8h 3d]
filius stell: checks 
Dorex2007: bets $0.13
filius stell: folds 
Uncalled bet ($0.13) returned to Dorex2007
Dorex2007 collected $0.13 from pot
Dorex2007: doesn't show hand 
*** SUMMARY ***
Total pot $0.13 | Rake $0 
Board [9d 8h 3d]
Seat 1: w1nn3rt0p folded before Flop (didn't bet)
Seat 2: ImEngineer folded before Flop (didn't bet)
Seat 3: edvards92 (button) folded before Flop (didn't bet)
Seat 4: bearpaw47 (small blind) folded before Flop
Seat 5: filius stell (big blind) folded on the Flop
Seat 6: j+sch1977 folded before Flop (didn't bet)
Seat 7: Sebban73 folded before Flop (didn't bet)
Seat 8: Dorex2007 collected ($0.13)
Seat 9: Korvin1999 folded before Flop (didn't bet)



PokerStars Hand #227663314108:  Hold'em No Limit ($0.01/$0.02 USD) - 2021/06/17 23:38:39 PT [2021/06/18 2:38:39 ET]
Table 'Unukalhai II' 9-max Seat #4 is the button
Seat 1: w1nn3rt0p ($2 in chips) 
Seat 2: ImEngineer ($3.99 in chips) 
Seat 3: edvards92 ($2.64 in chips) 
Seat 4: bearpaw47 ($2.04 in chips) 
Seat 5: filius stell ($1.55 in chips) 
Seat 6: j+sch1977 ($1.57 in chips) 
Seat 7: Sebban73 ($2.63 in chips) 
Seat 8: Dorex2007 ($1.98 in chips) 
Seat 9: Korvin1999 ($2.57 in chips) 
filius stell: posts small blind $0.01
j+sch1977: posts big blind $0.02
*** HOLE CARDS ***
Dealt to Dorex2007 [5c 3s]
Sebban73: folds 
Dorex2007: folds 
Korvin1999: raises $0.04 to $0.06
w1nn3rt0p: folds 
ImEngineer: folds 
edvards92: folds 
bearpaw47: folds 
filius stell: folds 
j+sch1977: folds 
Uncalled bet ($0.04) returned to Korvin1999
Korvin1999 collected $0.05 from pot
Korvin1999: doesn't show hand 
*** SUMMARY ***
Total pot $0.05 | Rake $0 
Seat 1: w1nn3rt0p folded before Flop (didn't bet)
Seat 2: ImEngineer folded before Flop (didn't bet)
Seat 3: edvards92 folded before Flop (didn't bet)
Seat 4: bearpaw47 (button) folded before Flop (didn't bet)
Seat 5: filius stell (small blind) folded before Flop
Seat 6: j+sch1977 (big blind) folded before Flop
Seat 7: Sebban73 folded before Flop (didn't bet)
Seat 8: Dorex2007 folded before Flop (didn't bet)
Seat 9: Korvin1999 collected ($0.05)



PokerStars Hand #227663316826:  Hold'em No Limit ($0.01/$0.02 USD) - 2021/06/17 23:38:59 PT [2021/06/18 2:38:59 ET]
Table 'Unukalhai II' 9-max Seat #5 is the button
Seat 1: w1nn3rt0p ($2 in chips) 
Seat 2: ImEngineer ($3.99 in chips) 
Seat 3: edvards92 ($2.64 in chips) 
Seat 4: bearpaw47 ($2.04 in chips) 
Seat 5: filius stell ($1.54 in chips) 
Seat 6: j+sch1977 ($1.55 in chips) 
Seat 7: Sebban73 ($2.63 in chips) 
Seat 8: Dorex2007 ($1.98 in chips) 
Seat 9: Korvin1999 ($2.60 in chips) 
j+sch1977: posts small blind $0.01
Sebban73: posts big blind $0.02
*** HOLE CARDS ***
Dealt to Dorex2007 [3c Td]
Dorex2007: folds 
Korvin1999: folds 
w1nn3rt0p: folds 
ImEngineer: folds 
edvards92: folds 
bearpaw47: folds 
filius stell: folds 
j+sch1977: folds 
Uncalled bet ($0.01) returned to Sebban73
Sebban73 collected $0.02 from pot
*** SUMMARY ***
Total pot $0.02 | Rake $0 
Seat 1: w1nn3rt0p folded before Flop (didn't bet)
Seat 2: ImEngineer folded before Flop (didn't bet)
Seat 3: edvards92 folded before Flop (didn't bet)
Seat 4: bearpaw47 folded before Flop (didn't bet)
Seat 5: filius stell (button) folded before Flop (didn't bet)
Seat 6: j+sch1977 (small blind) folded before Flop
Seat 7: Sebban73 (big blind) collected ($0.02)
Seat 8: Dorex2007 folded before Flop (didn't bet)
Seat 9: Korvin1999 folded before Flop (didn't bet)



PokerStars Hand #227663318583:  Hold'em No Limit ($0.01/$0.02 USD) - 2021/06/17 23:39:11 PT [2021/06/18 2:39:11 ET]
Table 'Unukalhai II' 9-max Seat #6 is the button
Seat 1: w1nn3rt0p ($2 in chips) 
Seat 2: ImEngineer ($3.99 in chips) 
Seat 3: edvards92 ($2.64 in chips) 
Seat 4: bearpaw47 ($2.04 in chips) 
Seat 5: filius stell ($1.54 in chips) 
Seat 6: j+sch1977 ($1.54 in chips) 
Seat 7: Sebban73 ($2.64 in chips) 
Seat 8: Dorex2007 ($1.98 in chips) 
Seat 9: Korvin1999 ($2.60 in chips) 
Sebban73: posts small blind $0.01
Dorex2007: posts big blind $0.02
*** HOLE CARDS ***
Dealt to Dorex2007 [Qs 7c]
Korvin1999: folds 
w1nn3rt0p: folds 
ImEngineer: raises $0.06 to $0.08
edvards92: folds 
bearpaw47: calls $0.08
filius stell: folds 
j+sch1977: folds 
Sebban73: folds 
Dorex2007: folds 
*** FLOP *** [5s 6c Td]
ImEngineer: bets $0.12
bearpaw47: folds 
Uncalled bet ($0.12) returned to ImEngineer
ImEngineer collected $0.18 from pot
ImEngineer: doesn't show hand 
*** SUMMARY ***
Total pot $0.19 | Rake $0.01 
Board [5s 6c Td]
Seat 1: w1nn3rt0p folded before Flop (didn't bet)
Seat 2: ImEngineer collected ($0.18)
Seat 3: edvards92 folded before Flop (didn't bet)
Seat 4: bearpaw47 folded on the Flop
Seat 5: filius stell folded before Flop (didn't bet)
Seat 6: j+sch1977 (button) folded before Flop (didn't bet)
Seat 7: Sebban73 (small blind) folded before Flop
Seat 8: Dorex2007 (big blind) folded before Flop
Seat 9: Korvin1999 folded before Flop (didn't bet)



PokerStars Hand #227663322600:  Hold'em No Limit ($0.01/$0.02 USD) - 2021/06/17 23:39:40 PT [2021/06/18 2:39:40 ET]
Table 'Unukalhai II' 9-max Seat #7 is the button
Seat 1: w1nn3rt0p ($2 in chips) 
Seat 2: ImEngineer ($4.09 in chips) 
Seat 3: edvards92 ($2.64 in chips) 
Seat 4: bearpaw47 ($1.96 in chips) 
Seat 5: filius stell ($1.54 in chips) 
Seat 6: j+sch1977 ($1.54 in chips) 
Seat 7: Sebban73 ($2.63 in chips) 
Seat 8: Dorex2007 ($1.96 in chips) 
Seat 9: Korvin1999 ($2.60 in chips) 
Dorex2007: posts small blind $0.01
Korvin1999: posts big blind $0.02
*** HOLE CARDS ***
Dealt to Dorex2007 [Kh 3c]
w1nn3rt0p: folds 
ImEngineer: folds 
edvards92: folds 
bearpaw47: folds 
filius stell: folds 
j+sch1977: raises $0.04 to $0.06
Sebban73: folds 
Dorex2007: folds 
Korvin1999: folds 
Uncalled bet ($0.04) returned to j+sch1977
j+sch1977 collected $0.05 from pot
*** SUMMARY ***
Total pot $0.05 | Rake $0 
Seat 1: w1nn3rt0p folded before Flop (didn't bet)
Seat 2: ImEngineer folded before Flop (didn't bet)
Seat 3: edvards92 folded before Flop (didn't bet)
Seat 4: bearpaw47 folded before Flop (didn't bet)
Seat 5: filius stell folded before Flop (didn't bet)
Seat 6: j+sch1977 collected ($0.05)
Seat 7: Sebban73 (button) folded before Flop (didn't bet)
Seat 8: Dorex2007 (small blind) folded before Flop
Seat 9: Korvin1999 (big blind) folded before Flop



PokerStars Hand #227663324837:  Hold'em No Limit ($0.01/$0.02 USD) - 2021/06/17 23:39:57 PT [2021/06/18 2:39:57 ET]
Table 'Unukalhai II' 9-max Seat #8 is the button
Seat 1: w1nn3rt0p ($2 in chips) 
Seat 2: ImEngineer ($4.09 in chips) 
Seat 3: edvards92 ($2.64 in chips) 
Seat 4: bearpaw47 ($2 in chips) 
Seat 5: filius stell ($1.54 in chips) 
Seat 6: j+sch1977 ($1.57 in chips) 
Seat 7: Sebban73 ($2.63 in chips) 
Seat 8: Dorex2007 ($1.95 in chips) 
Seat 9: Korvin1999 ($2.58 in chips) 
Korvin1999: posts small blind $0.01
w1nn3rt0p: posts big blind $0.02
*** HOLE CARDS ***
Dealt to Dorex2007 [Jc 4h]
ImEngineer: calls $0.02
edvards92: folds 
bearpaw47: folds 
filius stell: folds 
j+sch1977: folds 
Sebban73: folds 
Dorex2007: folds 
Korvin1999: folds 
w1nn3rt0p: checks 
*** FLOP *** [Th Ks 2h]
w1nn3rt0p: checks 
ImEngineer: bets $0.04
w1nn3rt0p: calls $0.04
*** TURN *** [Th Ks 2h] [2d]
w1nn3rt0p: checks 
ImEngineer: bets $0.10
w1nn3rt0p: folds 
Uncalled bet ($0.10) returned to ImEngineer
ImEngineer collected $0.13 from pot
ImEngineer: doesn't show hand 
*** SUMMARY ***
Total pot $0.13 | Rake $0 
Board [Th Ks 2h 2d]
Seat 1: w1nn3rt0p (big blind) folded on the Turn
Seat 2: ImEngineer collected ($0.13)
Seat 3: edvards92 folded before Flop (didn't bet)
Seat 4: bearpaw47 folded before Flop (didn't bet)
Seat 5: filius stell folded before Flop (didn't bet)
Seat 6: j+sch1977 folded before Flop (didn't bet)
Seat 7: Sebban73 folded before Flop (didn't bet)
Seat 8: Dorex2007 (button) folded before Flop (didn't bet)
Seat 9: Korvin1999 (small blind) folded before Flop



PokerStars Hand #227663333019:  Hold'em No Limit ($0.01/$0.02 USD) - 2021/06/17 23:40:56 PT [2021/06/18 2:40:56 ET]
Table 'Unukalhai II' 9-max Seat #9 is the button
Seat 1: w1nn3rt0p ($2 in chips) 
Seat 2: ImEngineer ($4.16 in chips) 
Seat 3: edvards92 ($2.64 in chips) 
Seat 4: bearpaw47 ($2 in chips) 
Seat 5: filius stell ($1.54 in chips) 
Seat 6: j+sch1977 ($1.57 in chips) 
Seat 7: Sebban73 ($2.63 in chips) 
Seat 8: Dorex2007 ($1.95 in chips) 
Seat 9: Korvin1999 ($2.57 in chips) 
w1nn3rt0p: posts small blind $0.01
ImEngineer: posts big blind $0.02
*** HOLE CARDS ***
Dealt to Dorex2007 [7s 2c]
edvards92: folds 
bearpaw47: folds 
filius stell: folds 
j+sch1977: folds 
Sebban73: folds 
Dorex2007: folds 
Korvin1999: raises $0.04 to $0.06
w1nn3rt0p: folds 
ImEngineer: calls $0.04
*** FLOP *** [Qc Td 9h]
ImEngineer: checks 
Korvin1999: bets $0.02
ImEngineer: raises $0.08 to $0.10
Korvin1999: calls $0.08
*** TURN *** [Qc Td 9h] [Jd]
ImEngineer: bets $0.20
Korvin1999: raises $0.36 to $0.56
ImEngineer: raises $3.44 to $4 and is all-in
Korvin1999: calls $1.85 and is all-in
Uncalled bet ($1.59) returned to ImEngineer
*** RIVER *** [Qc Td 9h Jd] [2s]
*** SHOW DOWN ***
ImEngineer: shows [Kc Ts] (a straight, Nine to King)
Korvin1999: shows [9d Kd] (a straight, Nine to King)
ImEngineer collected $2.49 from pot
Korvin1999 cashed out the hand for $2.96 | Cash Out Fee $0.03
*** SUMMARY ***
Total pot $5.15 | Rake $0.18 
Board [Qc Td 9h Jd 2s]
Seat 1: w1nn3rt0p (small blind) folded before Flop
Seat 2: ImEngineer (big blind) showed [Kc Ts] and won ($2.49) with a straight, Nine to King
Seat 3: edvards92 folded before Flop (didn't bet)
Seat 4: bearpaw47 folded before Flop (didn't bet)
Seat 5: filius stell folded before Flop (didn't bet)
Seat 6: j+sch1977 folded before Flop (didn't bet)
Seat 7: Sebban73 folded before Flop (didn't bet)
Seat 8: Dorex2007 folded before Flop (didn't bet)
Seat 9: Korvin1999 (button) showed [9d Kd] and won ($2.48) with a straight, Nine to King (pot not awarded as player cashed out)



PokerStars Hand #227663340787:  Hold'em No Limit ($0.01/$0.02 USD) - 2021/06/17 23:41:52 PT [2021/06/18 2:41:52 ET]
Table 'Unukalhai II' 9-max Seat #1 is the button
Seat 1: w1nn3rt0p ($2 in chips) 
Seat 2: ImEngineer ($4.08 in chips) 
Seat 3: edvards92 ($2.64 in chips) 
Seat 4: bearpaw47 ($2 in chips) 
Seat 5: filius stell ($1.54 in chips) 
Seat 6: j+sch1977 ($1.57 in chips) 
Seat 7: Sebban73 ($2.63 in chips) 
Seat 8: Dorex2007 ($1.95 in chips) 
Seat 9: Korvin1999 ($2.96 in chips) 
ImEngineer: posts small blind $0.01
edvards92: posts big blind $0.02
*** HOLE CARDS ***
Dealt to Dorex2007 [As Kh]
bearpaw47: folds 
filius stell: folds 
j+sch1977: raises $0.04 to $0.06
Sebban73: folds 
bearpaw47 leaves the table
Dorex2007: raises $0.08 to $0.14
Korvin1999: folds 
w1nn3rt0p: folds 
ImEngineer: folds 
edvards92: folds 
deileon joins the table at seat #4 
j+sch1977: calls $0.08
*** FLOP *** [Ks 5s 6s]
j+sch1977: checks 
Dorex2007: checks 
*** TURN *** [Ks 5s 6s] [Qh]
j+sch1977: checks 
Dorex2007: bets $0.08
j+sch1977: calls $0.08
*** RIVER *** [Ks 5s 6s Qh] [Jc]
j+sch1977: checks 
Dorex2007: bets $0.23
j+sch1977: folds 
Uncalled bet ($0.23) returned to Dorex2007
Dorex2007 collected $0.45 from pot
Dorex2007: doesn't show hand 
*** SUMMARY ***
Total pot $0.47 | Rake $0.02 
Board [Ks 5s 6s Qh Jc]
Seat 1: w1nn3rt0p (button) folded before Flop (didn't bet)
Seat 2: ImEngineer (small blind) folded before Flop
Seat 3: edvards92 (big blind) folded before Flop
Seat 4: bearpaw47 folded before Flop (didn't bet)
Seat 5: filius stell folded before Flop (didn't bet)
Seat 6: j+sch1977 folded on the River
Seat 7: Sebban73 folded before Flop (didn't bet)
Seat 8: Dorex2007 collected ($0.45)
Seat 9: Korvin1999 folded before Flop (didn't bet)



PokerStars Hand #227663351346:  Hold'em No Limit ($0.01/$0.02 USD) - 2021/06/17 23:43:06 PT [2021/06/18 2:43:06 ET]
Table 'Unukalhai II' 9-max Seat #2 is the button
Seat 1: w1nn3rt0p ($2 in chips) 
Seat 2: ImEngineer ($4.07 in chips) 
Seat 3: edvards92 ($2.62 in chips) 
Seat 4: deileon ($1.60 in chips) 
Seat 5: filius stell ($1.54 in chips) 
Seat 6: j+sch1977 ($1.35 in chips) 
Seat 7: Sebban73 ($2.63 in chips) 
Seat 8: Dorex2007 ($2.18 in chips) 
Seat 9: Korvin1999 ($2.96 in chips) 
edvards92: posts small blind $0.01
deileon: posts big blind $0.02
*** HOLE CARDS ***
Dealt to Dorex2007 [7c 5d]
filius stell: folds 
j+sch1977: folds 
Sebban73: calls $0.02
Dorex2007: folds 
Korvin1999: folds 
w1nn3rt0p: folds 
ImEngineer: folds 
edvards92: folds 
deileon: checks 
*** FLOP *** [Td 3s As]
deileon: checks 
Sebban73: bets $0.04
deileon: folds 
Uncalled bet ($0.04) returned to Sebban73
Sebban73 collected $0.05 from pot
Sebban73: doesn't show hand 
*** SUMMARY ***
Total pot $0.05 | Rake $0 
Board [Td 3s As]
Seat 1: w1nn3rt0p folded before Flop (didn't bet)
Seat 2: ImEngineer (button) folded before Flop (didn't bet)
Seat 3: edvards92 (small blind) folded before Flop
Seat 4: deileon (big blind) folded on the Flop
Seat 5: filius stell folded before Flop (didn't bet)
Seat 6: j+sch1977 folded before Flop (didn't bet)
Seat 7: Sebban73 collected ($0.05)
Seat 8: Dorex2007 folded before Flop (didn't bet)
Seat 9: Korvin1999 folded before Flop (didn't bet)



PokerStars Hand #227663356966:  Hold'em No Limit ($0.01/$0.02 USD) - 2021/06/17 23:43:47 PT [2021/06/18 2:43:47 ET]
Table 'Unukalhai II' 9-max Seat #3 is the button
Seat 1: w1nn3rt0p ($2 in chips) 
Seat 2: ImEngineer ($4.07 in chips) 
Seat 3: edvards92 ($2.61 in chips) 
Seat 4: deileon ($1.58 in chips) 
Seat 5: filius stell ($1.54 in chips) 
Seat 6: j+sch1977 ($2 in chips) 
Seat 7: Sebban73 ($2.66 in chips) 
Seat 8: Dorex2007 ($2.18 in chips) 
Seat 9: Korvin1999 ($2.96 in chips) 
deileon: posts small blind $0.01
filius stell: posts big blind $0.02
*** HOLE CARDS ***
Dealt to Dorex2007 [4d Jh]
j+sch1977: raises $0.04 to $0.06
Sebban73: folds 
Dorex2007: folds 
Korvin1999: raises $0.04 to $0.10
w1nn3rt0p: folds 
ImEngineer: folds 
edvards92: folds 
deileon: folds 
filius stell: folds 
j+sch1977: raises $0.52 to $0.62
Korvin1999: folds 
Uncalled bet ($0.52) returned to j+sch1977
j+sch1977 collected $0.23 from pot
*** SUMMARY ***
Total pot $0.23 | Rake $0 
Seat 1: w1nn3rt0p folded before Flop (didn't bet)
Seat 2: ImEngineer folded before Flop (didn't bet)
Seat 3: edvards92 (button) folded before Flop (didn't bet)
Seat 4: deileon (small blind) folded before Flop
Seat 5: filius stell (big blind) folded before Flop
Seat 6: j+sch1977 collected ($0.23)
Seat 7: Sebban73 folded before Flop (didn't bet)
Seat 8: Dorex2007 folded before Flop (didn't bet)
Seat 9: Korvin1999 folded before Flop



PokerStars Hand #227663359803:  Hold'em No Limit ($0.01/$0.02 USD) - 2021/06/17 23:44:07 PT [2021/06/18 2:44:07 ET]
Table 'Unukalhai II' 9-max Seat #4 is the button
Seat 1: w1nn3rt0p ($2 in chips) 
Seat 2: ImEngineer ($4.07 in chips) 
Seat 3: edvards92 ($2.61 in chips) 
Seat 4: deileon ($1.57 in chips) 
Seat 5: filius stell ($1.52 in chips) 
Seat 6: j+sch1977 ($2.13 in chips) 
Seat 7: Sebban73 ($2.66 in chips) 
Seat 8: Dorex2007 ($2.18 in chips) 
Seat 9: Korvin1999 ($2.86 in chips) 
filius stell: posts small blind $0.01
j+sch1977: posts big blind $0.02
*** HOLE CARDS ***
Dealt to Dorex2007 [4d 6d]
Sebban73: folds 
Dorex2007: folds 
Korvin1999: folds 
w1nn3rt0p: folds 
ImEngineer: folds 
edvards92: folds 
deileon: folds 
filius stell: raises $0.04 to $0.06
j+sch1977: calls $0.04
*** FLOP *** [3d Qd 5c]
filius stell: checks 
j+sch1977: checks 
*** TURN *** [3d Qd 5c] [6h]
filius stell: bets $0.12
j+sch1977: calls $0.12
*** RIVER *** [3d Qd 5c 6h] [Tc]
filius stell: bets $0.12
j+sch1977: folds 
Uncalled bet ($0.12) returned to filius stell
filius stell collected $0.35 from pot
filius stell: doesn't show hand 
*** SUMMARY ***
Total pot $0.36 | Rake $0.01 
Board [3d Qd 5c 6h Tc]
Seat 1: w1nn3rt0p folded before Flop (didn't bet)
Seat 2: ImEngineer folded before Flop (didn't bet)
Seat 3: edvards92 folded before Flop (didn't bet)
Seat 4: deileon (button) folded before Flop (didn't bet)
Seat 5: filius stell (small blind) collected ($0.35)
Seat 6: j+sch1977 (big blind) folded on the River
Seat 7: Sebban73 folded before Flop (didn't bet)
Seat 8: Dorex2007 folded before Flop (didn't bet)
Seat 9: Korvin1999 folded before Flop (didn't bet)



PokerStars Hand #227663367065:  Hold'em No Limit ($0.01/$0.02 USD) - 2021/06/17 23:44:59 PT [2021/06/18 2:44:59 ET]
Table 'Unukalhai II' 9-max Seat #5 is the button
Seat 1: w1nn3rt0p ($2 in chips) 
Seat 2: ImEngineer ($4.07 in chips) 
Seat 3: edvards92 ($2.61 in chips) 
Seat 4: deileon ($1.57 in chips) 
Seat 5: filius stell ($1.69 in chips) 
Seat 6: j+sch1977 ($1.95 in chips) 
Seat 7: Sebban73 ($2.66 in chips) 
Seat 8: Dorex2007 ($2.18 in chips) 
Seat 9: Korvin1999 ($2.86 in chips) 
j+sch1977: posts small blind $0.01
Sebban73: posts big blind $0.02
*** HOLE CARDS ***
Dealt to Dorex2007 [2h 6c]
Dorex2007: folds 
Korvin1999: raises $0.02 to $0.04
w1nn3rt0p: folds 
ImEngineer: calls $0.04
edvards92: folds 
deileon: folds 
filius stell: folds 
j+sch1977: calls $0.03
Sebban73: calls $0.02
*** FLOP *** [4h Kc Jc]
j+sch1977: checks 
Sebban73: checks 
Korvin1999: bets $2.82 and is all-in
ImEngineer: folds 
j+sch1977: folds 
Sebban73: folds 
Uncalled bet ($2.82) returned to Korvin1999
Korvin1999 collected $0.15 from pot
Korvin1999: doesn't show hand 
*** SUMMARY ***
Total pot $0.16 | Rake $0.01 
Board [4h Kc Jc]
Seat 1: w1nn3rt0p folded before Flop (didn't bet)
Seat 2: ImEngineer folded on the Flop
Seat 3: edvards92 folded before Flop (didn't bet)
Seat 4: deileon folded before Flop (didn't bet)
Seat 5: filius stell (button) folded before Flop (didn't bet)
Seat 6: j+sch1977 (small blind) folded on the Flop
Seat 7: Sebban73 (big blind) folded on the Flop
Seat 8: Dorex2007 folded before Flop (didn't bet)
Seat 9: Korvin1999 collected ($0.15)



PokerStars Hand #227663373844:  Hold'em No Limit ($0.01/$0.02 USD) - 2021/06/17 23:45:47 PT [2021/06/18 2:45:47 ET]
Table 'Unukalhai II' 9-max Seat #6 is the button
Seat 1: w1nn3rt0p ($2 in chips) 
Seat 2: ImEngineer ($4.03 in chips) 
Seat 3: edvards92 ($2.61 in chips) 
Seat 4: deileon ($1.57 in chips) 
Seat 5: filius stell ($1.69 in chips) 
Seat 6: j+sch1977 ($1.91 in chips) 
Seat 7: Sebban73 ($2.62 in chips) 
Seat 8: Dorex2007 ($2.18 in chips) 
Seat 9: Korvin1999 ($2.97 in chips) 
Sebban73: posts small blind $0.01
Dorex2007: posts big blind $0.02
*** HOLE CARDS ***
Dealt to Dorex2007 [6c Ad]
Korvin1999: raises $0.02 to $0.04
w1nn3rt0p: folds 
ImEngineer: folds 
edvards92: folds 
deileon: folds 
filius stell: folds 
j+sch1977: folds 
Sebban73: folds 
Dorex2007: folds 
Uncalled bet ($0.02) returned to Korvin1999
Korvin1999 collected $0.05 from pot
Korvin1999: doesn't show hand 
*** SUMMARY ***
Total pot $0.05 | Rake $0 
Seat 1: w1nn3rt0p folded before Flop (didn't bet)
Seat 2: ImEngineer folded before Flop (didn't bet)
Seat 3: edvards92 folded before Flop (didn't bet)
Seat 4: deileon folded before Flop (didn't bet)
Seat 5: filius stell folded before Flop (didn't bet)
Seat 6: j+sch1977 (button) folded before Flop (didn't bet)
Seat 7: Sebban73 (small blind) folded before Flop
Seat 8: Dorex2007 (big blind) folded before Flop
Seat 9: Korvin1999 collected ($0.05)



PokerStars Hand #227663377648:  Hold'em No Limit ($0.01/$0.02 USD) - 2021/06/17 23:46:14 PT [2021/06/18 2:46:14 ET]
Table 'Unukalhai II' 9-max Seat #7 is the button
Seat 1: w1nn3rt0p ($2 in chips) 
Seat 2: ImEngineer ($4.03 in chips) 
Seat 3: edvards92 ($2.61 in chips) 
Seat 4: deileon ($1.57 in chips) 
Seat 5: filius stell ($1.69 in chips) 
Seat 6: j+sch1977 ($1.91 in chips) 
Seat 7: Sebban73 ($2.61 in chips) 
Seat 8: Dorex2007 ($2.16 in chips) 
Seat 9: Korvin1999 ($3 in chips) 
Dorex2007: posts small blind $0.01
Korvin1999: posts big blind $0.02
*** HOLE CARDS ***
Dealt to Dorex2007 [8s 7d]
w1nn3rt0p: folds 
ImEngineer: folds 
edvards92: raises $0.03 to $0.05
deileon: folds 
filius stell: folds 
j+sch1977: folds 
Sebban73: folds 
Dorex2007: folds 
Korvin1999: folds 
Uncalled bet ($0.03) returned to edvards92
edvards92 collected $0.05 from pot
edvards92: doesn't show hand 
*** SUMMARY ***
Total pot $0.05 | Rake $0 
Seat 1: w1nn3rt0p folded before Flop (didn't bet)
Seat 2: ImEngineer folded before Flop (didn't bet)
Seat 3: edvards92 collected ($0.05)
Seat 4: deileon folded before Flop (didn't bet)
Seat 5: filius stell folded before Flop (didn't bet)
Seat 6: j+sch1977 folded before Flop (didn't bet)
Seat 7: Sebban73 (button) folded before Flop (didn't bet)
Seat 8: Dorex2007 (small blind) folded before Flop
Seat 9: Korvin1999 (big blind) folded before Flop



PokerStars Hand #227663381687:  Hold'em No Limit ($0.01/$0.02 USD) - 2021/06/17 23:46:43 PT [2021/06/18 2:46:43 ET]
Table 'Unukalhai II' 9-max Seat #8 is the button
Seat 1: w1nn3rt0p ($2 in chips) 
Seat 2: ImEngineer ($4.03 in chips) 
Seat 3: edvards92 ($2.64 in chips) 
Seat 4: deileon ($1.57 in chips) 
Seat 5: filius stell ($1.69 in chips) 
Seat 6: j+sch1977 ($1.91 in chips) 
Seat 7: Sebban73 ($2.61 in chips) 
Seat 8: Dorex2007 ($2.15 in chips) 
Seat 9: Korvin1999 ($2.98 in chips) 
Korvin1999: posts small blind $0.01
w1nn3rt0p: posts big blind $0.02
*** HOLE CARDS ***
Dealt to Dorex2007 [4h 2c]
ImEngineer: folds 
edvards92: folds 
ImEngineer leaves the table
deileon: calls $0.02
filius stell: folds 
j+sch1977: calls $0.02
Sebban73: folds 
Dorex2007: folds 
Korvin1999: folds 
w1nn3rt0p: raises $0.09 to $0.11
deileon: calls $0.09
j+sch1977: folds 
*** FLOP *** [9h 8d 4d]
w1nn3rt0p: bets $0.16
deileon: folds 
Uncalled bet ($0.16) returned to w1nn3rt0p
w1nn3rt0p collected $0.24 from pot
w1nn3rt0p: doesn't show hand 
Dr._Su_Poker joins the table at seat #2 
*** SUMMARY ***
Total pot $0.25 | Rake $0.01 
Board [9h 8d 4d]
Seat 1: w1nn3rt0p (big blind) collected ($0.24)
Seat 2: ImEngineer folded before Flop (didn't bet)
Seat 3: edvards92 folded before Flop (didn't bet)
Seat 4: deileon folded on the Flop
Seat 5: filius stell folded before Flop (didn't bet)
Seat 6: j+sch1977 folded before Flop
Seat 7: Sebban73 folded before Flop (didn't bet)
Seat 8: Dorex2007 (button) folded before Flop (didn't bet)
Seat 9: Korvin1999 (small blind) folded before Flop



PokerStars Hand #227663388187:  Hold'em No Limit ($0.01/$0.02 USD) - 2021/06/17 23:47:29 PT [2021/06/18 2:47:29 ET]
Table 'Unukalhai II' 9-max Seat #9 is the button
Seat 1: w1nn3rt0p ($2.13 in chips) 
Seat 2: Dr._Su_Poker ($2 in chips) 
Seat 3: edvards92 ($2.64 in chips) 
Seat 4: deileon ($1.46 in chips) 
Seat 5: filius stell ($1.69 in chips) 
Seat 6: j+sch1977 ($1.89 in chips) 
Seat 7: Sebban73 ($2.61 in chips) 
Seat 8: Dorex2007 ($2.15 in chips) 
Seat 9: Korvin1999 ($2.97 in chips) 
w1nn3rt0p: posts small blind $0.01
Dr._Su_Poker is connected 
Dr._Su_Poker: posts big blind $0.02
*** HOLE CARDS ***
Dealt to Dorex2007 [Kd Ac]
edvards92: raises $0.03 to $0.05
deileon: folds 
filius stell: folds 
j+sch1977: folds 
Sebban73: folds 
Dorex2007: raises $0.11 to $0.16
Korvin1999: folds 
w1nn3rt0p: folds 
Dr._Su_Poker: folds 
edvards92: folds 
Uncalled bet ($0.11) returned to Dorex2007
Dorex2007 collected $0.13 from pot
Dorex2007: doesn't show hand 
*** SUMMARY ***
Total pot $0.13 | Rake $0 
Seat 1: w1nn3rt0p (small blind) folded before Flop
Seat 2: Dr._Su_Poker (big blind) folded before Flop
Seat 3: edvards92 folded before Flop
Seat 4: deileon folded before Flop (didn't bet)
Seat 5: filius stell folded before Flop (didn't bet)
Seat 6: j+sch1977 folded before Flop (didn't bet)
Seat 7: Sebban73 folded before Flop (didn't bet)
Seat 8: Dorex2007 collected ($0.13)
Seat 9: Korvin1999 (button) folded before Flop (didn't bet)



PokerStars Hand #227663401488:  Hold'em No Limit ($0.01/$0.02 USD) - 2021/06/17 23:47:55 PT [2021/06/18 2:47:55 ET]
Table 'Unukalhai II' 9-max Seat #1 is the button
Seat 1: w1nn3rt0p ($2.12 in chips) 
Seat 2: Dr._Su_Poker ($1.98 in chips) 
Seat 3: edvards92 ($2.59 in chips) 
Seat 4: deileon ($1.46 in chips) 
Seat 5: filius stell ($1.69 in chips) 
Seat 6: j+sch1977 ($1.89 in chips) 
Seat 7: Sebban73 ($2.61 in chips) 
Seat 8: Dorex2007 ($2.23 in chips) 
Seat 9: Korvin1999 ($2.97 in chips) 
Dr._Su_Poker: posts small blind $0.01
edvards92: posts big blind $0.02
*** HOLE CARDS ***
Dealt to Dorex2007 [7h 2c]
deileon: folds 
filius stell: raises $0.04 to $0.06
j+sch1977: calls $0.06
Sebban73: folds 
Dorex2007: folds 
Korvin1999: raises $0.04 to $0.10
w1nn3rt0p: folds 
Dr._Su_Poker: folds 
edvards92: folds 
filius stell: raises $1.59 to $1.69 and is all-in
j+sch1977: folds 
Korvin1999: folds 
Uncalled bet ($1.59) returned to filius stell
filius stell collected $0.29 from pot
filius stell: doesn't show hand 
*** SUMMARY ***
Total pot $0.29 | Rake $0 
Seat 1: w1nn3rt0p (button) folded before Flop (didn't bet)
Seat 2: Dr._Su_Poker (small blind) folded before Flop
Seat 3: edvards92 (big blind) folded before Flop
Seat 4: deileon folded before Flop (didn't bet)
Seat 5: filius stell collected ($0.29)
Seat 6: j+sch1977 folded before Flop
Seat 7: Sebban73 folded before Flop (didn't bet)
Seat 8: Dorex2007 folded before Flop (didn't bet)
Seat 9: Korvin1999 folded before Flop



PokerStars Hand #227663405902:  Hold'em No Limit ($0.01/$0.02 USD) - 2021/06/17 23:48:26 PT [2021/06/18 2:48:26 ET]
Table 'Unukalhai II' 9-max Seat #2 is the button
Seat 1: w1nn3rt0p ($2.12 in chips) 
Seat 2: Dr._Su_Poker ($1.97 in chips) 
Seat 3: edvards92 ($2.57 in chips) 
Seat 4: deileon ($1.46 in chips) 
Seat 5: filius stell ($1.88 in chips) 
Seat 6: j+sch1977 ($1.83 in chips) 
Seat 7: Sebban73 ($2.61 in chips) 
Seat 8: Dorex2007 ($2.23 in chips) 
Seat 9: Korvin1999 ($2.87 in chips) 
edvards92: posts small blind $0.01
deileon: posts big blind $0.02
*** HOLE CARDS ***
Dealt to Dorex2007 [8s As]
filius stell: folds 
j+sch1977: folds 
Sebban73: folds 
Dorex2007: raises $0.04 to $0.06
Korvin1999: folds 
w1nn3rt0p: folds 
Dr._Su_Poker: folds 
edvards92: raises $0.15 to $0.21
deileon: folds 
Dorex2007: folds 
Uncalled bet ($0.15) returned to edvards92
edvards92 collected $0.14 from pot
edvards92: doesn't show hand 
*** SUMMARY ***
Total pot $0.14 | Rake $0 
Seat 1: w1nn3rt0p folded before Flop (didn't bet)
Seat 2: Dr._Su_Poker (button) folded before Flop (didn't bet)
Seat 3: edvards92 (small blind) collected ($0.14)
Seat 4: deileon (big blind) folded before Flop
Seat 5: filius stell folded before Flop (didn't bet)
Seat 6: j+sch1977 folded before Flop (didn't bet)
Seat 7: Sebban73 folded before Flop (didn't bet)
Seat 8: Dorex2007 folded before Flop
Seat 9: Korvin1999 folded before Flop (didn't bet)



PokerStars Hand #227663410728:  Hold'em No Limit ($0.01/$0.02 USD) - 2021/06/17 23:48:59 PT [2021/06/18 2:48:59 ET]
Table 'Unukalhai II' 9-max Seat #3 is the button
Seat 1: w1nn3rt0p ($2.12 in chips) 
Seat 2: Dr._Su_Poker ($1.97 in chips) 
Seat 3: edvards92 ($2.65 in chips) 
Seat 4: deileon ($1.44 in chips) 
Seat 5: filius stell ($1.88 in chips) 
Seat 6: j+sch1977 ($1.83 in chips) 
Seat 7: Sebban73 ($2.61 in chips) 
Seat 8: Dorex2007 ($2.17 in chips) 
Seat 9: Korvin1999 ($2.87 in chips) 
deileon: posts small blind $0.01
filius stell: posts big blind $0.02
*** HOLE CARDS ***
Dealt to Dorex2007 [Ts Kc]
j+sch1977: folds 
Sebban73: raises $0.04 to $0.06
Dorex2007: folds 
Korvin1999: raises $0.04 to $0.10
w1nn3rt0p: folds 
Dr._Su_Poker: folds 
edvards92: folds 
deileon: folds 
filius stell: calls $0.08
Sebban73: raises $2.51 to $2.61 and is all-in
Korvin1999: folds 
filius stell: calls $1.78 and is all-in
Uncalled bet ($0.73) returned to Sebban73
*** FLOP *** [4s Tc 9h]
j+sch1977 said, "Korvin ty typoi yeban"
*** TURN *** [4s Tc 9h] [Ks]
*** RIVER *** [4s Tc 9h Ks] [Jh]
*** SHOW DOWN ***
filius stell: shows [Qh Ah] (a straight, Ten to Ace)
Sebban73: shows [8s 8h] (a pair of Eights)
filius stell collected $3.73 from pot
*** SUMMARY ***
Total pot $3.87 | Rake $0.14 
Board [4s Tc 9h Ks Jh]
Seat 1: w1nn3rt0p folded before Flop (didn't bet)
Seat 2: Dr._Su_Poker folded before Flop (didn't bet)
Seat 3: edvards92 (button) folded before Flop (didn't bet)
Seat 4: deileon (small blind) folded before Flop
Seat 5: filius stell (big blind) showed [Qh Ah] and won ($3.73) with a straight, Ten to Ace
Seat 6: j+sch1977 folded before Flop (didn't bet)
Seat 7: Sebban73 showed [8s 8h] and lost with a pair of Eights
Seat 8: Dorex2007 folded before Flop (didn't bet)
Seat 9: Korvin1999 folded before Flop



PokerStars Hand #227663416966:  Hold'em No Limit ($0.01/$0.02 USD) - 2021/06/17 23:49:43 PT [2021/06/18 2:49:43 ET]
Table 'Unukalhai II' 9-max Seat #4 is the button
Seat 1: w1nn3rt0p ($2.12 in chips) 
Seat 2: Dr._Su_Poker ($1.97 in chips) 
Seat 3: edvards92 ($2.65 in chips) 
Seat 4: deileon ($1.43 in chips) 
Seat 5: filius stell ($3.73 in chips) 
Seat 6: j+sch1977 ($1.83 in chips) 
Seat 7: Sebban73 ($2 in chips) 
Seat 8: Dorex2007 ($2.17 in chips) 
Seat 9: Korvin1999 ($2.77 in chips) 
filius stell: posts small blind $0.01
j+sch1977: posts big blind $0.02
*** HOLE CARDS ***
Dealt to Dorex2007 [6d 2s]
Sebban73: folds 
Dorex2007: folds 
Korvin1999: raises $0.04 to $0.06
w1nn3rt0p: folds 
Dr._Su_Poker: folds 
edvards92: raises $0.12 to $0.18
deileon: folds 
filius stell: folds 
j+sch1977 said, "prosto kon4enyi"
j+sch1977: folds 
Korvin1999: calls $0.12
*** FLOP *** [Td 2d 6h]
filius stell leaves the table
Korvin1999: checks 
edvards92: checks 
*** TURN *** [Td 2d 6h] [8h]
Korvin1999: checks 
edvards92: checks 
*** RIVER *** [Td 2d 6h 8h] [7d]
Korvin1999: bets $0.38
edvards92: folds 
Uncalled bet ($0.38) returned to Korvin1999
Korvin1999 collected $0.38 from pot
Korvin1999: doesn't show hand 
*** SUMMARY ***
Total pot $0.39 | Rake $0.01 
Board [Td 2d 6h 8h 7d]
Seat 1: w1nn3rt0p folded before Flop (didn't bet)
Seat 2: Dr._Su_Poker folded before Flop (didn't bet)
Seat 3: edvards92 folded on the River
Seat 4: deileon (button) folded before Flop (didn't bet)
Seat 5: filius stell (small blind) folded before Flop
Seat 6: j+sch1977 (big blind) folded before Flop
Seat 7: Sebban73 folded before Flop (didn't bet)
Seat 8: Dorex2007 folded before Flop (didn't bet)
Seat 9: Korvin1999 collected ($0.38)



PokerStars Hand #227663424200:  Hold'em No Limit ($0.01/$0.02 USD) - 2021/06/17 23:50:35 PT [2021/06/18 2:50:35 ET]
Table 'Unukalhai II' 9-max Seat #6 is the button
Seat 1: w1nn3rt0p ($2.12 in chips) 
Seat 2: Dr._Su_Poker ($1.97 in chips) 
Seat 3: edvards92 ($2.47 in chips) 
Seat 4: deileon ($1.43 in chips) 
Seat 6: j+sch1977 ($1.81 in chips) 
Seat 7: Sebban73 ($2 in chips) 
Seat 8: Dorex2007 ($2.17 in chips) 
Seat 9: Korvin1999 ($2.97 in chips) 
Sebban73: posts small blind $0.01
Dorex2007: posts big blind $0.02
*** HOLE CARDS ***
Dealt to Dorex2007 [6c 5d]
Korvin1999: raises $0.04 to $0.06
w1nn3rt0p: folds 
Dr._Su_Poker: folds 
edvards92: calls $0.06
deileon: folds 
j+sch1977: calls $0.06
Sebban73: folds 
Dorex2007: folds 
*** FLOP *** [3h 5s Js]
Korvin1999: checks 
edvards92: checks 
j+sch1977: checks 
*** TURN *** [3h 5s Js] [6s]
Korvin1999: bets $0.10
edvards92: folds 
j+sch1977: calls $0.10
*** RIVER *** [3h 5s Js 6s] [5h]
Korvin1999: checks 
j+sch1977: checks 
*** SHOW DOWN ***
Korvin1999: shows [Ks Tc] (a pair of Fives)
j+sch1977: shows [Jh 8c] (two pair, Jacks and Fives)
j+sch1977 collected $0.40 from pot
*** SUMMARY ***
Total pot $0.41 | Rake $0.01 
Board [3h 5s Js 6s 5h]
Seat 1: w1nn3rt0p folded before Flop (didn't bet)
Seat 2: Dr._Su_Poker folded before Flop (didn't bet)
Seat 3: edvards92 folded on the Turn
Seat 4: deileon folded before Flop (didn't bet)
Seat 6: j+sch1977 (button) showed [Jh 8c] and won ($0.40) with two pair, Jacks and Fives
Seat 7: Sebban73 (small blind) folded before Flop
Seat 8: Dorex2007 (big blind) folded before Flop
Seat 9: Korvin1999 showed [Ks Tc] and lost with a pair of Fives



PokerStars Hand #227663431823:  Hold'em No Limit ($0.01/$0.02 USD) - 2021/06/17 23:51:28 PT [2021/06/18 2:51:28 ET]
Table 'Unukalhai II' 9-max Seat #7 is the button
Seat 1: w1nn3rt0p ($2.12 in chips) 
Seat 2: Dr._Su_Poker ($1.97 in chips) 
Seat 3: edvards92 ($2.41 in chips) 
Seat 4: deileon ($1.43 in chips) 
Seat 6: j+sch1977 ($2.05 in chips) 
Seat 7: Sebban73 ($2 in chips) 
Seat 8: Dorex2007 ($2.15 in chips) 
Seat 9: Korvin1999 ($2.81 in chips) 
Dorex2007: posts small blind $0.01
Korvin1999: posts big blind $0.02
*** HOLE CARDS ***
Dealt to Dorex2007 [Js 7c]
w1nn3rt0p: folds 
Dr._Su_Poker: folds 
edvards92: folds 
deileon: folds 
j+sch1977: folds 
Sebban73: folds 
Dorex2007: folds 
Uncalled bet ($0.01) returned to Korvin1999
Korvin1999 collected $0.02 from pot
Korvin1999: doesn't show hand 
*** SUMMARY ***
Total pot $0.02 | Rake $0 
Seat 1: w1nn3rt0p folded before Flop (didn't bet)
Seat 2: Dr._Su_Poker folded before Flop (didn't bet)
Seat 3: edvards92 folded before Flop (didn't bet)
Seat 4: deileon folded before Flop (didn't bet)
Seat 6: j+sch1977 folded before Flop (didn't bet)
Seat 7: Sebban73 (button) folded before Flop (didn't bet)
Seat 8: Dorex2007 (small blind) folded before Flop
Seat 9: Korvin1999 (big blind) collected ($0.02)



PokerStars Hand #227663433643:  Hold'em No Limit ($0.01/$0.02 USD) - 2021/06/17 23:51:41 PT [2021/06/18 2:51:41 ET]
Table 'Unukalhai II' 9-max Seat #8 is the button
Seat 1: w1nn3rt0p ($2.12 in chips) 
Seat 2: Dr._Su_Poker ($1.97 in chips) 
Seat 3: edvards92 ($2.41 in chips) 
Seat 4: deileon ($1.43 in chips) 
Seat 6: j+sch1977 ($2.05 in chips) 
Seat 7: Sebban73 ($2 in chips) 
Seat 8: Dorex2007 ($2.14 in chips) 
Seat 9: Korvin1999 ($2.82 in chips) 
Korvin1999: posts small blind $0.01
w1nn3rt0p: posts big blind $0.02
*** HOLE CARDS ***
Dealt to Dorex2007 [7d Kc]
Dr._Su_Poker: folds 
edvards92: folds 
deileon: folds 
j+sch1977: folds 
Sebban73: raises $0.04 to $0.06
Dorex2007: folds 
Korvin1999: folds 
w1nn3rt0p: folds 
Uncalled bet ($0.04) returned to Sebban73
Sebban73 collected $0.05 from pot
Sebban73: doesn't show hand 
*** SUMMARY ***
Total pot $0.05 | Rake $0 
Seat 1: w1nn3rt0p (big blind) folded before Flop
Seat 2: Dr._Su_Poker folded before Flop (didn't bet)
Seat 3: edvards92 folded before Flop (didn't bet)
Seat 4: deileon folded before Flop (didn't bet)
Seat 6: j+sch1977 folded before Flop (didn't bet)
Seat 7: Sebban73 collected ($0.05)
Seat 8: Dorex2007 (button) folded before Flop (didn't bet)
Seat 9: Korvin1999 (small blind) folded before Flop



PokerStars Hand #227663437360:  Hold'em No Limit ($0.01/$0.02 USD) - 2021/06/17 23:52:08 PT [2021/06/18 2:52:08 ET]
Table 'Unukalhai II' 9-max Seat #9 is the button
Seat 1: w1nn3rt0p ($2.10 in chips) 
Seat 2: Dr._Su_Poker ($1.97 in chips) 
Seat 3: edvards92 ($2.41 in chips) 
Seat 4: deileon ($1.43 in chips) 
Seat 6: j+sch1977 ($2.05 in chips) 
Seat 7: Sebban73 ($2.03 in chips) 
Seat 8: Dorex2007 ($2.14 in chips) 
Seat 9: Korvin1999 ($2.81 in chips) 
w1nn3rt0p: posts small blind $0.01
Dr._Su_Poker: posts big blind $0.02
*** HOLE CARDS ***
Dealt to Dorex2007 [2c 8c]
edvards92: raises $0.03 to $0.05
deileon: folds 
j+sch1977: folds 
Sebban73: folds 
Dorex2007: folds 
Korvin1999: folds 
makar1965 joins the table at seat #5 
w1nn3rt0p: folds 
Dr._Su_Poker: calls $0.03
*** FLOP *** [Ah Kd Jh]
Dr._Su_Poker: checks 
edvards92: checks 
*** TURN *** [Ah Kd Jh] [Qs]
Dr._Su_Poker: checks 
edvards92: checks 
*** RIVER *** [Ah Kd Jh Qs] [2h]
Dr._Su_Poker: checks 
edvards92: checks 
*** SHOW DOWN ***
Dr._Su_Poker: shows [Kc 6c] (a pair of Kings)
edvards92: mucks hand 
Dr._Su_Poker collected $0.11 from pot
*** SUMMARY ***
Total pot $0.11 | Rake $0 
Board [Ah Kd Jh Qs 2h]
Seat 1: w1nn3rt0p (small blind) folded before Flop
Seat 2: Dr._Su_Poker (big blind) showed [Kc 6c] and won ($0.11) with a pair of Kings
Seat 3: edvards92 mucked [6s 6d]
Seat 4: deileon folded before Flop (didn't bet)
Seat 6: j+sch1977 folded before Flop (didn't bet)
Seat 7: Sebban73 folded before Flop (didn't bet)
Seat 8: Dorex2007 folded before Flop (didn't bet)
Seat 9: Korvin1999 (button) folded before Flop (didn't bet)



PokerStars Hand #227663442965:  Hold'em No Limit ($0.01/$0.02 USD) - 2021/06/17 23:52:47 PT [2021/06/18 2:52:47 ET]
Table 'Unukalhai II' 9-max Seat #1 is the button
Seat 1: w1nn3rt0p ($2.09 in chips) 
Seat 2: Dr._Su_Poker ($2.03 in chips) 
Seat 3: edvards92 ($2.36 in chips) 
Seat 4: deileon ($1.43 in chips) 
Seat 5: makar1965 ($1.75 in chips) 
Seat 6: j+sch1977 ($2.05 in chips) 
Seat 7: Sebban73 ($2.03 in chips) 
Seat 8: Dorex2007 ($2.14 in chips) 
Seat 9: Korvin1999 ($2.81 in chips) 
Dr._Su_Poker: posts small blind $0.01
edvards92: posts big blind $0.02
makar1965: posts big blind $0.02
*** HOLE CARDS ***
Dealt to Dorex2007 [7c 6d]
deileon: folds 
makar1965: raises $0.05 to $0.07
j+sch1977: folds 
Sebban73: calls $0.07
Dorex2007: folds 
Korvin1999: folds 
w1nn3rt0p: folds 
Dr._Su_Poker: folds 
edvards92: folds 
*** FLOP *** [2c Jd 2h]
makar1965: bets $0.07
Sebban73: calls $0.07
*** TURN *** [2c Jd 2h] [Kh]
makar1965: bets $0.07
Sebban73: raises $0.07 to $0.14
makar1965: calls $0.07
*** RIVER *** [2c Jd 2h Kh] [8d]
makar1965: checks 
Sebban73: checks 
*** SHOW DOWN ***
makar1965: shows [3c 3d] (two pair, Threes and Deuces)
Sebban73: shows [Qc Qh] (two pair, Queens and Deuces)
Sebban73 collected $0.57 from pot
*** SUMMARY ***
Total pot $0.59 | Rake $0.02 
Board [2c Jd 2h Kh 8d]
Seat 1: w1nn3rt0p (button) folded before Flop (didn't bet)
Seat 2: Dr._Su_Poker (small blind) folded before Flop
Seat 3: edvards92 (big blind) folded before Flop
Seat 4: deileon folded before Flop (didn't bet)
Seat 5: makar1965 showed [3c 3d] and lost with two pair, Threes and Deuces
Seat 6: j+sch1977 folded before Flop (didn't bet)
Seat 7: Sebban73 showed [Qc Qh] and won ($0.57) with two pair, Queens and Deuces
Seat 8: Dorex2007 folded before Flop (didn't bet)
Seat 9: Korvin1999 folded before Flop (didn't bet)



PokerStars Hand #227663448709:  Hold'em No Limit ($0.01/$0.02 USD) - 2021/06/17 23:53:27 PT [2021/06/18 2:53:27 ET]
Table 'Unukalhai II' 9-max Seat #2 is the button
Seat 1: w1nn3rt0p ($2.09 in chips) 
Seat 2: Dr._Su_Poker ($2.02 in chips) 
Seat 3: edvards92 ($2.34 in chips) 
Seat 4: deileon ($1.43 in chips) 
Seat 5: makar1965 ($1.47 in chips) 
Seat 6: j+sch1977 ($2.05 in chips) 
Seat 7: Sebban73 ($2.32 in chips) 
Seat 8: Dorex2007 ($2.14 in chips) 
Seat 9: Korvin1999 ($2.81 in chips) 
edvards92: posts small blind $0.01
deileon: posts big blind $0.02
*** HOLE CARDS ***
Dealt to Dorex2007 [6s 8h]
makar1965: folds 
j+sch1977: folds 
Sebban73: raises $0.04 to $0.06
Dorex2007: folds 
Korvin1999: calls $0.06
w1nn3rt0p: folds 
Dr._Su_Poker: calls $0.06
edvards92: folds 
deileon: folds 
*** FLOP *** [Qc Ac Js]
Sebban73: bets $0.12
Korvin1999: folds 
Dr._Su_Poker: folds 
Uncalled bet ($0.12) returned to Sebban73
Sebban73 collected $0.20 from pot
*** SUMMARY ***
Total pot $0.21 | Rake $0.01 
Board [Qc Ac Js]
Seat 1: w1nn3rt0p folded before Flop (didn't bet)
Seat 2: Dr._Su_Poker (button) folded on the Flop
Seat 3: edvards92 (small blind) folded before Flop
Seat 4: deileon (big blind) folded before Flop
Seat 5: makar1965 folded before Flop (didn't bet)
Seat 6: j+sch1977 folded before Flop (didn't bet)
Seat 7: Sebban73 collected ($0.20)
Seat 8: Dorex2007 folded before Flop (didn't bet)
Seat 9: Korvin1999 folded on the Flop



PokerStars Hand #227663453412:  Hold'em No Limit ($0.01/$0.02 USD) - 2021/06/17 23:54:01 PT [2021/06/18 2:54:01 ET]
Table 'Unukalhai II' 9-max Seat #3 is the button
Seat 1: w1nn3rt0p ($2.09 in chips) 
Seat 2: Dr._Su_Poker ($1.96 in chips) 
Seat 3: edvards92 ($2.33 in chips) 
Seat 4: deileon ($1.41 in chips) 
Seat 5: makar1965 ($1.47 in chips) 
Seat 6: j+sch1977 ($2.05 in chips) 
Seat 7: Sebban73 ($2.46 in chips) 
Seat 8: Dorex2007 ($2.14 in chips) 
Seat 9: Korvin1999 ($2.75 in chips) 
deileon: posts small blind $0.01
makar1965: posts big blind $0.02
*** HOLE CARDS ***
Dealt to Dorex2007 [4d 3h]
j+sch1977: folds 
Sebban73: folds 
Dorex2007: folds 
Korvin1999: raises $0.04 to $0.06
w1nn3rt0p: folds 
Dr._Su_Poker: folds 
edvards92: folds 
deileon: folds 
makar1965: folds 
Uncalled bet ($0.04) returned to Korvin1999
Korvin1999 collected $0.05 from pot
Korvin1999: doesn't show hand 
*** SUMMARY ***
Total pot $0.05 | Rake $0 
Seat 1: w1nn3rt0p folded before Flop (didn't bet)
Seat 2: Dr._Su_Poker folded before Flop (didn't bet)
Seat 3: edvards92 (button) folded before Flop (didn't bet)
Seat 4: deileon (small blind) folded before Flop
Seat 5: makar1965 (big blind) folded before Flop
Seat 6: j+sch1977 folded before Flop (didn't bet)
Seat 7: Sebban73 folded before Flop (didn't bet)
Seat 8: Dorex2007 folded before Flop (didn't bet)
Seat 9: Korvin1999 collected ($0.05)



PokerStars Hand #227663455790:  Hold'em No Limit ($0.01/$0.02 USD) - 2021/06/17 23:54:17 PT [2021/06/18 2:54:17 ET]
Table 'Unukalhai II' 9-max Seat #4 is the button
Seat 1: w1nn3rt0p ($2.09 in chips) 
Seat 2: Dr._Su_Poker ($1.96 in chips) 
Seat 3: edvards92 ($2.33 in chips) 
Seat 4: deileon ($1.40 in chips) 
Seat 5: makar1965 ($1.45 in chips) 
Seat 6: j+sch1977 ($2.05 in chips) 
Seat 7: Sebban73 ($2.46 in chips) 
Seat 8: Dorex2007 ($2.14 in chips) 
Seat 9: Korvin1999 ($2.78 in chips) 
makar1965: posts small blind $0.01
j+sch1977: posts big blind $0.02
*** HOLE CARDS ***
Dealt to Dorex2007 [9c 8d]
Sebban73: folds 
Dorex2007: folds 
Korvin1999: folds 
w1nn3rt0p: folds 
Dr._Su_Poker: folds 
edvards92: raises $0.03 to $0.05
deileon: folds 
makar1965: calls $0.04
j+sch1977: folds 
*** FLOP *** [2h 3d Th]
makar1965: bets $0.09
edvards92: calls $0.09
*** TURN *** [2h 3d Th] [Ts]
makar1965: bets $0.09
edvards92: folds 
Uncalled bet ($0.09) returned to makar1965
makar1965 collected $0.29 from pot
makar1965: doesn't show hand 
*** SUMMARY ***
Total pot $0.30 | Rake $0.01 
Board [2h 3d Th Ts]
Seat 1: w1nn3rt0p folded before Flop (didn't bet)
Seat 2: Dr._Su_Poker folded before Flop (didn't bet)
Seat 3: edvards92 folded on the Turn
Seat 4: deileon (button) folded before Flop (didn't bet)
Seat 5: makar1965 (small blind) collected ($0.29)
Seat 6: j+sch1977 (big blind) folded before Flop
Seat 7: Sebban73 folded before Flop (didn't bet)
Seat 8: Dorex2007 folded before Flop (didn't bet)
Seat 9: Korvin1999 folded before Flop (didn't bet)



PokerStars Hand #227663462259:  Hold'em No Limit ($0.01/$0.02 USD) - 2021/06/17 23:55:04 PT [2021/06/18 2:55:04 ET]
Table 'Unukalhai II' 9-max Seat #5 is the button
Seat 1: w1nn3rt0p ($2.09 in chips) 
Seat 2: Dr._Su_Poker ($1.96 in chips) 
Seat 3: edvards92 ($2.19 in chips) 
Seat 4: deileon ($1.40 in chips) 
Seat 5: makar1965 ($1.60 in chips) 
Seat 6: j+sch1977 ($2.03 in chips) 
Seat 7: Sebban73 ($2.46 in chips) 
Seat 8: Dorex2007 ($2.14 in chips) 
Seat 9: Korvin1999 ($2.78 in chips) 
j+sch1977: posts small blind $0.01
Sebban73: posts big blind $0.02
*** HOLE CARDS ***
Dealt to Dorex2007 [Kc 7c]
Dorex2007: folds 
Korvin1999: folds 
w1nn3rt0p: folds 
Dr._Su_Poker: folds 
edvards92: folds 
deileon: folds 
makar1965: calls $0.02
j+sch1977: raises $0.08 to $0.10
Sebban73: folds 
makar1965: calls $0.08
*** FLOP *** [5c Th Ah]
j+sch1977: checks 
makar1965: bets $0.10
j+sch1977: calls $0.10
*** TURN *** [5c Th Ah] [2c]
j+sch1977: checks 
makar1965: bets $0.17
j+sch1977: calls $0.17
*** RIVER *** [5c Th Ah 2c] [Ts]
j+sch1977: checks 
makar1965: checks 
*** SHOW DOWN ***
j+sch1977: shows [Kh Kd] (two pair, Kings and Tens)
makar1965: mucks hand 
j+sch1977 collected $0.73 from pot
*** SUMMARY ***
Total pot $0.76 | Rake $0.03 
Board [5c Th Ah 2c Ts]
Seat 1: w1nn3rt0p folded before Flop (didn't bet)
Seat 2: Dr._Su_Poker folded before Flop (didn't bet)
Seat 3: edvards92 folded before Flop (didn't bet)
Seat 4: deileon folded before Flop (didn't bet)
Seat 5: makar1965 (button) mucked [4h 6d]
Seat 6: j+sch1977 (small blind) showed [Kh Kd] and won ($0.73) with two pair, Kings and Tens
Seat 7: Sebban73 (big blind) folded before Flop
Seat 8: Dorex2007 folded before Flop (didn't bet)
Seat 9: Korvin1999 folded before Flop (didn't bet)



PokerStars Hand #227663469547:  Hold'em No Limit ($0.01/$0.02 USD) - 2021/06/17 23:56:02 PT [2021/06/18 2:56:02 ET]
Table 'Unukalhai II' 9-max Seat #6 is the button
Seat 1: w1nn3rt0p ($2.09 in chips) 
Seat 2: Dr._Su_Poker ($1.96 in chips) 
Seat 3: edvards92 ($2.19 in chips) 
Seat 4: deileon ($1.40 in chips) 
Seat 5: makar1965 ($1.23 in chips) 
Seat 6: j+sch1977 ($2.39 in chips) 
Seat 7: Sebban73 ($2.44 in chips) 
Seat 8: Dorex2007 ($2.14 in chips) 
Seat 9: Korvin1999 ($2.78 in chips) 
Sebban73: posts small blind $0.01
Dorex2007: posts big blind $0.02
*** HOLE CARDS ***
Dealt to Dorex2007 [2d As]
Korvin1999: raises $0.02 to $0.04
w1nn3rt0p: folds 
Dr._Su_Poker: raises $0.07 to $0.11
edvards92: folds 
deileon: folds 
makar1965: folds 
j+sch1977: folds 
Sebban73: folds 
Dorex2007: folds 
Korvin1999: folds 
Uncalled bet ($0.07) returned to Dr._Su_Poker
Dr._Su_Poker collected $0.11 from pot
*** SUMMARY ***
Total pot $0.11 | Rake $0 
Seat 1: w1nn3rt0p folded before Flop (didn't bet)
Seat 2: Dr._Su_Poker collected ($0.11)
Seat 3: edvards92 folded before Flop (didn't bet)
Seat 4: deileon folded before Flop (didn't bet)
Seat 5: makar1965 folded before Flop (didn't bet)
Seat 6: j+sch1977 (button) folded before Flop (didn't bet)
Seat 7: Sebban73 (small blind) folded before Flop
Seat 8: Dorex2007 (big blind) folded before Flop
Seat 9: Korvin1999 folded before Flop



PokerStars Hand #227663474500:  Hold'em No Limit ($0.01/$0.02 USD) - 2021/06/17 23:56:42 PT [2021/06/18 2:56:42 ET]
Table 'Unukalhai II' 9-max Seat #7 is the button
Seat 1: w1nn3rt0p ($2.09 in chips) 
Seat 2: Dr._Su_Poker ($2.03 in chips) 
Seat 3: edvards92 ($2.19 in chips) 
Seat 4: deileon ($1.40 in chips) 
Seat 5: makar1965 ($1.23 in chips) 
Seat 6: j+sch1977 ($2.39 in chips) 
Seat 7: Sebban73 ($2.43 in chips) 
Seat 8: Dorex2007 ($2.12 in chips) 
Seat 9: Korvin1999 ($2.74 in chips) 
Dorex2007: posts small blind $0.01
Korvin1999: posts big blind $0.02
*** HOLE CARDS ***
Dealt to Dorex2007 [3h 9d]
w1nn3rt0p: folds 
Dr._Su_Poker: folds 
edvards92: raises $0.03 to $0.05
deileon: folds 
makar1965: calls $0.05
j+sch1977: folds 
Sebban73: folds 
Dorex2007: folds 
Korvin1999: raises $0.10 to $0.15
edvards92: folds 
makar1965: raises $1.08 to $1.23 and is all-in
Korvin1999: calls $1.08
*** FLOP *** [8h Kd 8d]
*** TURN *** [8h Kd 8d] [9c]
*** RIVER *** [8h Kd 8d 9c] [Jd]
*** SHOW DOWN ***
Korvin1999: shows [Qh Qc] (two pair, Queens and Eights)
makar1965: shows [9s Ad] (two pair, Nines and Eights)
Korvin1999 cashed out the hand for $1.73 | Cash Out Fee $0.02
*** SUMMARY ***
Total pot $2.52 | Rake $0.09 
Board [8h Kd 8d 9c Jd]
Seat 1: w1nn3rt0p folded before Flop (didn't bet)
Seat 2: Dr._Su_Poker folded before Flop (didn't bet)
Seat 3: edvards92 folded before Flop
Seat 4: deileon folded before Flop (didn't bet)
Seat 5: makar1965 showed [9s Ad] and lost with two pair, Nines and Eights
Seat 6: j+sch1977 folded before Flop (didn't bet)
Seat 7: Sebban73 (button) folded before Flop (didn't bet)
Seat 8: Dorex2007 (small blind) folded before Flop
Seat 9: Korvin1999 (big blind) showed [Qh Qc] and won ($2.43) with two pair, Queens and Eights (pot not awarded as player cashed out)



PokerStars Hand #227663479479:  Hold'em No Limit ($0.01/$0.02 USD) - 2021/06/17 23:57:22 PT [2021/06/18 2:57:22 ET]
Table 'Unukalhai II' 9-max Seat #8 is the button
Seat 1: w1nn3rt0p ($2.09 in chips) 
Seat 2: Dr._Su_Poker ($2.03 in chips) 
Seat 3: edvards92 ($2.14 in chips) 
Seat 4: deileon ($1.40 in chips) 
Seat 6: j+sch1977 ($2.39 in chips) 
Seat 7: Sebban73 ($2.43 in chips) 
Seat 8: Dorex2007 ($2.11 in chips) 
Seat 9: Korvin1999 ($3.24 in chips) 
Korvin1999: posts small blind $0.01
w1nn3rt0p: posts big blind $0.02
*** HOLE CARDS ***
Dealt to Dorex2007 [7s 3c]
Dr._Su_Poker: raises $0.03 to $0.05
edvards92: folds 
deileon: folds 
j+sch1977: folds 
makar1965 leaves the table
Sebban73: folds 
Dorex2007: folds 
Korvin1999: folds 
Honoritan420 joins the table at seat #5 
w1nn3rt0p: calls $0.03
*** FLOP *** [6h 3s 5c]
w1nn3rt0p: checks 
Dr._Su_Poker: checks 
*** TURN *** [6h 3s 5c] [4d]
w1nn3rt0p: bets $0.03
Dr._Su_Poker: folds 
Uncalled bet ($0.03) returned to w1nn3rt0p
w1nn3rt0p collected $0.11 from pot
w1nn3rt0p: doesn't show hand 
*** SUMMARY ***
Total pot $0.11 | Rake $0 
Board [6h 3s 5c 4d]
Seat 1: w1nn3rt0p (big blind) collected ($0.11)
Seat 2: Dr._Su_Poker folded on the Turn
Seat 3: edvards92 folded before Flop (didn't bet)
Seat 4: deileon folded before Flop (didn't bet)
Seat 6: j+sch1977 folded before Flop (didn't bet)
Seat 7: Sebban73 folded before Flop (didn't bet)
Seat 8: Dorex2007 (button) folded before Flop (didn't bet)
Seat 9: Korvin1999 (small blind) folded before Flop



PokerStars Hand #227663485597:  Hold'em No Limit ($0.01/$0.02 USD) - 2021/06/17 23:58:11 PT [2021/06/18 2:58:11 ET]
Table 'Unukalhai II' 9-max Seat #9 is the button
Seat 1: w1nn3rt0p ($2.15 in chips) 
Seat 2: Dr._Su_Poker ($1.98 in chips) 
Seat 3: edvards92 ($2.14 in chips) 
Seat 4: deileon ($1.40 in chips) 
Seat 6: j+sch1977 ($2.39 in chips) 
Seat 7: Sebban73 ($2.43 in chips) 
Seat 8: Dorex2007 ($2.11 in chips) 
Seat 9: Korvin1999 ($3.23 in chips) 
w1nn3rt0p: posts small blind $0.01
Dr._Su_Poker: posts big blind $0.02
Honoritan420: sits out 
*** HOLE CARDS ***
Dealt to Dorex2007 [Ks 5s]
edvards92: folds 
deileon: folds 
j+sch1977: folds 
Sebban73: folds 
Dorex2007: folds 
Korvin1999: folds 
w1nn3rt0p: raises $0.03 to $0.05
Dr._Su_Poker: calls $0.03
*** FLOP *** [7h 8c Jd]
w1nn3rt0p: checks 
Dr._Su_Poker: bets $0.05
w1nn3rt0p: folds 
Uncalled bet ($0.05) returned to Dr._Su_Poker
Dr._Su_Poker collected $0.10 from pot
*** SUMMARY ***
Total pot $0.10 | Rake $0 
Board [7h 8c Jd]
Seat 1: w1nn3rt0p (small blind) folded on the Flop
Seat 2: Dr._Su_Poker (big blind) collected ($0.10)
Seat 3: edvards92 folded before Flop (didn't bet)
Seat 4: deileon folded before Flop (didn't bet)
Seat 6: j+sch1977 folded before Flop (didn't bet)
Seat 7: Sebban73 folded before Flop (didn't bet)
Seat 8: Dorex2007 folded before Flop (didn't bet)
Seat 9: Korvin1999 (button) folded before Flop (didn't bet)



PokerStars Hand #227663490305:  Hold'em No Limit ($0.01/$0.02 USD) - 2021/06/17 23:58:49 PT [2021/06/18 2:58:49 ET]
Table 'Unukalhai II' 9-max Seat #2 is the button
Seat 2: Dr._Su_Poker ($2.03 in chips) 
Seat 3: edvards92 ($2.14 in chips) 
Seat 4: deileon ($1.40 in chips) 
Seat 6: j+sch1977 ($2.39 in chips) 
Seat 7: Sebban73 ($2.43 in chips) 
Seat 8: Dorex2007 ($2.11 in chips) 
Seat 9: Korvin1999 ($3.23 in chips) 
edvards92: posts small blind $0.01
deileon: posts big blind $0.02
Honoritan420: sits out 
*** HOLE CARDS ***
Dealt to Dorex2007 [6d 6s]
j+sch1977: raises $0.04 to $0.06
Sebban73: folds 
Dorex2007: calls $0.06
Korvin1999: folds 
Dr._Su_Poker: folds 
edvards92: folds 
deileon: folds 
*** FLOP *** [7d 5d 3d]
j+sch1977: checks 
Dorex2007: bets $0.14
w1nn3rt0p leaves the table
j+sch1977: calls $0.14
*** TURN *** [7d 5d 3d] [4h]
j+sch1977: checks 
Dorex2007: bets $0.41
j+sch1977: calls $0.41
*** RIVER *** [7d 5d 3d 4h] [Ah]
j+sch1977: checks 
Dorex2007: checks 
*** SHOW DOWN ***
j+sch1977: shows [4s 4c] (three of a kind, Fours)
Dorex2007: shows [6d 6s] (a straight, Three to Seven)
Dorex2007 collected $1.21 from pot
*** SUMMARY ***
Total pot $1.25 | Rake $0.04 
Board [7d 5d 3d 4h Ah]
Seat 2: Dr._Su_Poker (button) folded before Flop (didn't bet)
Seat 3: edvards92 (small blind) folded before Flop
Seat 4: deileon (big blind) folded before Flop
Seat 6: j+sch1977 showed [4s 4c] and lost with three of a kind, Fours
Seat 7: Sebban73 folded before Flop (didn't bet)
Seat 8: Dorex2007 showed [6d 6s] and won ($1.21) with a straight, Three to Seven
Seat 9: Korvin1999 folded before Flop (didn't bet)



PokerStars Hand #227663495756:  Hold'em No Limit ($0.01/$0.02 USD) - 2021/06/17 23:59:31 PT [2021/06/18 2:59:31 ET]
Table 'Unukalhai II' 9-max Seat #3 is the button
Seat 2: Dr._Su_Poker ($2.03 in chips) 
Seat 3: edvards92 ($2.13 in chips) 
Seat 4: deileon ($1.38 in chips) 
Seat 5: Honoritan420 ($2 in chips) 
Seat 6: j+sch1977 ($1.78 in chips) 
Seat 7: Sebban73 ($2.43 in chips) 
Seat 8: Dorex2007 ($2.71 in chips) 
Seat 9: Korvin1999 ($3.23 in chips) 
deileon: posts small blind $0.01
Honoritan420: posts big blind $0.02
*** HOLE CARDS ***
Dealt to Dorex2007 [Tc 6d]
j+sch1977: folds 
Sebban73: folds 
neude joins the table at seat #1 
Dorex2007: folds 
Korvin1999: folds 
Dr._Su_Poker: folds 
edvards92: folds 
deileon: folds 
Uncalled bet ($0.01) returned to Honoritan420
Honoritan420 collected $0.02 from pot
Honoritan420: doesn't show hand 
*** SUMMARY ***
Total pot $0.02 | Rake $0 
Seat 2: Dr._Su_Poker folded before Flop (didn't bet)
Seat 3: edvards92 (button) folded before Flop (didn't bet)
Seat 4: deileon (small blind) folded before Flop
Seat 5: Honoritan420 (big blind) collected ($0.02)
Seat 6: j+sch1977 folded before Flop (didn't bet)
Seat 7: Sebban73 folded before Flop (didn't bet)
Seat 8: Dorex2007 folded before Flop (didn't bet)
Seat 9: Korvin1999 folded before Flop (didn't bet)



PokerStars Hand #227663498924:  Hold'em No Limit ($0.01/$0.02 USD) - 2021/06/17 23:59:57 PT [2021/06/18 2:59:57 ET]
Table 'Unukalhai II' 9-max Seat #4 is the button
Seat 2: Dr._Su_Poker ($2.03 in chips) 
Seat 3: edvards92 ($2.13 in chips) 
Seat 4: deileon ($1.37 in chips) 
Seat 5: Honoritan420 ($2.01 in chips) 
Seat 6: j+sch1977 ($1.78 in chips) 
Seat 7: Sebban73 ($2.43 in chips) 
Seat 8: Dorex2007 ($2.71 in chips) 
Seat 9: Korvin1999 ($3.23 in chips) 
Honoritan420: posts small blind $0.01
j+sch1977: posts big blind $0.02
neude: sits out 
*** HOLE CARDS ***
Dealt to Dorex2007 [7d 7c]
Sebban73: folds 
Dorex2007: calls $0.02
Korvin1999: raises $0.02 to $0.04
Dr._Su_Poker: folds 
edvards92: folds 
deileon: folds 
Honoritan420: folds 
j+sch1977: calls $0.02
Dorex2007: calls $0.02
*** FLOP *** [Ts 4d Kd]
j+sch1977: checks 
edvards92 leaves the table
Dorex2007: checks 
Korvin1999: bets $0.13
j+sch1977: folds 
Dorex2007: folds 
Uncalled bet ($0.13) returned to Korvin1999
Korvin1999 collected $0.13 from pot
Korvin1999: doesn't show hand 
*** SUMMARY ***
Total pot $0.13 | Rake $0 
Board [Ts 4d Kd]
Seat 2: Dr._Su_Poker folded before Flop (didn't bet)
Seat 3: edvards92 folded before Flop (didn't bet)
Seat 4: deileon (button) folded before Flop (didn't bet)
Seat 5: Honoritan420 (small blind) folded before Flop
Seat 6: j+sch1977 (big blind) folded on the Flop
Seat 7: Sebban73 folded before Flop (didn't bet)
Seat 8: Dorex2007 folded on the Flop
Seat 9: Korvin1999 collected ($0.13)



PokerStars Hand #227663502890:  Hold'em No Limit ($0.01/$0.02 USD) - 2021/06/18 0:00:27 PT [2021/06/18 3:00:27 ET]
Table 'Unukalhai II' 9-max Seat #5 is the button
Seat 2: Dr._Su_Poker ($2.03 in chips) 
Seat 4: deileon ($1.37 in chips) 
Seat 5: Honoritan420 ($2 in chips) 
Seat 6: j+sch1977 ($1.74 in chips) 
Seat 7: Sebban73 ($2.43 in chips) 
Seat 8: Dorex2007 ($2.67 in chips) 
Seat 9: Korvin1999 ($3.32 in chips) 
j+sch1977: posts small blind $0.01
Sebban73: posts big blind $0.02
neude: sits out 
*** HOLE CARDS ***
Dealt to Dorex2007 [Th 8c]
Dorex2007: folds 
Korvin1999: raises $0.04 to $0.06
Dr._Su_Poker: folds 
SashkoU joins the table at seat #3 
deileon: folds 
Honoritan420: folds 
j+sch1977: folds 
Sebban73: folds 
Uncalled bet ($0.04) returned to Korvin1999
Korvin1999 collected $0.05 from pot
Korvin1999: doesn't show hand 
*** SUMMARY ***
Total pot $0.05 | Rake $0 
Seat 2: Dr._Su_Poker folded before Flop (didn't bet)
Seat 4: deileon folded before Flop (didn't bet)
Seat 5: Honoritan420 (button) folded before Flop (didn't bet)
Seat 6: j+sch1977 (small blind) folded before Flop
Seat 7: Sebban73 (big blind) folded before Flop
Seat 8: Dorex2007 folded before Flop (didn't bet)
Seat 9: Korvin1999 collected ($0.05)



PokerStars Hand #227663505862:  Hold'em No Limit ($0.01/$0.02 USD) - 2021/06/18 0:00:48 PT [2021/06/18 3:00:48 ET]
Table 'Unukalhai II' 9-max Seat #6 is the button
Seat 2: Dr._Su_Poker ($2.03 in chips) 
Seat 4: deileon ($1.37 in chips) 
Seat 5: Honoritan420 ($2 in chips) 
Seat 6: j+sch1977 ($1.99 in chips) 
Seat 7: Sebban73 ($2.41 in chips) 
Seat 8: Dorex2007 ($2.67 in chips) 
Seat 9: Korvin1999 ($3.35 in chips) 
Sebban73: posts small blind $0.01
Dorex2007: posts big blind $0.02
neude: sits out 
SashkoU: sits out 
*** HOLE CARDS ***
Dealt to Dorex2007 [8c As]
Korvin1999: folds 
Dr._Su_Poker: folds 
deileon: folds 
Honoritan420: folds 
j+sch1977: raises $0.04 to $0.06
Sebban73: calls $0.05
Dorex2007: calls $0.04
*** FLOP *** [6h 9c 4s]
Sebban73: checks 
Dorex2007: bets $0.11
j+sch1977: calls $0.11
Sebban73: calls $0.11
*** TURN *** [6h 9c 4s] [Qh]
Sebban73: checks 
Dorex2007: checks 
j+sch1977: checks 
*** RIVER *** [6h 9c 4s Qh] [8d]
Sebban73: bets $0.25
Dorex2007: folds 
j+sch1977: folds 
Uncalled bet ($0.25) returned to Sebban73
Sebban73 collected $0.49 from pot
Sebban73: doesn't show hand 
*** SUMMARY ***
Total pot $0.51 | Rake $0.02 
Board [6h 9c 4s Qh 8d]
Seat 2: Dr._Su_Poker folded before Flop (didn't bet)
Seat 4: deileon folded before Flop (didn't bet)
Seat 5: Honoritan420 folded before Flop (didn't bet)
Seat 6: j+sch1977 (button) folded on the River
Seat 7: Sebban73 (small blind) collected ($0.49)
Seat 8: Dorex2007 (big blind) folded on the River
Seat 9: Korvin1999 folded before Flop (didn't bet)



PokerStars Hand #227663515752:  Hold'em No Limit ($0.01/$0.02 USD) - 2021/06/18 0:01:59 PT [2021/06/18 3:01:59 ET]
Table 'Unukalhai II' 9-max Seat #7 is the button
Seat 2: Dr._Su_Poker ($2.03 in chips) 
Seat 4: deileon ($1.37 in chips) 
Seat 5: Honoritan420 ($2 in chips) 
Seat 6: j+sch1977 ($1.82 in chips) 
Seat 7: Sebban73 ($2.73 in chips) 
Seat 8: Dorex2007 ($2.50 in chips) 
Seat 9: Korvin1999 ($3.35 in chips) 
Dorex2007: posts small blind $0.01
Korvin1999: posts big blind $0.02
neude: sits out 
SashkoU: sits out 
*** HOLE CARDS ***
Dealt to Dorex2007 [Qd 9h]
Dr._Su_Poker: folds 
deileon: folds 
Honoritan420: calls $0.02
j+sch1977: folds 
Sebban73: folds 
Dorex2007: calls $0.01
Korvin1999: raises $0.04 to $0.06
Honoritan420: calls $0.04
Dorex2007: calls $0.04
*** FLOP *** [5s 7d 9d]
Dorex2007: checks 
Korvin1999: bets $0.17
Honoritan420: calls $0.17
Dorex2007: calls $0.17
*** TURN *** [5s 7d 9d] [Kh]
Dorex2007: checks 
Korvin1999: checks 
Honoritan420: checks 
*** RIVER *** [5s 7d 9d Kh] [7s]
Dorex2007: bets $0.67
Korvin1999: folds 
Honoritan420: folds 
Uncalled bet ($0.67) returned to Dorex2007
Dorex2007 collected $0.67 from pot
Dorex2007: doesn't show hand 
*** SUMMARY ***
Total pot $0.69 | Rake $0.02 
Board [5s 7d 9d Kh 7s]
Seat 2: Dr._Su_Poker folded before Flop (didn't bet)
Seat 4: deileon folded before Flop (didn't bet)
Seat 5: Honoritan420 folded on the River
Seat 6: j+sch1977 folded before Flop (didn't bet)
Seat 7: Sebban73 (button) folded before Flop (didn't bet)
Seat 8: Dorex2007 (small blind) collected ($0.67)
Seat 9: Korvin1999 (big blind) folded on the River



PokerStars Hand #227663525047:  Hold'em No Limit ($0.01/$0.02 USD) - 2021/06/18 0:03:05 PT [2021/06/18 3:03:05 ET]
Table 'Unukalhai II' 9-max Seat #8 is the button
Seat 1: neude ($1.60 in chips) 
Seat 2: Dr._Su_Poker ($2.03 in chips) 
Seat 4: deileon ($1.37 in chips) 
Seat 5: Honoritan420 ($1.77 in chips) 
Seat 6: j+sch1977 ($1.82 in chips) 
Seat 7: Sebban73 ($2.73 in chips) 
Seat 8: Dorex2007 ($2.94 in chips) 
Seat 9: Korvin1999 ($3.12 in chips) 
Korvin1999: posts small blind $0.01
neude: posts big blind $0.02
SashkoU: sits out 
*** HOLE CARDS ***
Dealt to Dorex2007 [Ah 9c]
Dr._Su_Poker: folds 
deileon: folds 
Honoritan420: folds 
j+sch1977: raises $0.04 to $0.06
Sebban73: folds 
Dorex2007: folds 
Korvin1999: folds 
neude: calls $0.04
*** FLOP *** [6c Qd 3c]
neude: checks 
j+sch1977: bets $0.10
neude: calls $0.10
*** TURN *** [6c Qd 3c] [4d]
neude: bets $0.02
j+sch1977: calls $0.02
*** RIVER *** [6c Qd 3c 4d] [9d]
neude: bets $0.02
j+sch1977: calls $0.02
*** SHOW DOWN ***
neude: shows [Ac 4c] (a pair of Fours)
j+sch1977: mucks hand 
neude collected $0.40 from pot
*** SUMMARY ***
Total pot $0.41 | Rake $0.01 
Board [6c Qd 3c 4d 9d]
Seat 1: neude (big blind) showed [Ac 4c] and won ($0.40) with a pair of Fours
Seat 2: Dr._Su_Poker folded before Flop (didn't bet)
Seat 4: deileon folded before Flop (didn't bet)
Seat 5: Honoritan420 folded before Flop (didn't bet)
Seat 6: j+sch1977 mucked [2s 3s]
Seat 7: Sebban73 folded before Flop (didn't bet)
Seat 8: Dorex2007 (button) folded before Flop (didn't bet)
Seat 9: Korvin1999 (small blind) folded before Flop



PokerStars Hand #227663533672:  Hold'em No Limit ($0.01/$0.02 USD) - 2021/06/18 0:04:05 PT [2021/06/18 3:04:05 ET]
Table 'Unukalhai II' 9-max Seat #9 is the button
Seat 1: neude ($1.80 in chips) 
Seat 2: Dr._Su_Poker ($2.03 in chips) 
Seat 4: deileon ($1.37 in chips) 
Seat 5: Honoritan420 ($1.77 in chips) 
Seat 6: j+sch1977 ($1.62 in chips) 
Seat 7: Sebban73 ($2.73 in chips) 
Seat 8: Dorex2007 ($2.94 in chips) 
Seat 9: Korvin1999 ($3.11 in chips) 
neude: posts small blind $0.01
Dr._Su_Poker: posts big blind $0.02
SashkoU: sits out 
*** HOLE CARDS ***
Dealt to Dorex2007 [Qd 6s]
deileon: folds 
Honoritan420: folds 
j+sch1977: folds 
Sebban73: folds 
Dorex2007: folds 
Korvin1999: raises $0.06 to $0.08
neude: folds 
Dr._Su_Poker: folds 
Uncalled bet ($0.06) returned to Korvin1999
Korvin1999 collected $0.05 from pot
Korvin1999: doesn't show hand 
*** SUMMARY ***
Total pot $0.05 | Rake $0 
Seat 1: neude (small blind) folded before Flop
Seat 2: Dr._Su_Poker (big blind) folded before Flop
Seat 4: deileon folded before Flop (didn't bet)
Seat 5: Honoritan420 folded before Flop (didn't bet)
Seat 6: j+sch1977 folded before Flop (didn't bet)
Seat 7: Sebban73 folded before Flop (didn't bet)
Seat 8: Dorex2007 folded before Flop (didn't bet)
Seat 9: Korvin1999 (button) collected ($0.05)



PokerStars Hand #227663536151:  Hold'em No Limit ($0.01/$0.02 USD) - 2021/06/18 0:04:22 PT [2021/06/18 3:04:22 ET]
Table 'Unukalhai II' 9-max Seat #1 is the button
Seat 1: neude ($1.79 in chips) 
Seat 2: Dr._Su_Poker ($2.01 in chips) 
Seat 3: SashkoU ($2 in chips) 
Seat 4: deileon ($1.37 in chips) 
Seat 5: Honoritan420 ($1.77 in chips) 
Seat 6: j+sch1977 ($1.62 in chips) 
Seat 7: Sebban73 ($2.73 in chips) 
Seat 8: Dorex2007 ($2.94 in chips) 
Seat 9: Korvin1999 ($3.14 in chips) 
Dr._Su_Poker: posts small blind $0.01
SashkoU: posts big blind $0.02
*** HOLE CARDS ***
Dealt to Dorex2007 [3d 2h]
deileon: folds 
Honoritan420: folds 
j+sch1977: folds 
Sebban73: folds 
Dorex2007: folds 
Korvin1999: raises $0.04 to $0.06
neude: folds 
Dr._Su_Poker: calls $0.05
SashkoU: raises $0.20 to $0.26
Korvin1999: calls $0.20
Dr._Su_Poker: folds 
*** FLOP *** [Kc 2s Jd]
SashkoU: bets $0.18
Korvin1999: calls $0.18
*** TURN *** [Kc 2s Jd] [3s]
SashkoU: bets $0.30
Korvin1999: folds 
Uncalled bet ($0.30) returned to SashkoU
SashkoU collected $0.91 from pot
SashkoU: doesn't show hand 
*** SUMMARY ***
Total pot $0.94 | Rake $0.03 
Board [Kc 2s Jd 3s]
Seat 1: neude (button) folded before Flop (didn't bet)
Seat 2: Dr._Su_Poker (small blind) folded before Flop
Seat 3: SashkoU (big blind) collected ($0.91)
Seat 4: deileon folded before Flop (didn't bet)
Seat 5: Honoritan420 folded before Flop (didn't bet)
Seat 6: j+sch1977 folded before Flop (didn't bet)
Seat 7: Sebban73 folded before Flop (didn't bet)
Seat 8: Dorex2007 folded before Flop (didn't bet)
Seat 9: Korvin1999 folded on the Turn



PokerStars Hand #227663542761:  Hold'em No Limit ($0.01/$0.02 USD) - 2021/06/18 0:05:08 PT [2021/06/18 3:05:08 ET]
Table 'Unukalhai II' 9-max Seat #2 is the button
Seat 1: neude ($1.79 in chips) 
Seat 2: Dr._Su_Poker ($1.95 in chips) 
Seat 3: SashkoU ($2.47 in chips) 
Seat 5: Honoritan420 ($1.77 in chips) 
Seat 6: j+sch1977 ($1.62 in chips) 
Seat 7: Sebban73 ($2.73 in chips) 
Seat 8: Dorex2007 ($2.94 in chips) 
Seat 9: Korvin1999 ($2.70 in chips) 
SashkoU: posts small blind $0.01
deileon: is sitting out 
Honoritan420: posts big blind $0.02
*** HOLE CARDS ***
Dealt to Dorex2007 [Jd Qd]
j+sch1977: folds 
Sebban73: folds 
Dorex2007: raises $0.04 to $0.06
Korvin1999: raises $0.04 to $0.10
neude: raises $0.34 to $0.44
Dr._Su_Poker: folds 
SashkoU: folds 
Honoritan420: folds 
Dorex2007: folds 
Korvin1999: calls $0.34
*** FLOP *** [2s 7c As]
Korvin1999: checks 
neude: bets $0.30
Korvin1999: folds 
Uncalled bet ($0.30) returned to neude
neude collected $0.94 from pot
*** SUMMARY ***
Total pot $0.97 | Rake $0.03 
Board [2s 7c As]
Seat 1: neude collected ($0.94)
Seat 2: Dr._Su_Poker (button) folded before Flop (didn't bet)
Seat 3: SashkoU (small blind) folded before Flop
Seat 5: Honoritan420 (big blind) folded before Flop
Seat 6: j+sch1977 folded before Flop (didn't bet)
Seat 7: Sebban73 folded before Flop (didn't bet)
Seat 8: Dorex2007 folded before Flop
Seat 9: Korvin1999 folded on the Flop



PokerStars Hand #227663549424:  Hold'em No Limit ($0.01/$0.02 USD) - 2021/06/18 0:05:55 PT [2021/06/18 3:05:55 ET]
Table 'Unukalhai II' 9-max Seat #3 is the button
Seat 1: neude ($2.29 in chips) 
Seat 2: Dr._Su_Poker ($1.95 in chips) 
Seat 3: SashkoU ($2.46 in chips) 
Seat 5: Honoritan420 ($1.75 in chips) 
Seat 6: j+sch1977 ($1.62 in chips) 
Seat 7: Sebban73 ($2.73 in chips) 
Seat 8: Dorex2007 ($2.88 in chips) 
Seat 9: Korvin1999 ($2.26 in chips) 
Honoritan420: posts small blind $0.01
j+sch1977: posts big blind $0.02
*** HOLE CARDS ***
Dealt to Dorex2007 [8d Ks]
Sebban73: folds 
Dorex2007: folds 
Korvin1999: folds 
neude: folds 
Dr._Su_Poker: folds 
deileon leaves the table
SashkoU: raises $0.04 to $0.06
Honoritan420: folds 
j+sch1977: folds 
Uncalled bet ($0.04) returned to SashkoU
SashkoU collected $0.05 from pot
SashkoU: doesn't show hand 
*** SUMMARY ***
Total pot $0.05 | Rake $0 
Seat 1: neude folded before Flop (didn't bet)
Seat 2: Dr._Su_Poker folded before Flop (didn't bet)
Seat 3: SashkoU (button) collected ($0.05)
Seat 5: Honoritan420 (small blind) folded before Flop
Seat 6: j+sch1977 (big blind) folded before Flop
Seat 7: Sebban73 folded before Flop (didn't bet)
Seat 8: Dorex2007 folded before Flop (didn't bet)
Seat 9: Korvin1999 folded before Flop (didn't bet)



PokerStars Hand #227663552324:  Hold'em No Limit ($0.01/$0.02 USD) - 2021/06/18 0:06:15 PT [2021/06/18 3:06:15 ET]
Table 'Unukalhai II' 9-max Seat #5 is the button
Seat 1: neude ($2.29 in chips) 
Seat 2: Dr._Su_Poker ($1.95 in chips) 
Seat 3: SashkoU ($2.49 in chips) 
Seat 5: Honoritan420 ($1.74 in chips) 
Seat 6: j+sch1977 ($1.60 in chips) 
Seat 7: Sebban73 ($2.73 in chips) 
Seat 8: Dorex2007 ($2.88 in chips) 
Seat 9: Korvin1999 ($2.26 in chips) 
j+sch1977: posts small blind $0.01
Sebban73: posts big blind $0.02
*** HOLE CARDS ***
Dealt to Dorex2007 [Qh Ad]
Dorex2007: calls $0.02
Korvin1999: raises $0.04 to $0.06
neude: folds 
Dr._Su_Poker: folds 
SashkoU: folds 
Honoritan420: folds 
j+sch1977: folds 
Sebban73: folds 
Dorex2007: calls $0.04
*** FLOP *** [2s 9c 3s]
Dorex2007: checks 
Korvin1999: bets $0.14
Dorex2007: calls $0.14
*** TURN *** [2s 9c 3s] [As]
Dorex2007: checks 
Korvin1999: bets $2.06 and is all-in
Dorex2007: calls $2.06
*** RIVER *** [2s 9c 3s As] [3h]
*** SHOW DOWN ***
Dorex2007: shows [Qh Ad] (two pair, Aces and Threes)
Korvin1999: shows [6h Ks] (a pair of Threes)
Dorex2007 cashed out the hand for $3.46 | Cash Out Fee $0.04
*** SUMMARY ***
Total pot $4.55 | Rake $0.16 
Board [2s 9c 3s As 3h]
Seat 1: neude folded before Flop (didn't bet)
Seat 2: Dr._Su_Poker folded before Flop (didn't bet)
Seat 3: SashkoU folded before Flop (didn't bet)
Seat 5: Honoritan420 (button) folded before Flop (didn't bet)
Seat 6: j+sch1977 (small blind) folded before Flop
Seat 7: Sebban73 (big blind) folded before Flop
Seat 8: Dorex2007 showed [Qh Ad] and won ($4.39) with two pair, Aces and Threes (pot not awarded as player cashed out)
Seat 9: Korvin1999 showed [6h Ks] and lost with a pair of Threes



PokerStars Hand #227663558298:  Hold'em No Limit ($0.01/$0.02 USD) - 2021/06/18 0:06:57 PT [2021/06/18 3:06:57 ET]
Table 'Unukalhai II' 9-max Seat #6 is the button
Seat 2: Dr._Su_Poker ($1.95 in chips) 
Seat 3: SashkoU ($2.49 in chips) 
Seat 5: Honoritan420 ($1.74 in chips) 
Seat 6: j+sch1977 ($2 in chips) 
Seat 7: Sebban73 ($2.71 in chips) 
Seat 8: Dorex2007 ($4.08 in chips) 
Sebban73: posts small blind $0.01
Dorex2007: posts big blind $0.02
*** HOLE CARDS ***
Dealt to Dorex2007 [Kd 5c]
Dr._Su_Poker: folds 
neude leaves the table
SashkoU: folds 
Honoritan420: folds 
j+sch1977: folds 
Sebban73: folds 
Uncalled bet ($0.01) returned to Dorex2007
Dorex2007 collected $0.02 from pot
Dorex2007: doesn't show hand 
*** SUMMARY ***
Total pot $0.02 | Rake $0 
Seat 2: Dr._Su_Poker folded before Flop (didn't bet)
Seat 3: SashkoU folded before Flop (didn't bet)
Seat 5: Honoritan420 folded before Flop (didn't bet)
Seat 6: j+sch1977 (button) folded before Flop (didn't bet)
Seat 7: Sebban73 (small blind) folded before Flop
Seat 8: Dorex2007 (big blind) collected ($0.02)



PokerStars Hand #227663559794:  Hold'em No Limit ($0.01/$0.02 USD) - 2021/06/18 0:07:07 PT [2021/06/18 3:07:07 ET]
Table 'Unukalhai II' 9-max Seat #7 is the button
Seat 2: Dr._Su_Poker ($1.95 in chips) 
Seat 3: SashkoU ($2.49 in chips) 
Seat 5: Honoritan420 ($1.74 in chips) 
Seat 6: j+sch1977 ($2 in chips) 
Seat 7: Sebban73 ($2.70 in chips) 
Seat 8: Dorex2007 ($4.09 in chips) 
Seat 9: Korvin1999 ($2 in chips) 
Dorex2007: posts small blind $0.01
Korvin1999: posts big blind $0.02
*** HOLE CARDS ***
Dealt to Dorex2007 [Tc 7d]
Dr._Su_Poker: folds 
SashkoU: folds 
Honoritan420: folds 
j+sch1977: folds 
Sebban73: folds 
Dorex2007: folds 
Uncalled bet ($0.01) returned to Korvin1999
Korvin1999 collected $0.02 from pot
Korvin1999: doesn't show hand 
*** SUMMARY ***
Total pot $0.02 | Rake $0 
Seat 2: Dr._Su_Poker folded before Flop (didn't bet)
Seat 3: SashkoU folded before Flop (didn't bet)
Seat 5: Honoritan420 folded before Flop (didn't bet)
Seat 6: j+sch1977 folded before Flop (didn't bet)
Seat 7: Sebban73 (button) folded before Flop (didn't bet)
Seat 8: Dorex2007 (small blind) folded before Flop
Seat 9: Korvin1999 (big blind) collected ($0.02)



PokerStars Hand #227663561760:  Hold'em No Limit ($0.01/$0.02 USD) - 2021/06/18 0:07:21 PT [2021/06/18 3:07:21 ET]
Table 'Unukalhai II' 9-max Seat #8 is the button
Seat 2: Dr._Su_Poker ($1.95 in chips) 
Seat 3: SashkoU ($2.49 in chips) 
Seat 5: Honoritan420 ($1.74 in chips) 
Seat 6: j+sch1977 ($2 in chips) 
Seat 7: Sebban73 ($2.70 in chips) 
Seat 8: Dorex2007 ($4.08 in chips) 
Seat 9: Korvin1999 ($2.01 in chips) 
Korvin1999: posts small blind $0.01
Dr._Su_Poker: posts big blind $0.02
*** HOLE CARDS ***
Dealt to Dorex2007 [Qs 8d]
SashkoU: folds 
Honoritan420: folds 
j+sch1977: folds 
Sebban73: folds 
Dorex2007: folds 
Korvin1999: raises $0.04 to $0.06
Dr._Su_Poker: calls $0.04
*** FLOP *** [Qd 5h Qh]
Korvin1999: bets $1.95 and is all-in
Dr._Su_Poker: folds 
Uncalled bet ($1.95) returned to Korvin1999
Korvin1999 collected $0.12 from pot
Korvin1999: doesn't show hand 
*** SUMMARY ***
Total pot $0.12 | Rake $0 
Board [Qd 5h Qh]
Seat 2: Dr._Su_Poker (big blind) folded on the Flop
Seat 3: SashkoU folded before Flop (didn't bet)
Seat 5: Honoritan420 folded before Flop (didn't bet)
Seat 6: j+sch1977 folded before Flop (didn't bet)
Seat 7: Sebban73 folded before Flop (didn't bet)
Seat 8: Dorex2007 (button) folded before Flop (didn't bet)
Seat 9: Korvin1999 (small blind) collected ($0.12)



PokerStars Hand #227663565884:  Hold'em No Limit ($0.01/$0.02 USD) - 2021/06/18 0:07:51 PT [2021/06/18 3:07:51 ET]
Table 'Unukalhai II' 9-max Seat #9 is the button
Seat 2: Dr._Su_Poker ($1.89 in chips) 
Seat 3: SashkoU ($2.49 in chips) 
Seat 5: Honoritan420 ($1.74 in chips) 
Seat 6: j+sch1977 ($2 in chips) 
Seat 7: Sebban73 ($2.70 in chips) 
Seat 8: Dorex2007 ($4.08 in chips) 
Seat 9: Korvin1999 ($2.07 in chips) 
Dr._Su_Poker: posts small blind $0.01
SashkoU: posts big blind $0.02
*** HOLE CARDS ***
Dealt to Dorex2007 [2d 6h]
Honoritan420: folds 
j+sch1977: folds 
Sebban73: raises $0.04 to $0.06
Dorex2007: folds 
Korvin1999: folds 
Dr._Su_Poker: folds 
SashkoU: folds 
Uncalled bet ($0.04) returned to Sebban73
Sebban73 collected $0.05 from pot
*** SUMMARY ***
Total pot $0.05 | Rake $0 
Seat 2: Dr._Su_Poker (small blind) folded before Flop
Seat 3: SashkoU (big blind) folded before Flop
Seat 5: Honoritan420 folded before Flop (didn't bet)
Seat 6: j+sch1977 folded before Flop (didn't bet)
Seat 7: Sebban73 collected ($0.05)
Seat 8: Dorex2007 folded before Flop (didn't bet)
Seat 9: Korvin1999 (button) folded before Flop (didn't bet)



PokerStars Hand #227663568035:  Hold'em No Limit ($0.01/$0.02 USD) - 2021/06/18 0:08:06 PT [2021/06/18 3:08:06 ET]
Table 'Unukalhai II' 9-max Seat #2 is the button
Seat 2: Dr._Su_Poker ($1.88 in chips) 
Seat 3: SashkoU ($2.47 in chips) 
Seat 5: Honoritan420 ($1.74 in chips) 
Seat 6: j+sch1977 ($2 in chips) 
Seat 7: Sebban73 ($2.73 in chips) 
Seat 8: Dorex2007 ($4.08 in chips) 
Seat 9: Korvin1999 ($2.07 in chips) 
SashkoU: posts small blind $0.01
Honoritan420: posts big blind $0.02
*** HOLE CARDS ***
Dealt to Dorex2007 [4h Jh]
j+sch1977: folds 
Sebban73: folds 
Dorex2007: folds 
Korvin1999: raises $0.04 to $0.06
Dr._Su_Poker: folds 
SashkoU: folds 
Honoritan420: calls $0.04
*** FLOP *** [4c 5d 6c]
Demidov V.S. joins the table at seat #1 
Honoritan420: bets $0.02
Korvin1999: raises $1.99 to $2.01 and is all-in
Honoritan420: folds 
Uncalled bet ($1.99) returned to Korvin1999
Korvin1999 collected $0.16 from pot
Korvin1999: doesn't show hand 
*** SUMMARY ***
Total pot $0.17 | Rake $0.01 
Board [4c 5d 6c]
Seat 2: Dr._Su_Poker (button) folded before Flop (didn't bet)
Seat 3: SashkoU (small blind) folded before Flop
Seat 5: Honoritan420 (big blind) folded on the Flop
Seat 6: j+sch1977 folded before Flop (didn't bet)
Seat 7: Sebban73 folded before Flop (didn't bet)
Seat 8: Dorex2007 folded before Flop (didn't bet)
Seat 9: Korvin1999 collected ($0.16)



PokerStars Hand #227663572113:  Hold'em No Limit ($0.01/$0.02 USD) - 2021/06/18 0:08:35 PT [2021/06/18 3:08:35 ET]
Table 'Unukalhai II' 9-max Seat #3 is the button
Seat 2: Dr._Su_Poker ($1.88 in chips) 
Seat 3: SashkoU ($2.46 in chips) 
Seat 5: Honoritan420 ($1.66 in chips) 
Seat 6: j+sch1977 ($2 in chips) 
Seat 7: Sebban73 ($2.73 in chips) 
Seat 8: Dorex2007 ($4.08 in chips) 
Seat 9: Korvin1999 ($2.15 in chips) 
Honoritan420: posts small blind $0.01
j+sch1977: posts big blind $0.02
Demidov V.S.: sits out 
*** HOLE CARDS ***
Dealt to Dorex2007 [8h 7h]
Sebban73: folds 
Dorex2007: folds 
Korvin1999: raises $0.02 to $0.04
Dr._Su_Poker: folds 
Honoritan420 said, "u carzy ass bich"
Dorex2007 said, "someone's mad"
SashkoU has timed out
SashkoU: folds 
Honoritan420: folds 
Sibur64 joins the table at seat #4 
j+sch1977: calls $0.02
*** FLOP *** [4s Qd 6d]
j+sch1977: checks 
Korvin1999: checks 
*** TURN *** [4s Qd 6d] [6h]
j+sch1977: bets $0.02
Honoritan420 said, "prob u"
Korvin1999: calls $0.02
*** RIVER *** [4s Qd 6d 6h] [3d]
j+sch1977: checks 
Korvin1999: checks 
*** SHOW DOWN ***
j+sch1977: shows [Ts Qc] (two pair, Queens and Sixes)
Korvin1999: mucks hand 
j+sch1977 collected $0.13 from pot
*** SUMMARY ***
Total pot $0.13 | Rake $0 
Board [4s Qd 6d 6h 3d]
Seat 2: Dr._Su_Poker folded before Flop (didn't bet)
Seat 3: SashkoU (button) folded before Flop (didn't bet)
Seat 5: Honoritan420 (small blind) folded before Flop
Seat 6: j+sch1977 (big blind) showed [Ts Qc] and won ($0.13) with two pair, Queens and Sixes
Seat 7: Sebban73 folded before Flop (didn't bet)
Seat 8: Dorex2007 folded before Flop (didn't bet)
Seat 9: Korvin1999 mucked [9h 8d]



PokerStars Hand #227663577764:  Hold'em No Limit ($0.01/$0.02 USD) - 2021/06/18 0:09:15 PT [2021/06/18 3:09:15 ET]
Table 'Unukalhai II' 9-max Seat #5 is the button
Seat 2: Dr._Su_Poker ($1.88 in chips) 
Seat 3: SashkoU ($2.46 in chips) 
Seat 5: Honoritan420 ($1.65 in chips) 
Seat 6: j+sch1977 ($2.07 in chips) 
Seat 7: Sebban73 ($2.73 in chips) 
Seat 8: Dorex2007 ($4.08 in chips) 
Seat 9: Korvin1999 ($2.09 in chips) 
j+sch1977: posts small blind $0.01
Sebban73: posts big blind $0.02
Demidov V.S.: sits out 
Sibur64: sits out 
*** HOLE CARDS ***
Dealt to Dorex2007 [6s 6h]
Dorex2007: raises $0.02 to $0.04
Korvin1999: raises $0.02 to $0.06
Dr._Su_Poker: folds 
SashkoU: folds 
Honoritan420: folds 
j+sch1977: folds 
Sebban73: folds 
Dorex2007: calls $0.02
*** FLOP *** [Qs 8s 4s]
Dorex2007: checks 
Korvin1999: bets $0.14
Dorex2007: folds 
Uncalled bet ($0.14) returned to Korvin1999
Korvin1999 collected $0.14 from pot
Korvin1999: doesn't show hand 
*** SUMMARY ***
Total pot $0.15 | Rake $0.01 
Board [Qs 8s 4s]
Seat 2: Dr._Su_Poker folded before Flop (didn't bet)
Seat 3: SashkoU folded before Flop (didn't bet)
Seat 5: Honoritan420 (button) folded before Flop (didn't bet)
Seat 6: j+sch1977 (small blind) folded before Flop
Seat 7: Sebban73 (big blind) folded before Flop
Seat 8: Dorex2007 folded on the Flop
Seat 9: Korvin1999 collected ($0.14)



PokerStars Hand #227663583904:  Hold'em No Limit ($0.01/$0.02 USD) - 2021/06/18 0:09:59 PT [2021/06/18 3:09:59 ET]
Table 'Unukalhai II' 9-max Seat #6 is the button
Seat 2: Dr._Su_Poker ($1.88 in chips) 
Seat 3: SashkoU ($2.46 in chips) 
Seat 4: Sibur64 ($1.60 in chips) 
Seat 5: Honoritan420 ($1.65 in chips) 
Seat 6: j+sch1977 ($2.06 in chips) 
Seat 7: Sebban73 ($2.71 in chips) 
Seat 8: Dorex2007 ($4.02 in chips) 
Seat 9: Korvin1999 ($2.17 in chips) 
Sebban73: posts small blind $0.01
Dorex2007: posts big blind $0.02
Demidov V.S.: sits out 
Sibur64: posts big blind $0.02
*** HOLE CARDS ***
Dealt to Dorex2007 [9d 4d]
Korvin1999: folds 
Dr._Su_Poker: folds 
SashkoU: folds 
Sibur64: checks 
Honoritan420: folds 
j+sch1977 has timed out
j+sch1977: folds 
Sebban73: folds 
Dorex2007: checks 
*** FLOP *** [2d 7c Td]
Dorex2007: checks 
Sibur64: bets $0.06
Dorex2007: calls $0.06
*** TURN *** [2d 7c Td] [9h]
Dorex2007: bets $0.11
Sibur64: calls $0.11
*** RIVER *** [2d 7c Td 9h] [2h]
Dorex2007: checks 
Sibur64: checks 
*** SHOW DOWN ***
Dorex2007: shows [9d 4d] (two pair, Nines and Deuces)
Sibur64: shows [5s Ts] (two pair, Tens and Deuces)
Sibur64 collected $0.38 from pot
*** SUMMARY ***
Total pot $0.39 | Rake $0.01 
Board [2d 7c Td 9h 2h]
Seat 2: Dr._Su_Poker folded before Flop (didn't bet)
Seat 3: SashkoU folded before Flop (didn't bet)
Seat 4: Sibur64 showed [5s Ts] and won ($0.38) with two pair, Tens and Deuces
Seat 5: Honoritan420 folded before Flop (didn't bet)
Seat 6: j+sch1977 (button) folded before Flop (didn't bet)
Seat 7: Sebban73 (small blind) folded before Flop
Seat 8: Dorex2007 (big blind) showed [9d 4d] and lost with two pair, Nines and Deuces
Seat 9: Korvin1999 folded before Flop (didn't bet)



PokerStars Hand #227663591930:  Hold'em No Limit ($0.01/$0.02 USD) - 2021/06/18 0:10:54 PT [2021/06/18 3:10:54 ET]
Table 'Unukalhai II' 9-max Seat #7 is the button
Seat 2: Dr._Su_Poker ($1.88 in chips) 
Seat 3: SashkoU ($2.46 in chips) 
Seat 4: Sibur64 ($1.79 in chips) 
Seat 5: Honoritan420 ($1.65 in chips) 
Seat 6: j+sch1977 ($2.06 in chips) 
Seat 7: Sebban73 ($2.70 in chips) 
Seat 8: Dorex2007 ($3.83 in chips) 
Seat 9: Korvin1999 ($2.17 in chips) 
Dorex2007: posts small blind $0.01
Korvin1999: posts big blind $0.02
Demidov V.S.: sits out 
*** HOLE CARDS ***
Dealt to Dorex2007 [7d 3s]
Dr._Su_Poker: folds 
SashkoU: folds 
Sibur64: folds 
Honoritan420: folds 
j+sch1977 has timed out
j+sch1977: folds 
Sebban73: raises $0.04 to $0.06
Dorex2007: folds 
Korvin1999: raises $0.04 to $0.10
Sebban73: raises $0.12 to $0.22
Korvin1999: calls $0.12
*** FLOP *** [Td Jc 7c]
Korvin1999: checks 
Sebban73: bets $0.22
Korvin1999: raises $0.22 to $0.44
Sebban73: raises $0.22 to $0.66
Korvin1999: calls $0.22
*** TURN *** [Td Jc 7c] [Ah]
Korvin1999: checks 
Sebban73: bets $0.86
Korvin1999: folds 
Uncalled bet ($0.86) returned to Sebban73
Sebban73 collected $1.71 from pot
*** SUMMARY ***
Total pot $1.77 | Rake $0.06 
Board [Td Jc 7c Ah]
Seat 2: Dr._Su_Poker folded before Flop (didn't bet)
Seat 3: SashkoU folded before Flop (didn't bet)
Seat 4: Sibur64 folded before Flop (didn't bet)
Seat 5: Honoritan420 folded before Flop (didn't bet)
Seat 6: j+sch1977 folded before Flop (didn't bet)
Seat 7: Sebban73 (button) collected ($1.71)
Seat 8: Dorex2007 (small blind) folded before Flop
Seat 9: Korvin1999 (big blind) folded on the Turn



PokerStars Hand #227663601017:  Hold'em No Limit ($0.01/$0.02 USD) - 2021/06/18 0:11:56 PT [2021/06/18 3:11:56 ET]
Table 'Unukalhai II' 9-max Seat #8 is the button
Seat 1: Demidov V.S. ($2 in chips) 
Seat 2: Dr._Su_Poker ($1.88 in chips) 
Seat 3: SashkoU ($2.46 in chips) 
Seat 4: Sibur64 ($1.79 in chips) 
Seat 5: Honoritan420 ($1.65 in chips) 
Seat 6: j+sch1977 ($2.06 in chips) 
Seat 7: Sebban73 ($3.53 in chips) 
Seat 8: Dorex2007 ($3.82 in chips) 
Seat 9: Korvin1999 ($1.29 in chips) 
Korvin1999: posts small blind $0.01
Demidov V.S.: posts big blind $0.02
*** HOLE CARDS ***
Dealt to Dorex2007 [4s 4d]
Dr._Su_Poker: folds 
SashkoU: folds 
Sibur64: folds 
Honoritan420: folds 
j+sch1977: folds 
Sebban73: raises $0.02 to $0.04
Dorex2007: calls $0.04
Korvin1999: calls $0.03
Demidov V.S. has timed out
Demidov V.S.: folds 
*** FLOP *** [8h 7c Ts]
Korvin1999: checks 
Sebban73: checks 
Dorex2007: checks 
*** TURN *** [8h 7c Ts] [Jd]
Korvin1999: checks 
Sebban73: checks 
Dorex2007: bets $0.09
Korvin1999: folds 
Sebban73: folds 
Uncalled bet ($0.09) returned to Dorex2007
Dorex2007 collected $0.14 from pot
Dorex2007: doesn't show hand 
*** SUMMARY ***
Total pot $0.14 | Rake $0 
Board [8h 7c Ts Jd]
Seat 1: Demidov V.S. (big blind) folded before Flop
Seat 2: Dr._Su_Poker folded before Flop (didn't bet)
Seat 3: SashkoU folded before Flop (didn't bet)
Seat 4: Sibur64 folded before Flop (didn't bet)
Seat 5: Honoritan420 folded before Flop (didn't bet)
Seat 6: j+sch1977 folded before Flop (didn't bet)
Seat 7: Sebban73 folded on the Turn
Seat 8: Dorex2007 (button) collected ($0.14)
Seat 9: Korvin1999 (small blind) folded on the Turn



PokerStars Hand #227663611010:  Hold'em No Limit ($0.01/$0.02 USD) - 2021/06/18 0:13:06 PT [2021/06/18 3:13:06 ET]
Table 'Unukalhai II' 9-max Seat #9 is the button
Seat 2: Dr._Su_Poker ($1.88 in chips) 
Seat 3: SashkoU ($2.46 in chips) 
Seat 4: Sibur64 ($1.79 in chips) 
Seat 5: Honoritan420 ($1.65 in chips) 
Seat 6: j+sch1977 ($2.06 in chips) 
Seat 7: Sebban73 ($3.49 in chips) 
Seat 8: Dorex2007 ($3.92 in chips) 
Seat 9: Korvin1999 ($1.25 in chips) 
Dr._Su_Poker: posts small blind $0.01
SashkoU: posts big blind $0.02
*** HOLE CARDS ***
Dealt to Dorex2007 [9c Jd]
Sibur64: folds 
Honoritan420: calls $0.02
j+sch1977: folds 
Sebban73: folds 
Dorex2007: calls $0.02
Korvin1999: folds 
Dr._Su_Poker: calls $0.01
SashkoU: checks 
*** FLOP *** [6s Qd Ts]
Dr._Su_Poker: checks 
SashkoU: checks 
Honoritan420: checks 
Dorex2007: checks 
*** TURN *** [6s Qd Ts] [Kc]
Dr._Su_Poker: checks 
SashkoU: checks 
Honoritan420: bets $0.08
Dorex2007: raises $0.08 to $0.16
Dr._Su_Poker: folds 
SashkoU: folds 
Honoritan420: raises $0.46 to $0.62
Dorex2007: calls $0.46
*** RIVER *** [6s Qd Ts Kc] [6h]
Honoritan420: bets $1.01 and is all-in
Dorex2007: calls $1.01
*** SHOW DOWN ***
Honoritan420: shows [Jh Ah] (a straight, Ten to Ace)
Dorex2007: shows [9c Jd] (a straight, Nine to King)
Honoritan420 collected $3.22 from pot
*** SUMMARY ***
Total pot $3.34 | Rake $0.12 
Board [6s Qd Ts Kc 6h]
Seat 2: Dr._Su_Poker (small blind) folded on the Turn
Seat 3: SashkoU (big blind) folded on the Turn
Seat 4: Sibur64 folded before Flop (didn't bet)
Seat 5: Honoritan420 showed [Jh Ah] and won ($3.22) with a straight, Ten to Ace
Seat 6: j+sch1977 folded before Flop (didn't bet)
Seat 7: Sebban73 folded before Flop (didn't bet)
Seat 8: Dorex2007 showed [9c Jd] and lost with a straight, Nine to King
Seat 9: Korvin1999 (button) folded before Flop (didn't bet)



PokerStars Hand #227663620269:  Hold'em No Limit ($0.01/$0.02 USD) - 2021/06/18 0:14:11 PT [2021/06/18 3:14:11 ET]
Table 'Unukalhai II' 9-max Seat #2 is the button
Seat 2: Dr._Su_Poker ($1.86 in chips) 
Seat 3: SashkoU ($2.44 in chips) 
Seat 4: Sibur64 ($1.79 in chips) 
Seat 5: Honoritan420 ($3.22 in chips) 
Seat 6: j+sch1977 ($2.06 in chips) 
Seat 7: Sebban73 ($3.49 in chips) 
Seat 8: Dorex2007 ($2.27 in chips) 
Seat 9: Korvin1999 ($1.25 in chips) 
SashkoU: posts small blind $0.01
Sibur64: posts big blind $0.02
Demidov V.S.: sits out 
*** HOLE CARDS ***
Dealt to Dorex2007 [Jd Kd]
Honoritan420: folds 
j+sch1977: folds 
Sebban73: raises $0.02 to $0.04
Dorex2007: calls $0.04
Korvin1999: folds 
Dr._Su_Poker: raises $0.07 to $0.11
SashkoU: folds 
Sibur64: folds 
Sebban73: calls $0.07
Dorex2007: calls $0.07
*** FLOP *** [6h 6d 8d]
Sebban73: checks 
Dorex2007: bets $0.18
Dr._Su_Poker: calls $0.18
Sebban73: folds 
*** TURN *** [6h 6d 8d] [4s]
Dorex2007: checks 
Dr._Su_Poker: bets $0.34
Dorex2007: calls $0.34
*** RIVER *** [6h 6d 8d 4s] [3h]
Dorex2007: bets $1.35
Dr._Su_Poker: calls $1.23 and is all-in
Uncalled bet ($0.12) returned to Dorex2007
*** SHOW DOWN ***
Dorex2007: shows [Jd Kd] (a pair of Sixes)
Dr._Su_Poker: shows [Jc Js] (two pair, Jacks and Sixes)
Dr._Su_Poker collected $3.72 from pot
*** SUMMARY ***
Total pot $3.86 | Rake $0.14 
Board [6h 6d 8d 4s 3h]
Seat 2: Dr._Su_Poker (button) showed [Jc Js] and won ($3.72) with two pair, Jacks and Sixes
Seat 3: SashkoU (small blind) folded before Flop
Seat 4: Sibur64 (big blind) folded before Flop
Seat 5: Honoritan420 folded before Flop (didn't bet)
Seat 6: j+sch1977 folded before Flop (didn't bet)
Seat 7: Sebban73 folded on the Flop
Seat 8: Dorex2007 showed [Jd Kd] and lost with a pair of Sixes
Seat 9: Korvin1999 folded before Flop (didn't bet)



PokerStars Hand #227663631747:  Hold'em No Limit ($0.01/$0.02 USD) - 2021/06/18 0:15:34 PT [2021/06/18 3:15:34 ET]
Table 'Unukalhai II' 9-max Seat #3 is the button
Seat 2: Dr._Su_Poker ($3.72 in chips) 
Seat 3: SashkoU ($2.43 in chips) 
Seat 4: Sibur64 ($1.77 in chips) 
Seat 5: Honoritan420 ($3.22 in chips) 
Seat 6: j+sch1977 ($2.06 in chips) 
Seat 7: Sebban73 ($3.38 in chips) 
Seat 8: Dorex2007 ($0.41 in chips) 
Seat 9: Korvin1999 ($1.25 in chips) 
Sibur64: posts small blind $0.01
Honoritan420: posts big blind $0.02
Demidov V.S.: sits out 
*** HOLE CARDS ***
Dealt to Dorex2007 [4c Ah]
j+sch1977: folds 
Sebban73: folds 
Dorex2007: folds 
Korvin1999: folds 
Dr._Su_Poker: folds 
SashkoU: folds 
Sibur64: folds 
Uncalled bet ($0.01) returned to Honoritan420
Honoritan420 collected $0.02 from pot
Honoritan420: doesn't show hand 
*** SUMMARY ***
Total pot $0.02 | Rake $0 
Seat 2: Dr._Su_Poker folded before Flop (didn't bet)
Seat 3: SashkoU (button) folded before Flop (didn't bet)
Seat 4: Sibur64 (small blind) folded before Flop
Seat 5: Honoritan420 (big blind) collected ($0.02)
Seat 6: j+sch1977 folded before Flop (didn't bet)
Seat 7: Sebban73 folded before Flop (didn't bet)
Seat 8: Dorex2007 folded before Flop (didn't bet)
Seat 9: Korvin1999 folded before Flop (didn't bet)



PokerStars Hand #227663633159:  Hold'em No Limit ($0.01/$0.02 USD) - 2021/06/18 0:15:44 PT [2021/06/18 3:15:44 ET]
Table 'Unukalhai II' 9-max Seat #4 is the button
Seat 2: Dr._Su_Poker ($3.72 in chips) 
Seat 3: SashkoU ($2.43 in chips) 
Seat 4: Sibur64 ($1.76 in chips) 
Seat 5: Honoritan420 ($3.23 in chips) 
Seat 6: j+sch1977 ($2.06 in chips) 
Seat 7: Sebban73 ($3.38 in chips) 
Seat 8: Dorex2007 ($1.58 in chips) 
Seat 9: Korvin1999 ($1.25 in chips) 
Honoritan420: posts small blind $0.01
j+sch1977: posts big blind $0.02
Demidov V.S.: sits out 
*** HOLE CARDS ***
Dealt to Dorex2007 [Qh 9c]
Sebban73: folds 
Dorex2007: folds 
Korvin1999: folds 
Dr._Su_Poker: raises $0.03 to $0.05
SashkoU: folds 
Sibur64: folds 
Honoritan420: folds 
j+sch1977: folds 
Uncalled bet ($0.03) returned to Dr._Su_Poker
Dr._Su_Poker collected $0.05 from pot
*** SUMMARY ***
Total pot $0.05 | Rake $0 
Seat 2: Dr._Su_Poker collected ($0.05)
Seat 3: SashkoU folded before Flop (didn't bet)
Seat 4: Sibur64 (button) folded before Flop (didn't bet)
Seat 5: Honoritan420 (small blind) folded before Flop
Seat 6: j+sch1977 (big blind) folded before Flop
Seat 7: Sebban73 folded before Flop (didn't bet)
Seat 8: Dorex2007 folded before Flop (didn't bet)
Seat 9: Korvin1999 folded before Flop (didn't bet)



PokerStars Hand #227663636133:  Hold'em No Limit ($0.01/$0.02 USD) - 2021/06/18 0:16:05 PT [2021/06/18 3:16:05 ET]
Table 'Unukalhai II' 9-max Seat #5 is the button
Seat 2: Dr._Su_Poker ($3.75 in chips) 
Seat 3: SashkoU ($2.43 in chips) 
Seat 4: Sibur64 ($1.76 in chips) 
Seat 5: Honoritan420 ($3.22 in chips) 
Seat 6: j+sch1977 ($2.04 in chips) 
Seat 7: Sebban73 ($3.38 in chips) 
Seat 8: Dorex2007 ($2 in chips) 
Seat 9: Korvin1999 ($1.25 in chips) 
j+sch1977: posts small blind $0.01
Sebban73: posts big blind $0.02
Demidov V.S.: sits out 
*** HOLE CARDS ***
Dealt to Dorex2007 [Qs 5h]
Dorex2007: folds 
Korvin1999: folds 
Dr._Su_Poker: folds 
SashkoU: folds 
Sibur64: calls $0.02
Honoritan420: folds 
j+sch1977: raises $0.08 to $0.10
Sebban73: folds 
Sibur64: calls $0.08
*** FLOP *** [Jd 2s Jh]
j+sch1977: bets $0.08
Sibur64: calls $0.08
*** TURN *** [Jd 2s Jh] [6d]
j+sch1977: checks 
Sibur64: checks 
*** RIVER *** [Jd 2s Jh 6d] [Ad]
j+sch1977: checks 
Sibur64: checks 
*** SHOW DOWN ***
j+sch1977: shows [Kh Kc] (two pair, Kings and Jacks)
Sibur64: mucks hand 
j+sch1977 collected $0.37 from pot
*** SUMMARY ***
Total pot $0.38 | Rake $0.01 
Board [Jd 2s Jh 6d Ad]
Seat 2: Dr._Su_Poker folded before Flop (didn't bet)
Seat 3: SashkoU folded before Flop (didn't bet)
Seat 4: Sibur64 mucked [5s Ks]
Seat 5: Honoritan420 (button) folded before Flop (didn't bet)
Seat 6: j+sch1977 (small blind) showed [Kh Kc] and won ($0.37) with two pair, Kings and Jacks
Seat 7: Sebban73 (big blind) folded before Flop
Seat 8: Dorex2007 folded before Flop (didn't bet)
Seat 9: Korvin1999 folded before Flop (didn't bet)



PokerStars Hand #227663641359:  Hold'em No Limit ($0.01/$0.02 USD) - 2021/06/18 0:16:43 PT [2021/06/18 3:16:43 ET]
Table 'Unukalhai II' 9-max Seat #6 is the button
Seat 2: Dr._Su_Poker ($3.75 in chips) 
Seat 3: SashkoU ($2.43 in chips) 
Seat 4: Sibur64 ($1.58 in chips) 
Seat 5: Honoritan420 ($3.22 in chips) 
Seat 6: j+sch1977 ($2.23 in chips) 
Seat 7: Sebban73 ($3.36 in chips) 
Seat 8: Dorex2007 ($2 in chips) 
Seat 9: Korvin1999 ($1.25 in chips) 
Sebban73: posts small blind $0.01
Dorex2007: posts big blind $0.02
Demidov V.S.: sits out 
*** HOLE CARDS ***
Dealt to Dorex2007 [6d 2d]
Korvin1999: folds 
Dr._Su_Poker: folds 
SashkoU: folds 
Sibur64: folds 
Honoritan420: folds 
j+sch1977: folds 
Sebban73: raises $0.04 to $0.06
Dorex2007: folds 
Uncalled bet ($0.04) returned to Sebban73
Sebban73 collected $0.04 from pot
Sebban73: doesn't show hand 
*** SUMMARY ***
Total pot $0.04 | Rake $0 
Seat 2: Dr._Su_Poker folded before Flop (didn't bet)
Seat 3: SashkoU folded before Flop (didn't bet)
Seat 4: Sibur64 folded before Flop (didn't bet)
Seat 5: Honoritan420 folded before Flop (didn't bet)
Seat 6: j+sch1977 (button) folded before Flop (didn't bet)
Seat 7: Sebban73 (small blind) collected ($0.04)
Seat 8: Dorex2007 (big blind) folded before Flop
Seat 9: Korvin1999 folded before Flop (didn't bet)



PokerStars Hand #227663643837:  Hold'em No Limit ($0.01/$0.02 USD) - 2021/06/18 0:17:00 PT [2021/06/18 3:17:00 ET]
Table 'Unukalhai II' 9-max Seat #7 is the button
Seat 2: Dr._Su_Poker ($3.75 in chips) 
Seat 3: SashkoU ($2.43 in chips) 
Seat 4: Sibur64 ($1.58 in chips) 
Seat 5: Honoritan420 ($3.22 in chips) 
Seat 6: j+sch1977 ($2.23 in chips) 
Seat 7: Sebban73 ($3.38 in chips) 
Seat 8: Dorex2007 ($1.98 in chips) 
Seat 9: Korvin1999 ($1.25 in chips) 
Dorex2007: posts small blind $0.01
Korvin1999: posts big blind $0.02
Demidov V.S.: sits out 
*** HOLE CARDS ***
Dealt to Dorex2007 [6s 2d]
Dr._Su_Poker: folds 
SashkoU: folds 
Sibur64: folds 
Honoritan420: folds 
j+sch1977: folds 
Sebban73: folds 
Dorex2007: folds 
Uncalled bet ($0.01) returned to Korvin1999
Korvin1999 collected $0.02 from pot
Korvin1999: doesn't show hand 
*** SUMMARY ***
Total pot $0.02 | Rake $0 
Seat 2: Dr._Su_Poker folded before Flop (didn't bet)
Seat 3: SashkoU folded before Flop (didn't bet)
Seat 4: Sibur64 folded before Flop (didn't bet)
Seat 5: Honoritan420 folded before Flop (didn't bet)
Seat 6: j+sch1977 folded before Flop (didn't bet)
Seat 7: Sebban73 (button) folded before Flop (didn't bet)
Seat 8: Dorex2007 (small blind) folded before Flop
Seat 9: Korvin1999 (big blind) collected ($0.02)



PokerStars Hand #227663645247:  Hold'em No Limit ($0.01/$0.02 USD) - 2021/06/18 0:17:11 PT [2021/06/18 3:17:11 ET]
Table 'Unukalhai II' 9-max Seat #8 is the button
Seat 1: Demidov V.S. ($1.98 in chips) 
Seat 2: Dr._Su_Poker ($3.75 in chips) 
Seat 3: SashkoU ($2.43 in chips) 
Seat 4: Sibur64 ($1.58 in chips) 
Seat 5: Honoritan420 ($3.22 in chips) 
Seat 6: j+sch1977 ($2.23 in chips) 
Seat 7: Sebban73 ($3.38 in chips) 
Seat 8: Dorex2007 ($1.97 in chips) 
Seat 9: Korvin1999 ($1.26 in chips) 
Korvin1999: posts small blind $0.01
Demidov V.S.: posts big blind $0.02
*** HOLE CARDS ***
Dealt to Dorex2007 [3c As]
Dr._Su_Poker: folds 
SashkoU: folds 
Sibur64: folds 
Honoritan420: folds 
j+sch1977: folds 
Sebban73: raises $0.04 to $0.06
Dorex2007: folds 
Korvin1999: raises $0.04 to $0.10
Demidov V.S.: folds 
Sebban73: raises $0.10 to $0.20
Korvin1999: calls $0.10
*** FLOP *** [3d Qs Qh]
Korvin1999: checks 
Sebban73: bets $0.21
Korvin1999: raises $0.21 to $0.42
Sebban73: raises $2.76 to $3.18 and is all-in
Korvin1999: calls $0.64 and is all-in
Uncalled bet ($2.12) returned to Sebban73
*** TURN *** [3d Qs Qh] [8c]
*** RIVER *** [3d Qs Qh 8c] [Kd]
*** SHOW DOWN ***
Korvin1999: shows [Th Kc] (two pair, Kings and Queens)
Sebban73: shows [Jh Jd] (two pair, Queens and Jacks)
Korvin1999 collected $2.45 from pot
*** SUMMARY ***
Total pot $2.54 | Rake $0.09 
Board [3d Qs Qh 8c Kd]
Seat 1: Demidov V.S. (big blind) folded before Flop
Seat 2: Dr._Su_Poker folded before Flop (didn't bet)
Seat 3: SashkoU folded before Flop (didn't bet)
Seat 4: Sibur64 folded before Flop (didn't bet)
Seat 5: Honoritan420 folded before Flop (didn't bet)
Seat 6: j+sch1977 folded before Flop (didn't bet)
Seat 7: Sebban73 showed [Jh Jd] and lost with two pair, Queens and Jacks
Seat 8: Dorex2007 (button) folded before Flop (didn't bet)
Seat 9: Korvin1999 (small blind) showed [Th Kc] and won ($2.45) with two pair, Kings and Queens



PokerStars Hand #227663652127:  Hold'em No Limit ($0.01/$0.02 USD) - 2021/06/18 0:17:59 PT [2021/06/18 3:17:59 ET]
Table 'Unukalhai II' 9-max Seat #9 is the button
Seat 1: Demidov V.S. ($1.96 in chips) 
Seat 2: Dr._Su_Poker ($3.75 in chips) 
Seat 3: SashkoU ($2.43 in chips) 
Seat 4: Sibur64 ($1.58 in chips) 
Seat 5: Honoritan420 ($3.22 in chips) 
Seat 6: j+sch1977 ($2.23 in chips) 
Seat 7: Sebban73 ($2.12 in chips) 
Seat 8: Dorex2007 ($1.97 in chips) 
Seat 9: Korvin1999 ($2.45 in chips) 
Demidov V.S.: posts small blind $0.01
Dr._Su_Poker: posts big blind $0.02
*** HOLE CARDS ***
Dealt to Dorex2007 [6s Th]
SashkoU: folds 
Sibur64: folds 
Honoritan420: folds 
j+sch1977: folds 
Sebban73: folds 
Dorex2007: folds 
Korvin1999: raises $0.02 to $0.04
Demidov V.S.: folds 
Dr._Su_Poker: calls $0.02
*** FLOP *** [8c 4h 7c]
Dr._Su_Poker: checks 
Korvin1999: checks 
*** TURN *** [8c 4h 7c] [4d]
Dr._Su_Poker: bets $0.04
Korvin1999: raises $0.04 to $0.08
Dr._Su_Poker: calls $0.04
*** RIVER *** [8c 4h 7c 4d] [8d]
Dr._Su_Poker: checks 
Korvin1999: checks 
*** SHOW DOWN ***
Dr._Su_Poker: shows [7d 3d] (two pair, Eights and Sevens)
Korvin1999: mucks hand 
Dr._Su_Poker collected $0.24 from pot
*** SUMMARY ***
Total pot $0.25 | Rake $0.01 
Board [8c 4h 7c 4d 8d]
Seat 1: Demidov V.S. (small blind) folded before Flop
Seat 2: Dr._Su_Poker (big blind) showed [7d 3d] and won ($0.24) with two pair, Eights and Sevens
Seat 3: SashkoU folded before Flop (didn't bet)
Seat 4: Sibur64 folded before Flop (didn't bet)
Seat 5: Honoritan420 folded before Flop (didn't bet)
Seat 6: j+sch1977 folded before Flop (didn't bet)
Seat 7: Sebban73 folded before Flop (didn't bet)
Seat 8: Dorex2007 folded before Flop (didn't bet)
Seat 9: Korvin1999 (button) mucked [Jd Qh]



PokerStars Hand #227663656629:  Hold'em No Limit ($0.01/$0.02 USD) - 2021/06/18 0:18:32 PT [2021/06/18 3:18:32 ET]
Table 'Unukalhai II' 9-max Seat #1 is the button
Seat 1: Demidov V.S. ($1.95 in chips) 
Seat 2: Dr._Su_Poker ($3.87 in chips) 
Seat 3: SashkoU ($2.43 in chips) 
Seat 4: Sibur64 ($1.58 in chips) 
Seat 5: Honoritan420 ($3.22 in chips) 
Seat 6: j+sch1977 ($2.23 in chips) 
Seat 7: Sebban73 ($2.12 in chips) 
Seat 8: Dorex2007 ($1.97 in chips) 
Seat 9: Korvin1999 ($2.33 in chips) 
Dr._Su_Poker: posts small blind $0.01
SashkoU: posts big blind $0.02
*** HOLE CARDS ***
Dealt to Dorex2007 [8c 5c]
Sibur64: calls $0.02
Honoritan420: folds 
j+sch1977: folds 
Sebban73: folds 
Dorex2007: folds 
Korvin1999: raises $0.04 to $0.06
Demidov V.S.: folds 
Dr._Su_Poker: folds 
SashkoU: folds 
Sibur64: calls $0.04
*** FLOP *** [Td 8h 4c]
Sibur64: bets $0.10
Korvin1999: folds 
Uncalled bet ($0.10) returned to Sibur64
Sibur64 collected $0.14 from pot
*** SUMMARY ***
Total pot $0.15 | Rake $0.01 
Board [Td 8h 4c]
Seat 1: Demidov V.S. (button) folded before Flop (didn't bet)
Seat 2: Dr._Su_Poker (small blind) folded before Flop
Seat 3: SashkoU (big blind) folded before Flop
Seat 4: Sibur64 collected ($0.14)
Seat 5: Honoritan420 folded before Flop (didn't bet)
Seat 6: j+sch1977 folded before Flop (didn't bet)
Seat 7: Sebban73 folded before Flop (didn't bet)
Seat 8: Dorex2007 folded before Flop (didn't bet)
Seat 9: Korvin1999 folded on the Flop



PokerStars Hand #227663661395:  Hold'em No Limit ($0.01/$0.02 USD) - 2021/06/18 0:19:07 PT [2021/06/18 3:19:07 ET]
Table 'Unukalhai II' 9-max Seat #2 is the button
Seat 1: Demidov V.S. ($1.95 in chips) 
Seat 2: Dr._Su_Poker ($3.86 in chips) 
Seat 3: SashkoU ($2.41 in chips) 
Seat 4: Sibur64 ($1.66 in chips) 
Seat 5: Honoritan420 ($3.22 in chips) 
Seat 6: j+sch1977 ($2.23 in chips) 
Seat 7: Sebban73 ($2.12 in chips) 
Seat 8: Dorex2007 ($1.97 in chips) 
Seat 9: Korvin1999 ($2.27 in chips) 
SashkoU: posts small blind $0.01
Sibur64: posts big blind $0.02
*** HOLE CARDS ***
Dealt to Dorex2007 [7c Ts]
Honoritan420: folds 
j+sch1977: folds 
Sebban73: folds 
Dorex2007: folds 
Korvin1999: raises $0.02 to $0.04
Demidov V.S.: folds 
Dr._Su_Poker: folds 
SashkoU: folds 
Sibur64: folds 
Uncalled bet ($0.02) returned to Korvin1999
Korvin1999 collected $0.05 from pot
Korvin1999: doesn't show hand 
*** SUMMARY ***
Total pot $0.05 | Rake $0 
Seat 1: Demidov V.S. folded before Flop (didn't bet)
Seat 2: Dr._Su_Poker (button) folded before Flop (didn't bet)
Seat 3: SashkoU (small blind) folded before Flop
Seat 4: Sibur64 (big blind) folded before Flop
Seat 5: Honoritan420 folded before Flop (didn't bet)
Seat 6: j+sch1977 folded before Flop (didn't bet)
Seat 7: Sebban73 folded before Flop (didn't bet)
Seat 8: Dorex2007 folded before Flop (didn't bet)
Seat 9: Korvin1999 collected ($0.05)



PokerStars Hand #227663664661:  Hold'em No Limit ($0.01/$0.02 USD) - 2021/06/18 0:19:30 PT [2021/06/18 3:19:30 ET]
Table 'Unukalhai II' 9-max Seat #3 is the button
Seat 1: Demidov V.S. ($1.95 in chips) 
Seat 2: Dr._Su_Poker ($3.86 in chips) 
Seat 3: SashkoU ($2.40 in chips) 
Seat 4: Sibur64 ($1.64 in chips) 
Seat 6: j+sch1977 ($2.23 in chips) 
Seat 7: Sebban73 ($2.12 in chips) 
Seat 8: Dorex2007 ($1.97 in chips) 
Seat 9: Korvin1999 ($2.30 in chips) 
Sibur64: posts small blind $0.01
Honoritan420: is sitting out 
j+sch1977: posts big blind $0.02
*** HOLE CARDS ***
Dealt to Dorex2007 [8h Jd]
Sebban73: folds 
Dorex2007: folds 
Korvin1999: folds 
Demidov V.S.: folds 
Dr._Su_Poker: folds 
SashkoU: folds 
Sibur64: folds 
Uncalled bet ($0.01) returned to j+sch1977
j+sch1977 collected $0.02 from pot
*** SUMMARY ***
Total pot $0.02 | Rake $0 
Seat 1: Demidov V.S. folded before Flop (didn't bet)
Seat 2: Dr._Su_Poker folded before Flop (didn't bet)
Seat 3: SashkoU (button) folded before Flop (didn't bet)
Seat 4: Sibur64 (small blind) folded before Flop
Seat 6: j+sch1977 (big blind) collected ($0.02)
Seat 7: Sebban73 folded before Flop (didn't bet)
Seat 8: Dorex2007 folded before Flop (didn't bet)
Seat 9: Korvin1999 folded before Flop (didn't bet)



PokerStars Hand #227663666577:  Hold'em No Limit ($0.01/$0.02 USD) - 2021/06/18 0:19:43 PT [2021/06/18 3:19:43 ET]
Table 'Unukalhai II' 9-max Seat #4 is the button
Seat 1: Demidov V.S. ($1.95 in chips) 
Seat 2: Dr._Su_Poker ($3.86 in chips) 
Seat 3: SashkoU ($2.40 in chips) 
Seat 4: Sibur64 ($1.63 in chips) 
Seat 6: j+sch1977 ($2.24 in chips) 
Seat 7: Sebban73 ($2.12 in chips) 
Seat 8: Dorex2007 ($1.97 in chips) 
Seat 9: Korvin1999 ($2.30 in chips) 
j+sch1977: posts small blind $0.01
Sebban73: posts big blind $0.02
*** HOLE CARDS ***
Dealt to Dorex2007 [Js 7d]
Dorex2007: folds 
Korvin1999: raises $0.04 to $0.06
Demidov V.S.: calls $0.06
Dr._Su_Poker: folds 
SashkoU: folds 
Sibur64: folds 
j+sch1977: folds 
Sebban73: folds 
*** FLOP *** [As Td 6d]
Korvin1999: bets $0.07
Demidov V.S.: folds 
Uncalled bet ($0.07) returned to Korvin1999
Korvin1999 collected $0.14 from pot
Korvin1999: doesn't show hand 
*** SUMMARY ***
Total pot $0.15 | Rake $0.01 
Board [As Td 6d]
Seat 1: Demidov V.S. folded on the Flop
Seat 2: Dr._Su_Poker folded before Flop (didn't bet)
Seat 3: SashkoU folded before Flop (didn't bet)
Seat 4: Sibur64 (button) folded before Flop (didn't bet)
Seat 6: j+sch1977 (small blind) folded before Flop
Seat 7: Sebban73 (big blind) folded before Flop
Seat 8: Dorex2007 folded before Flop (didn't bet)
Seat 9: Korvin1999 collected ($0.14)



PokerStars Hand #227663671175:  Hold'em No Limit ($0.01/$0.02 USD) - 2021/06/18 0:20:16 PT [2021/06/18 3:20:16 ET]
Table 'Unukalhai II' 9-max Seat #6 is the button
Seat 1: Demidov V.S. ($1.89 in chips) 
Seat 2: Dr._Su_Poker ($3.86 in chips) 
Seat 3: SashkoU ($2.40 in chips) 
Seat 4: Sibur64 ($1.63 in chips) 
Seat 6: j+sch1977 ($2.23 in chips) 
Seat 7: Sebban73 ($2.10 in chips) 
Seat 8: Dorex2007 ($1.97 in chips) 
Seat 9: Korvin1999 ($2.38 in chips) 
Sebban73: posts small blind $0.01
Dorex2007: posts big blind $0.02
*** HOLE CARDS ***
Dealt to Dorex2007 [6h 5s]
Korvin1999: raises $0.02 to $0.04
Demidov V.S.: folds 
Dr._Su_Poker: folds 
SashkoU: folds 
Sibur64: calls $0.04
j+sch1977: folds 
Sebban73: calls $0.03
Dorex2007: folds 
*** FLOP *** [Tc 2s Qs]
Sebban73: checks 
Korvin1999: checks 
Sibur64: checks 
*** TURN *** [Tc 2s Qs] [5c]
Sebban73: checks 
Korvin1999: checks 
Sibur64: checks 
*** RIVER *** [Tc 2s Qs 5c] [3h]
Sebban73: checks 
Honoritan420 leaves the table
Korvin1999: bets $0.02
Sibur64: folds 
Sebban73: calls $0.02
*** SHOW DOWN ***
Korvin1999: shows [9h Ac] (high card Ace)
Sebban73: mucks hand 
Korvin1999 collected $0.17 from pot
*** SUMMARY ***
Total pot $0.18 | Rake $0.01 
Board [Tc 2s Qs 5c 3h]
Seat 1: Demidov V.S. folded before Flop (didn't bet)
Seat 2: Dr._Su_Poker folded before Flop (didn't bet)
Seat 3: SashkoU folded before Flop (didn't bet)
Seat 4: Sibur64 folded on the River
Seat 6: j+sch1977 (button) folded before Flop (didn't bet)
Seat 7: Sebban73 (small blind) mucked [Ad 6s]
Seat 8: Dorex2007 (big blind) folded before Flop
Seat 9: Korvin1999 showed [9h Ac] and won ($0.17) with high card Ace



PokerStars Hand #227663680941:  Hold'em No Limit ($0.01/$0.02 USD) - 2021/06/18 0:21:24 PT [2021/06/18 3:21:24 ET]
Table 'Unukalhai II' 9-max Seat #7 is the button
Seat 1: Demidov V.S. ($1.89 in chips) 
Seat 2: Dr._Su_Poker ($3.86 in chips) 
Seat 3: SashkoU ($2.40 in chips) 
Seat 4: Sibur64 ($1.59 in chips) 
Seat 6: j+sch1977 ($2.23 in chips) 
Seat 7: Sebban73 ($2.04 in chips) 
Seat 8: Dorex2007 ($1.95 in chips) 
Seat 9: Korvin1999 ($2.49 in chips) 
Dorex2007: posts small blind $0.01
Korvin1999: posts big blind $0.02
*** HOLE CARDS ***
Dealt to Dorex2007 [3c 4c]
Demidov V.S.: folds 
Dr._Su_Poker: folds 
Jonn20 joins the table at seat #5 
SashkoU: folds 
Sibur64: raises $0.02 to $0.04
j+sch1977: folds 
Sebban73: folds 
Dorex2007: calls $0.03
Korvin1999: folds 
*** FLOP *** [Qc Ad 7d]
Dorex2007: bets $0.05
Sibur64: folds 
Uncalled bet ($0.05) returned to Dorex2007
Dorex2007 collected $0.10 from pot
Dorex2007: doesn't show hand 
*** SUMMARY ***
Total pot $0.10 | Rake $0 
Board [Qc Ad 7d]
Seat 1: Demidov V.S. folded before Flop (didn't bet)
Seat 2: Dr._Su_Poker folded before Flop (didn't bet)
Seat 3: SashkoU folded before Flop (didn't bet)
Seat 4: Sibur64 folded on the Flop
Seat 6: j+sch1977 folded before Flop (didn't bet)
Seat 7: Sebban73 (button) folded before Flop (didn't bet)
Seat 8: Dorex2007 (small blind) collected ($0.10)
Seat 9: Korvin1999 (big blind) folded before Flop



PokerStars Hand #227663684911:  Hold'em No Limit ($0.01/$0.02 USD) - 2021/06/18 0:21:52 PT [2021/06/18 3:21:52 ET]
Table 'Unukalhai II' 9-max Seat #8 is the button
Seat 1: Demidov V.S. ($1.89 in chips) 
Seat 2: Dr._Su_Poker ($3.86 in chips) 
Seat 3: SashkoU ($2.40 in chips) 
Seat 4: Sibur64 ($1.55 in chips) 
Seat 6: j+sch1977 ($2.23 in chips) 
Seat 7: Sebban73 ($2.04 in chips) 
Seat 8: Dorex2007 ($2.01 in chips) 
Seat 9: Korvin1999 ($2.47 in chips) 
Korvin1999: posts small blind $0.01
Demidov V.S.: posts big blind $0.02
Jonn20: sits out 
*** HOLE CARDS ***
Dealt to Dorex2007 [Ts Tc]
Dr._Su_Poker: raises $0.03 to $0.05
SashkoU: folds 
Sibur64: folds 
j+sch1977: folds 
Sebban73: folds 
Dorex2007: calls $0.05
Korvin1999: raises $0.10 to $0.15
Demidov V.S.: folds 
Dr._Su_Poker: calls $0.10
Dorex2007: calls $0.10
*** FLOP *** [3h 3d 5h]
Korvin1999: checks 
Dr._Su_Poker: bets $0.22
Dorex2007: calls $0.22
Korvin1999: raises $2.10 to $2.32 and is all-in
Dr._Su_Poker: raises $1.39 to $3.71 and is all-in
Dorex2007: folds 
Uncalled bet ($1.39) returned to Dr._Su_Poker
*** TURN *** [3h 3d 5h] [Ad]
*** RIVER *** [3h 3d 5h Ad] [5c]
*** SHOW DOWN ***
Korvin1999: shows [Kh Kd] (two pair, Kings and Fives)
Dr._Su_Poker: shows [Ah Qh] (two pair, Aces and Fives)
Dr._Su_Poker collected $5.14 from pot
Korvin1999 cashed out the hand for $3.02 | Cash Out Fee $0.03
*** SUMMARY ***
Total pot $5.33 | Rake $0.19 
Board [3h 3d 5h Ad 5c]
Seat 1: Demidov V.S. (big blind) folded before Flop
Seat 2: Dr._Su_Poker showed [Ah Qh] and won ($5.14) with two pair, Aces and Fives
Seat 3: SashkoU folded before Flop (didn't bet)
Seat 4: Sibur64 folded before Flop (didn't bet)
Seat 6: j+sch1977 folded before Flop (didn't bet)
Seat 7: Sebban73 folded before Flop (didn't bet)
Seat 8: Dorex2007 (button) folded on the Flop
Seat 9: Korvin1999 (small blind) showed [Kh Kd] and lost with two pair, Kings and Fives (cashed out).



PokerStars Hand #227663695438:  Hold'em No Limit ($0.01/$0.02 USD) - 2021/06/18 0:23:06 PT [2021/06/18 3:23:06 ET]
Table 'Unukalhai II' 9-max Seat #9 is the button
Seat 1: Demidov V.S. ($1.87 in chips) 
Seat 2: Dr._Su_Poker ($6.53 in chips) 
Seat 3: SashkoU ($2.40 in chips) 
Seat 4: Sibur64 ($1.55 in chips) 
Seat 6: j+sch1977 ($2.23 in chips) 
Seat 7: Sebban73 ($2.04 in chips) 
Seat 8: Dorex2007 ($1.64 in chips) 
Seat 9: Korvin1999 ($3.02 in chips) 
Demidov V.S.: posts small blind $0.01
Dr._Su_Poker: posts big blind $0.02
Jonn20: sits out 
*** HOLE CARDS ***
Dealt to Dorex2007 [Kh 8s]
SashkoU has timed out
SashkoU: folds 
Sibur64 has timed out
Sibur64: folds 
j+sch1977: folds 
Sebban73: folds 
Dorex2007: folds 
Korvin1999: folds 
Demidov V.S.: folds 
Uncalled bet ($0.01) returned to Dr._Su_Poker
Dr._Su_Poker collected $0.02 from pot
*** SUMMARY ***
Total pot $0.02 | Rake $0 
Seat 1: Demidov V.S. (small blind) folded before Flop
Seat 2: Dr._Su_Poker (big blind) collected ($0.02)
Seat 3: SashkoU folded before Flop (didn't bet)
Seat 4: Sibur64 folded before Flop (didn't bet)
Seat 6: j+sch1977 folded before Flop (didn't bet)
Seat 7: Sebban73 folded before Flop (didn't bet)
Seat 8: Dorex2007 folded before Flop (didn't bet)
Seat 9: Korvin1999 (button) folded before Flop (didn't bet)



PokerStars Hand #227663700444:  Hold'em No Limit ($0.01/$0.02 USD) - 2021/06/18 0:23:40 PT [2021/06/18 3:23:40 ET]
Table 'Unukalhai II' 9-max Seat #1 is the button
Seat 1: Demidov V.S. ($1.86 in chips) 
Seat 2: Dr._Su_Poker ($6.54 in chips) 
Seat 3: SashkoU ($2.40 in chips) 
Seat 6: j+sch1977 ($2.23 in chips) 
Seat 7: Sebban73 ($2.04 in chips) 
Seat 8: Dorex2007 ($1.64 in chips) 
Seat 9: Korvin1999 ($3.02 in chips) 
Dr._Su_Poker: posts small blind $0.01
SashkoU: posts big blind $0.02
Jonn20: sits out 
*** HOLE CARDS ***
Dealt to Dorex2007 [2h 4c]
j+sch1977: folds 
Sebban73: raises $0.04 to $0.06
Dorex2007: folds 
Korvin1999: calls $0.06
Demidov V.S.: raises $0.18 to $0.24
Dr._Su_Poker: folds 
SashkoU: folds 
Sebban73: folds 
Korvin1999: folds 
Uncalled bet ($0.18) returned to Demidov V.S.
Dr._Su_Poker leaves the table
Demidov V.S. collected $0.21 from pot
Demidov V.S.: doesn't show hand 
*** SUMMARY ***
Total pot $0.21 | Rake $0 
Seat 1: Demidov V.S. (button) collected ($0.21)
Seat 2: Dr._Su_Poker (small blind) folded before Flop
Seat 3: SashkoU (big blind) folded before Flop
Seat 6: j+sch1977 folded before Flop (didn't bet)
Seat 7: Sebban73 folded before Flop
Seat 8: Dorex2007 folded before Flop (didn't bet)
Seat 9: Korvin1999 folded before Flop



PokerStars Hand #227663704858:  Hold'em No Limit ($0.01/$0.02 USD) - 2021/06/18 0:24:11 PT [2021/06/18 3:24:11 ET]
Table 'Unukalhai II' 9-max Seat #3 is the button
Seat 1: Demidov V.S. ($2.01 in chips) 
Seat 3: SashkoU ($2.38 in chips) 
Seat 6: j+sch1977 ($2.23 in chips) 
Seat 7: Sebban73 ($2 in chips) 
Seat 8: Dorex2007 ($1.64 in chips) 
Seat 9: Korvin1999 ($2.96 in chips) 
j+sch1977: posts small blind $0.01
Sebban73: posts big blind $0.02
*** HOLE CARDS ***
Dealt to Dorex2007 [Td 7h]
noborin joins the table at seat #2 
Dorex2007: folds 
Korvin1999: folds 
Demidov V.S.: folds 
SashkoU: folds 
j+sch1977: folds 
Uncalled bet ($0.01) returned to Sebban73
Sebban73 collected $0.02 from pot
Sebban73: doesn't show hand 
*** SUMMARY ***
Total pot $0.02 | Rake $0 
Seat 1: Demidov V.S. folded before Flop (didn't bet)
Seat 3: SashkoU (button) folded before Flop (didn't bet)
Seat 6: j+sch1977 (small blind) folded before Flop
Seat 7: Sebban73 (big blind) collected ($0.02)
Seat 8: Dorex2007 folded before Flop (didn't bet)
Seat 9: Korvin1999 folded before Flop (didn't bet)



PokerStars Hand #227663708114:  Hold'em No Limit ($0.01/$0.02 USD) - 2021/06/18 0:24:33 PT [2021/06/18 3:24:33 ET]
Table 'Unukalhai II' 9-max Seat #6 is the button
Seat 1: Demidov V.S. ($2.01 in chips) 
Seat 3: SashkoU ($2.38 in chips) 
Seat 4: Sibur64 ($1.55 in chips) 
Seat 6: j+sch1977 ($2.22 in chips) 
Seat 7: Sebban73 ($2.01 in chips) 
Seat 8: Dorex2007 ($1.64 in chips) 
Seat 9: Korvin1999 ($2.96 in chips) 
Sebban73: posts small blind $0.01
Dorex2007: posts big blind $0.02
noborin: sits out 
Sibur64: posts small blind $0.01
Jonn20: sits out 
*** HOLE CARDS ***
Dealt to Dorex2007 [Kd 7h]
Korvin1999: raises $0.02 to $0.04
Demidov V.S.: folds 
SashkoU: folds 
Sibur64: folds 
j+sch1977: folds 
Sebban73: folds 
Dorex2007: calls $0.02
*** FLOP *** [Qs 8d 5h]
Dorex2007: checks 
Korvin1999: bets $0.05
Dorex2007: folds 
Uncalled bet ($0.05) returned to Korvin1999
Korvin1999 collected $0.10 from pot
Korvin1999: doesn't show hand 
*** SUMMARY ***
Total pot $0.10 | Rake $0 
Board [Qs 8d 5h]
Seat 1: Demidov V.S. folded before Flop (didn't bet)
Seat 3: SashkoU folded before Flop (didn't bet)
Seat 4: Sibur64 folded before Flop (didn't bet)
Seat 6: j+sch1977 (button) folded before Flop (didn't bet)
Seat 7: Sebban73 (small blind) folded before Flop
Seat 8: Dorex2007 (big blind) folded on the Flop
Seat 9: Korvin1999 collected ($0.10)



PokerStars Hand #227663712713:  Hold'em No Limit ($0.01/$0.02 USD) - 2021/06/18 0:25:05 PT [2021/06/18 3:25:05 ET]
Table 'Unukalhai II' 9-max Seat #7 is the button
Seat 1: Demidov V.S. ($2.01 in chips) 
Seat 3: SashkoU ($2.38 in chips) 
Seat 4: Sibur64 ($1.54 in chips) 
Seat 6: j+sch1977 ($2.22 in chips) 
Seat 7: Sebban73 ($2 in chips) 
Seat 8: Dorex2007 ($1.96 in chips) 
Seat 9: Korvin1999 ($3.02 in chips) 
Dorex2007: posts small blind $0.01
Korvin1999: posts big blind $0.02
noborin: sits out 
Jonn20: sits out 
*** HOLE CARDS ***
Dealt to Dorex2007 [3s 7d]
Demidov V.S.: folds 
SashkoU: folds 
Sibur64: raises $0.02 to $0.04
j+sch1977: folds 
Sebban73: folds 
Dorex2007: folds 
Korvin1999: calls $0.02
*** FLOP *** [4d 7c 7s]
Korvin1999: checks 
Sibur64: bets $0.06
Korvin1999: calls $0.06
*** TURN *** [4d 7c 7s] [Ah]
Korvin1999: checks 
Sibur64: bets $0.08
Korvin1999: calls $0.08
*** RIVER *** [4d 7c 7s Ah] [6h]
Korvin1999: checks 
Sibur64: bets $0.18
Korvin1999: folds 
Uncalled bet ($0.18) returned to Sibur64
Sibur64 collected $0.36 from pot
*** SUMMARY ***
Total pot $0.37 | Rake $0.01 
Board [4d 7c 7s Ah 6h]
Seat 1: Demidov V.S. folded before Flop (didn't bet)
Seat 3: SashkoU folded before Flop (didn't bet)
Seat 4: Sibur64 collected ($0.36)
Seat 6: j+sch1977 folded before Flop (didn't bet)
Seat 7: Sebban73 (button) folded before Flop (didn't bet)
Seat 8: Dorex2007 (small blind) folded before Flop
Seat 9: Korvin1999 (big blind) folded on the River



PokerStars Hand #227663719342:  Hold'em No Limit ($0.01/$0.02 USD) - 2021/06/18 0:25:51 PT [2021/06/18 3:25:51 ET]
Table 'Unukalhai II' 9-max Seat #8 is the button
Seat 1: Demidov V.S. ($2.01 in chips) 
Seat 3: SashkoU ($2.38 in chips) 
Seat 4: Sibur64 ($1.72 in chips) 
Seat 6: j+sch1977 ($2.22 in chips) 
Seat 7: Sebban73 ($2 in chips) 
Seat 8: Dorex2007 ($1.95 in chips) 
Seat 9: Korvin1999 ($2.84 in chips) 
Korvin1999: posts small blind $0.01
Demidov V.S.: posts big blind $0.02
noborin: sits out 
Jonn20: sits out 
*** HOLE CARDS ***
Dealt to Dorex2007 [Ks 8h]
SashkoU: folds 
Sibur64: raises $0.02 to $0.04
j+sch1977: folds 
Sebban73: folds 
Dorex2007: folds 
Korvin1999: raises $0.02 to $0.06
Demidov V.S.: folds 
Sibur64: calls $0.02
*** FLOP *** [4s 2c Qc]
Korvin1999: bets $0.14
Sibur64: calls $0.14
*** TURN *** [4s 2c Qc] [9c]
Korvin1999: bets $0.41
Sibur64: folds 
Uncalled bet ($0.41) returned to Korvin1999
Korvin1999 collected $0.41 from pot
Korvin1999: doesn't show hand 
*** SUMMARY ***
Total pot $0.42 | Rake $0.01 
Board [4s 2c Qc 9c]
Seat 1: Demidov V.S. (big blind) folded before Flop
Seat 3: SashkoU folded before Flop (didn't bet)
Seat 4: Sibur64 folded on the Turn
Seat 6: j+sch1977 folded before Flop (didn't bet)
Seat 7: Sebban73 folded before Flop (didn't bet)
Seat 8: Dorex2007 (button) folded before Flop (didn't bet)
Seat 9: Korvin1999 (small blind) collected ($0.41)



PokerStars Hand #227663724853:  Hold'em No Limit ($0.01/$0.02 USD) - 2021/06/18 0:26:29 PT [2021/06/18 3:26:29 ET]
Table 'Unukalhai II' 9-max Seat #9 is the button
Seat 1: Demidov V.S. ($1.99 in chips) 
Seat 2: noborin ($1 in chips) 
Seat 3: SashkoU ($2.38 in chips) 
Seat 4: Sibur64 ($1.52 in chips) 
Seat 6: j+sch1977 ($2.22 in chips) 
Seat 7: Sebban73 ($2 in chips) 
Seat 8: Dorex2007 ($1.95 in chips) 
Seat 9: Korvin1999 ($3.05 in chips) 
Demidov V.S.: posts small blind $0.01
noborin: posts big blind $0.02
Jonn20: sits out 
*** HOLE CARDS ***
Dealt to Dorex2007 [Jc 7s]
SashkoU: folds 
Sibur64: folds 
j+sch1977: folds 
Sebban73: raises $0.02 to $0.04
Dorex2007: folds 
Korvin1999: folds 
Demidov V.S.: folds 
noborin: calls $0.02
*** FLOP *** [3c 7c As]
noborin: checks 
Sebban73: bets $0.02
noborin: folds 
Uncalled bet ($0.02) returned to Sebban73
Sebban73 collected $0.09 from pot
Sebban73: doesn't show hand 
*** SUMMARY ***
Total pot $0.09 | Rake $0 
Board [3c 7c As]
Seat 1: Demidov V.S. (small blind) folded before Flop
Seat 2: noborin (big blind) folded on the Flop
Seat 3: SashkoU folded before Flop (didn't bet)
Seat 4: Sibur64 folded before Flop (didn't bet)
Seat 6: j+sch1977 folded before Flop (didn't bet)
Seat 7: Sebban73 collected ($0.09)
Seat 8: Dorex2007 folded before Flop (didn't bet)
Seat 9: Korvin1999 (button) folded before Flop (didn't bet)



PokerStars Hand #227663730023:  Hold'em No Limit ($0.01/$0.02 USD) - 2021/06/18 0:27:04 PT [2021/06/18 3:27:04 ET]
Table 'Unukalhai II' 9-max Seat #1 is the button
Seat 1: Demidov V.S. ($1.98 in chips) 
Seat 2: noborin ($0.96 in chips) 
Seat 3: SashkoU ($2.38 in chips) 
Seat 4: Sibur64 ($1.52 in chips) 
Seat 6: j+sch1977 ($2.22 in chips) 
Seat 7: Sebban73 ($2.05 in chips) 
Seat 8: Dorex2007 ($1.95 in chips) 
Seat 9: Korvin1999 ($3.05 in chips) 
noborin: posts small blind $0.01
SashkoU: posts big blind $0.02
Jonn20: sits out 
*** HOLE CARDS ***
Dealt to Dorex2007 [4c Ks]
Sibur64: folds 
j+sch1977: folds 
Sebban73: folds 
Dorex2007: folds 
Korvin1999: raises $0.04 to $0.06
Demidov V.S.: folds 
noborin: calls $0.05
SashkoU: folds 
*** FLOP *** [Jh Kc 9s]
noborin: checks 
Korvin1999: bets $0.07
noborin: folds 
Uncalled bet ($0.07) returned to Korvin1999
Korvin1999 collected $0.14 from pot
Korvin1999: doesn't show hand 
*** SUMMARY ***
Total pot $0.14 | Rake $0 
Board [Jh Kc 9s]
Seat 1: Demidov V.S. (button) folded before Flop (didn't bet)
Seat 2: noborin (small blind) folded on the Flop
Seat 3: SashkoU (big blind) folded before Flop
Seat 4: Sibur64 folded before Flop (didn't bet)
Seat 6: j+sch1977 folded before Flop (didn't bet)
Seat 7: Sebban73 folded before Flop (didn't bet)
Seat 8: Dorex2007 folded before Flop (didn't bet)
Seat 9: Korvin1999 collected ($0.14)



PokerStars Hand #227663736309:  Hold'em No Limit ($0.01/$0.02 USD) - 2021/06/18 0:27:46 PT [2021/06/18 3:27:46 ET]
Table 'Unukalhai II' 9-max Seat #2 is the button
Seat 1: Demidov V.S. ($1.98 in chips) 
Seat 2: noborin ($0.90 in chips) 
Seat 3: SashkoU ($2.36 in chips) 
Seat 4: Sibur64 ($1.52 in chips) 
Seat 6: j+sch1977 ($2.22 in chips) 
Seat 7: Sebban73 ($2.05 in chips) 
Seat 8: Dorex2007 ($1.95 in chips) 
Seat 9: Korvin1999 ($3.13 in chips) 
SashkoU: posts small blind $0.01
Sibur64: posts big blind $0.02
Jonn20: sits out 
*** HOLE CARDS ***
Dealt to Dorex2007 [5c Kc]
j+sch1977: folds 
Sebban73 has timed out
Sebban73: folds 
Dorex2007: folds 
Korvin1999: folds 
Demidov V.S.: raises $0.04 to $0.06
noborin: folds 
SashkoU: folds 
Sibur64: folds 
Uncalled bet ($0.04) returned to Demidov V.S.
Demidov V.S. collected $0.05 from pot
Demidov V.S.: doesn't show hand 
*** SUMMARY ***
Total pot $0.05 | Rake $0 
Seat 1: Demidov V.S. collected ($0.05)
Seat 2: noborin (button) folded before Flop (didn't bet)
Seat 3: SashkoU (small blind) folded before Flop
Seat 4: Sibur64 (big blind) folded before Flop
Seat 6: j+sch1977 folded before Flop (didn't bet)
Seat 7: Sebban73 folded before Flop (didn't bet)
Seat 8: Dorex2007 folded before Flop (didn't bet)
Seat 9: Korvin1999 folded before Flop (didn't bet)



PokerStars Hand #227663740751:  Hold'em No Limit ($0.01/$0.02 USD) - 2021/06/18 0:28:17 PT [2021/06/18 3:28:17 ET]
Table 'Unukalhai II' 9-max Seat #3 is the button
Seat 1: Demidov V.S. ($2.01 in chips) 
Seat 2: noborin ($0.90 in chips) 
Seat 3: SashkoU ($2.35 in chips) 
Seat 4: Sibur64 ($1.50 in chips) 
Seat 5: Jonn20 ($2 in chips) 
Seat 6: j+sch1977 ($2.22 in chips) 
Seat 7: Sebban73 ($2.05 in chips) 
Seat 8: Dorex2007 ($1.95 in chips) 
Seat 9: Korvin1999 ($3.13 in chips) 
Sibur64: posts small blind $0.01
Jonn20: posts big blind $0.02
*** HOLE CARDS ***
Dealt to Dorex2007 [7s 7d]
j+sch1977: folds 
Sebban73: raises $0.04 to $0.06
j+sch1977 leaves the table
Dorex2007: calls $0.06
Korvin1999: raises $0.19 to $0.25
Demidov V.S.: folds 
noborin: folds 
SashkoU: folds 
Sibur64: folds 
Jonn20: folds 
Sebban73: calls $0.19
Dorex2007: folds 
*** FLOP *** [Qs Ks 3c]
Sebban73: checks 
Korvin1999: bets $2.88 and is all-in
Sebban73: folds 
Uncalled bet ($2.88) returned to Korvin1999
Korvin1999 collected $0.57 from pot
Korvin1999: doesn't show hand 
*** SUMMARY ***
Total pot $0.59 | Rake $0.02 
Board [Qs Ks 3c]
Seat 1: Demidov V.S. folded before Flop (didn't bet)
Seat 2: noborin folded before Flop (didn't bet)
Seat 3: SashkoU (button) folded before Flop (didn't bet)
Seat 4: Sibur64 (small blind) folded before Flop
Seat 5: Jonn20 (big blind) folded before Flop
Seat 6: j+sch1977 folded before Flop (didn't bet)
Seat 7: Sebban73 folded on the Flop
Seat 8: Dorex2007 folded before Flop
Seat 9: Korvin1999 collected ($0.57)



PokerStars Hand #227663747451:  Hold'em No Limit ($0.01/$0.02 USD) - 2021/06/18 0:29:03 PT [2021/06/18 3:29:03 ET]
Table 'Unukalhai II' 9-max Seat #4 is the button
Seat 1: Demidov V.S. ($2.01 in chips) 
Seat 2: noborin ($0.90 in chips) 
Seat 3: SashkoU ($2.35 in chips) 
Seat 4: Sibur64 ($1.49 in chips) 
Seat 5: Jonn20 ($1.98 in chips) 
Seat 7: Sebban73 ($2 in chips) 
Seat 8: Dorex2007 ($1.89 in chips) 
Seat 9: Korvin1999 ($3.45 in chips) 
Jonn20: posts small blind $0.01
Sebban73: posts big blind $0.02
*** HOLE CARDS ***
Dealt to Dorex2007 [Qc Jh]
Dorex2007: folds 
Korvin1999: folds 
Demidov V.S.: folds 
noborin: calls $0.02
SashkoU: folds 
Sibur64: calls $0.02
Jonn20: folds 
Sebban73: checks 
*** FLOP *** [Ac 8h Ad]
Sebban73: checks 
noborin: checks 
Sibur64: checks 
*** TURN *** [Ac 8h Ad] [9c]
Sebban73: bets $0.04
noborin: folds 
Sibur64: calls $0.04
*** RIVER *** [Ac 8h Ad 9c] [6h]
Sebban73: bets $0.09
Sibur64: calls $0.09
*** SHOW DOWN ***
Sebban73: shows [Qd Td] (a pair of Aces)
Sibur64: shows [2s 2h] (two pair, Aces and Deuces)
Sibur64 collected $0.32 from pot
*** SUMMARY ***
Total pot $0.33 | Rake $0.01 
Board [Ac 8h Ad 9c 6h]
Seat 1: Demidov V.S. folded before Flop (didn't bet)
Seat 2: noborin folded on the Turn
Seat 3: SashkoU folded before Flop (didn't bet)
Seat 4: Sibur64 (button) showed [2s 2h] and won ($0.32) with two pair, Aces and Deuces
Seat 5: Jonn20 (small blind) folded before Flop
Seat 7: Sebban73 (big blind) showed [Qd Td] and lost with a pair of Aces
Seat 8: Dorex2007 folded before Flop (didn't bet)
Seat 9: Korvin1999 folded before Flop (didn't bet)



PokerStars Hand #227663754160:  Hold'em No Limit ($0.01/$0.02 USD) - 2021/06/18 0:29:49 PT [2021/06/18 3:29:49 ET]
Table 'Unukalhai II' 9-max Seat #5 is the button
Seat 1: Demidov V.S. ($2.01 in chips) 
Seat 2: noborin ($0.88 in chips) 
Seat 3: SashkoU ($2.35 in chips) 
Seat 4: Sibur64 ($1.66 in chips) 
Seat 5: Jonn20 ($1.97 in chips) 
Seat 7: Sebban73 ($2 in chips) 
Seat 8: Dorex2007 ($1.89 in chips) 
Seat 9: Korvin1999 ($3.45 in chips) 
Sebban73: posts small blind $0.01
Dorex2007: posts big blind $0.02
*** HOLE CARDS ***
Dealt to Dorex2007 [8d Ts]
Korvin1999: folds 
Demidov V.S.: folds 
noborin: folds 
SashkoU: folds 
Sibur64: calls $0.02
Jonn20: folds 
Sebban73: folds 
Dorex2007: checks 
*** FLOP *** [8h 8s 4s]
Kela1373 joins the table at seat #6 
Dorex2007: checks 
Sibur64: checks 
*** TURN *** [8h 8s 4s] [3c]
Dorex2007: bets $0.03
Sibur64: calls $0.03
*** RIVER *** [8h 8s 4s 3c] [Js]
Dorex2007: checks 
Sibur64: checks 
*** SHOW DOWN ***
Dorex2007: shows [8d Ts] (three of a kind, Eights)
Sibur64: mucks hand 
Dorex2007 collected $0.11 from pot
*** SUMMARY ***
Total pot $0.11 | Rake $0 
Board [8h 8s 4s 3c Js]
Seat 1: Demidov V.S. folded before Flop (didn't bet)
Seat 2: noborin folded before Flop (didn't bet)
Seat 3: SashkoU folded before Flop (didn't bet)
Seat 4: Sibur64 mucked [Td Kc]
Seat 5: Jonn20 (button) folded before Flop (didn't bet)
Seat 7: Sebban73 (small blind) folded before Flop
Seat 8: Dorex2007 (big blind) showed [8d Ts] and won ($0.11) with three of a kind, Eights
Seat 9: Korvin1999 folded before Flop (didn't bet)



PokerStars Hand #227663760951:  Hold'em No Limit ($0.01/$0.02 USD) - 2021/06/18 0:30:34 PT [2021/06/18 3:30:34 ET]
Table 'Unukalhai II' 9-max Seat #7 is the button
Seat 1: Demidov V.S. ($2.01 in chips) 
Seat 2: noborin ($0.88 in chips) 
Seat 3: SashkoU ($2.35 in chips) 
Seat 4: Sibur64 ($1.61 in chips) 
Seat 5: Jonn20 ($1.97 in chips) 
Seat 7: Sebban73 ($2 in chips) 
Seat 8: Dorex2007 ($1.95 in chips) 
Dorex2007: posts small blind $0.01
Korvin1999 has timed out
Korvin1999: is sitting out 
Demidov V.S.: posts big blind $0.02
Kela1373: sits out 
*** HOLE CARDS ***
Dealt to Dorex2007 [7h Jd]
noborin: folds 
SashkoU: folds 
Sibur64: folds 
Jonn20: folds 
Sebban73: folds 
Korvin1999 is disconnected 
Dorex2007: calls $0.01
Demidov V.S.: checks 
*** FLOP *** [7d 4c 8h]
Dorex2007: bets $0.04
Demidov V.S.: folds 
Uncalled bet ($0.04) returned to Dorex2007
Dorex2007 collected $0.04 from pot
Dorex2007: doesn't show hand 
*** SUMMARY ***
Total pot $0.04 | Rake $0 
Board [7d 4c 8h]
Seat 1: Demidov V.S. (big blind) folded on the Flop
Seat 2: noborin folded before Flop (didn't bet)
Seat 3: SashkoU folded before Flop (didn't bet)
Seat 4: Sibur64 folded before Flop (didn't bet)
Seat 5: Jonn20 folded before Flop (didn't bet)
Seat 7: Sebban73 (button) folded before Flop (didn't bet)
Seat 8: Dorex2007 (small blind) collected ($0.04)



PokerStars Hand #227663766155:  Hold'em No Limit ($0.01/$0.02 USD) - 2021/06/18 0:31:09 PT [2021/06/18 3:31:09 ET]
Table 'Unukalhai II' 9-max Seat #8 is the button
Seat 1: Demidov V.S. ($1.99 in chips) 
Seat 2: noborin ($0.88 in chips) 
Seat 3: SashkoU ($2.35 in chips) 
Seat 4: Sibur64 ($1.61 in chips) 
Seat 5: Jonn20 ($1.97 in chips) 
Seat 7: Sebban73 ($2 in chips) 
Seat 8: Dorex2007 ($1.97 in chips) 
Demidov V.S.: posts small blind $0.01
noborin: posts big blind $0.02
Kela1373: sits out 
*** HOLE CARDS ***
Dealt to Dorex2007 [8d 6d]
SashkoU: folds 
Sibur64: calls $0.02
Jonn20: folds 
Sebban73: folds 
Dorex2007: folds 
Demidov V.S.: folds 
noborin: raises $0.02 to $0.04
Sibur64: calls $0.02
*** FLOP *** [Qh Ks 9c]
noborin: bets $0.04
Sibur64: calls $0.04
*** TURN *** [Qh Ks 9c] [2d]
noborin: checks 
Sibur64: checks 
*** RIVER *** [Qh Ks 9c 2d] [Ts]
noborin: bets $0.06
Sibur64: folds 
Uncalled bet ($0.06) returned to noborin
noborin collected $0.16 from pot
noborin: doesn't show hand 
*** SUMMARY ***
Total pot $0.17 | Rake $0.01 
Board [Qh Ks 9c 2d Ts]
Seat 1: Demidov V.S. (small blind) folded before Flop
Seat 2: noborin (big blind) collected ($0.16)
Seat 3: SashkoU folded before Flop (didn't bet)
Seat 4: Sibur64 folded on the River
Seat 5: Jonn20 folded before Flop (didn't bet)
Seat 7: Sebban73 folded before Flop (didn't bet)
Seat 8: Dorex2007 (button) folded before Flop (didn't bet)



PokerStars Hand #227663773418:  Hold'em No Limit ($0.01/$0.02 USD) - 2021/06/18 0:31:58 PT [2021/06/18 3:31:58 ET]
Table 'Unukalhai II' 9-max Seat #1 is the button
Seat 1: Demidov V.S. ($1.98 in chips) 
Seat 2: noborin ($0.96 in chips) 
Seat 3: SashkoU ($2.35 in chips) 
Seat 4: Sibur64 ($1.53 in chips) 
Seat 5: Jonn20 ($1.97 in chips) 
Seat 7: Sebban73 ($2 in chips) 
Seat 8: Dorex2007 ($1.97 in chips) 
Seat 9: Korvin1999 ($3.45 in chips) 
noborin: posts small blind $0.01
SashkoU: posts big blind $0.02
Kela1373: sits out 
Korvin1999: posts small & big blinds $0.03
*** HOLE CARDS ***
Dealt to Dorex2007 [Ts Jd]
Sibur64: folds 
Jonn20: folds 
Sebban73: raises $0.04 to $0.06
Dorex2007: folds 
Korvin1999: folds 
Demidov V.S.: folds 
noborin: folds 
SashkoU: folds 
Uncalled bet ($0.04) returned to Sebban73
Sebban73 collected $0.08 from pot
Sebban73: doesn't show hand 
*** SUMMARY ***
Total pot $0.08 | Rake $0 
Seat 1: Demidov V.S. (button) folded before Flop (didn't bet)
Seat 2: noborin (small blind) folded before Flop
Seat 3: SashkoU (big blind) folded before Flop
Seat 4: Sibur64 folded before Flop (didn't bet)
Seat 5: Jonn20 folded before Flop (didn't bet)
Seat 7: Sebban73 collected ($0.08)
Seat 8: Dorex2007 folded before Flop (didn't bet)
Seat 9: Korvin1999 folded before Flop (didn't bet)



PokerStars Hand #227663776184:  Hold'em No Limit ($0.01/$0.02 USD) - 2021/06/18 0:32:17 PT [2021/06/18 3:32:17 ET]
Table 'Unukalhai II' 9-max Seat #2 is the button
Seat 1: Demidov V.S. ($1.98 in chips) 
Seat 2: noborin ($0.95 in chips) 
Seat 3: SashkoU ($2.33 in chips) 
Seat 4: Sibur64 ($1.53 in chips) 
Seat 5: Jonn20 ($1.97 in chips) 
Seat 7: Sebban73 ($2.06 in chips) 
Seat 8: Dorex2007 ($1.97 in chips) 
Seat 9: Korvin1999 ($3.42 in chips) 
SashkoU: posts small blind $0.01
Sibur64: posts big blind $0.02
Kela1373: sits out 
*** HOLE CARDS ***
Dealt to Dorex2007 [8h Ts]
Jonn20: folds 
Sebban73: raises $0.04 to $0.06
Dorex2007: folds 
Korvin1999: folds 
Demidov V.S.: folds 
noborin: folds 
SashkoU: folds 
Sibur64: folds 
Uncalled bet ($0.04) returned to Sebban73
Sebban73 collected $0.05 from pot
*** SUMMARY ***
Total pot $0.05 | Rake $0 
Seat 1: Demidov V.S. folded before Flop (didn't bet)
Seat 2: noborin (button) folded before Flop (didn't bet)
Seat 3: SashkoU (small blind) folded before Flop
Seat 4: Sibur64 (big blind) folded before Flop
Seat 5: Jonn20 folded before Flop (didn't bet)
Seat 7: Sebban73 collected ($0.05)
Seat 8: Dorex2007 folded before Flop (didn't bet)
Seat 9: Korvin1999 folded before Flop (didn't bet)



PokerStars Hand #227663778075:  Hold'em No Limit ($0.01/$0.02 USD) - 2021/06/18 0:32:30 PT [2021/06/18 3:32:30 ET]
Table 'Unukalhai II' 9-max Seat #3 is the button
Seat 1: Demidov V.S. ($1.98 in chips) 
Seat 2: noborin ($0.95 in chips) 
Seat 3: SashkoU ($2.32 in chips) 
Seat 4: Sibur64 ($1.51 in chips) 
Seat 5: Jonn20 ($1.97 in chips) 
Seat 7: Sebban73 ($2.09 in chips) 
Seat 8: Dorex2007 ($1.97 in chips) 
Seat 9: Korvin1999 ($3.42 in chips) 
Sibur64: posts small blind $0.01
Jonn20: posts big blind $0.02
Kela1373: sits out 
*** HOLE CARDS ***
Dealt to Dorex2007 [Js Kd]
Sebban73: raises $0.04 to $0.06
Dorex2007: folds 
Korvin1999: folds 
Demidov V.S.: folds 
noborin: folds 
SashkoU: folds 
Sibur64: folds 
Jonn20: folds 
Uncalled bet ($0.04) returned to Sebban73
Sebban73 collected $0.05 from pot
*** SUMMARY ***
Total pot $0.05 | Rake $0 
Seat 1: Demidov V.S. folded before Flop (didn't bet)
Seat 2: noborin folded before Flop (didn't bet)
Seat 3: SashkoU (button) folded before Flop (didn't bet)
Seat 4: Sibur64 (small blind) folded before Flop
Seat 5: Jonn20 (big blind) folded before Flop
Seat 7: Sebban73 collected ($0.05)
Seat 8: Dorex2007 folded before Flop (didn't bet)
Seat 9: Korvin1999 folded before Flop (didn't bet)



PokerStars Hand #227663780696:  Hold'em No Limit ($0.01/$0.02 USD) - 2021/06/18 0:32:48 PT [2021/06/18 3:32:48 ET]
Table 'Unukalhai II' 9-max Seat #4 is the button
Seat 1: Demidov V.S. ($1.98 in chips) 
Seat 2: noborin ($0.95 in chips) 
Seat 3: SashkoU ($2.32 in chips) 
Seat 4: Sibur64 ($1.50 in chips) 
Seat 5: Jonn20 ($1.95 in chips) 
Seat 6: Kela1373 ($2 in chips) 
Seat 7: Sebban73 ($2.12 in chips) 
Seat 8: Dorex2007 ($1.97 in chips) 
Seat 9: Korvin1999 ($3.42 in chips) 
Jonn20: posts small blind $0.01
Kela1373: posts big blind $0.02
*** HOLE CARDS ***
Dealt to Dorex2007 [2s Kh]
Sebban73: folds 
Dorex2007: folds 
Korvin1999: calls $0.02
Demidov V.S.: folds 
noborin: folds 
SashkoU: folds 
Sibur64: folds 
Jonn20: folds 
Kela1373: checks 
*** FLOP *** [8h Td Js]
Kela1373: checks 
Korvin1999: bets $0.02
Kela1373: calls $0.02
*** TURN *** [8h Td Js] [Ts]
Kela1373: checks 
Korvin1999: checks 
*** RIVER *** [8h Td Js Ts] [7c]
Kela1373: bets $0.04
Korvin1999: calls $0.04
*** SHOW DOWN ***
Kela1373: shows [4h Qh] (a pair of Tens)
Korvin1999: shows [3h 3c] (two pair, Tens and Threes)
Korvin1999 collected $0.16 from pot
*** SUMMARY ***
Total pot $0.17 | Rake $0.01 
Board [8h Td Js Ts 7c]
Seat 1: Demidov V.S. folded before Flop (didn't bet)
Seat 2: noborin folded before Flop (didn't bet)
Seat 3: SashkoU folded before Flop (didn't bet)
Seat 4: Sibur64 (button) folded before Flop (didn't bet)
Seat 5: Jonn20 (small blind) folded before Flop
Seat 6: Kela1373 (big blind) showed [4h Qh] and lost with a pair of Tens
Seat 7: Sebban73 folded before Flop (didn't bet)
Seat 8: Dorex2007 folded before Flop (didn't bet)
Seat 9: Korvin1999 showed [3h 3c] and won ($0.16) with two pair, Tens and Threes



PokerStars Hand #227663785995:  Hold'em No Limit ($0.01/$0.02 USD) - 2021/06/18 0:33:25 PT [2021/06/18 3:33:25 ET]
Table 'Unukalhai II' 9-max Seat #5 is the button
Seat 1: Demidov V.S. ($1.98 in chips) 
Seat 2: noborin ($0.95 in chips) 
Seat 3: SashkoU ($2.32 in chips) 
Seat 4: Sibur64 ($1.50 in chips) 
Seat 5: Jonn20 ($1.94 in chips) 
Seat 6: Kela1373 ($1.92 in chips) 
Seat 7: Sebban73 ($2.12 in chips) 
Seat 8: Dorex2007 ($1.97 in chips) 
Seat 9: Korvin1999 ($3.50 in chips) 
Kela1373: posts small blind $0.01
Sebban73: posts big blind $0.02
*** HOLE CARDS ***
Dealt to Dorex2007 [2h Kc]
Dorex2007: folds 
Korvin1999: raises $0.02 to $0.04
Demidov V.S.: folds 
noborin: folds 
SashkoU: raises $0.14 to $0.18
Sibur64: folds 
Jonn20: folds 
Kela1373: folds 
Sebban73: folds 
Korvin1999: folds 
Uncalled bet ($0.14) returned to SashkoU
SashkoU collected $0.11 from pot
SashkoU: doesn't show hand 
*** SUMMARY ***
Total pot $0.11 | Rake $0 
Seat 1: Demidov V.S. folded before Flop (didn't bet)
Seat 2: noborin folded before Flop (didn't bet)
Seat 3: SashkoU collected ($0.11)
Seat 4: Sibur64 folded before Flop (didn't bet)
Seat 5: Jonn20 (button) folded before Flop (didn't bet)
Seat 6: Kela1373 (small blind) folded before Flop
Seat 7: Sebban73 (big blind) folded before Flop
Seat 8: Dorex2007 folded before Flop (didn't bet)
Seat 9: Korvin1999 folded before Flop



PokerStars Hand #227663790276:  Hold'em No Limit ($0.01/$0.02 USD) - 2021/06/18 0:33:55 PT [2021/06/18 3:33:55 ET]
Table 'Unukalhai II' 9-max Seat #6 is the button
Seat 1: Demidov V.S. ($1.98 in chips) 
Seat 2: noborin ($0.95 in chips) 
Seat 3: SashkoU ($2.39 in chips) 
Seat 4: Sibur64 ($1.50 in chips) 
Seat 5: Jonn20 ($1.94 in chips) 
Seat 6: Kela1373 ($1.91 in chips) 
Seat 7: Sebban73 ($2.10 in chips) 
Seat 8: Dorex2007 ($1.97 in chips) 
Seat 9: Korvin1999 ($3.46 in chips) 
Sebban73: posts small blind $0.01
Dorex2007: posts big blind $0.02
*** HOLE CARDS ***
Dealt to Dorex2007 [4h 9h]
Korvin1999: folds 
Demidov V.S.: folds 
noborin: calls $0.02
SashkoU: folds 
Sibur64: folds 
Jonn20: folds 
Kela1373: folds 
Sebban73: folds 
Dorex2007: checks 
*** FLOP *** [Ac 9d 4s]
Dorex2007: bets $0.02
noborin: calls $0.02
*** TURN *** [Ac 9d 4s] [Js]
Dorex2007: checks 
noborin: bets $0.04
Dorex2007: folds 
Uncalled bet ($0.04) returned to noborin
noborin collected $0.09 from pot
noborin: doesn't show hand 
*** SUMMARY ***
Total pot $0.09 | Rake $0 
Board [Ac 9d 4s Js]
Seat 1: Demidov V.S. folded before Flop (didn't bet)
Seat 2: noborin collected ($0.09)
Seat 3: SashkoU folded before Flop (didn't bet)
Seat 4: Sibur64 folded before Flop (didn't bet)
Seat 5: Jonn20 folded before Flop (didn't bet)
Seat 6: Kela1373 (button) folded before Flop (didn't bet)
Seat 7: Sebban73 (small blind) folded before Flop
Seat 8: Dorex2007 (big blind) folded on the Turn
Seat 9: Korvin1999 folded before Flop (didn't bet)



PokerStars Hand #227663796472:  Hold'em No Limit ($0.01/$0.02 USD) - 2021/06/18 0:34:37 PT [2021/06/18 3:34:37 ET]
Table 'Unukalhai II' 9-max Seat #7 is the button
Seat 1: Demidov V.S. ($1.98 in chips) 
Seat 2: noborin ($1 in chips) 
Seat 3: SashkoU ($2.39 in chips) 
Seat 4: Sibur64 ($1.50 in chips) 
Seat 5: Jonn20 ($1.94 in chips) 
Seat 6: Kela1373 ($1.91 in chips) 
Seat 7: Sebban73 ($2.09 in chips) 
Seat 8: Dorex2007 ($1.93 in chips) 
Seat 9: Korvin1999 ($3.46 in chips) 
Dorex2007: posts small blind $0.01
Korvin1999: posts big blind $0.02
*** HOLE CARDS ***
Dealt to Dorex2007 [7s 5s]
Demidov V.S.: folds 
noborin: calls $0.02
SashkoU: folds 
Sibur64: folds 
Jonn20: folds 
Kela1373: folds 
Sebban73: calls $0.02
Dorex2007: calls $0.01
Korvin1999: raises $0.04 to $0.06
noborin: folds 
Sebban73: calls $0.04
Dorex2007: calls $0.04
*** FLOP *** [4s Qs 6s]
Dorex2007: checks 
Korvin1999: bets $0.09
Sebban73: calls $0.09
Dorex2007: raises $0.46 to $0.55
Korvin1999: folds 
Sebban73: folds 
Uncalled bet ($0.46) returned to Dorex2007
Dorex2007 collected $0.45 from pot
Dorex2007: doesn't show hand 
*** SUMMARY ***
Total pot $0.47 | Rake $0.02 
Board [4s Qs 6s]
Seat 1: Demidov V.S. folded before Flop (didn't bet)
Seat 2: noborin folded before Flop
Seat 3: SashkoU folded before Flop (didn't bet)
Seat 4: Sibur64 folded before Flop (didn't bet)
Seat 5: Jonn20 folded before Flop (didn't bet)
Seat 6: Kela1373 folded before Flop (didn't bet)
Seat 7: Sebban73 (button) folded on the Flop
Seat 8: Dorex2007 (small blind) collected ($0.45)
Seat 9: Korvin1999 (big blind) folded on the Flop



PokerStars Hand #227663807026:  Hold'em No Limit ($0.01/$0.02 USD) - 2021/06/18 0:35:48 PT [2021/06/18 3:35:48 ET]
Table 'Unukalhai II' 9-max Seat #8 is the button
Seat 1: Demidov V.S. ($1.98 in chips) 
Seat 2: noborin ($0.98 in chips) 
Seat 3: SashkoU ($2.39 in chips) 
Seat 4: Sibur64 ($1.50 in chips) 
Seat 5: Jonn20 ($1.94 in chips) 
Seat 6: Kela1373 ($1.91 in chips) 
Seat 7: Sebban73 ($2 in chips) 
Seat 8: Dorex2007 ($2.23 in chips) 
Seat 9: Korvin1999 ($3.31 in chips) 
Korvin1999: posts small blind $0.01
Demidov V.S.: posts big blind $0.02
*** HOLE CARDS ***
Dealt to Dorex2007 [Jd 8s]
noborin: folds 
SashkoU: folds 
Sibur64: raises $0.02 to $0.04
Jonn20: folds 
Kela1373: folds 
Sebban73: folds 
Dorex2007: folds 
Korvin1999: raises $0.02 to $0.06
Demidov V.S.: folds 
Sibur64: calls $0.02
*** FLOP *** [4h 2d Qs]
Korvin1999: bets $0.14
Sibur64: calls $0.14
*** TURN *** [4h 2d Qs] [4s]
Korvin1999: bets $0.41
Sibur64: calls $0.41
*** RIVER *** [4h 2d Qs 4s] [3d]
Korvin1999: bets $1.20
Sibur64: calls $0.89 and is all-in
Uncalled bet ($0.31) returned to Korvin1999
*** SHOW DOWN ***
Korvin1999: shows [Kd Js] (a pair of Fours)
Sibur64: shows [Ad Td] (a pair of Fours - Ace kicker)
Sibur64 collected $2.91 from pot
*** SUMMARY ***
Total pot $3.02 | Rake $0.11 
Board [4h 2d Qs 4s 3d]
Seat 1: Demidov V.S. (big blind) folded before Flop
Seat 2: noborin folded before Flop (didn't bet)
Seat 3: SashkoU folded before Flop (didn't bet)
Seat 4: Sibur64 showed [Ad Td] and won ($2.91) with a pair of Fours
Seat 5: Jonn20 folded before Flop (didn't bet)
Seat 6: Kela1373 folded before Flop (didn't bet)
Seat 7: Sebban73 folded before Flop (didn't bet)
Seat 8: Dorex2007 (button) folded before Flop (didn't bet)
Seat 9: Korvin1999 (small blind) showed [Kd Js] and lost with a pair of Fours



PokerStars Hand #227663814099:  Hold'em No Limit ($0.01/$0.02 USD) - 2021/06/18 0:36:35 PT [2021/06/18 3:36:35 ET]
Table 'Unukalhai II' 9-max Seat #9 is the button
Seat 1: Demidov V.S. ($1.96 in chips) 
Seat 2: noborin ($0.98 in chips) 
Seat 3: SashkoU ($2.39 in chips) 
Seat 4: Sibur64 ($2.91 in chips) 
Seat 5: Jonn20 ($1.94 in chips) 
Seat 6: Kela1373 ($1.91 in chips) 
Seat 7: Sebban73 ($2 in chips) 
Seat 8: Dorex2007 ($2.23 in chips) 
Seat 9: Korvin1999 ($1.81 in chips) 
Demidov V.S.: posts small blind $0.01
noborin: posts big blind $0.02
*** HOLE CARDS ***
Dealt to Dorex2007 [2d 7h]
SashkoU: folds 
Sibur64: calls $0.02
Jonn20: folds 
Kela1373: folds 
Sebban73: folds 
Dorex2007: folds 
Korvin1999: folds 
Demidov V.S.: folds 
noborin: checks 
*** FLOP *** [9s 8c 2c]
noborin: checks 
Sibur64: checks 
*** TURN *** [9s 8c 2c] [5h]
noborin: bets $0.04
Sibur64: calls $0.04
*** RIVER *** [9s 8c 2c 5h] [7s]
noborin: checks 
Sibur64: bets $0.10
noborin: folds 
Uncalled bet ($0.10) returned to Sibur64
Sibur64 collected $0.13 from pot
*** SUMMARY ***
Total pot $0.13 | Rake $0 
Board [9s 8c 2c 5h 7s]
Seat 1: Demidov V.S. (small blind) folded before Flop
Seat 2: noborin (big blind) folded on the River
Seat 3: SashkoU folded before Flop (didn't bet)
Seat 4: Sibur64 collected ($0.13)
Seat 5: Jonn20 folded before Flop (didn't bet)
Seat 6: Kela1373 folded before Flop (didn't bet)
Seat 7: Sebban73 folded before Flop (didn't bet)
Seat 8: Dorex2007 folded before Flop (didn't bet)
Seat 9: Korvin1999 (button) folded before Flop (didn't bet)



PokerStars Hand #227663818949:  Hold'em No Limit ($0.01/$0.02 USD) - 2021/06/18 0:37:08 PT [2021/06/18 3:37:08 ET]
Table 'Unukalhai II' 9-max Seat #1 is the button
Seat 1: Demidov V.S. ($1.95 in chips) 
Seat 2: noborin ($0.92 in chips) 
Seat 3: SashkoU ($2.39 in chips) 
Seat 4: Sibur64 ($2.98 in chips) 
Seat 5: Jonn20 ($1.94 in chips) 
Seat 6: Kela1373 ($1.91 in chips) 
Seat 7: Sebban73 ($2 in chips) 
Seat 8: Dorex2007 ($2.23 in chips) 
Seat 9: Korvin1999 ($1.81 in chips) 
noborin: posts small blind $0.01
SashkoU: posts big blind $0.02
*** HOLE CARDS ***
Dealt to Dorex2007 [9s 5h]
Sibur64: folds 
Jonn20: folds 
Kela1373: calls $0.02
Sebban73: folds 
Dorex2007: folds 
Korvin1999: folds 
Demidov V.S.: folds 
noborin: calls $0.01
SashkoU: raises $0.12 to $0.14
Kela1373: folds 
noborin: folds 
Uncalled bet ($0.12) returned to SashkoU
SashkoU collected $0.06 from pot
SashkoU: doesn't show hand 
*** SUMMARY ***
Total pot $0.06 | Rake $0 
Seat 1: Demidov V.S. (button) folded before Flop (didn't bet)
Seat 2: noborin (small blind) folded before Flop
Seat 3: SashkoU (big blind) collected ($0.06)
Seat 4: Sibur64 folded before Flop (didn't bet)
Seat 5: Jonn20 folded before Flop (didn't bet)
Seat 6: Kela1373 folded before Flop
Seat 7: Sebban73 folded before Flop (didn't bet)
Seat 8: Dorex2007 folded before Flop (didn't bet)
Seat 9: Korvin1999 folded before Flop (didn't bet)



PokerStars Hand #227663823326:  Hold'em No Limit ($0.01/$0.02 USD) - 2021/06/18 0:37:37 PT [2021/06/18 3:37:37 ET]
Table 'Unukalhai II' 9-max Seat #2 is the button
Seat 1: Demidov V.S. ($1.95 in chips) 
Seat 2: noborin ($0.90 in chips) 
Seat 3: SashkoU ($2.43 in chips) 
Seat 4: Sibur64 ($2.98 in chips) 
Seat 5: Jonn20 ($1.94 in chips) 
Seat 6: Kela1373 ($2 in chips) 
Seat 7: Sebban73 ($2 in chips) 
Seat 8: Dorex2007 ($2.23 in chips) 
Seat 9: Korvin1999 ($1.81 in chips) 
SashkoU: posts small blind $0.01
Sibur64: posts big blind $0.02
*** HOLE CARDS ***
Dealt to Dorex2007 [6c Ad]
Jonn20: folds 
Kela1373: folds 
Sebban73: raises $0.04 to $0.06
Dorex2007: folds 
Korvin1999: folds 
Demidov V.S.: folds 
noborin: folds 
SashkoU: calls $0.05
Sibur64: calls $0.04
*** FLOP *** [3c Js 6h]
SashkoU: checks 
Sibur64: bets $0.04
Sebban73: calls $0.04
SashkoU: folds 
*** TURN *** [3c Js 6h] [Qh]
Sibur64: bets $0.08
Sebban73: calls $0.08
*** RIVER *** [3c Js 6h Qh] [5h]
Sibur64: bets $0.22
Sebban73: calls $0.22
*** SHOW DOWN ***
Sibur64: shows [Kc Ks] (a pair of Kings)
Sebban73: mucks hand 
Sibur64 collected $0.83 from pot
*** SUMMARY ***
Total pot $0.86 | Rake $0.03 
Board [3c Js 6h Qh 5h]
Seat 1: Demidov V.S. folded before Flop (didn't bet)
Seat 2: noborin (button) folded before Flop (didn't bet)
Seat 3: SashkoU (small blind) folded on the Flop
Seat 4: Sibur64 (big blind) showed [Kc Ks] and won ($0.83) with a pair of Kings
Seat 5: Jonn20 folded before Flop (didn't bet)
Seat 6: Kela1373 folded before Flop (didn't bet)
Seat 7: Sebban73 mucked [Qs Ts]
Seat 8: Dorex2007 folded before Flop (didn't bet)
Seat 9: Korvin1999 folded before Flop (didn't bet)



PokerStars Hand #227663833742:  Hold'em No Limit ($0.01/$0.02 USD) - 2021/06/18 0:38:46 PT [2021/06/18 3:38:46 ET]
Table 'Unukalhai II' 9-max Seat #3 is the button
Seat 1: Demidov V.S. ($1.95 in chips) 
Seat 2: noborin ($0.90 in chips) 
Seat 3: SashkoU ($2.37 in chips) 
Seat 4: Sibur64 ($3.41 in chips) 
Seat 5: Jonn20 ($1.94 in chips) 
Seat 6: Kela1373 ($2 in chips) 
Seat 7: Sebban73 ($2 in chips) 
Seat 8: Dorex2007 ($2.23 in chips) 
Seat 9: Korvin1999 ($1.81 in chips) 
Sibur64: posts small blind $0.01
Jonn20: posts big blind $0.02
*** HOLE CARDS ***
Dealt to Dorex2007 [7h 8h]
Kela1373: folds 
Sebban73: folds 
Dorex2007: raises $0.02 to $0.04
Korvin1999: raises $0.02 to $0.06
Demidov V.S.: folds 
noborin: folds 
noborin leaves the table
SashkoU: folds 
Sibur64: folds 
Jonn20: folds 
Dorex2007: calls $0.02
*** FLOP *** [9d 6h 9c]
Dorex2007: checks 
Korvin1999: bets $0.14
Dorex2007: calls $0.14
*** TURN *** [9d 6h 9c] [Js]
Dorex2007: checks 
Korvin1999: bets $0.41
Dorex2007: calls $0.41
*** RIVER *** [9d 6h 9c Js] [Qd]
Dorex2007: bets $1.21
Korvin1999: calls $1.20 and is all-in
Uncalled bet ($0.01) returned to Dorex2007
*** SHOW DOWN ***
Dorex2007: shows [7h 8h] (a pair of Nines)
Korvin1999: shows [Ac 9s] (three of a kind, Nines)
Korvin1999 collected $3.52 from pot
*** SUMMARY ***
Total pot $3.65 | Rake $0.13 
Board [9d 6h 9c Js Qd]
Seat 1: Demidov V.S. folded before Flop (didn't bet)
Seat 2: noborin folded before Flop (didn't bet)
Seat 3: SashkoU (button) folded before Flop (didn't bet)
Seat 4: Sibur64 (small blind) folded before Flop
Seat 5: Jonn20 (big blind) folded before Flop
Seat 6: Kela1373 folded before Flop (didn't bet)
Seat 7: Sebban73 folded before Flop (didn't bet)
Seat 8: Dorex2007 showed [7h 8h] and lost with a pair of Nines
Seat 9: Korvin1999 showed [Ac 9s] and won ($3.52) with three of a kind, Nines



PokerStars Hand #227663841857:  Hold'em No Limit ($0.01/$0.02 USD) - 2021/06/18 0:39:40 PT [2021/06/18 3:39:40 ET]
Table 'Unukalhai II' 9-max Seat #4 is the button
Seat 1: Demidov V.S. ($1.95 in chips) 
Seat 3: SashkoU ($2.37 in chips) 
Seat 4: Sibur64 ($3.40 in chips) 
Seat 5: Jonn20 ($1.92 in chips) 
Seat 6: Kela1373 ($2 in chips) 
Seat 7: Sebban73 ($2 in chips) 
Seat 8: Dorex2007 ($0.42 in chips) 
Seat 9: Korvin1999 ($3.52 in chips) 
Jonn20: posts small blind $0.01
Kela1373: posts big blind $0.02
*** HOLE CARDS ***
Dealt to Dorex2007 [Th 6c]
Sebban73: folds 
Dorex2007: folds 
Korvin1999: folds 
Demidov V.S.: folds 
SashkoU: raises $0.04 to $0.06
Sibur64: calls $0.06
Jonn20: folds 
Kela1373: folds 
*** FLOP *** [2c 4d 5h]
SashkoU: checks 
Sibur64: checks 
*** TURN *** [2c 4d 5h] [Js]
SashkoU: bets $0.09
Sibur64: calls $0.09
*** RIVER *** [2c 4d 5h Js] [4s]
SashkoU: checks 
Sibur64: checks 
*** SHOW DOWN ***
SashkoU: shows [Kh Qc] (a pair of Fours)
Sibur64: shows [Ah 8c] (a pair of Fours - Ace kicker)
Sibur64 collected $0.32 from pot
*** SUMMARY ***
Total pot $0.33 | Rake $0.01 
Board [2c 4d 5h Js 4s]
Seat 1: Demidov V.S. folded before Flop (didn't bet)
Seat 3: SashkoU showed [Kh Qc] and lost with a pair of Fours
Seat 4: Sibur64 (button) showed [Ah 8c] and won ($0.32) with a pair of Fours
Seat 5: Jonn20 (small blind) folded before Flop
Seat 6: Kela1373 (big blind) folded before Flop
Seat 7: Sebban73 folded before Flop (didn't bet)
Seat 8: Dorex2007 folded before Flop (didn't bet)
Seat 9: Korvin1999 folded before Flop (didn't bet)



PokerStars Hand #227663857234:  Hold'em No Limit ($0.01/$0.02 USD) - 2021/06/18 0:40:27 PT [2021/06/18 3:40:27 ET]
Table 'Unukalhai II' 9-max Seat #5 is the button
Seat 1: Demidov V.S. ($1.95 in chips) 
Seat 3: SashkoU ($2.22 in chips) 
Seat 4: Sibur64 ($3.57 in chips) 
Seat 5: Jonn20 ($1.91 in chips) 
Seat 6: Kela1373 ($1.98 in chips) 
Seat 7: Sebban73 ($2 in chips) 
Seat 8: Dorex2007 ($2 in chips) 
Seat 9: Korvin1999 ($3.52 in chips) 
Kela1373: posts small blind $0.01
Sebban73: posts big blind $0.02
*** HOLE CARDS ***
Dealt to Dorex2007 [Td 8d]
Dorex2007: folds 
Korvin1999: calls $0.02
Demidov V.S.: calls $0.02
SashkoU: folds 
Sibur64: raises $0.04 to $0.06
Jonn20: folds 
pobochka1 joins the table at seat #2 
Kela1373: calls $0.05
Sebban73: folds 
Korvin1999: raises $0.04 to $0.10
Demidov V.S.: folds 
Sibur64: calls $0.04
Kela1373: calls $0.04
*** FLOP *** [Ah 6s 2s]
Kela1373: checks 
Korvin1999: checks 
Sibur64: bets $0.22
Kela1373: folds 
Korvin1999: folds 
Uncalled bet ($0.22) returned to Sibur64
Sibur64 collected $0.33 from pot
*** SUMMARY ***
Total pot $0.34 | Rake $0.01 
Board [Ah 6s 2s]
Seat 1: Demidov V.S. folded before Flop
Seat 3: SashkoU folded before Flop (didn't bet)
Seat 4: Sibur64 collected ($0.33)
Seat 5: Jonn20 (button) folded before Flop (didn't bet)
Seat 6: Kela1373 (small blind) folded on the Flop
Seat 7: Sebban73 (big blind) folded before Flop
Seat 8: Dorex2007 folded before Flop (didn't bet)
Seat 9: Korvin1999 folded on the Flop



PokerStars Hand #227663866092:  Hold'em No Limit ($0.01/$0.02 USD) - 2021/06/18 0:41:25 PT [2021/06/18 3:41:25 ET]
Table 'Unukalhai II' 9-max Seat #6 is the button
Seat 1: Demidov V.S. ($1.93 in chips) 
Seat 3: SashkoU ($2.22 in chips) 
Seat 4: Sibur64 ($3.80 in chips) 
Seat 5: Jonn20 ($1.91 in chips) 
Seat 6: Kela1373 ($1.88 in chips) 
Seat 7: Sebban73 ($2 in chips) 
Seat 8: Dorex2007 ($2 in chips) 
Seat 9: Korvin1999 ($3.42 in chips) 
Sebban73: posts small blind $0.01
Dorex2007: posts big blind $0.02
pobochka1: sits out 
*** HOLE CARDS ***
Dealt to Dorex2007 [6d 5h]
Korvin1999: folds 
Demidov V.S.: folds 
SashkoU: folds 
Sibur64: folds 
Jonn20: raises $0.04 to $0.06
Kela1373: calls $0.06
Sebban73: folds 
Dorex2007: folds 
*** FLOP *** [Ah 5c 9c]
Jonn20: bets $0.07
Kela1373: calls $0.07
*** TURN *** [Ah 5c 9c] [8h]
Jonn20: checks 
Kela1373: checks 
*** RIVER *** [Ah 5c 9c 8h] [Tc]
Jonn20: checks 
Kela1373: bets $0.50
Jonn20: folds 
Uncalled bet ($0.50) returned to Kela1373
Kela1373 collected $0.28 from pot
Kela1373: doesn't show hand 
*** SUMMARY ***
Total pot $0.29 | Rake $0.01 
Board [Ah 5c 9c 8h Tc]
Seat 1: Demidov V.S. folded before Flop (didn't bet)
Seat 3: SashkoU folded before Flop (didn't bet)
Seat 4: Sibur64 folded before Flop (didn't bet)
Seat 5: Jonn20 folded on the River
Seat 6: Kela1373 (button) collected ($0.28)
Seat 7: Sebban73 (small blind) folded before Flop
Seat 8: Dorex2007 (big blind) folded before Flop
Seat 9: Korvin1999 folded before Flop (didn't bet)



PokerStars Hand #227663872193:  Hold'em No Limit ($0.01/$0.02 USD) - 2021/06/18 0:42:05 PT [2021/06/18 3:42:05 ET]
Table 'Unukalhai II' 9-max Seat #7 is the button
Seat 1: Demidov V.S. ($1.93 in chips) 
Seat 3: SashkoU ($2.22 in chips) 
Seat 4: Sibur64 ($3.80 in chips) 
Seat 5: Jonn20 ($1.78 in chips) 
Seat 6: Kela1373 ($2.03 in chips) 
Seat 7: Sebban73 ($2 in chips) 
Seat 8: Dorex2007 ($1.98 in chips) 
Seat 9: Korvin1999 ($3.42 in chips) 
Dorex2007: posts small blind $0.01
Korvin1999: posts big blind $0.02
pobochka1: sits out 
*** HOLE CARDS ***
Dealt to Dorex2007 [4c 8h]
Demidov V.S.: folds 
SashkoU: folds 
Sibur64: folds 
Jonn20: folds 
Kela1373 has timed out
Kela1373: folds 
Sebban73: raises $0.02 to $0.04
Dorex2007: folds 
Korvin1999: calls $0.02
*** FLOP *** [2d 7s 4d]
Korvin1999: checks 
Sebban73: bets $0.06
Korvin1999: folds 
Uncalled bet ($0.06) returned to Sebban73
Sebban73 collected $0.09 from pot
Sebban73: doesn't show hand 
*** SUMMARY ***
Total pot $0.09 | Rake $0 
Board [2d 7s 4d]
Seat 1: Demidov V.S. folded before Flop (didn't bet)
Seat 3: SashkoU folded before Flop (didn't bet)
Seat 4: Sibur64 folded before Flop (didn't bet)
Seat 5: Jonn20 folded before Flop (didn't bet)
Seat 6: Kela1373 folded before Flop (didn't bet)
Seat 7: Sebban73 (button) collected ($0.09)
Seat 8: Dorex2007 (small blind) folded before Flop
Seat 9: Korvin1999 (big blind) folded on the Flop



PokerStars Hand #227663878405:  Hold'em No Limit ($0.01/$0.02 USD) - 2021/06/18 0:42:46 PT [2021/06/18 3:42:46 ET]
Table 'Unukalhai II' 9-max Seat #8 is the button
Seat 1: Demidov V.S. ($1.93 in chips) 
Seat 3: SashkoU ($2.22 in chips) 
Seat 4: Sibur64 ($3.80 in chips) 
Seat 5: Jonn20 ($1.78 in chips) 
Seat 6: Kela1373 ($2.03 in chips) 
Seat 7: Sebban73 ($2.05 in chips) 
Seat 8: Dorex2007 ($1.97 in chips) 
Seat 9: Korvin1999 ($3.38 in chips) 
Korvin1999: posts small blind $0.01
Demidov V.S.: posts big blind $0.02
pobochka1: sits out 
*** HOLE CARDS ***
Dealt to Dorex2007 [6d Qc]
SashkoU: folds 
Sibur64: calls $0.02
Jonn20: folds 
Kela1373: folds 
Sebban73: calls $0.02
Dorex2007: calls $0.02
Korvin1999: raises $0.02 to $0.04
Demidov V.S.: folds 
Sibur64: calls $0.02
Sebban73: calls $0.02
Dorex2007: calls $0.02
*** FLOP *** [Ts 7h Kh]
Korvin1999: checks 
Sibur64: checks 
Sebban73: bets $0.11
Dorex2007: folds 
Korvin1999: folds 
Sibur64: folds 
Uncalled bet ($0.11) returned to Sebban73
Sebban73 collected $0.17 from pot
Sebban73: doesn't show hand 
*** SUMMARY ***
Total pot $0.18 | Rake $0.01 
Board [Ts 7h Kh]
Seat 1: Demidov V.S. (big blind) folded before Flop
Seat 3: SashkoU folded before Flop (didn't bet)
Seat 4: Sibur64 folded on the Flop
Seat 5: Jonn20 folded before Flop (didn't bet)
Seat 6: Kela1373 folded before Flop (didn't bet)
Seat 7: Sebban73 collected ($0.17)
Seat 8: Dorex2007 (button) folded on the Flop
Seat 9: Korvin1999 (small blind) folded on the Flop



PokerStars Hand #227663890739:  Hold'em No Limit ($0.01/$0.02 USD) - 2021/06/18 0:44:08 PT [2021/06/18 3:44:08 ET]
Table 'Unukalhai II' 9-max Seat #9 is the button
Seat 1: Demidov V.S. ($1.91 in chips) 
Seat 2: pobochka1 ($0.80 in chips) 
Seat 3: SashkoU ($2.22 in chips) 
Seat 4: Sibur64 ($3.76 in chips) 
Seat 5: Jonn20 ($1.78 in chips) 
Seat 6: Kela1373 ($2.03 in chips) 
Seat 7: Sebban73 ($2.18 in chips) 
Seat 8: Dorex2007 ($1.93 in chips) 
Seat 9: Korvin1999 ($3.34 in chips) 
Demidov V.S.: posts small blind $0.01
pobochka1: posts big blind $0.02
*** HOLE CARDS ***
Dealt to Dorex2007 [5d Jd]
SashkoU: raises $0.04 to $0.06
Sibur64: folds 
Jonn20: folds 
Kela1373: folds 
Sebban73: folds 
Dorex2007: folds 
Korvin1999: folds 
Demidov V.S.: folds 
pobochka1: folds 
Uncalled bet ($0.04) returned to SashkoU
SashkoU collected $0.05 from pot
SashkoU: doesn't show hand 
*** SUMMARY ***
Total pot $0.05 | Rake $0 
Seat 1: Demidov V.S. (small blind) folded before Flop
Seat 2: pobochka1 (big blind) folded before Flop
Seat 3: SashkoU collected ($0.05)
Seat 4: Sibur64 folded before Flop (didn't bet)
Seat 5: Jonn20 folded before Flop (didn't bet)
Seat 6: Kela1373 folded before Flop (didn't bet)
Seat 7: Sebban73 folded before Flop (didn't bet)
Seat 8: Dorex2007 folded before Flop (didn't bet)
Seat 9: Korvin1999 (button) folded before Flop (didn't bet)



PokerStars Hand #227663894242:  Hold'em No Limit ($0.01/$0.02 USD) - 2021/06/18 0:44:31 PT [2021/06/18 3:44:31 ET]
Table 'Unukalhai II' 9-max Seat #1 is the button
Seat 1: Demidov V.S. ($1.90 in chips) 
Seat 2: pobochka1 ($0.78 in chips) 
Seat 3: SashkoU ($2.25 in chips) 
Seat 4: Sibur64 ($3.76 in chips) 
Seat 6: Kela1373 ($2.03 in chips) 
Seat 7: Sebban73 ($2.18 in chips) 
Seat 8: Dorex2007 ($1.93 in chips) 
Seat 9: Korvin1999 ($3.34 in chips) 
pobochka1: posts small blind $0.01
SashkoU: posts big blind $0.02
*** HOLE CARDS ***
Dealt to Dorex2007 [7h 5s]
Sibur64 has timed out
Sibur64: folds 
Kela1373: folds 
Sebban73: folds 
Dorex2007: folds 
Korvin1999: folds 
Demidov V.S.: folds 
pobochka1: calls $0.01
SashkoU: checks 
*** FLOP *** [Th 4d Kh]
pobochka1: checks 
SashkoU: checks 
*** TURN *** [Th 4d Kh] [2h]
pobochka1: bets $0.02
SashkoU: folds 
Uncalled bet ($0.02) returned to pobochka1
pobochka1 collected $0.04 from pot
pobochka1: doesn't show hand 
*** SUMMARY ***
Total pot $0.04 | Rake $0 
Board [Th 4d Kh 2h]
Seat 1: Demidov V.S. (button) folded before Flop (didn't bet)
Seat 2: pobochka1 (small blind) collected ($0.04)
Seat 3: SashkoU (big blind) folded on the Turn
Seat 4: Sibur64 folded before Flop (didn't bet)
Seat 6: Kela1373 folded before Flop (didn't bet)
Seat 7: Sebban73 folded before Flop (didn't bet)
Seat 8: Dorex2007 folded before Flop (didn't bet)
Seat 9: Korvin1999 folded before Flop (didn't bet)



PokerStars Hand #227663899576:  Hold'em No Limit ($0.01/$0.02 USD) - 2021/06/18 0:45:07 PT [2021/06/18 3:45:07 ET]
Table 'Unukalhai II' 9-max Seat #2 is the button
Seat 1: Demidov V.S. ($1.90 in chips) 
Seat 2: pobochka1 ($0.80 in chips) 
Seat 3: SashkoU ($2.23 in chips) 
Seat 6: Kela1373 ($2.03 in chips) 
Seat 7: Sebban73 ($2.18 in chips) 
Seat 8: Dorex2007 ($1.93 in chips) 
Seat 9: Korvin1999 ($3.34 in chips) 
SashkoU: posts small blind $0.01
Kela1373: posts big blind $0.02
*** HOLE CARDS ***
Dealt to Dorex2007 [Ah 2s]
Sebban73: folds 
Dorex2007: folds 
Korvin1999: raises $0.02 to $0.04
Demidov V.S.: folds 
pobochka1: calls $0.04
SashkoU: folds 
Kela1373: folds 
*** FLOP *** [5s 3c 7s]
Korvin1999: checks 
pobochka1: checks 
*** TURN *** [5s 3c 7s] [6s]
Korvin1999: bets $0.05
pobochka1: calls $0.05
*** RIVER *** [5s 3c 7s 6s] [Ts]
Korvin1999: bets $0.10
pobochka1: raises $0.16 to $0.26
Korvin1999: calls $0.16
*** SHOW DOWN ***
pobochka1: shows [Qc As] (a flush, Ace high)
Korvin1999: mucks hand 
pobochka1 collected $0.70 from pot
*** SUMMARY ***
Total pot $0.73 | Rake $0.03 
Board [5s 3c 7s 6s Ts]
Seat 1: Demidov V.S. folded before Flop (didn't bet)
Seat 2: pobochka1 (button) showed [Qc As] and won ($0.70) with a flush, Ace high
Seat 3: SashkoU (small blind) folded before Flop
Seat 6: Kela1373 (big blind) folded before Flop
Seat 7: Sebban73 folded before Flop (didn't bet)
Seat 8: Dorex2007 folded before Flop (didn't bet)
Seat 9: Korvin1999 mucked [8s Td]



PokerStars Hand #227663904882:  Hold'em No Limit ($0.01/$0.02 USD) - 2021/06/18 0:45:42 PT [2021/06/18 3:45:42 ET]
Table 'Unukalhai II' 9-max Seat #3 is the button
Seat 1: Demidov V.S. ($1.90 in chips) 
Seat 2: pobochka1 ($1.15 in chips) 
Seat 3: SashkoU ($2.22 in chips) 
Seat 6: Kela1373 ($2.01 in chips) 
Seat 7: Sebban73 ($2.18 in chips) 
Seat 8: Dorex2007 ($1.93 in chips) 
Seat 9: Korvin1999 ($2.99 in chips) 
Kela1373: posts small blind $0.01
Sebban73: posts big blind $0.02
*** HOLE CARDS ***
Dealt to Dorex2007 [Kh Qs]
Dorex2007: raises $0.02 to $0.04
Korvin1999: raises $0.02 to $0.06
Demidov V.S.: folds 
pobochka1: folds 
SashkoU: folds 
Kela1373: folds 
Sebban73: calls $0.04
Dorex2007: calls $0.02
*** FLOP *** [4d 3c Th]
Sebban73: checks 
Dorex2007: checks 
Korvin1999: bets $0.18
Sebban73: calls $0.18
Dorex2007: folds 
*** TURN *** [4d 3c Th] [9c]
Sebban73: checks 
Korvin1999: bets $0.53
Sebban73: calls $0.53
*** RIVER *** [4d 3c Th 9c] [8c]
Sebban73: checks 
Korvin1999: bets $2.22 and is all-in
Sebban73: folds 
Uncalled bet ($2.22) returned to Korvin1999
Korvin1999 collected $1.55 from pot
Korvin1999: doesn't show hand 
*** SUMMARY ***
Total pot $1.61 | Rake $0.06 
Board [4d 3c Th 9c 8c]
Seat 1: Demidov V.S. folded before Flop (didn't bet)
Seat 2: pobochka1 folded before Flop (didn't bet)
Seat 3: SashkoU (button) folded before Flop (didn't bet)
Seat 6: Kela1373 (small blind) folded before Flop
Seat 7: Sebban73 (big blind) folded on the River
Seat 8: Dorex2007 folded on the Flop
Seat 9: Korvin1999 collected ($1.55)



PokerStars Hand #227663913404:  Hold'em No Limit ($0.01/$0.02 USD) - 2021/06/18 0:46:39 PT [2021/06/18 3:46:39 ET]
Table 'Unukalhai II' 9-max Seat #6 is the button
Seat 1: Demidov V.S. ($1.90 in chips) 
Seat 2: pobochka1 ($1.15 in chips) 
Seat 3: SashkoU ($2.22 in chips) 
Seat 6: Kela1373 ($2 in chips) 
Seat 7: Sebban73 ($2 in chips) 
Seat 8: Dorex2007 ($1.87 in chips) 
Seat 9: Korvin1999 ($3.77 in chips) 
Sebban73: posts small blind $0.01
Dorex2007: posts big blind $0.02
*** HOLE CARDS ***
Dealt to Dorex2007 [6c 4c]
Korvin1999: raises $0.02 to $0.04
Demidov V.S.: folds 
pobochka1: folds 
Dorex2007 said, "what a train wreck"
SashkoU: raises $0.14 to $0.18
Kela1373: folds 
Sebban73: folds 
Dorex2007: folds 
Korvin1999: folds 
Uncalled bet ($0.14) returned to SashkoU
SashkoU collected $0.11 from pot
SashkoU: doesn't show hand 
*** SUMMARY ***
Total pot $0.11 | Rake $0 
Seat 1: Demidov V.S. folded before Flop (didn't bet)
Seat 2: pobochka1 folded before Flop (didn't bet)
Seat 3: SashkoU collected ($0.11)
Seat 6: Kela1373 (button) folded before Flop (didn't bet)
Seat 7: Sebban73 (small blind) folded before Flop
Seat 8: Dorex2007 (big blind) folded before Flop
Seat 9: Korvin1999 folded before Flop



PokerStars Hand #227663917728:  Hold'em No Limit ($0.01/$0.02 USD) - 2021/06/18 0:47:08 PT [2021/06/18 3:47:08 ET]
Table 'Unukalhai II' 9-max Seat #7 is the button
Seat 1: Demidov V.S. ($1.90 in chips) 
Seat 2: pobochka1 ($1.15 in chips) 
Seat 3: SashkoU ($2.29 in chips) 
Seat 6: Kela1373 ($2 in chips) 
Seat 7: Sebban73 ($2 in chips) 
Seat 8: Dorex2007 ($1.85 in chips) 
Seat 9: Korvin1999 ($3.73 in chips) 
Dorex2007: posts small blind $0.01
Korvin1999: posts big blind $0.02
*** HOLE CARDS ***
Dealt to Dorex2007 [Qd 6d]
Demidov V.S.: folds 
pobochka1: calls $0.02
SashkoU: folds 
Kela1373: calls $0.02
Sebban73: calls $0.02
Dorex2007: folds 
Korvin1999: raises $0.04 to $0.06
pobochka1: calls $0.04
Kela1373: calls $0.04
Sebban73: calls $0.04
*** FLOP *** [5c 2d Td]
Korvin1999: checks 
pobochka1: bets $0.08
Kela1373: calls $0.08
Sebban73: calls $0.08
Korvin1999: folds 
*** TURN *** [5c 2d Td] [Jd]
pobochka1: bets $0.34
Jonn20 leaves the table
Kela1373: folds 
Sebban73: calls $0.34
*** RIVER *** [5c 2d Td Jd] [8s]
GENJD joins the table at seat #5 
pobochka1: bets $0.67 and is all-in
Sebban73: folds 
Uncalled bet ($0.67) returned to pobochka1
pobochka1 collected $1.13 from pot
pobochka1: doesn't show hand 
*** SUMMARY ***
Total pot $1.17 | Rake $0.04 
Board [5c 2d Td Jd 8s]
Seat 1: Demidov V.S. folded before Flop (didn't bet)
Seat 2: pobochka1 collected ($1.13)
Seat 3: SashkoU folded before Flop (didn't bet)
Seat 6: Kela1373 folded on the Turn
Seat 7: Sebban73 (button) folded on the River
Seat 8: Dorex2007 (small blind) folded before Flop
Seat 9: Korvin1999 (big blind) folded on the Flop



PokerStars Hand #227663930286:  Hold'em No Limit ($0.01/$0.02 USD) - 2021/06/18 0:48:30 PT [2021/06/18 3:48:30 ET]
Table 'Unukalhai II' 9-max Seat #8 is the button
Seat 1: Demidov V.S. ($1.90 in chips) 
Seat 2: pobochka1 ($1.80 in chips) 
Seat 3: SashkoU ($2.29 in chips) 
Seat 6: Kela1373 ($1.86 in chips) 
Seat 7: Sebban73 ($2 in chips) 
Seat 8: Dorex2007 ($1.84 in chips) 
Seat 9: Korvin1999 ($3.67 in chips) 
Korvin1999: posts small blind $0.01
Demidov V.S.: posts big blind $0.02
GENJD: sits out 
*** HOLE CARDS ***
Dealt to Dorex2007 [Kh 4c]
pobochka1: folds 
SashkoU: folds 
Kela1373: folds 
Sebban73: folds 
Dorex2007: folds 
Korvin1999: folds 
Uncalled bet ($0.01) returned to Demidov V.S.
Demidov V.S. collected $0.02 from pot
Demidov V.S.: doesn't show hand 
*** SUMMARY ***
Total pot $0.02 | Rake $0 
Seat 1: Demidov V.S. (big blind) collected ($0.02)
Seat 2: pobochka1 folded before Flop (didn't bet)
Seat 3: SashkoU folded before Flop (didn't bet)
Seat 6: Kela1373 folded before Flop (didn't bet)
Seat 7: Sebban73 folded before Flop (didn't bet)
Seat 8: Dorex2007 (button) folded before Flop (didn't bet)
Seat 9: Korvin1999 (small blind) folded before Flop



PokerStars Hand #227663932491:  Hold'em No Limit ($0.01/$0.02 USD) - 2021/06/18 0:48:44 PT [2021/06/18 3:48:44 ET]
Table 'Unukalhai II' 9-max Seat #9 is the button
Seat 1: Demidov V.S. ($1.91 in chips) 
Seat 2: pobochka1 ($1.80 in chips) 
Seat 3: SashkoU ($2.29 in chips) 
Seat 6: Kela1373 ($1.86 in chips) 
Seat 7: Sebban73 ($2 in chips) 
Seat 8: Dorex2007 ($1.84 in chips) 
Seat 9: Korvin1999 ($3.66 in chips) 
Demidov V.S.: posts small blind $0.01
pobochka1: posts big blind $0.02
GENJD: sits out 
*** HOLE CARDS ***
Dealt to Dorex2007 [Ad 8c]
SashkoU: folds 
Kela1373: raises $0.06 to $0.08
Sebban73: calls $0.08
Dorex2007: folds 
Korvin1999: folds 
Demidov V.S.: folds 
pobochka1: folds 
*** FLOP *** [2d Td 5s]
Kela1373: checks 
Sebban73: checks 
*** TURN *** [2d Td 5s] [Jh]
Kela1373: bets $0.06
Sebban73: calls $0.06
*** RIVER *** [2d Td 5s Jh] [Th]
Kela1373: bets $0.10
Sebban73: calls $0.10
*** SHOW DOWN ***
Kela1373: shows [Ks Ah] (a pair of Tens)
Sebban73: shows [7h 5h] (two pair, Tens and Fives)
Sebban73 collected $0.49 from pot
*** SUMMARY ***
Total pot $0.51 | Rake $0.02 
Board [2d Td 5s Jh Th]
Seat 1: Demidov V.S. (small blind) folded before Flop
Seat 2: pobochka1 (big blind) folded before Flop
Seat 3: SashkoU folded before Flop (didn't bet)
Seat 6: Kela1373 showed [Ks Ah] and lost with a pair of Tens
Seat 7: Sebban73 showed [7h 5h] and won ($0.49) with two pair, Tens and Fives
Seat 8: Dorex2007 folded before Flop (didn't bet)
Seat 9: Korvin1999 (button) folded before Flop (didn't bet)



PokerStars Hand #227663940476:  Hold'em No Limit ($0.01/$0.02 USD) - 2021/06/18 0:49:35 PT [2021/06/18 3:49:35 ET]
Table 'Unukalhai II' 9-max Seat #1 is the button
Seat 1: Demidov V.S. ($1.90 in chips) 
Seat 2: pobochka1 ($1.78 in chips) 
Seat 3: SashkoU ($2.29 in chips) 
Seat 4: Sibur64 ($3.76 in chips) 
Seat 6: Kela1373 ($1.76 in chips) 
Seat 7: Sebban73 ($2.25 in chips) 
Seat 8: Dorex2007 ($1.84 in chips) 
Seat 9: Korvin1999 ($3.66 in chips) 
pobochka1: posts small blind $0.01
SashkoU: posts big blind $0.02
Sibur64: posts small & big blinds $0.03
GENJD: sits out 
*** HOLE CARDS ***
Dealt to Dorex2007 [Ah 8d]
Sibur64: checks 
Kela1373: raises $0.08 to $0.10
Sebban73: folds 
Dorex2007: folds 
Korvin1999: folds 
Demidov V.S.: folds 
pobochka1: folds 
SashkoU: folds 
Sibur64: folds 
Uncalled bet ($0.08) returned to Kela1373
Kela1373 collected $0.08 from pot
Kela1373: doesn't show hand 
*** SUMMARY ***
Total pot $0.08 | Rake $0 
Seat 1: Demidov V.S. (button) folded before Flop (didn't bet)
Seat 2: pobochka1 (small blind) folded before Flop
Seat 3: SashkoU (big blind) folded before Flop
Seat 4: Sibur64 folded before Flop (didn't bet)
Seat 6: Kela1373 collected ($0.08)
Seat 7: Sebban73 folded before Flop (didn't bet)
Seat 8: Dorex2007 folded before Flop (didn't bet)
Seat 9: Korvin1999 folded before Flop (didn't bet)



PokerStars Hand #227663943529:  Hold'em No Limit ($0.01/$0.02 USD) - 2021/06/18 0:49:56 PT [2021/06/18 3:49:56 ET]
Table 'Unukalhai II' 9-max Seat #2 is the button
Seat 1: Demidov V.S. ($1.90 in chips) 
Seat 2: pobochka1 ($1.77 in chips) 
Seat 3: SashkoU ($2.27 in chips) 
Seat 4: Sibur64 ($3.73 in chips) 
Seat 6: Kela1373 ($1.82 in chips) 
Seat 7: Sebban73 ($2.25 in chips) 
Seat 8: Dorex2007 ($1.84 in chips) 
Seat 9: Korvin1999 ($3.66 in chips) 
SashkoU: posts small blind $0.01
Sibur64: posts big blind $0.02
GENJD: sits out 
*** HOLE CARDS ***
Dealt to Dorex2007 [2h 2d]
Kela1373: calls $0.02
Sebban73: folds 
Dorex2007: folds 
Korvin1999: folds 
Demidov V.S.: folds 
pobochka1: folds 
SashkoU: raises $0.10 to $0.12
Sibur64: calls $0.10
Kela1373: calls $0.10
*** FLOP *** [6c 4h Th]
SashkoU: checks 
Sibur64: checks 
Kela1373: checks 
*** TURN *** [6c 4h Th] [5s]
SashkoU: checks 
Sibur64: bets $0.18
Kela1373: folds 
SashkoU: folds 
Uncalled bet ($0.18) returned to Sibur64
Sibur64 collected $0.35 from pot
*** SUMMARY ***
Total pot $0.36 | Rake $0.01 
Board [6c 4h Th 5s]
Seat 1: Demidov V.S. folded before Flop (didn't bet)
Seat 2: pobochka1 (button) folded before Flop (didn't bet)
Seat 3: SashkoU (small blind) folded on the Turn
Seat 4: Sibur64 (big blind) collected ($0.35)
Seat 6: Kela1373 folded on the Turn
Seat 7: Sebban73 folded before Flop (didn't bet)
Seat 8: Dorex2007 folded before Flop (didn't bet)
Seat 9: Korvin1999 folded before Flop (didn't bet)



PokerStars Hand #227663951191:  Hold'em No Limit ($0.01/$0.02 USD) - 2021/06/18 0:50:46 PT [2021/06/18 3:50:46 ET]
Table 'Unukalhai II' 9-max Seat #3 is the button
Seat 1: Demidov V.S. ($1.90 in chips) 
Seat 2: pobochka1 ($1.77 in chips) 
Seat 3: SashkoU ($2.15 in chips) 
Seat 4: Sibur64 ($3.96 in chips) 
Seat 5: GENJD ($2 in chips) 
Seat 6: Kela1373 ($2 in chips) 
Seat 7: Sebban73 ($2.25 in chips) 
Seat 8: Dorex2007 ($1.84 in chips) 
Seat 9: Korvin1999 ($3.66 in chips) 
Sibur64: posts small blind $0.01
GENJD: posts big blind $0.02
*** HOLE CARDS ***
Dealt to Dorex2007 [7d 8d]
Kela1373: folds 
Sebban73: calls $0.02
Dorex2007: calls $0.02
Korvin1999: raises $0.04 to $0.06
Demidov V.S.: folds 
pobochka1: folds 
SashkoU: calls $0.06
Sibur64: folds 
GENJD: folds 
Sebban73: calls $0.04
Dorex2007: calls $0.04
*** FLOP *** [Kd 5s 3c]
Sebban73: checks 
Dorex2007: checks 
Korvin1999: checks 
SashkoU: bets $0.13
Sebban73: folds 
Dorex2007: folds 
Korvin1999: folds 
Uncalled bet ($0.13) returned to SashkoU
SashkoU collected $0.26 from pot
SashkoU: doesn't show hand 
*** SUMMARY ***
Total pot $0.27 | Rake $0.01 
Board [Kd 5s 3c]
Seat 1: Demidov V.S. folded before Flop (didn't bet)
Seat 2: pobochka1 folded before Flop (didn't bet)
Seat 3: SashkoU (button) collected ($0.26)
Seat 4: Sibur64 (small blind) folded before Flop
Seat 5: GENJD (big blind) folded before Flop
Seat 6: Kela1373 folded before Flop (didn't bet)
Seat 7: Sebban73 folded on the Flop
Seat 8: Dorex2007 folded on the Flop
Seat 9: Korvin1999 folded on the Flop



PokerStars Hand #227663958979:  Hold'em No Limit ($0.01/$0.02 USD) - 2021/06/18 0:51:37 PT [2021/06/18 3:51:37 ET]
Table 'Unukalhai II' 9-max Seat #4 is the button
Seat 1: Demidov V.S. ($1.90 in chips) 
Seat 2: pobochka1 ($1.77 in chips) 
Seat 3: SashkoU ($2.35 in chips) 
Seat 4: Sibur64 ($3.95 in chips) 
Seat 5: GENJD ($2 in chips) 
Seat 6: Kela1373 ($2 in chips) 
Seat 7: Sebban73 ($2.19 in chips) 
Seat 8: Dorex2007 ($1.78 in chips) 
Seat 9: Korvin1999 ($3.60 in chips) 
GENJD: posts small blind $0.01
Kela1373: posts big blind $0.02
*** HOLE CARDS ***
Dealt to Dorex2007 [Qs Js]
Sebban73: folds 
Dorex2007: raises $0.02 to $0.04
Korvin1999: folds 
Demidov V.S.: folds 
pobochka1: folds 
SashkoU: folds 
Sibur64: folds 
GENJD: folds 
Kela1373: folds 
Uncalled bet ($0.02) returned to Dorex2007
Dorex2007 collected $0.05 from pot
Dorex2007: doesn't show hand 
*** SUMMARY ***
Total pot $0.05 | Rake $0 
Seat 1: Demidov V.S. folded before Flop (didn't bet)
Seat 2: pobochka1 folded before Flop (didn't bet)
Seat 3: SashkoU folded before Flop (didn't bet)
Seat 4: Sibur64 (button) folded before Flop (didn't bet)
Seat 5: GENJD (small blind) folded before Flop
Seat 6: Kela1373 (big blind) folded before Flop
Seat 7: Sebban73 folded before Flop (didn't bet)
Seat 8: Dorex2007 collected ($0.05)
Seat 9: Korvin1999 folded before Flop (didn't bet)



