PokerStars Hand #227256179602:  Hold'em No Limit ($0.01/$0.02 USD) - 2021/06/01 17:45:45 PT [2021/06/01 20:45:45 ET]
Table 'Sibylla IV' 9-max Seat #2 is the button
Seat 1: Dorex2007 ($2 in chips) 
Seat 2: cayca789 ($1.34 in chips) 
Seat 3: MSASSANO ($1.80 in chips) 
Seat 4: C. Lo Sardo ($4.92 in chips) 
Seat 5: mataski ($1.69 in chips) 
Seat 6: SunTzuARG ($2.03 in chips) 
Seat 7: Da Newf ($0.77 in chips) 
Seat 8: BrickWall-In ($2.11 in chips) 
Seat 9: CPS2017 ($2.23 in chips) 
MSASSANO: posts small blind $0.01
C. Lo Sardo: posts big blind $0.02
Dorex2007: posts big blind $0.02
*** HOLE CARDS ***
Dealt to Dorex2007 [6c 6d]
mataski: folds 
SunTzuARG: folds 
Da Newf: calls $0.02
BrickWall-In: calls $0.02
CPS2017: folds 
Dorex2007: checks 
cayca789: folds 
MSASSANO: folds 
C. Lo Sardo: checks 
*** FLOP *** [Td 2s 5s]
C. Lo Sardo: checks 
Da Newf: bets $0.09
BrickWall-In: folds 
Dorex2007: folds 
C. Lo Sardo: folds 
Uncalled bet ($0.09) returned to Da Newf
Da Newf collected $0.09 from pot
Da Newf: doesn't show hand 
*** SUMMARY ***
Total pot $0.09 | Rake $0 
Board [Td 2s 5s]
Seat 1: Dorex2007 folded on the Flop (didn't bet)
Seat 2: cayca789 (button) folded before Flop (didn't bet)
Seat 3: MSASSANO (small blind) folded before Flop
Seat 4: C. Lo Sardo (big blind) folded on the Flop
Seat 5: mataski folded before Flop (didn't bet)
Seat 6: SunTzuARG folded before Flop (didn't bet)
Seat 7: Da Newf collected ($0.09)
Seat 8: BrickWall-In folded on the Flop
Seat 9: CPS2017 folded before Flop (didn't bet)



PokerStars Hand #227256189377:  Hold'em No Limit ($0.01/$0.02 USD) - 2021/06/01 17:46:22 PT [2021/06/01 20:46:22 ET]
Table 'Sibylla IV' 9-max Seat #3 is the button
Seat 1: Dorex2007 ($1.98 in chips) 
Seat 2: cayca789 ($1.34 in chips) 
Seat 3: MSASSANO ($1.79 in chips) 
Seat 4: C. Lo Sardo ($4.90 in chips) 
Seat 5: mataski ($1.69 in chips) 
Seat 6: SunTzuARG ($2.03 in chips) 
Seat 7: Da Newf ($0.84 in chips) 
Seat 8: BrickWall-In ($2.09 in chips) 
Seat 9: CPS2017 ($2.23 in chips) 
C. Lo Sardo: posts small blind $0.01
mataski: posts big blind $0.02
*** HOLE CARDS ***
Dealt to Dorex2007 [4d 2s]
SunTzuARG: folds 
Da Newf: folds 
BrickWall-In: folds 
CPS2017: calls $0.02
Dorex2007: folds 
cayca789: folds 
MSASSANO: folds 
C. Lo Sardo: calls $0.01
mataski: checks 
*** FLOP *** [Jc Th 5c]
C. Lo Sardo: checks 
mataski: checks 
CPS2017: bets $0.06
C. Lo Sardo: calls $0.06
mataski: folds 
*** TURN *** [Jc Th 5c] [Ts]
C. Lo Sardo: checks 
CPS2017: bets $0.15
C. Lo Sardo: raises $0.33 to $0.48
CPS2017: calls $0.33
*** RIVER *** [Jc Th 5c Ts] [Js]
C. Lo Sardo: checks 
CPS2017: checks 
*** SHOW DOWN ***
C. Lo Sardo: shows [Tc 9d] (a full house, Tens full of Jacks)
CPS2017: mucks hand 
C. Lo Sardo collected $1.10 from pot
*** SUMMARY ***
Total pot $1.14 | Rake $0.04 
Board [Jc Th 5c Ts Js]
Seat 1: Dorex2007 folded before Flop (didn't bet)
Seat 2: cayca789 folded before Flop (didn't bet)
Seat 3: MSASSANO (button) folded before Flop (didn't bet)
Seat 4: C. Lo Sardo (small blind) showed [Tc 9d] and won ($1.10) with a full house, Tens full of Jacks
Seat 5: mataski (big blind) folded on the Flop
Seat 6: SunTzuARG folded before Flop (didn't bet)
Seat 7: Da Newf folded before Flop (didn't bet)
Seat 8: BrickWall-In folded before Flop (didn't bet)
Seat 9: CPS2017 mucked [Ks Qd]



PokerStars Hand #227256219477:  Hold'em No Limit ($0.01/$0.02 USD) - 2021/06/01 17:47:43 PT [2021/06/01 20:47:43 ET]
Table 'Sibylla IV' 9-max Seat #4 is the button
Seat 1: Dorex2007 ($1.98 in chips) 
Seat 2: cayca789 ($1.34 in chips) 
Seat 3: MSASSANO ($1.79 in chips) 
Seat 4: C. Lo Sardo ($5.44 in chips) 
Seat 5: mataski ($1.67 in chips) 
Seat 6: SunTzuARG ($2.03 in chips) 
Seat 7: Da Newf ($0.84 in chips) 
Seat 8: BrickWall-In ($2.09 in chips) 
Seat 9: CPS2017 ($1.67 in chips) 
mataski: posts small blind $0.01
SunTzuARG: posts big blind $0.02
*** HOLE CARDS ***
Dealt to Dorex2007 [2d 3d]
Da Newf has timed out
Da Newf: folds 
BrickWall-In: calls $0.02
CPS2017: folds 
Dorex2007: folds 
cayca789: folds 
MSASSANO: raises $0.06 to $0.08
C. Lo Sardo: calls $0.08
mataski: folds 
SunTzuARG: folds 
BrickWall-In: calls $0.06
*** FLOP *** [7d Ad 8h]
BrickWall-In: checks 
MSASSANO: checks 
C. Lo Sardo: checks 
*** TURN *** [7d Ad 8h] [4h]
BrickWall-In: bets $0.14
MSASSANO: folds 
C. Lo Sardo: folds 
Uncalled bet ($0.14) returned to BrickWall-In
BrickWall-In collected $0.26 from pot
BrickWall-In: doesn't show hand 
*** SUMMARY ***
Total pot $0.27 | Rake $0.01 
Board [7d Ad 8h 4h]
Seat 1: Dorex2007 folded before Flop (didn't bet)
Seat 2: cayca789 folded before Flop (didn't bet)
Seat 3: MSASSANO folded on the Turn
Seat 4: C. Lo Sardo (button) folded on the Turn
Seat 5: mataski (small blind) folded before Flop
Seat 6: SunTzuARG (big blind) folded before Flop
Seat 7: Da Newf folded before Flop (didn't bet)
Seat 8: BrickWall-In collected ($0.26)
Seat 9: CPS2017 folded before Flop (didn't bet)



PokerStars Hand #227256232715:  Hold'em No Limit ($0.01/$0.02 USD) - 2021/06/01 17:48:33 PT [2021/06/01 20:48:33 ET]
Table 'Sibylla IV' 9-max Seat #5 is the button
Seat 1: Dorex2007 ($1.98 in chips) 
Seat 2: cayca789 ($1.34 in chips) 
Seat 3: MSASSANO ($1.71 in chips) 
Seat 4: C. Lo Sardo ($5.36 in chips) 
Seat 5: mataski ($1.66 in chips) 
Seat 6: SunTzuARG ($2.01 in chips) 
Seat 7: Da Newf ($0.84 in chips) 
Seat 8: BrickWall-In ($2.27 in chips) 
Seat 9: CPS2017 ($1.67 in chips) 
SunTzuARG: posts small blind $0.01
Da Newf: posts big blind $0.02
*** HOLE CARDS ***
Dealt to Dorex2007 [8s Tc]
BrickWall-In: raises $0.04 to $0.06
CPS2017: calls $0.06
Dorex2007: folds 
cayca789: calls $0.06
MSASSANO: folds 
C. Lo Sardo: folds 
mataski: folds 
SunTzuARG: folds 
Da Newf: folds 
*** FLOP *** [Jh 6h 7d]
BrickWall-In: bets $0.10
CPS2017: calls $0.10
cayca789: folds 
*** TURN *** [Jh 6h 7d] [3s]
cayca789 leaves the table
BrickWall-In: bets $0.26
CPS2017: calls $0.26
*** RIVER *** [Jh 6h 7d 3s] [9d]
BrickWall-In: bets $0.50
CPS2017: calls $0.50
*** SHOW DOWN ***
BrickWall-In: shows [6s 6d] (three of a kind, Sixes)
CPS2017: mucks hand 
BrickWall-In collected $1.86 from pot
*** SUMMARY ***
Total pot $1.93 | Rake $0.07 
Board [Jh 6h 7d 3s 9d]
Seat 1: Dorex2007 folded before Flop (didn't bet)
Seat 2: cayca789 folded on the Flop
Seat 3: MSASSANO folded before Flop (didn't bet)
Seat 4: C. Lo Sardo folded before Flop (didn't bet)
Seat 5: mataski (button) folded before Flop (didn't bet)
Seat 6: SunTzuARG (small blind) folded before Flop
Seat 7: Da Newf (big blind) folded before Flop
Seat 8: BrickWall-In showed [6s 6d] and won ($1.86) with three of a kind, Sixes
Seat 9: CPS2017 mucked [3h 5h]



PokerStars Hand #227256244574:  Hold'em No Limit ($0.01/$0.02 USD) - 2021/06/01 17:49:18 PT [2021/06/01 20:49:18 ET]
Table 'Sibylla IV' 9-max Seat #6 is the button
Seat 1: Dorex2007 ($1.98 in chips) 
Seat 3: MSASSANO ($1.71 in chips) 
Seat 4: C. Lo Sardo ($5.36 in chips) 
Seat 5: mataski ($1.66 in chips) 
Seat 6: SunTzuARG ($2 in chips) 
Seat 7: Da Newf ($0.82 in chips) 
Seat 8: BrickWall-In ($3.21 in chips) 
Seat 9: CPS2017 ($0.75 in chips) 
Da Newf: posts small blind $0.01
BrickWall-In: posts big blind $0.02
*** HOLE CARDS ***
Dealt to Dorex2007 [6h 8c]
JACAM 21 joins the table at seat #2 
CPS2017: folds 
Dorex2007: folds 
MSASSANO: folds 
C. Lo Sardo: folds 
mataski: folds 
SunTzuARG: folds 
Da Newf: folds 
Uncalled bet ($0.01) returned to BrickWall-In
BrickWall-In collected $0.02 from pot
BrickWall-In: doesn't show hand 
*** SUMMARY ***
Total pot $0.02 | Rake $0 
Seat 1: Dorex2007 folded before Flop (didn't bet)
Seat 3: MSASSANO folded before Flop (didn't bet)
Seat 4: C. Lo Sardo folded before Flop (didn't bet)
Seat 5: mataski folded before Flop (didn't bet)
Seat 6: SunTzuARG (button) folded before Flop (didn't bet)
Seat 7: Da Newf (small blind) folded before Flop
Seat 8: BrickWall-In (big blind) collected ($0.02)
Seat 9: CPS2017 folded before Flop (didn't bet)



PokerStars Hand #227256248047:  Hold'em No Limit ($0.01/$0.02 USD) - 2021/06/01 17:49:31 PT [2021/06/01 20:49:31 ET]
Table 'Sibylla IV' 9-max Seat #7 is the button
Seat 1: Dorex2007 ($1.98 in chips) 
Seat 3: MSASSANO ($1.71 in chips) 
Seat 4: C. Lo Sardo ($5.36 in chips) 
Seat 5: mataski ($1.66 in chips) 
Seat 6: SunTzuARG ($2 in chips) 
Seat 7: Da Newf ($0.81 in chips) 
Seat 8: BrickWall-In ($3.22 in chips) 
Seat 9: CPS2017 ($0.75 in chips) 
BrickWall-In: posts small blind $0.01
CPS2017: posts big blind $0.02
JACAM 21: sits out 
*** HOLE CARDS ***
Dealt to Dorex2007 [7h 8c]
Dorex2007: folds 
MSASSANO: folds 
C. Lo Sardo: folds 
mataski: folds 
SunTzuARG: folds 
Da Newf: folds 
BrickWall-In: raises $0.04 to $0.06
CPS2017: calls $0.04
*** FLOP *** [Qs Kd Ac]
BrickWall-In: bets $0.06
CPS2017: folds 
Uncalled bet ($0.06) returned to BrickWall-In
BrickWall-In collected $0.12 from pot
BrickWall-In: doesn't show hand 
*** SUMMARY ***
Total pot $0.12 | Rake $0 
Board [Qs Kd Ac]
Seat 1: Dorex2007 folded before Flop (didn't bet)
Seat 3: MSASSANO folded before Flop (didn't bet)
Seat 4: C. Lo Sardo folded before Flop (didn't bet)
Seat 5: mataski folded before Flop (didn't bet)
Seat 6: SunTzuARG folded before Flop (didn't bet)
Seat 7: Da Newf (button) folded before Flop (didn't bet)
Seat 8: BrickWall-In (small blind) collected ($0.12)
Seat 9: CPS2017 (big blind) folded on the Flop



PokerStars Hand #227256255484:  Hold'em No Limit ($0.01/$0.02 USD) - 2021/06/01 17:50:00 PT [2021/06/01 20:50:00 ET]
Table 'Sibylla IV' 9-max Seat #8 is the button
Seat 1: Dorex2007 ($1.98 in chips) 
Seat 3: MSASSANO ($1.71 in chips) 
Seat 4: C. Lo Sardo ($5.36 in chips) 
Seat 5: mataski ($1.66 in chips) 
Seat 6: SunTzuARG ($2 in chips) 
Seat 7: Da Newf ($0.81 in chips) 
Seat 8: BrickWall-In ($3.28 in chips) 
Seat 9: CPS2017 ($0.69 in chips) 
CPS2017: posts small blind $0.01
Dorex2007: posts big blind $0.02
JACAM 21: sits out 
*** HOLE CARDS ***
Dealt to Dorex2007 [Qh Ac]
MSASSANO: folds 
C. Lo Sardo: folds 
mataski: folds 
SunTzuARG: folds 
Da Newf: folds 
BrickWall-In: raises $0.04 to $0.06
CPS2017: calls $0.05
Dorex2007: folds 
*** FLOP *** [5c 2h 2s]
CPS2017: checks 
BrickWall-In: bets $0.07
CPS2017: raises $0.56 to $0.63 and is all-in
BrickWall-In: folds 
Uncalled bet ($0.56) returned to CPS2017
CPS2017 collected $0.27 from pot
*** SUMMARY ***
Total pot $0.28 | Rake $0.01 
Board [5c 2h 2s]
Seat 1: Dorex2007 (big blind) folded before Flop
Seat 3: MSASSANO folded before Flop (didn't bet)
Seat 4: C. Lo Sardo folded before Flop (didn't bet)
Seat 5: mataski folded before Flop (didn't bet)
Seat 6: SunTzuARG folded before Flop (didn't bet)
Seat 7: Da Newf folded before Flop (didn't bet)
Seat 8: BrickWall-In (button) folded on the Flop
Seat 9: CPS2017 (small blind) collected ($0.27)



PokerStars Hand #227256266761:  Hold'em No Limit ($0.01/$0.02 USD) - 2021/06/01 17:50:43 PT [2021/06/01 20:50:43 ET]
Table 'Sibylla IV' 9-max Seat #9 is the button
Seat 1: Dorex2007 ($1.96 in chips) 
Seat 2: JACAM 21 ($2 in chips) 
Seat 3: MSASSANO ($1.71 in chips) 
Seat 4: C. Lo Sardo ($5.36 in chips) 
Seat 5: mataski ($1.66 in chips) 
Seat 6: SunTzuARG ($2 in chips) 
Seat 7: Da Newf ($0.81 in chips) 
Seat 8: BrickWall-In ($3.15 in chips) 
Seat 9: CPS2017 ($0.83 in chips) 
Dorex2007: posts small blind $0.01
JACAM 21: posts big blind $0.02
*** HOLE CARDS ***
Dealt to Dorex2007 [2d 6s]
MSASSANO: raises $0.04 to $0.06
C. Lo Sardo: folds 
mataski: folds 
SunTzuARG: folds 
Da Newf: folds 
BrickWall-In: folds 
CPS2017: calls $0.06
Dorex2007: folds 
JACAM 21: folds 
*** FLOP *** [6d 6c 3d]
MSASSANO: checks 
CPS2017: checks 
*** TURN *** [6d 6c 3d] [5h]
MSASSANO: bets $0.08
CPS2017: calls $0.08
*** RIVER *** [6d 6c 3d 5h] [Ts]
MSASSANO: checks 
CPS2017: bets $0.69 and is all-in
MSASSANO: calls $0.69
*** SHOW DOWN ***
CPS2017: shows [7c 4c] (a straight, Three to Seven)
MSASSANO: shows [Js Jh] (two pair, Jacks and Sixes)
CPS2017 collected $1.63 from pot
*** SUMMARY ***
Total pot $1.69 | Rake $0.06 
Board [6d 6c 3d 5h Ts]
Seat 1: Dorex2007 (small blind) folded before Flop
Seat 2: JACAM 21 (big blind) folded before Flop
Seat 3: MSASSANO showed [Js Jh] and lost with two pair, Jacks and Sixes
Seat 4: C. Lo Sardo folded before Flop (didn't bet)
Seat 5: mataski folded before Flop (didn't bet)
Seat 6: SunTzuARG folded before Flop (didn't bet)
Seat 7: Da Newf folded before Flop (didn't bet)
Seat 8: BrickWall-In folded before Flop (didn't bet)
Seat 9: CPS2017 (button) showed [7c 4c] and won ($1.63) with a straight, Three to Seven



PokerStars Hand #227256280865:  Hold'em No Limit ($0.01/$0.02 USD) - 2021/06/01 17:51:37 PT [2021/06/01 20:51:37 ET]
Table 'Sibylla IV' 9-max Seat #1 is the button
Seat 1: Dorex2007 ($1.95 in chips) 
Seat 2: JACAM 21 ($1.98 in chips) 
Seat 3: MSASSANO ($0.88 in chips) 
Seat 4: C. Lo Sardo ($5.36 in chips) 
Seat 5: mataski ($1.66 in chips) 
Seat 6: SunTzuARG ($2 in chips) 
Seat 7: Da Newf ($0.81 in chips) 
Seat 8: BrickWall-In ($3.15 in chips) 
Seat 9: CPS2017 ($1.63 in chips) 
JACAM 21: posts small blind $0.01
MSASSANO: posts big blind $0.02
*** HOLE CARDS ***
Dealt to Dorex2007 [As 6d]
C. Lo Sardo: folds 
mataski: folds 
SunTzuARG: raises $0.04 to $0.06
Da Newf: folds 
BrickWall-In: folds 
CPS2017: folds 
Dorex2007: folds 
JACAM 21: calls $0.05
MSASSANO: folds 
*** FLOP *** [4s 2h 3s]
JACAM 21: checks 
SunTzuARG: checks 
*** TURN *** [4s 2h 3s] [5c]
JACAM 21: checks 
SunTzuARG: checks 
*** RIVER *** [4s 2h 3s 5c] [Kd]
JACAM 21: bets $0.02
SunTzuARG: calls $0.02
*** SHOW DOWN ***
JACAM 21: shows [9c 8c] (high card King)
SunTzuARG: shows [Ac Jd] (a straight, Ace to Five)
SunTzuARG collected $0.17 from pot
*** SUMMARY ***
Total pot $0.18 | Rake $0.01 
Board [4s 2h 3s 5c Kd]
Seat 1: Dorex2007 (button) folded before Flop (didn't bet)
Seat 2: JACAM 21 (small blind) showed [9c 8c] and lost with high card King
Seat 3: MSASSANO (big blind) folded before Flop
Seat 4: C. Lo Sardo folded before Flop (didn't bet)
Seat 5: mataski folded before Flop (didn't bet)
Seat 6: SunTzuARG showed [Ac Jd] and won ($0.17) with a straight, Ace to Five
Seat 7: Da Newf folded before Flop (didn't bet)
Seat 8: BrickWall-In folded before Flop (didn't bet)
Seat 9: CPS2017 folded before Flop (didn't bet)



PokerStars Hand #227256292834:  Hold'em No Limit ($0.01/$0.02 USD) - 2021/06/01 17:52:23 PT [2021/06/01 20:52:23 ET]
Table 'Sibylla IV' 9-max Seat #2 is the button
Seat 1: Dorex2007 ($1.95 in chips) 
Seat 2: JACAM 21 ($1.90 in chips) 
Seat 3: MSASSANO ($0.86 in chips) 
Seat 4: C. Lo Sardo ($5.36 in chips) 
Seat 5: mataski ($1.66 in chips) 
Seat 6: SunTzuARG ($2.09 in chips) 
Seat 7: Da Newf ($0.81 in chips) 
Seat 8: BrickWall-In ($3.15 in chips) 
Seat 9: CPS2017 ($1.63 in chips) 
MSASSANO: posts small blind $0.01
C. Lo Sardo: posts big blind $0.02
*** HOLE CARDS ***
Dealt to Dorex2007 [4d 7h]
mataski: calls $0.02
SunTzuARG: folds 
Da Newf: folds 
BrickWall-In: calls $0.02
CPS2017: calls $0.02
Dorex2007: folds 
JACAM 21: calls $0.02
MSASSANO: calls $0.01
C. Lo Sardo: checks 
*** FLOP *** [7d 7c Qc]
MSASSANO: checks 
C. Lo Sardo: checks 
mataski: checks 
BrickWall-In: checks 
CPS2017: bets $0.06
JACAM 21: calls $0.06
MSASSANO: folds 
C. Lo Sardo: folds 
mataski: folds 
BrickWall-In: folds 
*** TURN *** [7d 7c Qc] [5d]
CPS2017: checks 
JACAM 21: bets $0.04
CPS2017: calls $0.04
*** RIVER *** [7d 7c Qc 5d] [8d]
CPS2017: checks 
JACAM 21: checks 
*** SHOW DOWN ***
CPS2017: shows [6c Kc] (a pair of Sevens)
JACAM 21: shows [3s Qs] (two pair, Queens and Sevens)
JACAM 21 collected $0.31 from pot
*** SUMMARY ***
Total pot $0.32 | Rake $0.01 
Board [7d 7c Qc 5d 8d]
Seat 1: Dorex2007 folded before Flop (didn't bet)
Seat 2: JACAM 21 (button) showed [3s Qs] and won ($0.31) with two pair, Queens and Sevens
Seat 3: MSASSANO (small blind) folded on the Flop
Seat 4: C. Lo Sardo (big blind) folded on the Flop
Seat 5: mataski folded on the Flop
Seat 6: SunTzuARG folded before Flop (didn't bet)
Seat 7: Da Newf folded before Flop (didn't bet)
Seat 8: BrickWall-In folded on the Flop
Seat 9: CPS2017 showed [6c Kc] and lost with a pair of Sevens



PokerStars Hand #227256313067:  Hold'em No Limit ($0.01/$0.02 USD) - 2021/06/01 17:53:41 PT [2021/06/01 20:53:41 ET]
Table 'Sibylla IV' 9-max Seat #3 is the button
Seat 1: Dorex2007 ($1.95 in chips) 
Seat 2: JACAM 21 ($2.09 in chips) 
Seat 3: MSASSANO ($0.84 in chips) 
Seat 4: C. Lo Sardo ($5.34 in chips) 
Seat 5: mataski ($1.64 in chips) 
Seat 6: SunTzuARG ($2.09 in chips) 
Seat 7: Da Newf ($0.81 in chips) 
Seat 8: BrickWall-In ($3.13 in chips) 
Seat 9: CPS2017 ($1.51 in chips) 
C. Lo Sardo: posts small blind $0.01
mataski: posts big blind $0.02
*** HOLE CARDS ***
Dealt to Dorex2007 [6h 2c]
SunTzuARG: folds 
Da Newf: folds 
BrickWall-In: folds 
CPS2017: folds 
Dorex2007: folds 
JACAM 21: raises $0.02 to $0.04
MSASSANO: folds 
C. Lo Sardo: folds 
mataski: folds 
Uncalled bet ($0.02) returned to JACAM 21
JACAM 21 collected $0.05 from pot
JACAM 21: doesn't show hand 
*** SUMMARY ***
Total pot $0.05 | Rake $0 
Seat 1: Dorex2007 folded before Flop (didn't bet)
Seat 2: JACAM 21 collected ($0.05)
Seat 3: MSASSANO (button) folded before Flop (didn't bet)
Seat 4: C. Lo Sardo (small blind) folded before Flop
Seat 5: mataski (big blind) folded before Flop
Seat 6: SunTzuARG folded before Flop (didn't bet)
Seat 7: Da Newf folded before Flop (didn't bet)
Seat 8: BrickWall-In folded before Flop (didn't bet)
Seat 9: CPS2017 folded before Flop (didn't bet)



PokerStars Hand #227256319625:  Hold'em No Limit ($0.01/$0.02 USD) - 2021/06/01 17:54:07 PT [2021/06/01 20:54:07 ET]
Table 'Sibylla IV' 9-max Seat #4 is the button
Seat 1: Dorex2007 ($1.95 in chips) 
Seat 2: JACAM 21 ($2.12 in chips) 
Seat 3: MSASSANO ($0.84 in chips) 
Seat 4: C. Lo Sardo ($5.33 in chips) 
Seat 5: mataski ($1.62 in chips) 
Seat 6: SunTzuARG ($2.09 in chips) 
Seat 7: Da Newf ($0.81 in chips) 
Seat 8: BrickWall-In ($3.13 in chips) 
Seat 9: CPS2017 ($1.51 in chips) 
mataski: posts small blind $0.01
SunTzuARG: posts big blind $0.02
*** HOLE CARDS ***
Dealt to Dorex2007 [Jh 8h]
Da Newf: folds 
BrickWall-In: raises $0.04 to $0.06
CPS2017: folds 
Dorex2007: folds 
JACAM 21: folds 
MSASSANO: folds 
C. Lo Sardo: folds 
mataski: folds 
SunTzuARG: folds 
Uncalled bet ($0.04) returned to BrickWall-In
BrickWall-In collected $0.05 from pot
BrickWall-In: doesn't show hand 
*** SUMMARY ***
Total pot $0.05 | Rake $0 
Seat 1: Dorex2007 folded before Flop (didn't bet)
Seat 2: JACAM 21 folded before Flop (didn't bet)
Seat 3: MSASSANO folded before Flop (didn't bet)
Seat 4: C. Lo Sardo (button) folded before Flop (didn't bet)
Seat 5: mataski (small blind) folded before Flop
Seat 6: SunTzuARG (big blind) folded before Flop
Seat 7: Da Newf folded before Flop (didn't bet)
Seat 8: BrickWall-In collected ($0.05)
Seat 9: CPS2017 folded before Flop (didn't bet)



PokerStars Hand #227256325200:  Hold'em No Limit ($0.01/$0.02 USD) - 2021/06/01 17:54:29 PT [2021/06/01 20:54:29 ET]
Table 'Sibylla IV' 9-max Seat #5 is the button
Seat 1: Dorex2007 ($1.95 in chips) 
Seat 2: JACAM 21 ($2.12 in chips) 
Seat 3: MSASSANO ($0.84 in chips) 
Seat 4: C. Lo Sardo ($5.33 in chips) 
Seat 5: mataski ($1.61 in chips) 
Seat 6: SunTzuARG ($2.07 in chips) 
Seat 7: Da Newf ($0.81 in chips) 
Seat 8: BrickWall-In ($3.16 in chips) 
Seat 9: CPS2017 ($1.51 in chips) 
SunTzuARG: posts small blind $0.01
Da Newf: posts big blind $0.02
*** HOLE CARDS ***
Dealt to Dorex2007 [2h 4c]
BrickWall-In: folds 
CPS2017: folds 
Dorex2007: folds 
JACAM 21: folds 
MSASSANO: raises $0.04 to $0.06
C. Lo Sardo: folds 
mataski: folds 
SunTzuARG: folds 
Da Newf: folds 
Uncalled bet ($0.04) returned to MSASSANO
MSASSANO collected $0.05 from pot
MSASSANO: doesn't show hand 
*** SUMMARY ***
Total pot $0.05 | Rake $0 
Seat 1: Dorex2007 folded before Flop (didn't bet)
Seat 2: JACAM 21 folded before Flop (didn't bet)
Seat 3: MSASSANO collected ($0.05)
Seat 4: C. Lo Sardo folded before Flop (didn't bet)
Seat 5: mataski (button) folded before Flop (didn't bet)
Seat 6: SunTzuARG (small blind) folded before Flop
Seat 7: Da Newf (big blind) folded before Flop
Seat 8: BrickWall-In folded before Flop (didn't bet)
Seat 9: CPS2017 folded before Flop (didn't bet)



PokerStars Hand #227256335079:  Hold'em No Limit ($0.01/$0.02 USD) - 2021/06/01 17:55:08 PT [2021/06/01 20:55:08 ET]
Table 'Sibylla IV' 9-max Seat #6 is the button
Seat 1: Dorex2007 ($1.95 in chips) 
Seat 2: JACAM 21 ($2.12 in chips) 
Seat 3: MSASSANO ($0.87 in chips) 
Seat 4: C. Lo Sardo ($5.33 in chips) 
Seat 5: mataski ($1.61 in chips) 
Seat 6: SunTzuARG ($2.06 in chips) 
Seat 7: Da Newf ($0.79 in chips) 
Seat 8: BrickWall-In ($3.16 in chips) 
Seat 9: CPS2017 ($1.51 in chips) 
Da Newf: posts small blind $0.01
BrickWall-In: posts big blind $0.02
*** HOLE CARDS ***
Dealt to Dorex2007 [Ac 8c]
CPS2017: calls $0.02
Dorex2007: calls $0.02
JACAM 21: raises $0.04 to $0.06
MSASSANO: folds 
C. Lo Sardo: folds 
mataski: folds 
SunTzuARG: folds 
Da Newf: folds 
BrickWall-In: folds 
CPS2017: calls $0.04
Dorex2007: calls $0.04
*** FLOP *** [6h 5d Ad]
CPS2017: checks 
Dorex2007: bets $0.10
JACAM 21: folds 
CPS2017: folds 
Uncalled bet ($0.10) returned to Dorex2007
Dorex2007 collected $0.20 from pot
Dorex2007: doesn't show hand 
*** SUMMARY ***
Total pot $0.21 | Rake $0.01 
Board [6h 5d Ad]
Seat 1: Dorex2007 collected ($0.20)
Seat 2: JACAM 21 folded on the Flop
Seat 3: MSASSANO folded before Flop (didn't bet)
Seat 4: C. Lo Sardo folded before Flop (didn't bet)
Seat 5: mataski folded before Flop (didn't bet)
Seat 6: SunTzuARG (button) folded before Flop (didn't bet)
Seat 7: Da Newf (small blind) folded before Flop
Seat 8: BrickWall-In (big blind) folded before Flop
Seat 9: CPS2017 folded on the Flop



PokerStars Hand #227256347121:  Hold'em No Limit ($0.01/$0.02 USD) - 2021/06/01 17:56:03 PT [2021/06/01 20:56:03 ET]
Table 'Sibylla IV' 9-max Seat #7 is the button
Seat 1: Dorex2007 ($2.09 in chips) 
Seat 2: JACAM 21 ($2.06 in chips) 
Seat 3: MSASSANO ($0.87 in chips) 
Seat 4: C. Lo Sardo ($5.33 in chips) 
Seat 5: mataski ($1.61 in chips) 
Seat 6: SunTzuARG ($2.06 in chips) 
Seat 7: Da Newf ($0.78 in chips) 
Seat 8: BrickWall-In ($3.14 in chips) 
Seat 9: CPS2017 ($1.45 in chips) 
BrickWall-In: posts small blind $0.01
CPS2017: posts big blind $0.02
*** HOLE CARDS ***
Dealt to Dorex2007 [5s Ac]
Dorex2007: folds 
JACAM 21: folds 
MSASSANO: folds 
C. Lo Sardo: folds 
mataski: folds 
SunTzuARG: folds 
Da Newf: calls $0.02
BrickWall-In: folds 
CPS2017: checks 
*** FLOP *** [9s Jd 7s]
CPS2017: checks 
Da Newf: bets $0.05
CPS2017: calls $0.05
*** TURN *** [9s Jd 7s] [5h]
CPS2017: checks 
Da Newf: bets $0.04
CPS2017: folds 
Uncalled bet ($0.04) returned to Da Newf
Da Newf collected $0.14 from pot
Da Newf: doesn't show hand 
*** SUMMARY ***
Total pot $0.15 | Rake $0.01 
Board [9s Jd 7s 5h]
Seat 1: Dorex2007 folded before Flop (didn't bet)
Seat 2: JACAM 21 folded before Flop (didn't bet)
Seat 3: MSASSANO folded before Flop (didn't bet)
Seat 4: C. Lo Sardo folded before Flop (didn't bet)
Seat 5: mataski folded before Flop (didn't bet)
Seat 6: SunTzuARG folded before Flop (didn't bet)
Seat 7: Da Newf (button) collected ($0.14)
Seat 8: BrickWall-In (small blind) folded before Flop
Seat 9: CPS2017 (big blind) folded on the Turn



PokerStars Hand #227256356843:  Hold'em No Limit ($0.01/$0.02 USD) - 2021/06/01 17:56:48 PT [2021/06/01 20:56:48 ET]
Table 'Sibylla IV' 9-max Seat #8 is the button
Seat 1: Dorex2007 ($2.09 in chips) 
Seat 2: JACAM 21 ($2.06 in chips) 
Seat 3: MSASSANO ($0.87 in chips) 
Seat 4: C. Lo Sardo ($5.33 in chips) 
Seat 5: mataski ($1.61 in chips) 
Seat 6: SunTzuARG ($2.06 in chips) 
Seat 7: Da Newf ($0.85 in chips) 
Seat 8: BrickWall-In ($3.13 in chips) 
Seat 9: CPS2017 ($1.38 in chips) 
CPS2017: posts small blind $0.01
Dorex2007: posts big blind $0.02
*** HOLE CARDS ***
Dealt to Dorex2007 [Ah Ks]
JACAM 21: folds 
MSASSANO: folds 
C. Lo Sardo: folds 
mataski: folds 
SunTzuARG: folds 
Da Newf: folds 
BrickWall-In: folds 
CPS2017: calls $0.01
Dorex2007: raises $0.08 to $0.10
CPS2017: calls $0.08
*** FLOP *** [2s Ad 3c]
CPS2017: checks 
Dorex2007: checks 
*** TURN *** [2s Ad 3c] [4c]
CPS2017: checks 
Dorex2007: bets $0.10
CPS2017: folds 
Uncalled bet ($0.10) returned to Dorex2007
Dorex2007 collected $0.19 from pot
Dorex2007: doesn't show hand 
*** SUMMARY ***
Total pot $0.20 | Rake $0.01 
Board [2s Ad 3c 4c]
Seat 1: Dorex2007 (big blind) collected ($0.19)
Seat 2: JACAM 21 folded before Flop (didn't bet)
Seat 3: MSASSANO folded before Flop (didn't bet)
Seat 4: C. Lo Sardo folded before Flop (didn't bet)
Seat 5: mataski folded before Flop (didn't bet)
Seat 6: SunTzuARG folded before Flop (didn't bet)
Seat 7: Da Newf folded before Flop (didn't bet)
Seat 8: BrickWall-In (button) folded before Flop (didn't bet)
Seat 9: CPS2017 (small blind) folded on the Turn



PokerStars Hand #227256368615:  Hold'em No Limit ($0.01/$0.02 USD) - 2021/06/01 17:57:43 PT [2021/06/01 20:57:43 ET]
Table 'Sibylla IV' 9-max Seat #9 is the button
Seat 1: Dorex2007 ($2.18 in chips) 
Seat 2: JACAM 21 ($2.06 in chips) 
Seat 3: MSASSANO ($0.87 in chips) 
Seat 4: C. Lo Sardo ($5.33 in chips) 
Seat 5: mataski ($1.61 in chips) 
Seat 6: SunTzuARG ($2.06 in chips) 
Seat 7: Da Newf ($0.85 in chips) 
Seat 8: BrickWall-In ($3.13 in chips) 
Seat 9: CPS2017 ($1.28 in chips) 
Dorex2007: posts small blind $0.01
JACAM 21: posts big blind $0.02
*** HOLE CARDS ***
Dealt to Dorex2007 [6d 5h]
MSASSANO: folds 
C. Lo Sardo: folds 
mataski: folds 
SunTzuARG: folds 
Da Newf: folds 
BrickWall-In: raises $0.04 to $0.06
CPS2017: folds 
Dorex2007: folds 
JACAM 21: folds 
Uncalled bet ($0.04) returned to BrickWall-In
BrickWall-In collected $0.05 from pot
BrickWall-In: doesn't show hand 
*** SUMMARY ***
Total pot $0.05 | Rake $0 
Seat 1: Dorex2007 (small blind) folded before Flop
Seat 2: JACAM 21 (big blind) folded before Flop
Seat 3: MSASSANO folded before Flop (didn't bet)
Seat 4: C. Lo Sardo folded before Flop (didn't bet)
Seat 5: mataski folded before Flop (didn't bet)
Seat 6: SunTzuARG folded before Flop (didn't bet)
Seat 7: Da Newf folded before Flop (didn't bet)
Seat 8: BrickWall-In collected ($0.05)
Seat 9: CPS2017 (button) folded before Flop (didn't bet)



PokerStars Hand #227256373381:  Hold'em No Limit ($0.01/$0.02 USD) - 2021/06/01 17:58:05 PT [2021/06/01 20:58:05 ET]
Table 'Sibylla IV' 9-max Seat #1 is the button
Seat 1: Dorex2007 ($2.17 in chips) 
Seat 2: JACAM 21 ($2.04 in chips) 
Seat 3: MSASSANO ($0.87 in chips) 
Seat 4: C. Lo Sardo ($5.33 in chips) 
Seat 5: mataski ($1.61 in chips) 
Seat 6: SunTzuARG ($2.06 in chips) 
Seat 7: Da Newf ($0.85 in chips) 
Seat 8: BrickWall-In ($3.16 in chips) 
Seat 9: CPS2017 ($1.28 in chips) 
JACAM 21: posts small blind $0.01
MSASSANO: posts big blind $0.02
*** HOLE CARDS ***
Dealt to Dorex2007 [Js Td]
C. Lo Sardo: folds 
mataski: folds 
SunTzuARG: folds 
Da Newf: folds 
BrickWall-In: folds 
CPS2017: folds 
Dorex2007: raises $0.02 to $0.04
JACAM 21: calls $0.03
MSASSANO: calls $0.02
*** FLOP *** [Th 4s 6s]
JACAM 21: checks 
MSASSANO: checks 
Dorex2007: bets $0.16
JACAM 21: calls $0.16
MSASSANO: folds 
*** TURN *** [Th 4s 6s] [5c]
JACAM 21: checks 
Dorex2007: checks 
*** RIVER *** [Th 4s 6s 5c] [9c]
JACAM 21: checks 
Dorex2007: checks 
*** SHOW DOWN ***
JACAM 21: shows [Ts Ah] (a pair of Tens)
Dorex2007: mucks hand 
JACAM 21 collected $0.42 from pot
*** SUMMARY ***
Total pot $0.44 | Rake $0.02 
Board [Th 4s 6s 5c 9c]
Seat 1: Dorex2007 (button) mucked [Js Td]
Seat 2: JACAM 21 (small blind) showed [Ts Ah] and won ($0.42) with a pair of Tens
Seat 3: MSASSANO (big blind) folded on the Flop
Seat 4: C. Lo Sardo folded before Flop (didn't bet)
Seat 5: mataski folded before Flop (didn't bet)
Seat 6: SunTzuARG folded before Flop (didn't bet)
Seat 7: Da Newf folded before Flop (didn't bet)
Seat 8: BrickWall-In folded before Flop (didn't bet)
Seat 9: CPS2017 folded before Flop (didn't bet)



PokerStars Hand #227256386116:  Hold'em No Limit ($0.01/$0.02 USD) - 2021/06/01 17:59:05 PT [2021/06/01 20:59:05 ET]
Table 'Sibylla IV' 9-max Seat #2 is the button
Seat 1: Dorex2007 ($1.97 in chips) 
Seat 2: JACAM 21 ($2.26 in chips) 
Seat 3: MSASSANO ($0.83 in chips) 
Seat 4: C. Lo Sardo ($5.33 in chips) 
Seat 5: mataski ($1.61 in chips) 
Seat 6: SunTzuARG ($2.06 in chips) 
Seat 7: Da Newf ($0.85 in chips) 
Seat 8: BrickWall-In ($3.16 in chips) 
Seat 9: CPS2017 ($1.28 in chips) 
MSASSANO: posts small blind $0.01
C. Lo Sardo: posts big blind $0.02
*** HOLE CARDS ***
Dealt to Dorex2007 [Qc As]
mataski: folds 
SunTzuARG: folds 
Da Newf: folds 
BrickWall-In: calls $0.02
CPS2017: folds 
Dorex2007: raises $0.02 to $0.04
JACAM 21: folds 
MSASSANO: calls $0.03
C. Lo Sardo: folds 
BrickWall-In: calls $0.02
*** FLOP *** [Ac 4c Qs]
MSASSANO: checks 
BrickWall-In: checks 
Dorex2007: bets $0.09
MSASSANO: calls $0.09
BrickWall-In: folds 
*** TURN *** [Ac 4c Qs] [Td]
MSASSANO: checks 
Dorex2007: bets $0.21
MSASSANO: folds 
Uncalled bet ($0.21) returned to Dorex2007
Dorex2007 collected $0.31 from pot
Dorex2007: doesn't show hand 
*** SUMMARY ***
Total pot $0.32 | Rake $0.01 
Board [Ac 4c Qs Td]
Seat 1: Dorex2007 collected ($0.31)
Seat 2: JACAM 21 (button) folded before Flop (didn't bet)
Seat 3: MSASSANO (small blind) folded on the Turn
Seat 4: C. Lo Sardo (big blind) folded before Flop
Seat 5: mataski folded before Flop (didn't bet)
Seat 6: SunTzuARG folded before Flop (didn't bet)
Seat 7: Da Newf folded before Flop (didn't bet)
Seat 8: BrickWall-In folded on the Flop
Seat 9: CPS2017 folded before Flop (didn't bet)



PokerStars Hand #227256402730:  Hold'em No Limit ($0.01/$0.02 USD) - 2021/06/01 18:00:09 PT [2021/06/01 21:00:09 ET]
Table 'Sibylla IV' 9-max Seat #3 is the button
Seat 1: Dorex2007 ($2.15 in chips) 
Seat 2: JACAM 21 ($2.26 in chips) 
Seat 3: MSASSANO ($0.70 in chips) 
Seat 4: C. Lo Sardo ($5.31 in chips) 
Seat 5: mataski ($1.61 in chips) 
Seat 6: SunTzuARG ($2.06 in chips) 
Seat 7: Da Newf ($0.85 in chips) 
Seat 8: BrickWall-In ($3.12 in chips) 
Seat 9: CPS2017 ($1.28 in chips) 
C. Lo Sardo: posts small blind $0.01
mataski: posts big blind $0.02
*** HOLE CARDS ***
Dealt to Dorex2007 [Jd Tc]
SunTzuARG: folds 
Da Newf: folds 
BrickWall-In: folds 
CPS2017: folds 
Dorex2007: folds 
JACAM 21: folds 
MSASSANO: folds 
C. Lo Sardo: calls $0.01
mataski: checks 
*** FLOP *** [2d Ts Js]
C. Lo Sardo: checks 
mataski: bets $0.04
C. Lo Sardo: folds 
Uncalled bet ($0.04) returned to mataski
mataski collected $0.04 from pot
mataski: doesn't show hand 
*** SUMMARY ***
Total pot $0.04 | Rake $0 
Board [2d Ts Js]
Seat 1: Dorex2007 folded before Flop (didn't bet)
Seat 2: JACAM 21 folded before Flop (didn't bet)
Seat 3: MSASSANO (button) folded before Flop (didn't bet)
Seat 4: C. Lo Sardo (small blind) folded on the Flop
Seat 5: mataski (big blind) collected ($0.04)
Seat 6: SunTzuARG folded before Flop (didn't bet)
Seat 7: Da Newf folded before Flop (didn't bet)
Seat 8: BrickWall-In folded before Flop (didn't bet)
Seat 9: CPS2017 folded before Flop (didn't bet)



PokerStars Hand #227256410175:  Hold'em No Limit ($0.01/$0.02 USD) - 2021/06/01 18:00:41 PT [2021/06/01 21:00:41 ET]
Table 'Sibylla IV' 9-max Seat #4 is the button
Seat 1: Dorex2007 ($2.15 in chips) 
Seat 2: JACAM 21 ($2.26 in chips) 
Seat 3: MSASSANO ($0.70 in chips) 
Seat 4: C. Lo Sardo ($5.29 in chips) 
Seat 5: mataski ($1.63 in chips) 
Seat 6: SunTzuARG ($2.06 in chips) 
Seat 7: Da Newf ($0.85 in chips) 
Seat 8: BrickWall-In ($3.12 in chips) 
Seat 9: CPS2017 ($1.28 in chips) 
mataski: posts small blind $0.01
SunTzuARG: posts big blind $0.02
*** HOLE CARDS ***
Dealt to Dorex2007 [8h 5d]
Da Newf: folds 
BrickWall-In: raises $0.04 to $0.06
CPS2017: folds 
Dorex2007: folds 
JACAM 21: folds 
MSASSANO: calls $0.06
C. Lo Sardo: folds 
mataski: folds 
SunTzuARG: calls $0.04
*** FLOP *** [Qd Kc Ac]
SunTzuARG: checks 
BrickWall-In: bets $0.09
MSASSANO: raises $0.15 to $0.24
SunTzuARG: folds 
BrickWall-In: raises $2.82 to $3.06 and is all-in
MSASSANO: folds 
Uncalled bet ($2.82) returned to BrickWall-In
BrickWall-In collected $0.65 from pot
BrickWall-In: doesn't show hand 
*** SUMMARY ***
Total pot $0.67 | Rake $0.02 
Board [Qd Kc Ac]
Seat 1: Dorex2007 folded before Flop (didn't bet)
Seat 2: JACAM 21 folded before Flop (didn't bet)
Seat 3: MSASSANO folded on the Flop
Seat 4: C. Lo Sardo (button) folded before Flop (didn't bet)
Seat 5: mataski (small blind) folded before Flop
Seat 6: SunTzuARG (big blind) folded on the Flop
Seat 7: Da Newf folded before Flop (didn't bet)
Seat 8: BrickWall-In collected ($0.65)
Seat 9: CPS2017 folded before Flop (didn't bet)



PokerStars Hand #227256426061:  Hold'em No Limit ($0.01/$0.02 USD) - 2021/06/01 18:01:44 PT [2021/06/01 21:01:44 ET]
Table 'Sibylla IV' 9-max Seat #5 is the button
Seat 1: Dorex2007 ($2.15 in chips) 
Seat 2: JACAM 21 ($2.26 in chips) 
Seat 3: MSASSANO ($0.40 in chips) 
Seat 4: C. Lo Sardo ($5.29 in chips) 
Seat 5: mataski ($1.62 in chips) 
Seat 6: SunTzuARG ($2 in chips) 
Seat 7: Da Newf ($0.85 in chips) 
Seat 8: BrickWall-In ($3.47 in chips) 
Seat 9: CPS2017 ($1.28 in chips) 
SunTzuARG: posts small blind $0.01
Da Newf: posts big blind $0.02
*** HOLE CARDS ***
Dealt to Dorex2007 [8h Ks]
BrickWall-In: raises $0.04 to $0.06
CPS2017: folds 
Dorex2007: folds 
JACAM 21: folds 
MSASSANO: folds 
C. Lo Sardo: calls $0.06
mataski: calls $0.06
SunTzuARG: folds 
Da Newf: folds 
*** FLOP *** [9s 5d 4s]
BrickWall-In: checks 
C. Lo Sardo: checks 
mataski: checks 
*** TURN *** [9s 5d 4s] [2s]
BrickWall-In: bets $0.10
C. Lo Sardo: calls $0.10
mataski: folds 
*** RIVER *** [9s 5d 4s 2s] [6h]
BrickWall-In: checks 
C. Lo Sardo: bets $0.20
BrickWall-In: folds 
Uncalled bet ($0.20) returned to C. Lo Sardo
C. Lo Sardo collected $0.40 from pot
C. Lo Sardo: doesn't show hand 
*** SUMMARY ***
Total pot $0.41 | Rake $0.01 
Board [9s 5d 4s 2s 6h]
Seat 1: Dorex2007 folded before Flop (didn't bet)
Seat 2: JACAM 21 folded before Flop (didn't bet)
Seat 3: MSASSANO folded before Flop (didn't bet)
Seat 4: C. Lo Sardo collected ($0.40)
Seat 5: mataski (button) folded on the Turn
Seat 6: SunTzuARG (small blind) folded before Flop
Seat 7: Da Newf (big blind) folded before Flop
Seat 8: BrickWall-In folded on the River
Seat 9: CPS2017 folded before Flop (didn't bet)



PokerStars Hand #227256444522:  Hold'em No Limit ($0.01/$0.02 USD) - 2021/06/01 18:02:51 PT [2021/06/01 21:02:51 ET]
Table 'Sibylla IV' 9-max Seat #6 is the button
Seat 1: Dorex2007 ($2.15 in chips) 
Seat 2: JACAM 21 ($2.26 in chips) 
Seat 3: MSASSANO ($1.10 in chips) 
Seat 4: C. Lo Sardo ($5.53 in chips) 
Seat 5: mataski ($1.56 in chips) 
Seat 6: SunTzuARG ($2 in chips) 
Seat 7: Da Newf ($0.83 in chips) 
Seat 8: BrickWall-In ($3.31 in chips) 
Seat 9: CPS2017 ($1.28 in chips) 
Da Newf: posts small blind $0.01
BrickWall-In: posts big blind $0.02
*** HOLE CARDS ***
Dealt to Dorex2007 [8s 4h]
CPS2017: folds 
Dorex2007: folds 
JACAM 21: folds 
MSASSANO: folds 
C. Lo Sardo: folds 
mataski: folds 
SunTzuARG: folds 
Da Newf: calls $0.01
BrickWall-In: checks 
*** FLOP *** [4c Qh 2d]
Da Newf: checks 
BrickWall-In: checks 
*** TURN *** [4c Qh 2d] [2s]
Da Newf: bets $0.04
BrickWall-In: folds 
Uncalled bet ($0.04) returned to Da Newf
Da Newf collected $0.04 from pot
Da Newf: doesn't show hand 
*** SUMMARY ***
Total pot $0.04 | Rake $0 
Board [4c Qh 2d 2s]
Seat 1: Dorex2007 folded before Flop (didn't bet)
Seat 2: JACAM 21 folded before Flop (didn't bet)
Seat 3: MSASSANO folded before Flop (didn't bet)
Seat 4: C. Lo Sardo folded before Flop (didn't bet)
Seat 5: mataski folded before Flop (didn't bet)
Seat 6: SunTzuARG (button) folded before Flop (didn't bet)
Seat 7: Da Newf (small blind) collected ($0.04)
Seat 8: BrickWall-In (big blind) folded on the Turn
Seat 9: CPS2017 folded before Flop (didn't bet)



PokerStars Hand #227256453149:  Hold'em No Limit ($0.01/$0.02 USD) - 2021/06/01 18:03:25 PT [2021/06/01 21:03:25 ET]
Table 'Sibylla IV' 9-max Seat #7 is the button
Seat 1: Dorex2007 ($2.15 in chips) 
Seat 2: JACAM 21 ($2.26 in chips) 
Seat 3: MSASSANO ($1.10 in chips) 
Seat 4: C. Lo Sardo ($5.53 in chips) 
Seat 5: mataski ($1.56 in chips) 
Seat 6: SunTzuARG ($2 in chips) 
Seat 7: Da Newf ($0.85 in chips) 
Seat 8: BrickWall-In ($3.29 in chips) 
Seat 9: CPS2017 ($1.28 in chips) 
BrickWall-In: posts small blind $0.01
CPS2017: posts big blind $0.02
*** HOLE CARDS ***
Dealt to Dorex2007 [2h Ah]
Dorex2007: folds 
JACAM 21: folds 
MSASSANO: folds 
C. Lo Sardo: folds 
mataski: folds 
SunTzuARG has timed out
SunTzuARG: folds 
Da Newf: folds 
BrickWall-In: folds 
Uncalled bet ($0.01) returned to CPS2017
CPS2017 collected $0.02 from pot
*** SUMMARY ***
Total pot $0.02 | Rake $0 
Seat 1: Dorex2007 folded before Flop (didn't bet)
Seat 2: JACAM 21 folded before Flop (didn't bet)
Seat 3: MSASSANO folded before Flop (didn't bet)
Seat 4: C. Lo Sardo folded before Flop (didn't bet)
Seat 5: mataski folded before Flop (didn't bet)
Seat 6: SunTzuARG folded before Flop (didn't bet)
Seat 7: Da Newf (button) folded before Flop (didn't bet)
Seat 8: BrickWall-In (small blind) folded before Flop
Seat 9: CPS2017 (big blind) collected ($0.02)



PokerStars Hand #227256462063:  Hold'em No Limit ($0.01/$0.02 USD) - 2021/06/01 18:03:59 PT [2021/06/01 21:03:59 ET]
Table 'Sibylla IV' 9-max Seat #8 is the button
Seat 1: Dorex2007 ($2.15 in chips) 
Seat 2: JACAM 21 ($2.26 in chips) 
Seat 3: MSASSANO ($1.10 in chips) 
Seat 4: C. Lo Sardo ($5.53 in chips) 
Seat 5: mataski ($1.56 in chips) 
Seat 7: Da Newf ($0.85 in chips) 
Seat 8: BrickWall-In ($3.28 in chips) 
Seat 9: CPS2017 ($1.29 in chips) 
CPS2017: posts small blind $0.01
Dorex2007: posts big blind $0.02
*** HOLE CARDS ***
Dealt to Dorex2007 [6h 6d]
JACAM 21: folds 
MSASSANO: folds 
C. Lo Sardo: folds 
mataski: calls $0.02
Da Newf: folds 
BrickWall-In: calls $0.02
CPS2017: calls $0.01
Dorex2007: checks 
*** FLOP *** [Ah Th Td]
CPS2017: checks 
Dorex2007: checks 
mataski: bets $0.06
BrickWall-In: folds 
CPS2017: folds 
Dorex2007: folds 
Uncalled bet ($0.06) returned to mataski
mataski collected $0.08 from pot
mataski: doesn't show hand 
*** SUMMARY ***
Total pot $0.08 | Rake $0 
Board [Ah Th Td]
Seat 1: Dorex2007 (big blind) folded on the Flop
Seat 2: JACAM 21 folded before Flop (didn't bet)
Seat 3: MSASSANO folded before Flop (didn't bet)
Seat 4: C. Lo Sardo folded before Flop (didn't bet)
Seat 5: mataski collected ($0.08)
Seat 7: Da Newf folded before Flop (didn't bet)
Seat 8: BrickWall-In (button) folded on the Flop
Seat 9: CPS2017 (small blind) folded on the Flop



PokerStars Hand #227256475959:  Hold'em No Limit ($0.01/$0.02 USD) - 2021/06/01 18:04:36 PT [2021/06/01 21:04:36 ET]
Table 'Sibylla IV' 9-max Seat #9 is the button
Seat 1: Dorex2007 ($2.13 in chips) 
Seat 2: JACAM 21 ($2.26 in chips) 
Seat 3: MSASSANO ($1.10 in chips) 
Seat 4: C. Lo Sardo ($5.53 in chips) 
Seat 5: mataski ($1.62 in chips) 
Seat 7: Da Newf ($0.85 in chips) 
Seat 8: BrickWall-In ($3.26 in chips) 
Seat 9: CPS2017 ($1.27 in chips) 
Dorex2007: posts small blind $0.01
JACAM 21: posts big blind $0.02
*** HOLE CARDS ***
Dealt to Dorex2007 [5h Js]
MSASSANO: folds 
C. Lo Sardo: folds 
mataski: folds 
Da Newf: folds 
BrickWall-In: raises $0.04 to $0.06
CPS2017: folds 
SunTzuARG leaves the table
Dorex2007: folds 
JACAM 21: calls $0.04
*** FLOP *** [Tc 3d Qs]
JACAM 21: checks 
BrickWall-In: bets $0.08
JACAM 21: calls $0.08
*** TURN *** [Tc 3d Qs] [Ts]
JACAM 21: checks 
BrickWall-In: bets $0.14
JACAM 21: calls $0.14
*** RIVER *** [Tc 3d Qs Ts] [6h]
JACAM 21: checks 
BrickWall-In: bets $0.16
JACAM 21: folds 
Uncalled bet ($0.16) returned to BrickWall-In
BrickWall-In collected $0.55 from pot
BrickWall-In: doesn't show hand 
*** SUMMARY ***
Total pot $0.57 | Rake $0.02 
Board [Tc 3d Qs Ts 6h]
Seat 1: Dorex2007 (small blind) folded before Flop
Seat 2: JACAM 21 (big blind) folded on the River
Seat 3: MSASSANO folded before Flop (didn't bet)
Seat 4: C. Lo Sardo folded before Flop (didn't bet)
Seat 5: mataski folded before Flop (didn't bet)
Seat 7: Da Newf folded before Flop (didn't bet)
Seat 8: BrickWall-In collected ($0.55)
Seat 9: CPS2017 (button) folded before Flop (didn't bet)



PokerStars Hand #227256502265:  Hold'em No Limit ($0.01/$0.02 USD) - 2021/06/01 18:05:44 PT [2021/06/01 21:05:44 ET]
Table 'Sibylla IV' 9-max Seat #1 is the button
Seat 1: Dorex2007 ($2.12 in chips) 
Seat 2: JACAM 21 ($1.98 in chips) 
Seat 3: MSASSANO ($1.10 in chips) 
Seat 4: C. Lo Sardo ($5.53 in chips) 
Seat 5: mataski ($1.62 in chips) 
Seat 7: Da Newf ($0.85 in chips) 
Seat 8: BrickWall-In ($3.53 in chips) 
Seat 9: CPS2017 ($1.27 in chips) 
JACAM 21: posts small blind $0.01
MSASSANO: posts big blind $0.02
*** HOLE CARDS ***
Dealt to Dorex2007 [8s Ks]
C. Lo Sardo: raises $0.04 to $0.06
mataski: folds 
Da Newf: folds 
BrickWall-In: calls $0.06
CPS2017: folds 
Dorex2007: folds 
JACAM 21: calls $0.05
MSASSANO: folds 
*** FLOP *** [Kc 2h Tc]
JACAM 21: checks 
C. Lo Sardo: bets $0.06
BrickWall-In: folds 
JACAM 21: folds 
Uncalled bet ($0.06) returned to C. Lo Sardo
C. Lo Sardo collected $0.19 from pot
C. Lo Sardo: doesn't show hand 
*** SUMMARY ***
Total pot $0.20 | Rake $0.01 
Board [Kc 2h Tc]
Seat 1: Dorex2007 (button) folded before Flop (didn't bet)
Seat 2: JACAM 21 (small blind) folded on the Flop
Seat 3: MSASSANO (big blind) folded before Flop
Seat 4: C. Lo Sardo collected ($0.19)
Seat 5: mataski folded before Flop (didn't bet)
Seat 7: Da Newf folded before Flop (didn't bet)
Seat 8: BrickWall-In folded on the Flop
Seat 9: CPS2017 folded before Flop (didn't bet)



PokerStars Hand #227256511933:  Hold'em No Limit ($0.01/$0.02 USD) - 2021/06/01 18:06:21 PT [2021/06/01 21:06:21 ET]
Table 'Sibylla IV' 9-max Seat #2 is the button
Seat 1: Dorex2007 ($2.12 in chips) 
Seat 2: JACAM 21 ($1.92 in chips) 
Seat 3: MSASSANO ($1.08 in chips) 
Seat 4: C. Lo Sardo ($5.66 in chips) 
Seat 5: mataski ($1.62 in chips) 
Seat 7: Da Newf ($0.85 in chips) 
Seat 8: BrickWall-In ($3.47 in chips) 
Seat 9: CPS2017 ($1.27 in chips) 
MSASSANO: posts small blind $0.01
C. Lo Sardo: posts big blind $0.02
*** HOLE CARDS ***
Dealt to Dorex2007 [7h 3s]
mataski: folds 
Da Newf: folds 
MarceloCapel joins the table at seat #6 
BrickWall-In: folds 
CPS2017: folds 
Dorex2007: folds 
JACAM 21: folds 
MSASSANO: folds 
Uncalled bet ($0.01) returned to C. Lo Sardo
C. Lo Sardo collected $0.02 from pot
C. Lo Sardo: doesn't show hand 
*** SUMMARY ***
Total pot $0.02 | Rake $0 
Seat 1: Dorex2007 folded before Flop (didn't bet)
Seat 2: JACAM 21 (button) folded before Flop (didn't bet)
Seat 3: MSASSANO (small blind) folded before Flop
Seat 4: C. Lo Sardo (big blind) collected ($0.02)
Seat 5: mataski folded before Flop (didn't bet)
Seat 7: Da Newf folded before Flop (didn't bet)
Seat 8: BrickWall-In folded before Flop (didn't bet)
Seat 9: CPS2017 folded before Flop (didn't bet)



PokerStars Hand #227256515567:  Hold'em No Limit ($0.01/$0.02 USD) - 2021/06/01 18:06:35 PT [2021/06/01 21:06:35 ET]
Table 'Sibylla IV' 9-max Seat #3 is the button
Seat 1: Dorex2007 ($2.12 in chips) 
Seat 2: JACAM 21 ($1.92 in chips) 
Seat 3: MSASSANO ($1.07 in chips) 
Seat 4: C. Lo Sardo ($5.67 in chips) 
Seat 5: mataski ($1.62 in chips) 
Seat 7: Da Newf ($0.85 in chips) 
Seat 8: BrickWall-In ($3.47 in chips) 
Seat 9: CPS2017 ($1.27 in chips) 
C. Lo Sardo: posts small blind $0.01
mataski: posts big blind $0.02
MarceloCapel: sits out 
*** HOLE CARDS ***
Dealt to Dorex2007 [2h Jh]
Da Newf: folds 
BrickWall-In: folds 
CPS2017: raises $0.04 to $0.06
Dorex2007: folds 
JACAM 21: folds 
MSASSANO: calls $0.06
C. Lo Sardo: folds 
mataski: folds 
*** FLOP *** [6c 5d Th]
CPS2017: bets $0.08
MSASSANO: calls $0.08
*** TURN *** [6c 5d Th] [4s]
CPS2017: bets $0.30
MSASSANO: raises $0.63 to $0.93 and is all-in
CPS2017: calls $0.63
*** RIVER *** [6c 5d Th 4s] [Kd]
*** SHOW DOWN ***
CPS2017: shows [Tc Js] (a pair of Tens)
MSASSANO: shows [6d 4d] (two pair, Sixes and Fours)
MSASSANO collected $2.09 from pot
*** SUMMARY ***
Total pot $2.17 | Rake $0.08 
Board [6c 5d Th 4s Kd]
Seat 1: Dorex2007 folded before Flop (didn't bet)
Seat 2: JACAM 21 folded before Flop (didn't bet)
Seat 3: MSASSANO (button) showed [6d 4d] and won ($2.09) with two pair, Sixes and Fours
Seat 4: C. Lo Sardo (small blind) folded before Flop
Seat 5: mataski (big blind) folded before Flop
Seat 7: Da Newf folded before Flop (didn't bet)
Seat 8: BrickWall-In folded before Flop (didn't bet)
Seat 9: CPS2017 showed [Tc Js] and lost with a pair of Tens



PokerStars Hand #227256529961:  Hold'em No Limit ($0.01/$0.02 USD) - 2021/06/01 18:07:30 PT [2021/06/01 21:07:30 ET]
Table 'Sibylla IV' 9-max Seat #4 is the button
Seat 1: Dorex2007 ($2.12 in chips) 
Seat 2: JACAM 21 ($1.92 in chips) 
Seat 3: MSASSANO ($2.09 in chips) 
Seat 4: C. Lo Sardo ($5.66 in chips) 
Seat 5: mataski ($1.60 in chips) 
Seat 6: MarceloCapel ($0.80 in chips) 
Seat 7: Da Newf ($0.85 in chips) 
Seat 8: BrickWall-In ($3.47 in chips) 
Seat 9: CPS2017 ($0.20 in chips) 
mataski: posts small blind $0.01
MarceloCapel: posts big blind $0.02
*** HOLE CARDS ***
Dealt to Dorex2007 [9d Qh]
Da Newf: calls $0.02
BrickWall-In: folds 
CPS2017: calls $0.02
Dorex2007: folds 
JACAM 21: folds 
MSASSANO: folds 
C. Lo Sardo: calls $0.02
mataski: folds 
MarceloCapel: checks 
*** FLOP *** [3h Jd Ts]
MarceloCapel: checks 
Da Newf: bets $0.09
CPS2017: folds 
C. Lo Sardo: folds 
MarceloCapel: folds 
Uncalled bet ($0.09) returned to Da Newf
Da Newf collected $0.09 from pot
Da Newf: doesn't show hand 
*** SUMMARY ***
Total pot $0.09 | Rake $0 
Board [3h Jd Ts]
Seat 1: Dorex2007 folded before Flop (didn't bet)
Seat 2: JACAM 21 folded before Flop (didn't bet)
Seat 3: MSASSANO folded before Flop (didn't bet)
Seat 4: C. Lo Sardo (button) folded on the Flop
Seat 5: mataski (small blind) folded before Flop
Seat 6: MarceloCapel (big blind) folded on the Flop
Seat 7: Da Newf collected ($0.09)
Seat 8: BrickWall-In folded before Flop (didn't bet)
Seat 9: CPS2017 folded on the Flop



