PokerStars Hand #232620367608:  Hold'em No Limit ($0.01/$0.02 USD) - 2021/12/28 18:59:11 PT [2021/12/28 21:59:11 ET]
Table 'Ingeborg IV' 9-max Seat #5 is the button
Seat 1: ALWIN72OFF.87SU ($1.69 in chips) 
Seat 2: conej ($4.93 in chips) 
Seat 3: jizoo9001 ($2.17 in chips) 
Seat 4: Dorex2007 ($2 in chips) 
Seat 5: frosa9397 ($2.62 in chips) 
Seat 6: gjrth6969 ($2.49 in chips) 
Seat 7: 139qmb ($1.96 in chips) 
Seat 8: okotokian1 ($2.61 in chips) 
Seat 9: ewen1901 ($2.79 in chips) 
gjrth6969: posts small blind $0.01
139qmb: posts big blind $0.02
Dorex2007: posts big blind $0.02
*** HOLE CARDS ***
Dealt to Dorex2007 [2s 5c]
okotokian1: folds 
ewen1901: folds 
ALWIN72OFF.87SU: folds 
conej: folds 
jizoo9001: folds 
Dorex2007: checks 
frosa9397: folds 
gjrth6969: raises $0.06 to $0.08
139qmb: folds 
Dorex2007: folds 
Uncalled bet ($0.06) returned to gjrth6969
gjrth6969 collected $0.06 from pot
gjrth6969: doesn't show hand 
*** SUMMARY ***
Total pot $0.06 | Rake $0 
Seat 1: ALWIN72OFF.87SU folded before Flop (didn't bet)
Seat 2: conej folded before Flop (didn't bet)
Seat 3: jizoo9001 folded before Flop (didn't bet)
Seat 4: Dorex2007 folded before Flop (didn't bet)
Seat 5: frosa9397 (button) folded before Flop (didn't bet)
Seat 6: gjrth6969 (small blind) collected ($0.06)
Seat 7: 139qmb (big blind) folded before Flop
Seat 8: okotokian1 folded before Flop (didn't bet)
Seat 9: ewen1901 folded before Flop (didn't bet)



PokerStars Hand #232620383176:  Hold'em No Limit ($0.01/$0.02 USD) - 2021/12/28 18:59:50 PT [2021/12/28 21:59:50 ET]
Table 'Ingeborg IV' 9-max Seat #6 is the button
Seat 1: ALWIN72OFF.87SU ($1.69 in chips) 
Seat 2: conej ($4.93 in chips) 
Seat 3: jizoo9001 ($2.17 in chips) 
Seat 4: Dorex2007 ($2 in chips) 
Seat 5: frosa9397 ($2.62 in chips) 
Seat 6: gjrth6969 ($2.53 in chips) 
Seat 7: 139qmb ($1.94 in chips) 
Seat 8: okotokian1 ($2.61 in chips) 
Seat 9: ewen1901 ($2.79 in chips) 
139qmb: posts small blind $0.01
okotokian1: posts big blind $0.02
*** HOLE CARDS ***
Dealt to Dorex2007 [4c Td]
ewen1901: calls $0.02
ALWIN72OFF.87SU: folds 
conej: folds 
jizoo9001: raises $0.10 to $0.12
Dorex2007: folds 
frosa9397: folds 
gjrth6969: calls $0.12
139qmb: folds 
okotokian1: folds 
ewen1901: calls $0.10
*** FLOP *** [5h 5s 7d]
ewen1901: bets $0.19
jizoo9001: calls $0.19
gjrth6969: folds 
*** TURN *** [5h 5s 7d] [8s]
ewen1901: checks 
jizoo9001: bets $0.74
ewen1901: folds 
Uncalled bet ($0.74) returned to jizoo9001
jizoo9001 collected $0.74 from pot
jizoo9001: doesn't show hand 
*** SUMMARY ***
Total pot $0.77 | Rake $0.03 
Board [5h 5s 7d 8s]
Seat 1: ALWIN72OFF.87SU folded before Flop (didn't bet)
Seat 2: conej folded before Flop (didn't bet)
Seat 3: jizoo9001 collected ($0.74)
Seat 4: Dorex2007 folded before Flop (didn't bet)
Seat 5: frosa9397 folded before Flop (didn't bet)
Seat 6: gjrth6969 (button) folded on the Flop
Seat 7: 139qmb (small blind) folded before Flop
Seat 8: okotokian1 (big blind) folded before Flop
Seat 9: ewen1901 folded on the Turn



PokerStars Hand #232620397993:  Hold'em No Limit ($0.01/$0.02 USD) - 2021/12/28 19:00:59 PT [2021/12/28 22:00:59 ET]
Table 'Ingeborg IV' 9-max Seat #7 is the button
Seat 1: ALWIN72OFF.87SU ($1.69 in chips) 
Seat 2: conej ($4.93 in chips) 
Seat 3: jizoo9001 ($2.60 in chips) 
Seat 4: Dorex2007 ($2 in chips) 
Seat 5: frosa9397 ($2.62 in chips) 
Seat 6: gjrth6969 ($2.41 in chips) 
Seat 7: 139qmb ($1.93 in chips) 
Seat 8: okotokian1 ($2.59 in chips) 
okotokian1: posts small blind $0.01
ewen1901: is sitting out 
ALWIN72OFF.87SU: posts big blind $0.02
*** HOLE CARDS ***
Dealt to Dorex2007 [5s 8d]
conej: folds 
jizoo9001: calls $0.02
Dorex2007: folds 
frosa9397: folds 
gjrth6969: raises $0.07 to $0.09
conej leaves the table
ewen1901 leaves the table
139qmb: folds 
okotokian1: folds 
ALWIN72OFF.87SU: folds 
jizoo9001: folds 
Uncalled bet ($0.07) returned to gjrth6969
gjrth6969 collected $0.07 from pot
gjrth6969: doesn't show hand 
*** SUMMARY ***
Total pot $0.07 | Rake $0 
Seat 1: ALWIN72OFF.87SU (big blind) folded before Flop
Seat 2: conej folded before Flop (didn't bet)
Seat 3: jizoo9001 folded before Flop
Seat 4: Dorex2007 folded before Flop (didn't bet)
Seat 5: frosa9397 folded before Flop (didn't bet)
Seat 6: gjrth6969 collected ($0.07)
Seat 7: 139qmb (button) folded before Flop (didn't bet)
Seat 8: okotokian1 (small blind) folded before Flop



PokerStars Hand #232620404028:  Hold'em No Limit ($0.01/$0.02 USD) - 2021/12/28 19:01:24 PT [2021/12/28 22:01:24 ET]
Table 'Ingeborg IV' 9-max Seat #8 is the button
Seat 1: ALWIN72OFF.87SU ($1.67 in chips) 
Seat 3: jizoo9001 ($2.58 in chips) 
Seat 4: Dorex2007 ($2 in chips) 
Seat 5: frosa9397 ($2.62 in chips) 
Seat 6: gjrth6969 ($2.46 in chips) 
Seat 7: 139qmb ($1.93 in chips) 
Seat 8: okotokian1 ($2.58 in chips) 
ALWIN72OFF.87SU: posts small blind $0.01
jizoo9001: posts big blind $0.02
*** HOLE CARDS ***
Dealt to Dorex2007 [4h 9h]
Dorex2007: folds 
frosa9397: folds 
gjrth6969: folds 
OzerMaks joins the table at seat #2 
139qmb: folds 
mvscdrqcdl joins the table at seat #9 
okotokian1: folds 
ALWIN72OFF.87SU: folds 
Uncalled bet ($0.01) returned to jizoo9001
jizoo9001 collected $0.02 from pot
jizoo9001: doesn't show hand 
*** SUMMARY ***
Total pot $0.02 | Rake $0 
Seat 1: ALWIN72OFF.87SU (small blind) folded before Flop
Seat 3: jizoo9001 (big blind) collected ($0.02)
Seat 4: Dorex2007 folded before Flop (didn't bet)
Seat 5: frosa9397 folded before Flop (didn't bet)
Seat 6: gjrth6969 folded before Flop (didn't bet)
Seat 7: 139qmb folded before Flop (didn't bet)
Seat 8: okotokian1 (button) folded before Flop (didn't bet)



PokerStars Hand #232620413595:  Hold'em No Limit ($0.01/$0.02 USD) - 2021/12/28 19:01:48 PT [2021/12/28 22:01:48 ET]
Table 'Ingeborg IV' 9-max Seat #1 is the button
Seat 1: ALWIN72OFF.87SU ($1.66 in chips) 
Seat 3: jizoo9001 ($2.59 in chips) 
Seat 4: Dorex2007 ($2 in chips) 
Seat 5: frosa9397 ($2.62 in chips) 
Seat 6: gjrth6969 ($2.46 in chips) 
Seat 7: 139qmb ($1.93 in chips) 
Seat 8: okotokian1 ($2.58 in chips) 
jizoo9001: posts small blind $0.01
Dorex2007: posts big blind $0.02
mvscdrqcdl: sits out 
*** HOLE CARDS ***
Dealt to Dorex2007 [Jh Ac]
frosa9397: folds 
gjrth6969: folds 
139qmb: folds 
okotokian1: folds 
ALWIN72OFF.87SU: folds 
jizoo9001: calls $0.01
Dorex2007: raises $0.04 to $0.06
jizoo9001: calls $0.04
*** FLOP *** [Js 5d 3c]
jizoo9001: checks 
Dorex2007: bets $0.12
jizoo9001: folds 
Uncalled bet ($0.12) returned to Dorex2007
Dorex2007 collected $0.12 from pot
Dorex2007: doesn't show hand 
*** SUMMARY ***
Total pot $0.12 | Rake $0 
Board [Js 5d 3c]
Seat 1: ALWIN72OFF.87SU (button) folded before Flop (didn't bet)
Seat 3: jizoo9001 (small blind) folded on the Flop
Seat 4: Dorex2007 (big blind) collected ($0.12)
Seat 5: frosa9397 folded before Flop (didn't bet)
Seat 6: gjrth6969 folded before Flop (didn't bet)
Seat 7: 139qmb folded before Flop (didn't bet)
Seat 8: okotokian1 folded before Flop (didn't bet)



PokerStars Hand #232620425629:  Hold'em No Limit ($0.01/$0.02 USD) - 2021/12/28 19:02:36 PT [2021/12/28 22:02:36 ET]
Table 'Ingeborg IV' 9-max Seat #3 is the button
Seat 1: ALWIN72OFF.87SU ($1.66 in chips) 
Seat 2: OzerMaks ($1.60 in chips) 
Seat 3: jizoo9001 ($2.53 in chips) 
Seat 4: Dorex2007 ($2.06 in chips) 
Seat 5: frosa9397 ($2.62 in chips) 
Seat 6: gjrth6969 ($2.46 in chips) 
Seat 7: 139qmb ($1.93 in chips) 
Seat 8: okotokian1 ($2.58 in chips) 
Dorex2007: posts small blind $0.01
frosa9397: posts big blind $0.02
mvscdrqcdl: sits out 
OzerMaks: posts big blind $0.02
*** HOLE CARDS ***
Dealt to Dorex2007 [5h 8h]
gjrth6969: folds 
139qmb: folds 
okotokian1: folds 
ALWIN72OFF.87SU has timed out
ALWIN72OFF.87SU: folds 
OzerMaks: checks 
jizoo9001: folds 
Dorex2007: calls $0.01
frosa9397: checks 
*** FLOP *** [9h Th 7d]
Dorex2007: checks 
frosa9397: checks 
OzerMaks: checks 
*** TURN *** [9h Th 7d] [4h]
Dorex2007: bets $0.06
frosa9397: folds 
OzerMaks: folds 
Uncalled bet ($0.06) returned to Dorex2007
Dorex2007 collected $0.06 from pot
Dorex2007: doesn't show hand 
*** SUMMARY ***
Total pot $0.06 | Rake $0 
Board [9h Th 7d 4h]
Seat 1: ALWIN72OFF.87SU folded before Flop (didn't bet)
Seat 2: OzerMaks folded on the Turn (didn't bet)
Seat 3: jizoo9001 (button) folded before Flop (didn't bet)
Seat 4: Dorex2007 (small blind) collected ($0.06)
Seat 5: frosa9397 (big blind) folded on the Turn
Seat 6: gjrth6969 folded before Flop (didn't bet)
Seat 7: 139qmb folded before Flop (didn't bet)
Seat 8: okotokian1 folded before Flop (didn't bet)



PokerStars Hand #232620438824:  Hold'em No Limit ($0.01/$0.02 USD) - 2021/12/28 19:03:29 PT [2021/12/28 22:03:29 ET]
Table 'Ingeborg IV' 9-max Seat #4 is the button
Seat 1: ALWIN72OFF.87SU ($1.66 in chips) 
Seat 2: OzerMaks ($1.58 in chips) 
Seat 3: jizoo9001 ($2.53 in chips) 
Seat 4: Dorex2007 ($2.10 in chips) 
Seat 5: frosa9397 ($2.60 in chips) 
Seat 6: gjrth6969 ($2.46 in chips) 
Seat 7: 139qmb ($1.93 in chips) 
Seat 8: okotokian1 ($2.58 in chips) 
Seat 9: mvscdrqcdl ($2 in chips) 
frosa9397: posts small blind $0.01
gjrth6969: posts big blind $0.02
mvscdrqcdl: posts big blind $0.02
*** HOLE CARDS ***
Dealt to Dorex2007 [2h Jd]
139qmb: folds 
okotokian1: folds 
mvscdrqcdl: raises $0.04 to $0.06
ALWIN72OFF.87SU: folds 
OzerMaks: folds 
jizoo9001: calls $0.06
Dorex2007: folds 
frosa9397: folds 
gjrth6969: raises $0.19 to $0.25
mvscdrqcdl: folds 
jizoo9001: folds 
Uncalled bet ($0.19) returned to gjrth6969
gjrth6969 collected $0.19 from pot
gjrth6969: doesn't show hand 
*** SUMMARY ***
Total pot $0.19 | Rake $0 
Seat 1: ALWIN72OFF.87SU folded before Flop (didn't bet)
Seat 2: OzerMaks folded before Flop (didn't bet)
Seat 3: jizoo9001 folded before Flop
Seat 4: Dorex2007 (button) folded before Flop (didn't bet)
Seat 5: frosa9397 (small blind) folded before Flop
Seat 6: gjrth6969 (big blind) collected ($0.19)
Seat 7: 139qmb folded before Flop (didn't bet)
Seat 8: okotokian1 folded before Flop (didn't bet)
Seat 9: mvscdrqcdl folded before Flop



PokerStars Hand #232620447460:  Hold'em No Limit ($0.01/$0.02 USD) - 2021/12/28 19:04:04 PT [2021/12/28 22:04:04 ET]
Table 'Ingeborg IV' 9-max Seat #5 is the button
Seat 1: ALWIN72OFF.87SU ($1.66 in chips) 
Seat 2: OzerMaks ($1.58 in chips) 
Seat 3: jizoo9001 ($2.47 in chips) 
Seat 4: Dorex2007 ($2.10 in chips) 
Seat 5: frosa9397 ($2.59 in chips) 
Seat 6: gjrth6969 ($2.59 in chips) 
Seat 7: 139qmb ($1.93 in chips) 
Seat 8: okotokian1 ($2.58 in chips) 
Seat 9: mvscdrqcdl ($1.94 in chips) 
gjrth6969: posts small blind $0.01
139qmb: posts big blind $0.02
*** HOLE CARDS ***
Dealt to Dorex2007 [6h Ks]
okotokian1: folds 
mvscdrqcdl: folds 
ALWIN72OFF.87SU has timed out
ALWIN72OFF.87SU: folds 
OzerMaks: folds 
jizoo9001: folds 
Dorex2007: folds 
frosa9397: folds 
gjrth6969: raises $0.03 to $0.05
139qmb: folds 
Uncalled bet ($0.03) returned to gjrth6969
gjrth6969 collected $0.04 from pot
gjrth6969: doesn't show hand 
*** SUMMARY ***
Total pot $0.04 | Rake $0 
Seat 1: ALWIN72OFF.87SU folded before Flop (didn't bet)
Seat 2: OzerMaks folded before Flop (didn't bet)
Seat 3: jizoo9001 folded before Flop (didn't bet)
Seat 4: Dorex2007 folded before Flop (didn't bet)
Seat 5: frosa9397 (button) folded before Flop (didn't bet)
Seat 6: gjrth6969 (small blind) collected ($0.04)
Seat 7: 139qmb (big blind) folded before Flop
Seat 8: okotokian1 folded before Flop (didn't bet)
Seat 9: mvscdrqcdl folded before Flop (didn't bet)



PokerStars Hand #232620455882:  Hold'em No Limit ($0.01/$0.02 USD) - 2021/12/28 19:04:38 PT [2021/12/28 22:04:38 ET]
Table 'Ingeborg IV' 9-max Seat #6 is the button
Seat 2: OzerMaks ($1.58 in chips) 
Seat 3: jizoo9001 ($2.47 in chips) 
Seat 4: Dorex2007 ($2.10 in chips) 
Seat 5: frosa9397 ($2.59 in chips) 
Seat 6: gjrth6969 ($2.61 in chips) 
Seat 7: 139qmb ($1.91 in chips) 
Seat 8: okotokian1 ($2.58 in chips) 
Seat 9: mvscdrqcdl ($1.94 in chips) 
139qmb: posts small blind $0.01
okotokian1: posts big blind $0.02
*** HOLE CARDS ***
Dealt to Dorex2007 [5h 5d]
mvscdrqcdl: folds 
OzerMaks: calls $0.02
jizoo9001: raises $0.06 to $0.08
Dorex2007: folds 
frosa9397: folds 
gjrth6969: calls $0.08
139qmb: folds 
okotokian1: folds 
OzerMaks: calls $0.06
*** FLOP *** [3d 3c 2s]
OzerMaks: checks 
jizoo9001: checks 
gjrth6969: checks 
*** TURN *** [3d 3c 2s] [4s]
OzerMaks: checks 
jizoo9001: bets $0.13
gjrth6969: folds 
OzerMaks: calls $0.13
*** RIVER *** [3d 3c 2s 4s] [Qs]
OzerMaks: checks 
jizoo9001: checks 
*** SHOW DOWN ***
OzerMaks: shows [Js 7s] (a flush, Queen high)
jizoo9001: mucks hand 
OzerMaks collected $0.51 from pot
*** SUMMARY ***
Total pot $0.53 | Rake $0.02 
Board [3d 3c 2s 4s Qs]
Seat 2: OzerMaks showed [Js 7s] and won ($0.51) with a flush, Queen high
Seat 3: jizoo9001 mucked [Ac Kh]
Seat 4: Dorex2007 folded before Flop (didn't bet)
Seat 5: frosa9397 folded before Flop (didn't bet)
Seat 6: gjrth6969 (button) folded on the Turn
Seat 7: 139qmb (small blind) folded before Flop
Seat 8: okotokian1 (big blind) folded before Flop
Seat 9: mvscdrqcdl folded before Flop (didn't bet)



PokerStars Hand #232620471121:  Hold'em No Limit ($0.01/$0.02 USD) - 2021/12/28 19:05:39 PT [2021/12/28 22:05:39 ET]
Table 'Ingeborg IV' 9-max Seat #7 is the button
Seat 2: OzerMaks ($1.88 in chips) 
Seat 3: jizoo9001 ($2.26 in chips) 
Seat 4: Dorex2007 ($2.10 in chips) 
Seat 5: frosa9397 ($2.59 in chips) 
Seat 6: gjrth6969 ($2.53 in chips) 
Seat 7: 139qmb ($1.90 in chips) 
Seat 8: okotokian1 ($2.56 in chips) 
Seat 9: mvscdrqcdl ($1.94 in chips) 
okotokian1: posts small blind $0.01
mvscdrqcdl: posts big blind $0.02
*** HOLE CARDS ***
Dealt to Dorex2007 [Th 3s]
OzerMaks: calls $0.02
jizoo9001: calls $0.02
Dorex2007: folds 
frosa9397: folds 
gjrth6969: folds 
139qmb: folds 
okotokian1: folds 
mvscdrqcdl: checks 
*** FLOP *** [8s 6s Ac]
mvscdrqcdl: checks 
OzerMaks: bets $0.06
jizoo9001: folds 
mvscdrqcdl: folds 
Uncalled bet ($0.06) returned to OzerMaks
OzerMaks collected $0.07 from pot
OzerMaks: doesn't show hand 
*** SUMMARY ***
Total pot $0.07 | Rake $0 
Board [8s 6s Ac]
Seat 2: OzerMaks collected ($0.07)
Seat 3: jizoo9001 folded on the Flop
Seat 4: Dorex2007 folded before Flop (didn't bet)
Seat 5: frosa9397 folded before Flop (didn't bet)
Seat 6: gjrth6969 folded before Flop (didn't bet)
Seat 7: 139qmb (button) folded before Flop (didn't bet)
Seat 8: okotokian1 (small blind) folded before Flop
Seat 9: mvscdrqcdl (big blind) folded on the Flop



PokerStars Hand #232620480489:  Hold'em No Limit ($0.01/$0.02 USD) - 2021/12/28 19:06:16 PT [2021/12/28 22:06:16 ET]
Table 'Ingeborg IV' 9-max Seat #8 is the button
Seat 2: OzerMaks ($1.93 in chips) 
Seat 3: jizoo9001 ($2.24 in chips) 
Seat 4: Dorex2007 ($2.10 in chips) 
Seat 5: frosa9397 ($2.59 in chips) 
Seat 6: gjrth6969 ($2.53 in chips) 
Seat 7: 139qmb ($1.90 in chips) 
Seat 8: okotokian1 ($2.55 in chips) 
Seat 9: mvscdrqcdl ($1.92 in chips) 
mvscdrqcdl: posts small blind $0.01
OzerMaks: posts big blind $0.02
*** HOLE CARDS ***
Dealt to Dorex2007 [Qs 7s]
jizoo9001: folds 
Dorex2007: folds 
frosa9397: calls $0.02
gjrth6969: folds 
139qmb: folds 
okotokian1: folds 
mvscdrqcdl: folds 
OzerMaks: checks 
*** FLOP *** [4d 6d Kc]
OzerMaks: checks 
frosa9397: checks 
*** TURN *** [4d 6d Kc] [Ac]
OzerMaks: checks 
ALWIN72OFF.87SU leaves the table
frosa9397: checks 
*** RIVER *** [4d 6d Kc Ac] [4c]
OzerMaks: checks 
frosa9397: checks 
*** SHOW DOWN ***
OzerMaks: shows [Th Qd] (a pair of Fours)
frosa9397: mucks hand 
OzerMaks collected $0.05 from pot
*** SUMMARY ***
Total pot $0.05 | Rake $0 
Board [4d 6d Kc Ac 4c]
Seat 2: OzerMaks (big blind) showed [Th Qd] and won ($0.05) with a pair of Fours
Seat 3: jizoo9001 folded before Flop (didn't bet)
Seat 4: Dorex2007 folded before Flop (didn't bet)
Seat 5: frosa9397 mucked [Jc Ts]
Seat 6: gjrth6969 folded before Flop (didn't bet)
Seat 7: 139qmb folded before Flop (didn't bet)
Seat 8: okotokian1 (button) folded before Flop (didn't bet)
Seat 9: mvscdrqcdl (small blind) folded before Flop



PokerStars Hand #232620501940:  Hold'em No Limit ($0.01/$0.02 USD) - 2021/12/28 19:07:13 PT [2021/12/28 22:07:13 ET]
Table 'Ingeborg IV' 9-max Seat #9 is the button
Seat 2: OzerMaks ($1.96 in chips) 
Seat 3: jizoo9001 ($2.24 in chips) 
Seat 4: Dorex2007 ($2.10 in chips) 
Seat 5: frosa9397 ($2.57 in chips) 
Seat 6: gjrth6969 ($2.53 in chips) 
Seat 7: 139qmb ($1.90 in chips) 
Seat 8: okotokian1 ($2.55 in chips) 
Seat 9: mvscdrqcdl ($1.91 in chips) 
OzerMaks: posts small blind $0.01
jizoo9001: posts big blind $0.02
*** HOLE CARDS ***
Dealt to Dorex2007 [Qh 8h]
Dorex2007: folds 
frosa9397: folds 
gjrth6969: folds 
139qmb: folds 
okotokian1: raises $0.04 to $0.06
mvscdrqcdl: folds 
maver1ck179 joins the table at seat #1 
OzerMaks: calls $0.05
jizoo9001: calls $0.04
*** FLOP *** [Kd 9d 7c]
OzerMaks: bets $0.08
jizoo9001: calls $0.08
okotokian1: folds 
*** TURN *** [Kd 9d 7c] [Kh]
OzerMaks: checks 
jizoo9001: checks 
*** RIVER *** [Kd 9d 7c Kh] [7d]
OzerMaks: checks 
jizoo9001: checks 
*** SHOW DOWN ***
OzerMaks: shows [9c 8d] (two pair, Kings and Nines)
jizoo9001: mucks hand 
OzerMaks collected $0.33 from pot
*** SUMMARY ***
Total pot $0.34 | Rake $0.01 
Board [Kd 9d 7c Kh 7d]
Seat 2: OzerMaks (small blind) showed [9c 8d] and won ($0.33) with two pair, Kings and Nines
Seat 3: jizoo9001 (big blind) mucked [Jh Ah]
Seat 4: Dorex2007 folded before Flop (didn't bet)
Seat 5: frosa9397 folded before Flop (didn't bet)
Seat 6: gjrth6969 folded before Flop (didn't bet)
Seat 7: 139qmb folded before Flop (didn't bet)
Seat 8: okotokian1 folded on the Flop
Seat 9: mvscdrqcdl (button) folded before Flop (didn't bet)



PokerStars Hand #232620527701:  Hold'em No Limit ($0.01/$0.02 USD) - 2021/12/28 19:08:19 PT [2021/12/28 22:08:19 ET]
Table 'Ingeborg IV' 9-max Seat #2 is the button
Seat 1: maver1ck179 ($2 in chips) 
Seat 2: OzerMaks ($2.15 in chips) 
Seat 3: jizoo9001 ($2.10 in chips) 
Seat 4: Dorex2007 ($2.10 in chips) 
Seat 5: frosa9397 ($2.57 in chips) 
Seat 6: gjrth6969 ($2.53 in chips) 
Seat 7: 139qmb ($1.90 in chips) 
Seat 8: okotokian1 ($2.49 in chips) 
Seat 9: mvscdrqcdl ($1.91 in chips) 
jizoo9001: posts small blind $0.01
Dorex2007: posts big blind $0.02
maver1ck179: posts big blind $0.02
*** HOLE CARDS ***
Dealt to Dorex2007 [5d Jh]
frosa9397: folds 
gjrth6969: folds 
139qmb: folds 
okotokian1: folds 
mvscdrqcdl: raises $0.04 to $0.06
maver1ck179: folds 
OzerMaks: calls $0.06
jizoo9001: calls $0.05
Dorex2007: folds 
*** FLOP *** [Kd 6s 6c]
jizoo9001: checks 
mvscdrqcdl: bets $0.14
OzerMaks: calls $0.14
jizoo9001: folds 
*** TURN *** [Kd 6s 6c] [4s]
mvscdrqcdl: bets $1.71 and is all-in
OzerMaks: folds 
Uncalled bet ($1.71) returned to mvscdrqcdl
mvscdrqcdl collected $0.48 from pot
mvscdrqcdl: doesn't show hand 
*** SUMMARY ***
Total pot $0.50 | Rake $0.02 
Board [Kd 6s 6c 4s]
Seat 1: maver1ck179 folded before Flop (didn't bet)
Seat 2: OzerMaks (button) folded on the Turn
Seat 3: jizoo9001 (small blind) folded on the Flop
Seat 4: Dorex2007 (big blind) folded before Flop
Seat 5: frosa9397 folded before Flop (didn't bet)
Seat 6: gjrth6969 folded before Flop (didn't bet)
Seat 7: 139qmb folded before Flop (didn't bet)
Seat 8: okotokian1 folded before Flop (didn't bet)
Seat 9: mvscdrqcdl collected ($0.48)



PokerStars Hand #232620538357:  Hold'em No Limit ($0.01/$0.02 USD) - 2021/12/28 19:09:03 PT [2021/12/28 22:09:03 ET]
Table 'Ingeborg IV' 9-max Seat #3 is the button
Seat 1: maver1ck179 ($1.98 in chips) 
Seat 2: OzerMaks ($1.95 in chips) 
Seat 3: jizoo9001 ($2.04 in chips) 
Seat 4: Dorex2007 ($2.08 in chips) 
Seat 5: frosa9397 ($2.57 in chips) 
Seat 6: gjrth6969 ($2.53 in chips) 
Seat 7: 139qmb ($1.90 in chips) 
Seat 8: okotokian1 ($2.49 in chips) 
Seat 9: mvscdrqcdl ($2.19 in chips) 
Dorex2007: posts small blind $0.01
frosa9397: posts big blind $0.02
*** HOLE CARDS ***
Dealt to Dorex2007 [6s Kd]
gjrth6969: folds 
139qmb: folds 
okotokian1: raises $0.04 to $0.06
mvscdrqcdl: folds 
maver1ck179: folds 
OzerMaks: folds 
jizoo9001: folds 
Dorex2007: folds 
frosa9397: folds 
Uncalled bet ($0.04) returned to okotokian1
okotokian1 collected $0.05 from pot
*** SUMMARY ***
Total pot $0.05 | Rake $0 
Seat 1: maver1ck179 folded before Flop (didn't bet)
Seat 2: OzerMaks folded before Flop (didn't bet)
Seat 3: jizoo9001 (button) folded before Flop (didn't bet)
Seat 4: Dorex2007 (small blind) folded before Flop
Seat 5: frosa9397 (big blind) folded before Flop
Seat 6: gjrth6969 folded before Flop (didn't bet)
Seat 7: 139qmb folded before Flop (didn't bet)
Seat 8: okotokian1 collected ($0.05)
Seat 9: mvscdrqcdl folded before Flop (didn't bet)



PokerStars Hand #232620545576:  Hold'em No Limit ($0.01/$0.02 USD) - 2021/12/28 19:09:32 PT [2021/12/28 22:09:32 ET]
Table 'Ingeborg IV' 9-max Seat #4 is the button
Seat 1: maver1ck179 ($1.98 in chips) 
Seat 2: OzerMaks ($1.95 in chips) 
Seat 3: jizoo9001 ($2.04 in chips) 
Seat 4: Dorex2007 ($2.07 in chips) 
Seat 5: frosa9397 ($2.55 in chips) 
Seat 6: gjrth6969 ($2.53 in chips) 
Seat 7: 139qmb ($1.90 in chips) 
Seat 8: okotokian1 ($2.52 in chips) 
Seat 9: mvscdrqcdl ($2.19 in chips) 
frosa9397: posts small blind $0.01
gjrth6969: posts big blind $0.02
*** HOLE CARDS ***
Dealt to Dorex2007 [7h 8d]
139qmb: folds 
okotokian1: folds 
mvscdrqcdl: raises $0.04 to $0.06
maver1ck179: calls $0.06
OzerMaks: calls $0.06
jizoo9001: calls $0.06
Dorex2007: folds 
frosa9397: raises $0.04 to $0.10
gjrth6969: folds 
mvscdrqcdl: calls $0.04
maver1ck179: calls $0.04
OzerMaks: calls $0.04
jizoo9001: calls $0.04
*** FLOP *** [6c Kh Ah]
frosa9397: checks 
mvscdrqcdl: bets $0.02
maver1ck179: folds 
OzerMaks: calls $0.02
jizoo9001: calls $0.02
frosa9397: calls $0.02
*** TURN *** [6c Kh Ah] [5c]
frosa9397: checks 
mvscdrqcdl: bets $0.22
OzerMaks: calls $0.22
jizoo9001: calls $0.22
frosa9397: folds 
*** RIVER *** [6c Kh Ah 5c] [Ts]
mvscdrqcdl: checks 
OzerMaks: checks 
jizoo9001: checks 
*** SHOW DOWN ***
mvscdrqcdl: shows [Kc 4c] (a pair of Kings)
OzerMaks: shows [Qd Kd] (a pair of Kings - Ace+Queen kicker)
jizoo9001: shows [Ad Js] (a pair of Aces)
jizoo9001 collected $1.22 from pot
*** SUMMARY ***
Total pot $1.26 | Rake $0.04 
Board [6c Kh Ah 5c Ts]
Seat 1: maver1ck179 folded on the Flop
Seat 2: OzerMaks showed [Qd Kd] and lost with a pair of Kings
Seat 3: jizoo9001 showed [Ad Js] and won ($1.22) with a pair of Aces
Seat 4: Dorex2007 (button) folded before Flop (didn't bet)
Seat 5: frosa9397 (small blind) folded on the Turn
Seat 6: gjrth6969 (big blind) folded before Flop
Seat 7: 139qmb folded before Flop (didn't bet)
Seat 8: okotokian1 folded before Flop (didn't bet)
Seat 9: mvscdrqcdl showed [Kc 4c] and lost with a pair of Kings



PokerStars Hand #232620575230:  Hold'em No Limit ($0.01/$0.02 USD) - 2021/12/28 19:11:32 PT [2021/12/28 22:11:32 ET]
Table 'Ingeborg IV' 9-max Seat #5 is the button
Seat 1: maver1ck179 ($1.88 in chips) 
Seat 2: OzerMaks ($1.61 in chips) 
Seat 3: jizoo9001 ($2.92 in chips) 
Seat 4: Dorex2007 ($2.07 in chips) 
Seat 5: frosa9397 ($2.43 in chips) 
Seat 6: gjrth6969 ($2.51 in chips) 
Seat 7: 139qmb ($1.90 in chips) 
Seat 8: okotokian1 ($2.52 in chips) 
Seat 9: mvscdrqcdl ($1.85 in chips) 
gjrth6969: posts small blind $0.01
139qmb: posts big blind $0.02
*** HOLE CARDS ***
Dealt to Dorex2007 [Jc Td]
okotokian1: folds 
mvscdrqcdl: raises $0.04 to $0.06
maver1ck179: folds 
OzerMaks: calls $0.06
jizoo9001: calls $0.06
Dorex2007: folds 
frosa9397: folds 
gjrth6969: folds 
139qmb: folds 
*** FLOP *** [4c Qs 5d]
mvscdrqcdl: checks 
OzerMaks: checks 
jizoo9001: checks 
*** TURN *** [4c Qs 5d] [4s]
mvscdrqcdl: checks 
OzerMaks: checks 
jizoo9001: checks 
*** RIVER *** [4c Qs 5d 4s] [2h]
mvscdrqcdl: checks 
OzerMaks: checks 
jizoo9001: checks 
*** SHOW DOWN ***
mvscdrqcdl: shows [7c 8h] (a pair of Fours)
OzerMaks: shows [Ac 9c] (a pair of Fours - Ace kicker)
jizoo9001: mucks hand 
OzerMaks collected $0.20 from pot
*** SUMMARY ***
Total pot $0.21 | Rake $0.01 
Board [4c Qs 5d 4s 2h]
Seat 1: maver1ck179 folded before Flop (didn't bet)
Seat 2: OzerMaks showed [Ac 9c] and won ($0.20) with a pair of Fours
Seat 3: jizoo9001 mucked [9d 7d]
Seat 4: Dorex2007 folded before Flop (didn't bet)
Seat 5: frosa9397 (button) folded before Flop (didn't bet)
Seat 6: gjrth6969 (small blind) folded before Flop
Seat 7: 139qmb (big blind) folded before Flop
Seat 8: okotokian1 folded before Flop (didn't bet)
Seat 9: mvscdrqcdl showed [7c 8h] and lost with a pair of Fours



PokerStars Hand #232620588996:  Hold'em No Limit ($0.01/$0.02 USD) - 2021/12/28 19:12:28 PT [2021/12/28 22:12:28 ET]
Table 'Ingeborg IV' 9-max Seat #6 is the button
Seat 1: maver1ck179 ($1.88 in chips) 
Seat 2: OzerMaks ($1.75 in chips) 
Seat 3: jizoo9001 ($2.86 in chips) 
Seat 4: Dorex2007 ($2.07 in chips) 
Seat 5: frosa9397 ($2.43 in chips) 
Seat 6: gjrth6969 ($2.50 in chips) 
Seat 7: 139qmb ($1.88 in chips) 
Seat 8: okotokian1 ($2.52 in chips) 
Seat 9: mvscdrqcdl ($1.79 in chips) 
139qmb: posts small blind $0.01
okotokian1: posts big blind $0.02
*** HOLE CARDS ***
Dealt to Dorex2007 [8d 4s]
mvscdrqcdl: folds 
maver1ck179: folds 
OzerMaks: calls $0.02
jizoo9001: folds 
Dorex2007: folds 
frosa9397: folds 
gjrth6969: folds 
139qmb: calls $0.01
okotokian1: checks 
*** FLOP *** [Td 7d 8s]
139qmb: checks 
okotokian1: checks 
OzerMaks: checks 
*** TURN *** [Td 7d 8s] [4h]
139qmb: checks 
okotokian1: checks 
OzerMaks: checks 
*** RIVER *** [Td 7d 8s 4h] [6d]
139qmb: checks 
okotokian1: bets $0.06
OzerMaks: calls $0.06
139qmb: folds 
*** SHOW DOWN ***
okotokian1: shows [8h 5h] (a straight, Four to Eight)
OzerMaks: shows [9c Kd] (a straight, Six to Ten)
OzerMaks collected $0.17 from pot
*** SUMMARY ***
Total pot $0.18 | Rake $0.01 
Board [Td 7d 8s 4h 6d]
Seat 1: maver1ck179 folded before Flop (didn't bet)
Seat 2: OzerMaks showed [9c Kd] and won ($0.17) with a straight, Six to Ten
Seat 3: jizoo9001 folded before Flop (didn't bet)
Seat 4: Dorex2007 folded before Flop (didn't bet)
Seat 5: frosa9397 folded before Flop (didn't bet)
Seat 6: gjrth6969 (button) folded before Flop (didn't bet)
Seat 7: 139qmb (small blind) folded on the River
Seat 8: okotokian1 (big blind) showed [8h 5h] and lost with a straight, Four to Eight
Seat 9: mvscdrqcdl folded before Flop (didn't bet)



PokerStars Hand #232620603609:  Hold'em No Limit ($0.01/$0.02 USD) - 2021/12/28 19:13:28 PT [2021/12/28 22:13:28 ET]
Table 'Ingeborg IV' 9-max Seat #7 is the button
Seat 1: maver1ck179 ($1.88 in chips) 
Seat 2: OzerMaks ($1.84 in chips) 
Seat 3: jizoo9001 ($2.86 in chips) 
Seat 4: Dorex2007 ($2.07 in chips) 
Seat 5: frosa9397 ($2.43 in chips) 
Seat 6: gjrth6969 ($2.50 in chips) 
Seat 7: 139qmb ($1.86 in chips) 
Seat 8: okotokian1 ($2.44 in chips) 
Seat 9: mvscdrqcdl ($1.79 in chips) 
okotokian1: posts small blind $0.01
mvscdrqcdl: posts big blind $0.02
*** HOLE CARDS ***
Dealt to Dorex2007 [5d 8d]
maver1ck179: folds 
OzerMaks: calls $0.02
jizoo9001: folds 
Dorex2007: folds 
frosa9397: calls $0.02
gjrth6969: raises $0.09 to $0.11
139qmb: folds 
okotokian1: folds 
mvscdrqcdl: folds 
OzerMaks: calls $0.09
frosa9397: folds 
*** FLOP *** [7s 2h Kd]
OzerMaks: checks 
gjrth6969: bets $0.13
OzerMaks: folds 
Uncalled bet ($0.13) returned to gjrth6969
gjrth6969 collected $0.26 from pot
gjrth6969: doesn't show hand 
*** SUMMARY ***
Total pot $0.27 | Rake $0.01 
Board [7s 2h Kd]
Seat 1: maver1ck179 folded before Flop (didn't bet)
Seat 2: OzerMaks folded on the Flop
Seat 3: jizoo9001 folded before Flop (didn't bet)
Seat 4: Dorex2007 folded before Flop (didn't bet)
Seat 5: frosa9397 folded before Flop
Seat 6: gjrth6969 collected ($0.26)
Seat 7: 139qmb (button) folded before Flop (didn't bet)
Seat 8: okotokian1 (small blind) folded before Flop
Seat 9: mvscdrqcdl (big blind) folded before Flop



PokerStars Hand #232620616282:  Hold'em No Limit ($0.01/$0.02 USD) - 2021/12/28 19:14:20 PT [2021/12/28 22:14:20 ET]
Table 'Ingeborg IV' 9-max Seat #8 is the button
Seat 1: maver1ck179 ($1.88 in chips) 
Seat 2: OzerMaks ($1.73 in chips) 
Seat 3: jizoo9001 ($2.86 in chips) 
Seat 4: Dorex2007 ($2.07 in chips) 
Seat 5: frosa9397 ($2.41 in chips) 
Seat 6: gjrth6969 ($2.65 in chips) 
Seat 7: 139qmb ($1.86 in chips) 
Seat 8: okotokian1 ($2.43 in chips) 
Seat 9: mvscdrqcdl ($1.77 in chips) 
mvscdrqcdl: posts small blind $0.01
maver1ck179: posts big blind $0.02
*** HOLE CARDS ***
Dealt to Dorex2007 [6d 8h]
OzerMaks: raises $0.04 to $0.06
jizoo9001: folds 
Dorex2007: folds 
jizoo9001 leaves the table
frosa9397: folds 
gjrth6969: folds 
139qmb: calls $0.06
okotokian1: folds 
mvscdrqcdl: calls $0.05
maver1ck179: folds 
*** FLOP *** [Tc Kh Kc]
mvscdrqcdl: checks 
OzerMaks: bets $0.09
139qmb: calls $0.09
mvscdrqcdl: folds 
*** TURN *** [Tc Kh Kc] [3d]
OzerMaks: checks 
139qmb: checks 
*** RIVER *** [Tc Kh Kc 3d] [6c]
OzerMaks: checks 
139qmb: checks 
*** SHOW DOWN ***
OzerMaks: shows [7h 7s] (two pair, Kings and Sevens)
139qmb: mucks hand 
OzerMaks collected $0.37 from pot
*** SUMMARY ***
Total pot $0.38 | Rake $0.01 
Board [Tc Kh Kc 3d 6c]
Seat 1: maver1ck179 (big blind) folded before Flop
Seat 2: OzerMaks showed [7h 7s] and won ($0.37) with two pair, Kings and Sevens
Seat 3: jizoo9001 folded before Flop (didn't bet)
Seat 4: Dorex2007 folded before Flop (didn't bet)
Seat 5: frosa9397 folded before Flop (didn't bet)
Seat 6: gjrth6969 folded before Flop (didn't bet)
Seat 7: 139qmb mucked [Qh Jh]
Seat 8: okotokian1 (button) folded before Flop (didn't bet)
Seat 9: mvscdrqcdl (small blind) folded on the Flop



PokerStars Hand #232620627373:  Hold'em No Limit ($0.01/$0.02 USD) - 2021/12/28 19:15:05 PT [2021/12/28 22:15:05 ET]
Table 'Ingeborg IV' 9-max Seat #9 is the button
Seat 1: maver1ck179 ($1.86 in chips) 
Seat 2: OzerMaks ($1.95 in chips) 
Seat 4: Dorex2007 ($2.07 in chips) 
Seat 5: frosa9397 ($2.41 in chips) 
Seat 6: gjrth6969 ($2.65 in chips) 
Seat 7: 139qmb ($1.71 in chips) 
Seat 8: okotokian1 ($2.43 in chips) 
Seat 9: mvscdrqcdl ($1.71 in chips) 
maver1ck179: posts small blind $0.01
OzerMaks: posts big blind $0.02
*** HOLE CARDS ***
Dealt to Dorex2007 [Tc Kc]
HortonRoundtree joins the table at seat #3 
Dorex2007: folds 
frosa9397: folds 
gjrth6969: folds 
139qmb: folds 
okotokian1: folds 
mvscdrqcdl: raises $0.04 to $0.06
maver1ck179: folds 
OzerMaks: calls $0.04
*** FLOP *** [9c Qh 6d]
OzerMaks: checks 
mvscdrqcdl: checks 
*** TURN *** [9c Qh 6d] [6c]
OzerMaks: bets $0.04
mvscdrqcdl: folds 
Uncalled bet ($0.04) returned to OzerMaks
OzerMaks collected $0.13 from pot
OzerMaks: doesn't show hand 
*** SUMMARY ***
Total pot $0.13 | Rake $0 
Board [9c Qh 6d 6c]
Seat 1: maver1ck179 (small blind) folded before Flop
Seat 2: OzerMaks (big blind) collected ($0.13)
Seat 4: Dorex2007 folded before Flop (didn't bet)
Seat 5: frosa9397 folded before Flop (didn't bet)
Seat 6: gjrth6969 folded before Flop (didn't bet)
Seat 7: 139qmb folded before Flop (didn't bet)
Seat 8: okotokian1 folded before Flop (didn't bet)
Seat 9: mvscdrqcdl (button) folded on the Turn



PokerStars Hand #232620635636:  Hold'em No Limit ($0.01/$0.02 USD) - 2021/12/28 19:15:40 PT [2021/12/28 22:15:40 ET]
Table 'Ingeborg IV' 9-max Seat #1 is the button
Seat 1: maver1ck179 ($1.85 in chips) 
Seat 2: OzerMaks ($2.02 in chips) 
Seat 3: HortonRoundtree ($1.71 in chips) 
Seat 4: Dorex2007 ($2.07 in chips) 
Seat 5: frosa9397 ($2.41 in chips) 
Seat 6: gjrth6969 ($2.65 in chips) 
Seat 7: 139qmb ($1.71 in chips) 
Seat 8: okotokian1 ($2.43 in chips) 
Seat 9: mvscdrqcdl ($1.65 in chips) 
OzerMaks: posts small blind $0.01
HortonRoundtree: posts big blind $0.02
*** HOLE CARDS ***
Dealt to Dorex2007 [3c 9s]
Dorex2007: folds 
frosa9397: folds 
gjrth6969: raises $0.03 to $0.05
139qmb: folds 
okotokian1: folds 
mvscdrqcdl: folds 
maver1ck179: calls $0.05
OzerMaks: calls $0.04
HortonRoundtree: calls $0.03
*** FLOP *** [9c 2d 5h]
OzerMaks: checks 
HortonRoundtree: checks 
gjrth6969: checks 
maver1ck179: checks 
*** TURN *** [9c 2d 5h] [7s]
OzerMaks: checks 
HortonRoundtree: checks 
gjrth6969: checks 
maver1ck179: checks 
*** RIVER *** [9c 2d 5h 7s] [3d]
OzerMaks: bets $0.19
HortonRoundtree: folds 
gjrth6969: folds 
maver1ck179: folds 
Uncalled bet ($0.19) returned to OzerMaks
OzerMaks collected $0.19 from pot
OzerMaks: doesn't show hand 
*** SUMMARY ***
Total pot $0.20 | Rake $0.01 
Board [9c 2d 5h 7s 3d]
Seat 1: maver1ck179 (button) folded on the River
Seat 2: OzerMaks (small blind) collected ($0.19)
Seat 3: HortonRoundtree (big blind) folded on the River
Seat 4: Dorex2007 folded before Flop (didn't bet)
Seat 5: frosa9397 folded before Flop (didn't bet)
Seat 6: gjrth6969 folded on the River
Seat 7: 139qmb folded before Flop (didn't bet)
Seat 8: okotokian1 folded before Flop (didn't bet)
Seat 9: mvscdrqcdl folded before Flop (didn't bet)



PokerStars Hand #232620649148:  Hold'em No Limit ($0.01/$0.02 USD) - 2021/12/28 19:16:35 PT [2021/12/28 22:16:35 ET]
Table 'Ingeborg IV' 9-max Seat #2 is the button
Seat 1: maver1ck179 ($1.80 in chips) 
Seat 2: OzerMaks ($2.16 in chips) 
Seat 3: HortonRoundtree ($1.66 in chips) 
Seat 4: Dorex2007 ($2.07 in chips) 
Seat 5: frosa9397 ($2.41 in chips) 
Seat 6: gjrth6969 ($2.60 in chips) 
Seat 7: 139qmb ($1.71 in chips) 
Seat 8: okotokian1 ($2.43 in chips) 
Seat 9: mvscdrqcdl ($1.65 in chips) 
HortonRoundtree: posts small blind $0.01
Dorex2007: posts big blind $0.02
*** HOLE CARDS ***
Dealt to Dorex2007 [8h Th]
frosa9397 has timed out
frosa9397: folds 
gjrth6969: raises $0.03 to $0.05
139qmb: folds 
okotokian1: folds 
mvscdrqcdl: folds 
maver1ck179: folds 
maver1ck179 leaves the table
OzerMaks: folds 
HortonRoundtree: folds 
Dorex2007: folds 
Uncalled bet ($0.03) returned to gjrth6969
gjrth6969 collected $0.05 from pot
gjrth6969: doesn't show hand 
*** SUMMARY ***
Total pot $0.05 | Rake $0 
Seat 1: maver1ck179 folded before Flop (didn't bet)
Seat 2: OzerMaks (button) folded before Flop (didn't bet)
Seat 3: HortonRoundtree (small blind) folded before Flop
Seat 4: Dorex2007 (big blind) folded before Flop
Seat 5: frosa9397 folded before Flop (didn't bet)
Seat 6: gjrth6969 collected ($0.05)
Seat 7: 139qmb folded before Flop (didn't bet)
Seat 8: okotokian1 folded before Flop (didn't bet)
Seat 9: mvscdrqcdl folded before Flop (didn't bet)



PokerStars Hand #232620654854:  Hold'em No Limit ($0.01/$0.02 USD) - 2021/12/28 19:16:59 PT [2021/12/28 22:16:59 ET]
Table 'Ingeborg IV' 9-max Seat #3 is the button
Seat 2: OzerMaks ($2.16 in chips) 
Seat 3: HortonRoundtree ($1.65 in chips) 
Seat 4: Dorex2007 ($2.05 in chips) 
Seat 5: frosa9397 ($2.41 in chips) 
Seat 6: gjrth6969 ($2.63 in chips) 
Seat 7: 139qmb ($1.71 in chips) 
Seat 8: okotokian1 ($2.43 in chips) 
Seat 9: mvscdrqcdl ($1.65 in chips) 
Dorex2007: posts small blind $0.01
frosa9397: posts big blind $0.02
*** HOLE CARDS ***
Dealt to Dorex2007 [Ah 3h]
gjrth6969: raises $0.03 to $0.05
139qmb: folds 
brenden2021 joins the table at seat #1 
okotokian1: calls $0.05
mvscdrqcdl: folds 
OzerMaks: folds 
HortonRoundtree: folds 
Dorex2007: calls $0.04
frosa9397: folds 
*** FLOP *** [Jd Jc 2h]
Dorex2007: checks 
gjrth6969: checks 
okotokian1: bets $0.12
Dorex2007: folds 
gjrth6969: calls $0.12
*** TURN *** [Jd Jc 2h] [6h]
gjrth6969: checks 
okotokian1: checks 
*** RIVER *** [Jd Jc 2h 6h] [Tc]
gjrth6969: checks 
okotokian1: checks 
*** SHOW DOWN ***
gjrth6969: shows [Kc Ac] (a pair of Jacks)
okotokian1: mucks hand 
gjrth6969 collected $0.40 from pot
*** SUMMARY ***
Total pot $0.41 | Rake $0.01 
Board [Jd Jc 2h 6h Tc]
Seat 2: OzerMaks folded before Flop (didn't bet)
Seat 3: HortonRoundtree (button) folded before Flop (didn't bet)
Seat 4: Dorex2007 (small blind) folded on the Flop
Seat 5: frosa9397 (big blind) folded before Flop
Seat 6: gjrth6969 showed [Kc Ac] and won ($0.40) with a pair of Jacks
Seat 7: 139qmb folded before Flop (didn't bet)
Seat 8: okotokian1 mucked [Qh As]
Seat 9: mvscdrqcdl folded before Flop (didn't bet)



PokerStars Hand #232620663429:  Hold'em No Limit ($0.01/$0.02 USD) - 2021/12/28 19:17:34 PT [2021/12/28 22:17:34 ET]
Table 'Ingeborg IV' 9-max Seat #4 is the button
Seat 2: OzerMaks ($2.16 in chips) 
Seat 3: HortonRoundtree ($1.65 in chips) 
Seat 4: Dorex2007 ($2 in chips) 
Seat 5: frosa9397 ($2.39 in chips) 
Seat 6: gjrth6969 ($2.86 in chips) 
Seat 7: 139qmb ($1.71 in chips) 
Seat 8: okotokian1 ($2.26 in chips) 
Seat 9: mvscdrqcdl ($1.65 in chips) 
frosa9397: posts small blind $0.01
gjrth6969: posts big blind $0.02
brenden2021: sits out 
*** HOLE CARDS ***
Dealt to Dorex2007 [Td Qd]
139qmb: folds 
okotokian1: folds 
139qmb leaves the table
mvscdrqcdl: raises $0.04 to $0.06
OzerMaks: folds 
HortonRoundtree: folds 
Dorex2007: calls $0.06
frosa9397: folds 
gjrth6969: raises $0.19 to $0.25
mvscdrqcdl: calls $0.19
Dorex2007: folds 
*** FLOP *** [Qs As 7d]
gjrth6969: bets $0.28
mvscdrqcdl: folds [Js Jh]
Uncalled bet ($0.28) returned to gjrth6969
gjrth6969 collected $0.55 from pot
gjrth6969: doesn't show hand 
*** SUMMARY ***
Total pot $0.57 | Rake $0.02 
Board [Qs As 7d]
Seat 2: OzerMaks folded before Flop (didn't bet)
Seat 3: HortonRoundtree folded before Flop (didn't bet)
Seat 4: Dorex2007 (button) folded before Flop
Seat 5: frosa9397 (small blind) folded before Flop
Seat 6: gjrth6969 (big blind) collected ($0.55)
Seat 7: 139qmb folded before Flop (didn't bet)
Seat 8: okotokian1 folded before Flop (didn't bet)
Seat 9: mvscdrqcdl folded on the Flop



PokerStars Hand #232620671190:  Hold'em No Limit ($0.01/$0.02 USD) - 2021/12/28 19:18:07 PT [2021/12/28 22:18:07 ET]
Table 'Ingeborg IV' 9-max Seat #5 is the button
Seat 1: brenden2021 ($1.60 in chips) 
Seat 2: OzerMaks ($2.16 in chips) 
Seat 3: HortonRoundtree ($1.65 in chips) 
Seat 4: Dorex2007 ($2 in chips) 
Seat 5: frosa9397 ($2.38 in chips) 
Seat 6: gjrth6969 ($3.16 in chips) 
Seat 8: okotokian1 ($2.26 in chips) 
Seat 9: mvscdrqcdl ($1.40 in chips) 
gjrth6969: posts small blind $0.01
okotokian1: posts big blind $0.02
brenden2021: posts big blind $0.02
*** HOLE CARDS ***
Dealt to Dorex2007 [9c Td]
mvscdrqcdl: calls $0.02
brenden2021: checks 
OzerMaks: folds 
OzerMaks leaves the table
HortonRoundtree: calls $0.02
Dorex2007: folds 
frosa9397: folds 
gjrth6969: raises $0.10 to $0.12
okotokian1: folds 
mvscdrqcdl: calls $0.10
brenden2021: folds 
HortonRoundtree: folds 
*** FLOP *** [5s 4d 5h]
gjrth6969: checks 
mvscdrqcdl: checks 
*** TURN *** [5s 4d 5h] [Js]
gjrth6969: checks 
mvscdrqcdl: checks 
*** RIVER *** [5s 4d 5h Js] [Th]
gjrth6969: checks 
mvscdrqcdl: checks 
*** SHOW DOWN ***
gjrth6969: shows [Ad Ks] (a pair of Fives)
mvscdrqcdl: shows [7s Ts] (two pair, Tens and Fives)
mvscdrqcdl collected $0.29 from pot
*** SUMMARY ***
Total pot $0.30 | Rake $0.01 
Board [5s 4d 5h Js Th]
Seat 1: brenden2021 folded before Flop (didn't bet)
Seat 2: OzerMaks folded before Flop (didn't bet)
Seat 3: HortonRoundtree folded before Flop
Seat 4: Dorex2007 folded before Flop (didn't bet)
Seat 5: frosa9397 (button) folded before Flop (didn't bet)
Seat 6: gjrth6969 (small blind) showed [Ad Ks] and lost with a pair of Fives
Seat 8: okotokian1 (big blind) folded before Flop
Seat 9: mvscdrqcdl showed [7s Ts] and won ($0.29) with two pair, Tens and Fives



PokerStars Hand #232620678628:  Hold'em No Limit ($0.01/$0.02 USD) - 2021/12/28 19:18:38 PT [2021/12/28 22:18:38 ET]
Table 'Ingeborg IV' 9-max Seat #6 is the button
Seat 1: brenden2021 ($1.58 in chips) 
Seat 3: HortonRoundtree ($1.63 in chips) 
Seat 4: Dorex2007 ($2 in chips) 
Seat 5: frosa9397 ($2.38 in chips) 
Seat 6: gjrth6969 ($3.04 in chips) 
Seat 8: okotokian1 ($2.24 in chips) 
Seat 9: mvscdrqcdl ($2 in chips) 
okotokian1: posts small blind $0.01
mvscdrqcdl: posts big blind $0.02
*** HOLE CARDS ***
Dealt to Dorex2007 [8c 6s]
brenden2021: calls $0.02
HortonRoundtree: calls $0.02
Dorex2007: folds 
frosa9397: folds 
gjrth6969: raises $0.09 to $0.11
okotokian1: folds 
mvscdrqcdl: folds 
brenden2021: raises $0.09 to $0.20
HortonRoundtree: folds 
gjrth6969: calls $0.09
*** FLOP *** [Kd Ac 3h]
brenden2021: checks 
gjrth6969: bets $0.22
brenden2021: raises $0.22 to $0.44
gjrth6969: folds 
Uncalled bet ($0.22) returned to brenden2021
brenden2021 collected $0.86 from pot
brenden2021: doesn't show hand 
*** SUMMARY ***
Total pot $0.89 | Rake $0.03 
Board [Kd Ac 3h]
Seat 1: brenden2021 collected ($0.86)
Seat 3: HortonRoundtree folded before Flop
Seat 4: Dorex2007 folded before Flop (didn't bet)
Seat 5: frosa9397 folded before Flop (didn't bet)
Seat 6: gjrth6969 (button) folded on the Flop
Seat 8: okotokian1 (small blind) folded before Flop
Seat 9: mvscdrqcdl (big blind) folded before Flop



PokerStars Hand #232620687647:  Hold'em No Limit ($0.01/$0.02 USD) - 2021/12/28 19:19:16 PT [2021/12/28 22:19:16 ET]
Table 'Ingeborg IV' 9-max Seat #8 is the button
Seat 1: brenden2021 ($2.02 in chips) 
Seat 3: HortonRoundtree ($1.61 in chips) 
Seat 4: Dorex2007 ($2 in chips) 
Seat 5: frosa9397 ($2.38 in chips) 
Seat 6: gjrth6969 ($2.62 in chips) 
Seat 8: okotokian1 ($2.23 in chips) 
Seat 9: mvscdrqcdl ($1.98 in chips) 
mvscdrqcdl: posts small blind $0.01
brenden2021: posts big blind $0.02
*** HOLE CARDS ***
Dealt to Dorex2007 [9d 3s]
HortonRoundtree: folds 
Dorex2007: folds 
frosa9397: calls $0.02
gjrth6969: raises $0.07 to $0.09
okotokian1: folds 
mvscdrqcdl: calls $0.08
brenden2021: calls $0.07
frosa9397: folds 
*** FLOP *** [4d 2d 5h]
mvscdrqcdl: checks 
brenden2021: checks 
gjrth6969: checks 
*** TURN *** [4d 2d 5h] [Ad]
mvscdrqcdl: checks 
brenden2021: checks 
gjrth6969: checks 
*** RIVER *** [4d 2d 5h Ad] [As]
mvscdrqcdl: checks 
brenden2021: checks 
gjrth6969: checks 
*** SHOW DOWN ***
mvscdrqcdl: shows [8c Tc] (a pair of Aces)
brenden2021: shows [Qs 6h] (a pair of Aces - Queen kicker)
gjrth6969: shows [9c Ac] (three of a kind, Aces)
gjrth6969 collected $0.28 from pot
*** SUMMARY ***
Total pot $0.29 | Rake $0.01 
Board [4d 2d 5h Ad As]
Seat 1: brenden2021 (big blind) showed [Qs 6h] and lost with a pair of Aces
Seat 3: HortonRoundtree folded before Flop (didn't bet)
Seat 4: Dorex2007 folded before Flop (didn't bet)
Seat 5: frosa9397 folded before Flop
Seat 6: gjrth6969 showed [9c Ac] and won ($0.28) with three of a kind, Aces
Seat 8: okotokian1 (button) folded before Flop (didn't bet)
Seat 9: mvscdrqcdl (small blind) showed [8c Tc] and lost with a pair of Aces



PokerStars Hand #232620697905:  Hold'em No Limit ($0.01/$0.02 USD) - 2021/12/28 19:19:59 PT [2021/12/28 22:19:59 ET]
Table 'Ingeborg IV' 9-max Seat #9 is the button
Seat 1: brenden2021 ($1.93 in chips) 
Seat 3: HortonRoundtree ($1.61 in chips) 
Seat 4: Dorex2007 ($2 in chips) 
Seat 5: frosa9397 ($2.36 in chips) 
Seat 6: gjrth6969 ($2.81 in chips) 
Seat 8: okotokian1 ($2.23 in chips) 
Seat 9: mvscdrqcdl ($1.89 in chips) 
brenden2021: posts small blind $0.01
HortonRoundtree: posts big blind $0.02
*** HOLE CARDS ***
Dealt to Dorex2007 [3s 9h]
Dorex2007: folds 
frosa9397: folds 
gjrth6969: folds 
okotokian1: raises $0.04 to $0.06
mvscdrqcdl: folds 
Trindd1 joins the table at seat #2 
brenden2021: raises $0.08 to $0.14
HortonRoundtree: folds 
okotokian1: calls $0.08
*** FLOP *** [4d 4c 5s]
brenden2021: checks 
okotokian1: bets $0.15
brenden2021: calls $0.15
*** TURN *** [4d 4c 5s] [3h]
brenden2021: checks 
okotokian1: checks 
*** RIVER *** [4d 4c 5s 3h] [Js]
brenden2021: bets $0.22
okotokian1: folds 
Uncalled bet ($0.22) returned to brenden2021
brenden2021 collected $0.58 from pot
brenden2021: doesn't show hand 
*** SUMMARY ***
Total pot $0.60 | Rake $0.02 
Board [4d 4c 5s 3h Js]
Seat 1: brenden2021 (small blind) collected ($0.58)
Seat 3: HortonRoundtree (big blind) folded before Flop
Seat 4: Dorex2007 folded before Flop (didn't bet)
Seat 5: frosa9397 folded before Flop (didn't bet)
Seat 6: gjrth6969 folded before Flop (didn't bet)
Seat 8: okotokian1 folded on the River
Seat 9: mvscdrqcdl (button) folded before Flop (didn't bet)



PokerStars Hand #232620707147:  Hold'em No Limit ($0.01/$0.02 USD) - 2021/12/28 19:20:39 PT [2021/12/28 22:20:39 ET]
Table 'Ingeborg IV' 9-max Seat #1 is the button
Seat 1: brenden2021 ($2.22 in chips) 
Seat 3: HortonRoundtree ($1.59 in chips) 
Seat 4: Dorex2007 ($2 in chips) 
Seat 5: frosa9397 ($2.36 in chips) 
Seat 6: gjrth6969 ($2.81 in chips) 
Seat 8: okotokian1 ($2 in chips) 
Seat 9: mvscdrqcdl ($1.89 in chips) 
HortonRoundtree: posts small blind $0.01
Dorex2007: posts big blind $0.02
*** HOLE CARDS ***
Dealt to Dorex2007 [2c Jd]
frosa9397: folds 
gjrth6969: folds 
okotokian1: folds 
mvscdrqcdl: raises $0.04 to $0.06
brenden2021: raises $0.04 to $0.10
HortonRoundtree: folds 
Dorex2007: folds 
mvscdrqcdl: calls $0.04
*** FLOP *** [Kc 7s 4c]
mvscdrqcdl: checks 
brenden2021: checks 
*** TURN *** [Kc 7s 4c] [4h]
mvscdrqcdl: bets $0.06
brenden2021: raises $0.06 to $0.12
mvscdrqcdl: calls $0.06
*** RIVER *** [Kc 7s 4c 4h] [Ad]
mvscdrqcdl: checks 
brenden2021: bets $0.45
mvscdrqcdl: folds 
Uncalled bet ($0.45) returned to brenden2021
brenden2021 collected $0.45 from pot
brenden2021: doesn't show hand 
*** SUMMARY ***
Total pot $0.47 | Rake $0.02 
Board [Kc 7s 4c 4h Ad]
Seat 1: brenden2021 (button) collected ($0.45)
Seat 3: HortonRoundtree (small blind) folded before Flop
Seat 4: Dorex2007 (big blind) folded before Flop
Seat 5: frosa9397 folded before Flop (didn't bet)
Seat 6: gjrth6969 folded before Flop (didn't bet)
Seat 8: okotokian1 folded before Flop (didn't bet)
Seat 9: mvscdrqcdl folded on the River



PokerStars Hand #232620714984:  Hold'em No Limit ($0.01/$0.02 USD) - 2021/12/28 19:21:12 PT [2021/12/28 22:21:12 ET]
Table 'Ingeborg IV' 9-max Seat #3 is the button
Seat 1: brenden2021 ($2.45 in chips) 
Seat 2: Trindd1 ($0.80 in chips) 
Seat 3: HortonRoundtree ($1.58 in chips) 
Seat 4: Dorex2007 ($2 in chips) 
Seat 5: frosa9397 ($2.36 in chips) 
Seat 6: gjrth6969 ($2.81 in chips) 
Seat 8: okotokian1 ($2 in chips) 
Seat 9: mvscdrqcdl ($1.67 in chips) 
Dorex2007: posts small blind $0.01
frosa9397: posts big blind $0.02
Trindd1: posts big blind $0.02
*** HOLE CARDS ***
Dealt to Dorex2007 [8d 4s]
gjrth6969: folds 
okotokian1: folds 
mvscdrqcdl: raises $0.04 to $0.06
brenden2021: calls $0.06
Trindd1: folds 
HortonRoundtree: folds 
Dorex2007: folds 
frosa9397: folds 
*** FLOP *** [9d Td Ah]
mvscdrqcdl: bets $0.16
brenden2021: calls $0.16
*** TURN *** [9d Td Ah] [As]
mvscdrqcdl: bets $0.12
losmerca joins the table at seat #7 
brenden2021: calls $0.12
*** RIVER *** [9d Td Ah As] [Th]
mvscdrqcdl: bets $1.33 and is all-in
brenden2021: folds 
Uncalled bet ($1.33) returned to mvscdrqcdl
mvscdrqcdl collected $0.70 from pot
mvscdrqcdl: doesn't show hand 
*** SUMMARY ***
Total pot $0.73 | Rake $0.03 
Board [9d Td Ah As Th]
Seat 1: brenden2021 folded on the River
Seat 2: Trindd1 folded before Flop (didn't bet)
Seat 3: HortonRoundtree (button) folded before Flop (didn't bet)
Seat 4: Dorex2007 (small blind) folded before Flop
Seat 5: frosa9397 (big blind) folded before Flop
Seat 6: gjrth6969 folded before Flop (didn't bet)
Seat 8: okotokian1 folded before Flop (didn't bet)
Seat 9: mvscdrqcdl collected ($0.70)



PokerStars Hand #232620723691:  Hold'em No Limit ($0.01/$0.02 USD) - 2021/12/28 19:21:48 PT [2021/12/28 22:21:48 ET]
Table 'Ingeborg IV' 9-max Seat #4 is the button
Seat 1: brenden2021 ($2.11 in chips) 
Seat 2: Trindd1 ($0.78 in chips) 
Seat 3: HortonRoundtree ($1.58 in chips) 
Seat 4: Dorex2007 ($2 in chips) 
Seat 5: frosa9397 ($2.34 in chips) 
Seat 6: gjrth6969 ($2.81 in chips) 
Seat 8: okotokian1 ($2 in chips) 
Seat 9: mvscdrqcdl ($2.03 in chips) 
frosa9397: posts small blind $0.01
gjrth6969: posts big blind $0.02
losmerca: sits out 
*** HOLE CARDS ***
Dealt to Dorex2007 [3s Ad]
okotokian1: raises $0.06 to $0.08
mvscdrqcdl: folds 
brenden2021: folds 
Trindd1: raises $0.19 to $0.27
HortonRoundtree: folds 
Dorex2007: folds 
frosa9397: folds 
gjrth6969: calls $0.25
okotokian1: folds 
*** FLOP *** [4s 2h 6h]
gjrth6969: bets $0.31
Trindd1: raises $0.20 to $0.51 and is all-in
gjrth6969: calls $0.20
*** TURN *** [4s 2h 6h] [Jd]
*** RIVER *** [4s 2h 6h Jd] [3c]
*** SHOW DOWN ***
gjrth6969: shows [As Ah] (a pair of Aces)
Trindd1: shows [Ac 4c] (a pair of Fours)
gjrth6969 collected $1.59 from pot
Trindd1 cashed out the hand for $0.13
*** SUMMARY ***
Total pot $1.65 | Rake $0.06 
Board [4s 2h 6h Jd 3c]
Seat 1: brenden2021 folded before Flop (didn't bet)
Seat 2: Trindd1 showed [Ac 4c] and lost with a pair of Fours (cashed out).
Seat 3: HortonRoundtree folded before Flop (didn't bet)
Seat 4: Dorex2007 (button) folded before Flop (didn't bet)
Seat 5: frosa9397 (small blind) folded before Flop
Seat 6: gjrth6969 (big blind) showed [As Ah] and won ($1.59) with a pair of Aces
Seat 8: okotokian1 folded before Flop
Seat 9: mvscdrqcdl folded before Flop (didn't bet)



PokerStars Hand #232620736372:  Hold'em No Limit ($0.01/$0.02 USD) - 2021/12/28 19:22:42 PT [2021/12/28 22:22:42 ET]
Table 'Ingeborg IV' 9-max Seat #5 is the button
Seat 1: brenden2021 ($2.11 in chips) 
Seat 2: Trindd1 ($0.13 in chips) 
Seat 3: HortonRoundtree ($1.58 in chips) 
Seat 4: Dorex2007 ($2 in chips) 
Seat 5: frosa9397 ($2.33 in chips) 
Seat 6: gjrth6969 ($3.62 in chips) 
Seat 7: losmerca ($2 in chips) 
Seat 8: okotokian1 ($2 in chips) 
Seat 9: mvscdrqcdl ($2.03 in chips) 
gjrth6969: posts small blind $0.01
losmerca: posts big blind $0.02
*** HOLE CARDS ***
Dealt to Dorex2007 [Ah 4d]
okotokian1: folds 
mvscdrqcdl: raises $0.04 to $0.06
brenden2021: folds 
Trindd1: raises $0.07 to $0.13 and is all-in
HortonRoundtree: folds 
Dorex2007: folds 
frosa9397: folds 
gjrth6969: folds 
losmerca: folds 
mvscdrqcdl: calls $0.07
*** FLOP *** [5s 6h 2h]
*** TURN *** [5s 6h 2h] [4h]
*** RIVER *** [5s 6h 2h 4h] [8s]
*** SHOW DOWN ***
mvscdrqcdl: shows [9h 8d] (a pair of Eights)
Trindd1: shows [Ac Kc] (high card Ace)
mvscdrqcdl collected $0.28 from pot
*** SUMMARY ***
Total pot $0.29 | Rake $0.01 
Board [5s 6h 2h 4h 8s]
Seat 1: brenden2021 folded before Flop (didn't bet)
Seat 2: Trindd1 showed [Ac Kc] and lost with high card Ace
Seat 3: HortonRoundtree folded before Flop (didn't bet)
Seat 4: Dorex2007 folded before Flop (didn't bet)
Seat 5: frosa9397 (button) folded before Flop (didn't bet)
Seat 6: gjrth6969 (small blind) folded before Flop
Seat 7: losmerca (big blind) folded before Flop
Seat 8: okotokian1 folded before Flop (didn't bet)
Seat 9: mvscdrqcdl showed [9h 8d] and won ($0.28) with a pair of Eights



PokerStars Hand #232620750616:  Hold'em No Limit ($0.01/$0.02 USD) - 2021/12/28 19:23:21 PT [2021/12/28 22:23:21 ET]
Table 'Ingeborg IV' 9-max Seat #6 is the button
Seat 1: brenden2021 ($2.11 in chips) 
Seat 3: HortonRoundtree ($1.58 in chips) 
Seat 4: Dorex2007 ($2 in chips) 
Seat 5: frosa9397 ($2.33 in chips) 
Seat 6: gjrth6969 ($3.61 in chips) 
Seat 7: losmerca ($2 in chips) 
Seat 8: okotokian1 ($2 in chips) 
Seat 9: mvscdrqcdl ($2.18 in chips) 
losmerca: posts small blind $0.01
okotokian1: posts big blind $0.02
*** HOLE CARDS ***
Dealt to Dorex2007 [Th Ah]
mvscdrqcdl: raises $0.04 to $0.06
brenden2021: calls $0.06
HortonRoundtree: folds 
Dorex2007: calls $0.06
frosa9397: folds 
gjrth6969: folds 
losmerca: raises $0.26 to $0.32
okotokian1: folds 
mvscdrqcdl has timed out
mvscdrqcdl: folds 
brenden2021: folds 
Dorex2007: folds 
Uncalled bet ($0.26) returned to losmerca
losmerca collected $0.26 from pot
losmerca: doesn't show hand 
*** SUMMARY ***
Total pot $0.26 | Rake $0 
Seat 1: brenden2021 folded before Flop
Seat 3: HortonRoundtree folded before Flop (didn't bet)
Seat 4: Dorex2007 folded before Flop
Seat 5: frosa9397 folded before Flop (didn't bet)
Seat 6: gjrth6969 (button) folded before Flop (didn't bet)
Seat 7: losmerca (small blind) collected ($0.26)
Seat 8: okotokian1 (big blind) folded before Flop
Seat 9: mvscdrqcdl folded before Flop



PokerStars Hand #232620774190:  Hold'em No Limit ($0.01/$0.02 USD) - 2021/12/28 19:24:28 PT [2021/12/28 22:24:28 ET]
Table 'Ingeborg IV' 9-max Seat #7 is the button
Seat 1: brenden2021 ($2.05 in chips) 
Seat 2: Trindd1 ($1 in chips) 
Seat 3: HortonRoundtree ($1.58 in chips) 
Seat 4: Dorex2007 ($2 in chips) 
Seat 5: frosa9397 ($2.33 in chips) 
Seat 6: gjrth6969 ($3.61 in chips) 
Seat 7: losmerca ($2.20 in chips) 
Seat 8: okotokian1 ($2 in chips) 
okotokian1: posts small blind $0.01
brenden2021: posts big blind $0.02
*** HOLE CARDS ***
Dealt to Dorex2007 [7h 2s]
Trindd1: calls $0.02
HortonRoundtree: calls $0.02
Dorex2007: folds 
frosa9397: folds 
gjrth6969: raises $0.09 to $0.11
losmerca: folds 
okotokian1: folds 
brenden2021: folds 
Trindd1: folds 
HortonRoundtree: raises $0.11 to $0.22
gjrth6969: calls $0.11
*** FLOP *** [9d 9c Jd]
brenden2021 leaves the table
HortonRoundtree: bets $0.24
gjrth6969: folds 
Uncalled bet ($0.24) returned to HortonRoundtree
HortonRoundtree collected $0.47 from pot
HortonRoundtree: doesn't show hand 
*** SUMMARY ***
Total pot $0.49 | Rake $0.02 
Board [9d 9c Jd]
Seat 1: brenden2021 (big blind) folded before Flop
Seat 2: Trindd1 folded before Flop
Seat 3: HortonRoundtree collected ($0.47)
Seat 4: Dorex2007 folded before Flop (didn't bet)
Seat 5: frosa9397 folded before Flop (didn't bet)
Seat 6: gjrth6969 folded on the Flop
Seat 7: losmerca (button) folded before Flop (didn't bet)
Seat 8: okotokian1 (small blind) folded before Flop



PokerStars Hand #232620785187:  Hold'em No Limit ($0.01/$0.02 USD) - 2021/12/28 19:25:14 PT [2021/12/28 22:25:14 ET]
Table 'Ingeborg IV' 9-max Seat #8 is the button
Seat 2: Trindd1 ($0.98 in chips) 
Seat 3: HortonRoundtree ($1.83 in chips) 
Seat 4: Dorex2007 ($2 in chips) 
Seat 5: frosa9397 ($2.33 in chips) 
Seat 6: gjrth6969 ($3.39 in chips) 
Seat 7: losmerca ($2.20 in chips) 
Seat 8: okotokian1 ($2 in chips) 
Trindd1: posts small blind $0.01
HortonRoundtree: posts big blind $0.02
*** HOLE CARDS ***
Dealt to Dorex2007 [2s Ac]
Dorex2007: folds 
frosa9397: folds 
gjrth6969: raises $0.03 to $0.05
losmerca: folds 
okotokian1: folds 
Trindd1: folds 
HortonRoundtree: folds 
Uncalled bet ($0.03) returned to gjrth6969
gjrth6969 collected $0.05 from pot
gjrth6969: doesn't show hand 
*** SUMMARY ***
Total pot $0.05 | Rake $0 
Seat 2: Trindd1 (small blind) folded before Flop
Seat 3: HortonRoundtree (big blind) folded before Flop
Seat 4: Dorex2007 folded before Flop (didn't bet)
Seat 5: frosa9397 folded before Flop (didn't bet)
Seat 6: gjrth6969 collected ($0.05)
Seat 7: losmerca folded before Flop (didn't bet)
Seat 8: okotokian1 (button) folded before Flop (didn't bet)



PokerStars Hand #232620790483:  Hold'em No Limit ($0.01/$0.02 USD) - 2021/12/28 19:25:37 PT [2021/12/28 22:25:37 ET]
Table 'Ingeborg IV' 9-max Seat #2 is the button
Seat 2: Trindd1 ($0.97 in chips) 
Seat 3: HortonRoundtree ($1.81 in chips) 
Seat 4: Dorex2007 ($2 in chips) 
Seat 5: frosa9397 ($2.33 in chips) 
Seat 6: gjrth6969 ($3.42 in chips) 
Seat 7: losmerca ($2.20 in chips) 
Seat 8: okotokian1 ($2 in chips) 
Seat 9: mvscdrqcdl ($2.12 in chips) 
HortonRoundtree: posts small blind $0.01
Dorex2007: posts big blind $0.02
mvscdrqcdl: posts small & big blinds $0.03
*** HOLE CARDS ***
Dealt to Dorex2007 [8s 5c]
frosa9397: calls $0.02
gjrth6969: folds 
losmerca: raises $0.15 to $0.17
okotokian1: folds 
mvscdrqcdl: folds 
Trindd1: folds 
HortonRoundtree: folds 
Dorex2007: folds 
frosa9397: folds 
Uncalled bet ($0.15) returned to losmerca
losmerca collected $0.10 from pot
losmerca: doesn't show hand 
*** SUMMARY ***
Total pot $0.10 | Rake $0 
Seat 2: Trindd1 (button) folded before Flop (didn't bet)
Seat 3: HortonRoundtree (small blind) folded before Flop
Seat 4: Dorex2007 (big blind) folded before Flop
Seat 5: frosa9397 folded before Flop
Seat 6: gjrth6969 folded before Flop (didn't bet)
Seat 7: losmerca collected ($0.10)
Seat 8: okotokian1 folded before Flop (didn't bet)
Seat 9: mvscdrqcdl folded before Flop (didn't bet)



PokerStars Hand #232620798720:  Hold'em No Limit ($0.01/$0.02 USD) - 2021/12/28 19:26:11 PT [2021/12/28 22:26:11 ET]
Table 'Ingeborg IV' 9-max Seat #3 is the button
Seat 2: Trindd1 ($0.97 in chips) 
Seat 3: HortonRoundtree ($1.80 in chips) 
Seat 4: Dorex2007 ($2 in chips) 
Seat 5: frosa9397 ($2.31 in chips) 
Seat 6: gjrth6969 ($3.42 in chips) 
Seat 7: losmerca ($2.28 in chips) 
Seat 8: okotokian1 ($2 in chips) 
Seat 9: mvscdrqcdl ($2.09 in chips) 
Dorex2007: posts small blind $0.01
frosa9397: posts big blind $0.02
*** HOLE CARDS ***
Dealt to Dorex2007 [8c 2d]
gjrth6969: folds 
erlis82 joins the table at seat #1 
losmerca: folds 
okotokian1: folds 
mvscdrqcdl: calls $0.02
Trindd1: calls $0.02
HortonRoundtree: folds 
Dorex2007: folds 
frosa9397: checks 
*** FLOP *** [Tc Th Jc]
frosa9397: checks 
mvscdrqcdl: checks 
Trindd1: checks 
*** TURN *** [Tc Th Jc] [Ac]
frosa9397: checks 
mvscdrqcdl: checks 
Trindd1: checks 
*** RIVER *** [Tc Th Jc Ac] [Ah]
frosa9397: checks 
mvscdrqcdl: checks 
Trindd1: checks 
*** SHOW DOWN ***
frosa9397: shows [4s 2s] (two pair, Aces and Tens)
mvscdrqcdl: shows [Kh Kd] (two pair, Aces and Kings)
Trindd1: mucks hand 
mvscdrqcdl collected $0.07 from pot
*** SUMMARY ***
Total pot $0.07 | Rake $0 
Board [Tc Th Jc Ac Ah]
Seat 2: Trindd1 mucked [3h 5h]
Seat 3: HortonRoundtree (button) folded before Flop (didn't bet)
Seat 4: Dorex2007 (small blind) folded before Flop
Seat 5: frosa9397 (big blind) showed [4s 2s] and lost with two pair, Aces and Tens
Seat 6: gjrth6969 folded before Flop (didn't bet)
Seat 7: losmerca folded before Flop (didn't bet)
Seat 8: okotokian1 folded before Flop (didn't bet)
Seat 9: mvscdrqcdl showed [Kh Kd] and won ($0.07) with two pair, Aces and Kings



PokerStars Hand #232620821896:  Hold'em No Limit ($0.01/$0.02 USD) - 2021/12/28 19:27:16 PT [2021/12/28 22:27:16 ET]
Table 'Ingeborg IV' 9-max Seat #4 is the button
Seat 1: erlis82 ($2 in chips) 
Seat 2: Trindd1 ($0.95 in chips) 
Seat 4: Dorex2007 ($2 in chips) 
Seat 5: frosa9397 ($2.29 in chips) 
Seat 6: gjrth6969 ($3.42 in chips) 
Seat 7: losmerca ($2.28 in chips) 
Seat 8: okotokian1 ($2 in chips) 
Seat 9: mvscdrqcdl ($2.14 in chips) 
frosa9397: posts small blind $0.01
gjrth6969: posts big blind $0.02
erlis82: posts big blind $0.02
*** HOLE CARDS ***
Dealt to Dorex2007 [7d 3h]
losmerca has timed out
losmerca: folds 
okotokian1: folds 
mvscdrqcdl: folds 
erlis82: raises $0.02 to $0.04
Trindd1: calls $0.04
Dorex2007: folds 
frosa9397: calls $0.03
gjrth6969: raises $0.16 to $0.20
erlis82: calls $0.16
Trindd1: calls $0.16
frosa9397: folds 
*** FLOP *** [9d 6c Qh]
gjrth6969: checks 
erlis82: checks 
Trindd1: bets $0.75 and is all-in
gjrth6969: folds 
erlis82: folds 
Uncalled bet ($0.75) returned to Trindd1
Trindd1 collected $0.62 from pot
Trindd1: doesn't show hand 
*** SUMMARY ***
Total pot $0.64 | Rake $0.02 
Board [9d 6c Qh]
Seat 1: erlis82 folded on the Flop
Seat 2: Trindd1 collected ($0.62)
Seat 4: Dorex2007 (button) folded before Flop (didn't bet)
Seat 5: frosa9397 (small blind) folded before Flop
Seat 6: gjrth6969 (big blind) folded on the Flop
Seat 7: losmerca folded before Flop (didn't bet)
Seat 8: okotokian1 folded before Flop (didn't bet)
Seat 9: mvscdrqcdl folded before Flop (didn't bet)



PokerStars Hand #232620839446:  Hold'em No Limit ($0.01/$0.02 USD) - 2021/12/28 19:28:32 PT [2021/12/28 22:28:32 ET]
Table 'Ingeborg IV' 9-max Seat #5 is the button
Seat 1: erlis82 ($1.80 in chips) 
Seat 2: Trindd1 ($1.37 in chips) 
Seat 4: Dorex2007 ($2 in chips) 
Seat 5: frosa9397 ($2.25 in chips) 
Seat 6: gjrth6969 ($3.22 in chips) 
Seat 7: losmerca ($2.28 in chips) 
Seat 8: okotokian1 ($2 in chips) 
Seat 9: mvscdrqcdl ($2.14 in chips) 
gjrth6969: posts small blind $0.01
losmerca: posts big blind $0.02
*** HOLE CARDS ***
Dealt to Dorex2007 [Kc Qc]
okotokian1: folds 
mvscdrqcdl: raises $0.04 to $0.06
erlis82: folds 
Trindd1: folds 
Dorex2007: calls $0.06
frosa9397: folds 
gjrth6969: folds 
losmerca: calls $0.04
*** FLOP *** [5s 3d 7s]
losmerca: checks 
mvscdrqcdl: bets $0.07
Dorex2007: calls $0.07
losmerca: calls $0.07
*** TURN *** [5s 3d 7s] [6d]
losmerca: checks 
mvscdrqcdl: checks 
Dorex2007: bets $0.26
losmerca: raises $1.89 to $2.15 and is all-in
mvscdrqcdl: folds 
Dorex2007: folds 
Uncalled bet ($1.89) returned to losmerca
losmerca collected $0.89 from pot
losmerca: doesn't show hand 
*** SUMMARY ***
Total pot $0.92 | Rake $0.03 
Board [5s 3d 7s 6d]
Seat 1: erlis82 folded before Flop (didn't bet)
Seat 2: Trindd1 folded before Flop (didn't bet)
Seat 4: Dorex2007 folded on the Turn
Seat 5: frosa9397 (button) folded before Flop (didn't bet)
Seat 6: gjrth6969 (small blind) folded before Flop
Seat 7: losmerca (big blind) collected ($0.89)
Seat 8: okotokian1 folded before Flop (didn't bet)
Seat 9: mvscdrqcdl folded on the Turn



PokerStars Hand #232620854347:  Hold'em No Limit ($0.01/$0.02 USD) - 2021/12/28 19:29:38 PT [2021/12/28 22:29:38 ET]
Table 'Ingeborg IV' 9-max Seat #6 is the button
Seat 1: erlis82 ($1.80 in chips) 
Seat 2: Trindd1 ($1.37 in chips) 
Seat 4: Dorex2007 ($2 in chips) 
Seat 5: frosa9397 ($2.25 in chips) 
Seat 6: gjrth6969 ($3.21 in chips) 
Seat 7: losmerca ($2.78 in chips) 
Seat 8: okotokian1 ($2 in chips) 
Seat 9: mvscdrqcdl ($2.01 in chips) 
losmerca: posts small blind $0.01
okotokian1: posts big blind $0.02
*** HOLE CARDS ***
Dealt to Dorex2007 [Kd 3c]
mvscdrqcdl: folds 
erlis82: folds 
Trindd1: folds 
Dorex2007: folds 
frosa9397: folds 
gjrth6969: raises $0.03 to $0.05
losmerca: calls $0.04
okotokian1: folds 
*** FLOP *** [Ac 8d 5c]
losmerca: checks 
gjrth6969: checks 
*** TURN *** [Ac 8d 5c] [6c]
losmerca: checks 
gjrth6969: checks 
*** RIVER *** [Ac 8d 5c 6c] [Js]
losmerca: checks 
gjrth6969: checks 
*** SHOW DOWN ***
losmerca: shows [As 2s] (a pair of Aces)
gjrth6969: mucks hand 
losmerca collected $0.12 from pot
*** SUMMARY ***
Total pot $0.12 | Rake $0 
Board [Ac 8d 5c 6c Js]
Seat 1: erlis82 folded before Flop (didn't bet)
Seat 2: Trindd1 folded before Flop (didn't bet)
Seat 4: Dorex2007 folded before Flop (didn't bet)
Seat 5: frosa9397 folded before Flop (didn't bet)
Seat 6: gjrth6969 (button) mucked [9h 9c]
Seat 7: losmerca (small blind) showed [As 2s] and won ($0.12) with a pair of Aces
Seat 8: okotokian1 (big blind) folded before Flop
Seat 9: mvscdrqcdl folded before Flop (didn't bet)



PokerStars Hand #232620861956:  Hold'em No Limit ($0.01/$0.02 USD) - 2021/12/28 19:30:10 PT [2021/12/28 22:30:10 ET]
Table 'Ingeborg IV' 9-max Seat #7 is the button
Seat 1: erlis82 ($1.80 in chips) 
Seat 2: Trindd1 ($1.37 in chips) 
Seat 4: Dorex2007 ($2 in chips) 
Seat 5: frosa9397 ($2.25 in chips) 
Seat 6: gjrth6969 ($3.16 in chips) 
Seat 7: losmerca ($2.85 in chips) 
Seat 8: okotokian1 ($2 in chips) 
Seat 9: mvscdrqcdl ($2.01 in chips) 
okotokian1: posts small blind $0.01
mvscdrqcdl: posts big blind $0.02
*** HOLE CARDS ***
Dealt to Dorex2007 [3h 3s]
erlis82: calls $0.02
Trindd1: calls $0.02
Dorex2007: calls $0.02
frosa9397: folds 
gjrth6969: folds 
losmerca: folds 
okotokian1: folds 
mvscdrqcdl: checks 
*** FLOP *** [8d Td Kd]
mvscdrqcdl: checks 
erlis82: bets $0.04
Trindd1: calls $0.04
Dorex2007: folds 
mvscdrqcdl: calls $0.04
*** TURN *** [8d Td Kd] [8s]
mvscdrqcdl: checks 
erlis82: bets $0.04
Trindd1: folds 
mvscdrqcdl: folds 
Uncalled bet ($0.04) returned to erlis82
erlis82 collected $0.20 from pot
erlis82: doesn't show hand 
*** SUMMARY ***
Total pot $0.21 | Rake $0.01 
Board [8d Td Kd 8s]
Seat 1: erlis82 collected ($0.20)
Seat 2: Trindd1 folded on the Turn
Seat 4: Dorex2007 folded on the Flop
Seat 5: frosa9397 folded before Flop (didn't bet)
Seat 6: gjrth6969 folded before Flop (didn't bet)
Seat 7: losmerca (button) folded before Flop (didn't bet)
Seat 8: okotokian1 (small blind) folded before Flop
Seat 9: mvscdrqcdl (big blind) folded on the Turn



PokerStars Hand #232620876403:  Hold'em No Limit ($0.01/$0.02 USD) - 2021/12/28 19:31:14 PT [2021/12/28 22:31:14 ET]
Table 'Ingeborg IV' 9-max Seat #8 is the button
Seat 1: erlis82 ($1.94 in chips) 
Seat 2: Trindd1 ($1.31 in chips) 
Seat 4: Dorex2007 ($2 in chips) 
Seat 5: frosa9397 ($2.25 in chips) 
Seat 6: gjrth6969 ($3.16 in chips) 
Seat 7: losmerca ($2.85 in chips) 
Seat 8: okotokian1 ($2 in chips) 
Seat 9: mvscdrqcdl ($1.95 in chips) 
mvscdrqcdl: posts small blind $0.01
erlis82: posts big blind $0.02
*** HOLE CARDS ***
Dealt to Dorex2007 [Kc Js]
Trindd1: folds 
Dorex2007: folds 
frosa9397: folds 
gjrth6969: folds 
losmerca: folds 
okotokian1: folds 
mvscdrqcdl: folds 
Uncalled bet ($0.01) returned to erlis82
erlis82 collected $0.02 from pot
erlis82: doesn't show hand 
*** SUMMARY ***
Total pot $0.02 | Rake $0 
Seat 1: erlis82 (big blind) collected ($0.02)
Seat 2: Trindd1 folded before Flop (didn't bet)
Seat 4: Dorex2007 folded before Flop (didn't bet)
Seat 5: frosa9397 folded before Flop (didn't bet)
Seat 6: gjrth6969 folded before Flop (didn't bet)
Seat 7: losmerca folded before Flop (didn't bet)
Seat 8: okotokian1 (button) folded before Flop (didn't bet)
Seat 9: mvscdrqcdl (small blind) folded before Flop



PokerStars Hand #232620881819:  Hold'em No Limit ($0.01/$0.02 USD) - 2021/12/28 19:31:37 PT [2021/12/28 22:31:37 ET]
Table 'Ingeborg IV' 9-max Seat #9 is the button
Seat 1: erlis82 ($1.95 in chips) 
Seat 2: Trindd1 ($1.31 in chips) 
Seat 3: HortonRoundtree ($1.80 in chips) 
Seat 4: Dorex2007 ($2 in chips) 
Seat 5: frosa9397 ($2.25 in chips) 
Seat 6: gjrth6969 ($3.16 in chips) 
Seat 7: losmerca ($2.85 in chips) 
Seat 8: okotokian1 ($2 in chips) 
Seat 9: mvscdrqcdl ($1.94 in chips) 
erlis82: posts small blind $0.01
Trindd1: posts big blind $0.02
*** HOLE CARDS ***
Dealt to Dorex2007 [7d 7h]
HortonRoundtree: folds 
Dorex2007: calls $0.02
frosa9397: folds 
gjrth6969: folds 
losmerca: folds 
okotokian1: folds 
mvscdrqcdl: raises $0.02 to $0.04
erlis82: folds 
Trindd1: folds 
Dorex2007: calls $0.02
*** FLOP *** [6s 2c Ah]
Dorex2007: checks 
mvscdrqcdl: checks 
*** TURN *** [6s 2c Ah] [Kd]
Dorex2007: bets $0.06
losmerca leaves the table
mvscdrqcdl has timed out
mvscdrqcdl: folds 
Uncalled bet ($0.06) returned to Dorex2007
Dorex2007 collected $0.11 from pot
Dorex2007: doesn't show hand 
*** SUMMARY ***
Total pot $0.11 | Rake $0 
Board [6s 2c Ah Kd]
Seat 1: erlis82 (small blind) folded before Flop
Seat 2: Trindd1 (big blind) folded before Flop
Seat 3: HortonRoundtree folded before Flop (didn't bet)
Seat 4: Dorex2007 collected ($0.11)
Seat 5: frosa9397 folded before Flop (didn't bet)
Seat 6: gjrth6969 folded before Flop (didn't bet)
Seat 7: losmerca folded before Flop (didn't bet)
Seat 8: okotokian1 folded before Flop (didn't bet)
Seat 9: mvscdrqcdl (button) folded on the Turn



PokerStars Hand #232620903074:  Hold'em No Limit ($0.01/$0.02 USD) - 2021/12/28 19:33:10 PT [2021/12/28 22:33:10 ET]
Table 'Ingeborg IV' 9-max Seat #1 is the button
Seat 1: erlis82 ($1.94 in chips) 
Seat 2: Trindd1 ($1.29 in chips) 
Seat 3: HortonRoundtree ($1.80 in chips) 
Seat 4: Dorex2007 ($2.07 in chips) 
Seat 5: frosa9397 ($2.25 in chips) 
Seat 6: gjrth6969 ($3.16 in chips) 
Seat 8: okotokian1 ($2 in chips) 
Seat 9: mvscdrqcdl ($1.90 in chips) 
Trindd1: posts small blind $0.01
HortonRoundtree: posts big blind $0.02
*** HOLE CARDS ***
Dealt to Dorex2007 [Kh Qc]
yjqian23 joins the table at seat #7 
Dorex2007: calls $0.02
frosa9397: folds 
gjrth6969: folds 
okotokian1: folds 
mvscdrqcdl: folds 
erlis82: calls $0.02
Trindd1: calls $0.01
HortonRoundtree: checks 
*** FLOP *** [7s 9c 6h]
Trindd1: checks 
HortonRoundtree: checks 
Dorex2007: checks 
erlis82: bets $0.02
Trindd1: calls $0.02
HortonRoundtree: calls $0.02
Dorex2007: folds 
*** TURN *** [7s 9c 6h] [Jh]
Trindd1: checks 
HortonRoundtree: checks 
erlis82: bets $0.04
Trindd1: folds 
HortonRoundtree: folds 
Uncalled bet ($0.04) returned to erlis82
erlis82 collected $0.14 from pot
erlis82: doesn't show hand 
*** SUMMARY ***
Total pot $0.14 | Rake $0 
Board [7s 9c 6h Jh]
Seat 1: erlis82 (button) collected ($0.14)
Seat 2: Trindd1 (small blind) folded on the Turn
Seat 3: HortonRoundtree (big blind) folded on the Turn
Seat 4: Dorex2007 folded on the Flop
Seat 5: frosa9397 folded before Flop (didn't bet)
Seat 6: gjrth6969 folded before Flop (didn't bet)
Seat 8: okotokian1 folded before Flop (didn't bet)
Seat 9: mvscdrqcdl folded before Flop (didn't bet)



PokerStars Hand #232620916086:  Hold'em No Limit ($0.01/$0.02 USD) - 2021/12/28 19:34:07 PT [2021/12/28 22:34:07 ET]
Table 'Ingeborg IV' 9-max Seat #2 is the button
Seat 1: erlis82 ($2.04 in chips) 
Seat 2: Trindd1 ($1.25 in chips) 
Seat 3: HortonRoundtree ($1.76 in chips) 
Seat 4: Dorex2007 ($2.05 in chips) 
Seat 5: frosa9397 ($2.25 in chips) 
Seat 6: gjrth6969 ($3.16 in chips) 
Seat 7: yjqian23 ($2 in chips) 
Seat 8: okotokian1 ($2 in chips) 
Seat 9: mvscdrqcdl ($1.90 in chips) 
HortonRoundtree: posts small blind $0.01
Dorex2007: posts big blind $0.02
yjqian23: posts big blind $0.02
*** HOLE CARDS ***
Dealt to Dorex2007 [Ks 3d]
frosa9397: calls $0.02
gjrth6969: raises $0.09 to $0.11
yjqian23: calls $0.09
okotokian1: folds 
mvscdrqcdl: folds 
erlis82: folds 
Trindd1: folds 
HortonRoundtree: folds 
Dorex2007: folds 
frosa9397: folds 
*** FLOP *** [4d 2s 8s]
gjrth6969: checks 
yjqian23: bets $0.02
gjrth6969: raises $0.15 to $0.17
yjqian23: calls $0.15
*** TURN *** [4d 2s 8s] [5c]
gjrth6969: bets $0.30
yjqian23: raises $1.42 to $1.72 and is all-in
gjrth6969: folds 
Uncalled bet ($1.42) returned to yjqian23
yjqian23 collected $1.17 from pot
*** SUMMARY ***
Total pot $1.21 | Rake $0.04 
Board [4d 2s 8s 5c]
Seat 1: erlis82 folded before Flop (didn't bet)
Seat 2: Trindd1 (button) folded before Flop (didn't bet)
Seat 3: HortonRoundtree (small blind) folded before Flop
Seat 4: Dorex2007 (big blind) folded before Flop
Seat 5: frosa9397 folded before Flop
Seat 6: gjrth6969 folded on the Turn
Seat 7: yjqian23 collected ($1.17)
Seat 8: okotokian1 folded before Flop (didn't bet)
Seat 9: mvscdrqcdl folded before Flop (didn't bet)



PokerStars Hand #232620934597:  Hold'em No Limit ($0.01/$0.02 USD) - 2021/12/28 19:35:18 PT [2021/12/28 22:35:18 ET]
Table 'Ingeborg IV' 9-max Seat #3 is the button
Seat 1: erlis82 ($2.04 in chips) 
Seat 2: Trindd1 ($1.25 in chips) 
Seat 3: HortonRoundtree ($1.75 in chips) 
Seat 4: Dorex2007 ($2.03 in chips) 
Seat 5: frosa9397 ($2.23 in chips) 
Seat 6: gjrth6969 ($2.58 in chips) 
Seat 7: yjqian23 ($2.59 in chips) 
Seat 8: okotokian1 ($2 in chips) 
Seat 9: mvscdrqcdl ($1.90 in chips) 
Dorex2007: posts small blind $0.01
frosa9397: posts big blind $0.02
*** HOLE CARDS ***
Dealt to Dorex2007 [5h 2c]
gjrth6969: folds 
yjqian23: folds 
okotokian1: folds 
mvscdrqcdl: folds 
erlis82: folds 
Trindd1: raises $0.02 to $0.04
HortonRoundtree: folds 
Dorex2007: folds 
frosa9397: folds 
Uncalled bet ($0.02) returned to Trindd1
Trindd1 collected $0.05 from pot
Trindd1: doesn't show hand 
*** SUMMARY ***
Total pot $0.05 | Rake $0 
Seat 1: erlis82 folded before Flop (didn't bet)
Seat 2: Trindd1 collected ($0.05)
Seat 3: HortonRoundtree (button) folded before Flop (didn't bet)
Seat 4: Dorex2007 (small blind) folded before Flop
Seat 5: frosa9397 (big blind) folded before Flop
Seat 6: gjrth6969 folded before Flop (didn't bet)
Seat 7: yjqian23 folded before Flop (didn't bet)
Seat 8: okotokian1 folded before Flop (didn't bet)
Seat 9: mvscdrqcdl folded before Flop (didn't bet)



PokerStars Hand #232620939179:  Hold'em No Limit ($0.01/$0.02 USD) - 2021/12/28 19:35:38 PT [2021/12/28 22:35:38 ET]
Table 'Ingeborg IV' 9-max Seat #4 is the button
Seat 1: erlis82 ($2.04 in chips) 
Seat 2: Trindd1 ($1.28 in chips) 
Seat 3: HortonRoundtree ($1.75 in chips) 
Seat 4: Dorex2007 ($2.02 in chips) 
Seat 5: frosa9397 ($2.21 in chips) 
Seat 6: gjrth6969 ($2.58 in chips) 
Seat 7: yjqian23 ($2.59 in chips) 
Seat 8: okotokian1 ($2 in chips) 
Seat 9: mvscdrqcdl ($1.90 in chips) 
frosa9397: posts small blind $0.01
gjrth6969: posts big blind $0.02
*** HOLE CARDS ***
Dealt to Dorex2007 [3s 8c]
yjqian23: folds 
okotokian1: folds 
mvscdrqcdl: folds 
erlis82: folds 
yjqian23 leaves the table
Trindd1: folds 
HortonRoundtree: folds 
Dorex2007: folds 
frosa9397: folds 
Uncalled bet ($0.01) returned to gjrth6969
gjrth6969 collected $0.02 from pot
gjrth6969: doesn't show hand 
*** SUMMARY ***
Total pot $0.02 | Rake $0 
Seat 1: erlis82 folded before Flop (didn't bet)
Seat 2: Trindd1 folded before Flop (didn't bet)
Seat 3: HortonRoundtree folded before Flop (didn't bet)
Seat 4: Dorex2007 (button) folded before Flop (didn't bet)
Seat 5: frosa9397 (small blind) folded before Flop
Seat 6: gjrth6969 (big blind) collected ($0.02)
Seat 7: yjqian23 folded before Flop (didn't bet)
Seat 8: okotokian1 folded before Flop (didn't bet)
Seat 9: mvscdrqcdl folded before Flop (didn't bet)



PokerStars Hand #232620945704:  Hold'em No Limit ($0.01/$0.02 USD) - 2021/12/28 19:36:07 PT [2021/12/28 22:36:07 ET]
Table 'Ingeborg IV' 9-max Seat #5 is the button
Seat 1: erlis82 ($2.04 in chips) 
Seat 2: Trindd1 ($1.28 in chips) 
Seat 3: HortonRoundtree ($1.75 in chips) 
Seat 4: Dorex2007 ($2.02 in chips) 
Seat 5: frosa9397 ($2.20 in chips) 
Seat 6: gjrth6969 ($2.59 in chips) 
Seat 8: okotokian1 ($2 in chips) 
Seat 9: mvscdrqcdl ($1.90 in chips) 
gjrth6969: posts small blind $0.01
okotokian1: posts big blind $0.02
*** HOLE CARDS ***
Dealt to Dorex2007 [6c Ac]
mvscdrqcdl has timed out
mvscdrqcdl: folds 
erlis82: folds 
Trindd1: folds 
HortonRoundtree: calls $0.02
Dorex2007: calls $0.02
frosa9397: folds 
gjrth6969: raises $0.08 to $0.10
okotokian1: folds 
HortonRoundtree: raises $0.10 to $0.20
Dorex2007: folds 
gjrth6969: folds 
Uncalled bet ($0.10) returned to HortonRoundtree
HortonRoundtree collected $0.24 from pot
HortonRoundtree: doesn't show hand 
*** SUMMARY ***
Total pot $0.24 | Rake $0 
Seat 1: erlis82 folded before Flop (didn't bet)
Seat 2: Trindd1 folded before Flop (didn't bet)
Seat 3: HortonRoundtree collected ($0.24)
Seat 4: Dorex2007 folded before Flop
Seat 5: frosa9397 (button) folded before Flop (didn't bet)
Seat 6: gjrth6969 (small blind) folded before Flop
Seat 8: okotokian1 (big blind) folded before Flop
Seat 9: mvscdrqcdl folded before Flop (didn't bet)



PokerStars Hand #232620955617:  Hold'em No Limit ($0.01/$0.02 USD) - 2021/12/28 19:36:51 PT [2021/12/28 22:36:51 ET]
Table 'Ingeborg IV' 9-max Seat #6 is the button
Seat 1: erlis82 ($2.04 in chips) 
Seat 2: Trindd1 ($1.28 in chips) 
Seat 3: HortonRoundtree ($1.89 in chips) 
Seat 4: Dorex2007 ($2 in chips) 
Seat 5: frosa9397 ($2.20 in chips) 
Seat 6: gjrth6969 ($2.49 in chips) 
Seat 8: okotokian1 ($2 in chips) 
okotokian1: posts small blind $0.01
erlis82: posts big blind $0.02
*** HOLE CARDS ***
Dealt to Dorex2007 [3c 2h]
Trindd1: raises $0.02 to $0.04
HortonRoundtree: folds 
Dorex2007: folds 
euphoria.hereee joins the table at seat #7 
frosa9397: folds 
gjrth6969: calls $0.04
okotokian1: calls $0.03
erlis82: folds 
*** FLOP *** [Qs 5c 4d]
okotokian1: checks 
Trindd1: checks 
gjrth6969: bets $0.07
okotokian1: folds 
Trindd1: folds 
Uncalled bet ($0.07) returned to gjrth6969
gjrth6969 collected $0.14 from pot
gjrth6969: doesn't show hand 
*** SUMMARY ***
Total pot $0.14 | Rake $0 
Board [Qs 5c 4d]
Seat 1: erlis82 (big blind) folded before Flop
Seat 2: Trindd1 folded on the Flop
Seat 3: HortonRoundtree folded before Flop (didn't bet)
Seat 4: Dorex2007 folded before Flop (didn't bet)
Seat 5: frosa9397 folded before Flop (didn't bet)
Seat 6: gjrth6969 (button) collected ($0.14)
Seat 8: okotokian1 (small blind) folded on the Flop



PokerStars Hand #232620975246:  Hold'em No Limit ($0.01/$0.02 USD) - 2021/12/28 19:37:35 PT [2021/12/28 22:37:35 ET]
Table 'Ingeborg IV' 9-max Seat #8 is the button
Seat 1: erlis82 ($2.02 in chips) 
Seat 2: Trindd1 ($1.24 in chips) 
Seat 3: HortonRoundtree ($1.89 in chips) 
Seat 4: Dorex2007 ($2 in chips) 
Seat 5: frosa9397 ($2.20 in chips) 
Seat 6: gjrth6969 ($2.59 in chips) 
Seat 8: okotokian1 ($2 in chips) 
erlis82: posts small blind $0.01
Trindd1: posts big blind $0.02
euphoria.hereee: sits out 
*** HOLE CARDS ***
Dealt to Dorex2007 [2h 7d]
HortonRoundtree: folds 
Dorex2007: folds 
frosa9397: folds 
gjrth6969: raises $0.03 to $0.05
okotokian1: folds 
erlis82: folds 
Trindd1: raises $0.11 to $0.16
gjrth6969: folds 
Uncalled bet ($0.11) returned to Trindd1
Trindd1 collected $0.11 from pot
Trindd1: doesn't show hand 
*** SUMMARY ***
Total pot $0.11 | Rake $0 
Seat 1: erlis82 (small blind) folded before Flop
Seat 2: Trindd1 (big blind) collected ($0.11)
Seat 3: HortonRoundtree folded before Flop (didn't bet)
Seat 4: Dorex2007 folded before Flop (didn't bet)
Seat 5: frosa9397 folded before Flop (didn't bet)
Seat 6: gjrth6969 folded before Flop
Seat 8: okotokian1 (button) folded before Flop (didn't bet)



PokerStars Hand #232620982821:  Hold'em No Limit ($0.01/$0.02 USD) - 2021/12/28 19:38:09 PT [2021/12/28 22:38:09 ET]
Table 'Ingeborg IV' 9-max Seat #1 is the button
Seat 1: erlis82 ($2.01 in chips) 
Seat 2: Trindd1 ($1.30 in chips) 
Seat 3: HortonRoundtree ($1.89 in chips) 
Seat 4: Dorex2007 ($2 in chips) 
Seat 5: frosa9397 ($2.20 in chips) 
Seat 6: gjrth6969 ($2.54 in chips) 
Seat 8: okotokian1 ($2 in chips) 
Trindd1: posts small blind $0.01
HortonRoundtree: posts big blind $0.02
euphoria.hereee: sits out 
mvscdrqcdl: sits out 
*** HOLE CARDS ***
Dealt to Dorex2007 [9s Ah]
Dorex2007: folds 
frosa9397: folds 
gjrth6969: raises $0.03 to $0.05
okotokian1: folds 
erlis82: folds 
Trindd1: calls $0.04
HortonRoundtree: calls $0.03
*** FLOP *** [Jh 3c Qs]
Trindd1: checks 
HortonRoundtree: checks 
gjrth6969: checks 
*** TURN *** [Jh 3c Qs] [5h]
Trindd1: checks 
HortonRoundtree: checks 
gjrth6969: checks 
*** RIVER *** [Jh 3c Qs 5h] [2s]
Trindd1: checks 
HortonRoundtree: checks 
gjrth6969: checks 
*** SHOW DOWN ***
Trindd1: shows [7h 7d] (a pair of Sevens)
HortonRoundtree: mucks hand 
gjrth6969: mucks hand 
Trindd1 collected $0.14 from pot
*** SUMMARY ***
Total pot $0.15 | Rake $0.01 
Board [Jh 3c Qs 5h 2s]
Seat 1: erlis82 (button) folded before Flop (didn't bet)
Seat 2: Trindd1 (small blind) showed [7h 7d] and won ($0.14) with a pair of Sevens
Seat 3: HortonRoundtree (big blind) mucked [9h 8d]
Seat 4: Dorex2007 folded before Flop (didn't bet)
Seat 5: frosa9397 folded before Flop (didn't bet)
Seat 6: gjrth6969 mucked [Ad Ks]
Seat 8: okotokian1 folded before Flop (didn't bet)



PokerStars Hand #232620993167:  Hold'em No Limit ($0.01/$0.02 USD) - 2021/12/28 19:38:54 PT [2021/12/28 22:38:54 ET]
Table 'Ingeborg IV' 9-max Seat #2 is the button
Seat 1: erlis82 ($2.01 in chips) 
Seat 2: Trindd1 ($1.39 in chips) 
Seat 3: HortonRoundtree ($1.84 in chips) 
Seat 4: Dorex2007 ($2 in chips) 
Seat 5: frosa9397 ($2.20 in chips) 
Seat 6: gjrth6969 ($2.49 in chips) 
Seat 8: okotokian1 ($2 in chips) 
HortonRoundtree: posts small blind $0.01
Dorex2007: posts big blind $0.02
euphoria.hereee: sits out 
mvscdrqcdl: sits out 
*** HOLE CARDS ***
Dealt to Dorex2007 [6s Qc]
frosa9397: folds 
gjrth6969: folds 
okotokian1: folds 
erlis82: calls $0.02
Trindd1: folds 
HortonRoundtree: calls $0.01
Dorex2007: checks 
*** FLOP *** [8d 8s 2s]
HortonRoundtree: checks 
Dorex2007: checks 
erlis82: bets $0.04
HortonRoundtree: calls $0.04
Dorex2007: folds 
*** TURN *** [8d 8s 2s] [4s]
HortonRoundtree: checks 
erlis82: bets $0.09
HortonRoundtree: calls $0.09
*** RIVER *** [8d 8s 2s 4s] [6h]
HortonRoundtree: bets $0.16
erlis82: calls $0.16
*** SHOW DOWN ***
HortonRoundtree: shows [9c 8h] (three of a kind, Eights)
erlis82: shows [5s Ts] (a flush, Ten high)
erlis82 collected $0.62 from pot
*** SUMMARY ***
Total pot $0.64 | Rake $0.02 
Board [8d 8s 2s 4s 6h]
Seat 1: erlis82 showed [5s Ts] and won ($0.62) with a flush, Ten high
Seat 2: Trindd1 (button) folded before Flop (didn't bet)
Seat 3: HortonRoundtree (small blind) showed [9c 8h] and lost with three of a kind, Eights
Seat 4: Dorex2007 (big blind) folded on the Flop
Seat 5: frosa9397 folded before Flop (didn't bet)
Seat 6: gjrth6969 folded before Flop (didn't bet)
Seat 8: okotokian1 folded before Flop (didn't bet)



PokerStars Hand #232621008288:  Hold'em No Limit ($0.01/$0.02 USD) - 2021/12/28 19:40:02 PT [2021/12/28 22:40:02 ET]
Table 'Ingeborg IV' 9-max Seat #3 is the button
Seat 1: erlis82 ($2.32 in chips) 
Seat 2: Trindd1 ($1.39 in chips) 
Seat 3: HortonRoundtree ($1.53 in chips) 
Seat 4: Dorex2007 ($2 in chips) 
Seat 5: frosa9397 ($2.20 in chips) 
Seat 6: gjrth6969 ($2.49 in chips) 
Seat 8: okotokian1 ($2 in chips) 
Dorex2007: posts small blind $0.01
frosa9397: posts big blind $0.02
euphoria.hereee: sits out 
mvscdrqcdl: sits out 
*** HOLE CARDS ***
Dealt to Dorex2007 [Ts 8s]
gjrth6969: raises $0.03 to $0.05
okotokian1: folds 
erlis82: folds 
Trindd1: folds 
HortonRoundtree: folds 
Dorex2007: folds 
frosa9397: folds 
Uncalled bet ($0.03) returned to gjrth6969
gjrth6969 collected $0.05 from pot
gjrth6969: doesn't show hand 
*** SUMMARY ***
Total pot $0.05 | Rake $0 
Seat 1: erlis82 folded before Flop (didn't bet)
Seat 2: Trindd1 folded before Flop (didn't bet)
Seat 3: HortonRoundtree (button) folded before Flop (didn't bet)
Seat 4: Dorex2007 (small blind) folded before Flop
Seat 5: frosa9397 (big blind) folded before Flop
Seat 6: gjrth6969 collected ($0.05)
Seat 8: okotokian1 folded before Flop (didn't bet)



PokerStars Hand #232621023306:  Hold'em No Limit ($0.01/$0.02 USD) - 2021/12/28 19:40:26 PT [2021/12/28 22:40:26 ET]
Table 'Ingeborg IV' 9-max Seat #4 is the button
Seat 1: erlis82 ($2.32 in chips) 
Seat 2: Trindd1 ($1.39 in chips) 
Seat 3: HortonRoundtree ($1.53 in chips) 
Seat 4: Dorex2007 ($2 in chips) 
Seat 5: frosa9397 ($2.18 in chips) 
Seat 6: gjrth6969 ($2.52 in chips) 
Seat 8: okotokian1 ($2 in chips) 
frosa9397: posts small blind $0.01
gjrth6969: posts big blind $0.02
euphoria.hereee: sits out 
mvscdrqcdl: sits out 
*** HOLE CARDS ***
Dealt to Dorex2007 [2c As]
okotokian1: folds 
erlis82: calls $0.02
Trindd1: folds 
HortonRoundtree: folds 
Dorex2007: folds 
frosa9397: folds 
gjrth6969: raises $0.05 to $0.07
erlis82: calls $0.05
*** FLOP *** [2d Ts 6s]
gjrth6969: bets $0.07
erlis82: folds 
Uncalled bet ($0.07) returned to gjrth6969
gjrth6969 collected $0.14 from pot
gjrth6969: doesn't show hand 
*** SUMMARY ***
Total pot $0.15 | Rake $0.01 
Board [2d Ts 6s]
Seat 1: erlis82 folded on the Flop
Seat 2: Trindd1 folded before Flop (didn't bet)
Seat 3: HortonRoundtree folded before Flop (didn't bet)
Seat 4: Dorex2007 (button) folded before Flop (didn't bet)
Seat 5: frosa9397 (small blind) folded before Flop
Seat 6: gjrth6969 (big blind) collected ($0.14)
Seat 8: okotokian1 folded before Flop (didn't bet)



PokerStars Hand #232621028862:  Hold'em No Limit ($0.01/$0.02 USD) - 2021/12/28 19:40:51 PT [2021/12/28 22:40:51 ET]
Table 'Ingeborg IV' 9-max Seat #5 is the button
Seat 1: erlis82 ($2.25 in chips) 
Seat 2: Trindd1 ($1.39 in chips) 
Seat 3: HortonRoundtree ($1.53 in chips) 
Seat 4: Dorex2007 ($2 in chips) 
Seat 5: frosa9397 ($2.17 in chips) 
Seat 6: gjrth6969 ($2.59 in chips) 
Seat 7: euphoria.hereee ($2 in chips) 
Seat 8: okotokian1 ($2 in chips) 
gjrth6969: posts small blind $0.01
euphoria.hereee: posts big blind $0.02
mvscdrqcdl: sits out 
*** HOLE CARDS ***
Dealt to Dorex2007 [8h 8c]
okotokian1: folds 
erlis82: folds 
Trindd1: folds 
HortonRoundtree: calls $0.02
Dorex2007: calls $0.02
frosa9397 has timed out
frosa9397: folds 
gjrth6969: raises $0.08 to $0.10
euphoria.hereee: folds 
HortonRoundtree: folds 
Dorex2007: folds 
Uncalled bet ($0.08) returned to gjrth6969
gjrth6969 collected $0.08 from pot
gjrth6969: doesn't show hand 
*** SUMMARY ***
Total pot $0.08 | Rake $0 
Seat 1: erlis82 folded before Flop (didn't bet)
Seat 2: Trindd1 folded before Flop (didn't bet)
Seat 3: HortonRoundtree folded before Flop
Seat 4: Dorex2007 folded before Flop
Seat 5: frosa9397 (button) folded before Flop (didn't bet)
Seat 6: gjrth6969 (small blind) collected ($0.08)
Seat 7: euphoria.hereee (big blind) folded before Flop
Seat 8: okotokian1 folded before Flop (didn't bet)



PokerStars Hand #232621041685:  Hold'em No Limit ($0.01/$0.02 USD) - 2021/12/28 19:41:50 PT [2021/12/28 22:41:50 ET]
Table 'Ingeborg IV' 9-max Seat #6 is the button
Seat 1: erlis82 ($2.25 in chips) 
Seat 2: Trindd1 ($1.39 in chips) 
Seat 3: HortonRoundtree ($1.51 in chips) 
Seat 4: Dorex2007 ($2 in chips) 
Seat 6: gjrth6969 ($2.65 in chips) 
Seat 7: euphoria.hereee ($1.98 in chips) 
Seat 8: okotokian1 ($2 in chips) 
Seat 9: mvscdrqcdl ($1.90 in chips) 
euphoria.hereee: posts small blind $0.01
okotokian1: posts big blind $0.02
mvscdrqcdl: posts small & big blinds $0.03
*** HOLE CARDS ***
Dealt to Dorex2007 [3d As]
mvscdrqcdl: checks 
erlis82: folds 
Trindd1: calls $0.02
HortonRoundtree: folds 
Dorex2007: folds 
gjrth6969: raises $0.10 to $0.12
euphoria.hereee: folds 
okotokian1: folds 
mvscdrqcdl: folds 
Trindd1: calls $0.10
*** FLOP *** [4d 2h 8c]
Trindd1: checks 
gjrth6969: bets $0.15
Trindd1: folds 
Uncalled bet ($0.15) returned to gjrth6969
gjrth6969 collected $0.29 from pot
gjrth6969: doesn't show hand 
*** SUMMARY ***
Total pot $0.30 | Rake $0.01 
Board [4d 2h 8c]
Seat 1: erlis82 folded before Flop (didn't bet)
Seat 2: Trindd1 folded on the Flop
Seat 3: HortonRoundtree folded before Flop (didn't bet)
Seat 4: Dorex2007 folded before Flop (didn't bet)
Seat 6: gjrth6969 (button) collected ($0.29)
Seat 7: euphoria.hereee (small blind) folded before Flop
Seat 8: okotokian1 (big blind) folded before Flop
Seat 9: mvscdrqcdl folded before Flop (didn't bet)



PokerStars Hand #232621052508:  Hold'em No Limit ($0.01/$0.02 USD) - 2021/12/28 19:42:39 PT [2021/12/28 22:42:39 ET]
Table 'Ingeborg IV' 9-max Seat #7 is the button
Seat 1: erlis82 ($2.25 in chips) 
Seat 2: Trindd1 ($1.27 in chips) 
Seat 3: HortonRoundtree ($1.51 in chips) 
Seat 4: Dorex2007 ($2 in chips) 
Seat 6: gjrth6969 ($2.82 in chips) 
Seat 7: euphoria.hereee ($1.97 in chips) 
Seat 8: okotokian1 ($2 in chips) 
Seat 9: mvscdrqcdl ($1.87 in chips) 
okotokian1: posts small blind $0.01
mvscdrqcdl: posts big blind $0.02
*** HOLE CARDS ***
Dealt to Dorex2007 [2c 2h]
erlis82: calls $0.02
Trindd1: calls $0.02
HortonRoundtree: calls $0.02
Dorex2007: calls $0.02
gjrth6969: raises $0.13 to $0.15
euphoria.hereee: folds 
euphoria.hereee leaves the table
okotokian1: folds 
mvscdrqcdl: folds 
erlis82: folds 
Trindd1: folds 
HortonRoundtree: folds 
Dorex2007: folds 
Uncalled bet ($0.13) returned to gjrth6969
gjrth6969 collected $0.13 from pot
gjrth6969: doesn't show hand 
*** SUMMARY ***
Total pot $0.13 | Rake $0 
Seat 1: erlis82 folded before Flop
Seat 2: Trindd1 folded before Flop
Seat 3: HortonRoundtree folded before Flop
Seat 4: Dorex2007 folded before Flop
Seat 6: gjrth6969 collected ($0.13)
Seat 7: euphoria.hereee (button) folded before Flop (didn't bet)
Seat 8: okotokian1 (small blind) folded before Flop
Seat 9: mvscdrqcdl (big blind) folded before Flop



PokerStars Hand #232621059327:  Hold'em No Limit ($0.01/$0.02 USD) - 2021/12/28 19:43:10 PT [2021/12/28 22:43:10 ET]
Table 'Ingeborg IV' 9-max Seat #8 is the button
Seat 1: erlis82 ($2.23 in chips) 
Seat 2: Trindd1 ($1.25 in chips) 
Seat 3: HortonRoundtree ($1.49 in chips) 
Seat 4: Dorex2007 ($2 in chips) 
Seat 6: gjrth6969 ($2.93 in chips) 
Seat 8: okotokian1 ($2 in chips) 
Seat 9: mvscdrqcdl ($1.85 in chips) 
mvscdrqcdl: posts small blind $0.01
erlis82: posts big blind $0.02
*** HOLE CARDS ***
Dealt to Dorex2007 [Td Ks]
Trindd1: folds 
HortonRoundtree: folds 
Dorex2007: folds 
Nicolai5115 joins the table at seat #7 
gjrth6969: raises $0.03 to $0.05
okotokian1: folds 
mvscdrqcdl: folds 
erlis82: calls $0.03
*** FLOP *** [Jd Jc 3c]
erlis82: checks 
gjrth6969: checks 
*** TURN *** [Jd Jc 3c] [Jh]
erlis82: checks 
gjrth6969: checks 
*** RIVER *** [Jd Jc 3c Jh] [Ts]
erlis82: checks 
gjrth6969: checks 
*** SHOW DOWN ***
erlis82: shows [6d Kc] (three of a kind, Jacks)
gjrth6969: mucks hand 
erlis82 collected $0.11 from pot
*** SUMMARY ***
Total pot $0.11 | Rake $0 
Board [Jd Jc 3c Jh Ts]
Seat 1: erlis82 (big blind) showed [6d Kc] and won ($0.11) with three of a kind, Jacks
Seat 2: Trindd1 folded before Flop (didn't bet)
Seat 3: HortonRoundtree folded before Flop (didn't bet)
Seat 4: Dorex2007 folded before Flop (didn't bet)
Seat 6: gjrth6969 mucked [7s 8c]
Seat 8: okotokian1 (button) folded before Flop (didn't bet)
Seat 9: mvscdrqcdl (small blind) folded before Flop



PokerStars Hand #232621070890:  Hold'em No Limit ($0.01/$0.02 USD) - 2021/12/28 19:44:03 PT [2021/12/28 22:44:03 ET]
Table 'Ingeborg IV' 9-max Seat #9 is the button
Seat 1: erlis82 ($2.29 in chips) 
Seat 2: Trindd1 ($1.25 in chips) 
Seat 3: HortonRoundtree ($1.49 in chips) 
Seat 4: Dorex2007 ($2 in chips) 
Seat 6: gjrth6969 ($2.88 in chips) 
Seat 8: okotokian1 ($2 in chips) 
Seat 9: mvscdrqcdl ($1.84 in chips) 
erlis82: posts small blind $0.01
Trindd1: posts big blind $0.02
Nicolai5115: sits out 
*** HOLE CARDS ***
Dealt to Dorex2007 [Qh 5c]
HortonRoundtree: folds 
Dorex2007: folds 
gjrth6969: folds 
okotokian1: folds 
mvscdrqcdl: raises $0.04 to $0.06
erlis82: folds 
Trindd1: folds 
Uncalled bet ($0.04) returned to mvscdrqcdl
mvscdrqcdl collected $0.05 from pot
mvscdrqcdl: doesn't show hand 
*** SUMMARY ***
Total pot $0.05 | Rake $0 
Seat 1: erlis82 (small blind) folded before Flop
Seat 2: Trindd1 (big blind) folded before Flop
Seat 3: HortonRoundtree folded before Flop (didn't bet)
Seat 4: Dorex2007 folded before Flop (didn't bet)
Seat 6: gjrth6969 folded before Flop (didn't bet)
Seat 8: okotokian1 folded before Flop (didn't bet)
Seat 9: mvscdrqcdl (button) collected ($0.05)



PokerStars Hand #232621074625:  Hold'em No Limit ($0.01/$0.02 USD) - 2021/12/28 19:44:20 PT [2021/12/28 22:44:20 ET]
Table 'Ingeborg IV' 9-max Seat #1 is the button
Seat 1: erlis82 ($2.28 in chips) 
Seat 2: Trindd1 ($1.23 in chips) 
Seat 3: HortonRoundtree ($1.49 in chips) 
Seat 4: Dorex2007 ($2 in chips) 
Seat 6: gjrth6969 ($2.88 in chips) 
Seat 8: okotokian1 ($2 in chips) 
Seat 9: mvscdrqcdl ($1.87 in chips) 
Trindd1: posts small blind $0.01
HortonRoundtree: posts big blind $0.02
Nicolai5115: sits out 
*** HOLE CARDS ***
Dealt to Dorex2007 [Qh 2c]
Dorex2007: folds 
gjrth6969: folds 
okotokian1: folds 
mvscdrqcdl: raises $0.02 to $0.04
erlis82: folds 
Trindd1: folds 
HortonRoundtree: folds 
Uncalled bet ($0.02) returned to mvscdrqcdl
mvscdrqcdl collected $0.05 from pot
mvscdrqcdl: doesn't show hand 
*** SUMMARY ***
Total pot $0.05 | Rake $0 
Seat 1: erlis82 (button) folded before Flop (didn't bet)
Seat 2: Trindd1 (small blind) folded before Flop
Seat 3: HortonRoundtree (big blind) folded before Flop
Seat 4: Dorex2007 folded before Flop (didn't bet)
Seat 6: gjrth6969 folded before Flop (didn't bet)
Seat 8: okotokian1 folded before Flop (didn't bet)
Seat 9: mvscdrqcdl collected ($0.05)



PokerStars Hand #232621079063:  Hold'em No Limit ($0.01/$0.02 USD) - 2021/12/28 19:44:41 PT [2021/12/28 22:44:41 ET]
Table 'Ingeborg IV' 9-max Seat #2 is the button
Seat 1: erlis82 ($2.28 in chips) 
Seat 2: Trindd1 ($1.22 in chips) 
Seat 3: HortonRoundtree ($1.47 in chips) 
Seat 4: Dorex2007 ($2 in chips) 
Seat 6: gjrth6969 ($2.88 in chips) 
Seat 8: okotokian1 ($2 in chips) 
Seat 9: mvscdrqcdl ($1.90 in chips) 
HortonRoundtree: posts small blind $0.01
Dorex2007: posts big blind $0.02
Nicolai5115: sits out 
*** HOLE CARDS ***
Dealt to Dorex2007 [Qd Jc]
gjrth6969: folds 
okotokian1: folds 
mvscdrqcdl: raises $0.04 to $0.06
erlis82: calls $0.06
Trindd1: folds 
HortonRoundtree: folds 
Dorex2007: folds 
*** FLOP *** [7d 5c 2d]
mvscdrqcdl: bets $0.08
erlis82: folds 
Uncalled bet ($0.08) returned to mvscdrqcdl
mvscdrqcdl collected $0.14 from pot
mvscdrqcdl: doesn't show hand 
*** SUMMARY ***
Total pot $0.15 | Rake $0.01 
Board [7d 5c 2d]
Seat 1: erlis82 folded on the Flop
Seat 2: Trindd1 (button) folded before Flop (didn't bet)
Seat 3: HortonRoundtree (small blind) folded before Flop
Seat 4: Dorex2007 (big blind) folded before Flop
Seat 6: gjrth6969 folded before Flop (didn't bet)
Seat 8: okotokian1 folded before Flop (didn't bet)
Seat 9: mvscdrqcdl collected ($0.14)



PokerStars Hand #232621084559:  Hold'em No Limit ($0.01/$0.02 USD) - 2021/12/28 19:45:06 PT [2021/12/28 22:45:06 ET]
Table 'Ingeborg IV' 9-max Seat #3 is the button
Seat 1: erlis82 ($2.22 in chips) 
Seat 2: Trindd1 ($1.22 in chips) 
Seat 3: HortonRoundtree ($1.46 in chips) 
Seat 4: Dorex2007 ($2 in chips) 
Seat 6: gjrth6969 ($2.88 in chips) 
Seat 8: okotokian1 ($2 in chips) 
Seat 9: mvscdrqcdl ($1.98 in chips) 
Dorex2007: posts small blind $0.01
gjrth6969: posts big blind $0.02
Nicolai5115: sits out 
*** HOLE CARDS ***
Dealt to Dorex2007 [Td Jc]
okotokian1: folds 
mvscdrqcdl: folds 
erlis82: folds 
Trindd1: raises $0.02 to $0.04
HortonRoundtree: folds 
Dorex2007: folds 
gjrth6969: calls $0.02
*** FLOP *** [5s 3c 4c]
gjrth6969: checks 
erlis82 leaves the table
Trindd1: checks 
*** TURN *** [5s 3c 4c] [2s]
gjrth6969: checks 
Trindd1: checks 
*** RIVER *** [5s 3c 4c 2s] [Ts]
gjrth6969: checks 
Trindd1: checks 
*** SHOW DOWN ***
gjrth6969: shows [Tc 8h] (a pair of Tens)
Trindd1: mucks hand 
gjrth6969 collected $0.09 from pot
*** SUMMARY ***
Total pot $0.09 | Rake $0 
Board [5s 3c 4c 2s Ts]
Seat 1: erlis82 folded before Flop (didn't bet)
Seat 2: Trindd1 mucked [Ks Qd]
Seat 3: HortonRoundtree (button) folded before Flop (didn't bet)
Seat 4: Dorex2007 (small blind) folded before Flop
Seat 6: gjrth6969 (big blind) showed [Tc 8h] and won ($0.09) with a pair of Tens
Seat 8: okotokian1 folded before Flop (didn't bet)
Seat 9: mvscdrqcdl folded before Flop (didn't bet)



PokerStars Hand #232621092238:  Hold'em No Limit ($0.01/$0.02 USD) - 2021/12/28 19:45:41 PT [2021/12/28 22:45:41 ET]
Table 'Ingeborg IV' 9-max Seat #4 is the button
Seat 2: Trindd1 ($1.18 in chips) 
Seat 3: HortonRoundtree ($1.46 in chips) 
Seat 4: Dorex2007 ($2 in chips) 
Seat 6: gjrth6969 ($2.93 in chips) 
Seat 7: Nicolai5115 ($0.80 in chips) 
Seat 8: okotokian1 ($2 in chips) 
Seat 9: mvscdrqcdl ($1.98 in chips) 
gjrth6969: posts small blind $0.01
Nicolai5115: posts big blind $0.02
*** HOLE CARDS ***
Dealt to Dorex2007 [Js 4s]
okotokian1: folds 
Monarx159 joins the table at seat #1 
mvscdrqcdl has timed out
mvscdrqcdl: folds 
Trindd1: raises $0.02 to $0.04
HortonRoundtree: folds 
Dorex2007: folds 
gjrth6969: folds 
Nicolai5115: calls $0.02
*** FLOP *** [3d Ah Td]
Nicolai5115: bets $0.02
Trindd1: calls $0.02
*** TURN *** [3d Ah Td] [8d]
Nicolai5115: checks 
Trindd1: checks 
*** RIVER *** [3d Ah Td 8d] [3h]
Nicolai5115: checks 
Trindd1: bets $0.02
Nicolai5115: calls $0.02
*** SHOW DOWN ***
Trindd1: shows [Jc 8c] (two pair, Eights and Threes)
Nicolai5115: shows [Kc Tc] (two pair, Tens and Threes)
Nicolai5115 collected $0.16 from pot
*** SUMMARY ***
Total pot $0.17 | Rake $0.01 
Board [3d Ah Td 8d 3h]
Seat 2: Trindd1 showed [Jc 8c] and lost with two pair, Eights and Threes
Seat 3: HortonRoundtree folded before Flop (didn't bet)
Seat 4: Dorex2007 (button) folded before Flop (didn't bet)
Seat 6: gjrth6969 (small blind) folded before Flop
Seat 7: Nicolai5115 (big blind) showed [Kc Tc] and won ($0.16) with two pair, Tens and Threes
Seat 8: okotokian1 folded before Flop (didn't bet)
Seat 9: mvscdrqcdl folded before Flop (didn't bet)



PokerStars Hand #232621104096:  Hold'em No Limit ($0.01/$0.02 USD) - 2021/12/28 19:46:36 PT [2021/12/28 22:46:36 ET]
Table 'Ingeborg IV' 9-max Seat #6 is the button
Seat 2: Trindd1 ($1.10 in chips) 
Seat 3: HortonRoundtree ($1.46 in chips) 
Seat 4: Dorex2007 ($2 in chips) 
Seat 6: gjrth6969 ($2.92 in chips) 
Seat 7: Nicolai5115 ($0.88 in chips) 
Seat 8: okotokian1 ($2 in chips) 
Nicolai5115: posts small blind $0.01
okotokian1: posts big blind $0.02
Monarx159: sits out 
*** HOLE CARDS ***
Dealt to Dorex2007 [Jh 2d]
Trindd1: raises $0.02 to $0.04
HortonRoundtree: folds 
Dorex2007: folds 
gjrth6969: raises $0.11 to $0.15
Nicolai5115: folds 
okotokian1: folds 
Trindd1: calls $0.11
*** FLOP *** [Ks 9s Qc]
Trindd1: checks 
gjrth6969: checks 
*** TURN *** [Ks 9s Qc] [6c]
Trindd1: checks 
gjrth6969: checks 
*** RIVER *** [Ks 9s Qc 6c] [7h]
Trindd1: checks 
gjrth6969: checks 
*** SHOW DOWN ***
Trindd1: shows [6d 8d] (a pair of Sixes)
gjrth6969: mucks hand 
Trindd1 collected $0.32 from pot
*** SUMMARY ***
Total pot $0.33 | Rake $0.01 
Board [Ks 9s Qc 6c 7h]
Seat 2: Trindd1 showed [6d 8d] and won ($0.32) with a pair of Sixes
Seat 3: HortonRoundtree folded before Flop (didn't bet)
Seat 4: Dorex2007 folded before Flop (didn't bet)
Seat 6: gjrth6969 (button) mucked [Ah 4d]
Seat 7: Nicolai5115 (small blind) folded before Flop
Seat 8: okotokian1 (big blind) folded before Flop



PokerStars Hand #232621113064:  Hold'em No Limit ($0.01/$0.02 USD) - 2021/12/28 19:47:16 PT [2021/12/28 22:47:16 ET]
Table 'Ingeborg IV' 9-max Seat #7 is the button
Seat 1: Monarx159 ($0.92 in chips) 
Seat 2: Trindd1 ($1.27 in chips) 
Seat 3: HortonRoundtree ($1.46 in chips) 
Seat 4: Dorex2007 ($2 in chips) 
Seat 6: gjrth6969 ($2.77 in chips) 
Seat 7: Nicolai5115 ($0.87 in chips) 
Seat 8: okotokian1 ($2 in chips) 
okotokian1: posts small blind $0.01
Monarx159: posts big blind $0.02
*** HOLE CARDS ***
Dealt to Dorex2007 [Kd 4c]
Trindd1: calls $0.02
HortonRoundtree: folds 
Dorex2007: folds 
gjrth6969: folds 
Nicolai5115: folds 
okotokian1: folds 
Monarx159: checks 
*** FLOP *** [Ah 9c Tc]
Monarx159: checks 
Trindd1: bets $0.05
Monarx159: folds 
Uncalled bet ($0.05) returned to Trindd1
Trindd1 collected $0.05 from pot
Trindd1: doesn't show hand 
*** SUMMARY ***
Total pot $0.05 | Rake $0 
Board [Ah 9c Tc]
Seat 1: Monarx159 (big blind) folded on the Flop
Seat 2: Trindd1 collected ($0.05)
Seat 3: HortonRoundtree folded before Flop (didn't bet)
Seat 4: Dorex2007 folded before Flop (didn't bet)
Seat 6: gjrth6969 folded before Flop (didn't bet)
Seat 7: Nicolai5115 (button) folded before Flop (didn't bet)
Seat 8: okotokian1 (small blind) folded before Flop



PokerStars Hand #232621120530:  Hold'em No Limit ($0.01/$0.02 USD) - 2021/12/28 19:47:51 PT [2021/12/28 22:47:51 ET]
Table 'Ingeborg IV' 9-max Seat #8 is the button
Seat 1: Monarx159 ($0.90 in chips) 
Seat 2: Trindd1 ($1.30 in chips) 
Seat 3: HortonRoundtree ($1.46 in chips) 
Seat 4: Dorex2007 ($2 in chips) 
Seat 6: gjrth6969 ($2.77 in chips) 
Seat 7: Nicolai5115 ($0.87 in chips) 
Seat 8: okotokian1 ($2 in chips) 
Monarx159: posts small blind $0.01
Trindd1: posts big blind $0.02
*** HOLE CARDS ***
Dealt to Dorex2007 [Ts Qc]
HortonRoundtree: folds 
Dorex2007: folds 
gjrth6969: raises $0.03 to $0.05
Nicolai5115: folds 
okotokian1: folds 
Monarx159: folds 
Trindd1: calls $0.03
*** FLOP *** [3s 7d Ks]
Trindd1: bets $0.11
gjrth6969: calls $0.11
*** TURN *** [3s 7d Ks] [9c]
Trindd1: bets $0.32
gjrth6969: raises $0.96 to $1.28
Monarx159 leaves the table
Trindd1: folds 
Uncalled bet ($0.96) returned to gjrth6969
gjrth6969 collected $0.94 from pot
gjrth6969: doesn't show hand 
*** SUMMARY ***
Total pot $0.97 | Rake $0.03 
Board [3s 7d Ks 9c]
Seat 1: Monarx159 (small blind) folded before Flop
Seat 2: Trindd1 (big blind) folded on the Turn
Seat 3: HortonRoundtree folded before Flop (didn't bet)
Seat 4: Dorex2007 folded before Flop (didn't bet)
Seat 6: gjrth6969 collected ($0.94)
Seat 7: Nicolai5115 folded before Flop (didn't bet)
Seat 8: okotokian1 (button) folded before Flop (didn't bet)



PokerStars Hand #232621131427:  Hold'em No Limit ($0.01/$0.02 USD) - 2021/12/28 19:48:41 PT [2021/12/28 22:48:41 ET]
Table 'Ingeborg IV' 9-max Seat #2 is the button
Seat 2: Trindd1 ($0.82 in chips) 
Seat 3: HortonRoundtree ($1.46 in chips) 
Seat 4: Dorex2007 ($2 in chips) 
Seat 6: gjrth6969 ($3.23 in chips) 
Seat 7: Nicolai5115 ($0.87 in chips) 
Seat 8: okotokian1 ($2 in chips) 
Seat 9: mvscdrqcdl ($1.98 in chips) 
HortonRoundtree: posts small blind $0.01
Dorex2007: posts big blind $0.02
mvscdrqcdl: posts small & big blinds $0.03
*** HOLE CARDS ***
Dealt to Dorex2007 [5s Tc]
Monarx159 joins the table at seat #1 
gjrth6969: folds 
Nicolai5115: raises $0.04 to $0.06
okotokian1: calls $0.06
Monarx159 leaves the table
mvscdrqcdl has timed out
mvscdrqcdl: folds 
Trindd1: folds 
HortonRoundtree: folds 
Dorex2007: folds 
*** FLOP *** [7h 6s 6d]
Nicolai5115: bets $0.09
okotokian1: folds 
Uncalled bet ($0.09) returned to Nicolai5115
Nicolai5115 collected $0.17 from pot
Nicolai5115: doesn't show hand 
*** SUMMARY ***
Total pot $0.18 | Rake $0.01 
Board [7h 6s 6d]
Seat 2: Trindd1 (button) folded before Flop (didn't bet)
Seat 3: HortonRoundtree (small blind) folded before Flop
Seat 4: Dorex2007 (big blind) folded before Flop
Seat 6: gjrth6969 folded before Flop (didn't bet)
Seat 7: Nicolai5115 collected ($0.17)
Seat 8: okotokian1 folded on the Flop
Seat 9: mvscdrqcdl folded before Flop (didn't bet)



PokerStars Hand #232621143186:  Hold'em No Limit ($0.01/$0.02 USD) - 2021/12/28 19:49:36 PT [2021/12/28 22:49:36 ET]
Table 'Ingeborg IV' 9-max Seat #3 is the button
Seat 2: Trindd1 ($0.82 in chips) 
Seat 3: HortonRoundtree ($1.45 in chips) 
Seat 4: Dorex2007 ($2 in chips) 
Seat 6: gjrth6969 ($3.23 in chips) 
Seat 7: Nicolai5115 ($0.98 in chips) 
Seat 8: okotokian1 ($2 in chips) 
Dorex2007: posts small blind $0.01
gjrth6969: posts big blind $0.02
*** HOLE CARDS ***
Dealt to Dorex2007 [2c 2d]
Nicolai5115: folds 
okotokian1: folds 
Stormy_88888 joins the table at seat #1 
Trindd1: raises $0.02 to $0.04
HortonRoundtree: calls $0.04
Dorex2007: calls $0.03
gjrth6969: raises $0.16 to $0.20
Trindd1: raises $0.16 to $0.36
HortonRoundtree: folds 
Dorex2007: folds 
gjrth6969: calls $0.16
*** FLOP *** [3c Qh 3d]
gjrth6969: checks 
Trindd1: bets $0.46 and is all-in
gjrth6969: folds 
Uncalled bet ($0.46) returned to Trindd1
Trindd1 collected $0.77 from pot
Trindd1: doesn't show hand 
*** SUMMARY ***
Total pot $0.80 | Rake $0.03 
Board [3c Qh 3d]
Seat 2: Trindd1 collected ($0.77)
Seat 3: HortonRoundtree (button) folded before Flop
Seat 4: Dorex2007 (small blind) folded before Flop
Seat 6: gjrth6969 (big blind) folded on the Flop
Seat 7: Nicolai5115 folded before Flop (didn't bet)
Seat 8: okotokian1 folded before Flop (didn't bet)



PokerStars Hand #232621152901:  Hold'em No Limit ($0.01/$0.02 USD) - 2021/12/28 19:50:21 PT [2021/12/28 22:50:21 ET]
Table 'Ingeborg IV' 9-max Seat #4 is the button
Seat 2: Trindd1 ($1.23 in chips) 
Seat 3: HortonRoundtree ($1.41 in chips) 
Seat 4: Dorex2007 ($2 in chips) 
Seat 6: gjrth6969 ($2.87 in chips) 
Seat 7: Nicolai5115 ($0.98 in chips) 
Seat 8: okotokian1 ($2 in chips) 
gjrth6969: posts small blind $0.01
Nicolai5115: posts big blind $0.02
Stormy_88888: sits out 
*** HOLE CARDS ***
Dealt to Dorex2007 [2h 8s]
okotokian1: folds 
Trindd1: raises $0.05 to $0.07
HortonRoundtree: calls $0.07
Dorex2007: folds 
gjrth6969: raises $0.23 to $0.30
Nicolai5115: folds 
Trindd1: raises $0.93 to $1.23 and is all-in
HortonRoundtree: folds 
gjrth6969: folds 
Uncalled bet ($0.93) returned to Trindd1
Trindd1 collected $0.69 from pot
Trindd1: doesn't show hand 
*** SUMMARY ***
Total pot $0.69 | Rake $0 
Seat 2: Trindd1 collected ($0.69)
Seat 3: HortonRoundtree folded before Flop
Seat 4: Dorex2007 (button) folded before Flop (didn't bet)
Seat 6: gjrth6969 (small blind) folded before Flop
Seat 7: Nicolai5115 (big blind) folded before Flop
Seat 8: okotokian1 folded before Flop (didn't bet)



PokerStars Hand #232621160197:  Hold'em No Limit ($0.01/$0.02 USD) - 2021/12/28 19:50:55 PT [2021/12/28 22:50:55 ET]
Table 'Ingeborg IV' 9-max Seat #6 is the button
Seat 2: Trindd1 ($1.62 in chips) 
Seat 3: HortonRoundtree ($1.34 in chips) 
Seat 4: Dorex2007 ($2 in chips) 
Seat 6: gjrth6969 ($2.57 in chips) 
Seat 7: Nicolai5115 ($0.96 in chips) 
Seat 8: okotokian1 ($2 in chips) 
Nicolai5115: posts small blind $0.01
okotokian1: posts big blind $0.02
Stormy_88888: sits out 
*** HOLE CARDS ***
Dealt to Dorex2007 [Jh Jc]
Trindd1: calls $0.02
HortonRoundtree: calls $0.02
Dorex2007: raises $0.04 to $0.06
gjrth6969: folds 
Nicolai5115: folds 
okotokian1: folds 
Trindd1: folds 
HortonRoundtree: calls $0.04
*** FLOP *** [5s 8s Ks]
HortonRoundtree: bets $0.04
Dorex2007: calls $0.04
*** TURN *** [5s 8s Ks] [Jd]
HortonRoundtree: bets $0.08
Dorex2007: raises $0.10 to $0.18
HortonRoundtree: calls $0.10
*** RIVER *** [5s 8s Ks Jd] [2s]
HortonRoundtree: bets $0.30
Dorex2007: folds 
Uncalled bet ($0.30) returned to HortonRoundtree
HortonRoundtree collected $0.59 from pot
HortonRoundtree: doesn't show hand 
*** SUMMARY ***
Total pot $0.61 | Rake $0.02 
Board [5s 8s Ks Jd 2s]
Seat 2: Trindd1 folded before Flop
Seat 3: HortonRoundtree collected ($0.59)
Seat 4: Dorex2007 folded on the River
Seat 6: gjrth6969 (button) folded before Flop (didn't bet)
Seat 7: Nicolai5115 (small blind) folded before Flop
Seat 8: okotokian1 (big blind) folded before Flop



PokerStars Hand #232621171231:  Hold'em No Limit ($0.01/$0.02 USD) - 2021/12/28 19:51:46 PT [2021/12/28 22:51:46 ET]
Table 'Ingeborg IV' 9-max Seat #7 is the button
Seat 1: Stormy_88888 ($2 in chips) 
Seat 2: Trindd1 ($1.60 in chips) 
Seat 3: HortonRoundtree ($1.65 in chips) 
Seat 4: Dorex2007 ($2 in chips) 
Seat 6: gjrth6969 ($2.57 in chips) 
Seat 7: Nicolai5115 ($0.95 in chips) 
Seat 8: okotokian1 ($2 in chips) 
okotokian1: posts small blind $0.01
Stormy_88888: posts big blind $0.02
*** HOLE CARDS ***
Dealt to Dorex2007 [Qh 3h]
Trindd1: calls $0.02
HortonRoundtree: folds 
Dorex2007: folds 
gjrth6969: folds 
Nicolai5115: raises $0.04 to $0.06
okotokian1: folds 
Stormy_88888: folds 
Trindd1: folds 
Uncalled bet ($0.04) returned to Nicolai5115
Nicolai5115 collected $0.07 from pot
Nicolai5115: doesn't show hand 
*** SUMMARY ***
Total pot $0.07 | Rake $0 
Seat 1: Stormy_88888 (big blind) folded before Flop
Seat 2: Trindd1 folded before Flop
Seat 3: HortonRoundtree folded before Flop (didn't bet)
Seat 4: Dorex2007 folded before Flop (didn't bet)
Seat 6: gjrth6969 folded before Flop (didn't bet)
Seat 7: Nicolai5115 (button) collected ($0.07)
Seat 8: okotokian1 (small blind) folded before Flop



PokerStars Hand #232621176591:  Hold'em No Limit ($0.01/$0.02 USD) - 2021/12/28 19:52:11 PT [2021/12/28 22:52:11 ET]
Table 'Ingeborg IV' 9-max Seat #8 is the button
Seat 1: Stormy_88888 ($1.98 in chips) 
Seat 2: Trindd1 ($1.58 in chips) 
Seat 3: HortonRoundtree ($1.65 in chips) 
Seat 4: Dorex2007 ($2 in chips) 
Seat 6: gjrth6969 ($2.57 in chips) 
Seat 7: Nicolai5115 ($1 in chips) 
Seat 8: okotokian1 ($2 in chips) 
Stormy_88888: posts small blind $0.01
Trindd1: posts big blind $0.02
*** HOLE CARDS ***
Dealt to Dorex2007 [6c Jd]
HortonRoundtree: folds 
Dorex2007: folds 
gjrth6969: folds 
Nicolai5115: folds 
okotokian1: folds 
Stormy_88888: folds 
Uncalled bet ($0.01) returned to Trindd1
Trindd1 collected $0.02 from pot
Trindd1: doesn't show hand 
*** SUMMARY ***
Total pot $0.02 | Rake $0 
Seat 1: Stormy_88888 (small blind) folded before Flop
Seat 2: Trindd1 (big blind) collected ($0.02)
Seat 3: HortonRoundtree folded before Flop (didn't bet)
Seat 4: Dorex2007 folded before Flop (didn't bet)
Seat 6: gjrth6969 folded before Flop (didn't bet)
Seat 7: Nicolai5115 folded before Flop (didn't bet)
Seat 8: okotokian1 (button) folded before Flop (didn't bet)



PokerStars Hand #232621179977:  Hold'em No Limit ($0.01/$0.02 USD) - 2021/12/28 19:52:27 PT [2021/12/28 22:52:27 ET]
Table 'Ingeborg IV' 9-max Seat #1 is the button
Seat 1: Stormy_88888 ($1.97 in chips) 
Seat 2: Trindd1 ($1.59 in chips) 
Seat 3: HortonRoundtree ($1.65 in chips) 
Seat 4: Dorex2007 ($2 in chips) 
Seat 6: gjrth6969 ($2.57 in chips) 
Seat 7: Nicolai5115 ($1 in chips) 
Seat 8: okotokian1 ($2 in chips) 
Trindd1: posts small blind $0.01
HortonRoundtree: posts big blind $0.02
*** HOLE CARDS ***
Dealt to Dorex2007 [6c Kh]
Dorex2007: folds 
gjrth6969: folds 
Nicolai5115: folds 
okotokian1: folds 
Stormy_88888: folds 
Trindd1: folds 
Uncalled bet ($0.01) returned to HortonRoundtree
HortonRoundtree collected $0.02 from pot
HortonRoundtree: doesn't show hand 
*** SUMMARY ***
Total pot $0.02 | Rake $0 
Seat 1: Stormy_88888 (button) folded before Flop (didn't bet)
Seat 2: Trindd1 (small blind) folded before Flop
Seat 3: HortonRoundtree (big blind) collected ($0.02)
Seat 4: Dorex2007 folded before Flop (didn't bet)
Seat 6: gjrth6969 folded before Flop (didn't bet)
Seat 7: Nicolai5115 folded before Flop (didn't bet)
Seat 8: okotokian1 folded before Flop (didn't bet)



PokerStars Hand #232621183254:  Hold'em No Limit ($0.01/$0.02 USD) - 2021/12/28 19:52:42 PT [2021/12/28 22:52:42 ET]
Table 'Ingeborg IV' 9-max Seat #2 is the button
Seat 1: Stormy_88888 ($1.97 in chips) 
Seat 2: Trindd1 ($1.58 in chips) 
Seat 3: HortonRoundtree ($1.66 in chips) 
Seat 4: Dorex2007 ($2 in chips) 
Seat 6: gjrth6969 ($2.57 in chips) 
Seat 7: Nicolai5115 ($1 in chips) 
Seat 8: okotokian1 ($2 in chips) 
HortonRoundtree: posts small blind $0.01
Dorex2007: posts big blind $0.02
*** HOLE CARDS ***
Dealt to Dorex2007 [8c 5d]
gjrth6969: folds 
Nicolai5115: raises $0.04 to $0.06
okotokian1: raises $0.12 to $0.18
Stormy_88888: folds 
Trindd1: folds 
HortonRoundtree: folds 
Dorex2007: folds 
Nicolai5115: folds 
Uncalled bet ($0.12) returned to okotokian1
okotokian1 collected $0.15 from pot
*** SUMMARY ***
Total pot $0.15 | Rake $0 
Seat 1: Stormy_88888 folded before Flop (didn't bet)
Seat 2: Trindd1 (button) folded before Flop (didn't bet)
Seat 3: HortonRoundtree (small blind) folded before Flop
Seat 4: Dorex2007 (big blind) folded before Flop
Seat 6: gjrth6969 folded before Flop (didn't bet)
Seat 7: Nicolai5115 folded before Flop
Seat 8: okotokian1 collected ($0.15)



PokerStars Hand #232621192052:  Hold'em No Limit ($0.01/$0.02 USD) - 2021/12/28 19:53:24 PT [2021/12/28 22:53:24 ET]
Table 'Ingeborg IV' 9-max Seat #3 is the button
Seat 1: Stormy_88888 ($1.97 in chips) 
Seat 2: Trindd1 ($1.58 in chips) 
Seat 3: HortonRoundtree ($1.65 in chips) 
Seat 4: Dorex2007 ($2 in chips) 
Seat 6: gjrth6969 ($2.57 in chips) 
Seat 7: Nicolai5115 ($0.94 in chips) 
Seat 8: okotokian1 ($2.09 in chips) 
Dorex2007: posts small blind $0.01
gjrth6969: posts big blind $0.02
*** HOLE CARDS ***
Dealt to Dorex2007 [4s As]
Nicolai5115: calls $0.02
okotokian1: folds 
Stormy_88888: folds 
Trindd1: calls $0.02
HortonRoundtree: folds 
Dorex2007: calls $0.01
gjrth6969: checks 
*** FLOP *** [Qh Kc 9c]
Dorex2007: checks 
gjrth6969: checks 
Nicolai5115: bets $0.02
Trindd1: calls $0.02
Dorex2007: folds 
gjrth6969: calls $0.02
*** TURN *** [Qh Kc 9c] [Tc]
gjrth6969: checks 
Nicolai5115: bets $0.02
Trindd1: calls $0.02
gjrth6969: calls $0.02
*** RIVER *** [Qh Kc 9c Tc] [2h]
gjrth6969: checks 
Nicolai5115: checks 
Trindd1: checks 
*** SHOW DOWN ***
gjrth6969: shows [7s Qc] (a pair of Queens)
Nicolai5115: shows [7c Ac] (a flush, Ace high)
Trindd1: mucks hand 
Nicolai5115 collected $0.19 from pot
*** SUMMARY ***
Total pot $0.20 | Rake $0.01 
Board [Qh Kc 9c Tc 2h]
Seat 1: Stormy_88888 folded before Flop (didn't bet)
Seat 2: Trindd1 mucked [Td 4h]
Seat 3: HortonRoundtree (button) folded before Flop (didn't bet)
Seat 4: Dorex2007 (small blind) folded on the Flop
Seat 6: gjrth6969 (big blind) showed [7s Qc] and lost with a pair of Queens
Seat 7: Nicolai5115 showed [7c Ac] and won ($0.19) with a flush, Ace high
Seat 8: okotokian1 folded before Flop (didn't bet)



PokerStars Hand #232621206593:  Hold'em No Limit ($0.01/$0.02 USD) - 2021/12/28 19:54:32 PT [2021/12/28 22:54:32 ET]
Table 'Ingeborg IV' 9-max Seat #4 is the button
Seat 1: Stormy_88888 ($1.97 in chips) 
Seat 2: Trindd1 ($1.52 in chips) 
Seat 3: HortonRoundtree ($1.65 in chips) 
Seat 4: Dorex2007 ($2 in chips) 
Seat 6: gjrth6969 ($2.51 in chips) 
Seat 7: Nicolai5115 ($1.07 in chips) 
Seat 8: okotokian1 ($2.09 in chips) 
gjrth6969: posts small blind $0.01
Nicolai5115: posts big blind $0.02
*** HOLE CARDS ***
Dealt to Dorex2007 [Kh 7d]
okotokian1: folds 
Stormy_88888: folds 
Trindd1: raises $0.02 to $0.04
HortonRoundtree: folds 
Dorex2007: folds 
gjrth6969: folds 
Nicolai5115: folds 
Uncalled bet ($0.02) returned to Trindd1
Trindd1 collected $0.05 from pot
Trindd1: doesn't show hand 
*** SUMMARY ***
Total pot $0.05 | Rake $0 
Seat 1: Stormy_88888 folded before Flop (didn't bet)
Seat 2: Trindd1 collected ($0.05)
Seat 3: HortonRoundtree folded before Flop (didn't bet)
Seat 4: Dorex2007 (button) folded before Flop (didn't bet)
Seat 6: gjrth6969 (small blind) folded before Flop
Seat 7: Nicolai5115 (big blind) folded before Flop
Seat 8: okotokian1 folded before Flop (didn't bet)



PokerStars Hand #232621210076:  Hold'em No Limit ($0.01/$0.02 USD) - 2021/12/28 19:54:49 PT [2021/12/28 22:54:49 ET]
Table 'Ingeborg IV' 9-max Seat #6 is the button
Seat 1: Stormy_88888 ($1.97 in chips) 
Seat 2: Trindd1 ($1.55 in chips) 
Seat 3: HortonRoundtree ($1.65 in chips) 
Seat 4: Dorex2007 ($2 in chips) 
Seat 6: gjrth6969 ($2.50 in chips) 
Seat 7: Nicolai5115 ($1.05 in chips) 
Seat 8: okotokian1 ($2.09 in chips) 
Nicolai5115: posts small blind $0.01
okotokian1: posts big blind $0.02
*** HOLE CARDS ***
Dealt to Dorex2007 [9c 5s]
Stormy_88888: folds 
Trindd1: folds 
HortonRoundtree: folds 
Dorex2007: folds 
gjrth6969: folds 
Nicolai5115: folds 
Uncalled bet ($0.01) returned to okotokian1
okotokian1 collected $0.02 from pot
*** SUMMARY ***
Total pot $0.02 | Rake $0 
Seat 1: Stormy_88888 folded before Flop (didn't bet)
Seat 2: Trindd1 folded before Flop (didn't bet)
Seat 3: HortonRoundtree folded before Flop (didn't bet)
Seat 4: Dorex2007 folded before Flop (didn't bet)
Seat 6: gjrth6969 (button) folded before Flop (didn't bet)
Seat 7: Nicolai5115 (small blind) folded before Flop
Seat 8: okotokian1 (big blind) collected ($0.02)



PokerStars Hand #232621212191:  Hold'em No Limit ($0.01/$0.02 USD) - 2021/12/28 19:54:59 PT [2021/12/28 22:54:59 ET]
Table 'Ingeborg IV' 9-max Seat #7 is the button
Seat 1: Stormy_88888 ($1.97 in chips) 
Seat 2: Trindd1 ($1.55 in chips) 
Seat 3: HortonRoundtree ($1.65 in chips) 
Seat 4: Dorex2007 ($2 in chips) 
Seat 6: gjrth6969 ($2.50 in chips) 
Seat 7: Nicolai5115 ($1.04 in chips) 
Seat 8: okotokian1 ($2.10 in chips) 
okotokian1: posts small blind $0.01
Stormy_88888: posts big blind $0.02
*** HOLE CARDS ***
Dealt to Dorex2007 [2h 4c]
Trindd1: folds 
HortonRoundtree: folds 
Dorex2007: folds 
gjrth6969: raises $0.03 to $0.05
Nicolai5115: folds 
okotokian1: folds 
Stormy_88888: folds 
Uncalled bet ($0.03) returned to gjrth6969
gjrth6969 collected $0.05 from pot
gjrth6969: doesn't show hand 
*** SUMMARY ***
Total pot $0.05 | Rake $0 
Seat 1: Stormy_88888 (big blind) folded before Flop
Seat 2: Trindd1 folded before Flop (didn't bet)
Seat 3: HortonRoundtree folded before Flop (didn't bet)
Seat 4: Dorex2007 folded before Flop (didn't bet)
Seat 6: gjrth6969 collected ($0.05)
Seat 7: Nicolai5115 (button) folded before Flop (didn't bet)
Seat 8: okotokian1 (small blind) folded before Flop



PokerStars Hand #232621215886:  Hold'em No Limit ($0.01/$0.02 USD) - 2021/12/28 19:55:17 PT [2021/12/28 22:55:17 ET]
Table 'Ingeborg IV' 9-max Seat #8 is the button
Seat 1: Stormy_88888 ($1.95 in chips) 
Seat 2: Trindd1 ($1.55 in chips) 
Seat 3: HortonRoundtree ($1.65 in chips) 
Seat 4: Dorex2007 ($2 in chips) 
Seat 6: gjrth6969 ($2.53 in chips) 
Seat 7: Nicolai5115 ($1.04 in chips) 
Seat 8: okotokian1 ($2.09 in chips) 
Stormy_88888: posts small blind $0.01
Trindd1: posts big blind $0.02
*** HOLE CARDS ***
Dealt to Dorex2007 [Ks 4c]
HortonRoundtree: folds 
Dorex2007: folds 
gjrth6969: folds 
Nicolai5115: folds 
okotokian1: folds 
Stormy_88888: raises $0.02 to $0.04
Trindd1: folds 
Uncalled bet ($0.02) returned to Stormy_88888
Stormy_88888 collected $0.04 from pot
Stormy_88888: doesn't show hand 
*** SUMMARY ***
Total pot $0.04 | Rake $0 
Seat 1: Stormy_88888 (small blind) collected ($0.04)
Seat 2: Trindd1 (big blind) folded before Flop
Seat 3: HortonRoundtree folded before Flop (didn't bet)
Seat 4: Dorex2007 folded before Flop (didn't bet)
Seat 6: gjrth6969 folded before Flop (didn't bet)
Seat 7: Nicolai5115 folded before Flop (didn't bet)
Seat 8: okotokian1 (button) folded before Flop (didn't bet)



PokerStars Hand #232621220077:  Hold'em No Limit ($0.01/$0.02 USD) - 2021/12/28 19:55:41 PT [2021/12/28 22:55:41 ET]
Table 'Ingeborg IV' 9-max Seat #1 is the button
Seat 1: Stormy_88888 ($1.97 in chips) 
Seat 2: Trindd1 ($1.53 in chips) 
Seat 3: HortonRoundtree ($1.65 in chips) 
Seat 4: Dorex2007 ($2 in chips) 
Seat 6: gjrth6969 ($2.53 in chips) 
Seat 7: Nicolai5115 ($1.04 in chips) 
Seat 8: okotokian1 ($2.09 in chips) 
Trindd1: posts small blind $0.01
HortonRoundtree: posts big blind $0.02
*** HOLE CARDS ***
Dealt to Dorex2007 [4d 3h]
Dorex2007: folds 
gjrth6969: folds 
Nicolai5115: folds 
okotokian1: folds 
Stormy_88888: folds 
Trindd1: calls $0.01
HortonRoundtree: checks 
*** FLOP *** [Th 6h Tc]
Trindd1: checks 
HortonRoundtree: checks 
*** TURN *** [Th 6h Tc] [Jd]
Trindd1: checks 
HortonRoundtree: checks 
*** RIVER *** [Th 6h Tc Jd] [9d]
Trindd1: checks 
HortonRoundtree: checks 
*** SHOW DOWN ***
Trindd1: shows [5d Ac] (a pair of Tens)
HortonRoundtree: mucks hand 
Trindd1 collected $0.04 from pot
*** SUMMARY ***
Total pot $0.04 | Rake $0 
Board [Th 6h Tc Jd 9d]
Seat 1: Stormy_88888 (button) folded before Flop (didn't bet)
Seat 2: Trindd1 (small blind) showed [5d Ac] and won ($0.04) with a pair of Tens
Seat 3: HortonRoundtree (big blind) mucked [7d 5s]
Seat 4: Dorex2007 folded before Flop (didn't bet)
Seat 6: gjrth6969 folded before Flop (didn't bet)
Seat 7: Nicolai5115 folded before Flop (didn't bet)
Seat 8: okotokian1 folded before Flop (didn't bet)



PokerStars Hand #232621226020:  Hold'em No Limit ($0.01/$0.02 USD) - 2021/12/28 19:56:15 PT [2021/12/28 22:56:15 ET]
Table 'Ingeborg IV' 9-max Seat #2 is the button
Seat 1: Stormy_88888 ($1.97 in chips) 
Seat 2: Trindd1 ($1.55 in chips) 
Seat 3: HortonRoundtree ($1.63 in chips) 
Seat 4: Dorex2007 ($2 in chips) 
Seat 6: gjrth6969 ($2.53 in chips) 
Seat 7: Nicolai5115 ($1.04 in chips) 
Seat 8: okotokian1 ($2.09 in chips) 
HortonRoundtree: posts small blind $0.01
Dorex2007: posts big blind $0.02
*** HOLE CARDS ***
Dealt to Dorex2007 [Kd 7h]
gjrth6969: raises $0.03 to $0.05
Nicolai5115: folds 
okotokian1: folds 
Stormy_88888: folds 
Trindd1: folds 
HortonRoundtree: folds 
Dorex2007: folds 
Uncalled bet ($0.03) returned to gjrth6969
gjrth6969 collected $0.05 from pot
gjrth6969: doesn't show hand 
*** SUMMARY ***
Total pot $0.05 | Rake $0 
Seat 1: Stormy_88888 folded before Flop (didn't bet)
Seat 2: Trindd1 (button) folded before Flop (didn't bet)
Seat 3: HortonRoundtree (small blind) folded before Flop
Seat 4: Dorex2007 (big blind) folded before Flop
Seat 6: gjrth6969 collected ($0.05)
Seat 7: Nicolai5115 folded before Flop (didn't bet)
Seat 8: okotokian1 folded before Flop (didn't bet)



PokerStars Hand #232621231994:  Hold'em No Limit ($0.01/$0.02 USD) - 2021/12/28 19:56:28 PT [2021/12/28 22:56:28 ET]
Table 'Ingeborg IV' 9-max Seat #3 is the button
Seat 1: Stormy_88888 ($1.97 in chips) 
Seat 2: Trindd1 ($1.55 in chips) 
Seat 3: HortonRoundtree ($1.62 in chips) 
Seat 4: Dorex2007 ($2 in chips) 
Seat 6: gjrth6969 ($2.56 in chips) 
Seat 7: Nicolai5115 ($1.04 in chips) 
Seat 8: okotokian1 ($2.09 in chips) 
Dorex2007: posts small blind $0.01
gjrth6969: posts big blind $0.02
*** HOLE CARDS ***
Dealt to Dorex2007 [2s 3h]
Nicolai5115: folds 
okotokian1: folds 
Stormy_88888: calls $0.02
Trindd1: raises $0.02 to $0.04
HortonRoundtree: folds 
Dorex2007: folds 
gjrth6969: raises $0.11 to $0.15
Stormy_88888: folds 
Trindd1: calls $0.11
*** FLOP *** [7s Qh 8c]
gjrth6969: bets $0.16
Trindd1: calls $0.16
*** TURN *** [7s Qh 8c] [3d]
gjrth6969: bets $0.32
Trindd1: folds 
Uncalled bet ($0.32) returned to gjrth6969
gjrth6969 collected $0.63 from pot
frosa9397 leaves the table
gjrth6969: doesn't show hand 
*** SUMMARY ***
Total pot $0.65 | Rake $0.02 
Board [7s Qh 8c 3d]
Seat 1: Stormy_88888 folded before Flop
Seat 2: Trindd1 folded on the Turn
Seat 3: HortonRoundtree (button) folded before Flop (didn't bet)
Seat 4: Dorex2007 (small blind) folded before Flop
Seat 6: gjrth6969 (big blind) collected ($0.63)
Seat 7: Nicolai5115 folded before Flop (didn't bet)
Seat 8: okotokian1 folded before Flop (didn't bet)



PokerStars Hand #232621238743:  Hold'em No Limit ($0.01/$0.02 USD) - 2021/12/28 19:57:07 PT [2021/12/28 22:57:07 ET]
Table 'Ingeborg IV' 9-max Seat #4 is the button
Seat 1: Stormy_88888 ($1.95 in chips) 
Seat 2: Trindd1 ($1.24 in chips) 
Seat 3: HortonRoundtree ($1.62 in chips) 
Seat 4: Dorex2007 ($2 in chips) 
Seat 6: gjrth6969 ($2.88 in chips) 
Seat 8: okotokian1 ($2.09 in chips) 
gjrth6969: posts small blind $0.01
Nicolai5115: is sitting out 
okotokian1: posts big blind $0.02
*** HOLE CARDS ***
Dealt to Dorex2007 [5c Ts]
Stormy_88888: folds 
Trindd1: folds 
HortonRoundtree: folds 
Dorex2007: folds 
gjrth6969: folds 
Uncalled bet ($0.01) returned to okotokian1
okotokian1 collected $0.02 from pot
pituwini joins the table at seat #5 
*** SUMMARY ***
Total pot $0.02 | Rake $0 
Seat 1: Stormy_88888 folded before Flop (didn't bet)
Seat 2: Trindd1 folded before Flop (didn't bet)
Seat 3: HortonRoundtree folded before Flop (didn't bet)
Seat 4: Dorex2007 (button) folded before Flop (didn't bet)
Seat 6: gjrth6969 (small blind) folded before Flop
Seat 8: okotokian1 (big blind) collected ($0.02)



PokerStars Hand #232621250284:  Hold'em No Limit ($0.01/$0.02 USD) - 2021/12/28 19:57:21 PT [2021/12/28 22:57:21 ET]
Table 'Ingeborg IV' 9-max Seat #6 is the button
Seat 1: Stormy_88888 ($1.95 in chips) 
Seat 2: Trindd1 ($1.24 in chips) 
Seat 3: HortonRoundtree ($1.62 in chips) 
Seat 4: Dorex2007 ($2 in chips) 
Seat 6: gjrth6969 ($2.87 in chips) 
Seat 8: okotokian1 ($2.10 in chips) 
okotokian1: posts small blind $0.01
Stormy_88888: posts big blind $0.02
pituwini: sits out 
*** HOLE CARDS ***
Dealt to Dorex2007 [5d 2h]
Trindd1: raises $0.05 to $0.07
HortonRoundtree: folds 
Dorex2007: folds 
gjrth6969: folds 
okotokian1: folds 
Stormy_88888: calls $0.05
*** FLOP *** [6d 9d 5h]
Stormy_88888: checks 
Trindd1: bets $0.14
Stormy_88888: folds 
Uncalled bet ($0.14) returned to Trindd1
Trindd1 collected $0.14 from pot
Trindd1: doesn't show hand 
*** SUMMARY ***
Total pot $0.15 | Rake $0.01 
Board [6d 9d 5h]
Seat 1: Stormy_88888 (big blind) folded on the Flop
Seat 2: Trindd1 collected ($0.14)
Seat 3: HortonRoundtree folded before Flop (didn't bet)
Seat 4: Dorex2007 folded before Flop (didn't bet)
Seat 6: gjrth6969 (button) folded before Flop (didn't bet)
Seat 8: okotokian1 (small blind) folded before Flop



PokerStars Hand #232621254741:  Hold'em No Limit ($0.01/$0.02 USD) - 2021/12/28 19:57:46 PT [2021/12/28 22:57:46 ET]
Table 'Ingeborg IV' 9-max Seat #8 is the button
Seat 1: Stormy_88888 ($1.88 in chips) 
Seat 2: Trindd1 ($1.31 in chips) 
Seat 3: HortonRoundtree ($1.62 in chips) 
Seat 4: Dorex2007 ($2 in chips) 
Seat 5: pituwini ($0.80 in chips) 
Seat 6: gjrth6969 ($2.87 in chips) 
Seat 8: okotokian1 ($2.09 in chips) 
Stormy_88888: posts small blind $0.01
Trindd1: posts big blind $0.02
pituwini: posts big blind $0.02
*** HOLE CARDS ***
Dealt to Dorex2007 [Ac 9h]
HortonRoundtree: folds 
Dorex2007: folds 
pituwini: checks 
gjrth6969: folds 
okotokian1: folds 
Stormy_88888: raises $0.04 to $0.06
Trindd1: folds 
pituwini: calls $0.04
*** FLOP *** [7c 6h 3s]
Stormy_88888: bets $0.08
pituwini: calls $0.08
*** TURN *** [7c 6h 3s] [3c]
Stormy_88888: bets $0.12
pituwini: folds 
Uncalled bet ($0.12) returned to Stormy_88888
Stormy_88888 collected $0.29 from pot
Stormy_88888: doesn't show hand 
*** SUMMARY ***
Total pot $0.30 | Rake $0.01 
Board [7c 6h 3s 3c]
Seat 1: Stormy_88888 (small blind) collected ($0.29)
Seat 2: Trindd1 (big blind) folded before Flop
Seat 3: HortonRoundtree folded before Flop (didn't bet)
Seat 4: Dorex2007 folded before Flop (didn't bet)
Seat 5: pituwini folded on the Turn
Seat 6: gjrth6969 folded before Flop (didn't bet)
Seat 8: okotokian1 (button) folded before Flop (didn't bet)



PokerStars Hand #232621260994:  Hold'em No Limit ($0.01/$0.02 USD) - 2021/12/28 19:58:22 PT [2021/12/28 22:58:22 ET]
Table 'Ingeborg IV' 9-max Seat #1 is the button
Seat 1: Stormy_88888 ($2.03 in chips) 
Seat 2: Trindd1 ($1.29 in chips) 
Seat 3: HortonRoundtree ($1.62 in chips) 
Seat 4: Dorex2007 ($2 in chips) 
Seat 5: pituwini ($0.66 in chips) 
Seat 6: gjrth6969 ($2.87 in chips) 
Seat 8: okotokian1 ($2.09 in chips) 
Trindd1: posts small blind $0.01
HortonRoundtree: posts big blind $0.02
*** HOLE CARDS ***
Dealt to Dorex2007 [Ts 7c]
Dorex2007: folds 
pituwini: raises $0.02 to $0.04
gjrth6969: folds 
okotokian1: folds 
Stormy_88888: folds 
Trindd1: folds 
HortonRoundtree: calls $0.02
*** FLOP *** [Kd 5c 6d]
HortonRoundtree: checks 
pituwini: checks 
*** TURN *** [Kd 5c 6d] [Th]
HortonRoundtree: checks 
pituwini: bets $0.02
HortonRoundtree: calls $0.02
*** RIVER *** [Kd 5c 6d Th] [6s]
HortonRoundtree: checks 
pituwini: bets $0.60 and is all-in
HortonRoundtree: folds 
Uncalled bet ($0.60) returned to pituwini
pituwini collected $0.13 from pot
pituwini: doesn't show hand 
*** SUMMARY ***
Total pot $0.13 | Rake $0 
Board [Kd 5c 6d Th 6s]
Seat 1: Stormy_88888 (button) folded before Flop (didn't bet)
Seat 2: Trindd1 (small blind) folded before Flop
Seat 3: HortonRoundtree (big blind) folded on the River
Seat 4: Dorex2007 folded before Flop (didn't bet)
Seat 5: pituwini collected ($0.13)
Seat 6: gjrth6969 folded before Flop (didn't bet)
Seat 8: okotokian1 folded before Flop (didn't bet)



PokerStars Hand #232621266864:  Hold'em No Limit ($0.01/$0.02 USD) - 2021/12/28 19:58:56 PT [2021/12/28 22:58:56 ET]
Table 'Ingeborg IV' 9-max Seat #2 is the button
Seat 1: Stormy_88888 ($2.03 in chips) 
Seat 2: Trindd1 ($1.28 in chips) 
Seat 3: HortonRoundtree ($1.56 in chips) 
Seat 4: Dorex2007 ($2 in chips) 
Seat 5: pituwini ($0.73 in chips) 
Seat 6: gjrth6969 ($2.87 in chips) 
Seat 8: okotokian1 ($2.09 in chips) 
HortonRoundtree: posts small blind $0.01
Dorex2007: posts big blind $0.02
*** HOLE CARDS ***
Dealt to Dorex2007 [6c 8d]
pituwini: folds 
gjrth6969: raises $0.03 to $0.05
okotokian1: folds 
Stormy_88888: folds 
Trindd1: folds 
HortonRoundtree: folds 
Dorex2007: folds 
Uncalled bet ($0.03) returned to gjrth6969
gjrth6969 collected $0.05 from pot
gjrth6969: doesn't show hand 
*** SUMMARY ***
Total pot $0.05 | Rake $0 
Seat 1: Stormy_88888 folded before Flop (didn't bet)
Seat 2: Trindd1 (button) folded before Flop (didn't bet)
Seat 3: HortonRoundtree (small blind) folded before Flop
Seat 4: Dorex2007 (big blind) folded before Flop
Seat 5: pituwini folded before Flop (didn't bet)
Seat 6: gjrth6969 collected ($0.05)
Seat 8: okotokian1 folded before Flop (didn't bet)



PokerStars Hand #232621269056:  Hold'em No Limit ($0.01/$0.02 USD) - 2021/12/28 19:59:09 PT [2021/12/28 22:59:09 ET]
Table 'Ingeborg IV' 9-max Seat #3 is the button
Seat 1: Stormy_88888 ($2.03 in chips) 
Seat 2: Trindd1 ($1.28 in chips) 
Seat 3: HortonRoundtree ($1.55 in chips) 
Seat 4: Dorex2007 ($2 in chips) 
Seat 5: pituwini ($0.73 in chips) 
Seat 6: gjrth6969 ($2.90 in chips) 
Seat 8: okotokian1 ($2.09 in chips) 
Dorex2007: posts small blind $0.01
pituwini: posts big blind $0.02
*** HOLE CARDS ***
Dealt to Dorex2007 [Qs 7h]
gjrth6969: folds 
okotokian1: folds 
Stormy_88888: folds 
Trindd1: calls $0.02
HortonRoundtree: folds 
Dorex2007: folds 
pituwini: raises $0.08 to $0.10
Trindd1: folds 
Uncalled bet ($0.08) returned to pituwini
pituwini collected $0.05 from pot
pituwini: doesn't show hand 
*** SUMMARY ***
Total pot $0.05 | Rake $0 
Seat 1: Stormy_88888 folded before Flop (didn't bet)
Seat 2: Trindd1 folded before Flop
Seat 3: HortonRoundtree (button) folded before Flop (didn't bet)
Seat 4: Dorex2007 (small blind) folded before Flop
Seat 5: pituwini (big blind) collected ($0.05)
Seat 6: gjrth6969 folded before Flop (didn't bet)
Seat 8: okotokian1 folded before Flop (didn't bet)



PokerStars Hand #232621274090:  Hold'em No Limit ($0.01/$0.02 USD) - 2021/12/28 19:59:39 PT [2021/12/28 22:59:39 ET]
Table 'Ingeborg IV' 9-max Seat #4 is the button
Seat 1: Stormy_88888 ($2.03 in chips) 
Seat 2: Trindd1 ($1.26 in chips) 
Seat 3: HortonRoundtree ($1.55 in chips) 
Seat 4: Dorex2007 ($2 in chips) 
Seat 5: pituwini ($0.76 in chips) 
Seat 6: gjrth6969 ($2.90 in chips) 
Seat 8: okotokian1 ($2.09 in chips) 
pituwini: posts small blind $0.01
gjrth6969: posts big blind $0.02
*** HOLE CARDS ***
Dealt to Dorex2007 [7d Td]
okotokian1: folds 
Stormy_88888: folds 
Trindd1: folds 
HortonRoundtree: calls $0.02
Dorex2007: folds 
pituwini: raises $0.10 to $0.12
gjrth6969: folds 
HortonRoundtree: calls $0.10
*** FLOP *** [8d Jc Qh]
pituwini: bets $0.64 and is all-in
HortonRoundtree: calls $0.64
*** TURN *** [8d Jc Qh] [2d]
*** RIVER *** [8d Jc Qh 2d] [Kh]
*** SHOW DOWN ***
pituwini: shows [Ks Ah] (a pair of Kings)
HortonRoundtree: shows [Th Tc] (a pair of Tens)
pituwini collected $1.49 from pot
*** SUMMARY ***
Total pot $1.54 | Rake $0.05 
Board [8d Jc Qh 2d Kh]
Seat 1: Stormy_88888 folded before Flop (didn't bet)
Seat 2: Trindd1 folded before Flop (didn't bet)
Seat 3: HortonRoundtree showed [Th Tc] and lost with a pair of Tens
Seat 4: Dorex2007 (button) folded before Flop (didn't bet)
Seat 5: pituwini (small blind) showed [Ks Ah] and won ($1.49) with a pair of Kings
Seat 6: gjrth6969 (big blind) folded before Flop
Seat 8: okotokian1 folded before Flop (didn't bet)



PokerStars Hand #232621279875:  Hold'em No Limit ($0.01/$0.02 USD) - 2021/12/28 20:00:12 PT [2021/12/28 23:00:12 ET]
Table 'Ingeborg IV' 9-max Seat #5 is the button
Seat 1: Stormy_88888 ($2.03 in chips) 
Seat 2: Trindd1 ($1.26 in chips) 
Seat 3: HortonRoundtree ($0.79 in chips) 
Seat 4: Dorex2007 ($2 in chips) 
Seat 5: pituwini ($1.49 in chips) 
Seat 6: gjrth6969 ($2.88 in chips) 
Seat 8: okotokian1 ($2.09 in chips) 
gjrth6969: posts small blind $0.01
okotokian1: posts big blind $0.02
*** HOLE CARDS ***
Dealt to Dorex2007 [4s 5c]
Stormy_88888: folds 
Trindd1: raises $0.02 to $0.04
HortonRoundtree: folds 
Dorex2007: folds 
pituwini: folds 
gjrth6969: folds 
okotokian1: folds 
Uncalled bet ($0.02) returned to Trindd1
Trindd1 collected $0.05 from pot
*** SUMMARY ***
Total pot $0.05 | Rake $0 
Seat 1: Stormy_88888 folded before Flop (didn't bet)
Seat 2: Trindd1 collected ($0.05)
Seat 3: HortonRoundtree folded before Flop (didn't bet)
Seat 4: Dorex2007 folded before Flop (didn't bet)
Seat 5: pituwini (button) folded before Flop (didn't bet)
Seat 6: gjrth6969 (small blind) folded before Flop
Seat 8: okotokian1 (big blind) folded before Flop



PokerStars Hand #232621282442:  Hold'em No Limit ($0.01/$0.02 USD) - 2021/12/28 20:00:26 PT [2021/12/28 23:00:26 ET]
Table 'Ingeborg IV' 9-max Seat #6 is the button
Seat 1: Stormy_88888 ($2.03 in chips) 
Seat 2: Trindd1 ($1.29 in chips) 
Seat 3: HortonRoundtree ($0.79 in chips) 
Seat 4: Dorex2007 ($2 in chips) 
Seat 5: pituwini ($1.49 in chips) 
Seat 6: gjrth6969 ($2.87 in chips) 
Seat 8: okotokian1 ($2.07 in chips) 
okotokian1: posts small blind $0.01
Stormy_88888: posts big blind $0.02
*** HOLE CARDS ***
Dealt to Dorex2007 [6d 4h]
Trindd1: calls $0.02
HortonRoundtree: folds 
Dorex2007: folds 
pituwini: calls $0.02
gjrth6969: raises $0.09 to $0.11
okotokian1: folds 
Stormy_88888: folds 
Trindd1: folds 
pituwini: calls $0.09
*** FLOP *** [Kh Kd Qd]
pituwini: checks 
gjrth6969: checks 
*** TURN *** [Kh Kd Qd] [7h]
pituwini: checks 
gjrth6969: bets $0.13
pituwini: folds 
Uncalled bet ($0.13) returned to gjrth6969
gjrth6969 collected $0.26 from pot
mvscdrqcdl leaves the table
gjrth6969: doesn't show hand 
*** SUMMARY ***
Total pot $0.27 | Rake $0.01 
Board [Kh Kd Qd 7h]
Seat 1: Stormy_88888 (big blind) folded before Flop
Seat 2: Trindd1 folded before Flop
Seat 3: HortonRoundtree folded before Flop (didn't bet)
Seat 4: Dorex2007 folded before Flop (didn't bet)
Seat 5: pituwini folded on the Turn
Seat 6: gjrth6969 (button) collected ($0.26)
Seat 8: okotokian1 (small blind) folded before Flop



PokerStars Hand #232621289717:  Hold'em No Limit ($0.01/$0.02 USD) - 2021/12/28 20:01:04 PT [2021/12/28 23:01:04 ET]
Table 'Ingeborg IV' 9-max Seat #8 is the button
Seat 1: Stormy_88888 ($2.01 in chips) 
Seat 2: Trindd1 ($1.27 in chips) 
Seat 3: HortonRoundtree ($0.79 in chips) 
Seat 4: Dorex2007 ($2 in chips) 
Seat 5: pituwini ($1.38 in chips) 
Seat 6: gjrth6969 ($3.02 in chips) 
Seat 8: okotokian1 ($2.06 in chips) 
Stormy_88888: posts small blind $0.01
Trindd1: posts big blind $0.02
*** HOLE CARDS ***
Dealt to Dorex2007 [7s 3h]
HortonRoundtree: folds 
Dorex2007: folds 
pituwini: folds 
gjrth6969: folds 
okotokian1: folds 
Stormy_88888: calls $0.01
Trindd1: raises $0.02 to $0.04
Stormy_88888: calls $0.02
*** FLOP *** [6h Ac 9d]
Stormy_88888: checks 
Trindd1: bets $0.04
Stormy_88888: raises $0.08 to $0.12
Trindd1: raises $0.08 to $0.20
Stormy_88888: calls $0.08
*** TURN *** [6h Ac 9d] [Kc]
Stormy_88888: checks 
Trindd1: bets $1.03 and is all-in
Stormy_88888: folds 
Uncalled bet ($1.03) returned to Trindd1
Trindd1 collected $0.46 from pot
Trindd1: doesn't show hand 
*** SUMMARY ***
Total pot $0.48 | Rake $0.02 
Board [6h Ac 9d Kc]
Seat 1: Stormy_88888 (small blind) folded on the Turn
Seat 2: Trindd1 (big blind) collected ($0.46)
Seat 3: HortonRoundtree folded before Flop (didn't bet)
Seat 4: Dorex2007 folded before Flop (didn't bet)
Seat 5: pituwini folded before Flop (didn't bet)
Seat 6: gjrth6969 folded before Flop (didn't bet)
Seat 8: okotokian1 (button) folded before Flop (didn't bet)



PokerStars Hand #232621300462:  Hold'em No Limit ($0.01/$0.02 USD) - 2021/12/28 20:01:58 PT [2021/12/28 23:01:58 ET]
Table 'Ingeborg IV' 9-max Seat #1 is the button
Seat 1: Stormy_88888 ($1.77 in chips) 
Seat 2: Trindd1 ($1.49 in chips) 
Seat 3: HortonRoundtree ($0.79 in chips) 
Seat 4: Dorex2007 ($2 in chips) 
Seat 5: pituwini ($1.38 in chips) 
Seat 6: gjrth6969 ($3.02 in chips) 
Seat 8: okotokian1 ($2.06 in chips) 
Trindd1: posts small blind $0.01
HortonRoundtree: posts big blind $0.02
Nicolai5115: sits out 
*** HOLE CARDS ***
Dealt to Dorex2007 [Ah Jh]
Dorex2007: raises $0.02 to $0.04
pituwini: calls $0.04
gjrth6969: folds 
okotokian1: folds 
Stormy_88888: folds 
Trindd1: calls $0.03
HortonRoundtree: folds 
*** FLOP *** [3c 7d 9h]
Trindd1: bets $0.07
Dorex2007: folds 
pituwini: folds 
Uncalled bet ($0.07) returned to Trindd1
Trindd1 collected $0.14 from pot
Trindd1: doesn't show hand 
*** SUMMARY ***
Total pot $0.14 | Rake $0 
Board [3c 7d 9h]
Seat 1: Stormy_88888 (button) folded before Flop (didn't bet)
Seat 2: Trindd1 (small blind) collected ($0.14)
Seat 3: HortonRoundtree (big blind) folded before Flop
Seat 4: Dorex2007 folded on the Flop
Seat 5: pituwini folded on the Flop
Seat 6: gjrth6969 folded before Flop (didn't bet)
Seat 8: okotokian1 folded before Flop (didn't bet)



PokerStars Hand #232621307292:  Hold'em No Limit ($0.01/$0.02 USD) - 2021/12/28 20:02:31 PT [2021/12/28 23:02:31 ET]
Table 'Ingeborg IV' 9-max Seat #2 is the button
Seat 1: Stormy_88888 ($1.77 in chips) 
Seat 2: Trindd1 ($1.59 in chips) 
Seat 3: HortonRoundtree ($0.77 in chips) 
Seat 4: Dorex2007 ($2 in chips) 
Seat 5: pituwini ($1.34 in chips) 
Seat 6: gjrth6969 ($3.02 in chips) 
Seat 8: okotokian1 ($2.06 in chips) 
HortonRoundtree: posts small blind $0.01
Dorex2007: posts big blind $0.02
Nicolai5115: sits out 
*** HOLE CARDS ***
Dealt to Dorex2007 [6s Qd]
pituwini: calls $0.02
gjrth6969: folds 
okotokian1: folds 
Stormy_88888: folds 
Trindd1: folds 
HortonRoundtree: folds 
Dorex2007: checks 
*** FLOP *** [Td Ac Ah]
Dorex2007: checks 
pituwini: bets $0.02
Dorex2007: folds 
Uncalled bet ($0.02) returned to pituwini
pituwini collected $0.05 from pot
pituwini: doesn't show hand 
*** SUMMARY ***
Total pot $0.05 | Rake $0 
Board [Td Ac Ah]
Seat 1: Stormy_88888 folded before Flop (didn't bet)
Seat 2: Trindd1 (button) folded before Flop (didn't bet)
Seat 3: HortonRoundtree (small blind) folded before Flop
Seat 4: Dorex2007 (big blind) folded on the Flop
Seat 5: pituwini collected ($0.05)
Seat 6: gjrth6969 folded before Flop (didn't bet)
Seat 8: okotokian1 folded before Flop (didn't bet)



PokerStars Hand #232621311758:  Hold'em No Limit ($0.01/$0.02 USD) - 2021/12/28 20:02:53 PT [2021/12/28 23:02:53 ET]
Table 'Ingeborg IV' 9-max Seat #3 is the button
Seat 1: Stormy_88888 ($1.77 in chips) 
Seat 3: HortonRoundtree ($0.76 in chips) 
Seat 4: Dorex2007 ($2 in chips) 
Seat 5: pituwini ($1.37 in chips) 
Seat 6: gjrth6969 ($3.02 in chips) 
Seat 8: okotokian1 ($2.06 in chips) 
Dorex2007: posts small blind $0.01
pituwini: posts big blind $0.02
Nicolai5115: sits out 
*** HOLE CARDS ***
Dealt to Dorex2007 [4d 4c]
gjrth6969: folds 
okotokian1: folds 
Thiagovisk_DF joins the table at seat #9 
Stormy_88888: folds 
HortonRoundtree: folds 
Dorex2007: calls $0.01
pituwini: checks 
*** FLOP *** [9d 7s 3d]
Trindd1 leaves the table
Dorex2007: checks 
pituwini: checks 
*** TURN *** [9d 7s 3d] [9s]
Dorex2007: checks 
pituwini: checks 
*** RIVER *** [9d 7s 3d 9s] [9h]
Dorex2007: bets $0.03
pituwini: folds 
Uncalled bet ($0.03) returned to Dorex2007
Dorex2007 collected $0.04 from pot
Dorex2007: doesn't show hand 
*** SUMMARY ***
Total pot $0.04 | Rake $0 
Board [9d 7s 3d 9s 9h]
Seat 1: Stormy_88888 folded before Flop (didn't bet)
Seat 3: HortonRoundtree (button) folded before Flop (didn't bet)
Seat 4: Dorex2007 (small blind) collected ($0.04)
Seat 5: pituwini (big blind) folded on the River
Seat 6: gjrth6969 folded before Flop (didn't bet)
Seat 8: okotokian1 folded before Flop (didn't bet)



PokerStars Hand #232621318698:  Hold'em No Limit ($0.01/$0.02 USD) - 2021/12/28 20:03:28 PT [2021/12/28 23:03:28 ET]
Table 'Ingeborg IV' 9-max Seat #4 is the button
Seat 1: Stormy_88888 ($1.77 in chips) 
Seat 3: HortonRoundtree ($0.76 in chips) 
Seat 4: Dorex2007 ($2.02 in chips) 
Seat 5: pituwini ($1.35 in chips) 
Seat 6: gjrth6969 ($3.02 in chips) 
Seat 8: okotokian1 ($2.06 in chips) 
Seat 9: Thiagovisk_DF ($0.80 in chips) 
pituwini: posts small blind $0.01
gjrth6969: posts big blind $0.02
Nicolai5115: sits out 
Thiagovisk_DF: posts big blind $0.02
*** HOLE CARDS ***
Dealt to Dorex2007 [4c 4d]
okotokian1: folds 
Thiagovisk_DF: checks 
Stormy_88888: folds 
HortonRoundtree: folds 
Dorex2007: calls $0.02
pituwini: folds 
gjrth6969: raises $0.07 to $0.09
Thiagovisk_DF: calls $0.07
Dorex2007: folds 
*** FLOP *** [3c 6s 4h]
gjrth6969: checks 
Thiagovisk_DF: checks 
*** TURN *** [3c 6s 4h] [9h]
gjrth6969: checks 
Thiagovisk_DF: bets $0.08
gjrth6969: folds 
Uncalled bet ($0.08) returned to Thiagovisk_DF
Thiagovisk_DF collected $0.20 from pot
Thiagovisk_DF: doesn't show hand 
*** SUMMARY ***
Total pot $0.21 | Rake $0.01 
Board [3c 6s 4h 9h]
Seat 1: Stormy_88888 folded before Flop (didn't bet)
Seat 3: HortonRoundtree folded before Flop (didn't bet)
Seat 4: Dorex2007 (button) folded before Flop
Seat 5: pituwini (small blind) folded before Flop
Seat 6: gjrth6969 (big blind) folded on the Turn
Seat 8: okotokian1 folded before Flop (didn't bet)
Seat 9: Thiagovisk_DF collected ($0.20)



PokerStars Hand #232621330205:  Hold'em No Limit ($0.01/$0.02 USD) - 2021/12/28 20:04:03 PT [2021/12/28 23:04:03 ET]
Table 'Ingeborg IV' 9-max Seat #5 is the button
Seat 1: Stormy_88888 ($1.77 in chips) 
Seat 3: HortonRoundtree ($0.76 in chips) 
Seat 4: Dorex2007 ($2 in chips) 
Seat 5: pituwini ($1.34 in chips) 
Seat 6: gjrth6969 ($2.93 in chips) 
Seat 7: Nicolai5115 ($1.04 in chips) 
Seat 8: okotokian1 ($2.06 in chips) 
Seat 9: Thiagovisk_DF ($0.91 in chips) 
gjrth6969: posts small blind $0.01
Nicolai5115: posts big blind $0.02
*** HOLE CARDS ***
Dealt to Dorex2007 [Td Th]
okotokian1: folds 
Thiagovisk_DF: folds 
Stormy_88888: folds 
HortonRoundtree: folds 
Dorex2007: raises $0.04 to $0.06
pituwini: folds 
gjrth6969: raises $0.14 to $0.20
Nicolai5115: folds 
Dorex2007: calls $0.14
*** FLOP *** [Jd Jh 5s]
gjrth6969: checks 
Dorex2007: bets $0.21
gjrth6969: folds 
Uncalled bet ($0.21) returned to Dorex2007
Dorex2007 collected $0.41 from pot
Dorex2007: doesn't show hand 
*** SUMMARY ***
Total pot $0.42 | Rake $0.01 
Board [Jd Jh 5s]
Seat 1: Stormy_88888 folded before Flop (didn't bet)
Seat 3: HortonRoundtree folded before Flop (didn't bet)
Seat 4: Dorex2007 collected ($0.41)
Seat 5: pituwini (button) folded before Flop (didn't bet)
Seat 6: gjrth6969 (small blind) folded on the Flop
Seat 7: Nicolai5115 (big blind) folded before Flop
Seat 8: okotokian1 folded before Flop (didn't bet)
Seat 9: Thiagovisk_DF folded before Flop (didn't bet)



PokerStars Hand #232621336462:  Hold'em No Limit ($0.01/$0.02 USD) - 2021/12/28 20:04:34 PT [2021/12/28 23:04:34 ET]
Table 'Ingeborg IV' 9-max Seat #6 is the button
Seat 1: Stormy_88888 ($1.77 in chips) 
Seat 3: HortonRoundtree ($0.76 in chips) 
Seat 4: Dorex2007 ($2.21 in chips) 
Seat 5: pituwini ($1.34 in chips) 
Seat 6: gjrth6969 ($2.73 in chips) 
Seat 7: Nicolai5115 ($1.02 in chips) 
Seat 8: okotokian1 ($2.06 in chips) 
Seat 9: Thiagovisk_DF ($0.91 in chips) 
Nicolai5115: posts small blind $0.01
okotokian1: posts big blind $0.02
*** HOLE CARDS ***
Dealt to Dorex2007 [8h Td]
Thiagovisk_DF: folds 
Stormy_88888: folds 
HortonRoundtree: calls $0.02
Dorex2007: folds 
pituwini: folds 
gjrth6969: raises $0.07 to $0.09
Nicolai5115: folds 
okotokian1: folds 
gamzat 4. joins the table at seat #2 
HortonRoundtree: calls $0.07
*** FLOP *** [2h 5h 5d]
HortonRoundtree: checks 
gjrth6969: bets $0.10
HortonRoundtree: calls $0.10
*** TURN *** [2h 5h 5d] [Tc]
HortonRoundtree: checks 
gjrth6969: checks 
*** RIVER *** [2h 5h 5d Tc] [8d]
HortonRoundtree: bets $0.57 and is all-in
gjrth6969: folds 
Uncalled bet ($0.57) returned to HortonRoundtree
HortonRoundtree collected $0.40 from pot
HortonRoundtree: doesn't show hand 
*** SUMMARY ***
Total pot $0.41 | Rake $0.01 
Board [2h 5h 5d Tc 8d]
Seat 1: Stormy_88888 folded before Flop (didn't bet)
Seat 3: HortonRoundtree collected ($0.40)
Seat 4: Dorex2007 folded before Flop (didn't bet)
Seat 5: pituwini folded before Flop (didn't bet)
Seat 6: gjrth6969 (button) folded on the River
Seat 7: Nicolai5115 (small blind) folded before Flop
Seat 8: okotokian1 (big blind) folded before Flop
Seat 9: Thiagovisk_DF folded before Flop (didn't bet)



PokerStars Hand #232621346270:  Hold'em No Limit ($0.01/$0.02 USD) - 2021/12/28 20:05:22 PT [2021/12/28 23:05:22 ET]
Table 'Ingeborg IV' 9-max Seat #7 is the button
Seat 1: Stormy_88888 ($1.77 in chips) 
Seat 3: HortonRoundtree ($0.97 in chips) 
Seat 4: Dorex2007 ($2.21 in chips) 
Seat 5: pituwini ($1.34 in chips) 
Seat 6: gjrth6969 ($2.54 in chips) 
Seat 7: Nicolai5115 ($1.01 in chips) 
Seat 8: okotokian1 ($2.04 in chips) 
Seat 9: Thiagovisk_DF ($0.91 in chips) 
okotokian1: posts small blind $0.01
Thiagovisk_DF: posts big blind $0.02
gamzat 4.: sits out 
*** HOLE CARDS ***
Dealt to Dorex2007 [Ad 6h]
Stormy_88888: folds 
HortonRoundtree: folds 
Dorex2007: folds 
pituwini: folds 
gjrth6969: raises $0.03 to $0.05
Nicolai5115: folds 
okotokian1: folds 
Thiagovisk_DF: folds 
Uncalled bet ($0.03) returned to gjrth6969
gjrth6969 collected $0.05 from pot
gjrth6969: doesn't show hand 
*** SUMMARY ***
Total pot $0.05 | Rake $0 
Seat 1: Stormy_88888 folded before Flop (didn't bet)
Seat 3: HortonRoundtree folded before Flop (didn't bet)
Seat 4: Dorex2007 folded before Flop (didn't bet)
Seat 5: pituwini folded before Flop (didn't bet)
Seat 6: gjrth6969 collected ($0.05)
Seat 7: Nicolai5115 (button) folded before Flop (didn't bet)
Seat 8: okotokian1 (small blind) folded before Flop
Seat 9: Thiagovisk_DF (big blind) folded before Flop



PokerStars Hand #232621350109:  Hold'em No Limit ($0.01/$0.02 USD) - 2021/12/28 20:05:41 PT [2021/12/28 23:05:41 ET]
Table 'Ingeborg IV' 9-max Seat #8 is the button
Seat 1: Stormy_88888 ($1.77 in chips) 
Seat 3: HortonRoundtree ($0.97 in chips) 
Seat 4: Dorex2007 ($2.21 in chips) 
Seat 5: pituwini ($1.34 in chips) 
Seat 6: gjrth6969 ($2.57 in chips) 
Seat 7: Nicolai5115 ($1.01 in chips) 
Seat 8: okotokian1 ($2.03 in chips) 
Seat 9: Thiagovisk_DF ($0.89 in chips) 
Thiagovisk_DF: posts small blind $0.01
Stormy_88888: posts big blind $0.02
gamzat 4.: sits out 
*** HOLE CARDS ***
Dealt to Dorex2007 [3h Ah]
HortonRoundtree: folds 
Dorex2007: raises $0.02 to $0.04
pituwini: folds 
gjrth6969: calls $0.04
Nicolai5115: folds 
okotokian1: calls $0.04
Thiagovisk_DF: calls $0.03
Stormy_88888: folds 
*** FLOP *** [Jc Tc 9h]
Thiagovisk_DF: checks 
Dorex2007: checks 
gjrth6969: bets $0.09
okotokian1: folds 
Thiagovisk_DF: folds 
Dorex2007: folds 
Uncalled bet ($0.09) returned to gjrth6969
gjrth6969 collected $0.17 from pot
gjrth6969: doesn't show hand 
*** SUMMARY ***
Total pot $0.18 | Rake $0.01 
Board [Jc Tc 9h]
Seat 1: Stormy_88888 (big blind) folded before Flop
Seat 3: HortonRoundtree folded before Flop (didn't bet)
Seat 4: Dorex2007 folded on the Flop
Seat 5: pituwini folded before Flop (didn't bet)
Seat 6: gjrth6969 collected ($0.17)
Seat 7: Nicolai5115 folded before Flop (didn't bet)
Seat 8: okotokian1 (button) folded on the Flop
Seat 9: Thiagovisk_DF (small blind) folded on the Flop



PokerStars Hand #232621357519:  Hold'em No Limit ($0.01/$0.02 USD) - 2021/12/28 20:06:18 PT [2021/12/28 23:06:18 ET]
Table 'Ingeborg IV' 9-max Seat #9 is the button
Seat 1: Stormy_88888 ($1.75 in chips) 
Seat 2: gamzat 4. ($2 in chips) 
Seat 3: HortonRoundtree ($0.97 in chips) 
Seat 4: Dorex2007 ($2.17 in chips) 
Seat 5: pituwini ($1.34 in chips) 
Seat 6: gjrth6969 ($2.70 in chips) 
Seat 7: Nicolai5115 ($1.01 in chips) 
Seat 8: okotokian1 ($2 in chips) 
Seat 9: Thiagovisk_DF ($0.85 in chips) 
Stormy_88888: posts small blind $0.01
gamzat 4.: posts big blind $0.02
*** HOLE CARDS ***
Dealt to Dorex2007 [Td Ad]
HortonRoundtree: folds 
Dorex2007: raises $0.04 to $0.06
pituwini: raises $0.04 to $0.10
gjrth6969: raises $0.29 to $0.39
Nicolai5115: folds 
okotokian1: folds 
Thiagovisk_DF: folds 
Stormy_88888: folds 
gamzat 4.: folds 
Dorex2007: folds 
pituwini: raises $0.95 to $1.34 and is all-in
gjrth6969: calls $0.95
*** FLOP *** [6s 7s Qh]
*** TURN *** [6s 7s Qh] [Jh]
*** RIVER *** [6s 7s Qh Jh] [Kc]
*** SHOW DOWN ***
pituwini: shows [9c 9h] (a pair of Nines)
gjrth6969: shows [Kh Kd] (three of a kind, Kings)
gjrth6969 collected $2.67 from pot
*** SUMMARY ***
Total pot $2.77 | Rake $0.10 
Board [6s 7s Qh Jh Kc]
Seat 1: Stormy_88888 (small blind) folded before Flop
Seat 2: gamzat 4. (big blind) folded before Flop
Seat 3: HortonRoundtree folded before Flop (didn't bet)
Seat 4: Dorex2007 folded before Flop
Seat 5: pituwini showed [9c 9h] and lost with a pair of Nines
Seat 6: gjrth6969 showed [Kh Kd] and won ($2.67) with three of a kind, Kings
Seat 7: Nicolai5115 folded before Flop (didn't bet)
Seat 8: okotokian1 folded before Flop (didn't bet)
Seat 9: Thiagovisk_DF (button) folded before Flop (didn't bet)



