PokerStars Hand #238885037360:  Hold'em No Limit ($0.02/$0.05 USD) - 2022/09/26 22:30:00 PT [2022/09/27 1:30:00 ET]
Table 'Klytaemnestra' 9-max Seat #9 is the button
Seat 1: wilrg ($2.35 in chips) 
Seat 2: k4N12 ($1.90 in chips) 
Seat 3: michalhotel ($10.43 in chips) 
Seat 4: ismaelcardenasp ($5 in chips) 
Seat 5: L1mp007 ($5 in chips) 
Seat 6: CasinoReal46 ($2.12 in chips) 
Seat 7: Templar85 ($5.06 in chips) 
Seat 8: Dorex2007 ($5 in chips) 
Seat 9: w3sby ($8.39 in chips) 
wilrg: posts small blind $0.02
k4N12: posts big blind $0.05
Dorex2007: posts big blind $0.05
*** HOLE CARDS ***
Dealt to Dorex2007 [Kc 3s]
michalhotel: folds 
ismaelcardenasp: raises $0.07 to $0.12
L1mp007: folds 
CasinoReal46: folds 
Templar85: folds 
Dorex2007: folds 
w3sby: folds 
wilrg: folds 
k4N12: calls $0.07
*** FLOP *** [Qh 2d As]
k4N12: checks 
ismaelcardenasp: bets $0.09
k4N12: folds 
Uncalled bet ($0.09) returned to ismaelcardenasp
ismaelcardenasp collected $0.30 from pot
*** SUMMARY ***
Total pot $0.31 | Rake $0.01 
Board [Qh 2d As]
Seat 1: wilrg (small blind) folded before Flop
Seat 2: k4N12 (big blind) folded on the Flop
Seat 3: michalhotel folded before Flop (didn't bet)
Seat 4: ismaelcardenasp collected ($0.30)
Seat 5: L1mp007 folded before Flop (didn't bet)
Seat 6: CasinoReal46 folded before Flop (didn't bet)
Seat 7: Templar85 folded before Flop (didn't bet)
Seat 8: Dorex2007 folded before Flop (didn't bet)
Seat 9: w3sby (button) folded before Flop (didn't bet)



PokerStars Hand #238885042134:  Hold'em No Limit ($0.02/$0.05 USD) - 2022/09/26 22:30:46 PT [2022/09/27 1:30:46 ET]
Table 'Klytaemnestra' 9-max Seat #1 is the button
Seat 1: wilrg ($2.33 in chips) 
Seat 2: k4N12 ($1.78 in chips) 
Seat 3: michalhotel ($10.43 in chips) 
Seat 4: ismaelcardenasp ($5.18 in chips) 
Seat 5: L1mp007 ($5 in chips) 
Seat 6: CasinoReal46 ($2.12 in chips) 
Seat 7: Templar85 ($5.06 in chips) 
Seat 8: Dorex2007 ($5 in chips) 
Seat 9: w3sby ($8.39 in chips) 
k4N12: posts small blind $0.02
michalhotel: posts big blind $0.05
*** HOLE CARDS ***
Dealt to Dorex2007 [4h 9s]
ismaelcardenasp: folds 
L1mp007: folds 
CasinoReal46: folds 
Templar85: folds 
Dorex2007: folds 
w3sby: folds 
wilrg: folds 
k4N12: folds 
Uncalled bet ($0.03) returned to michalhotel
michalhotel collected $0.04 from pot
michalhotel: doesn't show hand 
*** SUMMARY ***
Total pot $0.04 | Rake $0 
Seat 1: wilrg (button) folded before Flop (didn't bet)
Seat 2: k4N12 (small blind) folded before Flop
Seat 3: michalhotel (big blind) collected ($0.04)
Seat 4: ismaelcardenasp folded before Flop (didn't bet)
Seat 5: L1mp007 folded before Flop (didn't bet)
Seat 6: CasinoReal46 folded before Flop (didn't bet)
Seat 7: Templar85 folded before Flop (didn't bet)
Seat 8: Dorex2007 folded before Flop (didn't bet)
Seat 9: w3sby folded before Flop (didn't bet)



PokerStars Hand #238885043805:  Hold'em No Limit ($0.02/$0.05 USD) - 2022/09/26 22:31:02 PT [2022/09/27 1:31:02 ET]
Table 'Klytaemnestra' 9-max Seat #2 is the button
Seat 1: wilrg ($2.33 in chips) 
Seat 2: k4N12 ($1.76 in chips) 
Seat 3: michalhotel ($10.45 in chips) 
Seat 4: ismaelcardenasp ($5.18 in chips) 
Seat 5: L1mp007 ($5 in chips) 
Seat 6: CasinoReal46 ($2.12 in chips) 
Seat 7: Templar85 ($5.06 in chips) 
Seat 8: Dorex2007 ($5 in chips) 
Seat 9: w3sby ($8.39 in chips) 
michalhotel: posts small blind $0.02
ismaelcardenasp: posts big blind $0.05
*** HOLE CARDS ***
Dealt to Dorex2007 [5h 9s]
L1mp007: folds 
CasinoReal46: folds 
Templar85: folds 
Dorex2007: folds 
w3sby: folds 
wilrg: raises $0.20 to $0.25
k4N12: calls $0.25
michalhotel: folds 
ismaelcardenasp: folds 
*** FLOP *** [2h 3d 8d]
wilrg: bets $0.55
k4N12: folds 
Uncalled bet ($0.55) returned to wilrg
wilrg collected $0.55 from pot
wilrg: doesn't show hand 
*** SUMMARY ***
Total pot $0.57 | Rake $0.02 
Board [2h 3d 8d]
Seat 1: wilrg collected ($0.55)
Seat 2: k4N12 (button) folded on the Flop
Seat 3: michalhotel (small blind) folded before Flop
Seat 4: ismaelcardenasp (big blind) folded before Flop
Seat 5: L1mp007 folded before Flop (didn't bet)
Seat 6: CasinoReal46 folded before Flop (didn't bet)
Seat 7: Templar85 folded before Flop (didn't bet)
Seat 8: Dorex2007 folded before Flop (didn't bet)
Seat 9: w3sby folded before Flop (didn't bet)



PokerStars Hand #238885048142:  Hold'em No Limit ($0.02/$0.05 USD) - 2022/09/26 22:31:45 PT [2022/09/27 1:31:45 ET]
Table 'Klytaemnestra' 9-max Seat #3 is the button
Seat 1: wilrg ($2.63 in chips) 
Seat 2: k4N12 ($1.51 in chips) 
Seat 3: michalhotel ($10.43 in chips) 
Seat 4: ismaelcardenasp ($5.13 in chips) 
Seat 5: L1mp007 ($5 in chips) 
Seat 7: Templar85 ($5.06 in chips) 
Seat 8: Dorex2007 ($5 in chips) 
Seat 9: w3sby ($8.39 in chips) 
ismaelcardenasp: posts small blind $0.02
L1mp007: posts big blind $0.05
*** HOLE CARDS ***
Dealt to Dorex2007 [Ks Ad]
Templar85: folds 
Dorex2007: raises $0.05 to $0.10
w3sby: folds 
wilrg: calls $0.10
k4N12: calls $0.10
michalhotel: folds 
ismaelcardenasp: folds 
L1mp007: calls $0.05
*** FLOP *** [4s Jd Ac]
L1mp007: checks 
Dorex2007: bets $0.27
wilrg: folds 
k4N12: calls $0.27
L1mp007: folds 
*** TURN *** [4s Jd Ac] [Kh]
Dorex2007: bets $0.92
k4N12: folds 
Uncalled bet ($0.92) returned to Dorex2007
Dorex2007 collected $0.92 from pot
Dorex2007: doesn't show hand 
*** SUMMARY ***
Total pot $0.96 | Rake $0.04 
Board [4s Jd Ac Kh]
Seat 1: wilrg folded on the Flop
Seat 2: k4N12 folded on the Turn
Seat 3: michalhotel (button) folded before Flop (didn't bet)
Seat 4: ismaelcardenasp (small blind) folded before Flop
Seat 5: L1mp007 (big blind) folded on the Flop
Seat 7: Templar85 folded before Flop (didn't bet)
Seat 8: Dorex2007 collected ($0.92)
Seat 9: w3sby folded before Flop (didn't bet)



PokerStars Hand #238885054214:  Hold'em No Limit ($0.02/$0.05 USD) - 2022/09/26 22:32:45 PT [2022/09/27 1:32:45 ET]
Table 'Klytaemnestra' 9-max Seat #4 is the button
Seat 1: wilrg ($2.53 in chips) 
Seat 2: k4N12 ($1.14 in chips) 
Seat 3: michalhotel ($10.43 in chips) 
Seat 4: ismaelcardenasp ($5.11 in chips) 
Seat 5: L1mp007 ($4.90 in chips) 
Seat 7: Templar85 ($5.06 in chips) 
Seat 8: Dorex2007 ($5.55 in chips) 
Seat 9: w3sby ($8.39 in chips) 
L1mp007: posts small blind $0.02
Templar85: posts big blind $0.05
*** HOLE CARDS ***
Dealt to Dorex2007 [Ad 7s]
Dorex2007: folds 
w3sby: folds 
wilrg: calls $0.05
k4N12: folds 
michalhotel: folds 
ismaelcardenasp: folds 
L1mp007: raises $0.15 to $0.20
Templar85: raises $0.45 to $0.65
wilrg: folds 
L1mp007: folds 
Uncalled bet ($0.45) returned to Templar85
Templar85 collected $0.45 from pot
Templar85: doesn't show hand 
*** SUMMARY ***
Total pot $0.45 | Rake $0 
Seat 1: wilrg folded before Flop
Seat 2: k4N12 folded before Flop (didn't bet)
Seat 3: michalhotel folded before Flop (didn't bet)
Seat 4: ismaelcardenasp (button) folded before Flop (didn't bet)
Seat 5: L1mp007 (small blind) folded before Flop
Seat 7: Templar85 (big blind) collected ($0.45)
Seat 8: Dorex2007 folded before Flop (didn't bet)
Seat 9: w3sby folded before Flop (didn't bet)



PokerStars Hand #238885057524:  Hold'em No Limit ($0.02/$0.05 USD) - 2022/09/26 22:33:17 PT [2022/09/27 1:33:17 ET]
Table 'Klytaemnestra' 9-max Seat #5 is the button
Seat 1: wilrg ($2.48 in chips) 
Seat 2: k4N12 ($1.14 in chips) 
Seat 3: michalhotel ($10.43 in chips) 
Seat 4: ismaelcardenasp ($5.11 in chips) 
Seat 5: L1mp007 ($5 in chips) 
Seat 7: Templar85 ($5.31 in chips) 
Seat 8: Dorex2007 ($5.55 in chips) 
Seat 9: w3sby ($8.39 in chips) 
Templar85: posts small blind $0.02
Dorex2007: posts big blind $0.05
*** HOLE CARDS ***
Dealt to Dorex2007 [Qd 2h]
w3sby: folds 
wilrg: raises $0.15 to $0.20
k4N12: calls $0.20
michalhotel: folds 
ismaelcardenasp: calls $0.20
L1mp007: folds 
Templar85: folds 
Dorex2007: folds 
*** FLOP *** [3c Ah 8d]
wilrg: bets $0.32
k4N12: folds 
ismaelcardenasp: folds 
Uncalled bet ($0.32) returned to wilrg
wilrg collected $0.64 from pot
wilrg: doesn't show hand 
*** SUMMARY ***
Total pot $0.67 | Rake $0.03 
Board [3c Ah 8d]
Seat 1: wilrg collected ($0.64)
Seat 2: k4N12 folded on the Flop
Seat 3: michalhotel folded before Flop (didn't bet)
Seat 4: ismaelcardenasp folded on the Flop
Seat 5: L1mp007 (button) folded before Flop (didn't bet)
Seat 7: Templar85 (small blind) folded before Flop
Seat 8: Dorex2007 (big blind) folded before Flop
Seat 9: w3sby folded before Flop (didn't bet)



PokerStars Hand #238885061128:  Hold'em No Limit ($0.02/$0.05 USD) - 2022/09/26 22:33:53 PT [2022/09/27 1:33:53 ET]
Table 'Klytaemnestra' 9-max Seat #7 is the button
Seat 1: wilrg ($2.92 in chips) 
Seat 2: k4N12 ($0.94 in chips) 
Seat 3: michalhotel ($10.43 in chips) 
Seat 4: ismaelcardenasp ($4.91 in chips) 
Seat 5: L1mp007 ($5 in chips) 
Seat 6: CasinoReal46 ($2.12 in chips) 
Seat 7: Templar85 ($5.29 in chips) 
Seat 8: Dorex2007 ($5.50 in chips) 
Seat 9: w3sby ($8.39 in chips) 
Dorex2007: posts small blind $0.02
w3sby: posts big blind $0.05
CasinoReal46: posts small & big blinds $0.07
*** HOLE CARDS ***
Dealt to Dorex2007 [Kc 8d]
wilrg: folds 
k4N12: raises $0.10 to $0.15
michalhotel: folds 
ismaelcardenasp has timed out
ismaelcardenasp: folds 
L1mp007: folds 
CasinoReal46: folds 
Templar85: folds 
Dorex2007: folds 
w3sby: folds 
Uncalled bet ($0.10) returned to k4N12
k4N12 collected $0.19 from pot
*** SUMMARY ***
Total pot $0.19 | Rake $0 
Seat 1: wilrg folded before Flop (didn't bet)
Seat 2: k4N12 collected ($0.19)
Seat 3: michalhotel folded before Flop (didn't bet)
Seat 4: ismaelcardenasp folded before Flop (didn't bet)
Seat 5: L1mp007 folded before Flop (didn't bet)
Seat 6: CasinoReal46 folded before Flop (didn't bet)
Seat 7: Templar85 (button) folded before Flop (didn't bet)
Seat 8: Dorex2007 (small blind) folded before Flop
Seat 9: w3sby (big blind) folded before Flop



PokerStars Hand #238885064226:  Hold'em No Limit ($0.02/$0.05 USD) - 2022/09/26 22:34:23 PT [2022/09/27 1:34:23 ET]
Table 'Klytaemnestra' 9-max Seat #8 is the button
Seat 1: wilrg ($2.92 in chips) 
Seat 2: k4N12 ($1.08 in chips) 
Seat 3: michalhotel ($10.43 in chips) 
Seat 5: L1mp007 ($5 in chips) 
Seat 6: CasinoReal46 ($2.05 in chips) 
Seat 7: Templar85 ($5.29 in chips) 
Seat 8: Dorex2007 ($5.48 in chips) 
Seat 9: w3sby ($8.34 in chips) 
w3sby: posts small blind $0.02
wilrg: posts big blind $0.05
*** HOLE CARDS ***
Dealt to Dorex2007 [2c 9c]
k4N12: calls $0.05
michalhotel: folds 
L1mp007: folds 
CasinoReal46: raises $0.15 to $0.20
Templar85: folds 
Dorex2007: folds 
w3sby: folds 
wilrg: folds 
k4N12: calls $0.15
*** FLOP *** [6s Tc Th]
k4N12: checks 
CasinoReal46: bets $0.45
k4N12: folds 
Uncalled bet ($0.45) returned to CasinoReal46
CasinoReal46 collected $0.45 from pot
CasinoReal46: doesn't show hand 
*** SUMMARY ***
Total pot $0.47 | Rake $0.02 
Board [6s Tc Th]
Seat 1: wilrg (big blind) folded before Flop
Seat 2: k4N12 folded on the Flop
Seat 3: michalhotel folded before Flop (didn't bet)
Seat 5: L1mp007 folded before Flop (didn't bet)
Seat 6: CasinoReal46 collected ($0.45)
Seat 7: Templar85 folded before Flop (didn't bet)
Seat 8: Dorex2007 (button) folded before Flop (didn't bet)
Seat 9: w3sby (small blind) folded before Flop



PokerStars Hand #238885067175:  Hold'em No Limit ($0.02/$0.05 USD) - 2022/09/26 22:34:52 PT [2022/09/27 1:34:52 ET]
Table 'Klytaemnestra' 9-max Seat #9 is the button
Seat 1: wilrg ($2.87 in chips) 
Seat 2: k4N12 ($0.88 in chips) 
Seat 3: michalhotel ($10.43 in chips) 
Seat 4: ismaelcardenasp ($5 in chips) 
Seat 5: L1mp007 ($5 in chips) 
Seat 6: CasinoReal46 ($2.30 in chips) 
Seat 7: Templar85 ($5.29 in chips) 
Seat 8: Dorex2007 ($5.48 in chips) 
Seat 9: w3sby ($8.32 in chips) 
wilrg: posts small blind $0.02
k4N12: posts big blind $0.05
*** HOLE CARDS ***
Dealt to Dorex2007 [7c Ah]
michalhotel: folds 
michalhotel leaves the table
ismaelcardenasp: folds 
L1mp007: folds 
CasinoReal46: calls $0.05
Templar85: raises $0.15 to $0.20
Dorex2007: folds 
w3sby: folds 
wilrg: folds 
k4N12: folds 
CasinoReal46: calls $0.15
*** FLOP *** [2d 8s Qs]
CasinoReal46: checks 
Templar85: checks 
*** TURN *** [2d 8s Qs] [Jc]
CasinoReal46: checks 
Templar85: checks 
*** RIVER *** [2d 8s Qs Jc] [8c]
CasinoReal46: checks 
Templar85: checks 
*** SHOW DOWN ***
CasinoReal46: shows [9s As] (a pair of Eights)
Templar85: shows [6c Ac] (a pair of Eights)
CasinoReal46 collected $0.23 from pot
Templar85 collected $0.22 from pot
*** SUMMARY ***
Total pot $0.47 | Rake $0.02 
Board [2d 8s Qs Jc 8c]
Seat 1: wilrg (small blind) folded before Flop
Seat 2: k4N12 (big blind) folded before Flop
Seat 3: michalhotel folded before Flop (didn't bet)
Seat 4: ismaelcardenasp folded before Flop (didn't bet)
Seat 5: L1mp007 folded before Flop (didn't bet)
Seat 6: CasinoReal46 showed [9s As] and won ($0.23) with a pair of Eights
Seat 7: Templar85 showed [6c Ac] and won ($0.22) with a pair of Eights
Seat 8: Dorex2007 folded before Flop (didn't bet)
Seat 9: w3sby (button) folded before Flop (didn't bet)



PokerStars Hand #238885072131:  Hold'em No Limit ($0.02/$0.05 USD) - 2022/09/26 22:35:41 PT [2022/09/27 1:35:41 ET]
Table 'Klytaemnestra' 9-max Seat #1 is the button
Seat 1: wilrg ($2.85 in chips) 
Seat 2: k4N12 ($2.83 in chips) 
Seat 4: ismaelcardenasp ($5 in chips) 
Seat 5: L1mp007 ($5 in chips) 
Seat 6: CasinoReal46 ($2.33 in chips) 
Seat 7: Templar85 ($5.31 in chips) 
Seat 8: Dorex2007 ($5.48 in chips) 
Seat 9: w3sby ($8.32 in chips) 
k4N12: posts small blind $0.02
ismaelcardenasp: posts big blind $0.05
*** HOLE CARDS ***
Dealt to Dorex2007 [4c Ts]
L1mp007: folds 
CasinoReal46: folds 
Templar85: folds 
Dorex2007: folds 
w3sby: raises $0.07 to $0.12
wilrg: folds 
oka0916 joins the table at seat #3 
k4N12: folds 
ismaelcardenasp: folds 
Uncalled bet ($0.07) returned to w3sby
w3sby collected $0.12 from pot
*** SUMMARY ***
Total pot $0.12 | Rake $0 
Seat 1: wilrg (button) folded before Flop (didn't bet)
Seat 2: k4N12 (small blind) folded before Flop
Seat 4: ismaelcardenasp (big blind) folded before Flop
Seat 5: L1mp007 folded before Flop (didn't bet)
Seat 6: CasinoReal46 folded before Flop (didn't bet)
Seat 7: Templar85 folded before Flop (didn't bet)
Seat 8: Dorex2007 folded before Flop (didn't bet)
Seat 9: w3sby collected ($0.12)



PokerStars Hand #238885073777:  Hold'em No Limit ($0.02/$0.05 USD) - 2022/09/26 22:35:57 PT [2022/09/27 1:35:57 ET]
Table 'Klytaemnestra' 9-max Seat #2 is the button
Seat 1: wilrg ($2.85 in chips) 
Seat 2: k4N12 ($2.81 in chips) 
Seat 4: ismaelcardenasp ($4.95 in chips) 
Seat 5: L1mp007 ($5 in chips) 
Seat 6: CasinoReal46 ($2.33 in chips) 
Seat 7: Templar85 ($5.31 in chips) 
Seat 8: Dorex2007 ($5.48 in chips) 
Seat 9: w3sby ($8.39 in chips) 
ismaelcardenasp: posts small blind $0.02
L1mp007: posts big blind $0.05
*** HOLE CARDS ***
Dealt to Dorex2007 [5s 5c]
CasinoReal46: folds 
Templar85: folds 
Dorex2007: calls $0.05
w3sby: folds 
wilrg: calls $0.05
k4N12: calls $0.05
ismaelcardenasp: folds 
L1mp007: checks 
*** FLOP *** [Ks Qh As]
L1mp007: checks 
Dorex2007: checks 
wilrg: checks 
k4N12: checks 
*** TURN *** [Ks Qh As] [6h]
L1mp007: checks 
Dorex2007: checks 
wilrg: checks 
k4N12: checks 
*** RIVER *** [Ks Qh As 6h] [Tc]
L1mp007: checks 
Dorex2007: checks 
wilrg: bets $0.10
k4N12: raises $0.20 to $0.30
L1mp007: folds 
Dorex2007: folds 
wilrg: folds 
Uncalled bet ($0.20) returned to k4N12
k4N12 collected $0.40 from pot
*** SUMMARY ***
Total pot $0.42 | Rake $0.02 
Board [Ks Qh As 6h Tc]
Seat 1: wilrg folded on the River
Seat 2: k4N12 (button) collected ($0.40)
Seat 4: ismaelcardenasp (small blind) folded before Flop
Seat 5: L1mp007 (big blind) folded on the River
Seat 6: CasinoReal46 folded before Flop (didn't bet)
Seat 7: Templar85 folded before Flop (didn't bet)
Seat 8: Dorex2007 folded on the River
Seat 9: w3sby folded before Flop (didn't bet)



PokerStars Hand #238885080251:  Hold'em No Limit ($0.02/$0.05 USD) - 2022/09/26 22:37:01 PT [2022/09/27 1:37:01 ET]
Table 'Klytaemnestra' 9-max Seat #4 is the button
Seat 1: wilrg ($2.70 in chips) 
Seat 2: k4N12 ($3.06 in chips) 
Seat 3: oka0916 ($5 in chips) 
Seat 4: ismaelcardenasp ($5 in chips) 
Seat 5: L1mp007 ($4.95 in chips) 
Seat 6: CasinoReal46 ($2.33 in chips) 
Seat 7: Templar85 ($5.31 in chips) 
Seat 8: Dorex2007 ($5.43 in chips) 
Seat 9: w3sby ($8.39 in chips) 
L1mp007: posts small blind $0.02
CasinoReal46: posts big blind $0.05
oka0916: posts big blind $0.05
*** HOLE CARDS ***
Dealt to Dorex2007 [Qh 2s]
Templar85: folds 
Dorex2007: folds 
w3sby: folds 
wilrg: raises $0.15 to $0.20
k4N12: folds 
oka0916: folds 
ismaelcardenasp: folds 
L1mp007: folds 
CasinoReal46: folds 
Uncalled bet ($0.15) returned to wilrg
wilrg collected $0.17 from pot
wilrg: doesn't show hand 
*** SUMMARY ***
Total pot $0.17 | Rake $0 
Seat 1: wilrg collected ($0.17)
Seat 2: k4N12 folded before Flop (didn't bet)
Seat 3: oka0916 folded before Flop (didn't bet)
Seat 4: ismaelcardenasp (button) folded before Flop (didn't bet)
Seat 5: L1mp007 (small blind) folded before Flop
Seat 6: CasinoReal46 (big blind) folded before Flop
Seat 7: Templar85 folded before Flop (didn't bet)
Seat 8: Dorex2007 folded before Flop (didn't bet)
Seat 9: w3sby folded before Flop (didn't bet)



PokerStars Hand #238885083157:  Hold'em No Limit ($0.02/$0.05 USD) - 2022/09/26 22:37:29 PT [2022/09/27 1:37:29 ET]
Table 'Klytaemnestra' 9-max Seat #5 is the button
Seat 1: wilrg ($2.82 in chips) 
Seat 2: k4N12 ($3.06 in chips) 
Seat 3: oka0916 ($4.95 in chips) 
Seat 4: ismaelcardenasp ($5 in chips) 
Seat 5: L1mp007 ($4.93 in chips) 
Seat 6: CasinoReal46 ($2.28 in chips) 
Seat 8: Dorex2007 ($5.43 in chips) 
Seat 9: w3sby ($8.39 in chips) 
CasinoReal46: posts small blind $0.02
Templar85: is sitting out 
Dorex2007: posts big blind $0.05
*** HOLE CARDS ***
Dealt to Dorex2007 [2s 2h]
w3sby: folds 
wilrg: folds 
k4N12: folds 
oka0916: folds 
ismaelcardenasp: raises $0.07 to $0.12
L1mp007: folds 
CasinoReal46: folds 
Dorex2007: calls $0.07
*** FLOP *** [9s 3d Qd]
Dorex2007: checks 
Templar85 leaves the table
ismaelcardenasp: bets $0.08
Dorex2007: folds 
Uncalled bet ($0.08) returned to ismaelcardenasp
ismaelcardenasp collected $0.25 from pot
*** SUMMARY ***
Total pot $0.26 | Rake $0.01 
Board [9s 3d Qd]
Seat 1: wilrg folded before Flop (didn't bet)
Seat 2: k4N12 folded before Flop (didn't bet)
Seat 3: oka0916 folded before Flop (didn't bet)
Seat 4: ismaelcardenasp collected ($0.25)
Seat 5: L1mp007 (button) folded before Flop (didn't bet)
Seat 6: CasinoReal46 (small blind) folded before Flop
Seat 8: Dorex2007 (big blind) folded on the Flop
Seat 9: w3sby folded before Flop (didn't bet)



PokerStars Hand #238885086482:  Hold'em No Limit ($0.02/$0.05 USD) - 2022/09/26 22:38:02 PT [2022/09/27 1:38:02 ET]
Table 'Klytaemnestra' 9-max Seat #6 is the button
Seat 1: wilrg ($2.82 in chips) 
Seat 2: k4N12 ($3.06 in chips) 
Seat 3: oka0916 ($4.95 in chips) 
Seat 4: ismaelcardenasp ($5.13 in chips) 
Seat 5: L1mp007 ($4.93 in chips) 
Seat 6: CasinoReal46 ($2.26 in chips) 
Seat 8: Dorex2007 ($5.31 in chips) 
Seat 9: w3sby ($8.39 in chips) 
Dorex2007: posts small blind $0.02
w3sby: posts big blind $0.05
*** HOLE CARDS ***
Dealt to Dorex2007 [Js 9s]
wilrg: raises $0.10 to $0.15
k4N12: calls $0.15
oka0916: folds 
ismaelcardenasp: folds 
L1mp007: folds 
CasinoReal46: folds 
Dorex2007: folds 
w3sby: folds 
*** FLOP *** [Ah 9d 7h]
wilrg: checks 
k4N12: bets $0.20
wilrg: calls $0.20
*** TURN *** [Ah 9d 7h] [5c]
wilrg: checks 
k4N12: checks 
*** RIVER *** [Ah 9d 7h 5c] [9c]
wilrg: checks 
k4N12: checks 
*** SHOW DOWN ***
wilrg: shows [Tc Qs] (a pair of Nines)
k4N12: shows [4d 4h] (two pair, Nines and Fours)
k4N12 collected $0.73 from pot
*** SUMMARY ***
Total pot $0.77 | Rake $0.04 
Board [Ah 9d 7h 5c 9c]
Seat 1: wilrg showed [Tc Qs] and lost with a pair of Nines
Seat 2: k4N12 showed [4d 4h] and won ($0.73) with two pair, Nines and Fours
Seat 3: oka0916 folded before Flop (didn't bet)
Seat 4: ismaelcardenasp folded before Flop (didn't bet)
Seat 5: L1mp007 folded before Flop (didn't bet)
Seat 6: CasinoReal46 (button) folded before Flop (didn't bet)
Seat 8: Dorex2007 (small blind) folded before Flop
Seat 9: w3sby (big blind) folded before Flop



PokerStars Hand #238885092091:  Hold'em No Limit ($0.02/$0.05 USD) - 2022/09/26 22:38:56 PT [2022/09/27 1:38:56 ET]
Table 'Klytaemnestra' 9-max Seat #8 is the button
Seat 1: wilrg ($2.47 in chips) 
Seat 2: k4N12 ($3.44 in chips) 
Seat 3: oka0916 ($4.95 in chips) 
Seat 4: ismaelcardenasp ($5.13 in chips) 
Seat 5: L1mp007 ($4.93 in chips) 
Seat 6: CasinoReal46 ($2.26 in chips) 
Seat 8: Dorex2007 ($5.29 in chips) 
Seat 9: w3sby ($8.34 in chips) 
w3sby: posts small blind $0.02
wilrg: posts big blind $0.05
*** HOLE CARDS ***
Dealt to Dorex2007 [As 3d]
k4N12: folds 
oka0916: folds 
ismaelcardenasp: folds 
L1mp007: folds 
CasinoReal46: folds 
Dorex2007: folds 
w3sby: raises $0.10 to $0.15
wilrg: raises $0.10 to $0.25
w3sby: folds 
Uncalled bet ($0.10) returned to wilrg
miamigreen joins the table at seat #7 
wilrg collected $0.30 from pot
wilrg: doesn't show hand 
*** SUMMARY ***
Total pot $0.30 | Rake $0 
Seat 1: wilrg (big blind) collected ($0.30)
Seat 2: k4N12 folded before Flop (didn't bet)
Seat 3: oka0916 folded before Flop (didn't bet)
Seat 4: ismaelcardenasp folded before Flop (didn't bet)
Seat 5: L1mp007 folded before Flop (didn't bet)
Seat 6: CasinoReal46 folded before Flop (didn't bet)
Seat 8: Dorex2007 (button) folded before Flop (didn't bet)
Seat 9: w3sby (small blind) folded before Flop



PokerStars Hand #238885094536:  Hold'em No Limit ($0.02/$0.05 USD) - 2022/09/26 22:39:19 PT [2022/09/27 1:39:19 ET]
Table 'Klytaemnestra' 9-max Seat #9 is the button
Seat 1: wilrg ($2.62 in chips) 
Seat 2: k4N12 ($3.44 in chips) 
Seat 3: oka0916 ($4.95 in chips) 
Seat 4: ismaelcardenasp ($5.13 in chips) 
Seat 5: L1mp007 ($4.93 in chips) 
Seat 6: CasinoReal46 ($2.26 in chips) 
Seat 8: Dorex2007 ($5.29 in chips) 
Seat 9: w3sby ($8.19 in chips) 
wilrg: posts small blind $0.02
k4N12: posts big blind $0.05
miamigreen: sits out 
*** HOLE CARDS ***
Dealt to Dorex2007 [Kc Jd]
oka0916: folds 
ismaelcardenasp: folds 
L1mp007: folds 
CasinoReal46: folds 
Dorex2007: calls $0.05
w3sby: folds 
wilrg: calls $0.03
k4N12: checks 
*** FLOP *** [Jc 2h Ah]
wilrg: bets $0.07
k4N12: calls $0.07
Dorex2007: calls $0.07
*** TURN *** [Jc 2h Ah] [6d]
wilrg: checks 
k4N12: checks 
Dorex2007: checks 
*** RIVER *** [Jc 2h Ah 6d] [9s]
wilrg: bets $0.30
k4N12: folds 
Dorex2007: folds 
Uncalled bet ($0.30) returned to wilrg
wilrg collected $0.35 from pot
wilrg: doesn't show hand 
*** SUMMARY ***
Total pot $0.36 | Rake $0.01 
Board [Jc 2h Ah 6d 9s]
Seat 1: wilrg (small blind) collected ($0.35)
Seat 2: k4N12 (big blind) folded on the River
Seat 3: oka0916 folded before Flop (didn't bet)
Seat 4: ismaelcardenasp folded before Flop (didn't bet)
Seat 5: L1mp007 folded before Flop (didn't bet)
Seat 6: CasinoReal46 folded before Flop (didn't bet)
Seat 8: Dorex2007 folded on the River
Seat 9: w3sby (button) folded before Flop (didn't bet)



PokerStars Hand #238885102107:  Hold'em No Limit ($0.02/$0.05 USD) - 2022/09/26 22:40:32 PT [2022/09/27 1:40:32 ET]
Table 'Klytaemnestra' 9-max Seat #1 is the button
Seat 1: wilrg ($2.85 in chips) 
Seat 2: k4N12 ($3.32 in chips) 
Seat 3: oka0916 ($4.95 in chips) 
Seat 4: ismaelcardenasp ($5.13 in chips) 
Seat 5: L1mp007 ($4.93 in chips) 
Seat 6: CasinoReal46 ($2.26 in chips) 
Seat 7: miamigreen ($2.47 in chips) 
Seat 8: Dorex2007 ($5.17 in chips) 
Seat 9: w3sby ($8.19 in chips) 
k4N12: posts small blind $0.02
oka0916: posts big blind $0.05
miamigreen: posts big blind $0.05
*** HOLE CARDS ***
Dealt to Dorex2007 [Qc Th]
ismaelcardenasp: folds 
L1mp007: folds 
CasinoReal46: folds 
miamigreen: checks 
Dorex2007: folds 
w3sby: folds 
wilrg: calls $0.05
k4N12: raises $0.10 to $0.15
oka0916: calls $0.10
miamigreen: folds 
wilrg: calls $0.10
*** FLOP *** [Ad 5c Kd]
k4N12: checks 
oka0916: checks 
wilrg: checks 
*** TURN *** [Ad 5c Kd] [Jd]
k4N12: bets $0.15
oka0916: calls $0.15
wilrg: calls $0.15
*** RIVER *** [Ad 5c Kd Jd] [Ah]
k4N12: bets $0.30
oka0916: folds 
wilrg: folds 
Uncalled bet ($0.30) returned to k4N12
k4N12 collected $0.90 from pot
*** SUMMARY ***
Total pot $0.95 | Rake $0.05 
Board [Ad 5c Kd Jd Ah]
Seat 1: wilrg (button) folded on the River
Seat 2: k4N12 (small blind) collected ($0.90)
Seat 3: oka0916 (big blind) folded on the River
Seat 4: ismaelcardenasp folded before Flop (didn't bet)
Seat 5: L1mp007 folded before Flop (didn't bet)
Seat 6: CasinoReal46 folded before Flop (didn't bet)
Seat 7: miamigreen folded before Flop (didn't bet)
Seat 8: Dorex2007 folded before Flop (didn't bet)
Seat 9: w3sby folded before Flop (didn't bet)



PokerStars Hand #238885111337:  Hold'em No Limit ($0.02/$0.05 USD) - 2022/09/26 22:42:03 PT [2022/09/27 1:42:03 ET]
Table 'Klytaemnestra' 9-max Seat #2 is the button
Seat 1: wilrg ($2.55 in chips) 
Seat 2: k4N12 ($3.92 in chips) 
Seat 3: oka0916 ($4.65 in chips) 
Seat 4: ismaelcardenasp ($5.13 in chips) 
Seat 5: L1mp007 ($4.93 in chips) 
Seat 6: CasinoReal46 ($2.26 in chips) 
Seat 7: miamigreen ($2.42 in chips) 
Seat 8: Dorex2007 ($5.17 in chips) 
Seat 9: w3sby ($8.19 in chips) 
oka0916: posts small blind $0.02
ismaelcardenasp: posts big blind $0.05
*** HOLE CARDS ***
Dealt to Dorex2007 [9d 7d]
L1mp007: folds 
CasinoReal46: folds 
miamigreen: folds 
Dorex2007: folds 
w3sby: folds 
wilrg: calls $0.05
k4N12: calls $0.05
oka0916: folds 
ismaelcardenasp: checks 
*** FLOP *** [8s 4s Td]
ismaelcardenasp: bets $0.21
wilrg: calls $0.21
k4N12: folds 
*** TURN *** [8s 4s Td] [6d]
ismaelcardenasp: bets $0.17
wilrg: raises $0.91 to $1.08
ismaelcardenasp: calls $0.91
*** RIVER *** [8s 4s Td 6d] [4c]
ismaelcardenasp: checks 
wilrg: bets $1.21 and is all-in
ismaelcardenasp: calls $1.21
*** SHOW DOWN ***
wilrg: shows [Jh 9h] (a pair of Fours)
ismaelcardenasp: shows [Th Jc] (two pair, Tens and Fours)
ismaelcardenasp collected $4.96 from pot
*** SUMMARY ***
Total pot $5.17 | Rake $0.21 
Board [8s 4s Td 6d 4c]
Seat 1: wilrg showed [Jh 9h] and lost with a pair of Fours
Seat 2: k4N12 (button) folded on the Flop
Seat 3: oka0916 (small blind) folded before Flop
Seat 4: ismaelcardenasp (big blind) showed [Th Jc] and won ($4.96) with two pair, Tens and Fours
Seat 5: L1mp007 folded before Flop (didn't bet)
Seat 6: CasinoReal46 folded before Flop (didn't bet)
Seat 7: miamigreen folded before Flop (didn't bet)
Seat 8: Dorex2007 folded before Flop (didn't bet)
Seat 9: w3sby folded before Flop (didn't bet)



PokerStars Hand #238885118184:  Hold'em No Limit ($0.02/$0.05 USD) - 2022/09/26 22:43:10 PT [2022/09/27 1:43:10 ET]
Table 'Klytaemnestra' 9-max Seat #3 is the button
Seat 2: k4N12 ($3.87 in chips) 
Seat 3: oka0916 ($4.63 in chips) 
Seat 4: ismaelcardenasp ($7.54 in chips) 
Seat 5: L1mp007 ($4.93 in chips) 
Seat 6: CasinoReal46 ($2.26 in chips) 
Seat 7: miamigreen ($2.42 in chips) 
Seat 8: Dorex2007 ($5.17 in chips) 
Seat 9: w3sby ($8.19 in chips) 
ismaelcardenasp: posts small blind $0.02
L1mp007: posts big blind $0.05
*** HOLE CARDS ***
Dealt to Dorex2007 [4c Ah]
CasinoReal46: folds 
miamigreen: folds 
Dorex2007: folds 
w3sby: folds 
k4N12: raises $0.10 to $0.15
oka0916: calls $0.15
ismaelcardenasp: calls $0.13
L1mp007: folds 
*** FLOP *** [Kd 8d Qh]
ismaelcardenasp: checks 
k4N12: checks 
oka0916: checks 
*** TURN *** [Kd 8d Qh] [Ac]
ismaelcardenasp: checks 
k4N12: checks 
oka0916: checks 
*** RIVER *** [Kd 8d Qh Ac] [6c]
ismaelcardenasp: checks 
k4N12: checks 
oka0916: checks 
*** SHOW DOWN ***
ismaelcardenasp: shows [5d 7s] (high card Ace)
k4N12: shows [Qs Js] (a pair of Queens)
oka0916: mucks hand 
k4N12 collected $0.48 from pot
*** SUMMARY ***
Total pot $0.50 | Rake $0.02 
Board [Kd 8d Qh Ac 6c]
Seat 2: k4N12 showed [Qs Js] and won ($0.48) with a pair of Queens
Seat 3: oka0916 (button) mucked [9s Jc]
Seat 4: ismaelcardenasp (small blind) showed [5d 7s] and lost with high card Ace
Seat 5: L1mp007 (big blind) folded before Flop
Seat 6: CasinoReal46 folded before Flop (didn't bet)
Seat 7: miamigreen folded before Flop (didn't bet)
Seat 8: Dorex2007 folded before Flop (didn't bet)
Seat 9: w3sby folded before Flop (didn't bet)



PokerStars Hand #238885126405:  Hold'em No Limit ($0.02/$0.05 USD) - 2022/09/26 22:44:31 PT [2022/09/27 1:44:31 ET]
Table 'Klytaemnestra' 9-max Seat #4 is the button
Seat 1: wilrg ($2 in chips) 
Seat 2: k4N12 ($4.20 in chips) 
Seat 3: oka0916 ($4.48 in chips) 
Seat 4: ismaelcardenasp ($7.39 in chips) 
Seat 5: L1mp007 ($4.88 in chips) 
Seat 6: CasinoReal46 ($2.26 in chips) 
Seat 7: miamigreen ($2.42 in chips) 
Seat 8: Dorex2007 ($5.17 in chips) 
Seat 9: w3sby ($8.19 in chips) 
L1mp007: posts small blind $0.02
CasinoReal46: posts big blind $0.05
*** HOLE CARDS ***
Dealt to Dorex2007 [Ks Kc]
miamigreen: folds 
Dorex2007: raises $0.10 to $0.15
w3sby: folds 
wilrg: folds 
k4N12: folds 
oka0916: folds 
wilrg leaves the table
ismaelcardenasp: calls $0.15
L1mp007: folds 
CasinoReal46: folds 
*** FLOP *** [2s 4c 4d]
YeTitus joins the table at seat #1 
Dorex2007: bets $0.35
ismaelcardenasp: calls $0.35
*** TURN *** [2s 4c 4d] [5d]
Dorex2007: bets $0.51
ismaelcardenasp: calls $0.51
*** RIVER *** [2s 4c 4d 5d] [8d]
Dorex2007: bets $1
ismaelcardenasp: raises $2.50 to $3.50
Dorex2007: calls $2.50
*** SHOW DOWN ***
ismaelcardenasp: shows [Jd Ad] (a flush, Ace high)
Dorex2007: mucks hand 
ismaelcardenasp collected $8.71 from pot
*** SUMMARY ***
Total pot $9.09 | Rake $0.38 
Board [2s 4c 4d 5d 8d]
Seat 1: wilrg folded before Flop (didn't bet)
Seat 2: k4N12 folded before Flop (didn't bet)
Seat 3: oka0916 folded before Flop (didn't bet)
Seat 4: ismaelcardenasp (button) showed [Jd Ad] and won ($8.71) with a flush, Ace high
Seat 5: L1mp007 (small blind) folded before Flop
Seat 6: CasinoReal46 (big blind) folded before Flop
Seat 7: miamigreen folded before Flop (didn't bet)
Seat 8: Dorex2007 mucked [Ks Kc]
Seat 9: w3sby folded before Flop (didn't bet)



