PokerStars Hand #233873684278:  Hold'em No Limit ($0.01/$0.02 USD) - 2022/02/07 15:20:04 PT [2022/02/07 18:20:04 ET]
Table 'Mayall III' 9-max Seat #1 is the button
Seat 1: igrok735 ($1.82 in chips) 
Seat 2: tutjak ($3.05 in chips) 
Seat 3: cntrru ($0.78 in chips) 
Seat 4: quinho_tk ($2.70 in chips) 
Seat 5: wlsrbf ($1.37 in chips) 
Seat 6: ard1tm ($2.43 in chips) 
Seat 7: Lex1974 ($1.18 in chips) 
Seat 8: kadzso1 ($2.26 in chips) 
Seat 9: Dorex2007 ($2 in chips) 
tutjak: posts small blind $0.01
cntrru: posts big blind $0.02
Dorex2007: posts big blind $0.02
*** HOLE CARDS ***
Dealt to Dorex2007 [3d Ac]
quinho_tk: calls $0.02
wlsrbf: folds 
ard1tm: folds 
Lex1974: folds 
kadzso1: calls $0.02
Dorex2007: checks 
igrok735: calls $0.02
tutjak: folds 
cntrru: checks 
*** FLOP *** [Qc Kh Th]
cntrru: checks 
quinho_tk: checks 
kadzso1: checks 
Dorex2007: checks 
igrok735: checks 
*** TURN *** [Qc Kh Th] [6s]
cntrru: checks 
quinho_tk: checks 
kadzso1: checks 
Dorex2007: checks 
igrok735: checks 
*** RIVER *** [Qc Kh Th 6s] [9d]
cntrru: checks 
quinho_tk: checks 
kadzso1: bets $0.06
Dorex2007: folds 
igrok735: folds 
cntrru: folds 
quinho_tk: folds 
Uncalled bet ($0.06) returned to kadzso1
kadzso1 collected $0.11 from pot
kadzso1: doesn't show hand 
*** SUMMARY ***
Total pot $0.11 | Rake $0 
Board [Qc Kh Th 6s 9d]
Seat 1: igrok735 (button) folded on the River
Seat 2: tutjak (small blind) folded before Flop
Seat 3: cntrru (big blind) folded on the River
Seat 4: quinho_tk folded on the River
Seat 5: wlsrbf folded before Flop (didn't bet)
Seat 6: ard1tm folded before Flop (didn't bet)
Seat 7: Lex1974 folded before Flop (didn't bet)
Seat 8: kadzso1 collected ($0.11)
Seat 9: Dorex2007 folded on the River (didn't bet)



PokerStars Hand #233873730201:  Hold'em No Limit ($0.01/$0.02 USD) - 2022/02/07 15:21:53 PT [2022/02/07 18:21:53 ET]
Table 'Mayall III' 9-max Seat #2 is the button
Seat 1: igrok735 ($1.80 in chips) 
Seat 2: tutjak ($3.04 in chips) 
Seat 3: cntrru ($0.76 in chips) 
Seat 4: quinho_tk ($2.68 in chips) 
Seat 5: wlsrbf ($1.37 in chips) 
Seat 6: ard1tm ($2.43 in chips) 
Seat 7: Lex1974 ($1.18 in chips) 
Seat 8: kadzso1 ($2.35 in chips) 
Seat 9: Dorex2007 ($2 in chips) 
cntrru: posts small blind $0.01
quinho_tk: posts big blind $0.02
*** HOLE CARDS ***
Dealt to Dorex2007 [2c 9c]
wlsrbf: calls $0.02
ard1tm: folds 
Lex1974: folds 
kadzso1: calls $0.02
Dorex2007: folds 
igrok735: calls $0.02
tutjak: folds 
cntrru: folds 
quinho_tk: checks 
*** FLOP *** [8s 6d Qc]
quinho_tk: checks 
wlsrbf: checks 
kadzso1: bets $0.02
igrok735: folds 
quinho_tk: calls $0.02
wlsrbf: folds 
*** TURN *** [8s 6d Qc] [Ts]
quinho_tk: checks 
kadzso1: bets $0.04
quinho_tk: calls $0.04
*** RIVER *** [8s 6d Qc Ts] [6h]
quinho_tk: bets $0.10
kadzso1: folds 
Uncalled bet ($0.10) returned to quinho_tk
quinho_tk collected $0.20 from pot
quinho_tk: doesn't show hand 
*** SUMMARY ***
Total pot $0.21 | Rake $0.01 
Board [8s 6d Qc Ts 6h]
Seat 1: igrok735 folded on the Flop
Seat 2: tutjak (button) folded before Flop (didn't bet)
Seat 3: cntrru (small blind) folded before Flop
Seat 4: quinho_tk (big blind) collected ($0.20)
Seat 5: wlsrbf folded on the Flop
Seat 6: ard1tm folded before Flop (didn't bet)
Seat 7: Lex1974 folded before Flop (didn't bet)
Seat 8: kadzso1 folded on the River
Seat 9: Dorex2007 folded before Flop (didn't bet)



PokerStars Hand #233873762492:  Hold'em No Limit ($0.01/$0.02 USD) - 2022/02/07 15:23:10 PT [2022/02/07 18:23:10 ET]
Table 'Mayall III' 9-max Seat #3 is the button
Seat 1: igrok735 ($1.78 in chips) 
Seat 2: tutjak ($3.04 in chips) 
Seat 3: cntrru ($0.75 in chips) 
Seat 4: quinho_tk ($2.80 in chips) 
Seat 5: wlsrbf ($1.35 in chips) 
Seat 6: ard1tm ($2.43 in chips) 
Seat 7: Lex1974 ($1.18 in chips) 
Seat 8: kadzso1 ($2.27 in chips) 
Seat 9: Dorex2007 ($2 in chips) 
quinho_tk: posts small blind $0.01
wlsrbf: posts big blind $0.02
*** HOLE CARDS ***
Dealt to Dorex2007 [9d 8s]
ard1tm: folds 
Lex1974: calls $0.02
kadzso1: folds 
Dorex2007: folds 
igrok735: folds 
tutjak: calls $0.02
cntrru: folds 
quinho_tk: calls $0.01
wlsrbf: checks 
*** FLOP *** [4d 6s 4s]
quinho_tk: checks 
wlsrbf: checks 
Lex1974: checks 
tutjak: checks 
*** TURN *** [4d 6s 4s] [2d]
quinho_tk: bets $0.10
wlsrbf: folds 
Lex1974: folds 
tutjak: folds 
Uncalled bet ($0.10) returned to quinho_tk
quinho_tk collected $0.08 from pot
quinho_tk: doesn't show hand 
*** SUMMARY ***
Total pot $0.08 | Rake $0 
Board [4d 6s 4s 2d]
Seat 1: igrok735 folded before Flop (didn't bet)
Seat 2: tutjak folded on the Turn
Seat 3: cntrru (button) folded before Flop (didn't bet)
Seat 4: quinho_tk (small blind) collected ($0.08)
Seat 5: wlsrbf (big blind) folded on the Turn
Seat 6: ard1tm folded before Flop (didn't bet)
Seat 7: Lex1974 folded on the Turn
Seat 8: kadzso1 folded before Flop (didn't bet)
Seat 9: Dorex2007 folded before Flop (didn't bet)



PokerStars Hand #233873792165:  Hold'em No Limit ($0.01/$0.02 USD) - 2022/02/07 15:24:21 PT [2022/02/07 18:24:21 ET]
Table 'Mayall III' 9-max Seat #4 is the button
Seat 1: igrok735 ($1.78 in chips) 
Seat 2: tutjak ($3.02 in chips) 
Seat 3: cntrru ($0.75 in chips) 
Seat 4: quinho_tk ($2.86 in chips) 
Seat 5: wlsrbf ($1.33 in chips) 
Seat 6: ard1tm ($2.43 in chips) 
Seat 7: Lex1974 ($1.16 in chips) 
Seat 8: kadzso1 ($2.27 in chips) 
Seat 9: Dorex2007 ($2 in chips) 
wlsrbf: posts small blind $0.01
ard1tm: posts big blind $0.02
*** HOLE CARDS ***
Dealt to Dorex2007 [6h 5s]
Lex1974: folds 
kadzso1: folds 
Dorex2007: folds 
igrok735: folds 
tutjak: folds 
cntrru: calls $0.02
quinho_tk: calls $0.02
wlsrbf: calls $0.01
ard1tm: checks 
*** FLOP *** [3c Kh Ad]
wlsrbf: checks 
ard1tm: checks 
cntrru: checks 
quinho_tk: checks 
*** TURN *** [3c Kh Ad] [6c]
wlsrbf: checks 
ard1tm: checks 
cntrru: checks 
quinho_tk: checks 
*** RIVER *** [3c Kh Ad 6c] [9h]
wlsrbf: checks 
ard1tm: checks 
cntrru: checks 
quinho_tk: checks 
*** SHOW DOWN ***
wlsrbf: shows [5d Th] (high card Ace)
ard1tm: shows [2h 2c] (a pair of Deuces)
cntrru: mucks hand 
quinho_tk: shows [9d 7s] (a pair of Nines)
quinho_tk collected $0.08 from pot
*** SUMMARY ***
Total pot $0.08 | Rake $0 
Board [3c Kh Ad 6c 9h]
Seat 1: igrok735 folded before Flop (didn't bet)
Seat 2: tutjak folded before Flop (didn't bet)
Seat 3: cntrru mucked [Tc Qc]
Seat 4: quinho_tk (button) showed [9d 7s] and won ($0.08) with a pair of Nines
Seat 5: wlsrbf (small blind) showed [5d Th] and lost with high card Ace
Seat 6: ard1tm (big blind) showed [2h 2c] and lost with a pair of Deuces
Seat 7: Lex1974 folded before Flop (didn't bet)
Seat 8: kadzso1 folded before Flop (didn't bet)
Seat 9: Dorex2007 folded before Flop (didn't bet)



PokerStars Hand #233873823764:  Hold'em No Limit ($0.01/$0.02 USD) - 2022/02/07 15:25:38 PT [2022/02/07 18:25:38 ET]
Table 'Mayall III' 9-max Seat #5 is the button
Seat 1: igrok735 ($1.78 in chips) 
Seat 2: tutjak ($3.02 in chips) 
Seat 3: cntrru ($0.73 in chips) 
Seat 4: quinho_tk ($2.92 in chips) 
Seat 5: wlsrbf ($1.31 in chips) 
Seat 6: ard1tm ($2.41 in chips) 
Seat 7: Lex1974 ($1.16 in chips) 
Seat 8: kadzso1 ($2.27 in chips) 
Seat 9: Dorex2007 ($2 in chips) 
ard1tm: posts small blind $0.01
Lex1974: posts big blind $0.02
*** HOLE CARDS ***
Dealt to Dorex2007 [4h Ks]
kadzso1 has timed out
kadzso1: folds 
Dorex2007: folds 
igrok735: folds 
tutjak: folds 
cntrru: folds 
quinho_tk: calls $0.02
wlsrbf: calls $0.02
ard1tm: folds 
Lex1974: checks 
*** FLOP *** [Kh Qc Kd]
Lex1974: checks 
quinho_tk: checks 
wlsrbf: checks 
*** TURN *** [Kh Qc Kd] [Jd]
Lex1974: checks 
quinho_tk: bets $0.20
wlsrbf: folds 
Lex1974: folds 
Uncalled bet ($0.20) returned to quinho_tk
quinho_tk collected $0.07 from pot
quinho_tk: doesn't show hand 
*** SUMMARY ***
Total pot $0.07 | Rake $0 
Board [Kh Qc Kd Jd]
Seat 1: igrok735 folded before Flop (didn't bet)
Seat 2: tutjak folded before Flop (didn't bet)
Seat 3: cntrru folded before Flop (didn't bet)
Seat 4: quinho_tk collected ($0.07)
Seat 5: wlsrbf (button) folded on the Turn
Seat 6: ard1tm (small blind) folded before Flop
Seat 7: Lex1974 (big blind) folded on the Turn
Seat 8: kadzso1 folded before Flop (didn't bet)
Seat 9: Dorex2007 folded before Flop (didn't bet)



PokerStars Hand #233873854075:  Hold'em No Limit ($0.01/$0.02 USD) - 2022/02/07 15:26:51 PT [2022/02/07 18:26:51 ET]
Table 'Mayall III' 9-max Seat #6 is the button
Seat 1: igrok735 ($1.78 in chips) 
Seat 2: tutjak ($3.02 in chips) 
Seat 3: cntrru ($0.73 in chips) 
Seat 4: quinho_tk ($2.97 in chips) 
Seat 5: wlsrbf ($1.29 in chips) 
Seat 6: ard1tm ($2.40 in chips) 
Seat 7: Lex1974 ($1.14 in chips) 
Seat 8: kadzso1 ($2.27 in chips) 
Seat 9: Dorex2007 ($2 in chips) 
Lex1974: posts small blind $0.01
kadzso1: posts big blind $0.02
*** HOLE CARDS ***
Dealt to Dorex2007 [Qd Td]
Dorex2007: folds 
igrok735: raises $0.04 to $0.06
tutjak: folds 
cntrru has timed out
cntrru: folds 
quinho_tk: calls $0.06
wlsrbf: folds 
ard1tm: folds 
Lex1974: calls $0.05
kadzso1: folds 
*** FLOP *** [As 6s Ks]
Lex1974: checks 
igrok735: checks 
quinho_tk: bets $0.10
Lex1974: calls $0.10
igrok735: folds 
*** TURN *** [As 6s Ks] [9h]
Lex1974: checks 
quinho_tk: bets $0.10
Lex1974: folds 
Uncalled bet ($0.10) returned to quinho_tk
quinho_tk collected $0.39 from pot
quinho_tk: doesn't show hand 
*** SUMMARY ***
Total pot $0.40 | Rake $0.01 
Board [As 6s Ks 9h]
Seat 1: igrok735 folded on the Flop
Seat 2: tutjak folded before Flop (didn't bet)
Seat 3: cntrru folded before Flop (didn't bet)
Seat 4: quinho_tk collected ($0.39)
Seat 5: wlsrbf folded before Flop (didn't bet)
Seat 6: ard1tm (button) folded before Flop (didn't bet)
Seat 7: Lex1974 (small blind) folded on the Turn
Seat 8: kadzso1 (big blind) folded before Flop
Seat 9: Dorex2007 folded before Flop (didn't bet)



PokerStars Hand #233873884287:  Hold'em No Limit ($0.01/$0.02 USD) - 2022/02/07 15:28:04 PT [2022/02/07 18:28:04 ET]
Table 'Mayall III' 9-max Seat #7 is the button
Seat 1: igrok735 ($1.72 in chips) 
Seat 2: tutjak ($3.02 in chips) 
Seat 3: cntrru ($0.73 in chips) 
Seat 4: quinho_tk ($3.20 in chips) 
Seat 5: wlsrbf ($1.29 in chips) 
Seat 6: ard1tm ($2.40 in chips) 
Seat 7: Lex1974 ($0.98 in chips) 
Seat 8: kadzso1 ($2.25 in chips) 
Seat 9: Dorex2007 ($2 in chips) 
kadzso1: posts small blind $0.01
Dorex2007: posts big blind $0.02
*** HOLE CARDS ***
Dealt to Dorex2007 [2c Th]
igrok735: folds 
tutjak: folds 
cntrru has timed out
cntrru: folds 
quinho_tk: calls $0.02
wlsrbf: folds 
ard1tm: folds 
Lex1974: folds 
kadzso1: folds 
Dorex2007: checks 
*** FLOP *** [Td 7d Ac]
Dorex2007: checks 
quinho_tk: bets $0.10
Dorex2007: calls $0.10
*** TURN *** [Td 7d Ac] [3s]
Dorex2007: checks 
quinho_tk: checks 
*** RIVER *** [Td 7d Ac 3s] [4c]
Dorex2007: bets $0.16
quinho_tk: raises $0.16 to $0.32
Dorex2007: folds 
Uncalled bet ($0.16) returned to quinho_tk
quinho_tk collected $0.55 from pot
quinho_tk: doesn't show hand 
*** SUMMARY ***
Total pot $0.57 | Rake $0.02 
Board [Td 7d Ac 3s 4c]
Seat 1: igrok735 folded before Flop (didn't bet)
Seat 2: tutjak folded before Flop (didn't bet)
Seat 3: cntrru folded before Flop (didn't bet)
Seat 4: quinho_tk collected ($0.55)
Seat 5: wlsrbf folded before Flop (didn't bet)
Seat 6: ard1tm folded before Flop (didn't bet)
Seat 7: Lex1974 (button) folded before Flop (didn't bet)
Seat 8: kadzso1 (small blind) folded before Flop
Seat 9: Dorex2007 (big blind) folded on the River



PokerStars Hand #233873906154:  Hold'em No Limit ($0.01/$0.02 USD) - 2022/02/07 15:28:58 PT [2022/02/07 18:28:58 ET]
Table 'Mayall III' 9-max Seat #8 is the button
Seat 1: igrok735 ($1.72 in chips) 
Seat 2: tutjak ($3.02 in chips) 
Seat 4: quinho_tk ($3.47 in chips) 
Seat 5: wlsrbf ($1.29 in chips) 
Seat 6: ard1tm ($2.40 in chips) 
Seat 7: Lex1974 ($0.98 in chips) 
Seat 8: kadzso1 ($2.24 in chips) 
Seat 9: Dorex2007 ($2 in chips) 
Dorex2007: posts small blind $0.01
igrok735: posts big blind $0.02
*** HOLE CARDS ***
Dealt to Dorex2007 [2h 2d]
tutjak: folds 
quinho_tk: calls $0.02
wlsrbf: calls $0.02
ard1tm: folds 
Lex1974: calls $0.02
kadzso1: calls $0.02
Dorex2007: calls $0.01
igrok735: checks 
*** FLOP *** [8d 8s 3s]
Dorex2007: checks 
igrok735: checks 
quinho_tk: checks 
wlsrbf: checks 
Lex1974: checks 
kadzso1: checks 
*** TURN *** [8d 8s 3s] [9s]
Dorex2007: checks 
igrok735: checks 
quinho_tk: checks 
wlsrbf: checks 
Lex1974: checks 
kadzso1: checks 
*** RIVER *** [8d 8s 3s 9s] [7c]
Dorex2007: checks 
igrok735: checks 
quinho_tk: checks 
wlsrbf: bets $0.12
Lex1974: folds 
kadzso1: calls $0.12
Dorex2007: folds 
igrok735: folds 
igrok735 leaves the table
quinho_tk: folds 
*** SHOW DOWN ***
wlsrbf: shows [Js Tc] (a straight, Seven to Jack)
kadzso1: mucks hand 
wlsrbf collected $0.35 from pot
*** SUMMARY ***
Total pot $0.36 | Rake $0.01 
Board [8d 8s 3s 9s 7c]
Seat 1: igrok735 (big blind) folded on the River
Seat 2: tutjak folded before Flop (didn't bet)
Seat 4: quinho_tk folded on the River
Seat 5: wlsrbf showed [Js Tc] and won ($0.35) with a straight, Seven to Jack
Seat 6: ard1tm folded before Flop (didn't bet)
Seat 7: Lex1974 folded on the River
Seat 8: kadzso1 (button) mucked [Ah 9c]
Seat 9: Dorex2007 (small blind) folded on the River



PokerStars Hand #233874076079:  Hold'em No Limit ($0.01/$0.02 USD) - 2022/02/07 15:35:49 PT [2022/02/07 18:35:49 ET]
Table 'Mayall III' 9-max Seat #1 is the button
Seat 1: 8_lara_8 ($1.22 in chips) 
Seat 2: tutjak ($2.94 in chips) 
Seat 3: cntrru ($0.70 in chips) 
Seat 4: quinho_tk ($3.44 in chips) 
Seat 5: wlsrbf ($1.44 in chips) 
Seat 6: ard1tm ($2.73 in chips) 
Seat 7: Lex1974 ($0.84 in chips) 
Seat 8: kadzso1 ($2.07 in chips) 
Seat 9: Dorex2007 ($2 in chips) 
tutjak: posts small blind $0.01
cntrru: posts big blind $0.02
Dorex2007: posts small & big blinds $0.03
*** HOLE CARDS ***
Dealt to Dorex2007 [5c 8c]
quinho_tk: calls $0.02
wlsrbf: folds 
ard1tm: folds 
Lex1974: folds 
kadzso1: calls $0.02
Dorex2007: checks 
8_lara_8: raises $0.02 to $0.04
tutjak: folds 
cntrru: folds 
quinho_tk: calls $0.02
kadzso1: calls $0.02
Dorex2007: calls $0.02
*** FLOP *** [7c 5h Kh]
quinho_tk: checks 
kadzso1: checks 
Dorex2007: bets $0.13
8_lara_8: calls $0.13
quinho_tk: calls $0.13
kadzso1: calls $0.13
*** TURN *** [7c 5h Kh] [3h]
quinho_tk: checks 
kadzso1: bets $0.06
Dorex2007: folds 
8_lara_8: calls $0.06
quinho_tk: calls $0.06
*** RIVER *** [7c 5h Kh 3h] [8s]
quinho_tk: checks 
kadzso1: bets $0.10
8_lara_8: raises $0.10 to $0.20
quinho_tk: folds 
kadzso1: calls $0.10
*** SHOW DOWN ***
8_lara_8: shows [Qc Ks] (a pair of Kings)
kadzso1: shows [Jh Qh] (a flush, King high)
kadzso1 collected $1.25 from pot
*** SUMMARY ***
Total pot $1.30 | Rake $0.05 
Board [7c 5h Kh 3h 8s]
Seat 1: 8_lara_8 (button) showed [Qc Ks] and lost with a pair of Kings
Seat 2: tutjak (small blind) folded before Flop
Seat 3: cntrru (big blind) folded before Flop
Seat 4: quinho_tk folded on the River
Seat 5: wlsrbf folded before Flop (didn't bet)
Seat 6: ard1tm folded before Flop (didn't bet)
Seat 7: Lex1974 folded before Flop (didn't bet)
Seat 8: kadzso1 showed [Jh Qh] and won ($1.25) with a flush, King high
Seat 9: Dorex2007 folded on the Turn



PokerStars Hand #233874113498:  Hold'em No Limit ($0.01/$0.02 USD) - 2022/02/07 15:37:21 PT [2022/02/07 18:37:21 ET]
Table 'Mayall III' 9-max Seat #2 is the button
Seat 1: 8_lara_8 ($0.79 in chips) 
Seat 2: tutjak ($2.93 in chips) 
Seat 3: cntrru ($0.68 in chips) 
Seat 4: quinho_tk ($3.21 in chips) 
Seat 5: wlsrbf ($1.44 in chips) 
Seat 6: ard1tm ($2.73 in chips) 
Seat 8: kadzso1 ($2.89 in chips) 
Seat 9: Dorex2007 ($2 in chips) 
cntrru: posts small blind $0.01
quinho_tk: posts big blind $0.02
*** HOLE CARDS ***
Dealt to Dorex2007 [Js 6h]
wlsrbf: folds 
ard1tm: folds 
kadzso1: calls $0.02
Dorex2007: folds 
8_lara_8: calls $0.02
tutjak: folds 
cntrru: folds 
quinho_tk: checks 
*** FLOP *** [Kh 5s 4s]
quinho_tk: checks 
kadzso1: checks 
8_lara_8: bets $0.02
quinho_tk: calls $0.02
kadzso1: folds 
*** TURN *** [Kh 5s 4s] [7s]
quinho_tk: checks 
8_lara_8: bets $0.02
quinho_tk: calls $0.02
*** RIVER *** [Kh 5s 4s 7s] [4h]
quinho_tk: checks 
8_lara_8: bets $0.02
quinho_tk: folds 
Uncalled bet ($0.02) returned to 8_lara_8
8_lara_8 collected $0.14 from pot
8_lara_8: doesn't show hand 
*** SUMMARY ***
Total pot $0.15 | Rake $0.01 
Board [Kh 5s 4s 7s 4h]
Seat 1: 8_lara_8 collected ($0.14)
Seat 2: tutjak (button) folded before Flop (didn't bet)
Seat 3: cntrru (small blind) folded before Flop
Seat 4: quinho_tk (big blind) folded on the River
Seat 5: wlsrbf folded before Flop (didn't bet)
Seat 6: ard1tm folded before Flop (didn't bet)
Seat 8: kadzso1 folded on the Flop
Seat 9: Dorex2007 folded before Flop (didn't bet)



PokerStars Hand #233874145343:  Hold'em No Limit ($0.01/$0.02 USD) - 2022/02/07 15:38:40 PT [2022/02/07 18:38:40 ET]
Table 'Mayall III' 9-max Seat #3 is the button
Seat 1: 8_lara_8 ($0.87 in chips) 
Seat 2: tutjak ($2.93 in chips) 
Seat 3: cntrru ($0.67 in chips) 
Seat 4: quinho_tk ($3.15 in chips) 
Seat 5: wlsrbf ($1.44 in chips) 
Seat 6: ard1tm ($2.73 in chips) 
Seat 8: kadzso1 ($2.87 in chips) 
Seat 9: Dorex2007 ($2 in chips) 
quinho_tk: posts small blind $0.01
wlsrbf: posts big blind $0.02
*** HOLE CARDS ***
Dealt to Dorex2007 [Qd 5s]
ard1tm: raises $0.06 to $0.08
kadzso1 has timed out
kadzso1: folds 
Dorex2007: folds 
8_lara_8: folds 
tutjak: folds 
cntrru: folds 
quinho_tk: calls $0.07
wlsrbf: folds 
*** FLOP *** [3h Jc 9c]
quinho_tk: checks 
ard1tm: bets $0.15
quinho_tk: calls $0.15
*** TURN *** [3h Jc 9c] [9d]
quinho_tk: checks 
ard1tm: bets $0.25
quinho_tk: folds 
Uncalled bet ($0.25) returned to ard1tm
ard1tm collected $0.46 from pot
ard1tm: doesn't show hand 
*** SUMMARY ***
Total pot $0.48 | Rake $0.02 
Board [3h Jc 9c 9d]
Seat 1: 8_lara_8 folded before Flop (didn't bet)
Seat 2: tutjak folded before Flop (didn't bet)
Seat 3: cntrru (button) folded before Flop (didn't bet)
Seat 4: quinho_tk (small blind) folded on the Turn
Seat 5: wlsrbf (big blind) folded before Flop
Seat 6: ard1tm collected ($0.46)
Seat 8: kadzso1 folded before Flop (didn't bet)
Seat 9: Dorex2007 folded before Flop (didn't bet)



PokerStars Hand #233874174538:  Hold'em No Limit ($0.01/$0.02 USD) - 2022/02/07 15:39:53 PT [2022/02/07 18:39:53 ET]
Table 'Mayall III' 9-max Seat #4 is the button
Seat 1: 8_lara_8 ($0.87 in chips) 
Seat 2: tutjak ($2.93 in chips) 
Seat 3: cntrru ($0.67 in chips) 
Seat 4: quinho_tk ($2.92 in chips) 
Seat 5: wlsrbf ($1.42 in chips) 
Seat 6: ard1tm ($2.96 in chips) 
Seat 9: Dorex2007 ($2 in chips) 
wlsrbf: posts small blind $0.01
ard1tm: posts big blind $0.02
*** HOLE CARDS ***
Dealt to Dorex2007 [5d 7d]
Dorex2007: folds 
8_lara_8: folds 
tutjak: folds 
cntrru has timed out
cntrru: folds 
quinho_tk: calls $0.02
wlsrbf: calls $0.01
ard1tm: raises $0.08 to $0.10
quinho_tk: calls $0.08
wlsrbf: folds 
*** FLOP *** [3s 6c Jc]
ard1tm: bets $0.16
quinho_tk: folds 
Uncalled bet ($0.16) returned to ard1tm
ard1tm collected $0.21 from pot
ard1tm: doesn't show hand 
*** SUMMARY ***
Total pot $0.22 | Rake $0.01 
Board [3s 6c Jc]
Seat 1: 8_lara_8 folded before Flop (didn't bet)
Seat 2: tutjak folded before Flop (didn't bet)
Seat 3: cntrru folded before Flop (didn't bet)
Seat 4: quinho_tk (button) folded on the Flop
Seat 5: wlsrbf (small blind) folded before Flop
Seat 6: ard1tm (big blind) collected ($0.21)
Seat 9: Dorex2007 folded before Flop (didn't bet)



PokerStars Hand #233874201772:  Hold'em No Limit ($0.01/$0.02 USD) - 2022/02/07 15:41:02 PT [2022/02/07 18:41:02 ET]
Table 'Mayall III' 9-max Seat #5 is the button
Seat 1: 8_lara_8 ($0.87 in chips) 
Seat 2: tutjak ($2.93 in chips) 
Seat 4: quinho_tk ($2.82 in chips) 
Seat 5: wlsrbf ($1.40 in chips) 
Seat 6: ard1tm ($3.07 in chips) 
Seat 8: kadzso1 ($2.87 in chips) 
Seat 9: Dorex2007 ($2 in chips) 
ard1tm: posts small blind $0.01
kadzso1: posts big blind $0.02
*** HOLE CARDS ***
Dealt to Dorex2007 [9s 4h]
Dorex2007: folds 
8_lara_8: calls $0.02
tutjak: folds 
quinho_tk: folds 
wlsrbf: folds 
ard1tm: folds 
kadzso1 has timed out
kadzso1: checks 
*** FLOP *** [8s 3s 8d]
kadzso1 has timed out
kadzso1: checks 
8_lara_8: checks 
*** TURN *** [8s 3s 8d] [Js]
kadzso1 has timed out
kadzso1: checks 
8_lara_8: bets $0.05
kadzso1 has timed out
kadzso1: folds 
Uncalled bet ($0.05) returned to 8_lara_8
8_lara_8 collected $0.05 from pot
8_lara_8: doesn't show hand 
*** SUMMARY ***
Total pot $0.05 | Rake $0 
Board [8s 3s 8d Js]
Seat 1: 8_lara_8 collected ($0.05)
Seat 2: tutjak folded before Flop (didn't bet)
Seat 4: quinho_tk folded before Flop (didn't bet)
Seat 5: wlsrbf (button) folded before Flop (didn't bet)
Seat 6: ard1tm (small blind) folded before Flop
Seat 8: kadzso1 (big blind) folded on the Turn
Seat 9: Dorex2007 folded before Flop (didn't bet)



PokerStars Hand #233874256666:  Hold'em No Limit ($0.01/$0.02 USD) - 2022/02/07 15:43:19 PT [2022/02/07 18:43:19 ET]
Table 'Mayall III' 9-max Seat #6 is the button
Seat 1: 8_lara_8 ($0.90 in chips) 
Seat 2: tutjak ($2.93 in chips) 
Seat 4: quinho_tk ($2.82 in chips) 
Seat 5: wlsrbf ($1.40 in chips) 
Seat 6: ard1tm ($3.06 in chips) 
Seat 9: Dorex2007 ($2 in chips) 
Dorex2007: posts small blind $0.01
8_lara_8: posts big blind $0.02
*** HOLE CARDS ***
Dealt to Dorex2007 [2h Ks]
tutjak: folds 
quinho_tk: calls $0.02
wlsrbf: calls $0.02
ard1tm: folds 
Dorex2007: folds 
8_lara_8: checks 
*** FLOP *** [5c 4c 4s]
8_lara_8: bets $0.04
quinho_tk: folds 
wlsrbf: folds 
Uncalled bet ($0.04) returned to 8_lara_8
8_lara_8 collected $0.07 from pot
8_lara_8: doesn't show hand 
*** SUMMARY ***
Total pot $0.07 | Rake $0 
Board [5c 4c 4s]
Seat 1: 8_lara_8 (big blind) collected ($0.07)
Seat 2: tutjak folded before Flop (didn't bet)
Seat 4: quinho_tk folded on the Flop
Seat 5: wlsrbf folded on the Flop
Seat 6: ard1tm (button) folded before Flop (didn't bet)
Seat 9: Dorex2007 (small blind) folded before Flop



PokerStars Hand #233874271229:  Hold'em No Limit ($0.01/$0.02 USD) - 2022/02/07 15:43:55 PT [2022/02/07 18:43:55 ET]
Table 'Mayall III' 9-max Seat #9 is the button
Seat 1: 8_lara_8 ($0.95 in chips) 
Seat 2: tutjak ($2.93 in chips) 
Seat 4: quinho_tk ($2.80 in chips) 
Seat 5: wlsrbf ($1.38 in chips) 
Seat 6: ard1tm ($3.06 in chips) 
Seat 9: Dorex2007 ($2 in chips) 
8_lara_8: posts small blind $0.01
tutjak: posts big blind $0.02
*** HOLE CARDS ***
Dealt to Dorex2007 [Kc 4h]
quinho_tk: calls $0.02
wlsrbf has timed out
wlsrbf: folds 
ard1tm: folds 
Dorex2007: folds 
8_lara_8: calls $0.01
tutjak: checks 
*** FLOP *** [3s 6d 7s]
8_lara_8: bets $0.02
tutjak: folds 
quinho_tk: calls $0.02
*** TURN *** [3s 6d 7s] [8s]
8_lara_8: bets $0.02
quinho_tk: calls $0.02
*** RIVER *** [3s 6d 7s 8s] [As]
8_lara_8: bets $0.02
quinho_tk: folds 
Uncalled bet ($0.02) returned to 8_lara_8
8_lara_8 collected $0.14 from pot
8_lara_8: doesn't show hand 
*** SUMMARY ***
Total pot $0.14 | Rake $0 
Board [3s 6d 7s 8s As]
Seat 1: 8_lara_8 (small blind) collected ($0.14)
Seat 2: tutjak (big blind) folded on the Flop
Seat 4: quinho_tk folded on the River
Seat 5: wlsrbf folded before Flop (didn't bet)
Seat 6: ard1tm folded before Flop (didn't bet)
Seat 9: Dorex2007 (button) folded before Flop (didn't bet)



PokerStars Hand #233874291385:  Hold'em No Limit ($0.01/$0.02 USD) - 2022/02/07 15:44:46 PT [2022/02/07 18:44:46 ET]
Table 'Mayall III' 9-max Seat #1 is the button
Seat 1: 8_lara_8 ($1.03 in chips) 
Seat 2: tutjak ($2.91 in chips) 
Seat 4: quinho_tk ($2.74 in chips) 
Seat 5: wlsrbf ($1.38 in chips) 
Seat 6: ard1tm ($3.06 in chips) 
Seat 9: Dorex2007 ($2 in chips) 
tutjak: posts small blind $0.01
quinho_tk: posts big blind $0.02
Lex1974: sits out 
*** HOLE CARDS ***
Dealt to Dorex2007 [9c 9s]
wlsrbf has timed out
wlsrbf: folds 
ard1tm: folds 
Dorex2007: calls $0.02
8_lara_8: calls $0.02
tutjak: calls $0.01
quinho_tk: checks 
*** FLOP *** [2c Qh 5h]
tutjak: bets $0.06
quinho_tk: calls $0.06
Dorex2007: folds 
8_lara_8: folds 
*** TURN *** [2c Qh 5h] [Ad]
tutjak: bets $0.10
quinho_tk: folds 
Uncalled bet ($0.10) returned to tutjak
tutjak collected $0.19 from pot
tutjak: doesn't show hand 
*** SUMMARY ***
Total pot $0.20 | Rake $0.01 
Board [2c Qh 5h Ad]
Seat 1: 8_lara_8 (button) folded on the Flop
Seat 2: tutjak (small blind) collected ($0.19)
Seat 4: quinho_tk (big blind) folded on the Turn
Seat 5: wlsrbf folded before Flop (didn't bet)
Seat 6: ard1tm folded before Flop (didn't bet)
Seat 9: Dorex2007 folded on the Flop



PokerStars Hand #233874308193:  Hold'em No Limit ($0.01/$0.02 USD) - 2022/02/07 15:45:29 PT [2022/02/07 18:45:29 ET]
Table 'Mayall III' 9-max Seat #2 is the button
Seat 1: 8_lara_8 ($1.01 in chips) 
Seat 2: tutjak ($3.02 in chips) 
Seat 4: quinho_tk ($2.66 in chips) 
Seat 5: wlsrbf ($1.38 in chips) 
Seat 6: ard1tm ($3.06 in chips) 
Seat 7: Lex1974 ($0.84 in chips) 
Seat 9: Dorex2007 ($2 in chips) 
quinho_tk: posts small blind $0.01
wlsrbf: posts big blind $0.02
Lex1974: posts small & big blinds $0.03
*** HOLE CARDS ***
Dealt to Dorex2007 [Th 4d]
ard1tm: folds 
Lex1974: checks 
Dorex2007: folds 
8_lara_8: folds 
tutjak: calls $0.02
quinho_tk: calls $0.01
wlsrbf: checks 
*** FLOP *** [3h 2s 6c]
quinho_tk: checks 
wlsrbf: checks 
Lex1974: checks 
tutjak: checks 
*** TURN *** [3h 2s 6c] [9d]
quinho_tk: checks 
wlsrbf: checks 
cntrru is disconnected 
Lex1974: checks 
tutjak: checks 
*** RIVER *** [3h 2s 6c 9d] [Ac]
quinho_tk: checks 
wlsrbf: checks 
Lex1974: checks 
tutjak: checks 
*** SHOW DOWN ***
quinho_tk: shows [Kc Jc] (high card Ace)
wlsrbf: shows [6h 5h] (a pair of Sixes)
Lex1974: mucks hand 
tutjak: mucks hand 
wlsrbf collected $0.09 from pot
*** SUMMARY ***
Total pot $0.09 | Rake $0 
Board [3h 2s 6c 9d Ac]
Seat 1: 8_lara_8 folded before Flop (didn't bet)
Seat 2: tutjak (button) mucked [8h Kd]
Seat 4: quinho_tk (small blind) showed [Kc Jc] and lost with high card Ace
Seat 5: wlsrbf (big blind) showed [6h 5h] and won ($0.09) with a pair of Sixes
Seat 6: ard1tm folded before Flop (didn't bet)
Seat 7: Lex1974 mucked [Kh Qh]
Seat 9: Dorex2007 folded before Flop (didn't bet)



PokerStars Hand #233874348348:  Hold'em No Limit ($0.01/$0.02 USD) - 2022/02/07 15:46:56 PT [2022/02/07 18:46:56 ET]
Table 'Mayall III' 9-max Seat #4 is the button
Seat 1: 8_lara_8 ($1.01 in chips) 
Seat 2: tutjak ($3 in chips) 
Seat 4: quinho_tk ($2.64 in chips) 
Seat 5: wlsrbf ($1.45 in chips) 
Seat 7: Lex1974 ($0.81 in chips) 
Seat 9: Dorex2007 ($2 in chips) 
wlsrbf: posts small blind $0.01
ard1tm: is sitting out 
Lex1974: posts big blind $0.02
*** HOLE CARDS ***
Dealt to Dorex2007 [Qd 2c]
ard1tm leaves the table
Dorex2007: folds 
8_lara_8: folds 
tutjak: raises $0.04 to $0.06
quinho_tk: calls $0.06
wlsrbf: folds 
Lex1974: calls $0.04
*** FLOP *** [Ac Jh Kc]
Lex1974: checks 
tutjak: bets $0.12
quinho_tk: folds 
Lex1974: folds 
Uncalled bet ($0.12) returned to tutjak
tutjak collected $0.18 from pot
tutjak: doesn't show hand 
*** SUMMARY ***
Total pot $0.19 | Rake $0.01 
Board [Ac Jh Kc]
Seat 1: 8_lara_8 folded before Flop (didn't bet)
Seat 2: tutjak collected ($0.18)
Seat 4: quinho_tk (button) folded on the Flop
Seat 5: wlsrbf (small blind) folded before Flop
Seat 7: Lex1974 (big blind) folded on the Flop
Seat 9: Dorex2007 folded before Flop (didn't bet)



PokerStars Hand #233874363810:  Hold'em No Limit ($0.01/$0.02 USD) - 2022/02/07 15:47:36 PT [2022/02/07 18:47:36 ET]
Table 'Mayall III' 9-max Seat #5 is the button
Seat 1: 8_lara_8 ($1.01 in chips) 
Seat 2: tutjak ($3.12 in chips) 
Seat 4: quinho_tk ($2.58 in chips) 
Seat 5: wlsrbf ($1.44 in chips) 
Seat 7: Lex1974 ($0.75 in chips) 
Seat 9: Dorex2007 ($2 in chips) 
Lex1974: posts small blind $0.01
Dorex2007: posts big blind $0.02
*** HOLE CARDS ***
Dealt to Dorex2007 [4h Jh]
8_lara_8: folds 
tutjak: raises $0.08 to $0.10
quinho_tk: folds 
wlsrbf: folds 
Lex1974: calls $0.09
Dorex2007: folds 
*** FLOP *** [7d 7s 8c]
Lex1974: checks 
tutjak: bets $0.18
Lex1974: raises $0.47 to $0.65 and is all-in
tutjak: calls $0.47
Lex1974 has timed out
tutjak has timed out
*** TURN *** [7d 7s 8c] [Ks]
*** RIVER *** [7d 7s 8c Ks] [Jd]
*** SHOW DOWN ***
Lex1974: shows [5h 6h] (a pair of Sevens)
tutjak: shows [Ad As] (two pair, Aces and Sevens)
tutjak collected $1.47 from pot
mauricio15mt joins the table at seat #6 
*** SUMMARY ***
Total pot $1.52 | Rake $0.05 
Board [7d 7s 8c Ks Jd]
Seat 1: 8_lara_8 folded before Flop (didn't bet)
Seat 2: tutjak showed [Ad As] and won ($1.47) with two pair, Aces and Sevens
Seat 4: quinho_tk folded before Flop (didn't bet)
Seat 5: wlsrbf (button) folded before Flop (didn't bet)
Seat 7: Lex1974 (small blind) showed [5h 6h] and lost with a pair of Sevens
Seat 9: Dorex2007 (big blind) folded before Flop



PokerStars Hand #233874388521:  Hold'em No Limit ($0.01/$0.02 USD) - 2022/02/07 15:48:39 PT [2022/02/07 18:48:39 ET]
Table 'Mayall III' 9-max Seat #9 is the button
Seat 1: 8_lara_8 ($1.01 in chips) 
Seat 2: tutjak ($3.84 in chips) 
Seat 4: quinho_tk ($2.58 in chips) 
Seat 5: wlsrbf ($1.44 in chips) 
Seat 9: Dorex2007 ($2 in chips) 
8_lara_8: posts small blind $0.01
tutjak: posts big blind $0.02
mauricio15mt: sits out 
*** HOLE CARDS ***
Dealt to Dorex2007 [9h Ac]
Lex1974 leaves the table
quinho_tk: calls $0.02
wlsrbf: folds 
Dorex2007: folds 
8_lara_8: calls $0.01
tutjak: checks 
*** FLOP *** [5s Td Th]
8_lara_8: checks 
tutjak: checks 
quinho_tk: checks 
*** TURN *** [5s Td Th] [5c]
8_lara_8: checks 
tutjak: checks 
WARRENtheSAP joins the table at seat #7 
quinho_tk: checks 
*** RIVER *** [5s Td Th 5c] [Jc]
8_lara_8: bets $0.02
tutjak: folds 
quinho_tk: folds 
Uncalled bet ($0.02) returned to 8_lara_8
8_lara_8 collected $0.06 from pot
8_lara_8: doesn't show hand 
*** SUMMARY ***
Total pot $0.06 | Rake $0 
Board [5s Td Th 5c Jc]
Seat 1: 8_lara_8 (small blind) collected ($0.06)
Seat 2: tutjak (big blind) folded on the River
Seat 4: quinho_tk folded on the River
Seat 5: wlsrbf folded before Flop (didn't bet)
Seat 9: Dorex2007 (button) folded before Flop (didn't bet)



PokerStars Hand #233874406407:  Hold'em No Limit ($0.01/$0.02 USD) - 2022/02/07 15:49:26 PT [2022/02/07 18:49:26 ET]
Table 'Mayall III' 9-max Seat #1 is the button
Seat 1: 8_lara_8 ($1.05 in chips) 
Seat 2: tutjak ($3.82 in chips) 
Seat 4: quinho_tk ($2.56 in chips) 
Seat 5: wlsrbf ($1.44 in chips) 
Seat 7: WARRENtheSAP ($2 in chips) 
Seat 9: Dorex2007 ($2 in chips) 
tutjak: posts small blind $0.01
quinho_tk: posts big blind $0.02
mauricio15mt: sits out 
WARRENtheSAP: posts big blind $0.02
*** HOLE CARDS ***
Dealt to Dorex2007 [Th 8h]
wlsrbf: calls $0.02
WARRENtheSAP: checks 
Dorex2007: folds 
8_lara_8: folds 
tutjak: calls $0.01
quinho_tk: checks 
*** FLOP *** [Kh 7d Qh]
tutjak: checks 
quinho_tk: checks 
wlsrbf: checks 
WARRENtheSAP: checks 
*** TURN *** [Kh 7d Qh] [5c]
tutjak: checks 
quinho_tk: checks 
wlsrbf: bets $0.04
WARRENtheSAP: calls $0.04
tutjak: folds 
quinho_tk: folds 
*** RIVER *** [Kh 7d Qh 5c] [6s]
wlsrbf: bets $0.08
WARRENtheSAP: folds 
Uncalled bet ($0.08) returned to wlsrbf
wlsrbf collected $0.15 from pot
wlsrbf: doesn't show hand 
*** SUMMARY ***
Total pot $0.16 | Rake $0.01 
Board [Kh 7d Qh 5c 6s]
Seat 1: 8_lara_8 (button) folded before Flop (didn't bet)
Seat 2: tutjak (small blind) folded on the Turn
Seat 4: quinho_tk (big blind) folded on the Turn
Seat 5: wlsrbf collected ($0.15)
Seat 7: WARRENtheSAP folded on the River
Seat 9: Dorex2007 folded before Flop (didn't bet)



PokerStars Hand #233874432509:  Hold'em No Limit ($0.01/$0.02 USD) - 2022/02/07 15:50:33 PT [2022/02/07 18:50:33 ET]
Table 'Mayall III' 9-max Seat #2 is the button
Seat 1: 8_lara_8 ($1.05 in chips) 
Seat 2: tutjak ($3.80 in chips) 
Seat 4: quinho_tk ($2.54 in chips) 
Seat 6: mauricio15mt ($2 in chips) 
Seat 7: WARRENtheSAP ($1.94 in chips) 
Seat 9: Dorex2007 ($2 in chips) 
quinho_tk: posts small blind $0.01
mauricio15mt: posts big blind $0.02
*** HOLE CARDS ***
Dealt to Dorex2007 [Js 8s]
WARRENtheSAP: folds 
Dorex2007: folds 
8_lara_8: calls $0.02
tutjak: folds 
quinho_tk: calls $0.01
mauricio15mt: checks 
*** FLOP *** [9d 9h Qs]
quinho_tk: checks 
mauricio15mt: checks 
8_lara_8: bets $0.02
quinho_tk: calls $0.02
mauricio15mt: calls $0.02
*** TURN *** [9d 9h Qs] [7c]
quinho_tk: checks 
mauricio15mt: checks 
8_lara_8: checks 
*** RIVER *** [9d 9h Qs 7c] [7d]
quinho_tk: checks 
mauricio15mt: bets $0.12
8_lara_8: folds 
quinho_tk: folds 
Uncalled bet ($0.12) returned to mauricio15mt
mauricio15mt collected $0.12 from pot
mauricio15mt: doesn't show hand 
*** SUMMARY ***
Total pot $0.12 | Rake $0 
Board [9d 9h Qs 7c 7d]
Seat 1: 8_lara_8 folded on the River
Seat 2: tutjak (button) folded before Flop (didn't bet)
Seat 4: quinho_tk (small blind) folded on the River
Seat 6: mauricio15mt (big blind) collected ($0.12)
Seat 7: WARRENtheSAP folded before Flop (didn't bet)
Seat 9: Dorex2007 folded before Flop (didn't bet)



PokerStars Hand #233874455567:  Hold'em No Limit ($0.01/$0.02 USD) - 2022/02/07 15:51:33 PT [2022/02/07 18:51:33 ET]
Table 'Mayall III' 9-max Seat #4 is the button
Seat 1: 8_lara_8 ($1.01 in chips) 
Seat 2: tutjak ($3.80 in chips) 
Seat 4: quinho_tk ($2.50 in chips) 
Seat 6: mauricio15mt ($2.08 in chips) 
Seat 7: WARRENtheSAP ($1.94 in chips) 
Seat 9: Dorex2007 ($2 in chips) 
mauricio15mt: posts small blind $0.01
WARRENtheSAP: posts big blind $0.02
*** HOLE CARDS ***
Dealt to Dorex2007 [7h 5h]
Dorex2007: folds 
8_lara_8: folds 
tutjak: folds 
quinho_tk: calls $0.02
mauricio15mt: calls $0.01
WARRENtheSAP: checks 
*** FLOP *** [3d 7c 5c]
mauricio15mt: checks 
WARRENtheSAP: bets $0.06
quinho_tk: calls $0.06
mauricio15mt: folds 
*** TURN *** [3d 7c 5c] [9h]
WARRENtheSAP: bets $0.17
quinho_tk: folds 
Uncalled bet ($0.17) returned to WARRENtheSAP
WARRENtheSAP collected $0.17 from pot
WARRENtheSAP: doesn't show hand 
*** SUMMARY ***
Total pot $0.18 | Rake $0.01 
Board [3d 7c 5c 9h]
Seat 1: 8_lara_8 folded before Flop (didn't bet)
Seat 2: tutjak folded before Flop (didn't bet)
Seat 4: quinho_tk (button) folded on the Turn
Seat 6: mauricio15mt (small blind) folded on the Flop
Seat 7: WARRENtheSAP (big blind) collected ($0.17)
Seat 9: Dorex2007 folded before Flop (didn't bet)



PokerStars Hand #233874472647:  Hold'em No Limit ($0.01/$0.02 USD) - 2022/02/07 15:52:18 PT [2022/02/07 18:52:18 ET]
Table 'Mayall III' 9-max Seat #6 is the button
Seat 1: 8_lara_8 ($1.01 in chips) 
Seat 2: tutjak ($3.80 in chips) 
Seat 4: quinho_tk ($2.42 in chips) 
Seat 6: mauricio15mt ($2.06 in chips) 
Seat 7: WARRENtheSAP ($2.03 in chips) 
Seat 9: Dorex2007 ($2 in chips) 
WARRENtheSAP: posts small blind $0.01
Dorex2007: posts big blind $0.02
*** HOLE CARDS ***
Dealt to Dorex2007 [Ts 7c]
8_lara_8: folds 
tutjak: folds 
quinho_tk: folds 
mauricio15mt: folds 
WARRENtheSAP: raises $0.02 to $0.04
Dorex2007: folds 
Uncalled bet ($0.02) returned to WARRENtheSAP
WARRENtheSAP collected $0.04 from pot
WARRENtheSAP: doesn't show hand 
*** SUMMARY ***
Total pot $0.04 | Rake $0 
Seat 1: 8_lara_8 folded before Flop (didn't bet)
Seat 2: tutjak folded before Flop (didn't bet)
Seat 4: quinho_tk folded before Flop (didn't bet)
Seat 6: mauricio15mt (button) folded before Flop (didn't bet)
Seat 7: WARRENtheSAP (small blind) collected ($0.04)
Seat 9: Dorex2007 (big blind) folded before Flop



PokerStars Hand #233874478189:  Hold'em No Limit ($0.01/$0.02 USD) - 2022/02/07 15:52:32 PT [2022/02/07 18:52:32 ET]
Table 'Mayall III' 9-max Seat #7 is the button
Seat 1: 8_lara_8 ($1.01 in chips) 
Seat 2: tutjak ($3.80 in chips) 
Seat 4: quinho_tk ($2.42 in chips) 
Seat 6: mauricio15mt ($2.06 in chips) 
Seat 7: WARRENtheSAP ($2.05 in chips) 
Seat 9: Dorex2007 ($2 in chips) 
Dorex2007: posts small blind $0.01
8_lara_8: posts big blind $0.02
*** HOLE CARDS ***
Dealt to Dorex2007 [5c 9h]
tutjak: folds 
quinho_tk: calls $0.02
mauricio15mt: folds 
WARRENtheSAP: raises $0.07 to $0.09
Dorex2007: folds 
8_lara_8: calls $0.07
quinho_tk: calls $0.07
*** FLOP *** [Th 8c Qh]
8_lara_8: bets $0.14
quinho_tk: folds 
WARRENtheSAP: folds [Ah Kc]
Uncalled bet ($0.14) returned to 8_lara_8
8_lara_8 collected $0.27 from pot
8_lara_8: doesn't show hand 
*** SUMMARY ***
Total pot $0.28 | Rake $0.01 
Board [Th 8c Qh]
Seat 1: 8_lara_8 (big blind) collected ($0.27)
Seat 2: tutjak folded before Flop (didn't bet)
Seat 4: quinho_tk folded on the Flop
Seat 6: mauricio15mt folded before Flop (didn't bet)
Seat 7: WARRENtheSAP (button) folded on the Flop
Seat 9: Dorex2007 (small blind) folded before Flop



PokerStars Hand #233874497048:  Hold'em No Limit ($0.01/$0.02 USD) - 2022/02/07 15:53:22 PT [2022/02/07 18:53:22 ET]
Table 'Mayall III' 9-max Seat #9 is the button
Seat 1: 8_lara_8 ($1.19 in chips) 
Seat 2: tutjak ($3.80 in chips) 
Seat 4: quinho_tk ($2.33 in chips) 
Seat 6: mauricio15mt ($2.06 in chips) 
Seat 7: WARRENtheSAP ($1.96 in chips) 
Seat 9: Dorex2007 ($2 in chips) 
8_lara_8: posts small blind $0.01
tutjak: posts big blind $0.02
*** HOLE CARDS ***
Dealt to Dorex2007 [Th 5c]
quinho_tk: calls $0.02
mauricio15mt: folds 
WARRENtheSAP: folds 
Dorex2007: folds 
8_lara_8: calls $0.01
tutjak: checks 
*** FLOP *** [As Ts Qc]
8_lara_8: bets $0.02
tutjak: folds 
quinho_tk: calls $0.02
*** TURN *** [As Ts Qc] [3c]
8_lara_8: bets $0.02
quinho_tk: calls $0.02
*** RIVER *** [As Ts Qc 3c] [2h]
8_lara_8: bets $0.02
quinho_tk: folds 
Uncalled bet ($0.02) returned to 8_lara_8
8_lara_8 collected $0.14 from pot
8_lara_8: doesn't show hand 
*** SUMMARY ***
Total pot $0.14 | Rake $0 
Board [As Ts Qc 3c 2h]
Seat 1: 8_lara_8 (small blind) collected ($0.14)
Seat 2: tutjak (big blind) folded on the Flop
Seat 4: quinho_tk folded on the River
Seat 6: mauricio15mt folded before Flop (didn't bet)
Seat 7: WARRENtheSAP folded before Flop (didn't bet)
Seat 9: Dorex2007 (button) folded before Flop (didn't bet)



PokerStars Hand #233874513732:  Hold'em No Limit ($0.01/$0.02 USD) - 2022/02/07 15:54:05 PT [2022/02/07 18:54:05 ET]
Table 'Mayall III' 9-max Seat #1 is the button
Seat 1: 8_lara_8 ($1.27 in chips) 
Seat 2: tutjak ($3.78 in chips) 
Seat 4: quinho_tk ($2.27 in chips) 
Seat 6: mauricio15mt ($2.06 in chips) 
Seat 7: WARRENtheSAP ($1.96 in chips) 
Seat 9: Dorex2007 ($2 in chips) 
tutjak: posts small blind $0.01
quinho_tk: posts big blind $0.02
*** HOLE CARDS ***
Dealt to Dorex2007 [2d 3d]
mauricio15mt: folds 
WARRENtheSAP: folds 
Dorex2007: folds 
8_lara_8: calls $0.02
tutjak: folds 
quinho_tk: checks 
*** FLOP *** [Qd 7h Qh]
quinho_tk: checks 
8_lara_8: checks 
*** TURN *** [Qd 7h Qh] [9c]
quinho_tk: checks 
8_lara_8: checks 
*** RIVER *** [Qd 7h Qh 9c] [Tc]
quinho_tk: checks 
8_lara_8: bets $0.02
quinho_tk: folds 
Uncalled bet ($0.02) returned to 8_lara_8
8_lara_8 collected $0.05 from pot
8_lara_8: doesn't show hand 
*** SUMMARY ***
Total pot $0.05 | Rake $0 
Board [Qd 7h Qh 9c Tc]
Seat 1: 8_lara_8 (button) collected ($0.05)
Seat 2: tutjak (small blind) folded before Flop
Seat 4: quinho_tk (big blind) folded on the River
Seat 6: mauricio15mt folded before Flop (didn't bet)
Seat 7: WARRENtheSAP folded before Flop (didn't bet)
Seat 9: Dorex2007 folded before Flop (didn't bet)



PokerStars Hand #233874528810:  Hold'em No Limit ($0.01/$0.02 USD) - 2022/02/07 15:54:45 PT [2022/02/07 18:54:45 ET]
Table 'Mayall III' 9-max Seat #2 is the button
Seat 1: 8_lara_8 ($1.30 in chips) 
Seat 2: tutjak ($3.77 in chips) 
Seat 4: quinho_tk ($2.25 in chips) 
Seat 5: wlsrbf ($1.53 in chips) 
Seat 6: mauricio15mt ($2.06 in chips) 
Seat 7: WARRENtheSAP ($1.96 in chips) 
Seat 9: Dorex2007 ($2 in chips) 
quinho_tk: posts small blind $0.01
wlsrbf: posts big blind $0.02
*** HOLE CARDS ***
Dealt to Dorex2007 [Ac Qd]
mauricio15mt: folds 
WARRENtheSAP: folds 
Dorex2007: raises $0.04 to $0.06
8_lara_8: folds 
tutjak: folds 
quinho_tk: calls $0.05
wlsrbf: calls $0.04
*** FLOP *** [Js Th 5c]
quinho_tk: checks 
wlsrbf: bets $0.06
Dorex2007: calls $0.06
quinho_tk: raises $0.14 to $0.20
wlsrbf: folds 
Dorex2007: folds 
Uncalled bet ($0.14) returned to quinho_tk
quinho_tk collected $0.35 from pot
quinho_tk: doesn't show hand 
*** SUMMARY ***
Total pot $0.36 | Rake $0.01 
Board [Js Th 5c]
Seat 1: 8_lara_8 folded before Flop (didn't bet)
Seat 2: tutjak (button) folded before Flop (didn't bet)
Seat 4: quinho_tk (small blind) collected ($0.35)
Seat 5: wlsrbf (big blind) folded on the Flop
Seat 6: mauricio15mt folded before Flop (didn't bet)
Seat 7: WARRENtheSAP folded before Flop (didn't bet)
Seat 9: Dorex2007 folded on the Flop



PokerStars Hand #233874552166:  Hold'em No Limit ($0.01/$0.02 USD) - 2022/02/07 15:55:56 PT [2022/02/07 18:55:56 ET]
Table 'Mayall III' 9-max Seat #4 is the button
Seat 1: 8_lara_8 ($1.30 in chips) 
Seat 2: tutjak ($3.77 in chips) 
Seat 4: quinho_tk ($2.48 in chips) 
Seat 5: wlsrbf ($1.41 in chips) 
Seat 6: mauricio15mt ($2.06 in chips) 
Seat 7: WARRENtheSAP ($1.96 in chips) 
Seat 9: Dorex2007 ($2 in chips) 
wlsrbf: posts small blind $0.01
mauricio15mt: posts big blind $0.02
*** HOLE CARDS ***
Dealt to Dorex2007 [7s 9d]
WARRENtheSAP: raises $0.04 to $0.06
Dorex2007: folds 
8_lara_8: calls $0.06
tutjak: folds 
quinho_tk: folds 
wlsrbf: folds 
mauricio15mt: folds 
*** FLOP *** [Ah Td Th]
WARRENtheSAP: checks 
8_lara_8: bets $0.07
WARRENtheSAP: calls $0.07
*** TURN *** [Ah Td Th] [Qs]
WARRENtheSAP: checks 
8_lara_8: bets $0.02
WARRENtheSAP: raises $0.16 to $0.18
8_lara_8: folds 
Uncalled bet ($0.16) returned to WARRENtheSAP
cntrru leaves the table
WARRENtheSAP collected $0.32 from pot
WARRENtheSAP: doesn't show hand 
*** SUMMARY ***
Total pot $0.33 | Rake $0.01 
Board [Ah Td Th Qs]
Seat 1: 8_lara_8 folded on the Turn
Seat 2: tutjak folded before Flop (didn't bet)
Seat 4: quinho_tk (button) folded before Flop (didn't bet)
Seat 5: wlsrbf (small blind) folded before Flop
Seat 6: mauricio15mt (big blind) folded before Flop
Seat 7: WARRENtheSAP collected ($0.32)
Seat 9: Dorex2007 folded before Flop (didn't bet)



PokerStars Hand #233874564382:  Hold'em No Limit ($0.01/$0.02 USD) - 2022/02/07 15:56:36 PT [2022/02/07 18:56:36 ET]
Table 'Mayall III' 9-max Seat #5 is the button
Seat 1: 8_lara_8 ($1.15 in chips) 
Seat 2: tutjak ($3.77 in chips) 
Seat 4: quinho_tk ($2.48 in chips) 
Seat 5: wlsrbf ($1.40 in chips) 
Seat 6: mauricio15mt ($2.04 in chips) 
Seat 7: WARRENtheSAP ($2.13 in chips) 
Seat 9: Dorex2007 ($2 in chips) 
mauricio15mt: posts small blind $0.01
WARRENtheSAP: posts big blind $0.02
*** HOLE CARDS ***
Dealt to Dorex2007 [Jd Kh]
Dorex2007: raises $0.02 to $0.04
8_lara_8: raises $0.02 to $0.06
tutjak: calls $0.06
quinho_tk: folds 
wlsrbf: folds 
mauricio15mt: folds 
WARRENtheSAP: calls $0.04
Dorex2007: calls $0.02
*** FLOP *** [3c 8h 7s]
WARRENtheSAP: checks 
Dukom joins the table at seat #3 
Dorex2007: checks 
8_lara_8: bets $0.12
tutjak: folds 
WARRENtheSAP: calls $0.12
Dorex2007: folds 
*** TURN *** [3c 8h 7s] [2h]
WARRENtheSAP: checks 
8_lara_8: bets $0.24
WARRENtheSAP: folds 
Uncalled bet ($0.24) returned to 8_lara_8
8_lara_8 collected $0.47 from pot
8_lara_8: doesn't show hand 
*** SUMMARY ***
Total pot $0.49 | Rake $0.02 
Board [3c 8h 7s 2h]
Seat 1: 8_lara_8 collected ($0.47)
Seat 2: tutjak folded on the Flop
Seat 4: quinho_tk folded before Flop (didn't bet)
Seat 5: wlsrbf (button) folded before Flop (didn't bet)
Seat 6: mauricio15mt (small blind) folded before Flop
Seat 7: WARRENtheSAP (big blind) folded on the Turn
Seat 9: Dorex2007 folded on the Flop



PokerStars Hand #233874585400:  Hold'em No Limit ($0.01/$0.02 USD) - 2022/02/07 15:57:45 PT [2022/02/07 18:57:45 ET]
Table 'Mayall III' 9-max Seat #6 is the button
Seat 1: 8_lara_8 ($1.44 in chips) 
Seat 2: tutjak ($3.71 in chips) 
Seat 4: quinho_tk ($2.48 in chips) 
Seat 5: wlsrbf ($1.40 in chips) 
Seat 6: mauricio15mt ($2.03 in chips) 
Seat 7: WARRENtheSAP ($1.95 in chips) 
Seat 9: Dorex2007 ($2 in chips) 
WARRENtheSAP: posts small blind $0.01
Dorex2007: posts big blind $0.02
Dukom: sits out 
*** HOLE CARDS ***
Dealt to Dorex2007 [8h 5s]
8_lara_8: raises $0.02 to $0.04
tutjak: folds 
quinho_tk: calls $0.04
wlsrbf: calls $0.04
mauricio15mt: calls $0.04
WARRENtheSAP: folds 
Dorex2007: folds 
*** FLOP *** [9d Ac 7c]
8_lara_8: bets $0.02
quinho_tk: calls $0.02
wlsrbf: folds 
mauricio15mt: calls $0.02
*** TURN *** [9d Ac 7c] [8c]
8_lara_8: bets $0.12
quinho_tk: folds 
mauricio15mt: calls $0.12
*** RIVER *** [9d Ac 7c 8c] [Jh]
8_lara_8: bets $0.02
mauricio15mt: calls $0.02
*** SHOW DOWN ***
8_lara_8: shows [Ad 3d] (a pair of Aces)
mauricio15mt: shows [Td 8d] (a straight, Seven to Jack)
mauricio15mt collected $0.51 from pot
*** SUMMARY ***
Total pot $0.53 | Rake $0.02 
Board [9d Ac 7c 8c Jh]
Seat 1: 8_lara_8 showed [Ad 3d] and lost with a pair of Aces
Seat 2: tutjak folded before Flop (didn't bet)
Seat 4: quinho_tk folded on the Turn
Seat 5: wlsrbf folded on the Flop
Seat 6: mauricio15mt (button) showed [Td 8d] and won ($0.51) with a straight, Seven to Jack
Seat 7: WARRENtheSAP (small blind) folded before Flop
Seat 9: Dorex2007 (big blind) folded before Flop



PokerStars Hand #233874607337:  Hold'em No Limit ($0.01/$0.02 USD) - 2022/02/07 15:58:58 PT [2022/02/07 18:58:58 ET]
Table 'Mayall III' 9-max Seat #7 is the button
Seat 1: 8_lara_8 ($1.24 in chips) 
Seat 2: tutjak ($3.71 in chips) 
Seat 4: quinho_tk ($2.42 in chips) 
Seat 5: wlsrbf ($1.36 in chips) 
Seat 7: WARRENtheSAP ($1.94 in chips) 
Seat 9: Dorex2007 ($2 in chips) 
Dorex2007: posts small blind $0.01
8_lara_8: posts big blind $0.02
Dukom: sits out 
*** HOLE CARDS ***
Dealt to Dorex2007 [Ad 5c]
tutjak: folds 
quinho_tk: folds 
wlsrbf: folds 
WARRENtheSAP: calls $0.02
Dorex2007: calls $0.01
8_lara_8: checks 
*** FLOP *** [Qh 3d 2c]
Dorex2007: checks 
8_lara_8: checks 
WARRENtheSAP: checks 
*** TURN *** [Qh 3d 2c] [9h]
Dorex2007: checks 
8_lara_8: checks 
WARRENtheSAP: checks 
*** RIVER *** [Qh 3d 2c 9h] [Ks]
Dorex2007: checks 
8_lara_8: checks 
WARRENtheSAP: checks 
*** SHOW DOWN ***
Dorex2007: shows [Ad 5c] (high card Ace)
8_lara_8: mucks hand 
WARRENtheSAP: shows [8s As] (high card Ace - King+Queen+Nine+Eight kicker)
WARRENtheSAP collected $0.06 from pot
*** SUMMARY ***
Total pot $0.06 | Rake $0 
Board [Qh 3d 2c 9h Ks]
Seat 1: 8_lara_8 (big blind) mucked [Tc 6s]
Seat 2: tutjak folded before Flop (didn't bet)
Seat 4: quinho_tk folded before Flop (didn't bet)
Seat 5: wlsrbf folded before Flop (didn't bet)
Seat 7: WARRENtheSAP (button) showed [8s As] and won ($0.06) with high card Ace
Seat 9: Dorex2007 (small blind) showed [Ad 5c] and lost with high card Ace



PokerStars Hand #233874621120:  Hold'em No Limit ($0.01/$0.02 USD) - 2022/02/07 15:59:44 PT [2022/02/07 18:59:44 ET]
Table 'Mayall III' 9-max Seat #9 is the button
Seat 1: 8_lara_8 ($1.22 in chips) 
Seat 2: tutjak ($3.71 in chips) 
Seat 4: quinho_tk ($2.42 in chips) 
Seat 5: wlsrbf ($1.36 in chips) 
Seat 7: WARRENtheSAP ($1.98 in chips) 
Seat 9: Dorex2007 ($2 in chips) 
8_lara_8: posts small blind $0.01
tutjak: posts big blind $0.02
Dukom: sits out 
*** HOLE CARDS ***
Dealt to Dorex2007 [5c Kc]
quinho_tk: calls $0.02
wlsrbf: folds 
WARRENtheSAP: folds 
Dorex2007: folds 
8_lara_8: calls $0.01
tutjak: checks 
*** FLOP *** [6c As 7s]
8_lara_8: bets $0.03
tutjak: folds 
quinho_tk: folds 
Uncalled bet ($0.03) returned to 8_lara_8
8_lara_8 collected $0.06 from pot
8_lara_8: doesn't show hand 
*** SUMMARY ***
Total pot $0.06 | Rake $0 
Board [6c As 7s]
Seat 1: 8_lara_8 (small blind) collected ($0.06)
Seat 2: tutjak (big blind) folded on the Flop
Seat 4: quinho_tk folded on the Flop
Seat 5: wlsrbf folded before Flop (didn't bet)
Seat 7: WARRENtheSAP folded before Flop (didn't bet)
Seat 9: Dorex2007 (button) folded before Flop (didn't bet)



PokerStars Hand #233874630534:  Hold'em No Limit ($0.01/$0.02 USD) - 2022/02/07 16:00:14 PT [2022/02/07 19:00:14 ET]
Table 'Mayall III' 9-max Seat #1 is the button
Seat 1: 8_lara_8 ($1.26 in chips) 
Seat 2: tutjak ($3.69 in chips) 
Seat 3: Dukom ($1.60 in chips) 
Seat 4: quinho_tk ($2.40 in chips) 
Seat 5: wlsrbf ($1.36 in chips) 
Seat 7: WARRENtheSAP ($1.98 in chips) 
Seat 9: Dorex2007 ($2 in chips) 
tutjak: posts small blind $0.01
Dukom: posts big blind $0.02
*** HOLE CARDS ***
Dealt to Dorex2007 [4d Jc]
quinho_tk: calls $0.02
wlsrbf: calls $0.02
WARRENtheSAP: folds 
Dorex2007: folds 
8_lara_8: calls $0.02
tutjak: calls $0.01
Dukom: checks 
*** FLOP *** [8h Jh Js]
tutjak: checks 
Dukom: checks 
quinho_tk: checks 
wlsrbf: checks 
8_lara_8: bets $0.10
tutjak: folds 
Dukom: folds 
quinho_tk: calls $0.10
wlsrbf: folds 
*** TURN *** [8h Jh Js] [7d]
quinho_tk: checks 
8_lara_8: checks 
*** RIVER *** [8h Jh Js 7d] [9s]
quinho_tk: checks 
8_lara_8: checks 
*** SHOW DOWN ***
quinho_tk: shows [Ah Ks] (a pair of Jacks)
8_lara_8: shows [2c 2d] (two pair, Jacks and Deuces)
8_lara_8 collected $0.29 from pot
*** SUMMARY ***
Total pot $0.30 | Rake $0.01 
Board [8h Jh Js 7d 9s]
Seat 1: 8_lara_8 (button) showed [2c 2d] and won ($0.29) with two pair, Jacks and Deuces
Seat 2: tutjak (small blind) folded on the Flop
Seat 3: Dukom (big blind) folded on the Flop
Seat 4: quinho_tk showed [Ah Ks] and lost with a pair of Jacks
Seat 5: wlsrbf folded on the Flop
Seat 7: WARRENtheSAP folded before Flop (didn't bet)
Seat 9: Dorex2007 folded before Flop (didn't bet)



PokerStars Hand #233874650191:  Hold'em No Limit ($0.01/$0.02 USD) - 2022/02/07 16:01:14 PT [2022/02/07 19:01:14 ET]
Table 'Mayall III' 9-max Seat #2 is the button
Seat 1: 8_lara_8 ($1.43 in chips) 
Seat 2: tutjak ($3.67 in chips) 
Seat 3: Dukom ($1.58 in chips) 
Seat 4: quinho_tk ($2.28 in chips) 
Seat 5: wlsrbf ($1.34 in chips) 
Seat 7: WARRENtheSAP ($1.98 in chips) 
Seat 9: Dorex2007 ($2 in chips) 
Dukom: posts small blind $0.01
quinho_tk: posts big blind $0.02
*** HOLE CARDS ***
Dealt to Dorex2007 [5d 4s]
wlsrbf has timed out
wlsrbf: folds 
WARRENtheSAP: raises $0.05 to $0.07
Dorex2007: folds 
8_lara_8: folds 
tutjak: folds 
Dukom: folds 
quinho_tk: calls $0.05
*** FLOP *** [9s Tc 9c]
quinho_tk: checks 
WARRENtheSAP: bets $0.07
quinho_tk: folds 
Uncalled bet ($0.07) returned to WARRENtheSAP
WARRENtheSAP collected $0.14 from pot
WARRENtheSAP: doesn't show hand 
*** SUMMARY ***
Total pot $0.15 | Rake $0.01 
Board [9s Tc 9c]
Seat 1: 8_lara_8 folded before Flop (didn't bet)
Seat 2: tutjak (button) folded before Flop (didn't bet)
Seat 3: Dukom (small blind) folded before Flop
Seat 4: quinho_tk (big blind) folded on the Flop
Seat 5: wlsrbf folded before Flop (didn't bet)
Seat 7: WARRENtheSAP collected ($0.14)
Seat 9: Dorex2007 folded before Flop (didn't bet)



PokerStars Hand #233874665885:  Hold'em No Limit ($0.01/$0.02 USD) - 2022/02/07 16:01:58 PT [2022/02/07 19:01:58 ET]
Table 'Mayall III' 9-max Seat #3 is the button
Seat 1: 8_lara_8 ($1.43 in chips) 
Seat 2: tutjak ($3.67 in chips) 
Seat 3: Dukom ($1.57 in chips) 
Seat 4: quinho_tk ($2.21 in chips) 
Seat 5: wlsrbf ($1.34 in chips) 
Seat 7: WARRENtheSAP ($2.05 in chips) 
Seat 9: Dorex2007 ($2 in chips) 
quinho_tk: posts small blind $0.01
wlsrbf: posts big blind $0.02
*** HOLE CARDS ***
Dealt to Dorex2007 [5d 6s]
WARRENtheSAP: folds 
Dorex2007: folds 
8_lara_8: raises $0.02 to $0.04
tutjak: folds 
Dukom: calls $0.04
quinho_tk: calls $0.03
wlsrbf: calls $0.02
*** FLOP *** [5c 6h 9h]
quinho_tk: bets $0.10
wlsrbf: folds 
8_lara_8: calls $0.10
Dukom: folds 
*** TURN *** [5c 6h 9h] [Qc]
quinho_tk: bets $0.10
8_lara_8: calls $0.10
*** RIVER *** [5c 6h 9h Qc] [Jd]
quinho_tk: bets $1
8_lara_8: folds 
Uncalled bet ($1) returned to quinho_tk
quinho_tk collected $0.54 from pot
quinho_tk: doesn't show hand 
*** SUMMARY ***
Total pot $0.56 | Rake $0.02 
Board [5c 6h 9h Qc Jd]
Seat 1: 8_lara_8 folded on the River
Seat 2: tutjak folded before Flop (didn't bet)
Seat 3: Dukom (button) folded on the Flop
Seat 4: quinho_tk (small blind) collected ($0.54)
Seat 5: wlsrbf (big blind) folded on the Flop
Seat 7: WARRENtheSAP folded before Flop (didn't bet)
Seat 9: Dorex2007 folded before Flop (didn't bet)



PokerStars Hand #233874693724:  Hold'em No Limit ($0.01/$0.02 USD) - 2022/02/07 16:03:13 PT [2022/02/07 19:03:13 ET]
Table 'Mayall III' 9-max Seat #4 is the button
Seat 1: 8_lara_8 ($1.19 in chips) 
Seat 2: tutjak ($3.67 in chips) 
Seat 3: Dukom ($1.53 in chips) 
Seat 4: quinho_tk ($2.51 in chips) 
Seat 5: wlsrbf ($1.30 in chips) 
Seat 6: mauricio15mt ($2.34 in chips) 
Seat 7: WARRENtheSAP ($2.05 in chips) 
Seat 9: Dorex2007 ($2 in chips) 
wlsrbf: posts small blind $0.01
mauricio15mt: posts big blind $0.02
*** HOLE CARDS ***
Dealt to Dorex2007 [8h Tc]
WARRENtheSAP: folds 
Dorex2007: folds 
8_lara_8: folds 
tutjak: folds 
Dukom: folds 
quinho_tk: calls $0.02
wlsrbf: calls $0.01
mauricio15mt: checks 
*** FLOP *** [Ah 9s 6s]
wlsrbf: checks 
mauricio15mt: checks 
quinho_tk: checks 
*** TURN *** [Ah 9s 6s] [8d]
wlsrbf: checks 
mauricio15mt: checks 
quinho_tk: checks 
*** RIVER *** [Ah 9s 6s 8d] [7d]
wlsrbf: checks 
mauricio15mt: bets $0.06
quinho_tk: folds 
wlsrbf: folds 
Uncalled bet ($0.06) returned to mauricio15mt
mauricio15mt collected $0.06 from pot
mauricio15mt: doesn't show hand 
*** SUMMARY ***
Total pot $0.06 | Rake $0 
Board [Ah 9s 6s 8d 7d]
Seat 1: 8_lara_8 folded before Flop (didn't bet)
Seat 2: tutjak folded before Flop (didn't bet)
Seat 3: Dukom folded before Flop (didn't bet)
Seat 4: quinho_tk (button) folded on the River
Seat 5: wlsrbf (small blind) folded on the River
Seat 6: mauricio15mt (big blind) collected ($0.06)
Seat 7: WARRENtheSAP folded before Flop (didn't bet)
Seat 9: Dorex2007 folded before Flop (didn't bet)



PokerStars Hand #233874724529:  Hold'em No Limit ($0.01/$0.02 USD) - 2022/02/07 16:04:37 PT [2022/02/07 19:04:37 ET]
Table 'Mayall III' 9-max Seat #5 is the button
Seat 1: 8_lara_8 ($1.19 in chips) 
Seat 2: tutjak ($3.67 in chips) 
Seat 3: Dukom ($1.53 in chips) 
Seat 4: quinho_tk ($2.49 in chips) 
Seat 5: wlsrbf ($1.28 in chips) 
Seat 6: mauricio15mt ($2.38 in chips) 
Seat 7: WARRENtheSAP ($2.05 in chips) 
Seat 9: Dorex2007 ($2 in chips) 
mauricio15mt: posts small blind $0.01
WARRENtheSAP: posts big blind $0.02
*** HOLE CARDS ***
Dealt to Dorex2007 [2c 5s]
Dorex2007: folds 
8_lara_8: calls $0.02
tutjak: folds 
Dukom: calls $0.02
quinho_tk: calls $0.02
wlsrbf: folds 
mauricio15mt: folds 
WARRENtheSAP: checks 
*** FLOP *** [7c Qh Kd]
WARRENtheSAP: checks 
8_lara_8: bets $0.09
Dukom: folds 
quinho_tk: folds 
WARRENtheSAP: folds 
Uncalled bet ($0.09) returned to 8_lara_8
8_lara_8 collected $0.09 from pot
8_lara_8: doesn't show hand 
*** SUMMARY ***
Total pot $0.09 | Rake $0 
Board [7c Qh Kd]
Seat 1: 8_lara_8 collected ($0.09)
Seat 2: tutjak folded before Flop (didn't bet)
Seat 3: Dukom folded on the Flop
Seat 4: quinho_tk folded on the Flop
Seat 5: wlsrbf (button) folded before Flop (didn't bet)
Seat 6: mauricio15mt (small blind) folded before Flop
Seat 7: WARRENtheSAP (big blind) folded on the Flop
Seat 9: Dorex2007 folded before Flop (didn't bet)



PokerStars Hand #233874747241:  Hold'em No Limit ($0.01/$0.02 USD) - 2022/02/07 16:05:20 PT [2022/02/07 19:05:20 ET]
Table 'Mayall III' 9-max Seat #6 is the button
Seat 1: 8_lara_8 ($1.26 in chips) 
Seat 2: tutjak ($3.67 in chips) 
Seat 3: Dukom ($1.51 in chips) 
Seat 4: quinho_tk ($2.47 in chips) 
Seat 5: wlsrbf ($1.28 in chips) 
Seat 6: mauricio15mt ($2.37 in chips) 
Seat 7: WARRENtheSAP ($2.03 in chips) 
Seat 9: Dorex2007 ($2 in chips) 
WARRENtheSAP: posts small blind $0.01
Dorex2007: posts big blind $0.02
*** HOLE CARDS ***
Dealt to Dorex2007 [Kh Td]
8_lara_8: folds 
tutjak: folds 
Dukom: folds 
quinho_tk: calls $0.02
wlsrbf: calls $0.02
mauricio15mt: raises $0.04 to $0.06
WARRENtheSAP: folds 
Dorex2007: folds 
quinho_tk: calls $0.04
wlsrbf: calls $0.04
*** FLOP *** [8c 3h 5s]
quinho_tk: checks 
wlsrbf: checks 
mauricio15mt: bets $0.10
quinho_tk: folds 
wlsrbf: folds 
Uncalled bet ($0.10) returned to mauricio15mt
mauricio15mt collected $0.20 from pot
kadzso1 leaves the table
mauricio15mt: doesn't show hand 
*** SUMMARY ***
Total pot $0.21 | Rake $0.01 
Board [8c 3h 5s]
Seat 1: 8_lara_8 folded before Flop (didn't bet)
Seat 2: tutjak folded before Flop (didn't bet)
Seat 3: Dukom folded before Flop (didn't bet)
Seat 4: quinho_tk folded on the Flop
Seat 5: wlsrbf folded on the Flop
Seat 6: mauricio15mt (button) collected ($0.20)
Seat 7: WARRENtheSAP (small blind) folded before Flop
Seat 9: Dorex2007 (big blind) folded before Flop



PokerStars Hand #233874768137:  Hold'em No Limit ($0.01/$0.02 USD) - 2022/02/07 16:06:17 PT [2022/02/07 19:06:17 ET]
Table 'Mayall III' 9-max Seat #7 is the button
Seat 1: 8_lara_8 ($1.26 in chips) 
Seat 2: tutjak ($3.67 in chips) 
Seat 3: Dukom ($1.51 in chips) 
Seat 4: quinho_tk ($2.41 in chips) 
Seat 5: wlsrbf ($1.22 in chips) 
Seat 6: mauricio15mt ($2.51 in chips) 
Seat 7: WARRENtheSAP ($2.02 in chips) 
Seat 9: Dorex2007 ($2 in chips) 
Dorex2007: posts small blind $0.01
8_lara_8: posts big blind $0.02
*** HOLE CARDS ***
Dealt to Dorex2007 [Qc Qd]
tutjak: folds 
Dukom: calls $0.02
quinho_tk: calls $0.02
wlsrbf: calls $0.02
mauricio15mt: raises $0.04 to $0.06
WARRENtheSAP: folds 
Dorex2007: raises $0.14 to $0.20
fevel58 joins the table at seat #8 
8_lara_8: calls $0.18
Dukom: folds 
quinho_tk: calls $0.18
wlsrbf: folds 
mauricio15mt: calls $0.14
*** FLOP *** [8h 6s Ac]
Dorex2007: checks 
8_lara_8: bets $0.41
quinho_tk: folds 
WARRENtheSAP said, "kk got fukked"
mauricio15mt: folds 
Dorex2007: folds 
Uncalled bet ($0.41) returned to 8_lara_8
8_lara_8 collected $0.80 from pot
8_lara_8: doesn't show hand 
*** SUMMARY ***
Total pot $0.84 | Rake $0.04 
Board [8h 6s Ac]
Seat 1: 8_lara_8 (big blind) collected ($0.80)
Seat 2: tutjak folded before Flop (didn't bet)
Seat 3: Dukom folded before Flop
Seat 4: quinho_tk folded on the Flop
Seat 5: wlsrbf folded before Flop
Seat 6: mauricio15mt folded on the Flop
Seat 7: WARRENtheSAP (button) folded before Flop (didn't bet)
Seat 9: Dorex2007 (small blind) folded on the Flop



PokerStars Hand #233874787262:  Hold'em No Limit ($0.01/$0.02 USD) - 2022/02/07 16:07:10 PT [2022/02/07 19:07:10 ET]
Table 'Mayall III' 9-max Seat #9 is the button
Seat 1: 8_lara_8 ($1.86 in chips) 
Seat 2: tutjak ($3.67 in chips) 
Seat 3: Dukom ($1.49 in chips) 
Seat 4: quinho_tk ($2.21 in chips) 
Seat 5: wlsrbf ($1.20 in chips) 
Seat 6: mauricio15mt ($2.31 in chips) 
Seat 7: WARRENtheSAP ($2.02 in chips) 
Seat 9: Dorex2007 ($2 in chips) 
8_lara_8: posts small blind $0.01
tutjak: posts big blind $0.02
fevel58: sits out 
*** HOLE CARDS ***
Dealt to Dorex2007 [3c 9h]
Dukom: folds 
quinho_tk: calls $0.02
wlsrbf: folds 
mauricio15mt: folds 
WARRENtheSAP: folds 
Dorex2007: folds 
8_lara_8: calls $0.01
tutjak: checks 
*** FLOP *** [2h 7h Ad]
8_lara_8: bets $0.02
tutjak: folds 
quinho_tk: calls $0.02
*** TURN *** [2h 7h Ad] [Ts]
8_lara_8: checks 
quinho_tk: checks 
*** RIVER *** [2h 7h Ad Ts] [5c]
8_lara_8: checks 
quinho_tk: checks 
*** SHOW DOWN ***
8_lara_8: shows [6s As] (a pair of Aces)
quinho_tk: mucks hand 
8_lara_8 collected $0.10 from pot
*** SUMMARY ***
Total pot $0.10 | Rake $0 
Board [2h 7h Ad Ts 5c]
Seat 1: 8_lara_8 (small blind) showed [6s As] and won ($0.10) with a pair of Aces
Seat 2: tutjak (big blind) folded on the Flop
Seat 3: Dukom folded before Flop (didn't bet)
Seat 4: quinho_tk mucked [Kc Qh]
Seat 5: wlsrbf folded before Flop (didn't bet)
Seat 6: mauricio15mt folded before Flop (didn't bet)
Seat 7: WARRENtheSAP folded before Flop (didn't bet)
Seat 9: Dorex2007 (button) folded before Flop (didn't bet)



PokerStars Hand #233874804416:  Hold'em No Limit ($0.01/$0.02 USD) - 2022/02/07 16:07:57 PT [2022/02/07 19:07:57 ET]
Table 'Mayall III' 9-max Seat #1 is the button
Seat 1: 8_lara_8 ($1.92 in chips) 
Seat 2: tutjak ($3.65 in chips) 
Seat 3: Dukom ($1.49 in chips) 
Seat 4: quinho_tk ($2.17 in chips) 
Seat 5: wlsrbf ($1.20 in chips) 
Seat 6: mauricio15mt ($2.31 in chips) 
Seat 7: WARRENtheSAP ($2.02 in chips) 
Seat 9: Dorex2007 ($2 in chips) 
tutjak: posts small blind $0.01
Dukom: posts big blind $0.02
fevel58: sits out 
*** HOLE CARDS ***
Dealt to Dorex2007 [9c 2d]
quinho_tk: calls $0.02
wlsrbf has timed out
wlsrbf: folds 
mauricio15mt: folds 
WARRENtheSAP: raises $0.04 to $0.06
Dorex2007: folds 
8_lara_8: folds 
tutjak: folds 
Dukom: calls $0.04
quinho_tk: calls $0.04
*** FLOP *** [4s 5c Tc]
Dukom: checks 
quinho_tk: checks 
WARRENtheSAP: bets $0.09
Dukom: calls $0.09
quinho_tk: folds 
*** TURN *** [4s 5c Tc] [5h]
Dukom: checks 
WARRENtheSAP: bets $0.18
Dukom: folds 
Uncalled bet ($0.18) returned to WARRENtheSAP
WARRENtheSAP collected $0.36 from pot
WARRENtheSAP: doesn't show hand 
*** SUMMARY ***
Total pot $0.37 | Rake $0.01 
Board [4s 5c Tc 5h]
Seat 1: 8_lara_8 (button) folded before Flop (didn't bet)
Seat 2: tutjak (small blind) folded before Flop
Seat 3: Dukom (big blind) folded on the Turn
Seat 4: quinho_tk folded on the Flop
Seat 5: wlsrbf folded before Flop (didn't bet)
Seat 6: mauricio15mt folded before Flop (didn't bet)
Seat 7: WARRENtheSAP collected ($0.36)
Seat 9: Dorex2007 folded before Flop (didn't bet)



PokerStars Hand #233874825203:  Hold'em No Limit ($0.01/$0.02 USD) - 2022/02/07 16:08:54 PT [2022/02/07 19:08:54 ET]
Table 'Mayall III' 9-max Seat #2 is the button
Seat 2: tutjak ($3.64 in chips) 
Seat 3: Dukom ($1.34 in chips) 
Seat 4: quinho_tk ($2.11 in chips) 
Seat 5: wlsrbf ($1.20 in chips) 
Seat 6: mauricio15mt ($2.31 in chips) 
Seat 7: WARRENtheSAP ($2.23 in chips) 
Seat 9: Dorex2007 ($2 in chips) 
Dukom: posts small blind $0.01
quinho_tk: posts big blind $0.02
fevel58: sits out 
*** HOLE CARDS ***
Dealt to Dorex2007 [Kh 2s]
wlsrbf has timed out
wlsrbf: folds 
mauricio15mt: folds 
WARRENtheSAP: calls $0.02
Dorex2007: folds 
tutjak: folds 
Dukom: calls $0.01
quinho_tk: checks 
*** FLOP *** [9c Qd 5c]
Dukom: checks 
quinho_tk: checks 
WARRENtheSAP: checks 
*** TURN *** [9c Qd 5c] [3d]
Dukom: checks 
quinho_tk: checks 
WARRENtheSAP: checks 
*** RIVER *** [9c Qd 5c 3d] [3c]
Dukom: checks 
quinho_tk: checks 
WARRENtheSAP: checks 
*** SHOW DOWN ***
Dukom: shows [Ks 6h] (a pair of Threes)
quinho_tk: mucks hand 
WARRENtheSAP: shows [8d 9s] (two pair, Nines and Threes)
WARRENtheSAP collected $0.06 from pot
*** SUMMARY ***
Total pot $0.06 | Rake $0 
Board [9c Qd 5c 3d 3c]
Seat 2: tutjak (button) folded before Flop (didn't bet)
Seat 3: Dukom (small blind) showed [Ks 6h] and lost with a pair of Threes
Seat 4: quinho_tk (big blind) mucked [6s Jc]
Seat 5: wlsrbf folded before Flop (didn't bet)
Seat 6: mauricio15mt folded before Flop (didn't bet)
Seat 7: WARRENtheSAP showed [8d 9s] and won ($0.06) with two pair, Nines and Threes
Seat 9: Dorex2007 folded before Flop (didn't bet)



PokerStars Hand #233874844111:  Hold'em No Limit ($0.01/$0.02 USD) - 2022/02/07 16:09:48 PT [2022/02/07 19:09:48 ET]
Table 'Mayall III' 9-max Seat #3 is the button
Seat 2: tutjak ($3.64 in chips) 
Seat 3: Dukom ($1.32 in chips) 
Seat 4: quinho_tk ($2.09 in chips) 
Seat 5: wlsrbf ($1.20 in chips) 
Seat 6: mauricio15mt ($2.31 in chips) 
Seat 7: WARRENtheSAP ($2.27 in chips) 
Seat 9: Dorex2007 ($2 in chips) 
quinho_tk: posts small blind $0.01
wlsrbf: posts big blind $0.02
fevel58: sits out 
*** HOLE CARDS ***
Dealt to Dorex2007 [5h Ts]
mauricio15mt: folds 
WARRENtheSAP: raises $0.04 to $0.06
Dorex2007: folds 
tutjak: folds 
Dukom: folds 
quinho_tk: calls $0.05
wlsrbf: folds 
*** FLOP *** [2d Qd Kc]
quinho_tk: checks 
WARRENtheSAP: checks 
*** TURN *** [2d Qd Kc] [Qh]
quinho_tk: checks 
WARRENtheSAP: checks 
*** RIVER *** [2d Qd Kc Qh] [4d]
quinho_tk: checks 
WARRENtheSAP: bets $0.07
quinho_tk: folds 
Uncalled bet ($0.07) returned to WARRENtheSAP
WARRENtheSAP collected $0.14 from pot
WARRENtheSAP: doesn't show hand 
*** SUMMARY ***
Total pot $0.14 | Rake $0 
Board [2d Qd Kc Qh 4d]
Seat 2: tutjak folded before Flop (didn't bet)
Seat 3: Dukom (button) folded before Flop (didn't bet)
Seat 4: quinho_tk (small blind) folded on the River
Seat 5: wlsrbf (big blind) folded before Flop
Seat 6: mauricio15mt folded before Flop (didn't bet)
Seat 7: WARRENtheSAP collected ($0.14)
Seat 9: Dorex2007 folded before Flop (didn't bet)



PokerStars Hand #233874861848:  Hold'em No Limit ($0.01/$0.02 USD) - 2022/02/07 16:10:37 PT [2022/02/07 19:10:37 ET]
Table 'Mayall III' 9-max Seat #4 is the button
Seat 2: tutjak ($3.64 in chips) 
Seat 3: Dukom ($1.32 in chips) 
Seat 4: quinho_tk ($2.03 in chips) 
Seat 5: wlsrbf ($1.18 in chips) 
Seat 6: mauricio15mt ($2.31 in chips) 
Seat 7: WARRENtheSAP ($2.35 in chips) 
Seat 9: Dorex2007 ($2 in chips) 
wlsrbf: posts small blind $0.01
mauricio15mt: posts big blind $0.02
fevel58: sits out 
*** HOLE CARDS ***
Dealt to Dorex2007 [5d 7c]
WARRENtheSAP: folds 
Dorex2007: folds 
tutjak: folds 
Dukom: calls $0.02
quinho_tk: calls $0.02
wlsrbf: calls $0.01
mauricio15mt: folds 
*** FLOP *** [8s Kc 6c]
mauricio15mt leaves the table
wlsrbf: checks 
CabalFour joins the table at seat #6 
Dukom: checks 
quinho_tk: checks 
*** TURN *** [8s Kc 6c] [Ah]
wlsrbf: checks 
Dukom: bets $0.04
quinho_tk: calls $0.04
wlsrbf: calls $0.04
*** RIVER *** [8s Kc 6c Ah] [2d]
wlsrbf: checks 
Dukom: bets $0.10
quinho_tk: folds 
wlsrbf: folds 
Uncalled bet ($0.10) returned to Dukom
Dukom collected $0.19 from pot
*** SUMMARY ***
Total pot $0.20 | Rake $0.01 
Board [8s Kc 6c Ah 2d]
Seat 2: tutjak folded before Flop (didn't bet)
Seat 3: Dukom collected ($0.19)
Seat 4: quinho_tk (button) folded on the River
Seat 5: wlsrbf (small blind) folded on the River
Seat 6: mauricio15mt (big blind) folded before Flop
Seat 7: WARRENtheSAP folded before Flop (didn't bet)
Seat 9: Dorex2007 folded before Flop (didn't bet)



PokerStars Hand #233874884408:  Hold'em No Limit ($0.01/$0.02 USD) - 2022/02/07 16:11:40 PT [2022/02/07 19:11:40 ET]
Table 'Mayall III' 9-max Seat #5 is the button
Seat 1: 8_lara_8 ($1.92 in chips) 
Seat 2: tutjak ($3.64 in chips) 
Seat 3: Dukom ($1.45 in chips) 
Seat 4: quinho_tk ($1.97 in chips) 
Seat 5: wlsrbf ($1.12 in chips) 
Seat 7: WARRENtheSAP ($2.35 in chips) 
Seat 8: fevel58 ($1 in chips) 
Seat 9: Dorex2007 ($2 in chips) 
WARRENtheSAP: posts small blind $0.01
fevel58: posts big blind $0.02
*** HOLE CARDS ***
Dealt to Dorex2007 [3c Qc]
Dorex2007: folds 
8_lara_8: folds 
tutjak: folds 
Dukom: calls $0.02
quinho_tk: calls $0.02
wlsrbf has timed out
wlsrbf: folds 
WARRENtheSAP: calls $0.01
fevel58: checks 
*** FLOP *** [Qh Ts 4c]
WARRENtheSAP: checks 
fevel58: checks 
Dukom: checks 
quinho_tk: bets $0.10
WARRENtheSAP: folds 
fevel58: folds 
Dukom: folds 
Uncalled bet ($0.10) returned to quinho_tk
quinho_tk collected $0.08 from pot
quinho_tk: doesn't show hand 
*** SUMMARY ***
Total pot $0.08 | Rake $0 
Board [Qh Ts 4c]
Seat 1: 8_lara_8 folded before Flop (didn't bet)
Seat 2: tutjak folded before Flop (didn't bet)
Seat 3: Dukom folded on the Flop
Seat 4: quinho_tk collected ($0.08)
Seat 5: wlsrbf (button) folded before Flop (didn't bet)
Seat 7: WARRENtheSAP (small blind) folded on the Flop
Seat 8: fevel58 (big blind) folded on the Flop
Seat 9: Dorex2007 folded before Flop (didn't bet)



PokerStars Hand #233874906316:  Hold'em No Limit ($0.01/$0.02 USD) - 2022/02/07 16:12:43 PT [2022/02/07 19:12:43 ET]
Table 'Mayall III' 9-max Seat #7 is the button
Seat 1: 8_lara_8 ($1.92 in chips) 
Seat 2: tutjak ($3.64 in chips) 
Seat 3: Dukom ($1.43 in chips) 
Seat 4: quinho_tk ($2.03 in chips) 
Seat 5: wlsrbf ($1.12 in chips) 
Seat 7: WARRENtheSAP ($2.33 in chips) 
Seat 8: fevel58 ($0.98 in chips) 
Seat 9: Dorex2007 ($2 in chips) 
fevel58: posts small blind $0.01
Dorex2007: posts big blind $0.02
CabalFour: sits out 
*** HOLE CARDS ***
Dealt to Dorex2007 [Jc Jh]
8_lara_8: calls $0.02
tutjak: folds 
Dukom: folds 
quinho_tk: calls $0.02
wlsrbf: calls $0.02
WARRENtheSAP: calls $0.02
fevel58: folds 
Dorex2007: checks 
*** FLOP *** [4s Th Tc]
Dorex2007: checks 
8_lara_8: bets $0.02
quinho_tk: folds 
wlsrbf: calls $0.02
WARRENtheSAP: calls $0.02
Dorex2007: calls $0.02
*** TURN *** [4s Th Tc] [As]
Dorex2007: checks 
8_lara_8: bets $0.09
wlsrbf: calls $0.09
WARRENtheSAP: folds 
Dorex2007: folds 
*** RIVER *** [4s Th Tc As] [6s]
8_lara_8: checks 
wlsrbf: checks 
*** SHOW DOWN ***
8_lara_8: shows [Ac Js] (two pair, Aces and Tens)
wlsrbf: mucks hand 
8_lara_8 collected $0.36 from pot
*** SUMMARY ***
Total pot $0.37 | Rake $0.01 
Board [4s Th Tc As 6s]
Seat 1: 8_lara_8 showed [Ac Js] and won ($0.36) with two pair, Aces and Tens
Seat 2: tutjak folded before Flop (didn't bet)
Seat 3: Dukom folded before Flop (didn't bet)
Seat 4: quinho_tk folded on the Flop
Seat 5: wlsrbf mucked [Qs Qh]
Seat 7: WARRENtheSAP (button) folded on the Turn
Seat 8: fevel58 (small blind) folded before Flop
Seat 9: Dorex2007 (big blind) folded on the Turn



PokerStars Hand #233874930240:  Hold'em No Limit ($0.01/$0.02 USD) - 2022/02/07 16:13:51 PT [2022/02/07 19:13:51 ET]
Table 'Mayall III' 9-max Seat #8 is the button
Seat 1: 8_lara_8 ($2.15 in chips) 
Seat 2: tutjak ($3.64 in chips) 
Seat 3: Dukom ($1.43 in chips) 
Seat 4: quinho_tk ($2.01 in chips) 
Seat 5: wlsrbf ($0.99 in chips) 
Seat 7: WARRENtheSAP ($2.29 in chips) 
Seat 8: fevel58 ($0.97 in chips) 
Seat 9: Dorex2007 ($2 in chips) 
Dorex2007: posts small blind $0.01
8_lara_8: posts big blind $0.02
CabalFour: sits out 
*** HOLE CARDS ***
Dealt to Dorex2007 [2s 9c]
tutjak: folds 
Dukom has timed out
Dukom: folds 
quinho_tk: calls $0.02
wlsrbf: folds 
WARRENtheSAP: folds 
fevel58: raises $0.04 to $0.06
Dorex2007: folds 
WARRENtheSAP leaves the table
8_lara_8: folds 
quinho_tk: calls $0.04
*** FLOP *** [8h 6s 3d]
quinho_tk: checks 
fevel58: bets $0.06
quinho_tk: calls $0.06
*** TURN *** [8h 6s 3d] [Jh]
quinho_tk: checks 
fevel58: checks 
*** RIVER *** [8h 6s 3d Jh] [6h]
quinho_tk: bets $0.10
miinero007 joins the table at seat #7 
fevel58: calls $0.10
*** SHOW DOWN ***
quinho_tk: shows [Ks Kh] (two pair, Kings and Sixes)
fevel58: mucks hand 
quinho_tk collected $0.45 from pot
*** SUMMARY ***
Total pot $0.47 | Rake $0.02 
Board [8h 6s 3d Jh 6h]
Seat 1: 8_lara_8 (big blind) folded before Flop
Seat 2: tutjak folded before Flop (didn't bet)
Seat 3: Dukom folded before Flop (didn't bet)
Seat 4: quinho_tk showed [Ks Kh] and won ($0.45) with two pair, Kings and Sixes
Seat 5: wlsrbf folded before Flop (didn't bet)
Seat 7: WARRENtheSAP folded before Flop (didn't bet)
Seat 8: fevel58 (button) mucked [Tc Ts]
Seat 9: Dorex2007 (small blind) folded before Flop



PokerStars Hand #233874960352:  Hold'em No Limit ($0.01/$0.02 USD) - 2022/02/07 16:15:16 PT [2022/02/07 19:15:16 ET]
Table 'Mayall III' 9-max Seat #9 is the button
Seat 1: 8_lara_8 ($2.13 in chips) 
Seat 2: tutjak ($3.64 in chips) 
Seat 3: Dukom ($1.43 in chips) 
Seat 4: quinho_tk ($2.24 in chips) 
Seat 5: wlsrbf ($0.99 in chips) 
Seat 8: fevel58 ($0.75 in chips) 
Seat 9: Dorex2007 ($2 in chips) 
8_lara_8: posts small blind $0.01
tutjak: posts big blind $0.02
CabalFour: sits out 
miinero007: sits out 
*** HOLE CARDS ***
Dealt to Dorex2007 [5d Ts]
Dukom has timed out
Dukom: folds 
quinho_tk: calls $0.02
wlsrbf: folds 
fevel58: folds 
Dorex2007: folds 
8_lara_8: folds 
tutjak: checks 
*** FLOP *** [7h 9h 2d]
tutjak: checks 
quinho_tk: checks 
*** TURN *** [7h 9h 2d] [Kc]
tutjak: checks 
quinho_tk: checks 
*** RIVER *** [7h 9h 2d Kc] [Jd]
tutjak: checks 
quinho_tk: checks 
*** SHOW DOWN ***
tutjak: shows [3h 3c] (a pair of Threes)
quinho_tk: shows [7c 4h] (a pair of Sevens)
quinho_tk collected $0.05 from pot
*** SUMMARY ***
Total pot $0.05 | Rake $0 
Board [7h 9h 2d Kc Jd]
Seat 1: 8_lara_8 (small blind) folded before Flop
Seat 2: tutjak (big blind) showed [3h 3c] and lost with a pair of Threes
Seat 3: Dukom folded before Flop (didn't bet)
Seat 4: quinho_tk showed [7c 4h] and won ($0.05) with a pair of Sevens
Seat 5: wlsrbf folded before Flop (didn't bet)
Seat 8: fevel58 folded before Flop (didn't bet)
Seat 9: Dorex2007 (button) folded before Flop (didn't bet)



PokerStars Hand #233874976894:  Hold'em No Limit ($0.01/$0.02 USD) - 2022/02/07 16:16:03 PT [2022/02/07 19:16:03 ET]
Table 'Mayall III' 9-max Seat #1 is the button
Seat 1: 8_lara_8 ($2.12 in chips) 
Seat 2: tutjak ($3.62 in chips) 
Seat 3: Dukom ($1.43 in chips) 
Seat 4: quinho_tk ($2.27 in chips) 
Seat 5: wlsrbf ($0.99 in chips) 
Seat 7: miinero007 ($2 in chips) 
Seat 8: fevel58 ($0.75 in chips) 
Seat 9: Dorex2007 ($2 in chips) 
tutjak: posts small blind $0.01
Dukom: posts big blind $0.02
CabalFour: sits out 
miinero007: posts big blind $0.02
*** HOLE CARDS ***
Dealt to Dorex2007 [Qd 4d]
quinho_tk: calls $0.02
wlsrbf: calls $0.02
miinero007: checks 
fevel58: raises $0.02 to $0.04
Dorex2007: folds 
8_lara_8: folds 
tutjak: calls $0.03
Dukom has timed out
Dukom: folds 
quinho_tk: calls $0.02
wlsrbf: calls $0.02
miinero007: folds 
*** FLOP *** [3c 5h 5d]
tutjak: checks 
quinho_tk: checks 
wlsrbf: checks 
fevel58: bets $0.04
tutjak: folds 
quinho_tk: calls $0.04
wlsrbf: calls $0.04
*** TURN *** [3c 5h 5d] [8d]
quinho_tk: checks 
wlsrbf: checks 
fevel58: checks 
*** RIVER *** [3c 5h 5d 8d] [Td]
quinho_tk: checks 
wlsrbf: bets $0.20
fevel58: calls $0.20
quinho_tk: folds 
*** SHOW DOWN ***
wlsrbf: shows [2d Kd] (a flush, King high)
fevel58: mucks hand 
wlsrbf collected $0.69 from pot
*** SUMMARY ***
Total pot $0.72 | Rake $0.03 
Board [3c 5h 5d 8d Td]
Seat 1: 8_lara_8 (button) folded before Flop (didn't bet)
Seat 2: tutjak (small blind) folded on the Flop
Seat 3: Dukom (big blind) folded before Flop
Seat 4: quinho_tk folded on the River
Seat 5: wlsrbf showed [2d Kd] and won ($0.69) with a flush, King high
Seat 7: miinero007 folded before Flop (didn't bet)
Seat 8: fevel58 mucked [9s 9h]
Seat 9: Dorex2007 folded before Flop (didn't bet)



PokerStars Hand #233875021979:  Hold'em No Limit ($0.01/$0.02 USD) - 2022/02/07 16:18:12 PT [2022/02/07 19:18:12 ET]
Table 'Mayall III' 9-max Seat #2 is the button
Seat 1: 8_lara_8 ($2.12 in chips) 
Seat 2: tutjak ($3.58 in chips) 
Seat 3: Dukom ($1.41 in chips) 
Seat 4: quinho_tk ($2.19 in chips) 
Seat 5: wlsrbf ($1.40 in chips) 
Seat 7: miinero007 ($1.98 in chips) 
Seat 8: fevel58 ($0.47 in chips) 
Seat 9: Dorex2007 ($2 in chips) 
Dukom: posts small blind $0.01
quinho_tk: posts big blind $0.02
CabalFour: sits out 
*** HOLE CARDS ***
Dealt to Dorex2007 [Ks Tc]
wlsrbf: folds 
miinero007: folds 
fevel58: folds 
Dorex2007: raises $0.02 to $0.04
8_lara_8: folds 
tutjak: folds 
Dukom: calls $0.03
quinho_tk: calls $0.02
*** FLOP *** [5c Qd Kh]
Dukom: checks 
quinho_tk: checks 
Dorex2007: bets $0.08
Dukom: calls $0.08
quinho_tk: calls $0.08
*** TURN *** [5c Qd Kh] [9h]
Dukom: bets $0.08
quinho_tk: folds 
Dorex2007: calls $0.08
*** RIVER *** [5c Qd Kh 9h] [Jh]
Dukom: checks 
Dorex2007: bets $0.50
Dukom: calls $0.50
*** SHOW DOWN ***
Dorex2007: shows [Ks Tc] (a straight, Nine to King)
Dukom: mucks hand 
Dorex2007 collected $1.47 from pot
*** SUMMARY ***
Total pot $1.52 | Rake $0.05 
Board [5c Qd Kh 9h Jh]
Seat 1: 8_lara_8 folded before Flop (didn't bet)
Seat 2: tutjak (button) folded before Flop (didn't bet)
Seat 3: Dukom (small blind) mucked [Ad Ac]
Seat 4: quinho_tk (big blind) folded on the Turn
Seat 5: wlsrbf folded before Flop (didn't bet)
Seat 7: miinero007 folded before Flop (didn't bet)
Seat 8: fevel58 folded before Flop (didn't bet)
Seat 9: Dorex2007 showed [Ks Tc] and won ($1.47) with a straight, Nine to King



PokerStars Hand #233875049375:  Hold'em No Limit ($0.01/$0.02 USD) - 2022/02/07 16:19:30 PT [2022/02/07 19:19:30 ET]
Table 'Mayall III' 9-max Seat #3 is the button
Seat 1: 8_lara_8 ($2.12 in chips) 
Seat 2: tutjak ($3.58 in chips) 
Seat 3: Dukom ($0.71 in chips) 
Seat 4: quinho_tk ($2.07 in chips) 
Seat 6: CabalFour ($2 in chips) 
Seat 7: miinero007 ($1.98 in chips) 
Seat 8: fevel58 ($0.47 in chips) 
Seat 9: Dorex2007 ($2.77 in chips) 
quinho_tk: posts small blind $0.01
CabalFour: posts big blind $0.02
*** HOLE CARDS ***
Dealt to Dorex2007 [9s 2c]
miinero007: folds 
wlsrbf leaves the table
fevel58: folds 
Dorex2007: folds 
8_lara_8: calls $0.02
tutjak: folds 
Dukom: folds 
quinho_tk: calls $0.01
CabalFour: checks 
*** FLOP *** [Qc Ad Js]
quinho_tk: checks 
CabalFour: checks 
8_lara_8: bets $0.02
quinho_tk: folds 
CabalFour: folds 
Uncalled bet ($0.02) returned to 8_lara_8
8_lara_8 collected $0.06 from pot
8_lara_8: doesn't show hand 
*** SUMMARY ***
Total pot $0.06 | Rake $0 
Board [Qc Ad Js]
Seat 1: 8_lara_8 collected ($0.06)
Seat 2: tutjak folded before Flop (didn't bet)
Seat 3: Dukom (button) folded before Flop (didn't bet)
Seat 4: quinho_tk (small blind) folded on the Flop
Seat 6: CabalFour (big blind) folded on the Flop
Seat 7: miinero007 folded before Flop (didn't bet)
Seat 8: fevel58 folded before Flop (didn't bet)
Seat 9: Dorex2007 folded before Flop (didn't bet)



PokerStars Hand #233875062121:  Hold'em No Limit ($0.01/$0.02 USD) - 2022/02/07 16:20:07 PT [2022/02/07 19:20:07 ET]
Table 'Mayall III' 9-max Seat #4 is the button
Seat 1: 8_lara_8 ($2.16 in chips) 
Seat 2: tutjak ($3.58 in chips) 
Seat 3: Dukom ($0.71 in chips) 
Seat 4: quinho_tk ($2.05 in chips) 
Seat 6: CabalFour ($1.98 in chips) 
Seat 7: miinero007 ($1.98 in chips) 
Seat 8: fevel58 ($0.47 in chips) 
Seat 9: Dorex2007 ($2.77 in chips) 
CabalFour: posts small blind $0.01
miinero007: posts big blind $0.02
*** HOLE CARDS ***
Dealt to Dorex2007 [5c 5d]
fevel58: folds 
Dorex2007: calls $0.02
8_lara_8: calls $0.02
tutjak: raises $0.08 to $0.10
Dukom: folds 
Dukom leaves the table
quinho_tk: folds 
CabalFour: folds 
miinero007: folds 
surbarun joins the table at seat #5 
Dorex2007: folds 
nailbarr joins the table at seat #3 
8_lara_8: folds 
Uncalled bet ($0.08) returned to tutjak
tutjak collected $0.09 from pot
tutjak: doesn't show hand 
*** SUMMARY ***
Total pot $0.09 | Rake $0 
Seat 1: 8_lara_8 folded before Flop
Seat 2: tutjak collected ($0.09)
Seat 3: Dukom folded before Flop (didn't bet)
Seat 4: quinho_tk (button) folded before Flop (didn't bet)
Seat 6: CabalFour (small blind) folded before Flop
Seat 7: miinero007 (big blind) folded before Flop
Seat 8: fevel58 folded before Flop (didn't bet)
Seat 9: Dorex2007 folded before Flop



PokerStars Hand #233875071297:  Hold'em No Limit ($0.01/$0.02 USD) - 2022/02/07 16:20:33 PT [2022/02/07 19:20:33 ET]
Table 'Mayall III' 9-max Seat #6 is the button
Seat 1: 8_lara_8 ($2.14 in chips) 
Seat 2: tutjak ($3.65 in chips) 
Seat 4: quinho_tk ($2.05 in chips) 
Seat 6: CabalFour ($1.97 in chips) 
Seat 7: miinero007 ($1.96 in chips) 
Seat 8: fevel58 ($0.47 in chips) 
Seat 9: Dorex2007 ($2.75 in chips) 
miinero007: posts small blind $0.01
fevel58: posts big blind $0.02
nailbarr: sits out 
surbarun: sits out 
*** HOLE CARDS ***
Dealt to Dorex2007 [9s 7d]
Dorex2007: folds 
8_lara_8: folds 
tutjak: folds 
quinho_tk: folds 
CabalFour: folds 
miinero007: folds 
Uncalled bet ($0.01) returned to fevel58
fevel58 collected $0.02 from pot
*** SUMMARY ***
Total pot $0.02 | Rake $0 
Seat 1: 8_lara_8 folded before Flop (didn't bet)
Seat 2: tutjak folded before Flop (didn't bet)
Seat 4: quinho_tk folded before Flop (didn't bet)
Seat 6: CabalFour (button) folded before Flop (didn't bet)
Seat 7: miinero007 (small blind) folded before Flop
Seat 8: fevel58 (big blind) collected ($0.02)
Seat 9: Dorex2007 folded before Flop (didn't bet)



PokerStars Hand #233875076932:  Hold'em No Limit ($0.01/$0.02 USD) - 2022/02/07 16:20:49 PT [2022/02/07 19:20:49 ET]
Table 'Mayall III' 9-max Seat #7 is the button
Seat 1: 8_lara_8 ($2.14 in chips) 
Seat 2: tutjak ($3.65 in chips) 
Seat 4: quinho_tk ($2.05 in chips) 
Seat 6: CabalFour ($1.97 in chips) 
Seat 7: miinero007 ($1.95 in chips) 
Seat 8: fevel58 ($0.48 in chips) 
Seat 9: Dorex2007 ($2.75 in chips) 
fevel58: posts small blind $0.01
Dorex2007: posts big blind $0.02
nailbarr: sits out 
surbarun: sits out 
*** HOLE CARDS ***
Dealt to Dorex2007 [9d 9c]
8_lara_8: folds 
tutjak: folds 
quinho_tk: calls $0.02
CabalFour: calls $0.02
miinero007: folds 
fevel58: folds 
Dorex2007: checks 
*** FLOP *** [2c Jh Kd]
Dorex2007: checks 
quinho_tk: checks 
CabalFour: checks 
*** TURN *** [2c Jh Kd] [7c]
Dorex2007: checks 
quinho_tk: checks 
CabalFour: checks 
*** RIVER *** [2c Jh Kd 7c] [Jc]
Dorex2007: bets $0.04
quinho_tk: calls $0.04
CabalFour: folds 
*** SHOW DOWN ***
Dorex2007: shows [9d 9c] (two pair, Jacks and Nines)
quinho_tk: mucks hand 
Dorex2007 collected $0.14 from pot
*** SUMMARY ***
Total pot $0.15 | Rake $0.01 
Board [2c Jh Kd 7c Jc]
Seat 1: 8_lara_8 folded before Flop (didn't bet)
Seat 2: tutjak folded before Flop (didn't bet)
Seat 4: quinho_tk mucked [Td 7s]
Seat 6: CabalFour folded on the River
Seat 7: miinero007 (button) folded before Flop (didn't bet)
Seat 8: fevel58 (small blind) folded before Flop
Seat 9: Dorex2007 (big blind) showed [9d 9c] and won ($0.14) with two pair, Jacks and Nines



PokerStars Hand #233875094301:  Hold'em No Limit ($0.01/$0.02 USD) - 2022/02/07 16:21:40 PT [2022/02/07 19:21:40 ET]
Table 'Mayall III' 9-max Seat #8 is the button
Seat 1: 8_lara_8 ($2.14 in chips) 
Seat 2: tutjak ($3.65 in chips) 
Seat 4: quinho_tk ($1.99 in chips) 
Seat 6: CabalFour ($1.95 in chips) 
Seat 7: miinero007 ($1.95 in chips) 
Seat 8: fevel58 ($0.47 in chips) 
Seat 9: Dorex2007 ($2.83 in chips) 
Dorex2007: posts small blind $0.01
8_lara_8: posts big blind $0.02
nailbarr: sits out 
surbarun: sits out 
*** HOLE CARDS ***
Dealt to Dorex2007 [Ah 3c]
tutjak: folds 
quinho_tk: calls $0.02
CabalFour: raises $0.08 to $0.10
miinero007: folds 
fevel58: calls $0.10
Dorex2007: folds 
8_lara_8: calls $0.08
quinho_tk: calls $0.08
*** FLOP *** [8h 6c 2d]
8_lara_8: bets $0.20
quinho_tk: calls $0.20
CabalFour: calls $0.20
fevel58: raises $0.17 to $0.37 and is all-in
8_lara_8: calls $0.17
quinho_tk: calls $0.17
CabalFour: calls $0.17
*** TURN *** [8h 6c 2d] [9h]
8_lara_8: bets $0.02
quinho_tk: calls $0.02
CabalFour: calls $0.02
*** RIVER *** [8h 6c 2d 9h] [4h]
8_lara_8: bets $1.65 and is all-in
quinho_tk: folds 
CabalFour: folds 
Uncalled bet ($1.65) returned to 8_lara_8
*** SHOW DOWN ***
8_lara_8: shows [7c Js] (high card Jack)
8_lara_8 collected $0.06 from side pot
fevel58: shows [Th Tc] (a pair of Tens)
fevel58 collected $1.82 from main pot
*** SUMMARY ***
Total pot $1.95 Main pot $1.82. Side pot $0.06. | Rake $0.07 
Board [8h 6c 2d 9h 4h]
Seat 1: 8_lara_8 (big blind) showed [7c Js] and won ($0.06) with high card Jack
Seat 2: tutjak folded before Flop (didn't bet)
Seat 4: quinho_tk folded on the River
Seat 6: CabalFour folded on the River
Seat 7: miinero007 folded before Flop (didn't bet)
Seat 8: fevel58 (button) showed [Th Tc] and won ($1.82) with a pair of Tens
Seat 9: Dorex2007 (small blind) folded before Flop



PokerStars Hand #233875129166:  Hold'em No Limit ($0.01/$0.02 USD) - 2022/02/07 16:23:07 PT [2022/02/07 19:23:07 ET]
Table 'Mayall III' 9-max Seat #9 is the button
Seat 1: 8_lara_8 ($1.71 in chips) 
Seat 2: tutjak ($3.65 in chips) 
Seat 4: quinho_tk ($1.50 in chips) 
Seat 6: CabalFour ($1.46 in chips) 
Seat 7: miinero007 ($1.95 in chips) 
Seat 8: fevel58 ($1.82 in chips) 
Seat 9: Dorex2007 ($2.82 in chips) 
8_lara_8: posts small blind $0.01
tutjak: posts big blind $0.02
nailbarr: sits out 
surbarun: sits out 
*** HOLE CARDS ***
Dealt to Dorex2007 [4c 5s]
quinho_tk: calls $0.02
CabalFour: calls $0.02
miinero007: raises $0.07 to $0.09
fevel58: folds 
Dorex2007: folds 
8_lara_8: calls $0.08
tutjak: folds 
quinho_tk: calls $0.07
CabalFour: calls $0.07
*** FLOP *** [5c 3s 9d]
8_lara_8: bets $0.02
quinho_tk: calls $0.02
CabalFour: calls $0.02
miinero007: calls $0.02
*** TURN *** [5c 3s 9d] [7s]
8_lara_8: bets $0.02
quinho_tk: calls $0.02
CabalFour: folds 
miinero007: calls $0.02
*** RIVER *** [5c 3s 9d 7s] [Tc]
8_lara_8: checks 
quinho_tk: checks 
miinero007: checks 
*** SHOW DOWN ***
8_lara_8: shows [Kc 2c] (high card King)
quinho_tk: shows [6s 6d] (a pair of Sixes)
miinero007: mucks hand 
quinho_tk collected $0.50 from pot
*** SUMMARY ***
Total pot $0.52 | Rake $0.02 
Board [5c 3s 9d 7s Tc]
Seat 1: 8_lara_8 (small blind) showed [Kc 2c] and lost with high card King
Seat 2: tutjak (big blind) folded before Flop
Seat 4: quinho_tk showed [6s 6d] and won ($0.50) with a pair of Sixes
Seat 6: CabalFour folded on the Turn
Seat 7: miinero007 mucked [Js Qs]
Seat 8: fevel58 folded before Flop (didn't bet)
Seat 9: Dorex2007 (button) folded before Flop (didn't bet)



PokerStars Hand #233875154850:  Hold'em No Limit ($0.01/$0.02 USD) - 2022/02/07 16:24:22 PT [2022/02/07 19:24:22 ET]
Table 'Mayall III' 9-max Seat #1 is the button
Seat 1: 8_lara_8 ($1.58 in chips) 
Seat 2: tutjak ($3.63 in chips) 
Seat 3: nailbarr ($2 in chips) 
Seat 4: quinho_tk ($1.87 in chips) 
Seat 6: CabalFour ($1.35 in chips) 
Seat 7: miinero007 ($1.82 in chips) 
Seat 8: fevel58 ($1.82 in chips) 
Seat 9: Dorex2007 ($2.82 in chips) 
tutjak: posts small blind $0.01
nailbarr: posts big blind $0.02
surbarun: sits out 
*** HOLE CARDS ***
Dealt to Dorex2007 [9h Kh]
quinho_tk: calls $0.02
CabalFour: folds 
miinero007: raises $0.04 to $0.06
fevel58: folds 
Dorex2007: folds 
8_lara_8: folds 
tutjak: folds 
nailbarr: folds 
quinho_tk: calls $0.04
*** FLOP *** [Ts Jc Qd]
quinho_tk: checks 
miinero007: bets $0.07
quinho_tk: calls $0.07
*** TURN *** [Ts Jc Qd] [2c]
quinho_tk: checks 
miinero007: bets $0.14
quinho_tk: calls $0.14
*** RIVER *** [Ts Jc Qd 2c] [8c]
quinho_tk: checks 
miinero007: checks 
*** SHOW DOWN ***
quinho_tk: shows [Ks 3s] (high card King)
miinero007: shows [Qc As] (a pair of Queens)
miinero007 collected $0.55 from pot
*** SUMMARY ***
Total pot $0.57 | Rake $0.02 
Board [Ts Jc Qd 2c 8c]
Seat 1: 8_lara_8 (button) folded before Flop (didn't bet)
Seat 2: tutjak (small blind) folded before Flop
Seat 3: nailbarr (big blind) folded before Flop
Seat 4: quinho_tk showed [Ks 3s] and lost with high card King
Seat 6: CabalFour folded before Flop (didn't bet)
Seat 7: miinero007 showed [Qc As] and won ($0.55) with a pair of Queens
Seat 8: fevel58 folded before Flop (didn't bet)
Seat 9: Dorex2007 folded before Flop (didn't bet)



PokerStars Hand #233875173330:  Hold'em No Limit ($0.01/$0.02 USD) - 2022/02/07 16:25:17 PT [2022/02/07 19:25:17 ET]
Table 'Mayall III' 9-max Seat #2 is the button
Seat 1: 8_lara_8 ($1.58 in chips) 
Seat 2: tutjak ($3.62 in chips) 
Seat 3: nailbarr ($2 in chips) 
Seat 4: quinho_tk ($1.60 in chips) 
Seat 6: CabalFour ($1.35 in chips) 
Seat 7: miinero007 ($2.10 in chips) 
Seat 8: fevel58 ($1.82 in chips) 
Seat 9: Dorex2007 ($2.82 in chips) 
nailbarr: posts small blind $0.01
quinho_tk: posts big blind $0.02
surbarun: sits out 
*** HOLE CARDS ***
Dealt to Dorex2007 [3h 9c]
CabalFour: folds 
miinero007: folds 
fevel58: folds 
Dorex2007: folds 
8_lara_8: folds 
tutjak: folds 
nailbarr: folds 
Uncalled bet ($0.01) returned to quinho_tk
quinho_tk collected $0.02 from pot
quinho_tk: doesn't show hand 
*** SUMMARY ***
Total pot $0.02 | Rake $0 
Seat 1: 8_lara_8 folded before Flop (didn't bet)
Seat 2: tutjak (button) folded before Flop (didn't bet)
Seat 3: nailbarr (small blind) folded before Flop
Seat 4: quinho_tk (big blind) collected ($0.02)
Seat 6: CabalFour folded before Flop (didn't bet)
Seat 7: miinero007 folded before Flop (didn't bet)
Seat 8: fevel58 folded before Flop (didn't bet)
Seat 9: Dorex2007 folded before Flop (didn't bet)



PokerStars Hand #233875179194:  Hold'em No Limit ($0.01/$0.02 USD) - 2022/02/07 16:25:34 PT [2022/02/07 19:25:34 ET]
Table 'Mayall III' 9-max Seat #3 is the button
Seat 1: 8_lara_8 ($1.58 in chips) 
Seat 2: tutjak ($3.62 in chips) 
Seat 3: nailbarr ($2 in chips) 
Seat 4: quinho_tk ($1.61 in chips) 
Seat 5: surbarun ($0.80 in chips) 
Seat 6: CabalFour ($1.35 in chips) 
Seat 7: miinero007 ($2.10 in chips) 
Seat 8: fevel58 ($1.82 in chips) 
Seat 9: Dorex2007 ($2.82 in chips) 
quinho_tk: posts small blind $0.01
surbarun: posts big blind $0.02
*** HOLE CARDS ***
Dealt to Dorex2007 [5d Th]
CabalFour: folds 
miinero007: raises $0.02 to $0.04
fevel58: folds 
Dorex2007: folds 
8_lara_8: calls $0.04
tutjak: folds 
nailbarr: folds 
quinho_tk: calls $0.03
surbarun: folds 
*** FLOP *** [Ts 9h Ad]
quinho_tk: checks 
miinero007: checks 
8_lara_8: bets $0.14
quinho_tk: raises $0.14 to $0.28
miinero007: folds 
8_lara_8: calls $0.14
*** TURN *** [Ts 9h Ad] [5s]
quinho_tk: bets $0.10
8_lara_8: raises $0.44 to $0.54
quinho_tk: calls $0.44
*** RIVER *** [Ts 9h Ad 5s] [7s]
quinho_tk: checks 
8_lara_8: bets $0.72 and is all-in
quinho_tk: calls $0.72
*** SHOW DOWN ***
8_lara_8: shows [Kh Qs] (high card Ace)
quinho_tk: shows [Ac Jd] (a pair of Aces)
quinho_tk collected $3.11 from pot
*** SUMMARY ***
Total pot $3.22 | Rake $0.11 
Board [Ts 9h Ad 5s 7s]
Seat 1: 8_lara_8 showed [Kh Qs] and lost with high card Ace
Seat 2: tutjak folded before Flop (didn't bet)
Seat 3: nailbarr (button) folded before Flop (didn't bet)
Seat 4: quinho_tk (small blind) showed [Ac Jd] and won ($3.11) with a pair of Aces
Seat 5: surbarun (big blind) folded before Flop
Seat 6: CabalFour folded before Flop (didn't bet)
Seat 7: miinero007 folded on the Flop
Seat 8: fevel58 folded before Flop (didn't bet)
Seat 9: Dorex2007 folded before Flop (didn't bet)



PokerStars Hand #233875207649:  Hold'em No Limit ($0.01/$0.02 USD) - 2022/02/07 16:26:59 PT [2022/02/07 19:26:59 ET]
Table 'Mayall III' 9-max Seat #4 is the button
Seat 2: tutjak ($3.62 in chips) 
Seat 3: nailbarr ($2 in chips) 
Seat 4: quinho_tk ($3.14 in chips) 
Seat 5: surbarun ($0.78 in chips) 
Seat 6: CabalFour ($1.35 in chips) 
Seat 7: miinero007 ($2.06 in chips) 
Seat 8: fevel58 ($1.82 in chips) 
Seat 9: Dorex2007 ($2.82 in chips) 
surbarun: posts small blind $0.01
CabalFour: posts big blind $0.02
*** HOLE CARDS ***
Dealt to Dorex2007 [7d Kd]
miinero007: folds 
8_lara_8 leaves the table
fevel58: folds 
Dorex2007: folds 
tutjak: folds 
nailbarr: folds 
quinho_tk: folds 
surbarun: folds 
Uncalled bet ($0.01) returned to CabalFour
CabalFour collected $0.02 from pot
CabalFour: doesn't show hand 
*** SUMMARY ***
Total pot $0.02 | Rake $0 
Seat 2: tutjak folded before Flop (didn't bet)
Seat 3: nailbarr folded before Flop (didn't bet)
Seat 4: quinho_tk (button) folded before Flop (didn't bet)
Seat 5: surbarun (small blind) folded before Flop
Seat 6: CabalFour (big blind) collected ($0.02)
Seat 7: miinero007 folded before Flop (didn't bet)
Seat 8: fevel58 folded before Flop (didn't bet)
Seat 9: Dorex2007 folded before Flop (didn't bet)



PokerStars Hand #233875213335:  Hold'em No Limit ($0.01/$0.02 USD) - 2022/02/07 16:27:16 PT [2022/02/07 19:27:16 ET]
Table 'Mayall III' 9-max Seat #5 is the button
Seat 2: tutjak ($3.62 in chips) 
Seat 3: nailbarr ($2 in chips) 
Seat 4: quinho_tk ($3.14 in chips) 
Seat 5: surbarun ($0.77 in chips) 
Seat 6: CabalFour ($1.36 in chips) 
Seat 7: miinero007 ($2.06 in chips) 
Seat 8: fevel58 ($1.82 in chips) 
Seat 9: Dorex2007 ($2.82 in chips) 
CabalFour: posts small blind $0.01
miinero007: posts big blind $0.02
*** HOLE CARDS ***
Dealt to Dorex2007 [Ad 4d]
fevel58 has timed out
fevel58: folds 
Dorex2007: raises $0.02 to $0.04
tutjak: folds 
nailbarr: folds 
quinho_tk: calls $0.04
surbarun: folds 
CabalFour: raises $0.20 to $0.24
miinero007: folds 
Dorex2007: folds 
quinho_tk: folds 
Uncalled bet ($0.20) returned to CabalFour
CabalFour collected $0.14 from pot
CabalFour: doesn't show hand 
*** SUMMARY ***
Total pot $0.14 | Rake $0 
Seat 2: tutjak folded before Flop (didn't bet)
Seat 3: nailbarr folded before Flop (didn't bet)
Seat 4: quinho_tk folded before Flop
Seat 5: surbarun (button) folded before Flop (didn't bet)
Seat 6: CabalFour (small blind) collected ($0.14)
Seat 7: miinero007 (big blind) folded before Flop
Seat 8: fevel58 folded before Flop (didn't bet)
Seat 9: Dorex2007 folded before Flop



PokerStars Hand #233875231327:  Hold'em No Limit ($0.01/$0.02 USD) - 2022/02/07 16:27:55 PT [2022/02/07 19:27:55 ET]
Table 'Mayall III' 9-max Seat #6 is the button
Seat 2: tutjak ($3.62 in chips) 
Seat 3: nailbarr ($2 in chips) 
Seat 4: quinho_tk ($3.10 in chips) 
Seat 5: surbarun ($0.77 in chips) 
Seat 6: CabalFour ($1.46 in chips) 
Seat 7: miinero007 ($2.04 in chips) 
Seat 8: fevel58 ($1.82 in chips) 
Seat 9: Dorex2007 ($2.78 in chips) 
miinero007: posts small blind $0.01
fevel58: posts big blind $0.02
*** HOLE CARDS ***
Dealt to Dorex2007 [Kc Th]
Dorex2007: folds 
tutjak: folds 
Snowman373 joins the table at seat #1 
nailbarr: folds 
quinho_tk: calls $0.02
surbarun: folds 
CabalFour: raises $0.06 to $0.08
miinero007: folds 
fevel58: folds 
quinho_tk: calls $0.06
*** FLOP *** [Ts Jd 7s]
quinho_tk: checks 
CabalFour: checks 
*** TURN *** [Ts Jd 7s] [Jc]
quinho_tk: checks 
CabalFour: checks 
*** RIVER *** [Ts Jd 7s Jc] [7d]
quinho_tk: checks 
CabalFour: checks 
*** SHOW DOWN ***
quinho_tk: shows [2h Ah] (two pair, Jacks and Sevens)
CabalFour: shows [Ad Qc] (two pair, Jacks and Sevens)
quinho_tk collected $0.09 from pot
CabalFour collected $0.09 from pot
*** SUMMARY ***
Total pot $0.19 | Rake $0.01 
Board [Ts Jd 7s Jc 7d]
Seat 2: tutjak folded before Flop (didn't bet)
Seat 3: nailbarr folded before Flop (didn't bet)
Seat 4: quinho_tk showed [2h Ah] and won ($0.09) with two pair, Jacks and Sevens
Seat 5: surbarun folded before Flop (didn't bet)
Seat 6: CabalFour (button) showed [Ad Qc] and won ($0.09) with two pair, Jacks and Sevens
Seat 7: miinero007 (small blind) folded before Flop
Seat 8: fevel58 (big blind) folded before Flop
Seat 9: Dorex2007 folded before Flop (didn't bet)



PokerStars Hand #233875256317:  Hold'em No Limit ($0.01/$0.02 USD) - 2022/02/07 16:29:09 PT [2022/02/07 19:29:09 ET]
Table 'Mayall III' 9-max Seat #7 is the button
Seat 2: tutjak ($3.62 in chips) 
Seat 3: nailbarr ($2 in chips) 
Seat 4: quinho_tk ($3.11 in chips) 
Seat 5: surbarun ($0.77 in chips) 
Seat 6: CabalFour ($1.47 in chips) 
Seat 7: miinero007 ($2.03 in chips) 
Seat 8: fevel58 ($1.80 in chips) 
Seat 9: Dorex2007 ($2.78 in chips) 
fevel58: posts small blind $0.01
Dorex2007: posts big blind $0.02
Snowman373: sits out 
*** HOLE CARDS ***
Dealt to Dorex2007 [3s Jd]
tutjak: folds 
nailbarr: folds 
quinho_tk: calls $0.02
surbarun: folds 
CabalFour: raises $0.03 to $0.05
miinero007: folds 
fevel58: folds 
Dorex2007: folds 
quinho_tk: calls $0.03
*** FLOP *** [5h 2s 2h]
quinho_tk: checks 
CabalFour: bets $0.07
quinho_tk: calls $0.07
*** TURN *** [5h 2s 2h] [6c]
quinho_tk: checks 
CabalFour: bets $0.08
quinho_tk: calls $0.08
*** RIVER *** [5h 2s 2h 6c] [4s]
quinho_tk: checks 
CabalFour: checks 
*** SHOW DOWN ***
quinho_tk: shows [6h 9h] (two pair, Sixes and Deuces)
CabalFour: shows [Js Jh] (two pair, Jacks and Deuces)
CabalFour collected $0.41 from pot
*** SUMMARY ***
Total pot $0.43 | Rake $0.02 
Board [5h 2s 2h 6c 4s]
Seat 2: tutjak folded before Flop (didn't bet)
Seat 3: nailbarr folded before Flop (didn't bet)
Seat 4: quinho_tk showed [6h 9h] and lost with two pair, Sixes and Deuces
Seat 5: surbarun folded before Flop (didn't bet)
Seat 6: CabalFour showed [Js Jh] and won ($0.41) with two pair, Jacks and Deuces
Seat 7: miinero007 (button) folded before Flop (didn't bet)
Seat 8: fevel58 (small blind) folded before Flop
Seat 9: Dorex2007 (big blind) folded before Flop



PokerStars Hand #233875277266:  Hold'em No Limit ($0.01/$0.02 USD) - 2022/02/07 16:30:11 PT [2022/02/07 19:30:11 ET]
Table 'Mayall III' 9-max Seat #8 is the button
Seat 1: Snowman373 ($2 in chips) 
Seat 2: tutjak ($3.62 in chips) 
Seat 3: nailbarr ($2 in chips) 
Seat 4: quinho_tk ($2.91 in chips) 
Seat 5: surbarun ($0.77 in chips) 
Seat 6: CabalFour ($1.68 in chips) 
Seat 7: miinero007 ($2.03 in chips) 
Seat 8: fevel58 ($1.79 in chips) 
Seat 9: Dorex2007 ($2.76 in chips) 
Dorex2007: posts small blind $0.01
Snowman373: posts big blind $0.02
*** HOLE CARDS ***
Dealt to Dorex2007 [7d Jh]
tutjak: folds 
nailbarr: folds 
quinho_tk: folds 
surbarun: folds 
quinho_tk leaves the table
CabalFour: folds 
miinero007: folds 
pokerabise joins the table at seat #4 
fevel58: calls $0.02
Dorex2007: calls $0.01
Snowman373: checks 
*** FLOP *** [Tc 4h 8c]
Dorex2007: checks 
Snowman373: checks 
fevel58: checks 
*** TURN *** [Tc 4h 8c] [5s]
Dorex2007: checks 
Snowman373: bets $0.04
fevel58: calls $0.04
Dorex2007: folds 
*** RIVER *** [Tc 4h 8c 5s] [Jd]
Snowman373: checks 
fevel58: checks 
*** SHOW DOWN ***
Snowman373: shows [9c 6c] (high card Jack)
fevel58: shows [9d 8d] (a pair of Eights)
fevel58 collected $0.14 from pot
*** SUMMARY ***
Total pot $0.14 | Rake $0 
Board [Tc 4h 8c 5s Jd]
Seat 1: Snowman373 (big blind) showed [9c 6c] and lost with high card Jack
Seat 2: tutjak folded before Flop (didn't bet)
Seat 3: nailbarr folded before Flop (didn't bet)
Seat 4: quinho_tk folded before Flop (didn't bet)
Seat 5: surbarun folded before Flop (didn't bet)
Seat 6: CabalFour folded before Flop (didn't bet)
Seat 7: miinero007 folded before Flop (didn't bet)
Seat 8: fevel58 (button) showed [9d 8d] and won ($0.14) with a pair of Eights
Seat 9: Dorex2007 (small blind) folded on the Turn



PokerStars Hand #233875307113:  Hold'em No Limit ($0.01/$0.02 USD) - 2022/02/07 16:31:40 PT [2022/02/07 19:31:40 ET]
Table 'Mayall III' 9-max Seat #9 is the button
Seat 1: Snowman373 ($2 in chips) 
Seat 2: tutjak ($3.62 in chips) 
Seat 3: nailbarr ($2 in chips) 
Seat 5: surbarun ($0.77 in chips) 
Seat 6: CabalFour ($1.68 in chips) 
Seat 7: miinero007 ($2.03 in chips) 
Seat 8: fevel58 ($1.87 in chips) 
Seat 9: Dorex2007 ($2.74 in chips) 
Snowman373: posts small blind $0.01
tutjak: posts big blind $0.02
pokerabise: sits out 
*** HOLE CARDS ***
Dealt to Dorex2007 [Kc 4c]
nailbarr: folds 
surbarun: folds 
CabalFour: folds 
miinero007: folds 
fevel58: folds 
Dorex2007: folds 
Snowman373: folds 
Uncalled bet ($0.01) returned to tutjak
tutjak collected $0.02 from pot
tutjak: doesn't show hand 
*** SUMMARY ***
Total pot $0.02 | Rake $0 
Seat 1: Snowman373 (small blind) folded before Flop
Seat 2: tutjak (big blind) collected ($0.02)
Seat 3: nailbarr folded before Flop (didn't bet)
Seat 5: surbarun folded before Flop (didn't bet)
Seat 6: CabalFour folded before Flop (didn't bet)
Seat 7: miinero007 folded before Flop (didn't bet)
Seat 8: fevel58 folded before Flop (didn't bet)
Seat 9: Dorex2007 (button) folded before Flop (didn't bet)



PokerStars Hand #233875311774:  Hold'em No Limit ($0.01/$0.02 USD) - 2022/02/07 16:31:54 PT [2022/02/07 19:31:54 ET]
Table 'Mayall III' 9-max Seat #1 is the button
Seat 1: Snowman373 ($2 in chips) 
Seat 2: tutjak ($3.63 in chips) 
Seat 3: nailbarr ($2 in chips) 
Seat 5: surbarun ($0.77 in chips) 
Seat 6: CabalFour ($1.68 in chips) 
Seat 7: miinero007 ($2.03 in chips) 
Seat 8: fevel58 ($1.87 in chips) 
Seat 9: Dorex2007 ($2.74 in chips) 
tutjak: posts small blind $0.01
nailbarr: posts big blind $0.02
pokerabise: sits out 
*** HOLE CARDS ***
Dealt to Dorex2007 [9h 3c]
surbarun: folds 
CabalFour: folds 
miinero007: raises $0.02 to $0.04
fevel58: folds 
Dorex2007: folds 
Snowman373: calls $0.04
tutjak: calls $0.03
nailbarr: folds 
*** FLOP *** [8h Kh Qs]
tutjak: checks 
miinero007: checks 
Snowman373: checks 
*** TURN *** [8h Kh Qs] [6c]
tutjak: checks 
miinero007: checks 
Snowman373: bets $0.09
tutjak: calls $0.09
miinero007: calls $0.09
*** RIVER *** [8h Kh Qs 6c] [7h]
tutjak: checks 
miinero007: checks 
Snowman373: checks 
*** SHOW DOWN ***
tutjak: shows [Jd Ts] (high card King)
miinero007: shows [6d 4d] (a pair of Sixes)
Snowman373: mucks hand 
miinero007 collected $0.40 from pot
*** SUMMARY ***
Total pot $0.41 | Rake $0.01 
Board [8h Kh Qs 6c 7h]
Seat 1: Snowman373 (button) mucked [2s 2c]
Seat 2: tutjak (small blind) showed [Jd Ts] and lost with high card King
Seat 3: nailbarr (big blind) folded before Flop
Seat 5: surbarun folded before Flop (didn't bet)
Seat 6: CabalFour folded before Flop (didn't bet)
Seat 7: miinero007 showed [6d 4d] and won ($0.40) with a pair of Sixes
Seat 8: fevel58 folded before Flop (didn't bet)
Seat 9: Dorex2007 folded before Flop (didn't bet)



PokerStars Hand #233875328959:  Hold'em No Limit ($0.01/$0.02 USD) - 2022/02/07 16:32:46 PT [2022/02/07 19:32:46 ET]
Table 'Mayall III' 9-max Seat #2 is the button
Seat 1: Snowman373 ($2 in chips) 
Seat 2: tutjak ($3.50 in chips) 
Seat 3: nailbarr ($2 in chips) 
Seat 4: pokerabise ($2 in chips) 
Seat 5: surbarun ($0.77 in chips) 
Seat 6: CabalFour ($1.68 in chips) 
Seat 7: miinero007 ($2.30 in chips) 
Seat 8: fevel58 ($1.87 in chips) 
Seat 9: Dorex2007 ($2.74 in chips) 
nailbarr: posts small blind $0.01
pokerabise: posts big blind $0.02
*** HOLE CARDS ***
Dealt to Dorex2007 [8c 6d]
surbarun: folds 
CabalFour: folds 
miinero007: folds 
fevel58: folds 
Dorex2007: folds 
Snowman373: folds 
tutjak: folds 
nailbarr: folds 
Uncalled bet ($0.01) returned to pokerabise
pokerabise collected $0.02 from pot
pokerabise: doesn't show hand 
*** SUMMARY ***
Total pot $0.02 | Rake $0 
Seat 1: Snowman373 folded before Flop (didn't bet)
Seat 2: tutjak (button) folded before Flop (didn't bet)
Seat 3: nailbarr (small blind) folded before Flop
Seat 4: pokerabise (big blind) collected ($0.02)
Seat 5: surbarun folded before Flop (didn't bet)
Seat 6: CabalFour folded before Flop (didn't bet)
Seat 7: miinero007 folded before Flop (didn't bet)
Seat 8: fevel58 folded before Flop (didn't bet)
Seat 9: Dorex2007 folded before Flop (didn't bet)



PokerStars Hand #233875335327:  Hold'em No Limit ($0.01/$0.02 USD) - 2022/02/07 16:33:05 PT [2022/02/07 19:33:05 ET]
Table 'Mayall III' 9-max Seat #3 is the button
Seat 1: Snowman373 ($2 in chips) 
Seat 2: tutjak ($3.50 in chips) 
Seat 3: nailbarr ($2 in chips) 
Seat 4: pokerabise ($2.01 in chips) 
Seat 5: surbarun ($0.77 in chips) 
Seat 6: CabalFour ($1.68 in chips) 
Seat 7: miinero007 ($2.30 in chips) 
Seat 8: fevel58 ($1.87 in chips) 
Seat 9: Dorex2007 ($2.74 in chips) 
pokerabise: posts small blind $0.01
surbarun: posts big blind $0.02
*** HOLE CARDS ***
Dealt to Dorex2007 [Qh 9h]
CabalFour: raises $0.03 to $0.05
miinero007: folds 
fevel58: folds 
Dorex2007: folds 
Snowman373: folds 
tutjak: folds 
nailbarr: raises $0.15 to $0.20
pokerabise: folds 
surbarun: folds 
CabalFour: calls $0.15
*** FLOP *** [7c Ks Kd]
CabalFour: checks 
nailbarr: bets $0.31
CabalFour: raises $0.31 to $0.62
nailbarr: calls $0.31
*** TURN *** [7c Ks Kd] [6c]
CabalFour: bets $0.86 and is all-in
nailbarr: folds 
Uncalled bet ($0.86) returned to CabalFour
CabalFour collected $1.61 from pot
CabalFour: doesn't show hand 
*** SUMMARY ***
Total pot $1.67 | Rake $0.06 
Board [7c Ks Kd 6c]
Seat 1: Snowman373 folded before Flop (didn't bet)
Seat 2: tutjak folded before Flop (didn't bet)
Seat 3: nailbarr (button) folded on the Turn
Seat 4: pokerabise (small blind) folded before Flop
Seat 5: surbarun (big blind) folded before Flop
Seat 6: CabalFour collected ($1.61)
Seat 7: miinero007 folded before Flop (didn't bet)
Seat 8: fevel58 folded before Flop (didn't bet)
Seat 9: Dorex2007 folded before Flop (didn't bet)



PokerStars Hand #233875369535:  Hold'em No Limit ($0.01/$0.02 USD) - 2022/02/07 16:34:49 PT [2022/02/07 19:34:49 ET]
Table 'Mayall III' 9-max Seat #4 is the button
Seat 1: Snowman373 ($2 in chips) 
Seat 2: tutjak ($3.50 in chips) 
Seat 3: nailbarr ($2 in chips) 
Seat 4: pokerabise ($2 in chips) 
Seat 5: surbarun ($0.75 in chips) 
Seat 6: CabalFour ($2.47 in chips) 
Seat 7: miinero007 ($2.30 in chips) 
Seat 8: fevel58 ($1.87 in chips) 
Seat 9: Dorex2007 ($2.74 in chips) 
surbarun: posts small blind $0.01
CabalFour: posts big blind $0.02
*** HOLE CARDS ***
Dealt to Dorex2007 [8s Ks]
miinero007: folds 
fevel58: folds 
Dorex2007: folds 
Snowman373: folds 
tutjak: raises $0.02 to $0.04
nailbarr: folds 
pokerabise: folds 
surbarun: raises $0.07 to $0.11
CabalFour: folds 
tutjak: calls $0.07
*** FLOP *** [2c 3c 3d]
surbarun: checks 
tutjak: checks 
*** TURN *** [2c 3c 3d] [2h]
surbarun: bets $0.10
tutjak: folds 
Uncalled bet ($0.10) returned to surbarun
surbarun collected $0.23 from pot
surbarun: doesn't show hand 
*** SUMMARY ***
Total pot $0.24 | Rake $0.01 
Board [2c 3c 3d 2h]
Seat 1: Snowman373 folded before Flop (didn't bet)
Seat 2: tutjak folded on the Turn
Seat 3: nailbarr folded before Flop (didn't bet)
Seat 4: pokerabise (button) folded before Flop (didn't bet)
Seat 5: surbarun (small blind) collected ($0.23)
Seat 6: CabalFour (big blind) folded before Flop
Seat 7: miinero007 folded before Flop (didn't bet)
Seat 8: fevel58 folded before Flop (didn't bet)
Seat 9: Dorex2007 folded before Flop (didn't bet)



PokerStars Hand #233875382488:  Hold'em No Limit ($0.01/$0.02 USD) - 2022/02/07 16:35:28 PT [2022/02/07 19:35:28 ET]
Table 'Mayall III' 9-max Seat #5 is the button
Seat 1: Snowman373 ($2 in chips) 
Seat 2: tutjak ($3.39 in chips) 
Seat 3: nailbarr ($2 in chips) 
Seat 4: pokerabise ($2 in chips) 
Seat 5: surbarun ($0.87 in chips) 
Seat 6: CabalFour ($2.45 in chips) 
Seat 7: miinero007 ($2.30 in chips) 
Seat 8: fevel58 ($1.87 in chips) 
Seat 9: Dorex2007 ($2.74 in chips) 
CabalFour: posts small blind $0.01
miinero007: posts big blind $0.02
*** HOLE CARDS ***
Dealt to Dorex2007 [2d 4s]
fevel58: folds 
Dorex2007: folds 
Snowman373: folds 
tutjak: folds 
nailbarr: folds 
pokerabise: folds 
surbarun: raises $0.02 to $0.04
CabalFour: folds 
miinero007: calls $0.02
*** FLOP *** [9s Kd 4c]
miinero007: checks 
surbarun: bets $0.03
miinero007: calls $0.03
*** TURN *** [9s Kd 4c] [9h]
miinero007: checks 
surbarun: checks 
*** RIVER *** [9s Kd 4c 9h] [8h]
miinero007: bets $0.04
surbarun: folds 
Uncalled bet ($0.04) returned to miinero007
miinero007 collected $0.14 from pot
miinero007: doesn't show hand 
*** SUMMARY ***
Total pot $0.15 | Rake $0.01 
Board [9s Kd 4c 9h 8h]
Seat 1: Snowman373 folded before Flop (didn't bet)
Seat 2: tutjak folded before Flop (didn't bet)
Seat 3: nailbarr folded before Flop (didn't bet)
Seat 4: pokerabise folded before Flop (didn't bet)
Seat 5: surbarun (button) folded on the River
Seat 6: CabalFour (small blind) folded before Flop
Seat 7: miinero007 (big blind) collected ($0.14)
Seat 8: fevel58 folded before Flop (didn't bet)
Seat 9: Dorex2007 folded before Flop (didn't bet)



PokerStars Hand #233875400157:  Hold'em No Limit ($0.01/$0.02 USD) - 2022/02/07 16:36:22 PT [2022/02/07 19:36:22 ET]
Table 'Mayall III' 9-max Seat #6 is the button
Seat 1: Snowman373 ($2 in chips) 
Seat 2: tutjak ($3.39 in chips) 
Seat 3: nailbarr ($2 in chips) 
Seat 4: pokerabise ($2 in chips) 
Seat 5: surbarun ($0.80 in chips) 
Seat 6: CabalFour ($2.44 in chips) 
Seat 7: miinero007 ($2.37 in chips) 
Seat 8: fevel58 ($1.87 in chips) 
Seat 9: Dorex2007 ($2.74 in chips) 
miinero007: posts small blind $0.01
fevel58: posts big blind $0.02
*** HOLE CARDS ***
Dealt to Dorex2007 [As 3c]
Dorex2007: folds 
Snowman373: folds 
tutjak: folds 
nailbarr: folds 
pokerabise: raises $0.02 to $0.04
surbarun: folds 
CabalFour: folds 
miinero007: folds 
fevel58: folds 
Uncalled bet ($0.02) returned to pokerabise
pokerabise collected $0.05 from pot
pokerabise: doesn't show hand 
*** SUMMARY ***
Total pot $0.05 | Rake $0 
Seat 1: Snowman373 folded before Flop (didn't bet)
Seat 2: tutjak folded before Flop (didn't bet)
Seat 3: nailbarr folded before Flop (didn't bet)
Seat 4: pokerabise collected ($0.05)
Seat 5: surbarun folded before Flop (didn't bet)
Seat 6: CabalFour (button) folded before Flop (didn't bet)
Seat 7: miinero007 (small blind) folded before Flop
Seat 8: fevel58 (big blind) folded before Flop
Seat 9: Dorex2007 folded before Flop (didn't bet)



PokerStars Hand #233875408192:  Hold'em No Limit ($0.01/$0.02 USD) - 2022/02/07 16:36:47 PT [2022/02/07 19:36:47 ET]
Table 'Mayall III' 9-max Seat #7 is the button
Seat 1: Snowman373 ($2 in chips) 
Seat 2: tutjak ($3.39 in chips) 
Seat 3: nailbarr ($2 in chips) 
Seat 4: pokerabise ($2.03 in chips) 
Seat 5: surbarun ($0.80 in chips) 
Seat 6: CabalFour ($2.44 in chips) 
Seat 7: miinero007 ($2.36 in chips) 
Seat 8: fevel58 ($1.85 in chips) 
Seat 9: Dorex2007 ($2.74 in chips) 
fevel58: posts small blind $0.01
Dorex2007: posts big blind $0.02
*** HOLE CARDS ***
Dealt to Dorex2007 [9s 8c]
Snowman373: folds 
tutjak: folds 
nailbarr: folds 
pokerabise: calls $0.02
surbarun: folds 
CabalFour: folds 
miinero007: folds 
fevel58: folds 
Dorex2007: checks 
*** FLOP *** [3s Qd Ah]
Dorex2007: checks 
pokerabise: bets $0.02
Dorex2007: folds 
Uncalled bet ($0.02) returned to pokerabise
pokerabise collected $0.05 from pot
pokerabise: doesn't show hand 
*** SUMMARY ***
Total pot $0.05 | Rake $0 
Board [3s Qd Ah]
Seat 1: Snowman373 folded before Flop (didn't bet)
Seat 2: tutjak folded before Flop (didn't bet)
Seat 3: nailbarr folded before Flop (didn't bet)
Seat 4: pokerabise collected ($0.05)
Seat 5: surbarun folded before Flop (didn't bet)
Seat 6: CabalFour folded before Flop (didn't bet)
Seat 7: miinero007 (button) folded before Flop (didn't bet)
Seat 8: fevel58 (small blind) folded before Flop
Seat 9: Dorex2007 (big blind) folded on the Flop



PokerStars Hand #233875418919:  Hold'em No Limit ($0.01/$0.02 USD) - 2022/02/07 16:37:20 PT [2022/02/07 19:37:20 ET]
Table 'Mayall III' 9-max Seat #8 is the button
Seat 1: Snowman373 ($2 in chips) 
Seat 2: tutjak ($3.39 in chips) 
Seat 3: nailbarr ($2 in chips) 
Seat 4: pokerabise ($2.06 in chips) 
Seat 5: surbarun ($0.80 in chips) 
Seat 6: CabalFour ($2.44 in chips) 
Seat 7: miinero007 ($2.36 in chips) 
Seat 8: fevel58 ($1.84 in chips) 
Seat 9: Dorex2007 ($2.72 in chips) 
Dorex2007: posts small blind $0.01
Snowman373: posts big blind $0.02
*** HOLE CARDS ***
Dealt to Dorex2007 [Ad 6h]
tutjak: folds 
nailbarr: folds 
pokerabise: folds 
surbarun: folds 
CabalFour: folds 
miinero007: raises $0.04 to $0.06
fevel58: folds 
Dorex2007: folds 
Snowman373: folds 
Uncalled bet ($0.04) returned to miinero007
miinero007 collected $0.05 from pot
miinero007: doesn't show hand 
*** SUMMARY ***
Total pot $0.05 | Rake $0 
Seat 1: Snowman373 (big blind) folded before Flop
Seat 2: tutjak folded before Flop (didn't bet)
Seat 3: nailbarr folded before Flop (didn't bet)
Seat 4: pokerabise folded before Flop (didn't bet)
Seat 5: surbarun folded before Flop (didn't bet)
Seat 6: CabalFour folded before Flop (didn't bet)
Seat 7: miinero007 collected ($0.05)
Seat 8: fevel58 (button) folded before Flop (didn't bet)
Seat 9: Dorex2007 (small blind) folded before Flop



PokerStars Hand #233875428703:  Hold'em No Limit ($0.01/$0.02 USD) - 2022/02/07 16:37:50 PT [2022/02/07 19:37:50 ET]
Table 'Mayall III' 9-max Seat #9 is the button
Seat 1: Snowman373 ($2 in chips) 
Seat 2: tutjak ($3.39 in chips) 
Seat 3: nailbarr ($2 in chips) 
Seat 4: pokerabise ($2.06 in chips) 
Seat 5: surbarun ($0.80 in chips) 
Seat 6: CabalFour ($2.44 in chips) 
Seat 7: miinero007 ($2.39 in chips) 
Seat 8: fevel58 ($1.84 in chips) 
Seat 9: Dorex2007 ($2.71 in chips) 
Snowman373: posts small blind $0.01
tutjak: posts big blind $0.02
*** HOLE CARDS ***
Dealt to Dorex2007 [4d Kc]
nailbarr: folds 
pokerabise: folds 
surbarun: folds 
CabalFour: raises $0.03 to $0.05
miinero007: folds 
fevel58: folds 
Dorex2007: folds 
Snowman373: folds 
tutjak: folds 
Uncalled bet ($0.03) returned to CabalFour
CabalFour collected $0.05 from pot
CabalFour: doesn't show hand 
*** SUMMARY ***
Total pot $0.05 | Rake $0 
Seat 1: Snowman373 (small blind) folded before Flop
Seat 2: tutjak (big blind) folded before Flop
Seat 3: nailbarr folded before Flop (didn't bet)
Seat 4: pokerabise folded before Flop (didn't bet)
Seat 5: surbarun folded before Flop (didn't bet)
Seat 6: CabalFour collected ($0.05)
Seat 7: miinero007 folded before Flop (didn't bet)
Seat 8: fevel58 folded before Flop (didn't bet)
Seat 9: Dorex2007 (button) folded before Flop (didn't bet)



PokerStars Hand #233875436114:  Hold'em No Limit ($0.01/$0.02 USD) - 2022/02/07 16:38:12 PT [2022/02/07 19:38:12 ET]
Table 'Mayall III' 9-max Seat #1 is the button
Seat 1: Snowman373 ($2 in chips) 
Seat 2: tutjak ($3.37 in chips) 
Seat 3: nailbarr ($2 in chips) 
Seat 4: pokerabise ($2.06 in chips) 
Seat 5: surbarun ($0.80 in chips) 
Seat 6: CabalFour ($2.47 in chips) 
Seat 7: miinero007 ($2.39 in chips) 
Seat 8: fevel58 ($1.84 in chips) 
Seat 9: Dorex2007 ($2.71 in chips) 
tutjak: posts small blind $0.01
nailbarr: posts big blind $0.02
*** HOLE CARDS ***
Dealt to Dorex2007 [6h 8h]
pokerabise: calls $0.02
surbarun: folds 
CabalFour: folds 
miinero007: raises $0.02 to $0.04
fevel58: folds 
Dorex2007: folds 
Snowman373: folds 
tutjak: folds 
nailbarr: raises $0.10 to $0.14
pokerabise: folds 
miinero007: folds 
Uncalled bet ($0.10) returned to nailbarr
nailbarr collected $0.11 from pot
nailbarr: doesn't show hand 
*** SUMMARY ***
Total pot $0.11 | Rake $0 
Seat 1: Snowman373 (button) folded before Flop (didn't bet)
Seat 2: tutjak (small blind) folded before Flop
Seat 3: nailbarr (big blind) collected ($0.11)
Seat 4: pokerabise folded before Flop
Seat 5: surbarun folded before Flop (didn't bet)
Seat 6: CabalFour folded before Flop (didn't bet)
Seat 7: miinero007 folded before Flop
Seat 8: fevel58 folded before Flop (didn't bet)
Seat 9: Dorex2007 folded before Flop (didn't bet)



PokerStars Hand #233875452005:  Hold'em No Limit ($0.01/$0.02 USD) - 2022/02/07 16:39:01 PT [2022/02/07 19:39:01 ET]
Table 'Mayall III' 9-max Seat #2 is the button
Seat 1: Snowman373 ($2 in chips) 
Seat 2: tutjak ($3.36 in chips) 
Seat 3: nailbarr ($2.07 in chips) 
Seat 4: pokerabise ($2.04 in chips) 
Seat 5: surbarun ($0.80 in chips) 
Seat 6: CabalFour ($2.47 in chips) 
Seat 7: miinero007 ($2.35 in chips) 
Seat 8: fevel58 ($1.84 in chips) 
Seat 9: Dorex2007 ($2.71 in chips) 
nailbarr: posts small blind $0.01
pokerabise: posts big blind $0.02
*** HOLE CARDS ***
Dealt to Dorex2007 [8c Qd]
surbarun: folds 
CabalFour: folds 
pokerabise said, "lol"
surbarun leaves the table
miinero007: folds 
fevel58: raises $0.02 to $0.04
Dorex2007: folds 
Snowman373: calls $0.04
tutjak: raises $0.02 to $0.06
nailbarr: folds 
qwerty44147 joins the table at seat #5 
pokerabise: folds 
fevel58: calls $0.02
Snowman373: calls $0.02
*** FLOP *** [Td Ad 9h]
fevel58: checks 
Snowman373: checks 
tutjak: checks 
*** TURN *** [Td Ad 9h] [Ac]
fevel58: checks 
Snowman373: bets $0.13
tutjak: folds 
fevel58: calls $0.13
*** RIVER *** [Td Ad 9h Ac] [2h]
fevel58: checks 
Snowman373: bets $0.23
fevel58: calls $0.23
*** SHOW DOWN ***
Snowman373: shows [Ah 8h] (three of a kind, Aces)
fevel58: mucks hand 
Snowman373 collected $0.90 from pot
*** SUMMARY ***
Total pot $0.93 | Rake $0.03 
Board [Td Ad 9h Ac 2h]
Seat 1: Snowman373 showed [Ah 8h] and won ($0.90) with three of a kind, Aces
Seat 2: tutjak (button) folded on the Turn
Seat 3: nailbarr (small blind) folded before Flop
Seat 4: pokerabise (big blind) folded before Flop
Seat 5: surbarun folded before Flop (didn't bet)
Seat 6: CabalFour folded before Flop (didn't bet)
Seat 7: miinero007 folded before Flop (didn't bet)
Seat 8: fevel58 mucked [Kd Th]
Seat 9: Dorex2007 folded before Flop (didn't bet)



PokerStars Hand #233875490080:  Hold'em No Limit ($0.01/$0.02 USD) - 2022/02/07 16:40:52 PT [2022/02/07 19:40:52 ET]
Table 'Mayall III' 9-max Seat #3 is the button
Seat 1: Snowman373 ($2.48 in chips) 
Seat 2: tutjak ($3.30 in chips) 
Seat 3: nailbarr ($2.06 in chips) 
Seat 4: pokerabise ($2.02 in chips) 
Seat 5: qwerty44147 ($0.80 in chips) 
Seat 6: CabalFour ($2.47 in chips) 
Seat 7: miinero007 ($2.35 in chips) 
Seat 8: fevel58 ($1.42 in chips) 
Seat 9: Dorex2007 ($2.71 in chips) 
pokerabise: posts small blind $0.01
qwerty44147: posts big blind $0.02
*** HOLE CARDS ***
Dealt to Dorex2007 [9d Td]
CabalFour: folds 
miinero007: folds 
fevel58: folds 
Dorex2007: folds 
Snowman373: folds 
tutjak: folds 
nailbarr: folds 
pokerabise: calls $0.01
qwerty44147: checks 
*** FLOP *** [7s 6d Ad]
pokerabise: checks 
qwerty44147: checks 
*** TURN *** [7s 6d Ad] [Qs]
pokerabise: bets $0.02
qwerty44147: calls $0.02
*** RIVER *** [7s 6d Ad Qs] [4c]
pokerabise: checks 
qwerty44147: bets $0.04
pokerabise: calls $0.04
*** SHOW DOWN ***
qwerty44147: shows [7d 3h] (a pair of Sevens)
pokerabise: shows [3d As] (a pair of Aces)
pokerabise collected $0.15 from pot
*** SUMMARY ***
Total pot $0.16 | Rake $0.01 
Board [7s 6d Ad Qs 4c]
Seat 1: Snowman373 folded before Flop (didn't bet)
Seat 2: tutjak folded before Flop (didn't bet)
Seat 3: nailbarr (button) folded before Flop (didn't bet)
Seat 4: pokerabise (small blind) showed [3d As] and won ($0.15) with a pair of Aces
Seat 5: qwerty44147 (big blind) showed [7d 3h] and lost with a pair of Sevens
Seat 6: CabalFour folded before Flop (didn't bet)
Seat 7: miinero007 folded before Flop (didn't bet)
Seat 8: fevel58 folded before Flop (didn't bet)
Seat 9: Dorex2007 folded before Flop (didn't bet)



PokerStars Hand #233875505127:  Hold'em No Limit ($0.01/$0.02 USD) - 2022/02/07 16:41:38 PT [2022/02/07 19:41:38 ET]
Table 'Mayall III' 9-max Seat #4 is the button
Seat 1: Snowman373 ($2.48 in chips) 
Seat 2: tutjak ($3.30 in chips) 
Seat 3: nailbarr ($2.06 in chips) 
Seat 4: pokerabise ($2.09 in chips) 
Seat 5: qwerty44147 ($0.72 in chips) 
Seat 6: CabalFour ($2.47 in chips) 
Seat 7: miinero007 ($2.35 in chips) 
Seat 8: fevel58 ($1.42 in chips) 
Seat 9: Dorex2007 ($2.71 in chips) 
qwerty44147: posts small blind $0.01
CabalFour: posts big blind $0.02
*** HOLE CARDS ***
Dealt to Dorex2007 [8c Jd]
miinero007: raises $0.02 to $0.04
fevel58: folds 
Dorex2007: folds 
Snowman373: folds 
tutjak: folds 
nailbarr: folds 
pokerabise: raises $0.02 to $0.06
qwerty44147: folds 
CabalFour: raises $0.18 to $0.24
miinero007: folds 
pokerabise: folds 
Uncalled bet ($0.18) returned to CabalFour
CabalFour collected $0.17 from pot
CabalFour: doesn't show hand 
*** SUMMARY ***
Total pot $0.17 | Rake $0 
Seat 1: Snowman373 folded before Flop (didn't bet)
Seat 2: tutjak folded before Flop (didn't bet)
Seat 3: nailbarr folded before Flop (didn't bet)
Seat 4: pokerabise (button) folded before Flop
Seat 5: qwerty44147 (small blind) folded before Flop
Seat 6: CabalFour (big blind) collected ($0.17)
Seat 7: miinero007 folded before Flop
Seat 8: fevel58 folded before Flop (didn't bet)
Seat 9: Dorex2007 folded before Flop (didn't bet)



PokerStars Hand #233875513859:  Hold'em No Limit ($0.01/$0.02 USD) - 2022/02/07 16:42:05 PT [2022/02/07 19:42:05 ET]
Table 'Mayall III' 9-max Seat #5 is the button
Seat 1: Snowman373 ($2.48 in chips) 
Seat 2: tutjak ($3.30 in chips) 
Seat 3: nailbarr ($2.06 in chips) 
Seat 4: pokerabise ($2.03 in chips) 
Seat 5: qwerty44147 ($0.71 in chips) 
Seat 6: CabalFour ($2.58 in chips) 
Seat 7: miinero007 ($2.31 in chips) 
Seat 8: fevel58 ($1.42 in chips) 
Seat 9: Dorex2007 ($2.71 in chips) 
CabalFour: posts small blind $0.01
miinero007: posts big blind $0.02
*** HOLE CARDS ***
Dealt to Dorex2007 [2c 7c]
fevel58: folds 
Dorex2007: folds 
Snowman373: folds 
tutjak: folds 
nailbarr: folds 
pokerabise: folds 
qwerty44147: calls $0.02
CabalFour: calls $0.01
miinero007: raises $0.04 to $0.06
qwerty44147: calls $0.04
CabalFour: calls $0.04
*** FLOP *** [Qh 7s 5h]
CabalFour: checks 
miinero007: bets $0.08
qwerty44147: folds 
CabalFour: folds 
Uncalled bet ($0.08) returned to miinero007
miinero007 collected $0.17 from pot
miinero007: doesn't show hand 
*** SUMMARY ***
Total pot $0.18 | Rake $0.01 
Board [Qh 7s 5h]
Seat 1: Snowman373 folded before Flop (didn't bet)
Seat 2: tutjak folded before Flop (didn't bet)
Seat 3: nailbarr folded before Flop (didn't bet)
Seat 4: pokerabise folded before Flop (didn't bet)
Seat 5: qwerty44147 (button) folded on the Flop
Seat 6: CabalFour (small blind) folded on the Flop
Seat 7: miinero007 (big blind) collected ($0.17)
Seat 8: fevel58 folded before Flop (didn't bet)
Seat 9: Dorex2007 folded before Flop (didn't bet)



PokerStars Hand #233875524292:  Hold'em No Limit ($0.01/$0.02 USD) - 2022/02/07 16:42:37 PT [2022/02/07 19:42:37 ET]
Table 'Mayall III' 9-max Seat #6 is the button
Seat 1: Snowman373 ($2.48 in chips) 
Seat 2: tutjak ($3.30 in chips) 
Seat 3: nailbarr ($2.06 in chips) 
Seat 4: pokerabise ($2.03 in chips) 
Seat 5: qwerty44147 ($0.65 in chips) 
Seat 6: CabalFour ($2.52 in chips) 
Seat 7: miinero007 ($2.42 in chips) 
Seat 8: fevel58 ($1.42 in chips) 
Seat 9: Dorex2007 ($2.71 in chips) 
miinero007: posts small blind $0.01
fevel58: posts big blind $0.02
*** HOLE CARDS ***
Dealt to Dorex2007 [7h As]
Dorex2007: folds 
Snowman373: folds 
tutjak: folds 
nailbarr: folds 
pokerabise: folds 
qwerty44147: calls $0.02
CabalFour: folds 
miinero007: calls $0.01
fevel58: checks 
*** FLOP *** [Jc 2s Ts]
miinero007: bets $0.02
fevel58: calls $0.02
qwerty44147: folds 
*** TURN *** [Jc 2s Ts] [7c]
miinero007: checks 
fevel58: bets $0.04
miinero007: calls $0.04
*** RIVER *** [Jc 2s Ts 7c] [Ks]
miinero007: checks 
fevel58: checks 
*** SHOW DOWN ***
miinero007: shows [2d 4s] (a pair of Deuces)
fevel58: shows [Jh 8d] (a pair of Jacks)
fevel58 collected $0.17 from pot
*** SUMMARY ***
Total pot $0.18 | Rake $0.01 
Board [Jc 2s Ts 7c Ks]
Seat 1: Snowman373 folded before Flop (didn't bet)
Seat 2: tutjak folded before Flop (didn't bet)
Seat 3: nailbarr folded before Flop (didn't bet)
Seat 4: pokerabise folded before Flop (didn't bet)
Seat 5: qwerty44147 folded on the Flop
Seat 6: CabalFour (button) folded before Flop (didn't bet)
Seat 7: miinero007 (small blind) showed [2d 4s] and lost with a pair of Deuces
Seat 8: fevel58 (big blind) showed [Jh 8d] and won ($0.17) with a pair of Jacks
Seat 9: Dorex2007 folded before Flop (didn't bet)



PokerStars Hand #233875555814:  Hold'em No Limit ($0.01/$0.02 USD) - 2022/02/07 16:43:39 PT [2022/02/07 19:43:39 ET]
Table 'Mayall III' 9-max Seat #7 is the button
Seat 1: Snowman373 ($2.48 in chips) 
Seat 2: tutjak ($3.30 in chips) 
Seat 3: nailbarr ($2.06 in chips) 
Seat 4: pokerabise ($2.03 in chips) 
Seat 5: qwerty44147 ($0.63 in chips) 
Seat 6: CabalFour ($2.52 in chips) 
Seat 7: miinero007 ($2.34 in chips) 
Seat 8: fevel58 ($1.51 in chips) 
Seat 9: Dorex2007 ($2.71 in chips) 
fevel58: posts small blind $0.01
Dorex2007: posts big blind $0.02
*** HOLE CARDS ***
Dealt to Dorex2007 [Ks Js]
Snowman373: folds 
tutjak: folds 
nailbarr: folds 
pokerabise: folds 
qwerty44147: folds 
CabalFour: folds 
miinero007: raises $0.02 to $0.04
fevel58: calls $0.03
Dorex2007: calls $0.02
*** FLOP *** [Qc Jd 4d]
fevel58: checks 
Dorex2007: bets $0.06
miinero007: folds 
fevel58: folds 
Uncalled bet ($0.06) returned to Dorex2007
Dorex2007 collected $0.12 from pot
Dorex2007: doesn't show hand 
*** SUMMARY ***
Total pot $0.12 | Rake $0 
Board [Qc Jd 4d]
Seat 1: Snowman373 folded before Flop (didn't bet)
Seat 2: tutjak folded before Flop (didn't bet)
Seat 3: nailbarr folded before Flop (didn't bet)
Seat 4: pokerabise folded before Flop (didn't bet)
Seat 5: qwerty44147 folded before Flop (didn't bet)
Seat 6: CabalFour folded before Flop (didn't bet)
Seat 7: miinero007 (button) folded on the Flop
Seat 8: fevel58 (small blind) folded on the Flop
Seat 9: Dorex2007 (big blind) collected ($0.12)



PokerStars Hand #233875565766:  Hold'em No Limit ($0.01/$0.02 USD) - 2022/02/07 16:44:10 PT [2022/02/07 19:44:10 ET]
Table 'Mayall III' 9-max Seat #8 is the button
Seat 1: Snowman373 ($2.48 in chips) 
Seat 2: tutjak ($3.30 in chips) 
Seat 3: nailbarr ($2.06 in chips) 
Seat 4: pokerabise ($2.03 in chips) 
Seat 5: qwerty44147 ($0.63 in chips) 
Seat 6: CabalFour ($2.52 in chips) 
Seat 7: miinero007 ($2.30 in chips) 
Seat 8: fevel58 ($1.47 in chips) 
Seat 9: Dorex2007 ($2.79 in chips) 
Dorex2007: posts small blind $0.01
Snowman373: posts big blind $0.02
*** HOLE CARDS ***
Dealt to Dorex2007 [Ts Kd]
tutjak: raises $0.04 to $0.06
nailbarr: calls $0.06
pokerabise: folds 
qwerty44147: calls $0.06
CabalFour: folds 
miinero007: calls $0.06
fevel58: folds 
Dorex2007: folds 
Snowman373: calls $0.04
*** FLOP *** [As Qs 6c]
Snowman373: checks 
tutjak: bets $0.24
nailbarr: folds 
qwerty44147: raises $0.33 to $0.57 and is all-in
miinero007: folds 
Snowman373: calls $0.57
tutjak: raises $2.67 to $3.24 and is all-in
Snowman373: calls $1.85 and is all-in
Uncalled bet ($0.82) returned to tutjak
tutjak has timed out
*** TURN *** [As Qs 6c] [9d]
*** RIVER *** [As Qs 6c 9d] [Th]
*** SHOW DOWN ***
Snowman373: shows [Ad Qd] (two pair, Aces and Queens)
tutjak: shows [Kc Ac] (a pair of Aces)
qwerty44147: shows [6d 6s] (three of a kind, Sixes)
Snowman373 cashed out the hand for $3.14 | Cash Out Fee $0.03
qwerty44147 cashed out the hand for $1.55 | Cash Out Fee $0.02
*** SUMMARY ***
Total pot $5.72 Main pot $1.95. Side pot $3.57. | Rake $0.20 
Board [As Qs 6c 9d Th]
Seat 1: Snowman373 (big blind) showed [Ad Qd] and won ($3.57) with two pair, Aces and Queens (pot not awarded as player cashed out)
Seat 2: tutjak showed [Kc Ac] and lost with a pair of Aces
Seat 3: nailbarr folded on the Flop
Seat 4: pokerabise folded before Flop (didn't bet)
Seat 5: qwerty44147 showed [6d 6s] and won ($1.95) with three of a kind, Sixes (pot not awarded as player cashed out)
Seat 6: CabalFour folded before Flop (didn't bet)
Seat 7: miinero007 folded on the Flop
Seat 8: fevel58 (button) folded before Flop (didn't bet)
Seat 9: Dorex2007 (small blind) folded before Flop



PokerStars Hand #233875591550:  Hold'em No Limit ($0.01/$0.02 USD) - 2022/02/07 16:45:31 PT [2022/02/07 19:45:31 ET]
Table 'Mayall III' 9-max Seat #9 is the button
Seat 1: Snowman373 ($3.14 in chips) 
Seat 2: tutjak ($2 in chips) 
Seat 3: nailbarr ($2 in chips) 
Seat 4: pokerabise ($2.03 in chips) 
Seat 5: qwerty44147 ($1.55 in chips) 
Seat 6: CabalFour ($2.52 in chips) 
Seat 7: miinero007 ($2.24 in chips) 
Seat 8: fevel58 ($1.47 in chips) 
Seat 9: Dorex2007 ($2.78 in chips) 
Snowman373: posts small blind $0.01
tutjak: posts big blind $0.02
*** HOLE CARDS ***
Dealt to Dorex2007 [7s Qs]
nailbarr: raises $0.03 to $0.05
pokerabise: folds 
qwerty44147: folds 
CabalFour: folds 
miinero007: raises $0.11 to $0.16
fevel58: folds 
Dorex2007: folds 
Snowman373: folds 
tutjak: folds 
nailbarr: calls $0.11
*** FLOP *** [6h 5d 4s]
nailbarr: checks 
miinero007: bets $0.13
nailbarr: calls $0.13
*** TURN *** [6h 5d 4s] [4h]
nailbarr: checks 
miinero007: checks 
*** RIVER *** [6h 5d 4s 4h] [2s]
nailbarr: checks 
miinero007: checks 
*** SHOW DOWN ***
nailbarr: shows [Qd Kd] (a pair of Fours)
miinero007: shows [Ac Jc] (a pair of Fours - Ace kicker)
miinero007 collected $0.59 from pot
*** SUMMARY ***
Total pot $0.61 | Rake $0.02 
Board [6h 5d 4s 4h 2s]
Seat 1: Snowman373 (small blind) folded before Flop
Seat 2: tutjak (big blind) folded before Flop
Seat 3: nailbarr showed [Qd Kd] and lost with a pair of Fours
Seat 4: pokerabise folded before Flop (didn't bet)
Seat 5: qwerty44147 folded before Flop (didn't bet)
Seat 6: CabalFour folded before Flop (didn't bet)
Seat 7: miinero007 showed [Ac Jc] and won ($0.59) with a pair of Fours
Seat 8: fevel58 folded before Flop (didn't bet)
Seat 9: Dorex2007 (button) folded before Flop (didn't bet)



PokerStars Hand #233875613587:  Hold'em No Limit ($0.01/$0.02 USD) - 2022/02/07 16:46:41 PT [2022/02/07 19:46:41 ET]
Table 'Mayall III' 9-max Seat #1 is the button
Seat 1: Snowman373 ($3.13 in chips) 
Seat 2: tutjak ($2 in chips) 
Seat 3: nailbarr ($2 in chips) 
Seat 4: pokerabise ($2.03 in chips) 
Seat 5: qwerty44147 ($1.55 in chips) 
Seat 6: CabalFour ($2.52 in chips) 
Seat 7: miinero007 ($2.54 in chips) 
Seat 8: fevel58 ($1.47 in chips) 
Seat 9: Dorex2007 ($2.78 in chips) 
tutjak: posts small blind $0.01
nailbarr: posts big blind $0.02
*** HOLE CARDS ***
Dealt to Dorex2007 [As Ks]
pokerabise: folds 
qwerty44147: calls $0.02
CabalFour: folds 
miinero007: folds 
fevel58: folds 
Dorex2007: raises $0.04 to $0.06
Snowman373: folds 
tutjak: folds 
nailbarr: folds 
qwerty44147: calls $0.04
*** FLOP *** [7d Js Ad]
qwerty44147: checks 
CabalFour leaves the table
Dorex2007: bets $0.09
qwerty44147: calls $0.09
*** TURN *** [7d Js Ad] [Ah]
qwerty44147: checks 
Dorex2007: bets $0.32
qwerty44147: raises $1.08 to $1.40 and is all-in
Dorex2007: calls $1.08
*** RIVER *** [7d Js Ad Ah] [2h]
*** SHOW DOWN ***
qwerty44147: shows [Ac 9d] (three of a kind, Aces)
Dorex2007: shows [As Ks] (three of a kind, Aces - King kicker)
Dorex2007 cashed out the hand for $2.57 | Cash Out Fee $0.03
*** SUMMARY ***
Total pot $3.13 | Rake $0.11 
Board [7d Js Ad Ah 2h]
Seat 1: Snowman373 (button) folded before Flop (didn't bet)
Seat 2: tutjak (small blind) folded before Flop
Seat 3: nailbarr (big blind) folded before Flop
Seat 4: pokerabise folded before Flop (didn't bet)
Seat 5: qwerty44147 showed [Ac 9d] and lost with three of a kind, Aces
Seat 6: CabalFour folded before Flop (didn't bet)
Seat 7: miinero007 folded before Flop (didn't bet)
Seat 8: fevel58 folded before Flop (didn't bet)
Seat 9: Dorex2007 showed [As Ks] and won ($3.02) with three of a kind, Aces (pot not awarded as player cashed out)



PokerStars Hand #233875631031:  Hold'em No Limit ($0.01/$0.02 USD) - 2022/02/07 16:47:36 PT [2022/02/07 19:47:36 ET]
Table 'Mayall III' 9-max Seat #2 is the button
Seat 1: Snowman373 ($3.13 in chips) 
Seat 2: tutjak ($2 in chips) 
Seat 3: nailbarr ($2 in chips) 
Seat 4: pokerabise ($2.03 in chips) 
Seat 7: miinero007 ($2.54 in chips) 
Seat 8: fevel58 ($1.47 in chips) 
Seat 9: Dorex2007 ($3.80 in chips) 
nailbarr: posts small blind $0.01
pokerabise: posts big blind $0.02
*** HOLE CARDS ***
Dealt to Dorex2007 [Ah Js]
miinero007: raises $0.02 to $0.04
fevel58: folds 
Dorex2007: calls $0.04
Snowman373: folds 
tutjak: folds 
qwerty44147 is disconnected 
nailbarr: folds 
pokerabise: folds 
*** FLOP *** [5h As Jh]
tutjak leaves the table
miinero007: checks 
Dorex2007: bets $0.11
miinero007: folds 
Uncalled bet ($0.11) returned to Dorex2007
Dorex2007 collected $0.11 from pot
Dorex2007: doesn't show hand 
*** SUMMARY ***
Total pot $0.11 | Rake $0 
Board [5h As Jh]
Seat 1: Snowman373 folded before Flop (didn't bet)
Seat 2: tutjak (button) folded before Flop (didn't bet)
Seat 3: nailbarr (small blind) folded before Flop
Seat 4: pokerabise (big blind) folded before Flop
Seat 7: miinero007 folded on the Flop
Seat 8: fevel58 folded before Flop (didn't bet)
Seat 9: Dorex2007 collected ($0.11)



PokerStars Hand #233875638783:  Hold'em No Limit ($0.01/$0.02 USD) - 2022/02/07 16:48:01 PT [2022/02/07 19:48:01 ET]
Table 'Mayall III' 9-max Seat #3 is the button
Seat 1: Snowman373 ($3.13 in chips) 
Seat 3: nailbarr ($2 in chips) 
Seat 4: pokerabise ($2.01 in chips) 
Seat 7: miinero007 ($2.50 in chips) 
Seat 8: fevel58 ($1.47 in chips) 
Seat 9: Dorex2007 ($3.87 in chips) 
pokerabise: posts small blind $0.01
miinero007: posts big blind $0.02
*** HOLE CARDS ***
Dealt to Dorex2007 [Qc 5s]
fevel58: raises $0.02 to $0.04
Dorex2007: folds 
Snowman373: folds 
nailbarr: raises $0.08 to $0.12
pokerabise: folds 
miinero007: calls $0.10
fevel58: folds 
*** FLOP *** [7h 9c 4s]
miinero007: checks 
nailbarr: bets $0.16
miinero007: calls $0.16
*** TURN *** [7h 9c 4s] [Ac]
miinero007: checks 
nailbarr: bets $0.45
miinero007: folds 
Uncalled bet ($0.45) returned to nailbarr
nailbarr collected $0.59 from pot
nailbarr: doesn't show hand 
*** SUMMARY ***
Total pot $0.61 | Rake $0.02 
Board [7h 9c 4s Ac]
Seat 1: Snowman373 folded before Flop (didn't bet)
Seat 3: nailbarr (button) collected ($0.59)
Seat 4: pokerabise (small blind) folded before Flop
Seat 7: miinero007 (big blind) folded on the Turn
Seat 8: fevel58 folded before Flop
Seat 9: Dorex2007 folded before Flop (didn't bet)



PokerStars Hand #233875654957:  Hold'em No Limit ($0.01/$0.02 USD) - 2022/02/07 16:48:52 PT [2022/02/07 19:48:52 ET]
Table 'Mayall III' 9-max Seat #4 is the button
Seat 1: Snowman373 ($3.13 in chips) 
Seat 3: nailbarr ($2.31 in chips) 
Seat 4: pokerabise ($2 in chips) 
Seat 7: miinero007 ($2.22 in chips) 
Seat 9: Dorex2007 ($3.87 in chips) 
miinero007: posts small blind $0.01
fevel58: is sitting out 
Dorex2007: posts big blind $0.02
*** HOLE CARDS ***
Dealt to Dorex2007 [6d 8d]
Snowman373: folds 
nailbarr: raises $0.04 to $0.06
pokerabise: folds 
miinero007: raises $0.10 to $0.16
Dorex2007: folds 
Snowman373 leaves the table
nailbarr: raises $0.32 to $0.48
miinero007: raises $1.74 to $2.22 and is all-in
nailbarr: calls $1.74
*** FLOP *** [2d Qc 4d]
*** TURN *** [2d Qc 4d] [As]
*** RIVER *** [2d Qc 4d As] [Qh]
*** SHOW DOWN ***
miinero007: shows [Kd Ks] (two pair, Kings and Queens)
nailbarr: shows [Ad Ah] (a full house, Aces full of Queens)
nailbarr collected $4.30 from pot
*** SUMMARY ***
Total pot $4.46 | Rake $0.16 
Board [2d Qc 4d As Qh]
Seat 1: Snowman373 folded before Flop (didn't bet)
Seat 3: nailbarr showed [Ad Ah] and won ($4.30) with a full house, Aces full of Queens
Seat 4: pokerabise (button) folded before Flop (didn't bet)
Seat 7: miinero007 (small blind) showed [Kd Ks] and lost with two pair, Kings and Queens
Seat 9: Dorex2007 (big blind) folded before Flop



PokerStars Hand #233875670659:  Hold'em No Limit ($0.01/$0.02 USD) - 2022/02/07 16:49:42 PT [2022/02/07 19:49:42 ET]
Table 'Mayall III' 9-max Seat #9 is the button
Seat 3: nailbarr ($4.39 in chips) 
Seat 4: pokerabise ($2 in chips) 
Seat 9: Dorex2007 ($3.85 in chips) 
nailbarr: posts small blind $0.01
pokerabise: posts big blind $0.02
*** HOLE CARDS ***
Dealt to Dorex2007 [Qd As]
Dorex2007: raises $0.02 to $0.04
nailbarr: folds 
pokerabise: folds 
Uncalled bet ($0.02) returned to Dorex2007
Dorex2007 collected $0.05 from pot
Dorex2007: doesn't show hand 
*** SUMMARY ***
Total pot $0.05 | Rake $0 
Seat 3: nailbarr (small blind) folded before Flop
Seat 4: pokerabise (big blind) folded before Flop
Seat 9: Dorex2007 (button) collected ($0.05)



