PokerStars Hand #232785024664:  Hold'em No Limit ($0.01/$0.02 USD) - 2022/01/03 11:35:10 PT [2022/01/03 14:35:10 ET]
Table 'Laomedon IV' 9-max Seat #1 is the button
Seat 1: Horak79 ($2.26 in chips) 
Seat 2: radis671671 ($1.88 in chips) 
Seat 3: G The Jester ($1.53 in chips) 
Seat 4: sergeyus68 ($1.37 in chips) 
Seat 5: Nasson86 ($1.99 in chips) 
Seat 6: HSR1 ($2.66 in chips) 
Seat 7: tutanpoker ($2.05 in chips) 
Seat 8: uranus_77 ($1.66 in chips) 
Seat 9: Dorex2007 ($2 in chips) 
radis671671: posts small blind $0.01
G The Jester: posts big blind $0.02
Dorex2007: posts big blind $0.02
*** HOLE CARDS ***
Dealt to Dorex2007 [Qs 3d]
sergeyus68: raises $0.02 to $0.04
Nasson86: calls $0.04
HSR1: calls $0.04
tutanpoker has timed out
tutanpoker: folds 
uranus_77: calls $0.04
Dorex2007: folds 
Horak79: folds 
radis671671: calls $0.03
G The Jester: folds 
*** FLOP *** [2h 6d 4h]
radis671671: checks 
sergeyus68: bets $0.12
Nasson86: raises $0.20 to $0.32
HSR1: folds 
uranus_77: folds 
radis671671: folds 
sergeyus68: raises $1.01 to $1.33 and is all-in
Nasson86: calls $1.01
*** TURN *** [2h 6d 4h] [7d]
*** RIVER *** [2h 6d 4h 7d] [Th]
*** SHOW DOWN ***
sergeyus68: shows [Js Jc] (a pair of Jacks)
Nasson86: shows [2c 2d] (three of a kind, Deuces)
Nasson86 collected $2.80 from pot
sergeyus68 cashed out the hand for $0.28
*** SUMMARY ***
Total pot $2.90 | Rake $0.10 
Board [2h 6d 4h 7d Th]
Seat 1: Horak79 (button) folded before Flop (didn't bet)
Seat 2: radis671671 (small blind) folded on the Flop
Seat 3: G The Jester (big blind) folded before Flop
Seat 4: sergeyus68 showed [Js Jc] and lost with a pair of Jacks (cashed out).
Seat 5: Nasson86 showed [2c 2d] and won ($2.80) with three of a kind, Deuces
Seat 6: HSR1 folded on the Flop
Seat 7: tutanpoker folded before Flop (didn't bet)
Seat 8: uranus_77 folded on the Flop
Seat 9: Dorex2007 folded before Flop (didn't bet)



PokerStars Hand #232785083136:  Hold'em No Limit ($0.01/$0.02 USD) - 2022/01/03 11:36:47 PT [2022/01/03 14:36:47 ET]
Table 'Laomedon IV' 9-max Seat #2 is the button
Seat 1: Horak79 ($2.26 in chips) 
Seat 2: radis671671 ($1.84 in chips) 
Seat 3: G The Jester ($1.51 in chips) 
Seat 4: sergeyus68 ($0.28 in chips) 
Seat 5: Nasson86 ($3.42 in chips) 
Seat 6: HSR1 ($2.62 in chips) 
Seat 7: tutanpoker ($2.05 in chips) 
Seat 8: uranus_77 ($1.62 in chips) 
Seat 9: Dorex2007 ($2 in chips) 
G The Jester: posts small blind $0.01
sergeyus68: posts big blind $0.02
*** HOLE CARDS ***
Dealt to Dorex2007 [Th 3h]
Nasson86: calls $0.02
HSR1: raises $0.02 to $0.04
tutanpoker: calls $0.04
uranus_77: folds 
Dorex2007: folds 
Horak79: calls $0.04
radis671671: calls $0.04
G The Jester: folds 
sergeyus68: calls $0.02
Nasson86: raises $0.26 to $0.30
HSR1: folds 
tutanpoker: folds 
Horak79: folds 
radis671671: calls $0.26
sergeyus68: calls $0.24 and is all-in
*** FLOP *** [6c 5d 4s]
Nasson86: bets $3.12 and is all-in
radis671671: folds 
Uncalled bet ($3.12) returned to Nasson86
*** TURN *** [6c 5d 4s] [Qc]
*** RIVER *** [6c 5d 4s Qc] [Td]
*** SHOW DOWN ***
Nasson86: shows [Qs Qd] (three of a kind, Queens)
Nasson86 collected $0.03 from side pot
sergeyus68: shows [Jd Kc] (high card King)
Nasson86 collected $0.94 from main pot
sergeyus68 cashed out the hand for $0.15
*** SUMMARY ***
Total pot $1.01 Main pot $0.94. Side pot $0.03. | Rake $0.04 
Board [6c 5d 4s Qc Td]
Seat 1: Horak79 folded before Flop
Seat 2: radis671671 (button) folded on the Flop
Seat 3: G The Jester (small blind) folded before Flop
Seat 4: sergeyus68 (big blind) showed [Jd Kc] and lost with high card King (cashed out).
Seat 5: Nasson86 showed [Qs Qd] and won ($0.97) with three of a kind, Queens
Seat 6: HSR1 folded before Flop
Seat 7: tutanpoker folded before Flop
Seat 8: uranus_77 folded before Flop (didn't bet)
Seat 9: Dorex2007 folded before Flop (didn't bet)



PokerStars Hand #232785129005:  Hold'em No Limit ($0.01/$0.02 USD) - 2022/01/03 11:38:03 PT [2022/01/03 14:38:03 ET]
Table 'Laomedon IV' 9-max Seat #3 is the button
Seat 1: Horak79 ($2.22 in chips) 
Seat 2: radis671671 ($1.54 in chips) 
Seat 3: G The Jester ($1.50 in chips) 
Seat 4: sergeyus68 ($0.15 in chips) 
Seat 5: Nasson86 ($4.09 in chips) 
Seat 6: HSR1 ($2.58 in chips) 
Seat 7: tutanpoker ($2.01 in chips) 
Seat 8: uranus_77 ($1.62 in chips) 
Seat 9: Dorex2007 ($2 in chips) 
sergeyus68: posts small blind $0.01
Nasson86: posts big blind $0.02
*** HOLE CARDS ***
Dealt to Dorex2007 [5d Qh]
HSR1: folds 
tutanpoker: folds 
uranus_77: folds 
Dorex2007: folds 
Horak79: folds 
radis671671: raises $0.02 to $0.04
G The Jester: folds 
sergeyus68: calls $0.03
Nasson86: calls $0.02
*** FLOP *** [7d 6h Kc]
sergeyus68: bets $0.11 and is all-in
Nasson86: folds 
radis671671: calls $0.11
*** TURN *** [7d 6h Kc] [9h]
*** RIVER *** [7d 6h Kc 9h] [Ts]
*** SHOW DOWN ***
sergeyus68: shows [Kd 8c] (a straight, Six to Ten)
radis671671: shows [Tc Td] (three of a kind, Tens)
sergeyus68 collected $0.33 from pot
*** SUMMARY ***
Total pot $0.34 | Rake $0.01 
Board [7d 6h Kc 9h Ts]
Seat 1: Horak79 folded before Flop (didn't bet)
Seat 2: radis671671 showed [Tc Td] and lost with three of a kind, Tens
Seat 3: G The Jester (button) folded before Flop (didn't bet)
Seat 4: sergeyus68 (small blind) showed [Kd 8c] and won ($0.33) with a straight, Six to Ten
Seat 5: Nasson86 (big blind) folded on the Flop
Seat 6: HSR1 folded before Flop (didn't bet)
Seat 7: tutanpoker folded before Flop (didn't bet)
Seat 8: uranus_77 folded before Flop (didn't bet)
Seat 9: Dorex2007 folded before Flop (didn't bet)



PokerStars Hand #232785150147:  Hold'em No Limit ($0.01/$0.02 USD) - 2022/01/03 11:38:38 PT [2022/01/03 14:38:38 ET]
Table 'Laomedon IV' 9-max Seat #4 is the button
Seat 1: Horak79 ($2.22 in chips) 
Seat 2: radis671671 ($1.39 in chips) 
Seat 3: G The Jester ($1.50 in chips) 
Seat 4: sergeyus68 ($0.33 in chips) 
Seat 5: Nasson86 ($4.05 in chips) 
Seat 6: HSR1 ($2.58 in chips) 
Seat 7: tutanpoker ($2.01 in chips) 
Seat 8: uranus_77 ($1.62 in chips) 
Seat 9: Dorex2007 ($2 in chips) 
Nasson86: posts small blind $0.01
HSR1: posts big blind $0.02
*** HOLE CARDS ***
Dealt to Dorex2007 [4d Ts]
tutanpoker: folds 
uranus_77: calls $0.02
Dorex2007: folds 
Horak79: calls $0.02
radis671671: calls $0.02
G The Jester: folds 
sergeyus68: folds 
Nasson86: calls $0.01
HSR1: checks 
*** FLOP *** [3h Js Kc]
Nasson86: checks 
HSR1: checks 
uranus_77: checks 
Horak79: checks 
radis671671: checks 
*** TURN *** [3h Js Kc] [4c]
Nasson86: bets $0.06
HSR1: folds 
uranus_77: calls $0.06
Horak79: folds 
radis671671: calls $0.06
*** RIVER *** [3h Js Kc 4c] [Ac]
Nasson86: checks 
uranus_77: bets $0.04
radis671671: folds 
Nasson86: calls $0.04
*** SHOW DOWN ***
uranus_77: shows [Td Qh] (a straight, Ten to Ace)
Nasson86: mucks hand 
uranus_77 collected $0.35 from pot
*** SUMMARY ***
Total pot $0.36 | Rake $0.01 
Board [3h Js Kc 4c Ac]
Seat 1: Horak79 folded on the Turn
Seat 2: radis671671 folded on the River
Seat 3: G The Jester folded before Flop (didn't bet)
Seat 4: sergeyus68 (button) folded before Flop (didn't bet)
Seat 5: Nasson86 (small blind) mucked [Kd 8d]
Seat 6: HSR1 (big blind) folded on the Turn
Seat 7: tutanpoker folded before Flop (didn't bet)
Seat 8: uranus_77 showed [Td Qh] and won ($0.35) with a straight, Ten to Ace
Seat 9: Dorex2007 folded before Flop (didn't bet)



PokerStars Hand #232785196475:  Hold'em No Limit ($0.01/$0.02 USD) - 2022/01/03 11:39:55 PT [2022/01/03 14:39:55 ET]
Table 'Laomedon IV' 9-max Seat #5 is the button
Seat 1: Horak79 ($2.20 in chips) 
Seat 2: radis671671 ($1.31 in chips) 
Seat 3: G The Jester ($1.50 in chips) 
Seat 4: sergeyus68 ($0.33 in chips) 
Seat 5: Nasson86 ($3.93 in chips) 
Seat 6: HSR1 ($2.56 in chips) 
Seat 7: tutanpoker ($2.01 in chips) 
Seat 8: uranus_77 ($1.85 in chips) 
Seat 9: Dorex2007 ($2 in chips) 
HSR1: posts small blind $0.01
tutanpoker: posts big blind $0.02
*** HOLE CARDS ***
Dealt to Dorex2007 [As 6s]
uranus_77: calls $0.02
Dorex2007: folds 
Horak79: folds 
radis671671: raises $0.02 to $0.04
G The Jester: folds 
sergeyus68: folds 
Nasson86: folds 
HSR1: folds 
tutanpoker: calls $0.02
uranus_77: calls $0.02
*** FLOP *** [Jd 8c 8h]
tutanpoker: checks 
uranus_77: checks 
radis671671: bets $0.06
tutanpoker: folds 
uranus_77: folds 
Uncalled bet ($0.06) returned to radis671671
radis671671 collected $0.13 from pot
radis671671: doesn't show hand 
*** SUMMARY ***
Total pot $0.13 | Rake $0 
Board [Jd 8c 8h]
Seat 1: Horak79 folded before Flop (didn't bet)
Seat 2: radis671671 collected ($0.13)
Seat 3: G The Jester folded before Flop (didn't bet)
Seat 4: sergeyus68 folded before Flop (didn't bet)
Seat 5: Nasson86 (button) folded before Flop (didn't bet)
Seat 6: HSR1 (small blind) folded before Flop
Seat 7: tutanpoker (big blind) folded on the Flop
Seat 8: uranus_77 folded on the Flop
Seat 9: Dorex2007 folded before Flop (didn't bet)



PokerStars Hand #232785218609:  Hold'em No Limit ($0.01/$0.02 USD) - 2022/01/03 11:40:31 PT [2022/01/03 14:40:31 ET]
Table 'Laomedon IV' 9-max Seat #6 is the button
Seat 1: Horak79 ($2.20 in chips) 
Seat 2: radis671671 ($1.40 in chips) 
Seat 3: G The Jester ($1.50 in chips) 
Seat 4: sergeyus68 ($0.33 in chips) 
Seat 5: Nasson86 ($3.93 in chips) 
Seat 6: HSR1 ($2.55 in chips) 
Seat 7: tutanpoker ($1.97 in chips) 
Seat 8: uranus_77 ($1.81 in chips) 
Seat 9: Dorex2007 ($2 in chips) 
tutanpoker: posts small blind $0.01
uranus_77: posts big blind $0.02
*** HOLE CARDS ***
Dealt to Dorex2007 [3h Qc]
Dorex2007: folds 
Horak79: folds 
radis671671: calls $0.02
G The Jester: calls $0.02
sergeyus68: folds 
Nasson86: folds 
HSR1: raises $0.09 to $0.11
tutanpoker: folds 
uranus_77: folds 
radis671671: calls $0.09
G The Jester: folds 
*** FLOP *** [3c 2s Qs]
radis671671: checks 
HSR1: checks 
*** TURN *** [3c 2s Qs] [6c]
radis671671: bets $0.06
HSR1: folds 
Uncalled bet ($0.06) returned to radis671671
radis671671 collected $0.26 from pot
radis671671: doesn't show hand 
*** SUMMARY ***
Total pot $0.27 | Rake $0.01 
Board [3c 2s Qs 6c]
Seat 1: Horak79 folded before Flop (didn't bet)
Seat 2: radis671671 collected ($0.26)
Seat 3: G The Jester folded before Flop
Seat 4: sergeyus68 folded before Flop (didn't bet)
Seat 5: Nasson86 folded before Flop (didn't bet)
Seat 6: HSR1 (button) folded on the Turn
Seat 7: tutanpoker (small blind) folded before Flop
Seat 8: uranus_77 (big blind) folded before Flop
Seat 9: Dorex2007 folded before Flop (didn't bet)



PokerStars Hand #232785247739:  Hold'em No Limit ($0.01/$0.02 USD) - 2022/01/03 11:41:19 PT [2022/01/03 14:41:19 ET]
Table 'Laomedon IV' 9-max Seat #7 is the button
Seat 1: Horak79 ($2.20 in chips) 
Seat 2: radis671671 ($1.55 in chips) 
Seat 3: G The Jester ($1.48 in chips) 
Seat 4: sergeyus68 ($0.33 in chips) 
Seat 5: Nasson86 ($3.93 in chips) 
Seat 6: HSR1 ($2.44 in chips) 
Seat 7: tutanpoker ($1.96 in chips) 
Seat 8: uranus_77 ($1.79 in chips) 
Seat 9: Dorex2007 ($2 in chips) 
uranus_77: posts small blind $0.01
Dorex2007: posts big blind $0.02
*** HOLE CARDS ***
Dealt to Dorex2007 [2c Ad]
Horak79: raises $0.04 to $0.06
radis671671: folds 
G The Jester: folds 
sergeyus68: folds 
Nasson86: folds 
HSR1: folds 
tutanpoker: folds 
uranus_77: folds 
Dorex2007: folds 
Uncalled bet ($0.04) returned to Horak79
Horak79 collected $0.05 from pot
Horak79: doesn't show hand 
*** SUMMARY ***
Total pot $0.05 | Rake $0 
Seat 1: Horak79 collected ($0.05)
Seat 2: radis671671 folded before Flop (didn't bet)
Seat 3: G The Jester folded before Flop (didn't bet)
Seat 4: sergeyus68 folded before Flop (didn't bet)
Seat 5: Nasson86 folded before Flop (didn't bet)
Seat 6: HSR1 folded before Flop (didn't bet)
Seat 7: tutanpoker (button) folded before Flop (didn't bet)
Seat 8: uranus_77 (small blind) folded before Flop
Seat 9: Dorex2007 (big blind) folded before Flop



PokerStars Hand #232785265415:  Hold'em No Limit ($0.01/$0.02 USD) - 2022/01/03 11:41:48 PT [2022/01/03 14:41:48 ET]
Table 'Laomedon IV' 9-max Seat #8 is the button
Seat 1: Horak79 ($2.23 in chips) 
Seat 2: radis671671 ($1.55 in chips) 
Seat 3: G The Jester ($1.48 in chips) 
Seat 4: sergeyus68 ($0.33 in chips) 
Seat 5: Nasson86 ($3.93 in chips) 
Seat 6: HSR1 ($2.44 in chips) 
Seat 7: tutanpoker ($1.96 in chips) 
Seat 8: uranus_77 ($1.78 in chips) 
Seat 9: Dorex2007 ($2 in chips) 
Dorex2007: posts small blind $0.01
Horak79: posts big blind $0.02
*** HOLE CARDS ***
Dealt to Dorex2007 [9d 6h]
radis671671: calls $0.02
G The Jester: folds 
sergeyus68: folds 
Nasson86: calls $0.02
HSR1: folds 
tutanpoker: folds 
uranus_77: folds 
Dorex2007: folds 
Horak79: checks 
*** FLOP *** [Jc 9s 5d]
Horak79: checks 
radis671671: bets $0.02
Nasson86: calls $0.02
Horak79: folds 
*** TURN *** [Jc 9s 5d] [6c]
radis671671: bets $0.02
Nasson86: calls $0.02
*** RIVER *** [Jc 9s 5d 6c] [9h]
radis671671: bets $0.06
Nasson86: folds 
Uncalled bet ($0.06) returned to radis671671
radis671671 collected $0.14 from pot
radis671671: doesn't show hand 
*** SUMMARY ***
Total pot $0.15 | Rake $0.01 
Board [Jc 9s 5d 6c 9h]
Seat 1: Horak79 (big blind) folded on the Flop
Seat 2: radis671671 collected ($0.14)
Seat 3: G The Jester folded before Flop (didn't bet)
Seat 4: sergeyus68 folded before Flop (didn't bet)
Seat 5: Nasson86 folded on the River
Seat 6: HSR1 folded before Flop (didn't bet)
Seat 7: tutanpoker folded before Flop (didn't bet)
Seat 8: uranus_77 (button) folded before Flop (didn't bet)
Seat 9: Dorex2007 (small blind) folded before Flop



PokerStars Hand #232785303025:  Hold'em No Limit ($0.01/$0.02 USD) - 2022/01/03 11:42:45 PT [2022/01/03 14:42:45 ET]
Table 'Laomedon IV' 9-max Seat #9 is the button
Seat 1: Horak79 ($2.21 in chips) 
Seat 2: radis671671 ($1.63 in chips) 
Seat 3: G The Jester ($1.48 in chips) 
Seat 4: sergeyus68 ($0.33 in chips) 
Seat 5: Nasson86 ($3.87 in chips) 
Seat 6: HSR1 ($2.44 in chips) 
Seat 7: tutanpoker ($1.96 in chips) 
Seat 8: uranus_77 ($1.78 in chips) 
Seat 9: Dorex2007 ($2 in chips) 
Horak79: posts small blind $0.01
radis671671: posts big blind $0.02
*** HOLE CARDS ***
Dealt to Dorex2007 [6d Td]
G The Jester: folds 
sergeyus68: calls $0.02
Nasson86: folds 
HSR1: folds 
tutanpoker: raises $0.06 to $0.08
uranus_77: folds 
Dorex2007: folds 
Horak79: folds 
radis671671: folds 
sergeyus68: calls $0.06
*** FLOP *** [6s 7d Ad]
Nasson86 leaves the table
sergeyus68: checks 
raven3622 joins the table at seat #5 
tutanpoker: bets $0.15
sergeyus68: folds 
Uncalled bet ($0.15) returned to tutanpoker
tutanpoker collected $0.18 from pot
*** SUMMARY ***
Total pot $0.19 | Rake $0.01 
Board [6s 7d Ad]
Seat 1: Horak79 (small blind) folded before Flop
Seat 2: radis671671 (big blind) folded before Flop
Seat 3: G The Jester folded before Flop (didn't bet)
Seat 4: sergeyus68 folded on the Flop
Seat 5: Nasson86 folded before Flop (didn't bet)
Seat 6: HSR1 folded before Flop (didn't bet)
Seat 7: tutanpoker collected ($0.18)
Seat 8: uranus_77 folded before Flop (didn't bet)
Seat 9: Dorex2007 (button) folded before Flop (didn't bet)



PokerStars Hand #232785327120:  Hold'em No Limit ($0.01/$0.02 USD) - 2022/01/03 11:43:24 PT [2022/01/03 14:43:24 ET]
Table 'Laomedon IV' 9-max Seat #1 is the button
Seat 1: Horak79 ($2.20 in chips) 
Seat 2: radis671671 ($1.61 in chips) 
Seat 3: G The Jester ($1.48 in chips) 
Seat 4: sergeyus68 ($0.25 in chips) 
Seat 5: raven3622 ($1.60 in chips) 
Seat 6: HSR1 ($2.44 in chips) 
Seat 7: tutanpoker ($2.06 in chips) 
Seat 8: uranus_77 ($1.78 in chips) 
Seat 9: Dorex2007 ($2 in chips) 
radis671671: posts small blind $0.01
G The Jester: posts big blind $0.02
raven3622: posts big blind $0.02
*** HOLE CARDS ***
Dealt to Dorex2007 [3s 9h]
sergeyus68: calls $0.02
raven3622: checks 
HSR1: folds 
tutanpoker: folds 
uranus_77: folds 
Dorex2007: folds 
Horak79: calls $0.02
radis671671: folds 
G The Jester: checks 
*** FLOP *** [7d Js Jh]
G The Jester: checks 
sergeyus68: bets $0.02
raven3622: folds 
Horak79: folds 
G The Jester: calls $0.02
*** TURN *** [7d Js Jh] [6s]
G The Jester: checks 
sergeyus68: bets $0.07
G The Jester: folds 
Uncalled bet ($0.07) returned to sergeyus68
sergeyus68 collected $0.13 from pot
sergeyus68: doesn't show hand 
*** SUMMARY ***
Total pot $0.13 | Rake $0 
Board [7d Js Jh 6s]
Seat 1: Horak79 (button) folded on the Flop
Seat 2: radis671671 (small blind) folded before Flop
Seat 3: G The Jester (big blind) folded on the Turn
Seat 4: sergeyus68 collected ($0.13)
Seat 5: raven3622 folded on the Flop (didn't bet)
Seat 6: HSR1 folded before Flop (didn't bet)
Seat 7: tutanpoker folded before Flop (didn't bet)
Seat 8: uranus_77 folded before Flop (didn't bet)
Seat 9: Dorex2007 folded before Flop (didn't bet)



PokerStars Hand #232785350938:  Hold'em No Limit ($0.01/$0.02 USD) - 2022/01/03 11:44:03 PT [2022/01/03 14:44:03 ET]
Table 'Laomedon IV' 9-max Seat #2 is the button
Seat 1: Horak79 ($2.18 in chips) 
Seat 2: radis671671 ($1.60 in chips) 
Seat 3: G The Jester ($1.44 in chips) 
Seat 4: sergeyus68 ($0.34 in chips) 
Seat 5: raven3622 ($1.58 in chips) 
Seat 6: HSR1 ($2.44 in chips) 
Seat 7: tutanpoker ($2.06 in chips) 
Seat 8: uranus_77 ($1.78 in chips) 
Seat 9: Dorex2007 ($2 in chips) 
G The Jester: posts small blind $0.01
sergeyus68: posts big blind $0.02
*** HOLE CARDS ***
Dealt to Dorex2007 [Ks 8s]
raven3622: folds 
HSR1: raises $0.05 to $0.07
tutanpoker: folds 
uranus_77: folds 
Dorex2007: folds 
Horak79: folds 
radis671671: folds 
G The Jester: folds 
sergeyus68: calls $0.05
*** FLOP *** [9s Kh 4c]
G The Jester leaves the table
sergeyus68: checks 
HSR1: bets $0.14
sergeyus68: folds 
Uncalled bet ($0.14) returned to HSR1
HSR1 collected $0.14 from pot
HSR1: doesn't show hand 
*** SUMMARY ***
Total pot $0.15 | Rake $0.01 
Board [9s Kh 4c]
Seat 1: Horak79 folded before Flop (didn't bet)
Seat 2: radis671671 (button) folded before Flop (didn't bet)
Seat 3: G The Jester (small blind) folded before Flop
Seat 4: sergeyus68 (big blind) folded on the Flop
Seat 5: raven3622 folded before Flop (didn't bet)
Seat 6: HSR1 collected ($0.14)
Seat 7: tutanpoker folded before Flop (didn't bet)
Seat 8: uranus_77 folded before Flop (didn't bet)
Seat 9: Dorex2007 folded before Flop (didn't bet)



PokerStars Hand #232785377787:  Hold'em No Limit ($0.01/$0.02 USD) - 2022/01/03 11:44:41 PT [2022/01/03 14:44:41 ET]
Table 'Laomedon IV' 9-max Seat #4 is the button
Seat 1: Horak79 ($2.18 in chips) 
Seat 2: radis671671 ($1.60 in chips) 
Seat 4: sergeyus68 ($0.27 in chips) 
Seat 5: raven3622 ($1.58 in chips) 
Seat 6: HSR1 ($2.51 in chips) 
Seat 7: tutanpoker ($2.06 in chips) 
Seat 8: uranus_77 ($1.78 in chips) 
Seat 9: Dorex2007 ($2 in chips) 
raven3622: posts small blind $0.01
HSR1: posts big blind $0.02
*** HOLE CARDS ***
Dealt to Dorex2007 [Qd Js]
tutanpoker: folds 
uranus_77: folds 
Dorex2007: folds 
Horak79: raises $0.04 to $0.06
radis671671: folds 
fliper500 joins the table at seat #3 
fliper500 is disconnected 
sergeyus68: folds 
raven3622: calls $0.05
HSR1: folds 
*** FLOP *** [4d Ts 6h]
raven3622: bets $0.02
Horak79: raises $0.09 to $0.11
raven3622: folds 
Uncalled bet ($0.09) returned to Horak79
Horak79 collected $0.17 from pot
Horak79: doesn't show hand 
*** SUMMARY ***
Total pot $0.18 | Rake $0.01 
Board [4d Ts 6h]
Seat 1: Horak79 collected ($0.17)
Seat 2: radis671671 folded before Flop (didn't bet)
Seat 4: sergeyus68 (button) folded before Flop (didn't bet)
Seat 5: raven3622 (small blind) folded on the Flop
Seat 6: HSR1 (big blind) folded before Flop
Seat 7: tutanpoker folded before Flop (didn't bet)
Seat 8: uranus_77 folded before Flop (didn't bet)
Seat 9: Dorex2007 folded before Flop (didn't bet)



PokerStars Hand #232785399407:  Hold'em No Limit ($0.01/$0.02 USD) - 2022/01/03 11:45:17 PT [2022/01/03 14:45:17 ET]
Table 'Laomedon IV' 9-max Seat #5 is the button
Seat 1: Horak79 ($2.27 in chips) 
Seat 2: radis671671 ($1.60 in chips) 
Seat 4: sergeyus68 ($0.27 in chips) 
Seat 5: raven3622 ($1.50 in chips) 
Seat 6: HSR1 ($2.49 in chips) 
Seat 7: tutanpoker ($2.06 in chips) 
Seat 8: uranus_77 ($1.78 in chips) 
Seat 9: Dorex2007 ($2 in chips) 
HSR1: posts small blind $0.01
tutanpoker: posts big blind $0.02
fliper500 is connected 
fliper500 has timed out
fliper500: is sitting out 
*** HOLE CARDS ***
Dealt to Dorex2007 [8s Kh]
uranus_77: folds 
Dorex2007: folds 
Horak79: folds 
radis671671: folds 
sergeyus68: calls $0.02
raven3622: calls $0.02
HSR1: calls $0.01
tutanpoker: checks 
*** FLOP *** [6s 6d Qs]
HSR1: checks 
tutanpoker: checks 
sergeyus68: checks 
raven3622: checks 
*** TURN *** [6s 6d Qs] [Ad]
HSR1: checks 
tutanpoker: checks 
sergeyus68: checks 
raven3622: bets $0.04
HSR1: folds 
tutanpoker: folds 
sergeyus68: calls $0.04
*** RIVER *** [6s 6d Qs Ad] [Ah]
sergeyus68: checks 
raven3622: checks 
*** SHOW DOWN ***
sergeyus68: shows [Th Ks] (two pair, Aces and Sixes)
raven3622: shows [Kd 7c] (two pair, Aces and Sixes)
sergeyus68 collected $0.08 from pot
raven3622 collected $0.07 from pot
*** SUMMARY ***
Total pot $0.16 | Rake $0.01 
Board [6s 6d Qs Ad Ah]
Seat 1: Horak79 folded before Flop (didn't bet)
Seat 2: radis671671 folded before Flop (didn't bet)
Seat 4: sergeyus68 showed [Th Ks] and won ($0.08) with two pair, Aces and Sixes
Seat 5: raven3622 (button) showed [Kd 7c] and won ($0.07) with two pair, Aces and Sixes
Seat 6: HSR1 (small blind) folded on the Turn
Seat 7: tutanpoker (big blind) folded on the Turn
Seat 8: uranus_77 folded before Flop (didn't bet)
Seat 9: Dorex2007 folded before Flop (didn't bet)



PokerStars Hand #232785444517:  Hold'em No Limit ($0.01/$0.02 USD) - 2022/01/03 11:46:22 PT [2022/01/03 14:46:22 ET]
Table 'Laomedon IV' 9-max Seat #6 is the button
Seat 1: Horak79 ($2.27 in chips) 
Seat 2: radis671671 ($1.60 in chips) 
Seat 4: sergeyus68 ($0.29 in chips) 
Seat 5: raven3622 ($1.51 in chips) 
Seat 6: HSR1 ($2.47 in chips) 
Seat 7: tutanpoker ($2.04 in chips) 
Seat 9: Dorex2007 ($2 in chips) 
tutanpoker: posts small blind $0.01
uranus_77: is sitting out 
Dorex2007: posts big blind $0.02
fliper500: sits out 
*** HOLE CARDS ***
Dealt to Dorex2007 [4d Jh]
Horak79: folds 
radis671671: folds 
sergeyus68: calls $0.02
raven3622: calls $0.02
HSR1: calls $0.02
uranus_77 leaves the table
tutanpoker: calls $0.01
Dorex2007: checks 
*** FLOP *** [4s 9c 7d]
tutanpoker: checks 
666killerman joins the table at seat #8 
Dorex2007: checks 
sergeyus68: checks 
raven3622: checks 
HSR1: checks 
*** TURN *** [4s 9c 7d] [6d]
tutanpoker: checks 
Dorex2007: checks 
sergeyus68: checks 
raven3622: checks 
HSR1: bets $0.10
tutanpoker: folds 
Dorex2007: folds 
sergeyus68: calls $0.10
raven3622: folds 
*** RIVER *** [4s 9c 7d 6d] [3s]
sergeyus68: checks 
HSR1: checks 
*** SHOW DOWN ***
sergeyus68: shows [5s Ts] (a straight, Three to Seven)
HSR1: mucks hand 
sergeyus68 collected $0.29 from pot
*** SUMMARY ***
Total pot $0.30 | Rake $0.01 
Board [4s 9c 7d 6d 3s]
Seat 1: Horak79 folded before Flop (didn't bet)
Seat 2: radis671671 folded before Flop (didn't bet)
Seat 4: sergeyus68 showed [5s Ts] and won ($0.29) with a straight, Three to Seven
Seat 5: raven3622 folded on the Turn
Seat 6: HSR1 (button) mucked [6h Th]
Seat 7: tutanpoker (small blind) folded on the Turn
Seat 9: Dorex2007 (big blind) folded on the Turn



PokerStars Hand #232785482240:  Hold'em No Limit ($0.01/$0.02 USD) - 2022/01/03 11:47:25 PT [2022/01/03 14:47:25 ET]
Table 'Laomedon IV' 9-max Seat #7 is the button
Seat 1: Horak79 ($2.27 in chips) 
Seat 2: radis671671 ($1.60 in chips) 
Seat 4: sergeyus68 ($0.46 in chips) 
Seat 5: raven3622 ($1.49 in chips) 
Seat 6: HSR1 ($2.35 in chips) 
Seat 7: tutanpoker ($2.02 in chips) 
Seat 9: Dorex2007 ($2 in chips) 
Dorex2007: posts small blind $0.01
Horak79: posts big blind $0.02
fliper500: sits out 
*** HOLE CARDS ***
Dealt to Dorex2007 [2h Qh]
radis671671: folds 
sergeyus68: folds 
raven3622: folds 
HSR1: folds 
tutanpoker: folds 
Dorex2007: folds 
Uncalled bet ($0.01) returned to Horak79
Horak79 collected $0.02 from pot
Horak79: doesn't show hand 
*** SUMMARY ***
Total pot $0.02 | Rake $0 
Seat 1: Horak79 (big blind) collected ($0.02)
Seat 2: radis671671 folded before Flop (didn't bet)
Seat 4: sergeyus68 folded before Flop (didn't bet)
Seat 5: raven3622 folded before Flop (didn't bet)
Seat 6: HSR1 folded before Flop (didn't bet)
Seat 7: tutanpoker (button) folded before Flop (didn't bet)
Seat 9: Dorex2007 (small blind) folded before Flop



PokerStars Hand #232785492921:  Hold'em No Limit ($0.01/$0.02 USD) - 2022/01/03 11:47:42 PT [2022/01/03 14:47:42 ET]
Table 'Laomedon IV' 9-max Seat #9 is the button
Seat 1: Horak79 ($2.28 in chips) 
Seat 2: radis671671 ($1.60 in chips) 
Seat 4: sergeyus68 ($0.46 in chips) 
Seat 5: raven3622 ($1.49 in chips) 
Seat 6: HSR1 ($2.35 in chips) 
Seat 7: tutanpoker ($2.02 in chips) 
Seat 9: Dorex2007 ($2 in chips) 
Horak79: posts small blind $0.01
radis671671: posts big blind $0.02
fliper500: sits out 
666killerman: sits out 
*** HOLE CARDS ***
Dealt to Dorex2007 [Kc Qd]
sergeyus68: calls $0.02
raven3622: calls $0.02
HSR1: folds 
tutanpoker: calls $0.02
Dorex2007: calls $0.02
Horak79: folds 
radis671671: checks 
*** FLOP *** [6d Jc 7c]
radis671671: bets $0.02
sergeyus68: calls $0.02
raven3622: folds 
tutanpoker: calls $0.02
Dorex2007: folds 
*** TURN *** [6d Jc 7c] [Kd]
radis671671: checks 
sergeyus68: checks 
tutanpoker: bets $0.12
radis671671: folds 
sergeyus68: folds 
Uncalled bet ($0.12) returned to tutanpoker
tutanpoker collected $0.16 from pot
*** SUMMARY ***
Total pot $0.17 | Rake $0.01 
Board [6d Jc 7c Kd]
Seat 1: Horak79 (small blind) folded before Flop
Seat 2: radis671671 (big blind) folded on the Turn
Seat 4: sergeyus68 folded on the Turn
Seat 5: raven3622 folded on the Flop
Seat 6: HSR1 folded before Flop (didn't bet)
Seat 7: tutanpoker collected ($0.16)
Seat 9: Dorex2007 (button) folded on the Flop



PokerStars Hand #232785525395:  Hold'em No Limit ($0.01/$0.02 USD) - 2022/01/03 11:48:36 PT [2022/01/03 14:48:36 ET]
Table 'Laomedon IV' 9-max Seat #1 is the button
Seat 1: Horak79 ($2.27 in chips) 
Seat 2: radis671671 ($1.56 in chips) 
Seat 3: fliper500 ($0.97 in chips) 
Seat 4: sergeyus68 ($0.42 in chips) 
Seat 5: raven3622 ($1.47 in chips) 
Seat 6: HSR1 ($2.35 in chips) 
Seat 7: tutanpoker ($2.14 in chips) 
Seat 9: Dorex2007 ($2 in chips) 
radis671671: posts small blind $0.01
fliper500: posts big blind $0.02
666killerman: sits out 
*** HOLE CARDS ***
Dealt to Dorex2007 [4d Jh]
sergeyus68: folds 
raven3622: calls $0.02
HSR1: folds 
tutanpoker: calls $0.02
Dorex2007: folds 
Horak79: raises $0.08 to $0.10
radis671671: folds 
fliper500: folds 
raven3622: folds 
tutanpoker: folds 
Uncalled bet ($0.08) returned to Horak79
Horak79 collected $0.09 from pot
Horak79: doesn't show hand 
*** SUMMARY ***
Total pot $0.09 | Rake $0 
Seat 1: Horak79 (button) collected ($0.09)
Seat 2: radis671671 (small blind) folded before Flop
Seat 3: fliper500 (big blind) folded before Flop
Seat 4: sergeyus68 folded before Flop (didn't bet)
Seat 5: raven3622 folded before Flop
Seat 6: HSR1 folded before Flop (didn't bet)
Seat 7: tutanpoker folded before Flop
Seat 9: Dorex2007 folded before Flop (didn't bet)



PokerStars Hand #232785558996:  Hold'em No Limit ($0.01/$0.02 USD) - 2022/01/03 11:49:32 PT [2022/01/03 14:49:32 ET]
Table 'Laomedon IV' 9-max Seat #2 is the button
Seat 1: Horak79 ($2.34 in chips) 
Seat 2: radis671671 ($1.55 in chips) 
Seat 3: fliper500 ($0.95 in chips) 
Seat 4: sergeyus68 ($0.42 in chips) 
Seat 5: raven3622 ($1.45 in chips) 
Seat 6: HSR1 ($2.35 in chips) 
Seat 7: tutanpoker ($2.12 in chips) 
Seat 9: Dorex2007 ($2 in chips) 
fliper500: posts small blind $0.01
sergeyus68: posts big blind $0.02
666killerman: sits out 
*** HOLE CARDS ***
Dealt to Dorex2007 [Ah 2d]
raven3622: calls $0.02
HSR1: folds 
tutanpoker: folds 
Dorex2007: folds 
Horak79: calls $0.02
radis671671: calls $0.02
fliper500: folds 
sergeyus68: checks 
*** FLOP *** [As 2s Qs]
sergeyus68: checks 
raven3622: bets $0.04
Horak79: folds 
radis671671: folds 
sergeyus68: folds 
Uncalled bet ($0.04) returned to raven3622
raven3622 collected $0.09 from pot
raven3622: doesn't show hand 
*** SUMMARY ***
Total pot $0.09 | Rake $0 
Board [As 2s Qs]
Seat 1: Horak79 folded on the Flop
Seat 2: radis671671 (button) folded on the Flop
Seat 3: fliper500 (small blind) folded before Flop
Seat 4: sergeyus68 (big blind) folded on the Flop
Seat 5: raven3622 collected ($0.09)
Seat 6: HSR1 folded before Flop (didn't bet)
Seat 7: tutanpoker folded before Flop (didn't bet)
Seat 9: Dorex2007 folded before Flop (didn't bet)



PokerStars Hand #232785585733:  Hold'em No Limit ($0.01/$0.02 USD) - 2022/01/03 11:50:16 PT [2022/01/03 14:50:16 ET]
Table 'Laomedon IV' 9-max Seat #3 is the button
Seat 1: Horak79 ($2.32 in chips) 
Seat 2: radis671671 ($1.53 in chips) 
Seat 3: fliper500 ($0.94 in chips) 
Seat 4: sergeyus68 ($0.40 in chips) 
Seat 5: raven3622 ($1.52 in chips) 
Seat 6: HSR1 ($2.35 in chips) 
Seat 7: tutanpoker ($2.12 in chips) 
Seat 9: Dorex2007 ($2 in chips) 
sergeyus68: posts small blind $0.01
raven3622: posts big blind $0.02
666killerman: sits out 
*** HOLE CARDS ***
Dealt to Dorex2007 [Ad Kc]
HSR1: folds 
tutanpoker: folds 
Dorex2007: raises $0.04 to $0.06
Horak79: folds 
radis671671: folds 
fliper500: folds 
sergeyus68: folds 
raven3622: calls $0.04
*** FLOP *** [Kh 4h Kd]
raven3622: bets $0.13
Dorex2007: raises $1.81 to $1.94 and is all-in
raven3622: folds 
Uncalled bet ($1.81) returned to Dorex2007
Dorex2007 collected $0.38 from pot
Dorex2007: doesn't show hand 
*** SUMMARY ***
Total pot $0.39 | Rake $0.01 
Board [Kh 4h Kd]
Seat 1: Horak79 folded before Flop (didn't bet)
Seat 2: radis671671 folded before Flop (didn't bet)
Seat 3: fliper500 (button) folded before Flop (didn't bet)
Seat 4: sergeyus68 (small blind) folded before Flop
Seat 5: raven3622 (big blind) folded on the Flop
Seat 6: HSR1 folded before Flop (didn't bet)
Seat 7: tutanpoker folded before Flop (didn't bet)
Seat 9: Dorex2007 collected ($0.38)



PokerStars Hand #232785614358:  Hold'em No Limit ($0.01/$0.02 USD) - 2022/01/03 11:51:03 PT [2022/01/03 14:51:03 ET]
Table 'Laomedon IV' 9-max Seat #4 is the button
Seat 1: Horak79 ($2.32 in chips) 
Seat 2: radis671671 ($1.53 in chips) 
Seat 3: fliper500 ($0.94 in chips) 
Seat 4: sergeyus68 ($0.39 in chips) 
Seat 5: raven3622 ($1.33 in chips) 
Seat 6: HSR1 ($2.35 in chips) 
Seat 7: tutanpoker ($2.12 in chips) 
Seat 9: Dorex2007 ($2.19 in chips) 
raven3622: posts small blind $0.01
HSR1: posts big blind $0.02
666killerman: sits out 
*** HOLE CARDS ***
Dealt to Dorex2007 [Ah 6s]
tutanpoker has timed out
tutanpoker: folds 
Dorex2007: folds 
Horak79: folds 
radis671671: folds 
fliper500: calls $0.02
sergeyus68: calls $0.02
raven3622: calls $0.01
HSR1: checks 
*** FLOP *** [8s 6c 5d]
raven3622: checks 
HSR1: bets $0.08
fliper500: folds 
sergeyus68: calls $0.08
raven3622: folds 
*** TURN *** [8s 6c 5d] [Js]
HSR1: checks 
sergeyus68: checks 
*** RIVER *** [8s 6c 5d Js] [5h]
HSR1: checks 
sergeyus68: checks 
*** SHOW DOWN ***
HSR1: shows [Td 8h] (two pair, Eights and Fives)
sergeyus68: mucks hand 
HSR1 collected $0.23 from pot
*** SUMMARY ***
Total pot $0.24 | Rake $0.01 
Board [8s 6c 5d Js 5h]
Seat 1: Horak79 folded before Flop (didn't bet)
Seat 2: radis671671 folded before Flop (didn't bet)
Seat 3: fliper500 folded on the Flop
Seat 4: sergeyus68 (button) mucked [Qd 7h]
Seat 5: raven3622 (small blind) folded on the Flop
Seat 6: HSR1 (big blind) showed [Td 8h] and won ($0.23) with two pair, Eights and Fives
Seat 7: tutanpoker folded before Flop (didn't bet)
Seat 9: Dorex2007 folded before Flop (didn't bet)



PokerStars Hand #232785662304:  Hold'em No Limit ($0.01/$0.02 USD) - 2022/01/03 11:52:21 PT [2022/01/03 14:52:21 ET]
Table 'Laomedon IV' 9-max Seat #5 is the button
Seat 1: Horak79 ($2.32 in chips) 
Seat 2: radis671671 ($1.53 in chips) 
Seat 3: fliper500 ($0.92 in chips) 
Seat 4: sergeyus68 ($0.29 in chips) 
Seat 5: raven3622 ($1.31 in chips) 
Seat 6: HSR1 ($2.48 in chips) 
Seat 8: 666killerman ($2 in chips) 
Seat 9: Dorex2007 ($2.19 in chips) 
HSR1: posts small blind $0.01
666killerman: posts big blind $0.02
*** HOLE CARDS ***
Dealt to Dorex2007 [Ah Kd]
Dorex2007: raises $0.02 to $0.04
Horak79: folds 
radis671671: folds 
fliper500: calls $0.04
sergeyus68: calls $0.04
raven3622: calls $0.04
HSR1: folds 
666killerman has timed out
666killerman: folds 
*** FLOP *** [7d Td 4c]
Dorex2007: checks 
fliper500: checks 
sergeyus68: bets $0.02
raven3622: calls $0.02
Dorex2007: calls $0.02
fliper500: calls $0.02
*** TURN *** [7d Td 4c] [Js]
Dorex2007: checks 
fliper500: checks 
sergeyus68: checks 
raven3622: checks 
*** RIVER *** [7d Td 4c Js] [3s]
Dorex2007: checks 
fliper500: checks 
sergeyus68: bets $0.13
raven3622: folds 
Dorex2007: folds 
fliper500: calls $0.13
*** SHOW DOWN ***
sergeyus68: shows [As Qc] (high card Ace)
fliper500: shows [6c Jc] (a pair of Jacks)
fliper500 collected $0.51 from pot
*** SUMMARY ***
Total pot $0.53 | Rake $0.02 
Board [7d Td 4c Js 3s]
Seat 1: Horak79 folded before Flop (didn't bet)
Seat 2: radis671671 folded before Flop (didn't bet)
Seat 3: fliper500 showed [6c Jc] and won ($0.51) with a pair of Jacks
Seat 4: sergeyus68 showed [As Qc] and lost with high card Ace
Seat 5: raven3622 (button) folded on the River
Seat 6: HSR1 (small blind) folded before Flop
Seat 8: 666killerman (big blind) folded before Flop
Seat 9: Dorex2007 folded on the River



PokerStars Hand #232785743290:  Hold'em No Limit ($0.01/$0.02 USD) - 2022/01/03 11:54:33 PT [2022/01/03 14:54:33 ET]
Table 'Laomedon IV' 9-max Seat #6 is the button
Seat 1: Horak79 ($2.32 in chips) 
Seat 2: radis671671 ($1.53 in chips) 
Seat 3: fliper500 ($1.24 in chips) 
Seat 4: sergeyus68 ($0.10 in chips) 
Seat 5: raven3622 ($1.25 in chips) 
Seat 6: HSR1 ($2.47 in chips) 
Seat 8: 666killerman ($1.98 in chips) 
Seat 9: Dorex2007 ($2.13 in chips) 
666killerman: posts small blind $0.01
Dorex2007: posts big blind $0.02
*** HOLE CARDS ***
Dealt to Dorex2007 [Qc 2s]
Horak79: folds 
radis671671: folds 
fliper500: calls $0.02
Horak79 leaves the table
sergeyus68: calls $0.02
raven3622: calls $0.02
HSR1: folds 
666killerman: calls $0.01
Dorex2007: checks 
*** FLOP *** [Td 3s 3h]
AndreykKas joins the table at seat #1 
666killerman: checks 
Dorex2007: checks 
fliper500: checks 
sergeyus68: checks 
raven3622: bets $0.06
666killerman: folds 
Dorex2007: folds 
fliper500: folds 
sergeyus68: folds 
Uncalled bet ($0.06) returned to raven3622
raven3622 collected $0.10 from pot
raven3622: doesn't show hand 
*** SUMMARY ***
Total pot $0.10 | Rake $0 
Board [Td 3s 3h]
Seat 1: Horak79 folded before Flop (didn't bet)
Seat 2: radis671671 folded before Flop (didn't bet)
Seat 3: fliper500 folded on the Flop
Seat 4: sergeyus68 folded on the Flop
Seat 5: raven3622 collected ($0.10)
Seat 6: HSR1 (button) folded before Flop (didn't bet)
Seat 8: 666killerman (small blind) folded on the Flop
Seat 9: Dorex2007 (big blind) folded on the Flop



PokerStars Hand #232785781700:  Hold'em No Limit ($0.01/$0.02 USD) - 2022/01/03 11:55:51 PT [2022/01/03 14:55:51 ET]
Table 'Laomedon IV' 9-max Seat #8 is the button
Seat 1: AndreykKas ($1.60 in chips) 
Seat 2: radis671671 ($1.53 in chips) 
Seat 3: fliper500 ($1.22 in chips) 
Seat 4: sergeyus68 ($0.08 in chips) 
Seat 5: raven3622 ($1.33 in chips) 
Seat 6: HSR1 ($2.47 in chips) 
Seat 7: tutanpoker ($2.12 in chips) 
Seat 8: 666killerman ($1.96 in chips) 
Seat 9: Dorex2007 ($2.11 in chips) 
Dorex2007: posts small blind $0.01
AndreykKas: posts big blind $0.02
tutanpoker: posts small & big blinds $0.03
*** HOLE CARDS ***
Dealt to Dorex2007 [9d 2d]
radis671671: calls $0.02
fliper500: folds 
sergeyus68: folds 
raven3622: calls $0.02
HSR1: calls $0.02
tutanpoker: checks 
666killerman: folds 
Dorex2007: folds 
AndreykKas: checks 
*** FLOP *** [Ad Qd Js]
AndreykKas: checks 
radis671671: checks 
raven3622: checks 
HSR1: checks 
tutanpoker: checks 
*** TURN *** [Ad Qd Js] [8h]
AndreykKas: checks 
radis671671: checks 
raven3622: checks 
HSR1: checks 
tutanpoker: checks 
*** RIVER *** [Ad Qd Js 8h] [3s]
AndreykKas: checks 
radis671671: checks 
raven3622: bets $0.06
HSR1: folds 
tutanpoker: folds 
AndreykKas: folds 
radis671671: folds 
Uncalled bet ($0.06) returned to raven3622
raven3622 collected $0.12 from pot
raven3622: doesn't show hand 
*** SUMMARY ***
Total pot $0.12 | Rake $0 
Board [Ad Qd Js 8h 3s]
Seat 1: AndreykKas (big blind) folded on the River
Seat 2: radis671671 folded on the River
Seat 3: fliper500 folded before Flop (didn't bet)
Seat 4: sergeyus68 folded before Flop (didn't bet)
Seat 5: raven3622 collected ($0.12)
Seat 6: HSR1 folded on the River
Seat 7: tutanpoker folded on the River (didn't bet)
Seat 8: 666killerman (button) folded before Flop (didn't bet)
Seat 9: Dorex2007 (small blind) folded before Flop



PokerStars Hand #232785810825:  Hold'em No Limit ($0.01/$0.02 USD) - 2022/01/03 11:56:58 PT [2022/01/03 14:56:58 ET]
Table 'Laomedon IV' 9-max Seat #9 is the button
Seat 1: AndreykKas ($1.58 in chips) 
Seat 2: radis671671 ($1.51 in chips) 
Seat 3: fliper500 ($1.22 in chips) 
Seat 4: sergeyus68 ($0.08 in chips) 
Seat 5: raven3622 ($1.43 in chips) 
Seat 6: HSR1 ($2.45 in chips) 
Seat 7: tutanpoker ($2.09 in chips) 
Seat 8: 666killerman ($1.96 in chips) 
Seat 9: Dorex2007 ($2.10 in chips) 
AndreykKas: posts small blind $0.01
radis671671: posts big blind $0.02
*** HOLE CARDS ***
Dealt to Dorex2007 [6d Td]
fliper500: folds 
sergeyus68: folds 
raven3622: raises $0.04 to $0.06
HSR1: folds 
tutanpoker: folds 
666killerman: calls $0.06
Dorex2007: folds 
AndreykKas: calls $0.05
radis671671: folds 
*** FLOP *** [5c Ac 9d]
AndreykKas: checks 
raven3622: bets $0.06
666killerman: calls $0.06
AndreykKas: raises $0.06 to $0.12
raven3622: calls $0.06
666killerman: calls $0.06
*** TURN *** [5c Ac 9d] [7d]
AndreykKas: checks 
raven3622: bets $0.10
666killerman: calls $0.10
AndreykKas: raises $0.10 to $0.20
raven3622: calls $0.10
666killerman: calls $0.10
*** RIVER *** [5c Ac 9d 7d] [7s]
AndreykKas: bets $1.20 and is all-in
raven3622: folds 
666killerman: folds 
Uncalled bet ($1.20) returned to AndreykKas
AndreykKas collected $1.12 from pot
AndreykKas: doesn't show hand 
*** SUMMARY ***
Total pot $1.16 | Rake $0.04 
Board [5c Ac 9d 7d 7s]
Seat 1: AndreykKas (small blind) collected ($1.12)
Seat 2: radis671671 (big blind) folded before Flop
Seat 3: fliper500 folded before Flop (didn't bet)
Seat 4: sergeyus68 folded before Flop (didn't bet)
Seat 5: raven3622 folded on the River
Seat 6: HSR1 folded before Flop (didn't bet)
Seat 7: tutanpoker folded before Flop (didn't bet)
Seat 8: 666killerman folded on the River
Seat 9: Dorex2007 (button) folded before Flop (didn't bet)



PokerStars Hand #232785870425:  Hold'em No Limit ($0.01/$0.02 USD) - 2022/01/03 11:58:39 PT [2022/01/03 14:58:39 ET]
Table 'Laomedon IV' 9-max Seat #1 is the button
Seat 1: AndreykKas ($2.32 in chips) 
Seat 2: radis671671 ($1.49 in chips) 
Seat 3: fliper500 ($1.22 in chips) 
Seat 4: sergeyus68 ($0.08 in chips) 
Seat 5: raven3622 ($1.05 in chips) 
Seat 6: HSR1 ($2.45 in chips) 
Seat 7: tutanpoker ($2.09 in chips) 
Seat 8: 666killerman ($1.62 in chips) 
Seat 9: Dorex2007 ($2.10 in chips) 
radis671671: posts small blind $0.01
fliper500: posts big blind $0.02
*** HOLE CARDS ***
Dealt to Dorex2007 [4d Ad]
sergeyus68: folds 
raven3622: folds 
HSR1 has timed out
HSR1: folds 
tutanpoker: folds 
666killerman: folds 
Dorex2007: calls $0.02
AndreykKas: folds 
radis671671: calls $0.01
fliper500: checks 
*** FLOP *** [Js Qc Tc]
radis671671: bets $0.02
fliper500: calls $0.02
Dorex2007: folds 
*** TURN *** [Js Qc Tc] [7d]
radis671671: bets $0.02
fliper500: raises $0.06 to $0.08
radis671671: calls $0.06
*** RIVER *** [Js Qc Tc 7d] [7s]
radis671671: bets $0.02
fliper500: folds 
Uncalled bet ($0.02) returned to radis671671
radis671671 collected $0.25 from pot
radis671671: doesn't show hand 
*** SUMMARY ***
Total pot $0.26 | Rake $0.01 
Board [Js Qc Tc 7d 7s]
Seat 1: AndreykKas (button) folded before Flop (didn't bet)
Seat 2: radis671671 (small blind) collected ($0.25)
Seat 3: fliper500 (big blind) folded on the River
Seat 4: sergeyus68 folded before Flop (didn't bet)
Seat 5: raven3622 folded before Flop (didn't bet)
Seat 6: HSR1 folded before Flop (didn't bet)
Seat 7: tutanpoker folded before Flop (didn't bet)
Seat 8: 666killerman folded before Flop (didn't bet)
Seat 9: Dorex2007 folded on the Flop



PokerStars Hand #232785897560:  Hold'em No Limit ($0.01/$0.02 USD) - 2022/01/03 11:59:41 PT [2022/01/03 14:59:41 ET]
Table 'Laomedon IV' 9-max Seat #2 is the button
Seat 1: AndreykKas ($2.32 in chips) 
Seat 2: radis671671 ($1.62 in chips) 
Seat 3: fliper500 ($1.10 in chips) 
Seat 4: sergeyus68 ($0.08 in chips) 
Seat 5: raven3622 ($1.05 in chips) 
Seat 6: HSR1 ($2.45 in chips) 
Seat 7: tutanpoker ($2.09 in chips) 
Seat 8: 666killerman ($2 in chips) 
Seat 9: Dorex2007 ($2.08 in chips) 
fliper500: posts small blind $0.01
sergeyus68: posts big blind $0.02
*** HOLE CARDS ***
Dealt to Dorex2007 [9s 8h]
raven3622: folds 
HSR1: folds 
tutanpoker: raises $0.05 to $0.07
666killerman: folds 
Dorex2007: folds 
AndreykKas: folds 
radis671671: calls $0.07
fliper500: folds 
sergeyus68: folds 
*** FLOP *** [6c Ac 2s]
fliper500 leaves the table
tutanpoker: checks 
radis671671: checks 
*** TURN *** [6c Ac 2s] [4h]
tutanpoker: bets $0.09
radis671671: calls $0.09
*** RIVER *** [6c Ac 2s 4h] [8c]
tutanpoker: checks 
cenfugal joins the table at seat #3 
radis671671: bets $0.16
tutanpoker: folds 
Uncalled bet ($0.16) returned to radis671671
radis671671 collected $0.34 from pot
radis671671: doesn't show hand 
*** SUMMARY ***
Total pot $0.35 | Rake $0.01 
Board [6c Ac 2s 4h 8c]
Seat 1: AndreykKas folded before Flop (didn't bet)
Seat 2: radis671671 (button) collected ($0.34)
Seat 3: fliper500 (small blind) folded before Flop
Seat 4: sergeyus68 (big blind) folded before Flop
Seat 5: raven3622 folded before Flop (didn't bet)
Seat 6: HSR1 folded before Flop (didn't bet)
Seat 7: tutanpoker folded on the River
Seat 8: 666killerman folded before Flop (didn't bet)
Seat 9: Dorex2007 folded before Flop (didn't bet)



PokerStars Hand #232785930510:  Hold'em No Limit ($0.01/$0.02 USD) - 2022/01/03 12:00:52 PT [2022/01/03 15:00:52 ET]
Table 'Laomedon IV' 9-max Seat #4 is the button
Seat 1: AndreykKas ($2.32 in chips) 
Seat 2: radis671671 ($1.80 in chips) 
Seat 3: cenfugal ($0.80 in chips) 
Seat 4: sergeyus68 ($0.06 in chips) 
Seat 5: raven3622 ($1.05 in chips) 
Seat 6: HSR1 ($2.45 in chips) 
Seat 7: tutanpoker ($1.93 in chips) 
Seat 8: 666killerman ($2 in chips) 
Seat 9: Dorex2007 ($2.08 in chips) 
raven3622: posts small blind $0.01
HSR1: posts big blind $0.02
cenfugal: posts big blind $0.02
*** HOLE CARDS ***
Dealt to Dorex2007 [8c 5c]
tutanpoker has timed out
tutanpoker: folds 
666killerman: folds 
Dorex2007: folds 
AndreykKas: folds 
radis671671: calls $0.02
cenfugal: checks 
sergeyus68: calls $0.02
raven3622: folds 
HSR1: checks 
*** FLOP *** [4s 2h Ks]
HSR1: checks 
radis671671: bets $0.02
cenfugal: calls $0.02
sergeyus68: folds 
HSR1: calls $0.02
*** TURN *** [4s 2h Ks] [7c]
HSR1: checks 
radis671671: bets $0.06
cenfugal: folds 
HSR1: calls $0.06
*** RIVER *** [4s 2h Ks 7c] [2c]
HSR1: checks 
radis671671: bets $0.16
HSR1: folds 
Uncalled bet ($0.16) returned to radis671671
radis671671 collected $0.26 from pot
radis671671: doesn't show hand 
*** SUMMARY ***
Total pot $0.27 | Rake $0.01 
Board [4s 2h Ks 7c 2c]
Seat 1: AndreykKas folded before Flop (didn't bet)
Seat 2: radis671671 collected ($0.26)
Seat 3: cenfugal folded on the Turn
Seat 4: sergeyus68 (button) folded on the Flop
Seat 5: raven3622 (small blind) folded before Flop
Seat 6: HSR1 (big blind) folded on the River
Seat 7: tutanpoker folded before Flop (didn't bet)
Seat 8: 666killerman folded before Flop (didn't bet)
Seat 9: Dorex2007 folded before Flop (didn't bet)



PokerStars Hand #232785976889:  Hold'em No Limit ($0.01/$0.02 USD) - 2022/01/03 12:02:17 PT [2022/01/03 15:02:17 ET]
Table 'Laomedon IV' 9-max Seat #5 is the button
Seat 1: AndreykKas ($2.32 in chips) 
Seat 2: radis671671 ($1.96 in chips) 
Seat 3: cenfugal ($0.76 in chips) 
Seat 4: sergeyus68 ($1.06 in chips) 
Seat 5: raven3622 ($1.04 in chips) 
Seat 6: HSR1 ($2.35 in chips) 
Seat 7: tutanpoker ($1.93 in chips) 
Seat 8: 666killerman ($2 in chips) 
Seat 9: Dorex2007 ($2.08 in chips) 
HSR1: posts small blind $0.01
tutanpoker: posts big blind $0.02
*** HOLE CARDS ***
Dealt to Dorex2007 [4s 7h]
666killerman: raises $0.06 to $0.08
Dorex2007: folds 
AndreykKas: folds 
radis671671: folds 
cenfugal: folds 
sergeyus68: folds 
raven3622: folds 
HSR1: calls $0.07
raven3622 leaves the table
tutanpoker: folds 
*** FLOP *** [Kd Ah 5c]
HSR1: checks 
666killerman: bets $0.10
HSR1: raises $2.17 to $2.27 and is all-in
666killerman: folds 
Uncalled bet ($2.17) returned to HSR1
Xabitpoker joins the table at seat #5 
HSR1 collected $0.37 from pot
HSR1: doesn't show hand 
*** SUMMARY ***
Total pot $0.38 | Rake $0.01 
Board [Kd Ah 5c]
Seat 1: AndreykKas folded before Flop (didn't bet)
Seat 2: radis671671 folded before Flop (didn't bet)
Seat 3: cenfugal folded before Flop (didn't bet)
Seat 4: sergeyus68 folded before Flop (didn't bet)
Seat 5: raven3622 (button) folded before Flop (didn't bet)
Seat 6: HSR1 (small blind) collected ($0.37)
Seat 7: tutanpoker (big blind) folded before Flop
Seat 8: 666killerman folded on the Flop
Seat 9: Dorex2007 folded before Flop (didn't bet)



PokerStars Hand #232786010541:  Hold'em No Limit ($0.01/$0.02 USD) - 2022/01/03 12:03:14 PT [2022/01/03 15:03:14 ET]
Table 'Laomedon IV' 9-max Seat #6 is the button
Seat 1: AndreykKas ($2.32 in chips) 
Seat 2: radis671671 ($1.96 in chips) 
Seat 3: cenfugal ($0.76 in chips) 
Seat 4: sergeyus68 ($1.06 in chips) 
Seat 6: HSR1 ($2.54 in chips) 
Seat 7: tutanpoker ($1.91 in chips) 
Seat 8: 666killerman ($1.82 in chips) 
Seat 9: Dorex2007 ($2.08 in chips) 
tutanpoker: posts small blind $0.01
666killerman: posts big blind $0.02
Xabitpoker: sits out 
*** HOLE CARDS ***
Dealt to Dorex2007 [8c Th]
Dorex2007: folds 
AndreykKas: calls $0.02
radis671671 has timed out
radis671671: folds 
cenfugal: folds 
sergeyus68: calls $0.02
HSR1: calls $0.02
tutanpoker: raises $0.08 to $0.10
666killerman: folds 
AndreykKas: calls $0.08
sergeyus68: calls $0.08
HSR1: calls $0.08
*** FLOP *** [9c 3h Ks]
tutanpoker: checks 
AndreykKas: checks 
sergeyus68: bets $0.02
HSR1: folds 
tutanpoker: calls $0.02
AndreykKas: calls $0.02
*** TURN *** [9c 3h Ks] [2s]
tutanpoker: checks 
AndreykKas: checks 
sergeyus68: bets $0.12
tutanpoker: calls $0.12
AndreykKas: folds 
*** RIVER *** [9c 3h Ks 2s] [7c]
tutanpoker: checks 
sergeyus68: checks 
*** SHOW DOWN ***
tutanpoker: shows [Jd Js] (a pair of Jacks)
sergeyus68: mucks hand 
tutanpoker collected $0.69 from pot
*** SUMMARY ***
Total pot $0.72 | Rake $0.03 
Board [9c 3h Ks 2s 7c]
Seat 1: AndreykKas folded on the Turn
Seat 2: radis671671 folded before Flop (didn't bet)
Seat 3: cenfugal folded before Flop (didn't bet)
Seat 4: sergeyus68 mucked [9h Ah]
Seat 6: HSR1 (button) folded on the Flop
Seat 7: tutanpoker (small blind) showed [Jd Js] and won ($0.69) with a pair of Jacks
Seat 8: 666killerman (big blind) folded before Flop
Seat 9: Dorex2007 folded before Flop (didn't bet)



PokerStars Hand #232786070566:  Hold'em No Limit ($0.01/$0.02 USD) - 2022/01/03 12:04:51 PT [2022/01/03 15:04:51 ET]
Table 'Laomedon IV' 9-max Seat #7 is the button
Seat 1: AndreykKas ($2.20 in chips) 
Seat 2: radis671671 ($1.96 in chips) 
Seat 3: cenfugal ($0.76 in chips) 
Seat 4: sergeyus68 ($0.82 in chips) 
Seat 6: HSR1 ($2.44 in chips) 
Seat 7: tutanpoker ($2.36 in chips) 
Seat 8: 666killerman ($2 in chips) 
Seat 9: Dorex2007 ($2.08 in chips) 
666killerman: posts small blind $0.01
Dorex2007: posts big blind $0.02
Xabitpoker: sits out 
*** HOLE CARDS ***
Dealt to Dorex2007 [As 8s]
AndreykKas: folds 
radis671671: folds 
cenfugal: folds 
sergeyus68: folds 
HSR1: folds 
tutanpoker: calls $0.02
radis671671 leaves the table
666killerman: raises $0.08 to $0.10
Dorex2007: folds 
tutanpoker: folds 
Uncalled bet ($0.08) returned to 666killerman
mikechuyk joins the table at seat #2 
666killerman collected $0.06 from pot
666killerman: doesn't show hand 
*** SUMMARY ***
Total pot $0.06 | Rake $0 
Seat 1: AndreykKas folded before Flop (didn't bet)
Seat 2: radis671671 folded before Flop (didn't bet)
Seat 3: cenfugal folded before Flop (didn't bet)
Seat 4: sergeyus68 folded before Flop (didn't bet)
Seat 6: HSR1 folded before Flop (didn't bet)
Seat 7: tutanpoker (button) folded before Flop
Seat 8: 666killerman (small blind) collected ($0.06)
Seat 9: Dorex2007 (big blind) folded before Flop



PokerStars Hand #232786087735:  Hold'em No Limit ($0.01/$0.02 USD) - 2022/01/03 12:05:17 PT [2022/01/03 15:05:17 ET]
Table 'Laomedon IV' 9-max Seat #8 is the button
Seat 1: AndreykKas ($2.20 in chips) 
Seat 3: cenfugal ($0.76 in chips) 
Seat 4: sergeyus68 ($0.82 in chips) 
Seat 6: HSR1 ($2.44 in chips) 
Seat 7: tutanpoker ($2.34 in chips) 
Seat 8: 666killerman ($2.04 in chips) 
Seat 9: Dorex2007 ($2.06 in chips) 
Dorex2007: posts small blind $0.01
AndreykKas: posts big blind $0.02
mikechuyk: sits out 
*** HOLE CARDS ***
Dealt to Dorex2007 [7c 3d]
cenfugal: folds 
sergeyus68: folds 
HSR1: raises $0.05 to $0.07
tutanpoker: calls $0.07
666killerman: folds 
Dorex2007: folds 
AndreykKas: calls $0.05
*** FLOP *** [7h Jd 4h]
AndreykKas: checks 
HSR1: bets $0.11
tutanpoker: folds 
AndreykKas: calls $0.11
*** TURN *** [7h Jd 4h] [4c]
AndreykKas: checks 
HSR1: bets $0.21
AndreykKas: folds 
Uncalled bet ($0.21) returned to HSR1
HSR1 collected $0.42 from pot
HSR1: doesn't show hand 
*** SUMMARY ***
Total pot $0.44 | Rake $0.02 
Board [7h Jd 4h 4c]
Seat 1: AndreykKas (big blind) folded on the Turn
Seat 3: cenfugal folded before Flop (didn't bet)
Seat 4: sergeyus68 folded before Flop (didn't bet)
Seat 6: HSR1 collected ($0.42)
Seat 7: tutanpoker folded on the Flop
Seat 8: 666killerman (button) folded before Flop (didn't bet)
Seat 9: Dorex2007 (small blind) folded before Flop



PokerStars Hand #232786314430:  Hold'em No Limit ($0.01/$0.02 USD) - 2022/01/03 12:11:05 PT [2022/01/03 15:11:05 ET]
Table 'Laomedon IV' 9-max Seat #1 is the button
Seat 1: AndreykKas ($1.74 in chips) 
Seat 2: mikechuyk ($1.98 in chips) 
Seat 3: cenfugal ($0.84 in chips) 
Seat 4: sergeyus68 ($0.47 in chips) 
Seat 6: HSR1 ($2.65 in chips) 
Seat 8: 666killerman ($2.62 in chips) 
Seat 9: Dorex2007 ($2.05 in chips) 
mikechuyk: posts small blind $0.01
cenfugal: posts big blind $0.02
Xabitpoker: sits out 
RABBRH1981: sits out 
Dorex2007: posts small blind $0.01
*** HOLE CARDS ***
Dealt to Dorex2007 [Ks 4c]
sergeyus68: folds 
HSR1 has timed out
HSR1: folds 
666killerman: raises $0.06 to $0.08
Dorex2007: folds 
AndreykKas: calls $0.08
mikechuyk: folds 
cenfugal: folds 
*** FLOP *** [2h 5s 5h]
666killerman: checks 
AndreykKas: checks 
*** TURN *** [2h 5s 5h] [9s]
666killerman: bets $0.10
AndreykKas: calls $0.10
*** RIVER *** [2h 5s 5h 9s] [8s]
666killerman: bets $0.24
AndreykKas: calls $0.24
*** SHOW DOWN ***
666killerman: shows [Ts As] (a flush, Ace high)
AndreykKas: mucks hand 
666killerman collected $0.85 from pot
*** SUMMARY ***
Total pot $0.88 | Rake $0.03 
Board [2h 5s 5h 9s 8s]
Seat 1: AndreykKas (button) mucked [9h Kd]
Seat 2: mikechuyk (small blind) folded before Flop
Seat 3: cenfugal (big blind) folded before Flop
Seat 4: sergeyus68 folded before Flop (didn't bet)
Seat 6: HSR1 folded before Flop (didn't bet)
Seat 8: 666killerman showed [Ts As] and won ($0.85) with a flush, Ace high
Seat 9: Dorex2007 folded before Flop (didn't bet)



PokerStars Hand #232786352704:  Hold'em No Limit ($0.01/$0.02 USD) - 2022/01/03 12:12:04 PT [2022/01/03 15:12:04 ET]
Table 'Laomedon IV' 9-max Seat #2 is the button
Seat 1: AndreykKas ($1.32 in chips) 
Seat 2: mikechuyk ($1.97 in chips) 
Seat 3: cenfugal ($0.82 in chips) 
Seat 4: sergeyus68 ($0.47 in chips) 
Seat 6: HSR1 ($2.65 in chips) 
Seat 8: 666killerman ($3.05 in chips) 
Seat 9: Dorex2007 ($2.04 in chips) 
cenfugal: posts small blind $0.01
sergeyus68: posts big blind $0.02
Xabitpoker: sits out 
RABBRH1981: sits out 
*** HOLE CARDS ***
Dealt to Dorex2007 [3d 3s]
HSR1: raises $0.02 to $0.04
666killerman: folds 
Dorex2007: folds 
AndreykKas: raises $1.28 to $1.32 and is all-in
mikechuyk: folds 
cenfugal: folds 
sergeyus68: calls $0.45 and is all-in
HSR1: folds 
Uncalled bet ($0.85) returned to AndreykKas
*** FLOP *** [Tc 8h 9h]
*** TURN *** [Tc 8h 9h] [Qd]
*** RIVER *** [Tc 8h 9h Qd] [4c]
*** SHOW DOWN ***
sergeyus68: shows [9d Ad] (a pair of Nines)
AndreykKas: shows [Ac 7s] (high card Ace)
sergeyus68 collected $0.96 from pot
*** SUMMARY ***
Total pot $0.99 | Rake $0.03 
Board [Tc 8h 9h Qd 4c]
Seat 1: AndreykKas showed [Ac 7s] and lost with high card Ace
Seat 2: mikechuyk (button) folded before Flop (didn't bet)
Seat 3: cenfugal (small blind) folded before Flop
Seat 4: sergeyus68 (big blind) showed [9d Ad] and won ($0.96) with a pair of Nines
Seat 6: HSR1 folded before Flop
Seat 8: 666killerman folded before Flop (didn't bet)
Seat 9: Dorex2007 folded before Flop (didn't bet)



PokerStars Hand #232786388320:  Hold'em No Limit ($0.01/$0.02 USD) - 2022/01/03 12:12:58 PT [2022/01/03 15:12:58 ET]
Table 'Laomedon IV' 9-max Seat #3 is the button
Seat 1: AndreykKas ($0.85 in chips) 
Seat 2: mikechuyk ($1.97 in chips) 
Seat 3: cenfugal ($0.81 in chips) 
Seat 4: sergeyus68 ($0.96 in chips) 
Seat 5: Xabitpoker ($2 in chips) 
Seat 6: HSR1 ($2.61 in chips) 
Seat 8: 666killerman ($3.05 in chips) 
Seat 9: Dorex2007 ($2.04 in chips) 
sergeyus68: posts small blind $0.01
Xabitpoker: posts big blind $0.02
RABBRH1981: sits out 
*** HOLE CARDS ***
Dealt to Dorex2007 [8c 9s]
HSR1: folds 
666killerman: folds 
Dorex2007: folds 
AndreykKas: raises $0.02 to $0.04
mikechuyk: folds 
cenfugal: folds 
sergeyus68: calls $0.03
Xabitpoker: folds 
*** FLOP *** [6h Jh 5d]
sergeyus68: checks 
AndreykKas: checks 
*** TURN *** [6h Jh 5d] [Th]
sergeyus68: checks 
AndreykKas: checks 
*** RIVER *** [6h Jh 5d Th] [2d]
sergeyus68: checks 
AndreykKas: checks 
*** SHOW DOWN ***
sergeyus68: shows [7s Kd] (high card King)
AndreykKas: shows [Ac 7c] (high card Ace)
AndreykKas collected $0.10 from pot
*** SUMMARY ***
Total pot $0.10 | Rake $0 
Board [6h Jh 5d Th 2d]
Seat 1: AndreykKas showed [Ac 7c] and won ($0.10) with high card Ace
Seat 2: mikechuyk folded before Flop (didn't bet)
Seat 3: cenfugal (button) folded before Flop (didn't bet)
Seat 4: sergeyus68 (small blind) showed [7s Kd] and lost with high card King
Seat 5: Xabitpoker (big blind) folded before Flop
Seat 6: HSR1 folded before Flop (didn't bet)
Seat 8: 666killerman folded before Flop (didn't bet)
Seat 9: Dorex2007 folded before Flop (didn't bet)



PokerStars Hand #232786410911:  Hold'em No Limit ($0.01/$0.02 USD) - 2022/01/03 12:13:33 PT [2022/01/03 15:13:33 ET]
Table 'Laomedon IV' 9-max Seat #4 is the button
Seat 1: AndreykKas ($0.91 in chips) 
Seat 2: mikechuyk ($1.97 in chips) 
Seat 3: cenfugal ($0.81 in chips) 
Seat 4: sergeyus68 ($0.92 in chips) 
Seat 5: Xabitpoker ($1.98 in chips) 
Seat 6: HSR1 ($2.61 in chips) 
Seat 8: 666killerman ($3.05 in chips) 
Seat 9: Dorex2007 ($2.04 in chips) 
Xabitpoker: posts small blind $0.01
HSR1: posts big blind $0.02
RABBRH1981: sits out 
*** HOLE CARDS ***
Dealt to Dorex2007 [9s 5c]
666killerman: folds 
Dorex2007: folds 
AndreykKas: folds 
mikechuyk: folds 
cenfugal: folds 
sergeyus68: calls $0.02
Xabitpoker: folds 
HSR1: checks 
*** FLOP *** [2h 7d 4h]
HSR1: checks 
sergeyus68: checks 
*** TURN *** [2h 7d 4h] [8d]
HSR1: checks 
sergeyus68: bets $0.02
HSR1: folds 
Uncalled bet ($0.02) returned to sergeyus68
sergeyus68 collected $0.05 from pot
sergeyus68: doesn't show hand 
*** SUMMARY ***
Total pot $0.05 | Rake $0 
Board [2h 7d 4h 8d]
Seat 1: AndreykKas folded before Flop (didn't bet)
Seat 2: mikechuyk folded before Flop (didn't bet)
Seat 3: cenfugal folded before Flop (didn't bet)
Seat 4: sergeyus68 (button) collected ($0.05)
Seat 5: Xabitpoker (small blind) folded before Flop
Seat 6: HSR1 (big blind) folded on the Turn
Seat 8: 666killerman folded before Flop (didn't bet)
Seat 9: Dorex2007 folded before Flop (didn't bet)



PokerStars Hand #232786439249:  Hold'em No Limit ($0.01/$0.02 USD) - 2022/01/03 12:14:16 PT [2022/01/03 15:14:16 ET]
Table 'Laomedon IV' 9-max Seat #5 is the button
Seat 1: AndreykKas ($0.91 in chips) 
Seat 2: mikechuyk ($1.97 in chips) 
Seat 3: cenfugal ($0.81 in chips) 
Seat 4: sergeyus68 ($0.95 in chips) 
Seat 5: Xabitpoker ($1.97 in chips) 
Seat 6: HSR1 ($2.59 in chips) 
Seat 7: RABBRH1981 ($1.91 in chips) 
Seat 8: 666killerman ($3.05 in chips) 
Seat 9: Dorex2007 ($2.04 in chips) 
HSR1: posts small blind $0.01
RABBRH1981: posts big blind $0.02
*** HOLE CARDS ***
Dealt to Dorex2007 [Jh 9s]
666killerman: folds 
Dorex2007: folds 
AndreykKas: folds 
mikechuyk: folds 
cenfugal: folds 
sergeyus68: folds 
Xabitpoker: folds 
HSR1: folds 
Uncalled bet ($0.01) returned to RABBRH1981
RABBRH1981 collected $0.02 from pot
RABBRH1981: doesn't show hand 
*** SUMMARY ***
Total pot $0.02 | Rake $0 
Seat 1: AndreykKas folded before Flop (didn't bet)
Seat 2: mikechuyk folded before Flop (didn't bet)
Seat 3: cenfugal folded before Flop (didn't bet)
Seat 4: sergeyus68 folded before Flop (didn't bet)
Seat 5: Xabitpoker (button) folded before Flop (didn't bet)
Seat 6: HSR1 (small blind) folded before Flop
Seat 7: RABBRH1981 (big blind) collected ($0.02)
Seat 8: 666killerman folded before Flop (didn't bet)
Seat 9: Dorex2007 folded before Flop (didn't bet)



PokerStars Hand #232786451076:  Hold'em No Limit ($0.01/$0.02 USD) - 2022/01/03 12:14:34 PT [2022/01/03 15:14:34 ET]
Table 'Laomedon IV' 9-max Seat #6 is the button
Seat 1: AndreykKas ($0.91 in chips) 
Seat 2: mikechuyk ($1.97 in chips) 
Seat 3: cenfugal ($0.81 in chips) 
Seat 4: sergeyus68 ($0.95 in chips) 
Seat 5: Xabitpoker ($1.97 in chips) 
Seat 6: HSR1 ($2.58 in chips) 
Seat 7: RABBRH1981 ($1.92 in chips) 
Seat 8: 666killerman ($3.05 in chips) 
Seat 9: Dorex2007 ($2.04 in chips) 
RABBRH1981: posts small blind $0.01
666killerman: posts big blind $0.02
*** HOLE CARDS ***
Dealt to Dorex2007 [9s 7d]
Dorex2007: folds 
AndreykKas: folds 
mikechuyk: raises $0.03 to $0.05
cenfugal: folds 
sergeyus68: calls $0.05
Xabitpoker: folds 
HSR1: folds 
RABBRH1981: folds 
666killerman: raises $0.13 to $0.18
mikechuyk: folds 
sergeyus68: calls $0.13
*** FLOP *** [3c 3s 4s]
666killerman: bets $0.21
sergeyus68: folds 
Uncalled bet ($0.21) returned to 666killerman
666killerman collected $0.41 from pot
666killerman: doesn't show hand 
*** SUMMARY ***
Total pot $0.42 | Rake $0.01 
Board [3c 3s 4s]
Seat 1: AndreykKas folded before Flop (didn't bet)
Seat 2: mikechuyk folded before Flop
Seat 3: cenfugal folded before Flop (didn't bet)
Seat 4: sergeyus68 folded on the Flop
Seat 5: Xabitpoker folded before Flop (didn't bet)
Seat 6: HSR1 (button) folded before Flop (didn't bet)
Seat 7: RABBRH1981 (small blind) folded before Flop
Seat 8: 666killerman (big blind) collected ($0.41)
Seat 9: Dorex2007 folded before Flop (didn't bet)



PokerStars Hand #232786497305:  Hold'em No Limit ($0.01/$0.02 USD) - 2022/01/03 12:15:45 PT [2022/01/03 15:15:45 ET]
Table 'Laomedon IV' 9-max Seat #7 is the button
Seat 1: AndreykKas ($0.91 in chips) 
Seat 2: mikechuyk ($1.92 in chips) 
Seat 3: cenfugal ($0.81 in chips) 
Seat 4: sergeyus68 ($0.77 in chips) 
Seat 5: Xabitpoker ($1.97 in chips) 
Seat 6: HSR1 ($2.58 in chips) 
Seat 7: RABBRH1981 ($1.91 in chips) 
Seat 8: 666killerman ($3.28 in chips) 
Seat 9: Dorex2007 ($2.04 in chips) 
666killerman: posts small blind $0.01
Dorex2007: posts big blind $0.02
*** HOLE CARDS ***
Dealt to Dorex2007 [9c 5h]
AndreykKas: folds 
mikechuyk: folds 
cenfugal: folds 
sergeyus68: calls $0.02
Xabitpoker: folds 
HSR1: folds 
RABBRH1981: raises $0.04 to $0.06
666killerman: folds 
Dorex2007: folds 
sergeyus68: calls $0.04
*** FLOP *** [6c 6d Ks]
sergeyus68: bets $0.02
RABBRH1981: raises $0.09 to $0.11
sergeyus68: calls $0.09
*** TURN *** [6c 6d Ks] [Td]
sergeyus68: checks 
RABBRH1981: bets $0.22
sergeyus68: calls $0.22
*** RIVER *** [6c 6d Ks Td] [9s]
sergeyus68: checks 
RABBRH1981: bets $0.40
sergeyus68: calls $0.38 and is all-in
Uncalled bet ($0.02) returned to RABBRH1981
*** SHOW DOWN ***
RABBRH1981: shows [7c Qh] (a pair of Sixes)
sergeyus68: shows [Kc 7s] (two pair, Kings and Sixes)
sergeyus68 collected $1.52 from pot
*** SUMMARY ***
Total pot $1.57 | Rake $0.05 
Board [6c 6d Ks Td 9s]
Seat 1: AndreykKas folded before Flop (didn't bet)
Seat 2: mikechuyk folded before Flop (didn't bet)
Seat 3: cenfugal folded before Flop (didn't bet)
Seat 4: sergeyus68 showed [Kc 7s] and won ($1.52) with two pair, Kings and Sixes
Seat 5: Xabitpoker folded before Flop (didn't bet)
Seat 6: HSR1 folded before Flop (didn't bet)
Seat 7: RABBRH1981 (button) showed [7c Qh] and lost with a pair of Sixes
Seat 8: 666killerman (small blind) folded before Flop
Seat 9: Dorex2007 (big blind) folded before Flop



PokerStars Hand #232786559183:  Hold'em No Limit ($0.01/$0.02 USD) - 2022/01/03 12:17:05 PT [2022/01/03 15:17:05 ET]
Table 'Laomedon IV' 9-max Seat #8 is the button
Seat 1: AndreykKas ($0.91 in chips) 
Seat 2: mikechuyk ($1.92 in chips) 
Seat 3: cenfugal ($0.81 in chips) 
Seat 4: sergeyus68 ($1.52 in chips) 
Seat 5: Xabitpoker ($1.97 in chips) 
Seat 6: HSR1 ($2.58 in chips) 
Seat 7: RABBRH1981 ($1.14 in chips) 
Seat 8: 666killerman ($3.27 in chips) 
Seat 9: Dorex2007 ($2.02 in chips) 
Dorex2007: posts small blind $0.01
AndreykKas: posts big blind $0.02
*** HOLE CARDS ***
Dealt to Dorex2007 [9c 8c]
mikechuyk: raises $0.03 to $0.05
cenfugal: folds 
sergeyus68: calls $0.05
Xabitpoker: folds 
HSR1: folds 
RABBRH1981: calls $0.05
666killerman: folds 
Dorex2007: folds 
AndreykKas: calls $0.03
*** FLOP *** [Qh 4h 9d]
AndreykKas: checks 
mikechuyk: bets $0.07
sergeyus68: calls $0.07
RABBRH1981: raises $0.25 to $0.32
AndreykKas: calls $0.32
mikechuyk: calls $0.25
sergeyus68: folds 
*** TURN *** [Qh 4h 9d] [5s]
AndreykKas: checks 
mikechuyk: checks 
RABBRH1981: bets $0.77 and is all-in
AndreykKas: folds 
mikechuyk: folds 
Uncalled bet ($0.77) returned to RABBRH1981
RABBRH1981 collected $1.20 from pot
RABBRH1981: doesn't show hand 
*** SUMMARY ***
Total pot $1.24 | Rake $0.04 
Board [Qh 4h 9d 5s]
Seat 1: AndreykKas (big blind) folded on the Turn
Seat 2: mikechuyk folded on the Turn
Seat 3: cenfugal folded before Flop (didn't bet)
Seat 4: sergeyus68 folded on the Flop
Seat 5: Xabitpoker folded before Flop (didn't bet)
Seat 6: HSR1 folded before Flop (didn't bet)
Seat 7: RABBRH1981 collected ($1.20)
Seat 8: 666killerman (button) folded before Flop (didn't bet)
Seat 9: Dorex2007 (small blind) folded before Flop



PokerStars Hand #232786626238:  Hold'em No Limit ($0.01/$0.02 USD) - 2022/01/03 12:18:36 PT [2022/01/03 15:18:36 ET]
Table 'Laomedon IV' 9-max Seat #9 is the button
Seat 1: AndreykKas ($0.54 in chips) 
Seat 2: mikechuyk ($1.55 in chips) 
Seat 3: cenfugal ($0.81 in chips) 
Seat 4: sergeyus68 ($1.40 in chips) 
Seat 5: Xabitpoker ($1.97 in chips) 
Seat 6: HSR1 ($2.58 in chips) 
Seat 7: RABBRH1981 ($1.97 in chips) 
Seat 8: 666killerman ($3.27 in chips) 
Seat 9: Dorex2007 ($2.01 in chips) 
AndreykKas: posts small blind $0.01
mikechuyk: posts big blind $0.02
*** HOLE CARDS ***
Dealt to Dorex2007 [Ks 6h]
cenfugal: folds 
sergeyus68: folds 
Xabitpoker: folds 
HSR1: folds 
RABBRH1981: calls $0.02
666killerman: folds 
Dorex2007: folds 
AndreykKas: calls $0.01
mikechuyk: checks 
*** FLOP *** [9d 2d Qs]
AndreykKas: checks 
mikechuyk: bets $0.05
RABBRH1981: folds 
AndreykKas: calls $0.05
*** TURN *** [9d 2d Qs] [4c]
AndreykKas: checks 
mikechuyk: checks 
*** RIVER *** [9d 2d Qs 4c] [5c]
AndreykKas: bets $0.47 and is all-in
mikechuyk: calls $0.47
*** SHOW DOWN ***
AndreykKas: shows [4s 2c] (two pair, Fours and Deuces)
mikechuyk: shows [Kh Qc] (a pair of Queens)
AndreykKas collected $1.06 from pot
*** SUMMARY ***
Total pot $1.10 | Rake $0.04 
Board [9d 2d Qs 4c 5c]
Seat 1: AndreykKas (small blind) showed [4s 2c] and won ($1.06) with two pair, Fours and Deuces
Seat 2: mikechuyk (big blind) showed [Kh Qc] and lost with a pair of Queens
Seat 3: cenfugal folded before Flop (didn't bet)
Seat 4: sergeyus68 folded before Flop (didn't bet)
Seat 5: Xabitpoker folded before Flop (didn't bet)
Seat 6: HSR1 folded before Flop (didn't bet)
Seat 7: RABBRH1981 folded on the Flop
Seat 8: 666killerman folded before Flop (didn't bet)
Seat 9: Dorex2007 (button) folded before Flop (didn't bet)



PokerStars Hand #232786667241:  Hold'em No Limit ($0.01/$0.02 USD) - 2022/01/03 12:19:39 PT [2022/01/03 15:19:39 ET]
Table 'Laomedon IV' 9-max Seat #1 is the button
Seat 1: AndreykKas ($1.06 in chips) 
Seat 2: mikechuyk ($1.01 in chips) 
Seat 3: cenfugal ($0.81 in chips) 
Seat 4: sergeyus68 ($1.40 in chips) 
Seat 5: Xabitpoker ($1.97 in chips) 
Seat 6: HSR1 ($2.58 in chips) 
Seat 7: RABBRH1981 ($1.95 in chips) 
Seat 8: 666killerman ($3.27 in chips) 
Seat 9: Dorex2007 ($2.01 in chips) 
mikechuyk: posts small blind $0.01
cenfugal: posts big blind $0.02
*** HOLE CARDS ***
Dealt to Dorex2007 [7c 9s]
sergeyus68: folds 
Xabitpoker: folds 
HSR1: folds 
RABBRH1981: folds 
666killerman: folds 
Dorex2007: folds 
AndreykKas: folds 
mikechuyk: folds 
Uncalled bet ($0.01) returned to cenfugal
cenfugal collected $0.02 from pot
cenfugal: doesn't show hand 
*** SUMMARY ***
Total pot $0.02 | Rake $0 
Seat 1: AndreykKas (button) folded before Flop (didn't bet)
Seat 2: mikechuyk (small blind) folded before Flop
Seat 3: cenfugal (big blind) collected ($0.02)
Seat 4: sergeyus68 folded before Flop (didn't bet)
Seat 5: Xabitpoker folded before Flop (didn't bet)
Seat 6: HSR1 folded before Flop (didn't bet)
Seat 7: RABBRH1981 folded before Flop (didn't bet)
Seat 8: 666killerman folded before Flop (didn't bet)
Seat 9: Dorex2007 folded before Flop (didn't bet)



PokerStars Hand #232786685400:  Hold'em No Limit ($0.01/$0.02 USD) - 2022/01/03 12:20:07 PT [2022/01/03 15:20:07 ET]
Table 'Laomedon IV' 9-max Seat #2 is the button
Seat 1: AndreykKas ($1.06 in chips) 
Seat 2: mikechuyk ($1 in chips) 
Seat 3: cenfugal ($0.82 in chips) 
Seat 4: sergeyus68 ($1.40 in chips) 
Seat 5: Xabitpoker ($1.97 in chips) 
Seat 6: HSR1 ($2.58 in chips) 
Seat 7: RABBRH1981 ($1.95 in chips) 
Seat 8: 666killerman ($3.27 in chips) 
Seat 9: Dorex2007 ($2.01 in chips) 
cenfugal: posts small blind $0.01
sergeyus68: posts big blind $0.02
*** HOLE CARDS ***
Dealt to Dorex2007 [3s 9c]
Xabitpoker: folds 
HSR1: folds 
RABBRH1981: folds 
666killerman: folds 
Dorex2007 is disconnected 
Dorex2007 has timed out while being disconnected
Dorex2007: folds 
AndreykKas: calls $0.02
mikechuyk: folds 
cenfugal: raises $0.08 to $0.10
sergeyus68: folds 
AndreykKas: calls $0.08
*** FLOP *** [9d 8s Kh]
cenfugal: bets $0.14
AndreykKas: raises $0.82 to $0.96 and is all-in
cenfugal: calls $0.58 and is all-in
Uncalled bet ($0.24) returned to AndreykKas
*** TURN *** [9d 8s Kh] [Ac]
*** RIVER *** [9d 8s Kh Ac] [Js]
*** SHOW DOWN ***
cenfugal: shows [As Ad] (three of a kind, Aces)
AndreykKas: shows [6s Kd] (a pair of Kings)
cenfugal cashed out the hand for $1.25 | Cash Out Fee $0.01
*** SUMMARY ***
Total pot $1.66 | Rake $0.06 
Board [9d 8s Kh Ac Js]
Seat 1: AndreykKas showed [6s Kd] and lost with a pair of Kings
Seat 2: mikechuyk (button) folded before Flop (didn't bet)
Seat 3: cenfugal (small blind) showed [As Ad] and won ($1.60) with three of a kind, Aces (pot not awarded as player cashed out)
Seat 4: sergeyus68 (big blind) folded before Flop
Seat 5: Xabitpoker folded before Flop (didn't bet)
Seat 6: HSR1 folded before Flop (didn't bet)
Seat 7: RABBRH1981 folded before Flop (didn't bet)
Seat 8: 666killerman folded before Flop (didn't bet)
Seat 9: Dorex2007 folded before Flop (didn't bet)



PokerStars Hand #232786933228:  Hold'em No Limit ($0.01/$0.02 USD) - 2022/01/03 12:26:26 PT [2022/01/03 15:26:26 ET]
Table 'Laomedon IV' 9-max Seat #3 is the button
Seat 1: trente-sept ($2 in chips) 
Seat 3: cenfugal ($0.91 in chips) 
Seat 4: sergeyus68 ($1.84 in chips) 
Seat 5: Xabitpoker ($2.09 in chips) 
Seat 6: HSR1 ($2.71 in chips) 
Seat 7: RABBRH1981 ($1.80 in chips) 
Seat 8: 666killerman ($3.24 in chips) 
Seat 9: Dorex2007 ($2.01 in chips) 
sergeyus68: posts small blind $0.01
Xabitpoker: posts big blind $0.02
Dorex2007: posts small & big blinds $0.03
trente-sept: posts big blind $0.02
Philosophos: sits out 
*** HOLE CARDS ***
Dealt to Dorex2007 [Td 4c]
HSR1: folds 
RABBRH1981: raises $0.04 to $0.06
666killerman: folds 
Dorex2007: folds 
trente-sept: calls $0.04
cenfugal: folds 
sergeyus68: folds 
Xabitpoker: folds 
*** FLOP *** [9d Th 9s]
RABBRH1981: bets $0.16
trente-sept: calls $0.16
*** TURN *** [9d Th 9s] [6s]
RABBRH1981: bets $0.20
trente-sept: calls $0.20
*** RIVER *** [9d Th 9s 6s] [7c]
RABBRH1981: bets $0.43
trente-sept: calls $0.43
*** SHOW DOWN ***
RABBRH1981: shows [Js Kh] (a pair of Nines)
trente-sept: shows [Kd 9h] (three of a kind, Nines)
trente-sept collected $1.70 from pot
*** SUMMARY ***
Total pot $1.76 | Rake $0.06 
Board [9d Th 9s 6s 7c]
Seat 1: trente-sept showed [Kd 9h] and won ($1.70) with three of a kind, Nines
Seat 3: cenfugal (button) folded before Flop (didn't bet)
Seat 4: sergeyus68 (small blind) folded before Flop
Seat 5: Xabitpoker (big blind) folded before Flop
Seat 6: HSR1 folded before Flop (didn't bet)
Seat 7: RABBRH1981 showed [Js Kh] and lost with a pair of Nines
Seat 8: 666killerman folded before Flop (didn't bet)
Seat 9: Dorex2007 folded before Flop (didn't bet)



PokerStars Hand #232786973773:  Hold'em No Limit ($0.01/$0.02 USD) - 2022/01/03 12:27:28 PT [2022/01/03 15:27:28 ET]
Table 'Laomedon IV' 9-max Seat #4 is the button
Seat 1: trente-sept ($2.85 in chips) 
Seat 3: cenfugal ($0.91 in chips) 
Seat 4: sergeyus68 ($1.83 in chips) 
Seat 5: Xabitpoker ($2.07 in chips) 
Seat 6: HSR1 ($2.71 in chips) 
Seat 7: RABBRH1981 ($0.95 in chips) 
Seat 8: 666killerman ($3.24 in chips) 
Seat 9: Dorex2007 ($2 in chips) 
Xabitpoker: posts small blind $0.01
HSR1: posts big blind $0.02
Philosophos: sits out 
*** HOLE CARDS ***
Dealt to Dorex2007 [5h 4d]
RABBRH1981: folds 
666killerman: folds 
Dorex2007: folds 
trente-sept: raises $0.02 to $0.04
cenfugal: folds 
sergeyus68: calls $0.04
Xabitpoker: folds 
HSR1: calls $0.02
*** FLOP *** [Tc 2h Kh]
HSR1: checks 
trente-sept: checks 
sergeyus68: bets $0.02
HSR1: calls $0.02
trente-sept: calls $0.02
*** TURN *** [Tc 2h Kh] [2s]
HSR1: checks 
trente-sept: bets $0.09
sergeyus68: calls $0.09
HSR1: folds 
*** RIVER *** [Tc 2h Kh 2s] [6h]
trente-sept: checks 
sergeyus68: bets $0.18
trente-sept: folds 
Uncalled bet ($0.18) returned to sergeyus68
sergeyus68 collected $0.36 from pot
sergeyus68: doesn't show hand 
*** SUMMARY ***
Total pot $0.37 | Rake $0.01 
Board [Tc 2h Kh 2s 6h]
Seat 1: trente-sept folded on the River
Seat 3: cenfugal folded before Flop (didn't bet)
Seat 4: sergeyus68 (button) collected ($0.36)
Seat 5: Xabitpoker (small blind) folded before Flop
Seat 6: HSR1 (big blind) folded on the Turn
Seat 7: RABBRH1981 folded before Flop (didn't bet)
Seat 8: 666killerman folded before Flop (didn't bet)
Seat 9: Dorex2007 folded before Flop (didn't bet)



PokerStars Hand #232787017903:  Hold'em No Limit ($0.01/$0.02 USD) - 2022/01/03 12:28:37 PT [2022/01/03 15:28:37 ET]
Table 'Laomedon IV' 9-max Seat #5 is the button
Seat 1: trente-sept ($2.70 in chips) 
Seat 3: cenfugal ($0.91 in chips) 
Seat 4: sergeyus68 ($2.04 in chips) 
Seat 5: Xabitpoker ($2.06 in chips) 
Seat 6: HSR1 ($2.65 in chips) 
Seat 7: RABBRH1981 ($1.65 in chips) 
Seat 8: 666killerman ($3.24 in chips) 
Seat 9: Dorex2007 ($2 in chips) 
HSR1: posts small blind $0.01
RABBRH1981: posts big blind $0.02
Philosophos: sits out 
*** HOLE CARDS ***
Dealt to Dorex2007 [9c 5s]
666killerman: folds 
Dorex2007: folds 
trente-sept: raises $0.02 to $0.04
cenfugal: folds 
sergeyus68: calls $0.04
Xabitpoker: folds 
HSR1: calls $0.03
RABBRH1981: calls $0.02
*** FLOP *** [6h 3d Jh]
HSR1: checks 
RABBRH1981: checks 
trente-sept: bets $0.08
sergeyus68: folds 
HSR1: calls $0.08
RABBRH1981: folds 
*** TURN *** [6h 3d Jh] [Kh]
HSR1: checks 
trente-sept: bets $0.16
HSR1: folds 
Uncalled bet ($0.16) returned to trente-sept
trente-sept collected $0.31 from pot
trente-sept: doesn't show hand 
*** SUMMARY ***
Total pot $0.32 | Rake $0.01 
Board [6h 3d Jh Kh]
Seat 1: trente-sept collected ($0.31)
Seat 3: cenfugal folded before Flop (didn't bet)
Seat 4: sergeyus68 folded on the Flop
Seat 5: Xabitpoker (button) folded before Flop (didn't bet)
Seat 6: HSR1 (small blind) folded on the Turn
Seat 7: RABBRH1981 (big blind) folded on the Flop
Seat 8: 666killerman folded before Flop (didn't bet)
Seat 9: Dorex2007 folded before Flop (didn't bet)



PokerStars Hand #232787054570:  Hold'em No Limit ($0.01/$0.02 USD) - 2022/01/03 12:29:34 PT [2022/01/03 15:29:34 ET]
Table 'Laomedon IV' 9-max Seat #6 is the button
Seat 1: trente-sept ($2.89 in chips) 
Seat 3: cenfugal ($0.91 in chips) 
Seat 4: sergeyus68 ($2 in chips) 
Seat 5: Xabitpoker ($2.06 in chips) 
Seat 6: HSR1 ($2.53 in chips) 
Seat 7: RABBRH1981 ($1.61 in chips) 
Seat 9: Dorex2007 ($2 in chips) 
RABBRH1981: posts small blind $0.01
666killerman: is sitting out 
Dorex2007: posts big blind $0.02
Philosophos: sits out 
*** HOLE CARDS ***
Dealt to Dorex2007 [Ts 4d]
trente-sept: folds 
cenfugal: folds 
666killerman leaves the table
sergeyus68: folds 
Xabitpoker: folds 
HSR1: folds 
RABBRH1981: folds 
Uncalled bet ($0.01) returned to Dorex2007
Dorex2007 collected $0.02 from pot
Dorex2007: doesn't show hand 
*** SUMMARY ***
Total pot $0.02 | Rake $0 
Seat 1: trente-sept folded before Flop (didn't bet)
Seat 3: cenfugal folded before Flop (didn't bet)
Seat 4: sergeyus68 folded before Flop (didn't bet)
Seat 5: Xabitpoker folded before Flop (didn't bet)
Seat 6: HSR1 (button) folded before Flop (didn't bet)
Seat 7: RABBRH1981 (small blind) folded before Flop
Seat 9: Dorex2007 (big blind) collected ($0.02)



PokerStars Hand #232787069891:  Hold'em No Limit ($0.01/$0.02 USD) - 2022/01/03 12:29:58 PT [2022/01/03 15:29:58 ET]
Table 'Laomedon IV' 9-max Seat #7 is the button
Seat 1: trente-sept ($2.89 in chips) 
Seat 3: cenfugal ($0.91 in chips) 
Seat 4: sergeyus68 ($2 in chips) 
Seat 5: Xabitpoker ($2.06 in chips) 
Seat 6: HSR1 ($2.53 in chips) 
Seat 7: RABBRH1981 ($1.60 in chips) 
Seat 9: Dorex2007 ($2.01 in chips) 
Dorex2007: posts small blind $0.01
trente-sept: posts big blind $0.02
Philosophos: sits out 
*** HOLE CARDS ***
Dealt to Dorex2007 [4d 7s]
cenfugal: folds 
sergeyus68: folds 
Xabitpoker: raises $0.04 to $0.06
HSR1: folds 
RABBRH1981: folds 
Dorex2007: folds 
trente-sept: calls $0.04
*** FLOP *** [Kd As Ac]
trente-sept: bets $0.07
Xabitpoker: folds 
Uncalled bet ($0.07) returned to trente-sept
trente-sept collected $0.13 from pot
trente-sept: doesn't show hand 
*** SUMMARY ***
Total pot $0.13 | Rake $0 
Board [Kd As Ac]
Seat 1: trente-sept (big blind) collected ($0.13)
Seat 3: cenfugal folded before Flop (didn't bet)
Seat 4: sergeyus68 folded before Flop (didn't bet)
Seat 5: Xabitpoker folded on the Flop
Seat 6: HSR1 folded before Flop (didn't bet)
Seat 7: RABBRH1981 (button) folded before Flop (didn't bet)
Seat 9: Dorex2007 (small blind) folded before Flop



PokerStars Hand #232787098702:  Hold'em No Limit ($0.01/$0.02 USD) - 2022/01/03 12:30:42 PT [2022/01/03 15:30:42 ET]
Table 'Laomedon IV' 9-max Seat #9 is the button
Seat 1: trente-sept ($2.96 in chips) 
Seat 2: Philosophos ($2 in chips) 
Seat 3: cenfugal ($0.91 in chips) 
Seat 4: sergeyus68 ($2 in chips) 
Seat 5: Xabitpoker ($2 in chips) 
Seat 6: HSR1 ($2.53 in chips) 
Seat 7: RABBRH1981 ($1.60 in chips) 
Seat 9: Dorex2007 ($2 in chips) 
trente-sept: posts small blind $0.01
Philosophos: posts big blind $0.02
*** HOLE CARDS ***
Dealt to Dorex2007 [3h Td]
cenfugal: folds 
sergeyus68: calls $0.02
Xabitpoker: folds 
HSR1: folds 
RABBRH1981: folds 
Dorex2007: folds 
trente-sept: calls $0.01
Philosophos: checks 
*** FLOP *** [3s 6c Jc]
trente-sept: checks 
Philosophos: bets $0.04
sergeyus68: calls $0.04
trente-sept: folds 
*** TURN *** [3s 6c Jc] [5s]
Philosophos: bets $0.11
sergeyus68: folds 
Uncalled bet ($0.11) returned to Philosophos
Philosophos collected $0.14 from pot
*** SUMMARY ***
Total pot $0.14 | Rake $0 
Board [3s 6c Jc 5s]
Seat 1: trente-sept (small blind) folded on the Flop
Seat 2: Philosophos (big blind) collected ($0.14)
Seat 3: cenfugal folded before Flop (didn't bet)
Seat 4: sergeyus68 folded on the Turn
Seat 5: Xabitpoker folded before Flop (didn't bet)
Seat 6: HSR1 folded before Flop (didn't bet)
Seat 7: RABBRH1981 folded before Flop (didn't bet)
Seat 9: Dorex2007 (button) folded before Flop (didn't bet)



PokerStars Hand #232787122993:  Hold'em No Limit ($0.01/$0.02 USD) - 2022/01/03 12:31:19 PT [2022/01/03 15:31:19 ET]
Table 'Laomedon IV' 9-max Seat #1 is the button
Seat 1: trente-sept ($2.94 in chips) 
Seat 2: Philosophos ($2.08 in chips) 
Seat 3: cenfugal ($0.91 in chips) 
Seat 4: sergeyus68 ($1.94 in chips) 
Seat 5: Xabitpoker ($2 in chips) 
Seat 6: HSR1 ($2.53 in chips) 
Seat 7: RABBRH1981 ($1.60 in chips) 
Seat 9: Dorex2007 ($2 in chips) 
Philosophos: posts small blind $0.01
cenfugal: posts big blind $0.02
*** HOLE CARDS ***
Dealt to Dorex2007 [Ac Kc]
sergeyus68: folds 
Xabitpoker: folds 
HSR1: calls $0.02
nikolpoker joins the table at seat #8 
RABBRH1981: raises $0.04 to $0.06
Dorex2007: calls $0.06
trente-sept: calls $0.06
Philosophos: folds 
cenfugal: folds 
HSR1: calls $0.04
*** FLOP *** [7c Qh Kh]
HSR1: checks 
RABBRH1981: bets $0.13
Dorex2007: raises $0.13 to $0.26
trente-sept: folds 
HSR1: folds 
RABBRH1981: folds 
Uncalled bet ($0.13) returned to Dorex2007
Dorex2007 collected $0.51 from pot
Dorex2007: doesn't show hand 
*** SUMMARY ***
Total pot $0.53 | Rake $0.02 
Board [7c Qh Kh]
Seat 1: trente-sept (button) folded on the Flop
Seat 2: Philosophos (small blind) folded before Flop
Seat 3: cenfugal (big blind) folded before Flop
Seat 4: sergeyus68 folded before Flop (didn't bet)
Seat 5: Xabitpoker folded before Flop (didn't bet)
Seat 6: HSR1 folded on the Flop
Seat 7: RABBRH1981 folded on the Flop
Seat 9: Dorex2007 collected ($0.51)



PokerStars Hand #232787151944:  Hold'em No Limit ($0.01/$0.02 USD) - 2022/01/03 12:32:03 PT [2022/01/03 15:32:03 ET]
Table 'Laomedon IV' 9-max Seat #2 is the button
Seat 1: trente-sept ($2.88 in chips) 
Seat 2: Philosophos ($2.07 in chips) 
Seat 3: cenfugal ($0.89 in chips) 
Seat 4: sergeyus68 ($1.94 in chips) 
Seat 5: Xabitpoker ($2 in chips) 
Seat 6: HSR1 ($2.47 in chips) 
Seat 7: RABBRH1981 ($1.41 in chips) 
Seat 9: Dorex2007 ($2.32 in chips) 
cenfugal: posts small blind $0.01
sergeyus68: posts big blind $0.02
nikolpoker: sits out 
*** HOLE CARDS ***
Dealt to Dorex2007 [3h Ad]
Xabitpoker: folds 
HSR1: folds 
RABBRH1981: calls $0.02
Dorex2007: folds 
trente-sept: raises $0.02 to $0.04
Philosophos: folds 
cenfugal: folds 
sergeyus68: calls $0.02
RABBRH1981: calls $0.02
*** FLOP *** [5s Js 5c]
sergeyus68: checks 
RABBRH1981: checks 
trente-sept: bets $0.07
sergeyus68: folds 
RABBRH1981: folds 
Uncalled bet ($0.07) returned to trente-sept
trente-sept collected $0.13 from pot
trente-sept: doesn't show hand 
*** SUMMARY ***
Total pot $0.13 | Rake $0 
Board [5s Js 5c]
Seat 1: trente-sept collected ($0.13)
Seat 2: Philosophos (button) folded before Flop (didn't bet)
Seat 3: cenfugal (small blind) folded before Flop
Seat 4: sergeyus68 (big blind) folded on the Flop
Seat 5: Xabitpoker folded before Flop (didn't bet)
Seat 6: HSR1 folded before Flop (didn't bet)
Seat 7: RABBRH1981 folded on the Flop
Seat 9: Dorex2007 folded before Flop (didn't bet)



PokerStars Hand #232787176478:  Hold'em No Limit ($0.01/$0.02 USD) - 2022/01/03 12:32:41 PT [2022/01/03 15:32:41 ET]
Table 'Laomedon IV' 9-max Seat #3 is the button
Seat 1: trente-sept ($2.97 in chips) 
Seat 2: Philosophos ($2.07 in chips) 
Seat 3: cenfugal ($0.88 in chips) 
Seat 4: sergeyus68 ($1.90 in chips) 
Seat 5: Xabitpoker ($2 in chips) 
Seat 6: HSR1 ($2.47 in chips) 
Seat 7: RABBRH1981 ($1.37 in chips) 
Seat 9: Dorex2007 ($2.32 in chips) 
sergeyus68: posts small blind $0.01
Xabitpoker: posts big blind $0.02
nikolpoker: sits out 
*** HOLE CARDS ***
Dealt to Dorex2007 [3s 3c]
HSR1: calls $0.02
RABBRH1981: raises $0.07 to $0.09
Dorex2007: folds 
trente-sept: raises $0.07 to $0.16
Philosophos: folds 
cenfugal: folds 
sergeyus68: folds 
Xabitpoker: folds 
HSR1: calls $0.14
RABBRH1981: calls $0.07
*** FLOP *** [7s 4s Tc]
HSR1: checks 
RABBRH1981: bets $0.24
trente-sept: folds 
HSR1: raises $1.02 to $1.26
RABBRH1981: calls $0.97 and is all-in
Uncalled bet ($0.05) returned to HSR1
*** TURN *** [7s 4s Tc] [Ah]
*** RIVER *** [7s 4s Tc Ah] [Th]
*** SHOW DOWN ***
HSR1: shows [4h 4c] (a full house, Fours full of Tens)
RABBRH1981: shows [9h As] (two pair, Aces and Tens)
HSR1 cashed out the hand for $2.62 | Cash Out Fee $0.03
*** SUMMARY ***
Total pot $2.93 | Rake $0.10 
Board [7s 4s Tc Ah Th]
Seat 1: trente-sept folded on the Flop
Seat 2: Philosophos folded before Flop (didn't bet)
Seat 3: cenfugal (button) folded before Flop (didn't bet)
Seat 4: sergeyus68 (small blind) folded before Flop
Seat 5: Xabitpoker (big blind) folded before Flop
Seat 6: HSR1 showed [4h 4c] and won ($2.83) with a full house, Fours full of Tens (pot not awarded as player cashed out)
Seat 7: RABBRH1981 showed [9h As] and lost with two pair, Aces and Tens
Seat 9: Dorex2007 folded before Flop (didn't bet)



PokerStars Hand #232787217326:  Hold'em No Limit ($0.01/$0.02 USD) - 2022/01/03 12:33:43 PT [2022/01/03 15:33:43 ET]
Table 'Laomedon IV' 9-max Seat #4 is the button
Seat 1: trente-sept ($2.81 in chips) 
Seat 2: Philosophos ($2.07 in chips) 
Seat 3: cenfugal ($0.88 in chips) 
Seat 4: sergeyus68 ($1.89 in chips) 
Seat 5: Xabitpoker ($1.98 in chips) 
Seat 6: HSR1 ($3.72 in chips) 
Seat 9: Dorex2007 ($2.32 in chips) 
Xabitpoker: posts small blind $0.01
HSR1: posts big blind $0.02
nikolpoker: sits out 
*** HOLE CARDS ***
Dealt to Dorex2007 [Qd 4s]
Dorex2007: folds 
RABBRH1981 leaves the table
trente-sept: folds 
BR00RB joins the table at seat #7 
Philosophos: folds 
cenfugal: calls $0.02
sergeyus68: folds 
Xabitpoker: calls $0.01
HSR1: checks 
*** FLOP *** [8s Ad Tc]
Xabitpoker: checks 
HSR1: checks 
cenfugal: checks 
*** TURN *** [8s Ad Tc] [4c]
Xabitpoker: bets $0.03
HSR1: calls $0.03
cenfugal: calls $0.03
*** RIVER *** [8s Ad Tc 4c] [Kd]
Xabitpoker: bets $0.07
HSR1: folds 
cenfugal: folds 
Uncalled bet ($0.07) returned to Xabitpoker
Xabitpoker collected $0.14 from pot
Xabitpoker: doesn't show hand 
*** SUMMARY ***
Total pot $0.15 | Rake $0.01 
Board [8s Ad Tc 4c Kd]
Seat 1: trente-sept folded before Flop (didn't bet)
Seat 2: Philosophos folded before Flop (didn't bet)
Seat 3: cenfugal folded on the River
Seat 4: sergeyus68 (button) folded before Flop (didn't bet)
Seat 5: Xabitpoker (small blind) collected ($0.14)
Seat 6: HSR1 (big blind) folded on the River
Seat 9: Dorex2007 folded before Flop (didn't bet)



PokerStars Hand #232787266984:  Hold'em No Limit ($0.01/$0.02 USD) - 2022/01/03 12:35:00 PT [2022/01/03 15:35:00 ET]
Table 'Laomedon IV' 9-max Seat #5 is the button
Seat 1: trente-sept ($2.81 in chips) 
Seat 2: Philosophos ($2.07 in chips) 
Seat 3: cenfugal ($0.83 in chips) 
Seat 4: sergeyus68 ($1.89 in chips) 
Seat 5: Xabitpoker ($2.07 in chips) 
Seat 6: HSR1 ($3.67 in chips) 
Seat 7: BR00RB ($0.80 in chips) 
Seat 9: Dorex2007 ($2.32 in chips) 
HSR1: posts small blind $0.01
BR00RB: posts big blind $0.02
nikolpoker: sits out 
*** HOLE CARDS ***
Dealt to Dorex2007 [2d 9h]
Dorex2007 has timed out
Dorex2007: folds 
trente-sept: folds 
Philosophos: folds 
cenfugal: folds 
sergeyus68: calls $0.02
Xabitpoker: folds 
HSR1: folds 
BR00RB: checks 
*** FLOP *** [Qd 6c 6h]
BR00RB: bets $0.02
sergeyus68: folds 
Uncalled bet ($0.02) returned to BR00RB
BR00RB collected $0.05 from pot
*** SUMMARY ***
Total pot $0.05 | Rake $0 
Board [Qd 6c 6h]
Seat 1: trente-sept folded before Flop (didn't bet)
Seat 2: Philosophos folded before Flop (didn't bet)
Seat 3: cenfugal folded before Flop (didn't bet)
Seat 4: sergeyus68 folded on the Flop
Seat 5: Xabitpoker (button) folded before Flop (didn't bet)
Seat 6: HSR1 (small blind) folded before Flop
Seat 7: BR00RB (big blind) collected ($0.05)
Seat 9: Dorex2007 folded before Flop (didn't bet)



PokerStars Hand #232787289787:  Hold'em No Limit ($0.01/$0.02 USD) - 2022/01/03 12:35:35 PT [2022/01/03 15:35:35 ET]
Table 'Laomedon IV' 9-max Seat #6 is the button
Seat 1: trente-sept ($2.81 in chips) 
Seat 2: Philosophos ($2.07 in chips) 
Seat 3: cenfugal ($0.83 in chips) 
Seat 4: sergeyus68 ($1.87 in chips) 
Seat 5: Xabitpoker ($2.07 in chips) 
Seat 6: HSR1 ($3.66 in chips) 
Seat 7: BR00RB ($0.83 in chips) 
Seat 8: nikolpoker ($0.80 in chips) 
Seat 9: Dorex2007 ($2.32 in chips) 
BR00RB: posts small blind $0.01
nikolpoker: posts big blind $0.02
*** HOLE CARDS ***
Dealt to Dorex2007 [As Jd]
Dorex2007: folds 
trente-sept: raises $0.02 to $0.04
Philosophos: folds 
cenfugal: calls $0.04
sergeyus68: folds 
Xabitpoker: folds 
HSR1: calls $0.04
BR00RB: folds 
nikolpoker: calls $0.02
*** FLOP *** [Ah 4c 3h]
nikolpoker: checks 
trente-sept: bets $0.10
cenfugal: calls $0.10
HSR1: calls $0.10
nikolpoker: folds 
*** TURN *** [Ah 4c 3h] [Td]
trente-sept: bets $0.23
cenfugal: calls $0.23
HSR1: folds 
*** RIVER *** [Ah 4c 3h Td] [Ks]
trente-sept: checks 
cenfugal: checks 
*** SHOW DOWN ***
trente-sept: shows [Qh Qd] (a pair of Queens)
cenfugal: shows [Ad 9d] (a pair of Aces)
cenfugal collected $0.90 from pot
*** SUMMARY ***
Total pot $0.93 | Rake $0.03 
Board [Ah 4c 3h Td Ks]
Seat 1: trente-sept showed [Qh Qd] and lost with a pair of Queens
Seat 2: Philosophos folded before Flop (didn't bet)
Seat 3: cenfugal showed [Ad 9d] and won ($0.90) with a pair of Aces
Seat 4: sergeyus68 folded before Flop (didn't bet)
Seat 5: Xabitpoker folded before Flop (didn't bet)
Seat 6: HSR1 (button) folded on the Turn
Seat 7: BR00RB (small blind) folded before Flop
Seat 8: nikolpoker (big blind) folded on the Flop
Seat 9: Dorex2007 folded before Flop (didn't bet)



PokerStars Hand #232787335822:  Hold'em No Limit ($0.01/$0.02 USD) - 2022/01/03 12:36:46 PT [2022/01/03 15:36:46 ET]
Table 'Laomedon IV' 9-max Seat #7 is the button
Seat 1: trente-sept ($2.44 in chips) 
Seat 2: Philosophos ($2.07 in chips) 
Seat 3: cenfugal ($1.36 in chips) 
Seat 4: sergeyus68 ($1.87 in chips) 
Seat 5: Xabitpoker ($2.07 in chips) 
Seat 6: HSR1 ($3.52 in chips) 
Seat 7: BR00RB ($0.82 in chips) 
Seat 8: nikolpoker ($0.76 in chips) 
Seat 9: Dorex2007 ($2.32 in chips) 
nikolpoker: posts small blind $0.01
Dorex2007: posts big blind $0.02
*** HOLE CARDS ***
Dealt to Dorex2007 [8c 6d]
trente-sept: raises $0.02 to $0.04
Philosophos: folds 
cenfugal: calls $0.04
sergeyus68: calls $0.04
Xabitpoker: folds 
HSR1 has timed out
HSR1: folds 
BR00RB: folds 
nikolpoker: folds 
Dorex2007: folds 
*** FLOP *** [4s 3s Qd]
trente-sept: bets $0.07
cenfugal: folds 
sergeyus68: calls $0.07
*** TURN *** [4s 3s Qd] [Kh]
trente-sept: bets $0.14
sergeyus68: calls $0.14
*** RIVER *** [4s 3s Qd Kh] [Tc]
trente-sept: bets $0.55
sergeyus68: calls $0.55
*** SHOW DOWN ***
trente-sept: shows [Qh 4h] (two pair, Queens and Fours)
sergeyus68: mucks hand 
trente-sept collected $1.61 from pot
*** SUMMARY ***
Total pot $1.67 | Rake $0.06 
Board [4s 3s Qd Kh Tc]
Seat 1: trente-sept showed [Qh 4h] and won ($1.61) with two pair, Queens and Fours
Seat 2: Philosophos folded before Flop (didn't bet)
Seat 3: cenfugal folded on the Flop
Seat 4: sergeyus68 mucked [Qc Ad]
Seat 5: Xabitpoker folded before Flop (didn't bet)
Seat 6: HSR1 folded before Flop (didn't bet)
Seat 7: BR00RB (button) folded before Flop (didn't bet)
Seat 8: nikolpoker (small blind) folded before Flop
Seat 9: Dorex2007 (big blind) folded before Flop



PokerStars Hand #232787375874:  Hold'em No Limit ($0.01/$0.02 USD) - 2022/01/03 12:37:48 PT [2022/01/03 15:37:48 ET]
Table 'Laomedon IV' 9-max Seat #8 is the button
Seat 1: trente-sept ($3.25 in chips) 
Seat 2: Philosophos ($2.07 in chips) 
Seat 3: cenfugal ($1.32 in chips) 
Seat 4: sergeyus68 ($1.07 in chips) 
Seat 5: Xabitpoker ($2.07 in chips) 
Seat 6: HSR1 ($3.52 in chips) 
Seat 7: BR00RB ($0.82 in chips) 
Seat 8: nikolpoker ($0.75 in chips) 
Seat 9: Dorex2007 ($2.30 in chips) 
Dorex2007: posts small blind $0.01
trente-sept: posts big blind $0.02
*** HOLE CARDS ***
Dealt to Dorex2007 [2h Qc]
Philosophos: folds 
cenfugal: folds 
sergeyus68: calls $0.02
Xabitpoker: folds 
HSR1: raises $0.07 to $0.09
BR00RB: folds 
nikolpoker: folds 
Dorex2007: folds 
trente-sept: calls $0.07
sergeyus68: calls $0.07
*** FLOP *** [Ts 7c Ks]
trente-sept: bets $0.14
sergeyus68: folds 
HSR1: calls $0.14
*** TURN *** [Ts 7c Ks] [6s]
trente-sept: checks 
HSR1: checks 
*** RIVER *** [Ts 7c Ks 6s] [Td]
trente-sept: bets $0.27
HSR1: calls $0.27
*** SHOW DOWN ***
trente-sept: shows [Jh Ah] (a pair of Tens)
HSR1: shows [Qs Kd] (two pair, Kings and Tens)
HSR1 collected $1.06 from pot
*** SUMMARY ***
Total pot $1.10 | Rake $0.04 
Board [Ts 7c Ks 6s Td]
Seat 1: trente-sept (big blind) showed [Jh Ah] and lost with a pair of Tens
Seat 2: Philosophos folded before Flop (didn't bet)
Seat 3: cenfugal folded before Flop (didn't bet)
Seat 4: sergeyus68 folded on the Flop
Seat 5: Xabitpoker folded before Flop (didn't bet)
Seat 6: HSR1 showed [Qs Kd] and won ($1.06) with two pair, Kings and Tens
Seat 7: BR00RB folded before Flop (didn't bet)
Seat 8: nikolpoker (button) folded before Flop (didn't bet)
Seat 9: Dorex2007 (small blind) folded before Flop



PokerStars Hand #232787416042:  Hold'em No Limit ($0.01/$0.02 USD) - 2022/01/03 12:38:49 PT [2022/01/03 15:38:49 ET]
Table 'Laomedon IV' 9-max Seat #9 is the button
Seat 1: trente-sept ($2.75 in chips) 
Seat 2: Philosophos ($2.07 in chips) 
Seat 3: cenfugal ($1.32 in chips) 
Seat 4: sergeyus68 ($0.98 in chips) 
Seat 5: Xabitpoker ($2.07 in chips) 
Seat 6: HSR1 ($4.08 in chips) 
Seat 7: BR00RB ($0.82 in chips) 
Seat 8: nikolpoker ($0.75 in chips) 
Seat 9: Dorex2007 ($2.29 in chips) 
trente-sept: posts small blind $0.01
Philosophos: posts big blind $0.02
*** HOLE CARDS ***
Dealt to Dorex2007 [4c 6h]
cenfugal: folds 
sergeyus68: folds 
Xabitpoker: folds 
HSR1: raises $0.02 to $0.04
BR00RB: calls $0.04
nikolpoker: calls $0.04
Dorex2007: folds 
trente-sept: calls $0.03
Philosophos: calls $0.02
*** FLOP *** [Qs Kh Jh]
trente-sept: bets $0.10
Philosophos: calls $0.10
HSR1: calls $0.10
BR00RB: calls $0.10
nikolpoker: calls $0.10
*** TURN *** [Qs Kh Jh] [2h]
trente-sept: bets $0.68
Philosophos: folds 
HSR1: folds 
BR00RB: calls $0.68 and is all-in
nikolpoker: folds 
BR00RB has timed out
*** RIVER *** [Qs Kh Jh 2h] [7c]
*** SHOW DOWN ***
trente-sept: shows [Js Qd] (two pair, Queens and Jacks)
BR00RB: shows [7h 5h] (a flush, King high)
BR00RB collected $1.99 from pot
*** SUMMARY ***
Total pot $2.06 | Rake $0.07 
Board [Qs Kh Jh 2h 7c]
Seat 1: trente-sept (small blind) showed [Js Qd] and lost with two pair, Queens and Jacks
Seat 2: Philosophos (big blind) folded on the Turn
Seat 3: cenfugal folded before Flop (didn't bet)
Seat 4: sergeyus68 folded before Flop (didn't bet)
Seat 5: Xabitpoker folded before Flop (didn't bet)
Seat 6: HSR1 folded on the Turn
Seat 7: BR00RB showed [7h 5h] and won ($1.99) with a flush, King high
Seat 8: nikolpoker folded on the Turn
Seat 9: Dorex2007 (button) folded before Flop (didn't bet)



PokerStars Hand #232787484918:  Hold'em No Limit ($0.01/$0.02 USD) - 2022/01/03 12:40:35 PT [2022/01/03 15:40:35 ET]
Table 'Laomedon IV' 9-max Seat #1 is the button
Seat 1: trente-sept ($1.93 in chips) 
Seat 2: Philosophos ($1.93 in chips) 
Seat 3: cenfugal ($1.32 in chips) 
Seat 4: sergeyus68 ($0.98 in chips) 
Seat 5: Xabitpoker ($2.07 in chips) 
Seat 6: HSR1 ($3.94 in chips) 
Seat 7: BR00RB ($1.99 in chips) 
Seat 8: nikolpoker ($0.61 in chips) 
Seat 9: Dorex2007 ($2.29 in chips) 
Philosophos: posts small blind $0.01
cenfugal: posts big blind $0.02
*** HOLE CARDS ***
Dealt to Dorex2007 [As 9h]
sergeyus68: folds 
Xabitpoker: folds 
HSR1: folds 
BR00RB: folds 
nikolpoker: folds 
Dorex2007: folds 
trente-sept: raises $0.04 to $0.06
Philosophos: folds 
cenfugal: calls $0.04
*** FLOP *** [Ah 7h Ac]
BR00RB leaves the table
cenfugal: checks 
trente-sept: bets $0.07
cenfugal: calls $0.07
*** TURN *** [Ah 7h Ac] [Kc]
cenfugal: checks 
trente-sept: checks 
*** RIVER *** [Ah 7h Ac Kc] [Jh]
cenfugal: bets $0.13
trente-sept: calls $0.13
*** SHOW DOWN ***
cenfugal: shows [7c 7s] (a full house, Sevens full of Aces)
trente-sept: mucks hand 
cenfugal collected $0.51 from pot
*** SUMMARY ***
Total pot $0.53 | Rake $0.02 
Board [Ah 7h Ac Kc Jh]
Seat 1: trente-sept (button) mucked [2h 5h]
Seat 2: Philosophos (small blind) folded before Flop
Seat 3: cenfugal (big blind) showed [7c 7s] and won ($0.51) with a full house, Sevens full of Aces
Seat 4: sergeyus68 folded before Flop (didn't bet)
Seat 5: Xabitpoker folded before Flop (didn't bet)
Seat 6: HSR1 folded before Flop (didn't bet)
Seat 7: BR00RB folded before Flop (didn't bet)
Seat 8: nikolpoker folded before Flop (didn't bet)
Seat 9: Dorex2007 folded before Flop (didn't bet)



PokerStars Hand #232787523348:  Hold'em No Limit ($0.01/$0.02 USD) - 2022/01/03 12:41:35 PT [2022/01/03 15:41:35 ET]
Table 'Laomedon IV' 9-max Seat #2 is the button
Seat 1: trente-sept ($1.67 in chips) 
Seat 2: Philosophos ($1.92 in chips) 
Seat 3: cenfugal ($1.57 in chips) 
Seat 4: sergeyus68 ($0.98 in chips) 
Seat 5: Xabitpoker ($2.07 in chips) 
Seat 6: HSR1 ($3.94 in chips) 
Seat 8: nikolpoker ($0.61 in chips) 
Seat 9: Dorex2007 ($2.29 in chips) 
cenfugal: posts small blind $0.01
sergeyus68: posts big blind $0.02
*** HOLE CARDS ***
Dealt to Dorex2007 [Jc Qs]
Xabitpoker: folds 
HSR1: raises $0.05 to $0.07
Charlie0008 joins the table at seat #7 
nikolpoker: folds 
Dorex2007: folds 
trente-sept: raises $0.17 to $0.24
Philosophos: folds 
cenfugal: folds 
sergeyus68: folds 
HSR1: calls $0.17
*** FLOP *** [4c 8c 6c]
HSR1: checks 
trente-sept: bets $0.25
HSR1: folds 
Uncalled bet ($0.25) returned to trente-sept
trente-sept collected $0.49 from pot
trente-sept: doesn't show hand 
*** SUMMARY ***
Total pot $0.51 | Rake $0.02 
Board [4c 8c 6c]
Seat 1: trente-sept collected ($0.49)
Seat 2: Philosophos (button) folded before Flop (didn't bet)
Seat 3: cenfugal (small blind) folded before Flop
Seat 4: sergeyus68 (big blind) folded before Flop
Seat 5: Xabitpoker folded before Flop (didn't bet)
Seat 6: HSR1 folded on the Flop
Seat 8: nikolpoker folded before Flop (didn't bet)
Seat 9: Dorex2007 folded before Flop (didn't bet)



PokerStars Hand #232787574313:  Hold'em No Limit ($0.01/$0.02 USD) - 2022/01/03 12:42:36 PT [2022/01/03 15:42:36 ET]
Table 'Laomedon IV' 9-max Seat #3 is the button
Seat 1: trente-sept ($1.92 in chips) 
Seat 2: Philosophos ($1.92 in chips) 
Seat 3: cenfugal ($1.56 in chips) 
Seat 4: sergeyus68 ($0.96 in chips) 
Seat 6: HSR1 ($3.70 in chips) 
Seat 8: nikolpoker ($0.61 in chips) 
Seat 9: Dorex2007 ($2.29 in chips) 
sergeyus68: posts small blind $0.01
Xabitpoker: is sitting out 
HSR1: posts big blind $0.02
Charlie0008: sits out 
*** HOLE CARDS ***
Dealt to Dorex2007 [2h Qc]
nikolpoker: folds 
Xabitpoker leaves the table
Guilhermanoo joins the table at seat #5 
Dorex2007: folds 
trente-sept: folds 
Philosophos: folds 
cenfugal: folds 
sergeyus68: calls $0.01
HSR1: checks 
*** FLOP *** [3h 4d 8h]
sergeyus68: checks 
HSR1: bets $0.04
sergeyus68: calls $0.04
*** TURN *** [3h 4d 8h] [5s]
sergeyus68: checks 
HSR1: bets $0.12
sergeyus68: folds 
Uncalled bet ($0.12) returned to HSR1
HSR1 collected $0.12 from pot
HSR1: doesn't show hand 
*** SUMMARY ***
Total pot $0.12 | Rake $0 
Board [3h 4d 8h 5s]
Seat 1: trente-sept folded before Flop (didn't bet)
Seat 2: Philosophos folded before Flop (didn't bet)
Seat 3: cenfugal (button) folded before Flop (didn't bet)
Seat 4: sergeyus68 (small blind) folded on the Turn
Seat 6: HSR1 (big blind) collected ($0.12)
Seat 8: nikolpoker folded before Flop (didn't bet)
Seat 9: Dorex2007 folded before Flop (didn't bet)



PokerStars Hand #232787616925:  Hold'em No Limit ($0.01/$0.02 USD) - 2022/01/03 12:43:42 PT [2022/01/03 15:43:42 ET]
Table 'Laomedon IV' 9-max Seat #4 is the button
Seat 1: trente-sept ($1.92 in chips) 
Seat 2: Philosophos ($1.92 in chips) 
Seat 3: cenfugal ($1.56 in chips) 
Seat 4: sergeyus68 ($0.90 in chips) 
Seat 6: HSR1 ($3.76 in chips) 
Seat 7: Charlie0008 ($2 in chips) 
Seat 8: nikolpoker ($0.61 in chips) 
Seat 9: Dorex2007 ($2.29 in chips) 
HSR1: posts small blind $0.01
Charlie0008: posts big blind $0.02
*** HOLE CARDS ***
Dealt to Dorex2007 [Qh Ks]
nikolpoker: folds 
Dorex2007: folds 
trente-sept: raises $0.02 to $0.04
Philosophos: calls $0.04
cenfugal: folds 
sergeyus68: calls $0.04
HSR1: calls $0.03
Charlie0008: calls $0.02
*** FLOP *** [Td Jc 5c]
HSR1: bets $0.19
Charlie0008: folds 
trente-sept: calls $0.19
Philosophos: folds 
sergeyus68: folds 
*** TURN *** [Td Jc 5c] [4d]
HSR1: bets $3.53 and is all-in
trente-sept: calls $1.69 and is all-in
Uncalled bet ($1.84) returned to HSR1
*** RIVER *** [Td Jc 5c 4d] [3h]
*** SHOW DOWN ***
HSR1: shows [Jd Th] (two pair, Jacks and Tens)
trente-sept: shows [3s Js] (two pair, Jacks and Threes)
HSR1 collected $3.82 from pot
*** SUMMARY ***
Total pot $3.96 | Rake $0.14 
Board [Td Jc 5c 4d 3h]
Seat 1: trente-sept showed [3s Js] and lost with two pair, Jacks and Threes
Seat 2: Philosophos folded on the Flop
Seat 3: cenfugal folded before Flop (didn't bet)
Seat 4: sergeyus68 (button) folded on the Flop
Seat 6: HSR1 (small blind) showed [Jd Th] and won ($3.82) with two pair, Jacks and Tens
Seat 7: Charlie0008 (big blind) folded on the Flop
Seat 8: nikolpoker folded before Flop (didn't bet)
Seat 9: Dorex2007 folded before Flop (didn't bet)



PokerStars Hand #232787661313:  Hold'em No Limit ($0.01/$0.02 USD) - 2022/01/03 12:44:51 PT [2022/01/03 15:44:51 ET]
Table 'Laomedon IV' 9-max Seat #6 is the button
Seat 2: Philosophos ($1.88 in chips) 
Seat 3: cenfugal ($1.56 in chips) 
Seat 4: sergeyus68 ($0.86 in chips) 
Seat 6: HSR1 ($5.66 in chips) 
Seat 7: Charlie0008 ($1.96 in chips) 
Seat 8: nikolpoker ($0.61 in chips) 
Seat 9: Dorex2007 ($2.29 in chips) 
Charlie0008: posts small blind $0.01
nikolpoker: posts big blind $0.02
Guilhermanoo: sits out 
*** HOLE CARDS ***
Dealt to Dorex2007 [Tc Ad]
Dorex2007: folds 
Philosophos: folds 
cenfugal: raises $0.06 to $0.08
sergeyus68: folds 
HSR1: folds 
Charlie0008: folds 
nikolpoker: calls $0.06
*** FLOP *** [9s 3c 9h]
nikolpoker: checks 
cenfugal: bets $0.12
nikolpoker: calls $0.12
*** TURN *** [9s 3c 9h] [Qh]
nikolpoker: bets $0.41 and is all-in
cenfugal: folds 
Uncalled bet ($0.41) returned to nikolpoker
nikolpoker collected $0.40 from pot
nikolpoker: doesn't show hand 
*** SUMMARY ***
Total pot $0.41 | Rake $0.01 
Board [9s 3c 9h Qh]
Seat 2: Philosophos folded before Flop (didn't bet)
Seat 3: cenfugal folded on the Turn
Seat 4: sergeyus68 folded before Flop (didn't bet)
Seat 6: HSR1 (button) folded before Flop (didn't bet)
Seat 7: Charlie0008 (small blind) folded before Flop
Seat 8: nikolpoker (big blind) collected ($0.40)
Seat 9: Dorex2007 folded before Flop (didn't bet)



PokerStars Hand #232787713081:  Hold'em No Limit ($0.01/$0.02 USD) - 2022/01/03 12:46:12 PT [2022/01/03 15:46:12 ET]
Table 'Laomedon IV' 9-max Seat #7 is the button
Seat 1: trente-sept ($2 in chips) 
Seat 2: Philosophos ($1.88 in chips) 
Seat 3: cenfugal ($1.36 in chips) 
Seat 4: sergeyus68 ($0.86 in chips) 
Seat 6: HSR1 ($5.66 in chips) 
Seat 7: Charlie0008 ($1.95 in chips) 
Seat 8: nikolpoker ($0.81 in chips) 
Seat 9: Dorex2007 ($2.29 in chips) 
nikolpoker: posts small blind $0.01
Dorex2007: posts big blind $0.02
Guilhermanoo: sits out 
*** HOLE CARDS ***
Dealt to Dorex2007 [5d Td]
trente-sept: folds 
Philosophos: folds 
cenfugal: folds 
sergeyus68: calls $0.02
HSR1: folds 
Charlie0008: raises $0.06 to $0.08
nikolpoker: folds 
Dorex2007: folds 
sergeyus68: calls $0.06
*** FLOP *** [4c 5c Qh]
sergeyus68: checks 
Charlie0008: bets $0.11
sergeyus68: folds 
Uncalled bet ($0.11) returned to Charlie0008
Charlie0008 collected $0.18 from pot
Charlie0008: doesn't show hand 
*** SUMMARY ***
Total pot $0.19 | Rake $0.01 
Board [4c 5c Qh]
Seat 1: trente-sept folded before Flop (didn't bet)
Seat 2: Philosophos folded before Flop (didn't bet)
Seat 3: cenfugal folded before Flop (didn't bet)
Seat 4: sergeyus68 folded on the Flop
Seat 6: HSR1 folded before Flop (didn't bet)
Seat 7: Charlie0008 (button) collected ($0.18)
Seat 8: nikolpoker (small blind) folded before Flop
Seat 9: Dorex2007 (big blind) folded before Flop



PokerStars Hand #232787738570:  Hold'em No Limit ($0.01/$0.02 USD) - 2022/01/03 12:46:51 PT [2022/01/03 15:46:51 ET]
Table 'Laomedon IV' 9-max Seat #8 is the button
Seat 1: trente-sept ($2 in chips) 
Seat 2: Philosophos ($1.88 in chips) 
Seat 3: cenfugal ($1.36 in chips) 
Seat 4: sergeyus68 ($0.78 in chips) 
Seat 6: HSR1 ($5.66 in chips) 
Seat 7: Charlie0008 ($2.05 in chips) 
Seat 8: nikolpoker ($0.80 in chips) 
Seat 9: Dorex2007 ($2.27 in chips) 
Dorex2007: posts small blind $0.01
trente-sept: posts big blind $0.02
Guilhermanoo: sits out 
*** HOLE CARDS ***
Dealt to Dorex2007 [Qh Ah]
Philosophos: folds 
cenfugal: folds 
sergeyus68: folds 
HSR1: raises $0.05 to $0.07
Charlie0008: folds 
nikolpoker: folds 
Dorex2007: calls $0.06
trente-sept: calls $0.05
*** FLOP *** [Jd 9s 8d]
Dorex2007: checks 
trente-sept: bets $0.10
HSR1: folds 
Dorex2007: folds 
Uncalled bet ($0.10) returned to trente-sept
trente-sept collected $0.20 from pot
trente-sept: doesn't show hand 
*** SUMMARY ***
Total pot $0.21 | Rake $0.01 
Board [Jd 9s 8d]
Seat 1: trente-sept (big blind) collected ($0.20)
Seat 2: Philosophos folded before Flop (didn't bet)
Seat 3: cenfugal folded before Flop (didn't bet)
Seat 4: sergeyus68 folded before Flop (didn't bet)
Seat 6: HSR1 folded on the Flop
Seat 7: Charlie0008 folded before Flop (didn't bet)
Seat 8: nikolpoker (button) folded before Flop (didn't bet)
Seat 9: Dorex2007 (small blind) folded on the Flop



PokerStars Hand #232787764288:  Hold'em No Limit ($0.01/$0.02 USD) - 2022/01/03 12:47:31 PT [2022/01/03 15:47:31 ET]
Table 'Laomedon IV' 9-max Seat #9 is the button
Seat 1: trente-sept ($2.13 in chips) 
Seat 2: Philosophos ($1.88 in chips) 
Seat 3: cenfugal ($1.36 in chips) 
Seat 4: sergeyus68 ($0.78 in chips) 
Seat 6: HSR1 ($5.59 in chips) 
Seat 7: Charlie0008 ($2.05 in chips) 
Seat 8: nikolpoker ($0.80 in chips) 
Seat 9: Dorex2007 ($2.20 in chips) 
trente-sept: posts small blind $0.01
Philosophos: posts big blind $0.02
Guilhermanoo: sits out 
*** HOLE CARDS ***
Dealt to Dorex2007 [8s 4s]
cenfugal: folds 
sergeyus68: folds 
HSR1: calls $0.02
Charlie0008: folds 
nikolpoker: calls $0.02
Dorex2007: folds 
trente-sept: raises $0.04 to $0.06
Philosophos: folds 
HSR1: calls $0.04
nikolpoker: calls $0.04
*** FLOP *** [7c Qc As]
trente-sept: bets $0.10
HSR1: folds 
nikolpoker: calls $0.10
*** TURN *** [7c Qc As] [8h]
trente-sept: checks 
nikolpoker: bets $0.02
trente-sept: calls $0.02
*** RIVER *** [7c Qc As 8h] [8d]
trente-sept: bets $0.42
nikolpoker: folds 
Uncalled bet ($0.42) returned to trente-sept
trente-sept collected $0.42 from pot
trente-sept: doesn't show hand 
*** SUMMARY ***
Total pot $0.44 | Rake $0.02 
Board [7c Qc As 8h 8d]
Seat 1: trente-sept (small blind) collected ($0.42)
Seat 2: Philosophos (big blind) folded before Flop
Seat 3: cenfugal folded before Flop (didn't bet)
Seat 4: sergeyus68 folded before Flop (didn't bet)
Seat 6: HSR1 folded on the Flop
Seat 7: Charlie0008 folded before Flop (didn't bet)
Seat 8: nikolpoker folded on the River
Seat 9: Dorex2007 (button) folded before Flop (didn't bet)



PokerStars Hand #232787823321:  Hold'em No Limit ($0.01/$0.02 USD) - 2022/01/03 12:49:03 PT [2022/01/03 15:49:03 ET]
Table 'Laomedon IV' 9-max Seat #1 is the button
Seat 1: trente-sept ($2.37 in chips) 
Seat 2: Philosophos ($1.86 in chips) 
Seat 3: cenfugal ($1.36 in chips) 
Seat 4: sergeyus68 ($0.78 in chips) 
Seat 6: HSR1 ($5.53 in chips) 
Seat 7: Charlie0008 ($2.05 in chips) 
Seat 8: nikolpoker ($0.62 in chips) 
Seat 9: Dorex2007 ($2.20 in chips) 
Philosophos: posts small blind $0.01
cenfugal: posts big blind $0.02
Guilhermanoo: sits out 
*** HOLE CARDS ***
Dealt to Dorex2007 [Ts Th]
sergeyus68: calls $0.02
HSR1: raises $0.07 to $0.09
Charlie0008: folds 
nikolpoker: folds 
Dorex2007: folds 
trente-sept: calls $0.09
Philosophos: folds 
cenfugal has timed out
cenfugal: folds 
sergeyus68: calls $0.07
*** FLOP *** [Tc 2c Ah]
sergeyus68: checks 
cenfugal leaves the table
maksim-2003 joins the table at seat #3 
HSR1: bets $0.10
trente-sept: calls $0.10
sergeyus68: calls $0.10
*** TURN *** [Tc 2c Ah] [7h]
sergeyus68: checks 
HSR1: bets $0.29
trente-sept: folds 
sergeyus68: folds 
Uncalled bet ($0.29) returned to HSR1
HSR1 collected $0.58 from pot
HSR1: doesn't show hand 
*** SUMMARY ***
Total pot $0.60 | Rake $0.02 
Board [Tc 2c Ah 7h]
Seat 1: trente-sept (button) folded on the Turn
Seat 2: Philosophos (small blind) folded before Flop
Seat 3: cenfugal (big blind) folded before Flop
Seat 4: sergeyus68 folded on the Turn
Seat 6: HSR1 collected ($0.58)
Seat 7: Charlie0008 folded before Flop (didn't bet)
Seat 8: nikolpoker folded before Flop (didn't bet)
Seat 9: Dorex2007 folded before Flop (didn't bet)



PokerStars Hand #232787893004:  Hold'em No Limit ($0.01/$0.02 USD) - 2022/01/03 12:50:52 PT [2022/01/03 15:50:52 ET]
Table 'Laomedon IV' 9-max Seat #2 is the button
Seat 1: trente-sept ($2.18 in chips) 
Seat 2: Philosophos ($2 in chips) 
Seat 4: sergeyus68 ($0.59 in chips) 
Seat 5: Guilhermanoo ($0.80 in chips) 
Seat 6: HSR1 ($5.92 in chips) 
Seat 7: Charlie0008 ($2.05 in chips) 
Seat 8: nikolpoker ($0.62 in chips) 
Seat 9: Dorex2007 ($2.20 in chips) 
sergeyus68: posts small blind $0.01
Guilhermanoo: posts big blind $0.02
*** HOLE CARDS ***
Dealt to Dorex2007 [Kd 9h]
HSR1: raises $0.06 to $0.08
Charlie0008: folds 
nikolpoker: folds 
Dorex2007: folds 
trente-sept: folds 
Philosophos: calls $0.08
sergeyus68: folds 
Guilhermanoo: folds 
*** FLOP *** [2c Ks 3h]
HSR1: checks 
Philosophos: checks 
*** TURN *** [2c Ks 3h] [6h]
HSR1: checks 
Philosophos: bets $0.08
HSR1: calls $0.08
*** RIVER *** [2c Ks 3h 6h] [Ah]
HSR1: checks 
Philosophos: checks 
*** SHOW DOWN ***
HSR1: shows [Qd Ad] (a pair of Aces)
Philosophos: mucks hand 
HSR1 collected $0.34 from pot
*** SUMMARY ***
Total pot $0.35 | Rake $0.01 
Board [2c Ks 3h 6h Ah]
Seat 1: trente-sept folded before Flop (didn't bet)
Seat 2: Philosophos (button) mucked [6c 7d]
Seat 4: sergeyus68 (small blind) folded before Flop
Seat 5: Guilhermanoo (big blind) folded before Flop
Seat 6: HSR1 showed [Qd Ad] and won ($0.34) with a pair of Aces
Seat 7: Charlie0008 folded before Flop (didn't bet)
Seat 8: nikolpoker folded before Flop (didn't bet)
Seat 9: Dorex2007 folded before Flop (didn't bet)



PokerStars Hand #232787926262:  Hold'em No Limit ($0.01/$0.02 USD) - 2022/01/03 12:51:44 PT [2022/01/03 15:51:44 ET]
Table 'Laomedon IV' 9-max Seat #4 is the button
Seat 1: trente-sept ($2.18 in chips) 
Seat 2: Philosophos ($2 in chips) 
Seat 4: sergeyus68 ($0.58 in chips) 
Seat 5: Guilhermanoo ($0.78 in chips) 
Seat 6: HSR1 ($6.10 in chips) 
Seat 7: Charlie0008 ($2.05 in chips) 
Seat 8: nikolpoker ($0.62 in chips) 
Seat 9: Dorex2007 ($2.20 in chips) 
Guilhermanoo: posts small blind $0.01
HSR1: posts big blind $0.02
maksim-2003: sits out 
*** HOLE CARDS ***
Dealt to Dorex2007 [7h 3s]
Charlie0008: folds 
nikolpoker: folds 
Dorex2007: folds 
trente-sept: raises $0.02 to $0.04
Philosophos: folds 
sergeyus68: folds 
Guilhermanoo: calls $0.03
HSR1: folds 
*** FLOP *** [Ks 9d 8s]
Guilhermanoo: checks 
trente-sept: bets $0.06
Guilhermanoo: folds 
Uncalled bet ($0.06) returned to trente-sept
trente-sept collected $0.10 from pot
trente-sept: doesn't show hand 
*** SUMMARY ***
Total pot $0.10 | Rake $0 
Board [Ks 9d 8s]
Seat 1: trente-sept collected ($0.10)
Seat 2: Philosophos folded before Flop (didn't bet)
Seat 4: sergeyus68 (button) folded before Flop (didn't bet)
Seat 5: Guilhermanoo (small blind) folded on the Flop
Seat 6: HSR1 (big blind) folded before Flop
Seat 7: Charlie0008 folded before Flop (didn't bet)
Seat 8: nikolpoker folded before Flop (didn't bet)
Seat 9: Dorex2007 folded before Flop (didn't bet)



PokerStars Hand #232787945573:  Hold'em No Limit ($0.01/$0.02 USD) - 2022/01/03 12:52:14 PT [2022/01/03 15:52:14 ET]
Table 'Laomedon IV' 9-max Seat #5 is the button
Seat 1: trente-sept ($2.24 in chips) 
Seat 2: Philosophos ($2 in chips) 
Seat 4: sergeyus68 ($0.58 in chips) 
Seat 5: Guilhermanoo ($0.74 in chips) 
Seat 6: HSR1 ($6.08 in chips) 
Seat 7: Charlie0008 ($2.05 in chips) 
Seat 8: nikolpoker ($0.62 in chips) 
Seat 9: Dorex2007 ($2.20 in chips) 
HSR1: posts small blind $0.01
Charlie0008: posts big blind $0.02
maksim-2003: sits out 
*** HOLE CARDS ***
Dealt to Dorex2007 [Ad 5h]
nikolpoker: folds 
Dorex2007: folds 
trente-sept: raises $0.02 to $0.04
Philosophos: folds 
sergeyus68: calls $0.04
Guilhermanoo: calls $0.04
HSR1: calls $0.03
Charlie0008: calls $0.02
*** FLOP *** [As Jd 9d]
HSR1: checks 
Charlie0008: checks 
trente-sept: bets $0.10
sergeyus68: calls $0.10
Guilhermanoo: folds 
HSR1: folds 
Charlie0008: folds 
*** TURN *** [As Jd 9d] [3d]
trente-sept: bets $0.20
sergeyus68: calls $0.20
*** RIVER *** [As Jd 9d 3d] [Ah]
trente-sept: bets $0.39
sergeyus68: folds 
Uncalled bet ($0.39) returned to trente-sept
trente-sept collected $0.77 from pot
trente-sept: doesn't show hand 
*** SUMMARY ***
Total pot $0.80 | Rake $0.03 
Board [As Jd 9d 3d Ah]
Seat 1: trente-sept collected ($0.77)
Seat 2: Philosophos folded before Flop (didn't bet)
Seat 4: sergeyus68 folded on the River
Seat 5: Guilhermanoo (button) folded on the Flop
Seat 6: HSR1 (small blind) folded on the Flop
Seat 7: Charlie0008 (big blind) folded on the Flop
Seat 8: nikolpoker folded before Flop (didn't bet)
Seat 9: Dorex2007 folded before Flop (didn't bet)



PokerStars Hand #232787978692:  Hold'em No Limit ($0.01/$0.02 USD) - 2022/01/03 12:53:06 PT [2022/01/03 15:53:06 ET]
Table 'Laomedon IV' 9-max Seat #6 is the button
Seat 1: trente-sept ($2.67 in chips) 
Seat 2: Philosophos ($2 in chips) 
Seat 4: sergeyus68 ($0.24 in chips) 
Seat 5: Guilhermanoo ($0.70 in chips) 
Seat 6: HSR1 ($6.04 in chips) 
Seat 8: nikolpoker ($0.62 in chips) 
Seat 9: Dorex2007 ($2.20 in chips) 
nikolpoker: posts small blind $0.01
Dorex2007: posts big blind $0.02
maksim-2003: sits out 
*** HOLE CARDS ***
Dealt to Dorex2007 [8c 2d]
trente-sept: folds 
Philosophos: folds 
sergeyus68: folds 
Guilhermanoo: folds 
HSR1: folds 
nikolpoker: folds 
Uncalled bet ($0.01) returned to Dorex2007
Dorex2007 collected $0.02 from pot
Dorex2007: doesn't show hand 
*** SUMMARY ***
Total pot $0.02 | Rake $0 
Seat 1: trente-sept folded before Flop (didn't bet)
Seat 2: Philosophos folded before Flop (didn't bet)
Seat 4: sergeyus68 folded before Flop (didn't bet)
Seat 5: Guilhermanoo folded before Flop (didn't bet)
Seat 6: HSR1 (button) folded before Flop (didn't bet)
Seat 8: nikolpoker (small blind) folded before Flop
Seat 9: Dorex2007 (big blind) collected ($0.02)



PokerStars Hand #232787994289:  Hold'em No Limit ($0.01/$0.02 USD) - 2022/01/03 12:53:31 PT [2022/01/03 15:53:31 ET]
Table 'Laomedon IV' 9-max Seat #8 is the button
Seat 1: trente-sept ($2.67 in chips) 
Seat 2: Philosophos ($2 in chips) 
Seat 4: sergeyus68 ($0.24 in chips) 
Seat 5: Guilhermanoo ($0.70 in chips) 
Seat 6: HSR1 ($6.04 in chips) 
Seat 7: Charlie0008 ($2.01 in chips) 
Seat 8: nikolpoker ($0.61 in chips) 
Seat 9: Dorex2007 ($2.21 in chips) 
Dorex2007: posts small blind $0.01
trente-sept: posts big blind $0.02
maksim-2003: sits out 
Charlie0008: posts small blind $0.01
*** HOLE CARDS ***
Dealt to Dorex2007 [8d 8c]
Philosophos: folds 
sergeyus68: calls $0.02
Guilhermanoo: folds 
HSR1: folds 
Charlie0008: folds 
nikolpoker: folds 
Dorex2007: calls $0.01
trente-sept: checks 
*** FLOP *** [7c 7s Ts]
Dorex2007: bets $0.05
trente-sept: folds 
sergeyus68: calls $0.05
*** TURN *** [7c 7s Ts] [Kh]
Dorex2007: checks 
sergeyus68: checks 
*** RIVER *** [7c 7s Ts Kh] [9h]
Dorex2007: bets $0.08
sergeyus68: folds 
Uncalled bet ($0.08) returned to Dorex2007
Dorex2007 collected $0.16 from pot
Dorex2007: doesn't show hand 
*** SUMMARY ***
Total pot $0.17 | Rake $0.01 
Board [7c 7s Ts Kh 9h]
Seat 1: trente-sept (big blind) folded on the Flop
Seat 2: Philosophos folded before Flop (didn't bet)
Seat 4: sergeyus68 folded on the River
Seat 5: Guilhermanoo folded before Flop (didn't bet)
Seat 6: HSR1 folded before Flop (didn't bet)
Seat 7: Charlie0008 folded before Flop (didn't bet)
Seat 8: nikolpoker (button) folded before Flop (didn't bet)
Seat 9: Dorex2007 (small blind) collected ($0.16)



PokerStars Hand #232788026124:  Hold'em No Limit ($0.01/$0.02 USD) - 2022/01/03 12:54:20 PT [2022/01/03 15:54:20 ET]
Table 'Laomedon IV' 9-max Seat #9 is the button
Seat 1: trente-sept ($2.65 in chips) 
Seat 2: Philosophos ($2 in chips) 
Seat 4: sergeyus68 ($0.17 in chips) 
Seat 5: Guilhermanoo ($0.70 in chips) 
Seat 6: HSR1 ($6.04 in chips) 
Seat 7: Charlie0008 ($2 in chips) 
Seat 8: nikolpoker ($0.61 in chips) 
Seat 9: Dorex2007 ($2.30 in chips) 
trente-sept: posts small blind $0.01
Philosophos: posts big blind $0.02
maksim-2003: sits out 
*** HOLE CARDS ***
Dealt to Dorex2007 [9s Kd]
sergeyus68: folds 
Guilhermanoo: folds 
HSR1: folds 
Charlie0008: raises $0.04 to $0.06
nikolpoker: folds 
Dorex2007: folds 
trente-sept: calls $0.05
Philosophos: folds 
*** FLOP *** [7d Tc Ts]
trente-sept: checks 
Charlie0008: bets $0.09
trente-sept: calls $0.09
*** TURN *** [7d Tc Ts] [Ac]
trente-sept: bets $0.16
Charlie0008: calls $0.16
*** RIVER *** [7d Tc Ts Ac] [9c]
trente-sept: checks 
Charlie0008: checks 
*** SHOW DOWN ***
trente-sept: shows [4d Ah] (two pair, Aces and Tens)
Charlie0008: shows [Kh Ad] (two pair, Aces and Tens - King kicker)
Charlie0008 collected $0.62 from pot
*** SUMMARY ***
Total pot $0.64 | Rake $0.02 
Board [7d Tc Ts Ac 9c]
Seat 1: trente-sept (small blind) showed [4d Ah] and lost with two pair, Aces and Tens
Seat 2: Philosophos (big blind) folded before Flop
Seat 4: sergeyus68 folded before Flop (didn't bet)
Seat 5: Guilhermanoo folded before Flop (didn't bet)
Seat 6: HSR1 folded before Flop (didn't bet)
Seat 7: Charlie0008 showed [Kh Ad] and won ($0.62) with two pair, Aces and Tens
Seat 8: nikolpoker folded before Flop (didn't bet)
Seat 9: Dorex2007 (button) folded before Flop (didn't bet)



PokerStars Hand #232788062801:  Hold'em No Limit ($0.01/$0.02 USD) - 2022/01/03 12:55:09 PT [2022/01/03 15:55:09 ET]
Table 'Laomedon IV' 9-max Seat #1 is the button
Seat 1: trente-sept ($2.34 in chips) 
Seat 2: Philosophos ($2 in chips) 
Seat 3: maksim-2003 ($2 in chips) 
Seat 4: sergeyus68 ($0.17 in chips) 
Seat 5: Guilhermanoo ($0.70 in chips) 
Seat 6: HSR1 ($6.04 in chips) 
Seat 7: Charlie0008 ($2.31 in chips) 
Seat 8: nikolpoker ($0.61 in chips) 
Seat 9: Dorex2007 ($2.30 in chips) 
Philosophos: posts small blind $0.01
maksim-2003: posts big blind $0.02
*** HOLE CARDS ***
Dealt to Dorex2007 [4c 4d]
sergeyus68: calls $0.02
Guilhermanoo: folds 
HSR1: folds 
Charlie0008: folds 
nikolpoker: folds 
Dorex2007: folds 
trente-sept: folds 
Philosophos: folds 
maksim-2003: checks 
*** FLOP *** [3c Jd Kd]
maksim-2003: checks 
sergeyus68: bets $0.02
maksim-2003: folds 
Uncalled bet ($0.02) returned to sergeyus68
sergeyus68 collected $0.05 from pot
sergeyus68: doesn't show hand 
*** SUMMARY ***
Total pot $0.05 | Rake $0 
Board [3c Jd Kd]
Seat 1: trente-sept (button) folded before Flop (didn't bet)
Seat 2: Philosophos (small blind) folded before Flop
Seat 3: maksim-2003 (big blind) folded on the Flop
Seat 4: sergeyus68 collected ($0.05)
Seat 5: Guilhermanoo folded before Flop (didn't bet)
Seat 6: HSR1 folded before Flop (didn't bet)
Seat 7: Charlie0008 folded before Flop (didn't bet)
Seat 8: nikolpoker folded before Flop (didn't bet)
Seat 9: Dorex2007 folded before Flop (didn't bet)



PokerStars Hand #232788082932:  Hold'em No Limit ($0.01/$0.02 USD) - 2022/01/03 12:55:41 PT [2022/01/03 15:55:41 ET]
Table 'Laomedon IV' 9-max Seat #2 is the button
Seat 1: trente-sept ($2.34 in chips) 
Seat 2: Philosophos ($2 in chips) 
Seat 3: maksim-2003 ($2 in chips) 
Seat 4: sergeyus68 ($0.20 in chips) 
Seat 5: Guilhermanoo ($0.70 in chips) 
Seat 6: HSR1 ($6.04 in chips) 
Seat 7: Charlie0008 ($2.31 in chips) 
Seat 8: nikolpoker ($0.61 in chips) 
Seat 9: Dorex2007 ($2.30 in chips) 
maksim-2003: posts small blind $0.01
sergeyus68: posts big blind $0.02
*** HOLE CARDS ***
Dealt to Dorex2007 [Ac Td]
Guilhermanoo: folds 
HSR1: raises $0.02 to $0.04
Charlie0008: folds 
nikolpoker: folds 
Dorex2007: folds 
trente-sept: folds 
Philosophos: calls $0.04
maksim-2003: folds 
sergeyus68: calls $0.02
*** FLOP *** [Js 5d 6s]
sergeyus68: checks 
HSR1: checks 
Philosophos: bets $0.07
sergeyus68: folds 
HSR1: calls $0.07
*** TURN *** [Js 5d 6s] [3s]
HSR1: checks 
Philosophos: checks 
*** RIVER *** [Js 5d 6s 3s] [4d]
HSR1: checks 
Philosophos: bets $0.22
HSR1: folds 
Uncalled bet ($0.22) returned to Philosophos
Philosophos collected $0.26 from pot
*** SUMMARY ***
Total pot $0.27 | Rake $0.01 
Board [Js 5d 6s 3s 4d]
Seat 1: trente-sept folded before Flop (didn't bet)
Seat 2: Philosophos (button) collected ($0.26)
Seat 3: maksim-2003 (small blind) folded before Flop
Seat 4: sergeyus68 (big blind) folded on the Flop
Seat 5: Guilhermanoo folded before Flop (didn't bet)
Seat 6: HSR1 folded on the River
Seat 7: Charlie0008 folded before Flop (didn't bet)
Seat 8: nikolpoker folded before Flop (didn't bet)
Seat 9: Dorex2007 folded before Flop (didn't bet)



PokerStars Hand #232788111116:  Hold'em No Limit ($0.01/$0.02 USD) - 2022/01/03 12:56:45 PT [2022/01/03 15:56:45 ET]
Table 'Laomedon IV' 9-max Seat #3 is the button
Seat 1: trente-sept ($2.34 in chips) 
Seat 2: Philosophos ($2.15 in chips) 
Seat 3: maksim-2003 ($2 in chips) 
Seat 4: sergeyus68 ($0.16 in chips) 
Seat 5: Guilhermanoo ($0.70 in chips) 
Seat 6: HSR1 ($5.93 in chips) 
Seat 7: Charlie0008 ($2.31 in chips) 
Seat 8: nikolpoker ($0.61 in chips) 
Seat 9: Dorex2007 ($2.30 in chips) 
sergeyus68: posts small blind $0.01
Guilhermanoo: posts big blind $0.02
*** HOLE CARDS ***
Dealt to Dorex2007 [8h Ts]
HSR1: folds 
Charlie0008: raises $0.04 to $0.06
nikolpoker: calls $0.06
Dorex2007: folds 
trente-sept: folds 
Philosophos: folds 
maksim-2003: folds 
sergeyus68: folds 
Guilhermanoo: calls $0.04
*** FLOP *** [5s 8s Qd]
Guilhermanoo: checks 
Charlie0008: bets $0.07
nikolpoker: calls $0.07
Guilhermanoo: folds 
*** TURN *** [5s 8s Qd] [Ac]
Charlie0008: checks 
nikolpoker: bets $0.02
Charlie0008: calls $0.02
*** RIVER *** [5s 8s Qd Ac] [6s]
Charlie0008: checks 
nikolpoker: checks 
*** SHOW DOWN ***
Charlie0008: shows [6d 6c] (three of a kind, Sixes)
nikolpoker: mucks hand 
Charlie0008 collected $0.36 from pot
*** SUMMARY ***
Total pot $0.37 | Rake $0.01 
Board [5s 8s Qd Ac 6s]
Seat 1: trente-sept folded before Flop (didn't bet)
Seat 2: Philosophos folded before Flop (didn't bet)
Seat 3: maksim-2003 (button) folded before Flop (didn't bet)
Seat 4: sergeyus68 (small blind) folded before Flop
Seat 5: Guilhermanoo (big blind) folded on the Flop
Seat 6: HSR1 folded before Flop (didn't bet)
Seat 7: Charlie0008 showed [6d 6c] and won ($0.36) with three of a kind, Sixes
Seat 8: nikolpoker mucked [Qh Kd]
Seat 9: Dorex2007 folded before Flop (didn't bet)



PokerStars Hand #232788132604:  Hold'em No Limit ($0.01/$0.02 USD) - 2022/01/03 12:57:34 PT [2022/01/03 15:57:34 ET]
Table 'Laomedon IV' 9-max Seat #4 is the button
Seat 1: trente-sept ($2.34 in chips) 
Seat 2: Philosophos ($2.15 in chips) 
Seat 3: maksim-2003 ($2 in chips) 
Seat 4: sergeyus68 ($0.15 in chips) 
Seat 5: Guilhermanoo ($0.64 in chips) 
Seat 6: HSR1 ($5.93 in chips) 
Seat 7: Charlie0008 ($2.52 in chips) 
Seat 8: nikolpoker ($0.46 in chips) 
Seat 9: Dorex2007 ($2.30 in chips) 
Guilhermanoo: posts small blind $0.01
HSR1: posts big blind $0.02
*** HOLE CARDS ***
Dealt to Dorex2007 [5c Qd]
Charlie0008: folds 
nikolpoker: folds 
Dorex2007: folds 
trente-sept: raises $0.02 to $0.04
Philosophos: folds 
maksim-2003: folds 
sergeyus68: folds 
Guilhermanoo: calls $0.03
HSR1: calls $0.02
*** FLOP *** [4c 2h 6c]
Guilhermanoo: checks 
HSR1: checks 
trente-sept: bets $0.06
Guilhermanoo: folds 
HSR1: calls $0.06
*** TURN *** [4c 2h 6c] [5d]
HSR1: checks 
trente-sept: bets $0.12
HSR1: folds 
Uncalled bet ($0.12) returned to trente-sept
trente-sept collected $0.23 from pot
trente-sept: doesn't show hand 
*** SUMMARY ***
Total pot $0.24 | Rake $0.01 
Board [4c 2h 6c 5d]
Seat 1: trente-sept collected ($0.23)
Seat 2: Philosophos folded before Flop (didn't bet)
Seat 3: maksim-2003 folded before Flop (didn't bet)
Seat 4: sergeyus68 (button) folded before Flop (didn't bet)
Seat 5: Guilhermanoo (small blind) folded on the Flop
Seat 6: HSR1 (big blind) folded on the Turn
Seat 7: Charlie0008 folded before Flop (didn't bet)
Seat 8: nikolpoker folded before Flop (didn't bet)
Seat 9: Dorex2007 folded before Flop (didn't bet)



PokerStars Hand #232788163732:  Hold'em No Limit ($0.01/$0.02 USD) - 2022/01/03 12:58:45 PT [2022/01/03 15:58:45 ET]
Table 'Laomedon IV' 9-max Seat #5 is the button
Seat 1: trente-sept ($2.47 in chips) 
Seat 2: Philosophos ($2.15 in chips) 
Seat 3: maksim-2003 ($2 in chips) 
Seat 4: sergeyus68 ($0.15 in chips) 
Seat 5: Guilhermanoo ($0.60 in chips) 
Seat 6: HSR1 ($5.83 in chips) 
Seat 8: nikolpoker ($0.46 in chips) 
Seat 9: Dorex2007 ($2.30 in chips) 
HSR1: posts small blind $0.01
Charlie0008: is sitting out 
nikolpoker: posts big blind $0.02
*** HOLE CARDS ***
Dealt to Dorex2007 [9d 6c]
Dorex2007 has timed out
Dorex2007: folds 
trente-sept: raises $0.02 to $0.04
Philosophos: folds 
maksim-2003: folds 
sergeyus68: folds 
Guilhermanoo: folds 
HSR1: folds 
nikolpoker: folds 
Uncalled bet ($0.02) returned to trente-sept
trente-sept collected $0.05 from pot
trente-sept: doesn't show hand 
*** SUMMARY ***
Total pot $0.05 | Rake $0 
Seat 1: trente-sept collected ($0.05)
Seat 2: Philosophos folded before Flop (didn't bet)
Seat 3: maksim-2003 folded before Flop (didn't bet)
Seat 4: sergeyus68 folded before Flop (didn't bet)
Seat 5: Guilhermanoo (button) folded before Flop (didn't bet)
Seat 6: HSR1 (small blind) folded before Flop
Seat 8: nikolpoker (big blind) folded before Flop
Seat 9: Dorex2007 folded before Flop (didn't bet)



PokerStars Hand #232788182370:  Hold'em No Limit ($0.01/$0.02 USD) - 2022/01/03 12:59:27 PT [2022/01/03 15:59:27 ET]
Table 'Laomedon IV' 9-max Seat #6 is the button
Seat 1: trente-sept ($2.50 in chips) 
Seat 2: Philosophos ($2.15 in chips) 
Seat 3: maksim-2003 ($2 in chips) 
Seat 4: sergeyus68 ($0.15 in chips) 
Seat 5: Guilhermanoo ($0.60 in chips) 
Seat 6: HSR1 ($5.82 in chips) 
Seat 8: nikolpoker ($0.44 in chips) 
Seat 9: Dorex2007 ($2.30 in chips) 
nikolpoker: posts small blind $0.01
Dorex2007: posts big blind $0.02
*** HOLE CARDS ***
Dealt to Dorex2007 [4d 3d]
trente-sept: raises $0.02 to $0.04
Philosophos: folds 
maksim-2003: folds 
sergeyus68: calls $0.04
Guilhermanoo: folds 
HSR1: calls $0.04
nikolpoker: calls $0.03
Dorex2007: folds 
*** FLOP *** [3h Jc 7s]
nikolpoker: checks 
trente-sept: bets $0.09
sergeyus68: calls $0.09
HSR1: folds 
nikolpoker: folds 
*** TURN *** [3h Jc 7s] [8d]
trente-sept: bets $0.35
sergeyus68: calls $0.02 and is all-in
Uncalled bet ($0.33) returned to trente-sept
*** RIVER *** [3h Jc 7s 8d] [Ks]
*** SHOW DOWN ***
trente-sept: shows [8c 7c] (two pair, Eights and Sevens)
sergeyus68: shows [6s Js] (a pair of Jacks)
trente-sept collected $0.39 from pot
sergeyus68 cashed out the hand for $0.07
*** SUMMARY ***
Total pot $0.40 | Rake $0.01 
Board [3h Jc 7s 8d Ks]
Seat 1: trente-sept showed [8c 7c] and won ($0.39) with two pair, Eights and Sevens
Seat 2: Philosophos folded before Flop (didn't bet)
Seat 3: maksim-2003 folded before Flop (didn't bet)
Seat 4: sergeyus68 showed [6s Js] and lost with a pair of Jacks (cashed out).
Seat 5: Guilhermanoo folded before Flop (didn't bet)
Seat 6: HSR1 (button) folded on the Flop
Seat 8: nikolpoker (small blind) folded on the Flop
Seat 9: Dorex2007 (big blind) folded before Flop



PokerStars Hand #232788204415:  Hold'em No Limit ($0.01/$0.02 USD) - 2022/01/03 13:00:15 PT [2022/01/03 16:00:15 ET]
Table 'Laomedon IV' 9-max Seat #8 is the button
Seat 1: trente-sept ($2.74 in chips) 
Seat 2: Philosophos ($2.15 in chips) 
Seat 3: maksim-2003 ($2 in chips) 
Seat 4: sergeyus68 ($0.07 in chips) 
Seat 5: Guilhermanoo ($0.60 in chips) 
Seat 6: HSR1 ($5.78 in chips) 
Seat 8: nikolpoker ($0.40 in chips) 
Seat 9: Dorex2007 ($2.28 in chips) 
Dorex2007: posts small blind $0.01
trente-sept: posts big blind $0.02
*** HOLE CARDS ***
Dealt to Dorex2007 [Ah 4c]
Philosophos: folds 
maksim-2003: folds 
Philosophos leaves the table
sergeyus68: calls $0.02
Guilhermanoo: folds 
igor6316 joins the table at seat #2 
HSR1: raises $0.07 to $0.09
nikolpoker: folds 
Dorex2007: folds 
trente-sept: calls $0.07
sergeyus68: calls $0.05 and is all-in
*** FLOP *** [3d 9d Td]
trente-sept: bets $0.13
HSR1: calls $0.13
*** TURN *** [3d 9d Td] [Kd]
trente-sept: bets $2.52 and is all-in
HSR1: calls $2.52
*** RIVER *** [3d 9d Td Kd] [2s]
*** SHOW DOWN ***
trente-sept: shows [8s Ad] (a flush, Ace high)
HSR1: shows [Jh Jd] (a flush, King high)
trente-sept collected $5.16 from side pot
sergeyus68: shows [9c Ks] (two pair, Kings and Nines)
trente-sept collected $0.21 from main pot
sergeyus68 cashed out the hand for $0.02
*** SUMMARY ***
Total pot $5.56 Main pot $0.21. Side pot $5.16. | Rake $0.19 
Board [3d 9d Td Kd 2s]
Seat 1: trente-sept (big blind) showed [8s Ad] and won ($5.37) with a flush, Ace high
Seat 2: Philosophos folded before Flop (didn't bet)
Seat 3: maksim-2003 folded before Flop (didn't bet)
Seat 4: sergeyus68 showed [9c Ks] and lost with two pair, Kings and Nines (cashed out).
Seat 5: Guilhermanoo folded before Flop (didn't bet)
Seat 6: HSR1 showed [Jh Jd] and lost with a flush, King high
Seat 8: nikolpoker (button) folded before Flop (didn't bet)
Seat 9: Dorex2007 (small blind) folded before Flop



PokerStars Hand #232788234066:  Hold'em No Limit ($0.01/$0.02 USD) - 2022/01/03 13:01:15 PT [2022/01/03 16:01:15 ET]
Table 'Laomedon IV' 9-max Seat #9 is the button
Seat 1: trente-sept ($5.37 in chips) 
Seat 2: igor6316 ($0.80 in chips) 
Seat 3: maksim-2003 ($2 in chips) 
Seat 4: sergeyus68 ($0.02 in chips) 
Seat 5: Guilhermanoo ($0.60 in chips) 
Seat 6: HSR1 ($3.04 in chips) 
Seat 8: nikolpoker ($0.40 in chips) 
Seat 9: Dorex2007 ($2.27 in chips) 
trente-sept: posts small blind $0.01
igor6316: posts big blind $0.02
*** HOLE CARDS ***
Dealt to Dorex2007 [9s 7h]
maksim-2003: folds 
sergeyus68: calls $0.02 and is all-in
Guilhermanoo: folds 
HSR1: raises $0.07 to $0.09
nikolpoker: calls $0.09
Dorex2007: folds 
trente-sept: folds 
igor6316: folds 
*** FLOP *** [Qs Td 7s]
HSR1: checks 
nikolpoker: bets $0.02
HSR1: raises $0.13 to $0.15
nikolpoker: calls $0.13
*** TURN *** [Qs Td 7s] [Kh]
HSR1: checks 
nikolpoker: checks 
*** RIVER *** [Qs Td 7s Kh] [3s]
HSR1: bets $0.26
nikolpoker: folds 
Uncalled bet ($0.26) returned to HSR1
*** SHOW DOWN ***
HSR1: shows [Ad 5h] (high card Ace)
HSR1 collected $0.42 from side pot
sergeyus68: shows [Js 2s] (a flush, Queen high)
sergeyus68 collected $0.09 from main pot
*** SUMMARY ***
Total pot $0.53 Main pot $0.09. Side pot $0.42. | Rake $0.02 
Board [Qs Td 7s Kh 3s]
Seat 1: trente-sept (small blind) folded before Flop
Seat 2: igor6316 (big blind) folded before Flop
Seat 3: maksim-2003 folded before Flop (didn't bet)
Seat 4: sergeyus68 showed [Js 2s] and won ($0.09) with a flush, Queen high
Seat 5: Guilhermanoo folded before Flop (didn't bet)
Seat 6: HSR1 showed [Ad 5h] and won ($0.42) with high card Ace
Seat 8: nikolpoker folded on the River
Seat 9: Dorex2007 (button) folded before Flop (didn't bet)



PokerStars Hand #232788273527:  Hold'em No Limit ($0.01/$0.02 USD) - 2022/01/03 13:02:23 PT [2022/01/03 16:02:23 ET]
Table 'Laomedon IV' 9-max Seat #1 is the button
Seat 1: trente-sept ($5.36 in chips) 
Seat 2: igor6316 ($0.78 in chips) 
Seat 3: maksim-2003 ($2 in chips) 
Seat 4: sergeyus68 ($0.09 in chips) 
Seat 5: Guilhermanoo ($0.60 in chips) 
Seat 6: HSR1 ($3.22 in chips) 
Seat 8: nikolpoker ($0.16 in chips) 
Seat 9: Dorex2007 ($2.27 in chips) 
igor6316: posts small blind $0.01
maksim-2003: posts big blind $0.02
*** HOLE CARDS ***
Dealt to Dorex2007 [2d 2h]
sergeyus68: calls $0.02
Guilhermanoo: folds 
HSR1: raises $0.04 to $0.06
nikolpoker: folds 
Dorex2007: folds 
trente-sept: calls $0.06
igor6316: folds 
maksim-2003: folds 
sergeyus68: calls $0.04
*** FLOP *** [3s 6s 8c]
sergeyus68: checks 
HSR1: checks 
trente-sept: checks 
*** TURN *** [3s 6s 8c] [Jc]
sergeyus68: bets $0.02
HSR1: raises $0.12 to $0.14
trente-sept: folds 
sergeyus68: calls $0.01 and is all-in
Uncalled bet ($0.11) returned to HSR1
*** RIVER *** [3s 6s 8c Jc] [7d]
*** SHOW DOWN ***
sergeyus68: shows [Jd 9s] (a pair of Jacks)
HSR1: shows [Js Th] (a pair of Jacks - Ten kicker)
sergeyus68 cashed out the hand for $0.02
HSR1 cashed out the hand for $0.24
*** SUMMARY ***
Total pot $0.27 | Rake $0.01 
Board [3s 6s 8c Jc 7d]
Seat 1: trente-sept (button) folded on the Turn
Seat 2: igor6316 (small blind) folded before Flop
Seat 3: maksim-2003 (big blind) folded before Flop
Seat 4: sergeyus68 showed [Jd 9s] and lost with a pair of Jacks (cashed out).
Seat 5: Guilhermanoo folded before Flop (didn't bet)
Seat 6: HSR1 showed [Js Th] and won ($0.26) with a pair of Jacks (pot not awarded as player cashed out)
Seat 8: nikolpoker folded before Flop (didn't bet)
Seat 9: Dorex2007 folded before Flop (didn't bet)



PokerStars Hand #232788311833:  Hold'em No Limit ($0.01/$0.02 USD) - 2022/01/03 13:03:23 PT [2022/01/03 16:03:23 ET]
Table 'Laomedon IV' 9-max Seat #2 is the button
Seat 1: trente-sept ($5.30 in chips) 
Seat 2: igor6316 ($0.77 in chips) 
Seat 3: maksim-2003 ($2 in chips) 
Seat 4: sergeyus68 ($0.02 in chips) 
Seat 5: Guilhermanoo ($0.60 in chips) 
Seat 6: HSR1 ($3.37 in chips) 
Seat 8: nikolpoker ($0.16 in chips) 
Seat 9: Dorex2007 ($2.27 in chips) 
maksim-2003: posts small blind $0.01
sergeyus68: posts big blind $0.02 and is all-in
*** HOLE CARDS ***
Dealt to Dorex2007 [3h Tc]
Guilhermanoo: folds 
HSR1: raises $0.05 to $0.07
nikolpoker: folds 
Dorex2007: folds 
trente-sept: calls $0.07
igor6316: folds 
maksim-2003: folds 
*** FLOP *** [Td 8s Js]
HSR1: bets $0.08
trente-sept: raises $0.08 to $0.16
HSR1: calls $0.08
*** TURN *** [Td 8s Js] [6d]
HSR1: checks 
trente-sept: checks 
*** RIVER *** [Td 8s Js 6d] [5h]
HSR1: checks 
trente-sept: checks 
*** SHOW DOWN ***
HSR1: shows [Jd Qh] (a pair of Jacks)
trente-sept: mucks hand 
HSR1 collected $0.40 from side pot
sergeyus68: mucks hand 
HSR1 collected $0.07 from main pot
*** SUMMARY ***
Total pot $0.49 Main pot $0.07. Side pot $0.40. | Rake $0.02 
Board [Td 8s Js 6d 5h]
Seat 1: trente-sept mucked [Kc 9s]
Seat 2: igor6316 (button) folded before Flop (didn't bet)
Seat 3: maksim-2003 (small blind) folded before Flop
Seat 4: sergeyus68 (big blind) mucked [3s 4h]
Seat 5: Guilhermanoo folded before Flop (didn't bet)
Seat 6: HSR1 showed [Jd Qh] and won ($0.47) with a pair of Jacks
Seat 8: nikolpoker folded before Flop (didn't bet)
Seat 9: Dorex2007 folded before Flop (didn't bet)



PokerStars Hand #232788335552:  Hold'em No Limit ($0.01/$0.02 USD) - 2022/01/03 13:04:00 PT [2022/01/03 16:04:00 ET]
Table 'Laomedon IV' 9-max Seat #3 is the button
Seat 1: trente-sept ($5.07 in chips) 
Seat 2: igor6316 ($0.77 in chips) 
Seat 3: maksim-2003 ($2 in chips) 
Seat 4: sergeyus68 ($1 in chips) 
Seat 5: Guilhermanoo ($0.60 in chips) 
Seat 6: HSR1 ($3.61 in chips) 
Seat 8: nikolpoker ($0.16 in chips) 
Seat 9: Dorex2007 ($2.27 in chips) 
sergeyus68: posts small blind $0.01
Guilhermanoo: posts big blind $0.02
*** HOLE CARDS ***
Dealt to Dorex2007 [Qh 2c]
HSR1: calls $0.02
nikolpoker: folds 
Dorex2007: folds 
trente-sept: folds 
igor6316: folds 
maksim-2003: folds 
sergeyus68: raises $0.02 to $0.04
Guilhermanoo: calls $0.02
HSR1: calls $0.02
*** FLOP *** [As 5s Kd]
sergeyus68: bets $0.02
Guilhermanoo: folds 
HSR1: folds 
Uncalled bet ($0.02) returned to sergeyus68
sergeyus68 collected $0.12 from pot
sergeyus68: doesn't show hand 
*** SUMMARY ***
Total pot $0.12 | Rake $0 
Board [As 5s Kd]
Seat 1: trente-sept folded before Flop (didn't bet)
Seat 2: igor6316 folded before Flop (didn't bet)
Seat 3: maksim-2003 (button) folded before Flop (didn't bet)
Seat 4: sergeyus68 (small blind) collected ($0.12)
Seat 5: Guilhermanoo (big blind) folded on the Flop
Seat 6: HSR1 folded on the Flop
Seat 8: nikolpoker folded before Flop (didn't bet)
Seat 9: Dorex2007 folded before Flop (didn't bet)



PokerStars Hand #232788358106:  Hold'em No Limit ($0.01/$0.02 USD) - 2022/01/03 13:04:35 PT [2022/01/03 16:04:35 ET]
Table 'Laomedon IV' 9-max Seat #4 is the button
Seat 1: trente-sept ($5.07 in chips) 
Seat 2: igor6316 ($0.77 in chips) 
Seat 3: maksim-2003 ($2 in chips) 
Seat 4: sergeyus68 ($1.08 in chips) 
Seat 5: Guilhermanoo ($0.56 in chips) 
Seat 6: HSR1 ($3.57 in chips) 
Seat 8: nikolpoker ($0.16 in chips) 
Seat 9: Dorex2007 ($2.27 in chips) 
Guilhermanoo: posts small blind $0.01
HSR1: posts big blind $0.02
*** HOLE CARDS ***
Dealt to Dorex2007 [Kc 4d]
nikolpoker has timed out
nikolpoker: folds 
Dorex2007: folds 
trente-sept: folds 
igor6316: folds 
maksim-2003: raises $0.04 to $0.06
sergeyus68: folds 
Guilhermanoo: folds 
HSR1: folds 
Uncalled bet ($0.04) returned to maksim-2003
maksim-2003 collected $0.05 from pot
maksim-2003: doesn't show hand 
*** SUMMARY ***
Total pot $0.05 | Rake $0 
Seat 1: trente-sept folded before Flop (didn't bet)
Seat 2: igor6316 folded before Flop (didn't bet)
Seat 3: maksim-2003 collected ($0.05)
Seat 4: sergeyus68 (button) folded before Flop (didn't bet)
Seat 5: Guilhermanoo (small blind) folded before Flop
Seat 6: HSR1 (big blind) folded before Flop
Seat 8: nikolpoker folded before Flop (didn't bet)
Seat 9: Dorex2007 folded before Flop (didn't bet)



PokerStars Hand #232788377177:  Hold'em No Limit ($0.01/$0.02 USD) - 2022/01/03 13:05:05 PT [2022/01/03 16:05:05 ET]
Table 'Laomedon IV' 9-max Seat #5 is the button
Seat 1: trente-sept ($5.07 in chips) 
Seat 2: igor6316 ($0.77 in chips) 
Seat 3: maksim-2003 ($2.03 in chips) 
Seat 5: Guilhermanoo ($0.55 in chips) 
Seat 6: HSR1 ($3.55 in chips) 
Seat 8: nikolpoker ($0.16 in chips) 
Seat 9: Dorex2007 ($2.27 in chips) 
HSR1: posts small blind $0.01
nikolpoker: posts big blind $0.02
*** HOLE CARDS ***
Dealt to Dorex2007 [9h 8c]
Dorex2007: folds 
trente-sept: folds 
igor6316: folds 
maksim-2003: folds 
Guilhermanoo: raises $0.04 to $0.06
HSR1: calls $0.05
nikolpoker: calls $0.04
*** FLOP *** [4d Qh 3c]
HSR1: checks 
nikolpoker: checks 
Guilhermanoo: bets $0.09
HSR1: raises $0.18 to $0.27
nikolpoker: folds 
Guilhermanoo: folds 
Uncalled bet ($0.18) returned to HSR1
HSR1 collected $0.35 from pot
HSR1: doesn't show hand 
*** SUMMARY ***
Total pot $0.36 | Rake $0.01 
Board [4d Qh 3c]
Seat 1: trente-sept folded before Flop (didn't bet)
Seat 2: igor6316 folded before Flop (didn't bet)
Seat 3: maksim-2003 folded before Flop (didn't bet)
Seat 5: Guilhermanoo (button) folded on the Flop
Seat 6: HSR1 (small blind) collected ($0.35)
Seat 8: nikolpoker (big blind) folded on the Flop
Seat 9: Dorex2007 folded before Flop (didn't bet)



PokerStars Hand #232788482509:  Hold'em No Limit ($0.01/$0.02 USD) - 2022/01/03 13:07:34 PT [2022/01/03 16:07:34 ET]
Table 'Laomedon IV' 9-max Seat #2 is the button
Seat 1: trente-sept ($5.16 in chips) 
Seat 2: igor6316 ($0.74 in chips) 
Seat 3: maksim-2003 ($2.01 in chips) 
Seat 4: sergeyus68 ($1.08 in chips) 
Seat 5: Guilhermanoo ($0.40 in chips) 
Seat 6: HSR1 ($3.72 in chips) 
Seat 8: nikolpoker ($0.09 in chips) 
Seat 9: Dorex2007 ($2.27 in chips) 
maksim-2003: posts small blind $0.01
sergeyus68: posts big blind $0.02
Dorex2007: posts small & big blinds $0.03
*** HOLE CARDS ***
Dealt to Dorex2007 [2d Ac]
Guilhermanoo has timed out
Guilhermanoo: folds 
HSR1: folds 
nikolpoker: folds 
Dorex2007: checks 
trente-sept: raises $0.02 to $0.04
igor6316: folds 
maksim-2003: calls $0.03
sergeyus68: calls $0.02
Dorex2007: folds 
*** FLOP *** [9s Td Ad]
maksim-2003: checks 
sergeyus68: bets $0.02
trente-sept: calls $0.02
maksim-2003: folds 
*** TURN *** [9s Td Ad] [Js]
sergeyus68: bets $0.09
trente-sept: calls $0.09
*** RIVER *** [9s Td Ad Js] [4s]
sergeyus68: bets $0.18
trente-sept: folds 
Uncalled bet ($0.18) returned to sergeyus68
sergeyus68 collected $0.36 from pot
sergeyus68: doesn't show hand 
*** SUMMARY ***
Total pot $0.37 | Rake $0.01 
Board [9s Td Ad Js 4s]
Seat 1: trente-sept folded on the River
Seat 2: igor6316 (button) folded before Flop (didn't bet)
Seat 3: maksim-2003 (small blind) folded on the Flop
Seat 4: sergeyus68 (big blind) collected ($0.36)
Seat 5: Guilhermanoo folded before Flop (didn't bet)
Seat 6: HSR1 folded before Flop (didn't bet)
Seat 8: nikolpoker folded before Flop (didn't bet)
Seat 9: Dorex2007 folded before Flop (didn't bet)



PokerStars Hand #232788524693:  Hold'em No Limit ($0.01/$0.02 USD) - 2022/01/03 13:08:39 PT [2022/01/03 16:08:39 ET]
Table 'Laomedon IV' 9-max Seat #3 is the button
Seat 1: trente-sept ($5.01 in chips) 
Seat 2: igor6316 ($0.74 in chips) 
Seat 3: maksim-2003 ($2 in chips) 
Seat 4: sergeyus68 ($1.29 in chips) 
Seat 5: Guilhermanoo ($0.40 in chips) 
Seat 6: HSR1 ($3.72 in chips) 
Seat 8: nikolpoker ($0.09 in chips) 
Seat 9: Dorex2007 ($2.24 in chips) 
sergeyus68: posts small blind $0.01
Guilhermanoo: posts big blind $0.02
*** HOLE CARDS ***
Dealt to Dorex2007 [4s 6d]
HSR1: folds 
nikolpoker: raises $0.02 to $0.04
Dorex2007: folds 
trente-sept: folds 
igor6316: folds 
maksim-2003: calls $0.04
sergeyus68: calls $0.03
Guilhermanoo: raises $0.08 to $0.12
nikolpoker: calls $0.05 and is all-in
maksim-2003: folds 
sergeyus68: folds 
Uncalled bet ($0.03) returned to Guilhermanoo
nikolpoker has timed out
*** FLOP *** [6s 3s 5d]
*** TURN *** [6s 3s 5d] [Th]
*** RIVER *** [6s 3s 5d Th] [Ts]
*** SHOW DOWN ***
Guilhermanoo: shows [9c 9h] (two pair, Tens and Nines)
nikolpoker: shows [Qd Kc] (a pair of Tens)
Guilhermanoo collected $0.25 from pot
*** SUMMARY ***
Total pot $0.26 | Rake $0.01 
Board [6s 3s 5d Th Ts]
Seat 1: trente-sept folded before Flop (didn't bet)
Seat 2: igor6316 folded before Flop (didn't bet)
Seat 3: maksim-2003 (button) folded before Flop
Seat 4: sergeyus68 (small blind) folded before Flop
Seat 5: Guilhermanoo (big blind) showed [9c 9h] and won ($0.25) with two pair, Tens and Nines
Seat 6: HSR1 folded before Flop (didn't bet)
Seat 8: nikolpoker showed [Qd Kc] and lost with a pair of Tens
Seat 9: Dorex2007 folded before Flop (didn't bet)



PokerStars Hand #232788575285:  Hold'em No Limit ($0.01/$0.02 USD) - 2022/01/03 13:09:57 PT [2022/01/03 16:09:57 ET]
Table 'Laomedon IV' 9-max Seat #4 is the button
Seat 1: trente-sept ($5.01 in chips) 
Seat 2: igor6316 ($0.74 in chips) 
Seat 3: maksim-2003 ($2 in chips) 
Seat 4: sergeyus68 ($1.25 in chips) 
Seat 5: Guilhermanoo ($0.56 in chips) 
Seat 6: HSR1 ($3.72 in chips) 
Seat 9: Dorex2007 ($2.24 in chips) 
Guilhermanoo: posts small blind $0.01
HSR1: posts big blind $0.02
*** HOLE CARDS ***
Dealt to Dorex2007 [Kc 6c]
Dorex2007: folds 
trente-sept: raises $0.02 to $0.04
igor6316: folds 
maksim-2003: folds 
sergeyus68: folds 
Guilhermanoo: folds 
HSR1: calls $0.02
*** FLOP *** [6s Tc Jc]
HSR1: checks 
trente-sept: bets $0.06
nikolpoker leaves the table
HSR1: calls $0.06
*** TURN *** [6s Tc Jc] [7s]
HSR1: checks 
trente-sept: bets $0.10
cual93 joins the table at seat #8 
HSR1: raises $3.52 to $3.62 and is all-in
trente-sept: calls $3.52
*** RIVER *** [6s Tc Jc 7s] [6d]
*** SHOW DOWN ***
HSR1: shows [8h 9d] (a straight, Seven to Jack)
trente-sept: shows [Jh 8c] (two pair, Jacks and Sixes)
HSR1 cashed out the hand for $6.88 | Cash Out Fee $0.07
*** SUMMARY ***
Total pot $7.45 | Rake $0.26 
Board [6s Tc Jc 7s 6d]
Seat 1: trente-sept showed [Jh 8c] and lost with two pair, Jacks and Sixes
Seat 2: igor6316 folded before Flop (didn't bet)
Seat 3: maksim-2003 folded before Flop (didn't bet)
Seat 4: sergeyus68 (button) folded before Flop (didn't bet)
Seat 5: Guilhermanoo (small blind) folded before Flop
Seat 6: HSR1 (big blind) showed [8h 9d] and won ($7.19) with a straight, Seven to Jack (pot not awarded as player cashed out)
Seat 9: Dorex2007 folded before Flop (didn't bet)



PokerStars Hand #232788616866:  Hold'em No Limit ($0.01/$0.02 USD) - 2022/01/03 13:11:02 PT [2022/01/03 16:11:02 ET]
Table 'Laomedon IV' 9-max Seat #5 is the button
Seat 1: trente-sept ($1.29 in chips) 
Seat 2: igor6316 ($0.74 in chips) 
Seat 3: maksim-2003 ($2 in chips) 
Seat 4: sergeyus68 ($1.25 in chips) 
Seat 5: Guilhermanoo ($0.55 in chips) 
Seat 6: HSR1 ($6.88 in chips) 
Seat 8: cual93 ($0.80 in chips) 
Seat 9: Dorex2007 ($2.24 in chips) 
HSR1: posts small blind $0.01
cual93: posts big blind $0.02
*** HOLE CARDS ***
Dealt to Dorex2007 [5s Ac]
Dorex2007: folds 
trente-sept: raises $0.02 to $0.04
igor6316: folds 
maksim-2003: folds 
sergeyus68 has timed out
sergeyus68: folds 
Guilhermanoo: folds 
HSR1: calls $0.03
cual93: calls $0.02
*** FLOP *** [Kh Qc Ks]
HSR1: checks 
cual93: checks 
trente-sept: bets $0.06
HSR1: calls $0.06
cual93: raises $0.15 to $0.21
trente-sept: calls $0.15
HSR1: folds 
*** TURN *** [Kh Qc Ks] [Ts]
cual93: bets $0.29
trente-sept: calls $0.29
*** RIVER *** [Kh Qc Ks Ts] [5c]
cual93: bets $0.26 and is all-in
trente-sept: folds 
Uncalled bet ($0.26) returned to cual93
cual93 collected $1.14 from pot
cual93: doesn't show hand 
*** SUMMARY ***
Total pot $1.18 | Rake $0.04 
Board [Kh Qc Ks Ts 5c]
Seat 1: trente-sept folded on the River
Seat 2: igor6316 folded before Flop (didn't bet)
Seat 3: maksim-2003 folded before Flop (didn't bet)
Seat 4: sergeyus68 folded before Flop (didn't bet)
Seat 5: Guilhermanoo (button) folded before Flop (didn't bet)
Seat 6: HSR1 (small blind) folded on the Flop
Seat 8: cual93 (big blind) collected ($1.14)
Seat 9: Dorex2007 folded before Flop (didn't bet)



PokerStars Hand #232788677429:  Hold'em No Limit ($0.01/$0.02 USD) - 2022/01/03 13:12:35 PT [2022/01/03 16:12:35 ET]
Table 'Laomedon IV' 9-max Seat #6 is the button
Seat 1: trente-sept ($0.75 in chips) 
Seat 2: igor6316 ($0.74 in chips) 
Seat 3: maksim-2003 ($2 in chips) 
Seat 4: sergeyus68 ($1.25 in chips) 
Seat 5: Guilhermanoo ($0.55 in chips) 
Seat 6: HSR1 ($6.78 in chips) 
Seat 8: cual93 ($1.40 in chips) 
Seat 9: Dorex2007 ($2.24 in chips) 
cual93: posts small blind $0.01
Dorex2007: posts big blind $0.02
*** HOLE CARDS ***
Dealt to Dorex2007 [Ac 7s]
trente-sept: folds 
igor6316: folds 
maksim-2003: folds 
sergeyus68: folds 
Guilhermanoo: folds 
HSR1: folds 
cual93: calls $0.01
Dorex2007: raises $0.08 to $0.10
cual93: folds 
Uncalled bet ($0.08) returned to Dorex2007
Dorex2007 collected $0.04 from pot
Dorex2007: doesn't show hand 
*** SUMMARY ***
Total pot $0.04 | Rake $0 
Seat 1: trente-sept folded before Flop (didn't bet)
Seat 2: igor6316 folded before Flop (didn't bet)
Seat 3: maksim-2003 folded before Flop (didn't bet)
Seat 4: sergeyus68 folded before Flop (didn't bet)
Seat 5: Guilhermanoo folded before Flop (didn't bet)
Seat 6: HSR1 (button) folded before Flop (didn't bet)
Seat 8: cual93 (small blind) folded before Flop
Seat 9: Dorex2007 (big blind) collected ($0.04)



PokerStars Hand #232788698008:  Hold'em No Limit ($0.01/$0.02 USD) - 2022/01/03 13:13:08 PT [2022/01/03 16:13:08 ET]
Table 'Laomedon IV' 9-max Seat #8 is the button
Seat 1: trente-sept ($0.75 in chips) 
Seat 2: igor6316 ($0.74 in chips) 
Seat 3: maksim-2003 ($2 in chips) 
Seat 4: sergeyus68 ($1.25 in chips) 
Seat 5: Guilhermanoo ($0.55 in chips) 
Seat 6: HSR1 ($6.78 in chips) 
Seat 7: Charlie0008 ($2.52 in chips) 
Seat 8: cual93 ($1.38 in chips) 
Seat 9: Dorex2007 ($2.26 in chips) 
Dorex2007: posts small blind $0.01
trente-sept: posts big blind $0.02
Charlie0008: posts small & big blinds $0.03
*** HOLE CARDS ***
Dealt to Dorex2007 [Js 8c]
igor6316: folds 
maksim-2003: folds 
sergeyus68: calls $0.02
Guilhermanoo: folds 
HSR1: raises $0.10 to $0.12
Charlie0008: folds 
cual93: folds 
Dorex2007: folds 
trente-sept: folds 
sergeyus68: folds 
Uncalled bet ($0.10) returned to HSR1
HSR1 collected $0.10 from pot
HSR1: doesn't show hand 
*** SUMMARY ***
Total pot $0.10 | Rake $0 
Seat 1: trente-sept (big blind) folded before Flop
Seat 2: igor6316 folded before Flop (didn't bet)
Seat 3: maksim-2003 folded before Flop (didn't bet)
Seat 4: sergeyus68 folded before Flop
Seat 5: Guilhermanoo folded before Flop (didn't bet)
Seat 6: HSR1 collected ($0.10)
Seat 7: Charlie0008 folded before Flop (didn't bet)
Seat 8: cual93 (button) folded before Flop (didn't bet)
Seat 9: Dorex2007 (small blind) folded before Flop



PokerStars Hand #232788721521:  Hold'em No Limit ($0.01/$0.02 USD) - 2022/01/03 13:13:44 PT [2022/01/03 16:13:44 ET]
Table 'Laomedon IV' 9-max Seat #9 is the button
Seat 1: trente-sept ($0.73 in chips) 
Seat 2: igor6316 ($0.74 in chips) 
Seat 3: maksim-2003 ($2 in chips) 
Seat 4: sergeyus68 ($1.23 in chips) 
Seat 5: Guilhermanoo ($0.55 in chips) 
Seat 6: HSR1 ($6.86 in chips) 
Seat 7: Charlie0008 ($2.49 in chips) 
Seat 8: cual93 ($1.38 in chips) 
Seat 9: Dorex2007 ($2.25 in chips) 
trente-sept: posts small blind $0.01
igor6316: posts big blind $0.02
*** HOLE CARDS ***
Dealt to Dorex2007 [3s 4d]
maksim-2003: folds 
sergeyus68: calls $0.02
Guilhermanoo: folds 
HSR1: raises $0.02 to $0.04
Charlie0008: folds 
cual93: calls $0.04
Dorex2007: folds 
trente-sept: calls $0.03
igor6316: calls $0.02
sergeyus68: calls $0.02
*** FLOP *** [7c 2c 7h]
trente-sept: checks 
igor6316: checks 
sergeyus68: checks 
HSR1: checks 
cual93: checks 
*** TURN *** [7c 2c 7h] [Ah]
trente-sept: checks 
igor6316: checks 
sergeyus68: checks 
HSR1: checks 
cual93: checks 
*** RIVER *** [7c 2c 7h Ah] [Jd]
trente-sept: bets $0.10
igor6316: folds 
sergeyus68: folds 
HSR1: folds 
cual93: folds 
Uncalled bet ($0.10) returned to trente-sept
trente-sept collected $0.19 from pot
trente-sept: doesn't show hand 
*** SUMMARY ***
Total pot $0.20 | Rake $0.01 
Board [7c 2c 7h Ah Jd]
Seat 1: trente-sept (small blind) collected ($0.19)
Seat 2: igor6316 (big blind) folded on the River
Seat 3: maksim-2003 folded before Flop (didn't bet)
Seat 4: sergeyus68 folded on the River
Seat 5: Guilhermanoo folded before Flop (didn't bet)
Seat 6: HSR1 folded on the River
Seat 7: Charlie0008 folded before Flop (didn't bet)
Seat 8: cual93 folded on the River
Seat 9: Dorex2007 (button) folded before Flop (didn't bet)



PokerStars Hand #232788784333:  Hold'em No Limit ($0.01/$0.02 USD) - 2022/01/03 13:15:22 PT [2022/01/03 16:15:22 ET]
Table 'Laomedon IV' 9-max Seat #1 is the button
Seat 1: trente-sept ($0.88 in chips) 
Seat 3: maksim-2003 ($2 in chips) 
Seat 4: sergeyus68 ($1.19 in chips) 
Seat 5: Guilhermanoo ($0.55 in chips) 
Seat 6: HSR1 ($6.82 in chips) 
Seat 7: Charlie0008 ($2.49 in chips) 
Seat 8: cual93 ($1.34 in chips) 
Seat 9: Dorex2007 ($2.25 in chips) 
igor6316 has timed out
igor6316: is sitting out 
maksim-2003: posts small blind $0.01
sergeyus68: posts big blind $0.02
*** HOLE CARDS ***
Dealt to Dorex2007 [7c 4c]
Guilhermanoo: folds 
HSR1: folds 
Charlie0008: folds 
cual93: calls $0.02
Dorex2007: folds 
trente-sept: raises $0.02 to $0.04
maksim-2003: raises $0.12 to $0.16
sergeyus68: calls $0.14
cual93: calls $0.14
trente-sept: calls $0.12
*** FLOP *** [8d 3c 2s]
maksim-2003: bets $0.41
sergeyus68: folds 
cual93: folds 
trente-sept: folds 
Uncalled bet ($0.41) returned to maksim-2003
maksim-2003 collected $0.62 from pot
maksim-2003: doesn't show hand 
*** SUMMARY ***
Total pot $0.64 | Rake $0.02 
Board [8d 3c 2s]
Seat 1: trente-sept (button) folded on the Flop
Seat 3: maksim-2003 (small blind) collected ($0.62)
Seat 4: sergeyus68 (big blind) folded on the Flop
Seat 5: Guilhermanoo folded before Flop (didn't bet)
Seat 6: HSR1 folded before Flop (didn't bet)
Seat 7: Charlie0008 folded before Flop (didn't bet)
Seat 8: cual93 folded on the Flop
Seat 9: Dorex2007 folded before Flop (didn't bet)



PokerStars Hand #232788833591:  Hold'em No Limit ($0.01/$0.02 USD) - 2022/01/03 13:16:37 PT [2022/01/03 16:16:37 ET]
Table 'Laomedon IV' 9-max Seat #3 is the button
Seat 1: trente-sept ($0.72 in chips) 
Seat 3: maksim-2003 ($2.46 in chips) 
Seat 4: sergeyus68 ($1.03 in chips) 
Seat 5: Guilhermanoo ($0.55 in chips) 
Seat 6: HSR1 ($6.82 in chips) 
Seat 7: Charlie0008 ($2.49 in chips) 
Seat 8: cual93 ($1.18 in chips) 
Seat 9: Dorex2007 ($2.25 in chips) 
sergeyus68: posts small blind $0.01
Guilhermanoo: posts big blind $0.02
*** HOLE CARDS ***
Dealt to Dorex2007 [Jd 2s]
HSR1: folds 
Charlie0008: folds 
cual93: calls $0.02
Dorex2007: folds 
trente-sept: folds 
maksim-2003: calls $0.02
sergeyus68: raises $0.04 to $0.06
Guilhermanoo: folds 
igor6316 is disconnected 
cual93: calls $0.04
maksim-2003: calls $0.04
*** FLOP *** [9s 9h 5d]
sergeyus68: checks 
cual93: checks 
maksim-2003: checks 
*** TURN *** [9s 9h 5d] [5c]
sergeyus68: bets $0.02
cual93: folds 
maksim-2003: calls $0.02
*** RIVER *** [9s 9h 5d 5c] [6s]
sergeyus68: bets $0.12
maksim-2003: raises $0.12 to $0.24
sergeyus68: calls $0.12
*** SHOW DOWN ***
maksim-2003: shows [9c Qc] (a full house, Nines full of Fives)
sergeyus68: mucks hand 
maksim-2003 collected $0.69 from pot
*** SUMMARY ***
Total pot $0.72 | Rake $0.03 
Board [9s 9h 5d 5c 6s]
Seat 1: trente-sept folded before Flop (didn't bet)
Seat 3: maksim-2003 (button) showed [9c Qc] and won ($0.69) with a full house, Nines full of Fives
Seat 4: sergeyus68 (small blind) mucked [Ac Kc]
Seat 5: Guilhermanoo (big blind) folded before Flop
Seat 6: HSR1 folded before Flop (didn't bet)
Seat 7: Charlie0008 folded before Flop (didn't bet)
Seat 8: cual93 folded on the Turn
Seat 9: Dorex2007 folded before Flop (didn't bet)



PokerStars Hand #232788877523:  Hold'em No Limit ($0.01/$0.02 USD) - 2022/01/03 13:17:45 PT [2022/01/03 16:17:45 ET]
Table 'Laomedon IV' 9-max Seat #4 is the button
Seat 1: trente-sept ($0.72 in chips) 
Seat 3: maksim-2003 ($2.83 in chips) 
Seat 4: sergeyus68 ($0.71 in chips) 
Seat 5: Guilhermanoo ($0.53 in chips) 
Seat 6: HSR1 ($6.82 in chips) 
Seat 7: Charlie0008 ($2.49 in chips) 
Seat 8: cual93 ($1.12 in chips) 
Seat 9: Dorex2007 ($2.25 in chips) 
Guilhermanoo: posts small blind $0.01
HSR1: posts big blind $0.02
*** HOLE CARDS ***
Dealt to Dorex2007 [4d 8h]
Charlie0008: folds 
cual93: calls $0.02
Dorex2007: folds 
trente-sept: folds 
maksim-2003: folds 
sergeyus68: raises $0.07 to $0.09
Guilhermanoo: folds 
HSR1: folds 
cual93: folds 
Uncalled bet ($0.07) returned to sergeyus68
sergeyus68 collected $0.07 from pot
sergeyus68: doesn't show hand 
*** SUMMARY ***
Total pot $0.07 | Rake $0 
Seat 1: trente-sept folded before Flop (didn't bet)
Seat 3: maksim-2003 folded before Flop (didn't bet)
Seat 4: sergeyus68 (button) collected ($0.07)
Seat 5: Guilhermanoo (small blind) folded before Flop
Seat 6: HSR1 (big blind) folded before Flop
Seat 7: Charlie0008 folded before Flop (didn't bet)
Seat 8: cual93 folded before Flop
Seat 9: Dorex2007 folded before Flop (didn't bet)



PokerStars Hand #232788896111:  Hold'em No Limit ($0.01/$0.02 USD) - 2022/01/03 13:18:13 PT [2022/01/03 16:18:13 ET]
Table 'Laomedon IV' 9-max Seat #5 is the button
Seat 1: trente-sept ($0.72 in chips) 
Seat 3: maksim-2003 ($2.83 in chips) 
Seat 4: sergeyus68 ($0.76 in chips) 
Seat 5: Guilhermanoo ($0.52 in chips) 
Seat 6: HSR1 ($6.80 in chips) 
Seat 7: Charlie0008 ($2.49 in chips) 
Seat 8: cual93 ($1.10 in chips) 
Seat 9: Dorex2007 ($2.25 in chips) 
HSR1: posts small blind $0.01
Charlie0008: posts big blind $0.02
*** HOLE CARDS ***
Dealt to Dorex2007 [As Qs]
cual93: folds 
Dorex2007: raises $0.04 to $0.06
trente-sept: folds 
maksim-2003: calls $0.06
sergeyus68: folds 
Guilhermanoo: folds 
HSR1: calls $0.05
Charlie0008: calls $0.04
*** FLOP *** [2c Jd 8h]
HSR1: checks 
Charlie0008: checks 
Dorex2007: checks 
maksim-2003: bets $0.12
HSR1: calls $0.12
Charlie0008: folds 
Dorex2007: folds 
*** TURN *** [2c Jd 8h] [Qh]
HSR1: checks 
maksim-2003: checks 
*** RIVER *** [2c Jd 8h Qh] [Kh]
HSR1: checks 
maksim-2003: checks 
*** SHOW DOWN ***
HSR1: shows [8c Kc] (two pair, Kings and Eights)
maksim-2003: mucks hand 
HSR1 collected $0.46 from pot
*** SUMMARY ***
Total pot $0.48 | Rake $0.02 
Board [2c Jd 8h Qh Kh]
Seat 1: trente-sept folded before Flop (didn't bet)
Seat 3: maksim-2003 mucked [Jc Tc]
Seat 4: sergeyus68 folded before Flop (didn't bet)
Seat 5: Guilhermanoo (button) folded before Flop (didn't bet)
Seat 6: HSR1 (small blind) showed [8c Kc] and won ($0.46) with two pair, Kings and Eights
Seat 7: Charlie0008 (big blind) folded on the Flop
Seat 8: cual93 folded before Flop (didn't bet)
Seat 9: Dorex2007 folded on the Flop



PokerStars Hand #232788933820:  Hold'em No Limit ($0.01/$0.02 USD) - 2022/01/03 13:19:11 PT [2022/01/03 16:19:11 ET]
Table 'Laomedon IV' 9-max Seat #6 is the button
Seat 1: trente-sept ($0.72 in chips) 
Seat 3: maksim-2003 ($2.65 in chips) 
Seat 4: sergeyus68 ($0.76 in chips) 
Seat 5: Guilhermanoo ($0.52 in chips) 
Seat 6: HSR1 ($7.08 in chips) 
Seat 7: Charlie0008 ($2.43 in chips) 
Seat 8: cual93 ($1.10 in chips) 
Seat 9: Dorex2007 ($2.19 in chips) 
Charlie0008: posts small blind $0.01
cual93: posts big blind $0.02
*** HOLE CARDS ***
Dealt to Dorex2007 [Js 9s]
Dorex2007: folds 
trente-sept: folds 
maksim-2003: raises $0.04 to $0.06
sergeyus68: folds 
Guilhermanoo: folds 
HSR1: folds 
Charlie0008: folds 
cual93: folds 
Uncalled bet ($0.04) returned to maksim-2003
maksim-2003 collected $0.05 from pot
maksim-2003: doesn't show hand 
*** SUMMARY ***
Total pot $0.05 | Rake $0 
Seat 1: trente-sept folded before Flop (didn't bet)
Seat 3: maksim-2003 collected ($0.05)
Seat 4: sergeyus68 folded before Flop (didn't bet)
Seat 5: Guilhermanoo folded before Flop (didn't bet)
Seat 6: HSR1 (button) folded before Flop (didn't bet)
Seat 7: Charlie0008 (small blind) folded before Flop
Seat 8: cual93 (big blind) folded before Flop
Seat 9: Dorex2007 folded before Flop (didn't bet)



PokerStars Hand #232788950090:  Hold'em No Limit ($0.01/$0.02 USD) - 2022/01/03 13:19:36 PT [2022/01/03 16:19:36 ET]
Table 'Laomedon IV' 9-max Seat #7 is the button
Seat 1: trente-sept ($0.72 in chips) 
Seat 3: maksim-2003 ($2.68 in chips) 
Seat 4: sergeyus68 ($0.76 in chips) 
Seat 5: Guilhermanoo ($0.52 in chips) 
Seat 6: HSR1 ($7.08 in chips) 
Seat 7: Charlie0008 ($2.42 in chips) 
Seat 8: cual93 ($1.08 in chips) 
Seat 9: Dorex2007 ($2.19 in chips) 
cual93: posts small blind $0.01
Dorex2007: posts big blind $0.02
*** HOLE CARDS ***
Dealt to Dorex2007 [Tc 4h]
trente-sept: folds 
maksim-2003: folds 
sergeyus68: calls $0.02
Guilhermanoo: folds 
HSR1: folds 
Charlie0008: folds 
cual93: calls $0.01
Dorex2007: checks 
*** FLOP *** [Jc 3c 3h]
cual93: checks 
Dorex2007: checks 
sergeyus68: checks 
*** TURN *** [Jc 3c 3h] [9c]
cual93: checks 
Dorex2007: bets $0.06
sergeyus68: folds 
cual93: folds 
Uncalled bet ($0.06) returned to Dorex2007
Dorex2007 collected $0.06 from pot
Dorex2007: doesn't show hand 
*** SUMMARY ***
Total pot $0.06 | Rake $0 
Board [Jc 3c 3h 9c]
Seat 1: trente-sept folded before Flop (didn't bet)
Seat 3: maksim-2003 folded before Flop (didn't bet)
Seat 4: sergeyus68 folded on the Turn
Seat 5: Guilhermanoo folded before Flop (didn't bet)
Seat 6: HSR1 folded before Flop (didn't bet)
Seat 7: Charlie0008 (button) folded before Flop (didn't bet)
Seat 8: cual93 (small blind) folded on the Turn
Seat 9: Dorex2007 (big blind) collected ($0.06)



PokerStars Hand #232788982205:  Hold'em No Limit ($0.01/$0.02 USD) - 2022/01/03 13:20:24 PT [2022/01/03 16:20:24 ET]
Table 'Laomedon IV' 9-max Seat #8 is the button
Seat 1: trente-sept ($0.72 in chips) 
Seat 3: maksim-2003 ($2.68 in chips) 
Seat 4: sergeyus68 ($0.74 in chips) 
Seat 5: Guilhermanoo ($0.52 in chips) 
Seat 6: HSR1 ($7.08 in chips) 
Seat 7: Charlie0008 ($2.42 in chips) 
Seat 8: cual93 ($1.06 in chips) 
Seat 9: Dorex2007 ($2.23 in chips) 
Dorex2007: posts small blind $0.01
trente-sept: posts big blind $0.02
*** HOLE CARDS ***
Dealt to Dorex2007 [Kh 2h]
maksim-2003: folds 
sergeyus68: folds 
Guilhermanoo: folds 
HSR1: raises $0.05 to $0.07
Charlie0008: folds 
cual93: folds 
Dorex2007: folds 
trente-sept: folds 
Uncalled bet ($0.05) returned to HSR1
HSR1 collected $0.05 from pot
HSR1: doesn't show hand 
*** SUMMARY ***
Total pot $0.05 | Rake $0 
Seat 1: trente-sept (big blind) folded before Flop
Seat 3: maksim-2003 folded before Flop (didn't bet)
Seat 4: sergeyus68 folded before Flop (didn't bet)
Seat 5: Guilhermanoo folded before Flop (didn't bet)
Seat 6: HSR1 collected ($0.05)
Seat 7: Charlie0008 folded before Flop (didn't bet)
Seat 8: cual93 (button) folded before Flop (didn't bet)
Seat 9: Dorex2007 (small blind) folded before Flop



PokerStars Hand #232789000144:  Hold'em No Limit ($0.01/$0.02 USD) - 2022/01/03 13:20:45 PT [2022/01/03 16:20:45 ET]
Table 'Laomedon IV' 9-max Seat #9 is the button
Seat 1: trente-sept ($0.70 in chips) 
Seat 3: maksim-2003 ($2.68 in chips) 
Seat 4: sergeyus68 ($0.74 in chips) 
Seat 5: Guilhermanoo ($0.52 in chips) 
Seat 6: HSR1 ($7.11 in chips) 
Seat 7: Charlie0008 ($2.42 in chips) 
Seat 8: cual93 ($1.06 in chips) 
Seat 9: Dorex2007 ($2.22 in chips) 
trente-sept: posts small blind $0.01
maksim-2003: posts big blind $0.02
*** HOLE CARDS ***
Dealt to Dorex2007 [9d 7s]
sergeyus68: folds 
Guilhermanoo: folds 
HSR1: folds 
Charlie0008: folds 
cual93: folds 
Dorex2007: folds 
trente-sept: calls $0.01
maksim-2003: checks 
*** FLOP *** [As 6s 6c]
trente-sept: bets $0.02
maksim-2003: calls $0.02
*** TURN *** [As 6s 6c] [7h]
trente-sept: bets $0.04
maksim-2003: folds 
Uncalled bet ($0.04) returned to trente-sept
trente-sept collected $0.08 from pot
trente-sept: doesn't show hand 
*** SUMMARY ***
Total pot $0.08 | Rake $0 
Board [As 6s 6c 7h]
Seat 1: trente-sept (small blind) collected ($0.08)
Seat 3: maksim-2003 (big blind) folded on the Turn
Seat 4: sergeyus68 folded before Flop (didn't bet)
Seat 5: Guilhermanoo folded before Flop (didn't bet)
Seat 6: HSR1 folded before Flop (didn't bet)
Seat 7: Charlie0008 folded before Flop (didn't bet)
Seat 8: cual93 folded before Flop (didn't bet)
Seat 9: Dorex2007 (button) folded before Flop (didn't bet)



PokerStars Hand #232789030676:  Hold'em No Limit ($0.01/$0.02 USD) - 2022/01/03 13:21:32 PT [2022/01/03 16:21:32 ET]
Table 'Laomedon IV' 9-max Seat #1 is the button
Seat 1: trente-sept ($0.74 in chips) 
Seat 3: maksim-2003 ($2.64 in chips) 
Seat 4: sergeyus68 ($0.74 in chips) 
Seat 5: Guilhermanoo ($0.52 in chips) 
Seat 6: HSR1 ($7.11 in chips) 
Seat 7: Charlie0008 ($2.42 in chips) 
Seat 8: cual93 ($1.06 in chips) 
Seat 9: Dorex2007 ($2.22 in chips) 
maksim-2003: posts small blind $0.01
sergeyus68: posts big blind $0.02
*** HOLE CARDS ***
Dealt to Dorex2007 [Jd 8s]
Guilhermanoo: raises $0.04 to $0.06
HSR1: folds 
Charlie0008: folds 
cual93: folds 
Dorex2007: folds 
trente-sept: calls $0.06
maksim-2003: folds 
sergeyus68: folds 
*** FLOP *** [9h Ac Ks]
Guilhermanoo: bets $0.06
trente-sept: folds 
Uncalled bet ($0.06) returned to Guilhermanoo
Guilhermanoo collected $0.14 from pot
Guilhermanoo: doesn't show hand 
*** SUMMARY ***
Total pot $0.15 | Rake $0.01 
Board [9h Ac Ks]
Seat 1: trente-sept (button) folded on the Flop
Seat 3: maksim-2003 (small blind) folded before Flop
Seat 4: sergeyus68 (big blind) folded before Flop
Seat 5: Guilhermanoo collected ($0.14)
Seat 6: HSR1 folded before Flop (didn't bet)
Seat 7: Charlie0008 folded before Flop (didn't bet)
Seat 8: cual93 folded before Flop (didn't bet)
Seat 9: Dorex2007 folded before Flop (didn't bet)



PokerStars Hand #232789056641:  Hold'em No Limit ($0.01/$0.02 USD) - 2022/01/03 13:22:11 PT [2022/01/03 16:22:11 ET]
Table 'Laomedon IV' 9-max Seat #3 is the button
Seat 1: trente-sept ($0.68 in chips) 
Seat 3: maksim-2003 ($2.63 in chips) 
Seat 4: sergeyus68 ($0.72 in chips) 
Seat 5: Guilhermanoo ($0.60 in chips) 
Seat 6: HSR1 ($7.11 in chips) 
Seat 7: Charlie0008 ($2.42 in chips) 
Seat 8: cual93 ($1.06 in chips) 
Seat 9: Dorex2007 ($2.22 in chips) 
sergeyus68: posts small blind $0.01
Guilhermanoo: posts big blind $0.02
*** HOLE CARDS ***
Dealt to Dorex2007 [5s 9d]
HSR1: folds 
Charlie0008: folds 
cual93: folds 
Dorex2007: folds 
trente-sept: raises $0.04 to $0.06
maksim-2003: folds 
sergeyus68: folds 
Guilhermanoo: calls $0.04
*** FLOP *** [3s 8h 3h]
Guilhermanoo: checks 
trente-sept: checks 
*** TURN *** [3s 8h 3h] [As]
Guilhermanoo: bets $0.06
trente-sept: calls $0.06
*** RIVER *** [3s 8h 3h As] [3d]
Guilhermanoo: bets $0.12
trente-sept: folds 
Uncalled bet ($0.12) returned to Guilhermanoo
Guilhermanoo collected $0.24 from pot
Guilhermanoo: doesn't show hand 
*** SUMMARY ***
Total pot $0.25 | Rake $0.01 
Board [3s 8h 3h As 3d]
Seat 1: trente-sept folded on the River
Seat 3: maksim-2003 (button) folded before Flop (didn't bet)
Seat 4: sergeyus68 (small blind) folded before Flop
Seat 5: Guilhermanoo (big blind) collected ($0.24)
Seat 6: HSR1 folded before Flop (didn't bet)
Seat 7: Charlie0008 folded before Flop (didn't bet)
Seat 8: cual93 folded before Flop (didn't bet)
Seat 9: Dorex2007 folded before Flop (didn't bet)



PokerStars Hand #232789098770:  Hold'em No Limit ($0.01/$0.02 USD) - 2022/01/03 13:23:16 PT [2022/01/03 16:23:16 ET]
Table 'Laomedon IV' 9-max Seat #4 is the button
Seat 1: trente-sept ($0.56 in chips) 
Seat 3: maksim-2003 ($2.63 in chips) 
Seat 4: sergeyus68 ($0.71 in chips) 
Seat 5: Guilhermanoo ($0.72 in chips) 
Seat 6: HSR1 ($7.11 in chips) 
Seat 7: Charlie0008 ($2.42 in chips) 
Seat 8: cual93 ($1.06 in chips) 
Seat 9: Dorex2007 ($2.22 in chips) 
Guilhermanoo: posts small blind $0.01
HSR1: posts big blind $0.02
*** HOLE CARDS ***
Dealt to Dorex2007 [Ad 5d]
Charlie0008: folds 
cual93: folds 
Charlie0008 leaves the table
Dorex2007: folds 
trente-sept: folds 
maksim-2003: folds 
sergeyus68: calls $0.02
Guilhermanoo: raises $0.06 to $0.08
HSR1: calls $0.06
bmwmann8 joins the table at seat #7 
sergeyus68: folds 
*** FLOP *** [7h 9s 6c]
Guilhermanoo: checks 
HSR1: checks 
*** TURN *** [7h 9s 6c] [Jd]
Guilhermanoo: checks 
HSR1: checks 
*** RIVER *** [7h 9s 6c Jd] [Th]
Guilhermanoo: bets $0.10
HSR1: raises $0.19 to $0.29
Guilhermanoo: calls $0.19
*** SHOW DOWN ***
HSR1: shows [Qs 8c] (a straight, Eight to Queen)
Guilhermanoo: mucks hand 
HSR1 collected $0.73 from pot
*** SUMMARY ***
Total pot $0.76 | Rake $0.03 
Board [7h 9s 6c Jd Th]
Seat 1: trente-sept folded before Flop (didn't bet)
Seat 3: maksim-2003 folded before Flop (didn't bet)
Seat 4: sergeyus68 (button) folded before Flop
Seat 5: Guilhermanoo (small blind) mucked [Td Ts]
Seat 6: HSR1 (big blind) showed [Qs 8c] and won ($0.73) with a straight, Eight to Queen
Seat 7: Charlie0008 folded before Flop (didn't bet)
Seat 8: cual93 folded before Flop (didn't bet)
Seat 9: Dorex2007 folded before Flop (didn't bet)



PokerStars Hand #232789134349:  Hold'em No Limit ($0.01/$0.02 USD) - 2022/01/03 13:24:11 PT [2022/01/03 16:24:11 ET]
Table 'Laomedon IV' 9-max Seat #5 is the button
Seat 1: trente-sept ($0.56 in chips) 
Seat 3: maksim-2003 ($2.63 in chips) 
Seat 4: sergeyus68 ($0.69 in chips) 
Seat 5: Guilhermanoo ($0.35 in chips) 
Seat 6: HSR1 ($7.47 in chips) 
Seat 7: bmwmann8 ($2 in chips) 
Seat 8: cual93 ($1.06 in chips) 
Seat 9: Dorex2007 ($2.22 in chips) 
HSR1: posts small blind $0.01
bmwmann8: posts big blind $0.02
*** HOLE CARDS ***
Dealt to Dorex2007 [Jh 9d]
cual93: calls $0.02
Dorex2007: folds 
trente-sept: folds 
maksim-2003: calls $0.02
sergeyus68: calls $0.02
Guilhermanoo: folds 
HSR1: calls $0.01
bmwmann8: checks 
*** FLOP *** [9c 6c 4d]
HSR1: checks 
bmwmann8: checks 
cual93: bets $0.04
maksim-2003: calls $0.04
sergeyus68: calls $0.04
HSR1: folds 
bmwmann8: folds 
*** TURN *** [9c 6c 4d] [2d]
cual93: bets $0.04
maksim-2003: raises $0.15 to $0.19
sergeyus68: calls $0.19
cual93: raises $0.81 to $1 and is all-in
maksim-2003: raises $1.57 to $2.57 and is all-in
sergeyus68: folds 
Uncalled bet ($1.57) returned to maksim-2003
*** RIVER *** [9c 6c 4d 2d] [9s]
*** SHOW DOWN ***
cual93: shows [5s 3s] (a straight, Deuce to Six)
maksim-2003: shows [5h 3h] (a straight, Deuce to Six)
cual93 collected $1.17 from pot
maksim-2003 collected $1.16 from pot
*** SUMMARY ***
Total pot $2.41 | Rake $0.08 
Board [9c 6c 4d 2d 9s]
Seat 1: trente-sept folded before Flop (didn't bet)
Seat 3: maksim-2003 showed [5h 3h] and won ($1.16) with a straight, Deuce to Six
Seat 4: sergeyus68 folded on the Turn
Seat 5: Guilhermanoo (button) folded before Flop (didn't bet)
Seat 6: HSR1 (small blind) folded on the Flop
Seat 7: bmwmann8 (big blind) folded on the Flop
Seat 8: cual93 showed [5s 3s] and won ($1.17) with a straight, Deuce to Six
Seat 9: Dorex2007 folded before Flop (didn't bet)



PokerStars Hand #232789186158:  Hold'em No Limit ($0.01/$0.02 USD) - 2022/01/03 13:25:30 PT [2022/01/03 16:25:30 ET]
Table 'Laomedon IV' 9-max Seat #6 is the button
Seat 1: trente-sept ($0.56 in chips) 
Seat 3: maksim-2003 ($2.73 in chips) 
Seat 4: sergeyus68 ($0.44 in chips) 
Seat 5: Guilhermanoo ($0.35 in chips) 
Seat 6: HSR1 ($7.45 in chips) 
Seat 7: bmwmann8 ($1.98 in chips) 
Seat 8: cual93 ($1.17 in chips) 
Seat 9: Dorex2007 ($2.22 in chips) 
bmwmann8: posts small blind $0.01
cual93: posts big blind $0.02
*** HOLE CARDS ***
Dealt to Dorex2007 [Td 8s]
Dorex2007: folds 
trente-sept: folds 
maksim-2003: folds 
sergeyus68: folds 
Guilhermanoo: folds 
HSR1: raises $0.05 to $0.07
bmwmann8: folds 
cual93: folds 
Uncalled bet ($0.05) returned to HSR1
HSR1 collected $0.05 from pot
HSR1: doesn't show hand 
*** SUMMARY ***
Total pot $0.05 | Rake $0 
Seat 1: trente-sept folded before Flop (didn't bet)
Seat 3: maksim-2003 folded before Flop (didn't bet)
Seat 4: sergeyus68 folded before Flop (didn't bet)
Seat 5: Guilhermanoo folded before Flop (didn't bet)
Seat 6: HSR1 (button) collected ($0.05)
Seat 7: bmwmann8 (small blind) folded before Flop
Seat 8: cual93 (big blind) folded before Flop
Seat 9: Dorex2007 folded before Flop (didn't bet)



PokerStars Hand #232789203194:  Hold'em No Limit ($0.01/$0.02 USD) - 2022/01/03 13:25:56 PT [2022/01/03 16:25:56 ET]
Table 'Laomedon IV' 9-max Seat #7 is the button
Seat 1: trente-sept ($0.56 in chips) 
Seat 3: maksim-2003 ($2.73 in chips) 
Seat 4: sergeyus68 ($0.44 in chips) 
Seat 5: Guilhermanoo ($0.35 in chips) 
Seat 6: HSR1 ($7.48 in chips) 
Seat 7: bmwmann8 ($1.97 in chips) 
Seat 8: cual93 ($1.15 in chips) 
Seat 9: Dorex2007 ($2.22 in chips) 
cual93: posts small blind $0.01
Dorex2007: posts big blind $0.02
*** HOLE CARDS ***
Dealt to Dorex2007 [7h 9c]
trente-sept: raises $0.02 to $0.04
maksim-2003: folds 
sergeyus68: calls $0.04
Guilhermanoo: folds 
HSR1: calls $0.04
bmwmann8: folds 
cual93: calls $0.03
Guilhermanoo leaves the table
Dorex2007: folds 
*** FLOP *** [Qd Ts 2d]
cual93: checks 
trente-sept: bets $0.09
sergeyus68: folds 
HSR1: folds 
cual93: folds 
Uncalled bet ($0.09) returned to trente-sept
trente-sept collected $0.17 from pot
trente-sept: doesn't show hand 
*** SUMMARY ***
Total pot $0.18 | Rake $0.01 
Board [Qd Ts 2d]
Seat 1: trente-sept collected ($0.17)
Seat 3: maksim-2003 folded before Flop (didn't bet)
Seat 4: sergeyus68 folded on the Flop
Seat 5: Guilhermanoo folded before Flop (didn't bet)
Seat 6: HSR1 folded on the Flop
Seat 7: bmwmann8 (button) folded before Flop (didn't bet)
Seat 8: cual93 (small blind) folded on the Flop
Seat 9: Dorex2007 (big blind) folded before Flop



PokerStars Hand #232789229620:  Hold'em No Limit ($0.01/$0.02 USD) - 2022/01/03 13:26:37 PT [2022/01/03 16:26:37 ET]
Table 'Laomedon IV' 9-max Seat #8 is the button
Seat 1: trente-sept ($0.69 in chips) 
Seat 3: maksim-2003 ($2.73 in chips) 
Seat 4: sergeyus68 ($0.40 in chips) 
Seat 6: HSR1 ($7.44 in chips) 
Seat 7: bmwmann8 ($1.97 in chips) 
Seat 8: cual93 ($1.11 in chips) 
Seat 9: Dorex2007 ($2.20 in chips) 
Dorex2007: posts small blind $0.01
trente-sept: posts big blind $0.02
*** HOLE CARDS ***
Dealt to Dorex2007 [6c 6h]
maksim-2003: folds 
sergeyus68: folds 
HSR1: raises $0.05 to $0.07
bmwmann8: folds 
cual93: folds 
Dorex2007: folds 
trente-sept: calls $0.05
*** FLOP *** [5s 2h 9d]
trente-sept: bets $0.07
HSR1: folds 
Uncalled bet ($0.07) returned to trente-sept
HSR1 leaves the table
trente-sept collected $0.14 from pot
trente-sept: doesn't show hand 
igor6316 leaves the table
*** SUMMARY ***
Total pot $0.15 | Rake $0.01 
Board [5s 2h 9d]
Seat 1: trente-sept (big blind) collected ($0.14)
Seat 3: maksim-2003 folded before Flop (didn't bet)
Seat 4: sergeyus68 folded before Flop (didn't bet)
Seat 6: HSR1 folded on the Flop
Seat 7: bmwmann8 folded before Flop (didn't bet)
Seat 8: cual93 (button) folded before Flop (didn't bet)
Seat 9: Dorex2007 (small blind) folded before Flop



PokerStars Hand #232789247213:  Hold'em No Limit ($0.01/$0.02 USD) - 2022/01/03 13:27:04 PT [2022/01/03 16:27:04 ET]
Table 'Laomedon IV' 9-max Seat #9 is the button
Seat 1: trente-sept ($0.76 in chips) 
Seat 3: maksim-2003 ($2.73 in chips) 
Seat 4: sergeyus68 ($0.40 in chips) 
Seat 7: bmwmann8 ($1.97 in chips) 
Seat 8: cual93 ($1.11 in chips) 
Seat 9: Dorex2007 ($2.19 in chips) 
trente-sept: posts small blind $0.01
maksim-2003: posts big blind $0.02
*** HOLE CARDS ***
Dealt to Dorex2007 [6s 4c]
sergeyus68: calls $0.02
bmwmann8: calls $0.02
cual93: raises $0.06 to $0.08
Dorex2007: folds 
trente-sept: calls $0.07
maksim-2003: folds 
sergeyus68: calls $0.06
bmwmann8: folds 
*** FLOP *** [2s 4s 5s]
trente-sept: bets $0.14
sergeyus68: folds 
cual93: calls $0.14
*** TURN *** [2s 4s 5s] [9s]
trente-sept: checks 
cual93: bets $0.27
trente-sept: folds 
Uncalled bet ($0.27) returned to cual93
cual93 collected $0.54 from pot
cual93: doesn't show hand 
*** SUMMARY ***
Total pot $0.56 | Rake $0.02 
Board [2s 4s 5s 9s]
Seat 1: trente-sept (small blind) folded on the Turn
Seat 3: maksim-2003 (big blind) folded before Flop
Seat 4: sergeyus68 folded on the Flop
Seat 7: bmwmann8 folded before Flop
Seat 8: cual93 collected ($0.54)
Seat 9: Dorex2007 (button) folded before Flop (didn't bet)



PokerStars Hand #232789281299:  Hold'em No Limit ($0.01/$0.02 USD) - 2022/01/03 13:27:56 PT [2022/01/03 16:27:56 ET]
Table 'Laomedon IV' 9-max Seat #1 is the button
Seat 1: trente-sept ($0.54 in chips) 
Seat 3: maksim-2003 ($2.71 in chips) 
Seat 4: sergeyus68 ($0.32 in chips) 
Seat 7: bmwmann8 ($1.95 in chips) 
Seat 8: cual93 ($1.43 in chips) 
Seat 9: Dorex2007 ($2.19 in chips) 
maksim-2003: posts small blind $0.01
sergeyus68: posts big blind $0.02
*** HOLE CARDS ***
Dealt to Dorex2007 [8s 7s]
bmwmann8: folds 
cual93: folds 
Dorex2007: folds 
trente-sept: raises $0.04 to $0.06
maksim-2003: folds 
sergeyus68: folds 
Uncalled bet ($0.04) returned to trente-sept
trente-sept collected $0.05 from pot
trente-sept: doesn't show hand 
*** SUMMARY ***
Total pot $0.05 | Rake $0 
Seat 1: trente-sept (button) collected ($0.05)
Seat 3: maksim-2003 (small blind) folded before Flop
Seat 4: sergeyus68 (big blind) folded before Flop
Seat 7: bmwmann8 folded before Flop (didn't bet)
Seat 8: cual93 folded before Flop (didn't bet)
Seat 9: Dorex2007 folded before Flop (didn't bet)



