PokerStars Hand #239035442835:  Hold'em No Limit ($0.02/$0.05 USD) - 2022/10/04 13:26:43 PT [2022/10/04 16:26:43 ET]
Table 'Asaph II' 9-max Seat #1 is the button
Seat 1: BrenoVns ($4.93 in chips) 
Seat 2: gabrielprado955 ($10.03 in chips) 
Seat 3: Dorex2007 ($5 in chips) 
Seat 4: HE0123 ($8.18 in chips) 
Seat 5: TrzymamKolo ($5 in chips) 
Seat 7: andrei_lint ($7.16 in chips) 
Seat 9: brnffn ($3.66 in chips) 
gabrielprado955: posts small blind $0.02
Dorex2007: posts big blind $0.05
*** HOLE CARDS ***
Dealt to Dorex2007 [4s Qh]
HE0123: folds 
TrzymamKolo: folds 
andrei_lint: raises $0.10 to $0.15
brnffn: calls $0.15
BrenoVns: calls $0.15
gabrielprado955: folds 
Dorex2007: folds 
*** FLOP *** [9h 3c Jd]
andrei_lint: checks 
brnffn: bets $0.30
BrenoVns: calls $0.30
andrei_lint: folds 
*** TURN *** [9h 3c Jd] [Kc]
brnffn: bets $0.55
BrenoVns: calls $0.55
*** RIVER *** [9h 3c Jd Kc] [Ah]
brnffn: bets $1.10
BrenoVns: calls $1.10
*** SHOW DOWN ***
brnffn: shows [Qc Tc] (a straight, Ten to Ace)
BrenoVns: mucks hand 
brnffn collected $4.24 from pot
*** SUMMARY ***
Total pot $4.42 | Rake $0.18 
Board [9h 3c Jd Kc Ah]
Seat 1: BrenoVns (button) mucked [Ac Jh]
Seat 2: gabrielprado955 (small blind) folded before Flop
Seat 3: Dorex2007 (big blind) folded before Flop
Seat 4: HE0123 folded before Flop (didn't bet)
Seat 5: TrzymamKolo folded before Flop (didn't bet)
Seat 7: andrei_lint folded on the Flop
Seat 9: brnffn showed [Qc Tc] and won ($4.24) with a straight, Ten to Ace



PokerStars Hand #239035465773:  Hold'em No Limit ($0.02/$0.05 USD) - 2022/10/04 13:27:44 PT [2022/10/04 16:27:44 ET]
Table 'Asaph II' 9-max Seat #2 is the button
Seat 1: BrenoVns ($5 in chips) 
Seat 2: gabrielprado955 ($10.01 in chips) 
Seat 3: Dorex2007 ($5 in chips) 
Seat 4: HE0123 ($8.18 in chips) 
Seat 5: TrzymamKolo ($5 in chips) 
Seat 6: HarrierGR.9 ($4.80 in chips) 
Seat 7: andrei_lint ($7.01 in chips) 
Seat 9: brnffn ($5.80 in chips) 
Dorex2007: posts small blind $0.02
HE0123: posts big blind $0.05
*** HOLE CARDS ***
Dealt to Dorex2007 [8s Ks]
TrzymamKolo: folds 
HarrierGR.9: folds 
andrei_lint: folds 
brnffn: raises $0.10 to $0.15
BrenoVns: folds 
gabrielprado955: folds 
Dorex2007: folds 
HE0123: folds 
Uncalled bet ($0.10) returned to brnffn
brnffn collected $0.12 from pot
brnffn: doesn't show hand 
*** SUMMARY ***
Total pot $0.12 | Rake $0 
Seat 1: BrenoVns folded before Flop (didn't bet)
Seat 2: gabrielprado955 (button) folded before Flop (didn't bet)
Seat 3: Dorex2007 (small blind) folded before Flop
Seat 4: HE0123 (big blind) folded before Flop
Seat 5: TrzymamKolo folded before Flop (didn't bet)
Seat 6: HarrierGR.9 folded before Flop (didn't bet)
Seat 7: andrei_lint folded before Flop (didn't bet)
Seat 9: brnffn collected ($0.12)



PokerStars Hand #239035473608:  Hold'em No Limit ($0.02/$0.05 USD) - 2022/10/04 13:28:05 PT [2022/10/04 16:28:05 ET]
Table 'Asaph II' 9-max Seat #3 is the button
Seat 1: BrenoVns ($5 in chips) 
Seat 2: gabrielprado955 ($10.01 in chips) 
Seat 3: Dorex2007 ($5 in chips) 
Seat 4: HE0123 ($8.13 in chips) 
Seat 5: TrzymamKolo ($5 in chips) 
Seat 6: HarrierGR.9 ($4.80 in chips) 
Seat 7: andrei_lint ($7.01 in chips) 
Seat 9: brnffn ($5.87 in chips) 
HE0123: posts small blind $0.02
TrzymamKolo: posts big blind $0.05
*** HOLE CARDS ***
Dealt to Dorex2007 [7h 7c]
HarrierGR.9: folds 
andrei_lint: folds 
brnffn: folds 
BrenoVns: folds 
gabrielprado955: calls $0.05
Dorex2007: raises $0.20 to $0.25
HE0123: folds 
TrzymamKolo: folds 
gabrielprado955: calls $0.20
*** FLOP *** [Td Ah Kc]
gabrielprado955: checks 
Dorex2007: bets $0.37
gabrielprado955: folds 
Uncalled bet ($0.37) returned to Dorex2007
Dorex2007 collected $0.55 from pot
Dorex2007: doesn't show hand 
*** SUMMARY ***
Total pot $0.57 | Rake $0.02 
Board [Td Ah Kc]
Seat 1: BrenoVns folded before Flop (didn't bet)
Seat 2: gabrielprado955 folded on the Flop
Seat 3: Dorex2007 (button) collected ($0.55)
Seat 4: HE0123 (small blind) folded before Flop
Seat 5: TrzymamKolo (big blind) folded before Flop
Seat 6: HarrierGR.9 folded before Flop (didn't bet)
Seat 7: andrei_lint folded before Flop (didn't bet)
Seat 9: brnffn folded before Flop (didn't bet)



PokerStars Hand #239035493207:  Hold'em No Limit ($0.02/$0.05 USD) - 2022/10/04 13:28:56 PT [2022/10/04 16:28:56 ET]
Table 'Asaph II' 9-max Seat #4 is the button
Seat 1: BrenoVns ($5 in chips) 
Seat 2: gabrielprado955 ($9.76 in chips) 
Seat 3: Dorex2007 ($5.30 in chips) 
Seat 4: HE0123 ($8.11 in chips) 
Seat 5: TrzymamKolo ($5 in chips) 
Seat 6: HarrierGR.9 ($4.80 in chips) 
Seat 7: andrei_lint ($7.01 in chips) 
Seat 9: brnffn ($5.87 in chips) 
TrzymamKolo: posts small blind $0.02
HarrierGR.9: posts big blind $0.05
*** HOLE CARDS ***
Dealt to Dorex2007 [4s 3d]
andrei_lint: folds 
brnffn: folds 
BrenoVns: folds 
gabrielprado955: calls $0.05
Dorex2007: folds 
HE0123: folds 
TrzymamKolo: folds 
HarrierGR.9: checks 
*** FLOP *** [Js 2d 9d]
HarrierGR.9: checks 
gabrielprado955: checks 
*** TURN *** [Js 2d 9d] [5c]
HarrierGR.9: checks 
gabrielprado955: checks 
*** RIVER *** [Js 2d 9d 5c] [Ac]
HarrierGR.9: checks 
gabrielprado955: bets $0.15
HarrierGR.9: folds 
Uncalled bet ($0.15) returned to gabrielprado955
gabrielprado955 collected $0.12 from pot
gabrielprado955: doesn't show hand 
*** SUMMARY ***
Total pot $0.12 | Rake $0 
Board [Js 2d 9d 5c Ac]
Seat 1: BrenoVns folded before Flop (didn't bet)
Seat 2: gabrielprado955 collected ($0.12)
Seat 3: Dorex2007 folded before Flop (didn't bet)
Seat 4: HE0123 (button) folded before Flop (didn't bet)
Seat 5: TrzymamKolo (small blind) folded before Flop
Seat 6: HarrierGR.9 (big blind) folded on the River
Seat 7: andrei_lint folded before Flop (didn't bet)
Seat 9: brnffn folded before Flop (didn't bet)



PokerStars Hand #239035508796:  Hold'em No Limit ($0.02/$0.05 USD) - 2022/10/04 13:29:37 PT [2022/10/04 16:29:37 ET]
Table 'Asaph II' 9-max Seat #5 is the button
Seat 1: BrenoVns ($5 in chips) 
Seat 2: gabrielprado955 ($9.83 in chips) 
Seat 3: Dorex2007 ($5.30 in chips) 
Seat 4: HE0123 ($8.11 in chips) 
Seat 5: TrzymamKolo ($5 in chips) 
Seat 6: HarrierGR.9 ($4.75 in chips) 
Seat 7: andrei_lint ($7.01 in chips) 
Seat 9: brnffn ($5.87 in chips) 
HarrierGR.9: posts small blind $0.02
andrei_lint: posts big blind $0.05
*** HOLE CARDS ***
Dealt to Dorex2007 [3h Ac]
brnffn: folds 
BrenoVns: folds 
gabrielprado955: folds 
Dorex2007: folds 
HE0123: folds 
TrzymamKolo: folds 
HarrierGR.9: calls $0.03
andrei_lint: raises $0.15 to $0.20
HarrierGR.9: folds 
Uncalled bet ($0.15) returned to andrei_lint
andrei_lint collected $0.10 from pot
andrei_lint: doesn't show hand 
*** SUMMARY ***
Total pot $0.10 | Rake $0 
Seat 1: BrenoVns folded before Flop (didn't bet)
Seat 2: gabrielprado955 folded before Flop (didn't bet)
Seat 3: Dorex2007 folded before Flop (didn't bet)
Seat 4: HE0123 folded before Flop (didn't bet)
Seat 5: TrzymamKolo (button) folded before Flop (didn't bet)
Seat 6: HarrierGR.9 (small blind) folded before Flop
Seat 7: andrei_lint (big blind) collected ($0.10)
Seat 9: brnffn folded before Flop (didn't bet)



PokerStars Hand #239035518600:  Hold'em No Limit ($0.02/$0.05 USD) - 2022/10/04 13:30:03 PT [2022/10/04 16:30:03 ET]
Table 'Asaph II' 9-max Seat #6 is the button
Seat 1: BrenoVns ($5 in chips) 
Seat 2: gabrielprado955 ($9.83 in chips) 
Seat 3: Dorex2007 ($5.30 in chips) 
Seat 4: HE0123 ($8.11 in chips) 
Seat 5: TrzymamKolo ($5 in chips) 
Seat 6: HarrierGR.9 ($4.70 in chips) 
Seat 7: andrei_lint ($7.06 in chips) 
Seat 9: brnffn ($5.87 in chips) 
andrei_lint: posts small blind $0.02
brnffn: posts big blind $0.05
*** HOLE CARDS ***
Dealt to Dorex2007 [6h Ks]
BrenoVns: folds 
gabrielprado955: folds 
Dorex2007: folds 
HE0123: folds 
TrzymamKolo: raises $0.10 to $0.15
HarrierGR.9: folds 
andrei_lint: folds 
brnffn: folds 
Uncalled bet ($0.10) returned to TrzymamKolo
TrzymamKolo collected $0.12 from pot
TrzymamKolo: doesn't show hand 
*** SUMMARY ***
Total pot $0.12 | Rake $0 
Seat 1: BrenoVns folded before Flop (didn't bet)
Seat 2: gabrielprado955 folded before Flop (didn't bet)
Seat 3: Dorex2007 folded before Flop (didn't bet)
Seat 4: HE0123 folded before Flop (didn't bet)
Seat 5: TrzymamKolo collected ($0.12)
Seat 6: HarrierGR.9 (button) folded before Flop (didn't bet)
Seat 7: andrei_lint (small blind) folded before Flop
Seat 9: brnffn (big blind) folded before Flop



PokerStars Hand #239035525106:  Hold'em No Limit ($0.02/$0.05 USD) - 2022/10/04 13:30:20 PT [2022/10/04 16:30:20 ET]
Table 'Asaph II' 9-max Seat #7 is the button
Seat 1: BrenoVns ($5 in chips) 
Seat 2: gabrielprado955 ($9.83 in chips) 
Seat 3: Dorex2007 ($5.30 in chips) 
Seat 4: HE0123 ($8.11 in chips) 
Seat 5: TrzymamKolo ($5.07 in chips) 
Seat 6: HarrierGR.9 ($4.70 in chips) 
Seat 7: andrei_lint ($7.04 in chips) 
Seat 9: brnffn ($5.82 in chips) 
brnffn: posts small blind $0.02
BrenoVns: posts big blind $0.05
*** HOLE CARDS ***
Dealt to Dorex2007 [Ad 5d]
gabrielprado955 has timed out
gabrielprado955: folds 
Dorex2007: folds 
HE0123: folds 
TrzymamKolo: folds 
HarrierGR.9: calls $0.05
andrei_lint: folds 
brnffn: calls $0.03
BrenoVns: checks 
*** FLOP *** [Js Jd Ah]
brnffn: checks 
BrenoVns: checks 
HarrierGR.9: checks 
*** TURN *** [Js Jd Ah] [Ac]
brnffn: checks 
BrenoVns: checks 
HarrierGR.9: checks 
*** RIVER *** [Js Jd Ah Ac] [3s]
brnffn: checks 
BrenoVns: checks 
HarrierGR.9: checks 
*** SHOW DOWN ***
brnffn: shows [6s Ks] (two pair, Aces and Jacks)
BrenoVns: mucks hand 
HarrierGR.9: mucks hand 
brnffn collected $0.14 from pot
*** SUMMARY ***
Total pot $0.15 | Rake $0.01 
Board [Js Jd Ah Ac 3s]
Seat 1: BrenoVns (big blind) mucked [7h 2d]
Seat 2: gabrielprado955 folded before Flop (didn't bet)
Seat 3: Dorex2007 folded before Flop (didn't bet)
Seat 4: HE0123 folded before Flop (didn't bet)
Seat 5: TrzymamKolo folded before Flop (didn't bet)
Seat 6: HarrierGR.9 mucked [4h 4d]
Seat 7: andrei_lint (button) folded before Flop (didn't bet)
Seat 9: brnffn (small blind) showed [6s Ks] and won ($0.14) with two pair, Aces and Jacks



PokerStars Hand #239035543549:  Hold'em No Limit ($0.02/$0.05 USD) - 2022/10/04 13:31:08 PT [2022/10/04 16:31:08 ET]
Table 'Asaph II' 9-max Seat #9 is the button
Seat 1: BrenoVns ($4.95 in chips) 
Seat 2: gabrielprado955 ($9.83 in chips) 
Seat 3: Dorex2007 ($5.30 in chips) 
Seat 4: HE0123 ($8.11 in chips) 
Seat 5: TrzymamKolo ($5.07 in chips) 
Seat 6: HarrierGR.9 ($4.65 in chips) 
Seat 7: andrei_lint ($7.04 in chips) 
Seat 9: brnffn ($5.91 in chips) 
BrenoVns: posts small blind $0.02
gabrielprado955: posts big blind $0.05
*** HOLE CARDS ***
Dealt to Dorex2007 [Kd 9c]
Dorex2007: folds 
HE0123: folds 
TrzymamKolo: folds 
HarrierGR.9: folds 
andrei_lint: folds 
brnffn: raises $0.10 to $0.15
BrenoVns: calls $0.13
gabrielprado955: folds 
*** FLOP *** [3s 6h Kc]
BrenoVns: checks 
brnffn: checks 
*** TURN *** [3s 6h Kc] [3h]
BrenoVns: checks 
brnffn: bets $0.15
BrenoVns: calls $0.15
*** RIVER *** [3s 6h Kc 3h] [2h]
BrenoVns: checks 
brnffn: bets $0.20
BrenoVns: folds 
Uncalled bet ($0.20) returned to brnffn
brnffn collected $0.62 from pot
brnffn: doesn't show hand 
*** SUMMARY ***
Total pot $0.65 | Rake $0.03 
Board [3s 6h Kc 3h 2h]
Seat 1: BrenoVns (small blind) folded on the River
Seat 2: gabrielprado955 (big blind) folded before Flop
Seat 3: Dorex2007 folded before Flop (didn't bet)
Seat 4: HE0123 folded before Flop (didn't bet)
Seat 5: TrzymamKolo folded before Flop (didn't bet)
Seat 6: HarrierGR.9 folded before Flop (didn't bet)
Seat 7: andrei_lint folded before Flop (didn't bet)
Seat 9: brnffn (button) collected ($0.62)



PokerStars Hand #239035558916:  Hold'em No Limit ($0.02/$0.05 USD) - 2022/10/04 13:31:49 PT [2022/10/04 16:31:49 ET]
Table 'Asaph II' 9-max Seat #1 is the button
Seat 1: BrenoVns ($4.65 in chips) 
Seat 2: gabrielprado955 ($9.78 in chips) 
Seat 3: Dorex2007 ($5.30 in chips) 
Seat 4: HE0123 ($8.11 in chips) 
Seat 5: TrzymamKolo ($5.07 in chips) 
Seat 6: HarrierGR.9 ($4.65 in chips) 
Seat 7: andrei_lint ($7.04 in chips) 
Seat 9: brnffn ($6.23 in chips) 
gabrielprado955: posts small blind $0.02
Dorex2007: posts big blind $0.05
QuaranTain82: sits out 
*** HOLE CARDS ***
Dealt to Dorex2007 [Qh Ts]
HE0123: folds 
TrzymamKolo: raises $0.10 to $0.15
HarrierGR.9: folds 
andrei_lint: folds 
brnffn: folds 
BrenoVns: folds 
gabrielprado955: folds 
Dorex2007: folds 
Uncalled bet ($0.10) returned to TrzymamKolo
TrzymamKolo collected $0.12 from pot
TrzymamKolo: doesn't show hand 
*** SUMMARY ***
Total pot $0.12 | Rake $0 
Seat 1: BrenoVns (button) folded before Flop (didn't bet)
Seat 2: gabrielprado955 (small blind) folded before Flop
Seat 3: Dorex2007 (big blind) folded before Flop
Seat 4: HE0123 folded before Flop (didn't bet)
Seat 5: TrzymamKolo collected ($0.12)
Seat 6: HarrierGR.9 folded before Flop (didn't bet)
Seat 7: andrei_lint folded before Flop (didn't bet)
Seat 9: brnffn folded before Flop (didn't bet)



PokerStars Hand #239035566812:  Hold'em No Limit ($0.02/$0.05 USD) - 2022/10/04 13:32:09 PT [2022/10/04 16:32:09 ET]
Table 'Asaph II' 9-max Seat #2 is the button
Seat 1: BrenoVns ($4.65 in chips) 
Seat 2: gabrielprado955 ($9.76 in chips) 
Seat 3: Dorex2007 ($5.25 in chips) 
Seat 4: HE0123 ($8.11 in chips) 
Seat 5: TrzymamKolo ($5.14 in chips) 
Seat 6: HarrierGR.9 ($4.65 in chips) 
Seat 7: andrei_lint ($7.04 in chips) 
Seat 9: brnffn ($6.23 in chips) 
Dorex2007: posts small blind $0.02
HE0123: posts big blind $0.05
QuaranTain82: sits out 
*** HOLE CARDS ***
Dealt to Dorex2007 [Ks Js]
TrzymamKolo: folds 
HarrierGR.9: folds 
andrei_lint: folds 
brnffn: folds 
BrenoVns: folds 
gabrielprado955: folds 
Dorex2007: raises $0.05 to $0.10
HE0123: folds 
Uncalled bet ($0.05) returned to Dorex2007
Dorex2007 collected $0.10 from pot
Dorex2007: doesn't show hand 
*** SUMMARY ***
Total pot $0.10 | Rake $0 
Seat 1: BrenoVns folded before Flop (didn't bet)
Seat 2: gabrielprado955 (button) folded before Flop (didn't bet)
Seat 3: Dorex2007 (small blind) collected ($0.10)
Seat 4: HE0123 (big blind) folded before Flop
Seat 5: TrzymamKolo folded before Flop (didn't bet)
Seat 6: HarrierGR.9 folded before Flop (didn't bet)
Seat 7: andrei_lint folded before Flop (didn't bet)
Seat 9: brnffn folded before Flop (didn't bet)



PokerStars Hand #239035576298:  Hold'em No Limit ($0.02/$0.05 USD) - 2022/10/04 13:32:34 PT [2022/10/04 16:32:34 ET]
Table 'Asaph II' 9-max Seat #3 is the button
Seat 1: BrenoVns ($4.65 in chips) 
Seat 2: gabrielprado955 ($9.76 in chips) 
Seat 3: Dorex2007 ($5.30 in chips) 
Seat 4: HE0123 ($8.06 in chips) 
Seat 6: HarrierGR.9 ($4.65 in chips) 
Seat 7: andrei_lint ($7.04 in chips) 
Seat 9: brnffn ($6.23 in chips) 
HE0123: posts small blind $0.02
TrzymamKolo: is sitting out 
HarrierGR.9: posts big blind $0.05
QuaranTain82: sits out 
*** HOLE CARDS ***
Dealt to Dorex2007 [8d 7h]
andrei_lint: folds 
brnffn: raises $0.10 to $0.15
BrenoVns: raises $0.30 to $0.45
gabrielprado955: calls $0.45
Dorex2007: folds 
HE0123: folds 
HarrierGR.9: folds 
brnffn: calls $0.30
*** FLOP *** [3s Ts Td]
brnffn: checks 
BrenoVns: checks 
gabrielprado955: bets $0.50
brnffn: calls $0.50
BrenoVns: folds 
*** TURN *** [3s Ts Td] [Kh]
brnffn: checks 
gabrielprado955: bets $0.80
brnffn: calls $0.80
*** RIVER *** [3s Ts Td Kh] [Ac]
brnffn: checks 
gabrielprado955: checks 
*** SHOW DOWN ***
brnffn: shows [4s 5s] (a pair of Tens)
gabrielprado955: shows [9h Ah] (two pair, Aces and Tens)
gabrielprado955 collected $3.85 from pot
*** SUMMARY ***
Total pot $4.02 | Rake $0.17 
Board [3s Ts Td Kh Ac]
Seat 1: BrenoVns folded on the Flop
Seat 2: gabrielprado955 showed [9h Ah] and won ($3.85) with two pair, Aces and Tens
Seat 3: Dorex2007 (button) folded before Flop (didn't bet)
Seat 4: HE0123 (small blind) folded before Flop
Seat 6: HarrierGR.9 (big blind) folded before Flop
Seat 7: andrei_lint folded before Flop (didn't bet)
Seat 9: brnffn showed [4s 5s] and lost with a pair of Tens



PokerStars Hand #239035609373:  Hold'em No Limit ($0.02/$0.05 USD) - 2022/10/04 13:34:02 PT [2022/10/04 16:34:02 ET]
Table 'Asaph II' 9-max Seat #4 is the button
Seat 1: BrenoVns ($4.20 in chips) 
Seat 2: gabrielprado955 ($11.86 in chips) 
Seat 3: Dorex2007 ($5.30 in chips) 
Seat 4: HE0123 ($8.04 in chips) 
Seat 6: HarrierGR.9 ($4.60 in chips) 
Seat 7: andrei_lint ($7.04 in chips) 
Seat 9: brnffn ($4.48 in chips) 
HarrierGR.9: posts small blind $0.02
andrei_lint: posts big blind $0.05
QuaranTain82: sits out 
*** HOLE CARDS ***
Dealt to Dorex2007 [3h Td]
brnffn: folds 
BrenoVns: folds 
gabrielprado955: folds 
Dorex2007: folds 
HE0123: folds 
HarrierGR.9: calls $0.03
andrei_lint: checks 
*** FLOP *** [Jd 6s Jh]
HarrierGR.9: checks 
andrei_lint: checks 
*** TURN *** [Jd 6s Jh] [Kh]
HarrierGR.9: bets $0.05
andrei_lint: folds 
Uncalled bet ($0.05) returned to HarrierGR.9
HarrierGR.9 collected $0.10 from pot
HarrierGR.9: doesn't show hand 
*** SUMMARY ***
Total pot $0.10 | Rake $0 
Board [Jd 6s Jh Kh]
Seat 1: BrenoVns folded before Flop (didn't bet)
Seat 2: gabrielprado955 folded before Flop (didn't bet)
Seat 3: Dorex2007 folded before Flop (didn't bet)
Seat 4: HE0123 (button) folded before Flop (didn't bet)
Seat 6: HarrierGR.9 (small blind) collected ($0.10)
Seat 7: andrei_lint (big blind) folded on the Turn
Seat 9: brnffn folded before Flop (didn't bet)



PokerStars Hand #239035618867:  Hold'em No Limit ($0.02/$0.05 USD) - 2022/10/04 13:34:27 PT [2022/10/04 16:34:27 ET]
Table 'Asaph II' 9-max Seat #6 is the button
Seat 1: BrenoVns ($4.20 in chips) 
Seat 2: gabrielprado955 ($11.86 in chips) 
Seat 3: Dorex2007 ($5.30 in chips) 
Seat 4: HE0123 ($8.04 in chips) 
Seat 6: HarrierGR.9 ($4.65 in chips) 
Seat 7: andrei_lint ($6.99 in chips) 
Seat 8: QuaranTain82 ($5.89 in chips) 
Seat 9: brnffn ($4.48 in chips) 
andrei_lint: posts small blind $0.02
QuaranTain82: posts big blind $0.05
*** HOLE CARDS ***
Dealt to Dorex2007 [Qh 2c]
brnffn: folds 
BrenoVns: folds 
gabrielprado955: raises $0.10 to $0.15
Dorex2007: folds 
HE0123: folds 
HarrierGR.9: folds 
andrei_lint: folds 
QuaranTain82: calls $0.10
*** FLOP *** [6d Ac 7c]
QuaranTain82: bets $0.15
gabrielprado955: folds 
Uncalled bet ($0.15) returned to QuaranTain82
QuaranTain82 collected $0.31 from pot
*** SUMMARY ***
Total pot $0.32 | Rake $0.01 
Board [6d Ac 7c]
Seat 1: BrenoVns folded before Flop (didn't bet)
Seat 2: gabrielprado955 folded on the Flop
Seat 3: Dorex2007 folded before Flop (didn't bet)
Seat 4: HE0123 folded before Flop (didn't bet)
Seat 6: HarrierGR.9 (button) folded before Flop (didn't bet)
Seat 7: andrei_lint (small blind) folded before Flop
Seat 8: QuaranTain82 (big blind) collected ($0.31)
Seat 9: brnffn folded before Flop (didn't bet)



PokerStars Hand #239035631963:  Hold'em No Limit ($0.02/$0.05 USD) - 2022/10/04 13:35:02 PT [2022/10/04 16:35:02 ET]
Table 'Asaph II' 9-max Seat #7 is the button
Seat 1: BrenoVns ($4.20 in chips) 
Seat 3: Dorex2007 ($5.30 in chips) 
Seat 4: HE0123 ($8.04 in chips) 
Seat 6: HarrierGR.9 ($4.65 in chips) 
Seat 7: andrei_lint ($6.97 in chips) 
Seat 8: QuaranTain82 ($6.05 in chips) 
Seat 9: brnffn ($4.48 in chips) 
QuaranTain82: posts small blind $0.02
brnffn: posts big blind $0.05
*** HOLE CARDS ***
Dealt to Dorex2007 [Kd As]
gabrielprado955 leaves the table
BrenoVns: folds 
Dorex2007: raises $0.20 to $0.25
HE0123: folds 
HarrierGR.9: folds 
andrei_lint: folds 
QuaranTain82: folds 
brnffn: folds 
Uncalled bet ($0.20) returned to Dorex2007
Dorex2007 collected $0.12 from pot
Dorex2007: doesn't show hand 
*** SUMMARY ***
Total pot $0.12 | Rake $0 
Seat 1: BrenoVns folded before Flop (didn't bet)
Seat 3: Dorex2007 collected ($0.12)
Seat 4: HE0123 folded before Flop (didn't bet)
Seat 6: HarrierGR.9 folded before Flop (didn't bet)
Seat 7: andrei_lint (button) folded before Flop (didn't bet)
Seat 8: QuaranTain82 (small blind) folded before Flop
Seat 9: brnffn (big blind) folded before Flop



PokerStars Hand #239035644363:  Hold'em No Limit ($0.02/$0.05 USD) - 2022/10/04 13:35:35 PT [2022/10/04 16:35:35 ET]
Table 'Asaph II' 9-max Seat #8 is the button
Seat 1: BrenoVns ($4.20 in chips) 
Seat 3: Dorex2007 ($5.37 in chips) 
Seat 4: HE0123 ($8.04 in chips) 
Seat 6: HarrierGR.9 ($4.65 in chips) 
Seat 7: andrei_lint ($6.97 in chips) 
Seat 8: QuaranTain82 ($6.03 in chips) 
Seat 9: brnffn ($4.43 in chips) 
brnffn: posts small blind $0.02
BrenoVns: posts big blind $0.05
*** HOLE CARDS ***
Dealt to Dorex2007 [Jh Tc]
Dorex2007: folds 
HE0123: folds 
HarrierGR.9: calls $0.05
andrei_lint: folds 
QuaranTain82 has timed out
QuaranTain82: folds 
brnffn: raises $0.15 to $0.20
BrenoVns: folds 
HarrierGR.9: calls $0.15
*** FLOP *** [Ac 3h 8s]
brnffn: bets $0.15
HarrierGR.9: raises $0.37 to $0.52
gracz1993 joins the table at seat #2 
brnffn: calls $0.37
*** TURN *** [Ac 3h 8s] [As]
brnffn: checks 
HarrierGR.9: bets $0.71
brnffn: raises $0.71 to $1.42
HarrierGR.9: raises $2.14 to $3.56
brnffn: calls $2.14
*** RIVER *** [Ac 3h 8s As] [4c]
brnffn: bets $0.15 and is all-in
HarrierGR.9: calls $0.15
*** SHOW DOWN ***
brnffn: shows [Ad Ah] (four of a kind, Aces)
HarrierGR.9: shows [3s 3d] (a full house, Threes full of Aces)
brnffn collected $8.54 from pot
*** SUMMARY ***
Total pot $8.91 | Rake $0.37 
Board [Ac 3h 8s As 4c]
Seat 1: BrenoVns (big blind) folded before Flop
Seat 3: Dorex2007 folded before Flop (didn't bet)
Seat 4: HE0123 folded before Flop (didn't bet)
Seat 6: HarrierGR.9 showed [3s 3d] and lost with a full house, Threes full of Aces
Seat 7: andrei_lint folded before Flop (didn't bet)
Seat 8: QuaranTain82 (button) folded before Flop (didn't bet)
Seat 9: brnffn (small blind) showed [Ad Ah] and won ($8.54) with four of a kind, Aces



PokerStars Hand #239035676005:  Hold'em No Limit ($0.02/$0.05 USD) - 2022/10/04 13:36:59 PT [2022/10/04 16:36:59 ET]
Table 'Asaph II' 9-max Seat #9 is the button
Seat 1: BrenoVns ($4.15 in chips) 
Seat 2: gracz1993 ($5 in chips) 
Seat 3: Dorex2007 ($5.37 in chips) 
Seat 4: HE0123 ($8.04 in chips) 
Seat 6: HarrierGR.9 ($0.22 in chips) 
Seat 7: andrei_lint ($6.97 in chips) 
Seat 8: QuaranTain82 ($6.03 in chips) 
Seat 9: brnffn ($8.54 in chips) 
BrenoVns: posts small blind $0.02
gracz1993: posts big blind $0.05
*** HOLE CARDS ***
Dealt to Dorex2007 [Qs Ad]
Dorex2007: raises $0.10 to $0.15
HE0123: folds 
HarrierGR.9: folds 
andrei_lint: folds 
QuaranTain82: raises $0.45 to $0.60
brnffn: folds 
BrenoVns: folds 
gracz1993: folds 
Dorex2007: folds 
Uncalled bet ($0.45) returned to QuaranTain82
QuaranTain82 collected $0.37 from pot
*** SUMMARY ***
Total pot $0.37 | Rake $0 
Seat 1: BrenoVns (small blind) folded before Flop
Seat 2: gracz1993 (big blind) folded before Flop
Seat 3: Dorex2007 folded before Flop
Seat 4: HE0123 folded before Flop (didn't bet)
Seat 6: HarrierGR.9 folded before Flop (didn't bet)
Seat 7: andrei_lint folded before Flop (didn't bet)
Seat 8: QuaranTain82 collected ($0.37)
Seat 9: brnffn (button) folded before Flop (didn't bet)



PokerStars Hand #239035684481:  Hold'em No Limit ($0.02/$0.05 USD) - 2022/10/04 13:37:22 PT [2022/10/04 16:37:22 ET]
Table 'Asaph II' 9-max Seat #1 is the button
Seat 1: BrenoVns ($4.13 in chips) 
Seat 2: gracz1993 ($4.95 in chips) 
Seat 3: Dorex2007 ($5.22 in chips) 
Seat 4: HE0123 ($8.04 in chips) 
Seat 6: HarrierGR.9 ($5 in chips) 
Seat 7: andrei_lint ($6.97 in chips) 
Seat 8: QuaranTain82 ($6.25 in chips) 
Seat 9: brnffn ($8.54 in chips) 
gracz1993: posts small blind $0.02
Dorex2007: posts big blind $0.05
*** HOLE CARDS ***
Dealt to Dorex2007 [4h 3h]
HE0123: raises $0.10 to $0.15
HarrierGR.9: calls $0.15
andrei_lint: folds 
QuaranTain82: folds 
brnffn: calls $0.15
BrenoVns: folds 
gracz1993: folds 
Dorex2007: folds 
*** FLOP *** [6s Td 9s]
HE0123: bets $0.25
HarrierGR.9: calls $0.25
brnffn: folds 
*** TURN *** [6s Td 9s] [Jd]
HE0123: bets $0.67
HarrierGR.9: calls $0.67
*** RIVER *** [6s Td 9s Jd] [3s]
HE0123: bets $0.50
HarrierGR.9: calls $0.50
*** SHOW DOWN ***
HE0123: shows [Th 9h] (two pair, Tens and Nines)
HarrierGR.9: mucks hand 
HE0123 collected $3.22 from pot
*** SUMMARY ***
Total pot $3.36 | Rake $0.14 
Board [6s Td 9s Jd 3s]
Seat 1: BrenoVns (button) folded before Flop (didn't bet)
Seat 2: gracz1993 (small blind) folded before Flop
Seat 3: Dorex2007 (big blind) folded before Flop
Seat 4: HE0123 showed [Th 9h] and won ($3.22) with two pair, Tens and Nines
Seat 6: HarrierGR.9 mucked [Qc Qs]
Seat 7: andrei_lint folded before Flop (didn't bet)
Seat 8: QuaranTain82 folded before Flop (didn't bet)
Seat 9: brnffn folded on the Flop



PokerStars Hand #239035706654:  Hold'em No Limit ($0.02/$0.05 USD) - 2022/10/04 13:38:20 PT [2022/10/04 16:38:20 ET]
Table 'Asaph II' 9-max Seat #2 is the button
Seat 1: BrenoVns ($4.13 in chips) 
Seat 2: gracz1993 ($4.93 in chips) 
Seat 3: Dorex2007 ($5.17 in chips) 
Seat 4: HE0123 ($9.69 in chips) 
Seat 6: HarrierGR.9 ($3.43 in chips) 
Seat 7: andrei_lint ($6.97 in chips) 
Seat 8: QuaranTain82 ($6.25 in chips) 
Seat 9: brnffn ($8.39 in chips) 
Dorex2007: posts small blind $0.02
HE0123: posts big blind $0.05
*** HOLE CARDS ***
Dealt to Dorex2007 [8s Ac]
HarrierGR.9: folds 
andrei_lint: folds 
QuaranTain82: folds 
brnffn: folds 
BrenoVns: folds 
gracz1993: folds 
Dorex2007: raises $0.05 to $0.10
HE0123: folds 
Uncalled bet ($0.05) returned to Dorex2007
Dorex2007 collected $0.10 from pot
Dorex2007: doesn't show hand 
*** SUMMARY ***
Total pot $0.10 | Rake $0 
Seat 1: BrenoVns folded before Flop (didn't bet)
Seat 2: gracz1993 (button) folded before Flop (didn't bet)
Seat 3: Dorex2007 (small blind) collected ($0.10)
Seat 4: HE0123 (big blind) folded before Flop
Seat 6: HarrierGR.9 folded before Flop (didn't bet)
Seat 7: andrei_lint folded before Flop (didn't bet)
Seat 8: QuaranTain82 folded before Flop (didn't bet)
Seat 9: brnffn folded before Flop (didn't bet)



PokerStars Hand #239035714112:  Hold'em No Limit ($0.02/$0.05 USD) - 2022/10/04 13:38:40 PT [2022/10/04 16:38:40 ET]
Table 'Asaph II' 9-max Seat #3 is the button
Seat 1: BrenoVns ($4.13 in chips) 
Seat 2: gracz1993 ($4.93 in chips) 
Seat 3: Dorex2007 ($5.22 in chips) 
Seat 4: HE0123 ($9.64 in chips) 
Seat 6: HarrierGR.9 ($3.43 in chips) 
Seat 7: andrei_lint ($6.97 in chips) 
Seat 8: QuaranTain82 ($6.25 in chips) 
Seat 9: brnffn ($8.39 in chips) 
HE0123: posts small blind $0.02
HarrierGR.9: posts big blind $0.05
*** HOLE CARDS ***
Dealt to Dorex2007 [Ad Ac]
andrei_lint: folds 
QuaranTain82: folds 
brnffn: raises $0.05 to $0.10
BrenoVns: folds 
gracz1993: folds 
Dorex2007: raises $0.15 to $0.25
HE0123: folds 
HarrierGR.9: folds 
brnffn: calls $0.15
*** FLOP *** [4c 5h Ts]
brnffn: checks 
Dorex2007: bets $0.55
brnffn: calls $0.55
*** TURN *** [4c 5h Ts] [7d]
brnffn: checks 
Dorex2007: bets $4.42 and is all-in
brnffn: folds 
Uncalled bet ($4.42) returned to Dorex2007
Dorex2007 collected $1.60 from pot
Dorex2007: doesn't show hand 
*** SUMMARY ***
Total pot $1.67 | Rake $0.07 
Board [4c 5h Ts 7d]
Seat 1: BrenoVns folded before Flop (didn't bet)
Seat 2: gracz1993 folded before Flop (didn't bet)
Seat 3: Dorex2007 (button) collected ($1.60)
Seat 4: HE0123 (small blind) folded before Flop
Seat 6: HarrierGR.9 (big blind) folded before Flop
Seat 7: andrei_lint folded before Flop (didn't bet)
Seat 8: QuaranTain82 folded before Flop (didn't bet)
Seat 9: brnffn folded on the Turn



PokerStars Hand #239035732160:  Hold'em No Limit ($0.02/$0.05 USD) - 2022/10/04 13:39:29 PT [2022/10/04 16:39:29 ET]
Table 'Asaph II' 9-max Seat #4 is the button
Seat 1: BrenoVns ($4.13 in chips) 
Seat 2: gracz1993 ($4.93 in chips) 
Seat 3: Dorex2007 ($6.02 in chips) 
Seat 4: HE0123 ($9.62 in chips) 
Seat 6: HarrierGR.9 ($3.38 in chips) 
Seat 7: andrei_lint ($6.97 in chips) 
Seat 8: QuaranTain82 ($6.25 in chips) 
Seat 9: brnffn ($7.59 in chips) 
HarrierGR.9: posts small blind $0.02
andrei_lint: posts big blind $0.05
*** HOLE CARDS ***
Dealt to Dorex2007 [Kd 9d]
QuaranTain82: folds 
brnffn: folds 
BrenoVns: folds 
gracz1993: raises $0.10 to $0.15
Dorex2007: folds 
HE0123: folds 
HarrierGR.9: calls $0.13
andrei_lint: folds 
*** FLOP *** [3c 2d 7s]
HarrierGR.9: checks 
gracz1993: bets $0.15
HarrierGR.9: folds 
Uncalled bet ($0.15) returned to gracz1993
gracz1993 collected $0.34 from pot
*** SUMMARY ***
Total pot $0.35 | Rake $0.01 
Board [3c 2d 7s]
Seat 1: BrenoVns folded before Flop (didn't bet)
Seat 2: gracz1993 collected ($0.34)
Seat 3: Dorex2007 folded before Flop (didn't bet)
Seat 4: HE0123 (button) folded before Flop (didn't bet)
Seat 6: HarrierGR.9 (small blind) folded on the Flop
Seat 7: andrei_lint (big blind) folded before Flop
Seat 8: QuaranTain82 folded before Flop (didn't bet)
Seat 9: brnffn folded before Flop (didn't bet)



PokerStars Hand #239035745326:  Hold'em No Limit ($0.02/$0.05 USD) - 2022/10/04 13:40:04 PT [2022/10/04 16:40:04 ET]
Table 'Asaph II' 9-max Seat #6 is the button
Seat 1: BrenoVns ($4.13 in chips) 
Seat 2: gracz1993 ($5.12 in chips) 
Seat 3: Dorex2007 ($6.02 in chips) 
Seat 4: HE0123 ($9.62 in chips) 
Seat 6: HarrierGR.9 ($3.23 in chips) 
Seat 7: andrei_lint ($6.92 in chips) 
Seat 8: QuaranTain82 ($6.25 in chips) 
Seat 9: brnffn ($7.59 in chips) 
andrei_lint: posts small blind $0.02
QuaranTain82: posts big blind $0.05
*** HOLE CARDS ***
Dealt to Dorex2007 [3c 3d]
brnffn: folds 
BrenoVns: folds 
gracz1993: raises $0.10 to $0.15
Dorex2007: calls $0.15
HE0123: folds 
HarrierGR.9: calls $0.15
andrei_lint: folds 
QuaranTain82: folds 
*** FLOP *** [5h 5c Tc]
gracz1993: bets $0.30
Dorex2007: folds 
HarrierGR.9: folds 
Uncalled bet ($0.30) returned to gracz1993
gracz1993 collected $0.50 from pot
*** SUMMARY ***
Total pot $0.52 | Rake $0.02 
Board [5h 5c Tc]
Seat 1: BrenoVns folded before Flop (didn't bet)
Seat 2: gracz1993 collected ($0.50)
Seat 3: Dorex2007 folded on the Flop
Seat 4: HE0123 folded before Flop (didn't bet)
Seat 6: HarrierGR.9 (button) folded on the Flop
Seat 7: andrei_lint (small blind) folded before Flop
Seat 8: QuaranTain82 (big blind) folded before Flop
Seat 9: brnffn folded before Flop (didn't bet)



PokerStars Hand #239035758932:  Hold'em No Limit ($0.02/$0.05 USD) - 2022/10/04 13:40:41 PT [2022/10/04 16:40:41 ET]
Table 'Asaph II' 9-max Seat #7 is the button
Seat 1: BrenoVns ($4.13 in chips) 
Seat 2: gracz1993 ($5.47 in chips) 
Seat 3: Dorex2007 ($5.87 in chips) 
Seat 4: HE0123 ($9.62 in chips) 
Seat 6: HarrierGR.9 ($3.08 in chips) 
Seat 7: andrei_lint ($6.90 in chips) 
Seat 8: QuaranTain82 ($6.20 in chips) 
Seat 9: brnffn ($7.59 in chips) 
QuaranTain82: posts small blind $0.02
brnffn: posts big blind $0.05
*** HOLE CARDS ***
Dealt to Dorex2007 [Qc 6h]
BrenoVns: folds 
gracz1993: folds 
Dorex2007: folds 
HE0123: folds 
HarrierGR.9: folds 
andrei_lint: raises $0.10 to $0.15
QuaranTain82: calls $0.13
brnffn: folds 
*** FLOP *** [6c 7d Qh]
QuaranTain82: bets $0.20
andrei_lint: calls $0.20
*** TURN *** [6c 7d Qh] [4h]
QuaranTain82: checks 
andrei_lint: checks 
*** RIVER *** [6c 7d Qh 4h] [Ts]
QuaranTain82: bets $0.20
andrei_lint: folds 
Uncalled bet ($0.20) returned to QuaranTain82
QuaranTain82 collected $0.72 from pot
*** SUMMARY ***
Total pot $0.75 | Rake $0.03 
Board [6c 7d Qh 4h Ts]
Seat 1: BrenoVns folded before Flop (didn't bet)
Seat 2: gracz1993 folded before Flop (didn't bet)
Seat 3: Dorex2007 folded before Flop (didn't bet)
Seat 4: HE0123 folded before Flop (didn't bet)
Seat 6: HarrierGR.9 folded before Flop (didn't bet)
Seat 7: andrei_lint (button) folded on the River
Seat 8: QuaranTain82 (small blind) collected ($0.72)
Seat 9: brnffn (big blind) folded before Flop



PokerStars Hand #239035775968:  Hold'em No Limit ($0.02/$0.05 USD) - 2022/10/04 13:41:28 PT [2022/10/04 16:41:28 ET]
Table 'Asaph II' 9-max Seat #8 is the button
Seat 1: BrenoVns ($4.13 in chips) 
Seat 2: gracz1993 ($5.47 in chips) 
Seat 3: Dorex2007 ($5.87 in chips) 
Seat 4: HE0123 ($9.62 in chips) 
Seat 6: HarrierGR.9 ($3.08 in chips) 
Seat 7: andrei_lint ($6.55 in chips) 
Seat 8: QuaranTain82 ($6.57 in chips) 
Seat 9: brnffn ($7.54 in chips) 
brnffn: posts small blind $0.02
BrenoVns: posts big blind $0.05
*** HOLE CARDS ***
Dealt to Dorex2007 [5s 4d]
gracz1993: raises $0.10 to $0.15
Dorex2007: folds 
HE0123: folds 
HarrierGR.9: calls $0.15
andrei_lint: folds 
QuaranTain82: folds 
brnffn: calls $0.13
BrenoVns: folds 
*** FLOP *** [3d 2d Qc]
brnffn: bets $0.48
gracz1993: folds 
HarrierGR.9: raises $0.77 to $1.25
brnffn: raises $6.14 to $7.39 and is all-in
HarrierGR.9: calls $1.68 and is all-in
Uncalled bet ($4.46) returned to brnffn
*** TURN *** [3d 2d Qc] [2s]
*** RIVER *** [3d 2d Qc 2s] [6d]
*** SHOW DOWN ***
brnffn: shows [8d Qd] (a flush, Queen high)
HarrierGR.9: shows [Qh Qs] (a full house, Queens full of Deuces)
HarrierGR.9 collected $6.10 from pot
*** SUMMARY ***
Total pot $6.36 | Rake $0.26 
Board [3d 2d Qc 2s 6d]
Seat 1: BrenoVns (big blind) folded before Flop
Seat 2: gracz1993 folded on the Flop
Seat 3: Dorex2007 folded before Flop (didn't bet)
Seat 4: HE0123 folded before Flop (didn't bet)
Seat 6: HarrierGR.9 showed [Qh Qs] and won ($6.10) with a full house, Queens full of Deuces
Seat 7: andrei_lint folded before Flop (didn't bet)
Seat 8: QuaranTain82 (button) folded before Flop (didn't bet)
Seat 9: brnffn (small blind) showed [8d Qd] and lost with a flush, Queen high



PokerStars Hand #239035797657:  Hold'em No Limit ($0.02/$0.05 USD) - 2022/10/04 13:42:27 PT [2022/10/04 16:42:27 ET]
Table 'Asaph II' 9-max Seat #9 is the button
Seat 1: BrenoVns ($4.08 in chips) 
Seat 2: gracz1993 ($5.32 in chips) 
Seat 3: Dorex2007 ($5.87 in chips) 
Seat 4: HE0123 ($9.62 in chips) 
Seat 6: HarrierGR.9 ($6.10 in chips) 
Seat 7: andrei_lint ($6.55 in chips) 
Seat 8: QuaranTain82 ($6.57 in chips) 
Seat 9: brnffn ($4.46 in chips) 
BrenoVns: posts small blind $0.02
gracz1993: posts big blind $0.05
*** HOLE CARDS ***
Dealt to Dorex2007 [As 6h]
Dorex2007: folds 
HE0123: folds 
HarrierGR.9: folds 
andrei_lint: folds 
QuaranTain82: raises $0.10 to $0.15
brnffn: folds 
BrenoVns: calls $0.13
gracz1993: calls $0.10
*** FLOP *** [Ac Ah 5h]
BrenoVns: checks 
gracz1993: checks 
QuaranTain82: bets $0.26
BrenoVns: folds 
gracz1993: folds 
Uncalled bet ($0.26) returned to QuaranTain82
QuaranTain82 collected $0.43 from pot
*** SUMMARY ***
Total pot $0.45 | Rake $0.02 
Board [Ac Ah 5h]
Seat 1: BrenoVns (small blind) folded on the Flop
Seat 2: gracz1993 (big blind) folded on the Flop
Seat 3: Dorex2007 folded before Flop (didn't bet)
Seat 4: HE0123 folded before Flop (didn't bet)
Seat 6: HarrierGR.9 folded before Flop (didn't bet)
Seat 7: andrei_lint folded before Flop (didn't bet)
Seat 8: QuaranTain82 collected ($0.43)
Seat 9: brnffn (button) folded before Flop (didn't bet)



PokerStars Hand #239035814347:  Hold'em No Limit ($0.02/$0.05 USD) - 2022/10/04 13:43:13 PT [2022/10/04 16:43:13 ET]
Table 'Asaph II' 9-max Seat #1 is the button
Seat 1: BrenoVns ($3.93 in chips) 
Seat 2: gracz1993 ($5.17 in chips) 
Seat 3: Dorex2007 ($5.87 in chips) 
Seat 4: HE0123 ($9.62 in chips) 
Seat 6: HarrierGR.9 ($6.10 in chips) 
Seat 7: andrei_lint ($6.55 in chips) 
Seat 8: QuaranTain82 ($6.85 in chips) 
Seat 9: brnffn ($4.46 in chips) 
gracz1993: posts small blind $0.02
Dorex2007: posts big blind $0.05
*** HOLE CARDS ***
Dealt to Dorex2007 [8h Td]
HE0123: raises $0.10 to $0.15
HarrierGR.9: folds 
andrei_lint: folds 
QuaranTain82: folds 
brnffn: folds 
BrenoVns: folds 
gracz1993: calls $0.13
Dorex2007: folds 
*** FLOP *** [Th 6d 9c]
gracz1993: bets $0.22
HE0123: folds 
Uncalled bet ($0.22) returned to gracz1993
gracz1993 collected $0.34 from pot
*** SUMMARY ***
Total pot $0.35 | Rake $0.01 
Board [Th 6d 9c]
Seat 1: BrenoVns (button) folded before Flop (didn't bet)
Seat 2: gracz1993 (small blind) collected ($0.34)
Seat 3: Dorex2007 (big blind) folded before Flop
Seat 4: HE0123 folded on the Flop
Seat 6: HarrierGR.9 folded before Flop (didn't bet)
Seat 7: andrei_lint folded before Flop (didn't bet)
Seat 8: QuaranTain82 folded before Flop (didn't bet)
Seat 9: brnffn folded before Flop (didn't bet)



PokerStars Hand #239035824877:  Hold'em No Limit ($0.02/$0.05 USD) - 2022/10/04 13:43:42 PT [2022/10/04 16:43:42 ET]
Table 'Asaph II' 9-max Seat #2 is the button
Seat 1: BrenoVns ($3.93 in chips) 
Seat 2: gracz1993 ($5.36 in chips) 
Seat 3: Dorex2007 ($5.82 in chips) 
Seat 4: HE0123 ($9.47 in chips) 
Seat 6: HarrierGR.9 ($6.10 in chips) 
Seat 7: andrei_lint ($6.55 in chips) 
Seat 8: QuaranTain82 ($6.85 in chips) 
Seat 9: brnffn ($4.46 in chips) 
Dorex2007: posts small blind $0.02
HE0123: posts big blind $0.05
*** HOLE CARDS ***
Dealt to Dorex2007 [9d 9c]
HarrierGR.9: folds 
andrei_lint: folds 
QuaranTain82: raises $0.15 to $0.20
brnffn: folds 
BrenoVns: folds 
gracz1993: folds 
Dorex2007: calls $0.18
HE0123: folds 
*** FLOP *** [7c Qs 8h]
Dorex2007: checks 
QuaranTain82: bets $0.21
Dorex2007: calls $0.21
*** TURN *** [7c Qs 8h] [6d]
Dorex2007: checks 
QuaranTain82: bets $0.15
Dorex2007: calls $0.15
*** RIVER *** [7c Qs 8h 6d] [Th]
Dorex2007: checks 
QuaranTain82: bets $0.56
Dorex2007: raises $2.24 to $2.80
QuaranTain82: folds 
Uncalled bet ($2.24) returned to Dorex2007
Dorex2007 collected $2.19 from pot
Dorex2007: doesn't show hand 
*** SUMMARY ***
Total pot $2.29 | Rake $0.10 
Board [7c Qs 8h 6d Th]
Seat 1: BrenoVns folded before Flop (didn't bet)
Seat 2: gracz1993 (button) folded before Flop (didn't bet)
Seat 3: Dorex2007 (small blind) collected ($2.19)
Seat 4: HE0123 (big blind) folded before Flop
Seat 6: HarrierGR.9 folded before Flop (didn't bet)
Seat 7: andrei_lint folded before Flop (didn't bet)
Seat 8: QuaranTain82 folded on the River
Seat 9: brnffn folded before Flop (didn't bet)



PokerStars Hand #239035844295:  Hold'em No Limit ($0.02/$0.05 USD) - 2022/10/04 13:44:36 PT [2022/10/04 16:44:36 ET]
Table 'Asaph II' 9-max Seat #3 is the button
Seat 1: BrenoVns ($3.93 in chips) 
Seat 2: gracz1993 ($5.36 in chips) 
Seat 3: Dorex2007 ($6.89 in chips) 
Seat 4: HE0123 ($9.42 in chips) 
Seat 6: HarrierGR.9 ($6.10 in chips) 
Seat 7: andrei_lint ($6.55 in chips) 
Seat 8: QuaranTain82 ($5.73 in chips) 
Seat 9: brnffn ($4.46 in chips) 
HE0123: posts small blind $0.02
HarrierGR.9: posts big blind $0.05
*** HOLE CARDS ***
Dealt to Dorex2007 [4d 5h]
andrei_lint: raises $0.10 to $0.15
QuaranTain82: calls $0.15
brnffn: folds 
BrenoVns: folds 
gracz1993: folds 
Dorex2007: folds 
HE0123: folds 
HarrierGR.9: folds 
*** FLOP *** [6s Qh Td]
andrei_lint: bets $0.20
QuaranTain82: raises $0.75 to $0.95
andrei_lint: folds 
Uncalled bet ($0.75) returned to QuaranTain82
QuaranTain82 collected $0.74 from pot
*** SUMMARY ***
Total pot $0.77 | Rake $0.03 
Board [6s Qh Td]
Seat 1: BrenoVns folded before Flop (didn't bet)
Seat 2: gracz1993 folded before Flop (didn't bet)
Seat 3: Dorex2007 (button) folded before Flop (didn't bet)
Seat 4: HE0123 (small blind) folded before Flop
Seat 6: HarrierGR.9 (big blind) folded before Flop
Seat 7: andrei_lint folded on the Flop
Seat 8: QuaranTain82 collected ($0.74)
Seat 9: brnffn folded before Flop (didn't bet)



PokerStars Hand #239035854071:  Hold'em No Limit ($0.02/$0.05 USD) - 2022/10/04 13:45:02 PT [2022/10/04 16:45:02 ET]
Table 'Asaph II' 9-max Seat #4 is the button
Seat 1: BrenoVns ($3.93 in chips) 
Seat 2: gracz1993 ($5.36 in chips) 
Seat 3: Dorex2007 ($6.89 in chips) 
Seat 4: HE0123 ($9.40 in chips) 
Seat 6: HarrierGR.9 ($6.05 in chips) 
Seat 7: andrei_lint ($6.20 in chips) 
Seat 8: QuaranTain82 ($6.12 in chips) 
Seat 9: brnffn ($4.46 in chips) 
HarrierGR.9: posts small blind $0.02
andrei_lint: posts big blind $0.05
*** HOLE CARDS ***
Dealt to Dorex2007 [5h As]
QuaranTain82: folds 
brnffn: folds 
BrenoVns: folds 
gracz1993: folds 
Dorex2007: folds 
HE0123: folds 
HarrierGR.9: calls $0.03
andrei_lint: checks 
*** FLOP *** [8c Tc 8d]
HarrierGR.9: checks 
andrei_lint: checks 
*** TURN *** [8c Tc 8d] [4d]
HarrierGR.9: bets $0.10
andrei_lint: folds 
Uncalled bet ($0.10) returned to HarrierGR.9
HarrierGR.9 collected $0.10 from pot
HarrierGR.9: doesn't show hand 
*** SUMMARY ***
Total pot $0.10 | Rake $0 
Board [8c Tc 8d 4d]
Seat 1: BrenoVns folded before Flop (didn't bet)
Seat 2: gracz1993 folded before Flop (didn't bet)
Seat 3: Dorex2007 folded before Flop (didn't bet)
Seat 4: HE0123 (button) folded before Flop (didn't bet)
Seat 6: HarrierGR.9 (small blind) collected ($0.10)
Seat 7: andrei_lint (big blind) folded on the Turn
Seat 8: QuaranTain82 folded before Flop (didn't bet)
Seat 9: brnffn folded before Flop (didn't bet)



PokerStars Hand #239035863610:  Hold'em No Limit ($0.02/$0.05 USD) - 2022/10/04 13:45:28 PT [2022/10/04 16:45:28 ET]
Table 'Asaph II' 9-max Seat #6 is the button
Seat 1: BrenoVns ($3.93 in chips) 
Seat 2: gracz1993 ($5.36 in chips) 
Seat 3: Dorex2007 ($6.89 in chips) 
Seat 4: HE0123 ($9.40 in chips) 
Seat 6: HarrierGR.9 ($6.10 in chips) 
Seat 7: andrei_lint ($6.15 in chips) 
Seat 8: QuaranTain82 ($6.12 in chips) 
Seat 9: brnffn ($4.46 in chips) 
andrei_lint: posts small blind $0.02
QuaranTain82: posts big blind $0.05
*** HOLE CARDS ***
Dealt to Dorex2007 [6d Qh]
brnffn: folds 
BrenoVns: folds 
gracz1993: folds 
Dorex2007: folds 
HE0123: folds 
HarrierGR.9: calls $0.05
andrei_lint: folds 
QuaranTain82: checks 
*** FLOP *** [4c 7h Js]
QuaranTain82: checks 
HarrierGR.9: bets $0.10
QuaranTain82: raises $0.10 to $0.20
HarrierGR.9: calls $0.10
*** TURN *** [4c 7h Js] [9c]
QuaranTain82: checks 
HarrierGR.9: checks 
*** RIVER *** [4c 7h Js 9c] [Jd]
QuaranTain82: bets $0.25
HarrierGR.9: folds 
Uncalled bet ($0.25) returned to QuaranTain82
QuaranTain82 collected $0.50 from pot
*** SUMMARY ***
Total pot $0.52 | Rake $0.02 
Board [4c 7h Js 9c Jd]
Seat 1: BrenoVns folded before Flop (didn't bet)
Seat 2: gracz1993 folded before Flop (didn't bet)
Seat 3: Dorex2007 folded before Flop (didn't bet)
Seat 4: HE0123 folded before Flop (didn't bet)
Seat 6: HarrierGR.9 (button) folded on the River
Seat 7: andrei_lint (small blind) folded before Flop
Seat 8: QuaranTain82 (big blind) collected ($0.50)
Seat 9: brnffn folded before Flop (didn't bet)



PokerStars Hand #239035879384:  Hold'em No Limit ($0.02/$0.05 USD) - 2022/10/04 13:46:11 PT [2022/10/04 16:46:11 ET]
Table 'Asaph II' 9-max Seat #7 is the button
Seat 1: BrenoVns ($3.93 in chips) 
Seat 2: gracz1993 ($5.36 in chips) 
Seat 3: Dorex2007 ($6.89 in chips) 
Seat 4: HE0123 ($9.40 in chips) 
Seat 6: HarrierGR.9 ($5.85 in chips) 
Seat 7: andrei_lint ($6.13 in chips) 
Seat 8: QuaranTain82 ($6.37 in chips) 
Seat 9: brnffn ($4.46 in chips) 
QuaranTain82: posts small blind $0.02
brnffn: posts big blind $0.05
*** HOLE CARDS ***
Dealt to Dorex2007 [2d 7c]
BrenoVns: folds 
gracz1993: folds 
Dorex2007: folds 
HE0123: folds 
HarrierGR.9: folds 
andrei_lint: raises $0.10 to $0.15
QuaranTain82: calls $0.13
brnffn: calls $0.10
*** FLOP *** [4c Qs 2s]
QuaranTain82: checks 
brnffn: bets $0.30
andrei_lint: calls $0.30
QuaranTain82: folds 
*** TURN *** [4c Qs 2s] [7s]
brnffn: bets $0.50
andrei_lint: calls $0.50
*** RIVER *** [4c Qs 2s 7s] [Td]
brnffn: checks 
andrei_lint: bets $0.85
brnffn: calls $0.85
*** SHOW DOWN ***
andrei_lint: shows [Qc Kd] (a pair of Queens)
brnffn: shows [4h 2h] (two pair, Fours and Deuces)
brnffn collected $3.59 from pot
*** SUMMARY ***
Total pot $3.75 | Rake $0.16 
Board [4c Qs 2s 7s Td]
Seat 1: BrenoVns folded before Flop (didn't bet)
Seat 2: gracz1993 folded before Flop (didn't bet)
Seat 3: Dorex2007 folded before Flop (didn't bet)
Seat 4: HE0123 folded before Flop (didn't bet)
Seat 6: HarrierGR.9 folded before Flop (didn't bet)
Seat 7: andrei_lint (button) showed [Qc Kd] and lost with a pair of Queens
Seat 8: QuaranTain82 (small blind) folded on the Flop
Seat 9: brnffn (big blind) showed [4h 2h] and won ($3.59) with two pair, Fours and Deuces



PokerStars Hand #239035906643:  Hold'em No Limit ($0.02/$0.05 USD) - 2022/10/04 13:47:25 PT [2022/10/04 16:47:25 ET]
Table 'Asaph II' 9-max Seat #8 is the button
Seat 1: BrenoVns ($3.93 in chips) 
Seat 2: gracz1993 ($5.36 in chips) 
Seat 3: Dorex2007 ($6.89 in chips) 
Seat 4: HE0123 ($9.40 in chips) 
Seat 6: HarrierGR.9 ($5.85 in chips) 
Seat 7: andrei_lint ($5 in chips) 
Seat 8: QuaranTain82 ($6.22 in chips) 
Seat 9: brnffn ($6.25 in chips) 
brnffn: posts small blind $0.02
BrenoVns: posts big blind $0.05
*** HOLE CARDS ***
Dealt to Dorex2007 [Jc 6c]
gracz1993: folds 
Dorex2007: folds 
HE0123: raises $0.10 to $0.15
HarrierGR.9: folds 
andrei_lint: folds 
QuaranTain82: folds 
brnffn: folds 
BrenoVns: folds 
Uncalled bet ($0.10) returned to HE0123
HE0123 collected $0.12 from pot
HE0123: doesn't show hand 
*** SUMMARY ***
Total pot $0.12 | Rake $0 
Seat 1: BrenoVns (big blind) folded before Flop
Seat 2: gracz1993 folded before Flop (didn't bet)
Seat 3: Dorex2007 folded before Flop (didn't bet)
Seat 4: HE0123 collected ($0.12)
Seat 6: HarrierGR.9 folded before Flop (didn't bet)
Seat 7: andrei_lint folded before Flop (didn't bet)
Seat 8: QuaranTain82 (button) folded before Flop (didn't bet)
Seat 9: brnffn (small blind) folded before Flop



PokerStars Hand #239035913953:  Hold'em No Limit ($0.02/$0.05 USD) - 2022/10/04 13:47:44 PT [2022/10/04 16:47:44 ET]
Table 'Asaph II' 9-max Seat #9 is the button
Seat 1: BrenoVns ($3.88 in chips) 
Seat 2: gracz1993 ($5.36 in chips) 
Seat 3: Dorex2007 ($6.89 in chips) 
Seat 4: HE0123 ($9.47 in chips) 
Seat 6: HarrierGR.9 ($5.85 in chips) 
Seat 7: andrei_lint ($5 in chips) 
Seat 8: QuaranTain82 ($6.22 in chips) 
Seat 9: brnffn ($6.23 in chips) 
BrenoVns: posts small blind $0.02
gracz1993: posts big blind $0.05
*** HOLE CARDS ***
Dealt to Dorex2007 [4c Ad]
Dorex2007: folds 
HE0123: folds 
HarrierGR.9: folds 
andrei_lint: raises $0.10 to $0.15
QuaranTain82: folds 
brnffn: calls $0.15
BrenoVns: folds 
gracz1993: folds 
*** FLOP *** [3c Js Qc]
andrei_lint: bets $0.20
brnffn: calls $0.20
*** TURN *** [3c Js Qc] [4d]
andrei_lint: bets $0.55
brnffn: folds 
Uncalled bet ($0.55) returned to andrei_lint
andrei_lint collected $0.74 from pot
andrei_lint: doesn't show hand 
*** SUMMARY ***
Total pot $0.77 | Rake $0.03 
Board [3c Js Qc 4d]
Seat 1: BrenoVns (small blind) folded before Flop
Seat 2: gracz1993 (big blind) folded before Flop
Seat 3: Dorex2007 folded before Flop (didn't bet)
Seat 4: HE0123 folded before Flop (didn't bet)
Seat 6: HarrierGR.9 folded before Flop (didn't bet)
Seat 7: andrei_lint collected ($0.74)
Seat 8: QuaranTain82 folded before Flop (didn't bet)
Seat 9: brnffn (button) folded on the Turn



PokerStars Hand #239035931847:  Hold'em No Limit ($0.02/$0.05 USD) - 2022/10/04 13:48:33 PT [2022/10/04 16:48:33 ET]
Table 'Asaph II' 9-max Seat #1 is the button
Seat 1: BrenoVns ($3.86 in chips) 
Seat 2: gracz1993 ($5.31 in chips) 
Seat 3: Dorex2007 ($6.89 in chips) 
Seat 4: HE0123 ($9.47 in chips) 
Seat 6: HarrierGR.9 ($5.85 in chips) 
Seat 7: andrei_lint ($5.39 in chips) 
Seat 8: QuaranTain82 ($6.22 in chips) 
Seat 9: brnffn ($5.88 in chips) 
gracz1993: posts small blind $0.02
Dorex2007: posts big blind $0.05
TrzymamKolo: sits out 
*** HOLE CARDS ***
Dealt to Dorex2007 [3s 8s]
HE0123: raises $0.10 to $0.15
HarrierGR.9: folds 
andrei_lint: calls $0.15
QuaranTain82: folds 
brnffn: folds 
BrenoVns: folds 
gracz1993: folds 
Dorex2007: folds 
*** FLOP *** [4c Qd 2h]
HE0123: bets $0.20
andrei_lint: calls $0.20
*** TURN *** [4c Qd 2h] [3c]
HE0123: bets $0.40
andrei_lint: calls $0.40
*** RIVER *** [4c Qd 2h 3c] [Ts]
HE0123: checks 
andrei_lint: bets $0.75
HE0123: calls $0.75
*** SHOW DOWN ***
andrei_lint: shows [As Qc] (a pair of Queens)
HE0123: mucks hand 
andrei_lint collected $2.94 from pot
*** SUMMARY ***
Total pot $3.07 | Rake $0.13 
Board [4c Qd 2h 3c Ts]
Seat 1: BrenoVns (button) folded before Flop (didn't bet)
Seat 2: gracz1993 (small blind) folded before Flop
Seat 3: Dorex2007 (big blind) folded before Flop
Seat 4: HE0123 mucked [Jc Tc]
Seat 6: HarrierGR.9 folded before Flop (didn't bet)
Seat 7: andrei_lint showed [As Qc] and won ($2.94) with a pair of Queens
Seat 8: QuaranTain82 folded before Flop (didn't bet)
Seat 9: brnffn folded before Flop (didn't bet)



PokerStars Hand #239035978051:  Hold'em No Limit ($0.02/$0.05 USD) - 2022/10/04 13:50:39 PT [2022/10/04 16:50:39 ET]
Table 'Asaph II' 9-max Seat #2 is the button
Seat 1: BrenoVns ($3.86 in chips) 
Seat 2: gracz1993 ($5.29 in chips) 
Seat 3: Dorex2007 ($6.84 in chips) 
Seat 4: HE0123 ($7.97 in chips) 
Seat 6: HarrierGR.9 ($5.85 in chips) 
Seat 7: andrei_lint ($6.83 in chips) 
Seat 8: QuaranTain82 ($6.22 in chips) 
Seat 9: brnffn ($5.88 in chips) 
Dorex2007: posts small blind $0.02
HE0123: posts big blind $0.05
TrzymamKolo: sits out 
*** HOLE CARDS ***
Dealt to Dorex2007 [2h 2d]
HarrierGR.9: folds 
andrei_lint: folds 
QuaranTain82: folds 
brnffn: folds 
BrenoVns: raises $0.07 to $0.12
gracz1993: folds 
Dorex2007: calls $0.10
HE0123: folds 
*** FLOP *** [Qh 3s Ah]
Dorex2007: checks 
BrenoVns: bets $0.20
Dorex2007: folds 
Uncalled bet ($0.20) returned to BrenoVns
BrenoVns collected $0.28 from pot
BrenoVns: doesn't show hand 
*** SUMMARY ***
Total pot $0.29 | Rake $0.01 
Board [Qh 3s Ah]
Seat 1: BrenoVns collected ($0.28)
Seat 2: gracz1993 (button) folded before Flop (didn't bet)
Seat 3: Dorex2007 (small blind) folded on the Flop
Seat 4: HE0123 (big blind) folded before Flop
Seat 6: HarrierGR.9 folded before Flop (didn't bet)
Seat 7: andrei_lint folded before Flop (didn't bet)
Seat 8: QuaranTain82 folded before Flop (didn't bet)
Seat 9: brnffn folded before Flop (didn't bet)



PokerStars Hand #239035986253:  Hold'em No Limit ($0.02/$0.05 USD) - 2022/10/04 13:51:02 PT [2022/10/04 16:51:02 ET]
Table 'Asaph II' 9-max Seat #3 is the button
Seat 1: BrenoVns ($4.02 in chips) 
Seat 2: gracz1993 ($5.29 in chips) 
Seat 3: Dorex2007 ($6.72 in chips) 
Seat 4: HE0123 ($7.92 in chips) 
Seat 5: TrzymamKolo ($5.14 in chips) 
Seat 6: HarrierGR.9 ($5.85 in chips) 
Seat 7: andrei_lint ($6.83 in chips) 
Seat 8: QuaranTain82 ($6.22 in chips) 
Seat 9: brnffn ($5.88 in chips) 
HE0123: posts small blind $0.02
TrzymamKolo: posts big blind $0.05
*** HOLE CARDS ***
Dealt to Dorex2007 [Kc 4s]
HarrierGR.9: folds 
andrei_lint: folds 
QuaranTain82: raises $0.15 to $0.20
brnffn: folds 
BrenoVns: folds 
gracz1993: folds 
Dorex2007: folds 
HE0123: folds 
TrzymamKolo: folds 
Uncalled bet ($0.15) returned to QuaranTain82
QuaranTain82 collected $0.12 from pot
*** SUMMARY ***
Total pot $0.12 | Rake $0 
Seat 1: BrenoVns folded before Flop (didn't bet)
Seat 2: gracz1993 folded before Flop (didn't bet)
Seat 3: Dorex2007 (button) folded before Flop (didn't bet)
Seat 4: HE0123 (small blind) folded before Flop
Seat 5: TrzymamKolo (big blind) folded before Flop
Seat 6: HarrierGR.9 folded before Flop (didn't bet)
Seat 7: andrei_lint folded before Flop (didn't bet)
Seat 8: QuaranTain82 collected ($0.12)
Seat 9: brnffn folded before Flop (didn't bet)



PokerStars Hand #239035992141:  Hold'em No Limit ($0.02/$0.05 USD) - 2022/10/04 13:51:18 PT [2022/10/04 16:51:18 ET]
Table 'Asaph II' 9-max Seat #4 is the button
Seat 1: BrenoVns ($4.02 in chips) 
Seat 2: gracz1993 ($5.29 in chips) 
Seat 3: Dorex2007 ($6.72 in chips) 
Seat 4: HE0123 ($7.90 in chips) 
Seat 5: TrzymamKolo ($5.09 in chips) 
Seat 6: HarrierGR.9 ($5.85 in chips) 
Seat 7: andrei_lint ($6.83 in chips) 
Seat 8: QuaranTain82 ($6.29 in chips) 
Seat 9: brnffn ($5.88 in chips) 
TrzymamKolo: posts small blind $0.02
HarrierGR.9: posts big blind $0.05
*** HOLE CARDS ***
Dealt to Dorex2007 [Ah 8s]
andrei_lint: folds 
QuaranTain82: folds 
brnffn: folds 
BrenoVns: raises $0.07 to $0.12
gracz1993: calls $0.12
Dorex2007: folds 
HE0123: folds 
TrzymamKolo: calls $0.10
HarrierGR.9: folds 
*** FLOP *** [9h Ad Kh]
TrzymamKolo: bets $0.20
BrenoVns: calls $0.20
gracz1993: raises $0.20 to $0.40
TrzymamKolo: calls $0.20
BrenoVns: folds 
*** TURN *** [9h Ad Kh] [6s]
TrzymamKolo: checks 
gracz1993: bets $0.92
TrzymamKolo: folds 
Uncalled bet ($0.92) returned to gracz1993
gracz1993 collected $1.35 from pot
*** SUMMARY ***
Total pot $1.41 | Rake $0.06 
Board [9h Ad Kh 6s]
Seat 1: BrenoVns folded on the Flop
Seat 2: gracz1993 collected ($1.35)
Seat 3: Dorex2007 folded before Flop (didn't bet)
Seat 4: HE0123 (button) folded before Flop (didn't bet)
Seat 5: TrzymamKolo (small blind) folded on the Turn
Seat 6: HarrierGR.9 (big blind) folded before Flop
Seat 7: andrei_lint folded before Flop (didn't bet)
Seat 8: QuaranTain82 folded before Flop (didn't bet)
Seat 9: brnffn folded before Flop (didn't bet)



PokerStars Hand #239036009857:  Hold'em No Limit ($0.02/$0.05 USD) - 2022/10/04 13:52:07 PT [2022/10/04 16:52:07 ET]
Table 'Asaph II' 9-max Seat #5 is the button
Seat 1: BrenoVns ($5 in chips) 
Seat 2: gracz1993 ($6.12 in chips) 
Seat 3: Dorex2007 ($6.72 in chips) 
Seat 4: HE0123 ($7.90 in chips) 
Seat 5: TrzymamKolo ($5 in chips) 
Seat 6: HarrierGR.9 ($5.80 in chips) 
Seat 7: andrei_lint ($6.83 in chips) 
Seat 8: QuaranTain82 ($6.29 in chips) 
Seat 9: brnffn ($5.88 in chips) 
HarrierGR.9: posts small blind $0.02
andrei_lint: posts big blind $0.05
*** HOLE CARDS ***
Dealt to Dorex2007 [5h As]
QuaranTain82: folds 
brnffn: folds 
BrenoVns: folds 
gracz1993: folds 
Dorex2007: folds 
HE0123: folds 
TrzymamKolo: folds 
HarrierGR.9: calls $0.03
andrei_lint: raises $0.15 to $0.20
HarrierGR.9: folds 
Uncalled bet ($0.15) returned to andrei_lint
andrei_lint collected $0.10 from pot
andrei_lint: doesn't show hand 
*** SUMMARY ***
Total pot $0.10 | Rake $0 
Seat 1: BrenoVns folded before Flop (didn't bet)
Seat 2: gracz1993 folded before Flop (didn't bet)
Seat 3: Dorex2007 folded before Flop (didn't bet)
Seat 4: HE0123 folded before Flop (didn't bet)
Seat 5: TrzymamKolo (button) folded before Flop (didn't bet)
Seat 6: HarrierGR.9 (small blind) folded before Flop
Seat 7: andrei_lint (big blind) collected ($0.10)
Seat 8: QuaranTain82 folded before Flop (didn't bet)
Seat 9: brnffn folded before Flop (didn't bet)



PokerStars Hand #239036016205:  Hold'em No Limit ($0.02/$0.05 USD) - 2022/10/04 13:52:25 PT [2022/10/04 16:52:25 ET]
Table 'Asaph II' 9-max Seat #6 is the button
Seat 1: BrenoVns ($5 in chips) 
Seat 2: gracz1993 ($6.12 in chips) 
Seat 3: Dorex2007 ($6.72 in chips) 
Seat 4: HE0123 ($7.90 in chips) 
Seat 5: TrzymamKolo ($5 in chips) 
Seat 6: HarrierGR.9 ($5.75 in chips) 
Seat 7: andrei_lint ($6.88 in chips) 
Seat 8: QuaranTain82 ($6.29 in chips) 
Seat 9: brnffn ($5.88 in chips) 
andrei_lint: posts small blind $0.02
QuaranTain82: posts big blind $0.05
*** HOLE CARDS ***
Dealt to Dorex2007 [Kh Th]
brnffn: folds 
BrenoVns: folds 
gracz1993: raises $0.10 to $0.15
Dorex2007: calls $0.15
HE0123: folds 
TrzymamKolo: folds 
HarrierGR.9: folds 
andrei_lint: folds 
QuaranTain82: folds 
*** FLOP *** [9s 4h 3s]
gracz1993: bets $0.22
Dorex2007: calls $0.22
*** TURN *** [9s 4h 3s] [6h]
gracz1993: checks 
Dorex2007: bets $0.39
gracz1993: folds 
Uncalled bet ($0.39) returned to Dorex2007
Dorex2007 collected $0.78 from pot
Dorex2007: doesn't show hand 
*** SUMMARY ***
Total pot $0.81 | Rake $0.03 
Board [9s 4h 3s 6h]
Seat 1: BrenoVns folded before Flop (didn't bet)
Seat 2: gracz1993 folded on the Turn
Seat 3: Dorex2007 collected ($0.78)
Seat 4: HE0123 folded before Flop (didn't bet)
Seat 5: TrzymamKolo folded before Flop (didn't bet)
Seat 6: HarrierGR.9 (button) folded before Flop (didn't bet)
Seat 7: andrei_lint (small blind) folded before Flop
Seat 8: QuaranTain82 (big blind) folded before Flop
Seat 9: brnffn folded before Flop (didn't bet)



PokerStars Hand #239036031564:  Hold'em No Limit ($0.02/$0.05 USD) - 2022/10/04 13:53:07 PT [2022/10/04 16:53:07 ET]
Table 'Asaph II' 9-max Seat #7 is the button
Seat 1: BrenoVns ($5 in chips) 
Seat 2: gracz1993 ($5.75 in chips) 
Seat 3: Dorex2007 ($7.13 in chips) 
Seat 4: HE0123 ($7.90 in chips) 
Seat 5: TrzymamKolo ($5 in chips) 
Seat 6: HarrierGR.9 ($5.75 in chips) 
Seat 7: andrei_lint ($6.86 in chips) 
Seat 8: QuaranTain82 ($6.24 in chips) 
Seat 9: brnffn ($5.88 in chips) 
QuaranTain82: posts small blind $0.02
brnffn: posts big blind $0.05
*** HOLE CARDS ***
Dealt to Dorex2007 [4h Kd]
BrenoVns: folds 
gracz1993: folds 
Dorex2007: folds 
HE0123: folds 
TrzymamKolo: folds 
HarrierGR.9: folds 
andrei_lint: folds 
QuaranTain82: raises $0.10 to $0.15
brnffn: folds 
Uncalled bet ($0.10) returned to QuaranTain82
QuaranTain82 collected $0.10 from pot
*** SUMMARY ***
Total pot $0.10 | Rake $0 
Seat 1: BrenoVns folded before Flop (didn't bet)
Seat 2: gracz1993 folded before Flop (didn't bet)
Seat 3: Dorex2007 folded before Flop (didn't bet)
Seat 4: HE0123 folded before Flop (didn't bet)
Seat 5: TrzymamKolo folded before Flop (didn't bet)
Seat 6: HarrierGR.9 folded before Flop (didn't bet)
Seat 7: andrei_lint (button) folded before Flop (didn't bet)
Seat 8: QuaranTain82 (small blind) collected ($0.10)
Seat 9: brnffn (big blind) folded before Flop



PokerStars Hand #239036041647:  Hold'em No Limit ($0.02/$0.05 USD) - 2022/10/04 13:53:35 PT [2022/10/04 16:53:35 ET]
Table 'Asaph II' 9-max Seat #8 is the button
Seat 1: BrenoVns ($5 in chips) 
Seat 2: gracz1993 ($5.75 in chips) 
Seat 3: Dorex2007 ($7.13 in chips) 
Seat 4: HE0123 ($7.90 in chips) 
Seat 5: TrzymamKolo ($5 in chips) 
Seat 6: HarrierGR.9 ($5.75 in chips) 
Seat 7: andrei_lint ($6.86 in chips) 
Seat 8: QuaranTain82 ($6.29 in chips) 
Seat 9: brnffn ($5.83 in chips) 
brnffn: posts small blind $0.02
BrenoVns: posts big blind $0.05
*** HOLE CARDS ***
Dealt to Dorex2007 [2h Qd]
gracz1993: folds 
Dorex2007: folds 
HE0123: folds 
TrzymamKolo: folds 
HarrierGR.9: folds 
andrei_lint: folds 
QuaranTain82: folds 
brnffn: folds 
Uncalled bet ($0.03) returned to BrenoVns
BrenoVns collected $0.04 from pot
BrenoVns: doesn't show hand 
*** SUMMARY ***
Total pot $0.04 | Rake $0 
Seat 1: BrenoVns (big blind) collected ($0.04)
Seat 2: gracz1993 folded before Flop (didn't bet)
Seat 3: Dorex2007 folded before Flop (didn't bet)
Seat 4: HE0123 folded before Flop (didn't bet)
Seat 5: TrzymamKolo folded before Flop (didn't bet)
Seat 6: HarrierGR.9 folded before Flop (didn't bet)
Seat 7: andrei_lint folded before Flop (didn't bet)
Seat 8: QuaranTain82 (button) folded before Flop (didn't bet)
Seat 9: brnffn (small blind) folded before Flop



PokerStars Hand #239036046616:  Hold'em No Limit ($0.02/$0.05 USD) - 2022/10/04 13:53:49 PT [2022/10/04 16:53:49 ET]
Table 'Asaph II' 9-max Seat #9 is the button
Seat 1: BrenoVns ($5.02 in chips) 
Seat 2: gracz1993 ($5.75 in chips) 
Seat 3: Dorex2007 ($7.13 in chips) 
Seat 4: HE0123 ($7.90 in chips) 
Seat 5: TrzymamKolo ($5 in chips) 
Seat 6: HarrierGR.9 ($5.75 in chips) 
Seat 7: andrei_lint ($6.86 in chips) 
Seat 8: QuaranTain82 ($6.29 in chips) 
Seat 9: brnffn ($5.81 in chips) 
BrenoVns: posts small blind $0.02
gracz1993: posts big blind $0.05
*** HOLE CARDS ***
Dealt to Dorex2007 [3d Ks]
Dorex2007: folds 
HE0123: folds 
TrzymamKolo: folds 
HarrierGR.9: folds 
andrei_lint: raises $0.10 to $0.15
QuaranTain82 has timed out
QuaranTain82: folds 
brnffn: folds 
BrenoVns: folds 
gracz1993: folds 
Uncalled bet ($0.10) returned to andrei_lint
andrei_lint collected $0.12 from pot
andrei_lint: doesn't show hand 
*** SUMMARY ***
Total pot $0.12 | Rake $0 
Seat 1: BrenoVns (small blind) folded before Flop
Seat 2: gracz1993 (big blind) folded before Flop
Seat 3: Dorex2007 folded before Flop (didn't bet)
Seat 4: HE0123 folded before Flop (didn't bet)
Seat 5: TrzymamKolo folded before Flop (didn't bet)
Seat 6: HarrierGR.9 folded before Flop (didn't bet)
Seat 7: andrei_lint collected ($0.12)
Seat 8: QuaranTain82 folded before Flop (didn't bet)
Seat 9: brnffn (button) folded before Flop (didn't bet)



PokerStars Hand #239036057851:  Hold'em No Limit ($0.02/$0.05 USD) - 2022/10/04 13:54:20 PT [2022/10/04 16:54:20 ET]
Table 'Asaph II' 9-max Seat #1 is the button
Seat 1: BrenoVns ($5 in chips) 
Seat 2: gracz1993 ($5.70 in chips) 
Seat 3: Dorex2007 ($7.13 in chips) 
Seat 4: HE0123 ($7.90 in chips) 
Seat 5: TrzymamKolo ($5 in chips) 
Seat 6: HarrierGR.9 ($5.75 in chips) 
Seat 7: andrei_lint ($6.93 in chips) 
Seat 9: brnffn ($5.81 in chips) 
gracz1993: posts small blind $0.02
Dorex2007: posts big blind $0.05
*** HOLE CARDS ***
Dealt to Dorex2007 [9d 4s]
HE0123: folds 
TrzymamKolo: folds 
HarrierGR.9: raises $0.10 to $0.15
andrei_lint: calls $0.15
brnffn: folds 
BrenoVns: folds 
gracz1993: folds 
Dorex2007: folds 
*** FLOP *** [5d Ks Qd]
HarrierGR.9: bets $0.17
andrei_lint: folds 
Uncalled bet ($0.17) returned to HarrierGR.9
HarrierGR.9 collected $0.35 from pot
HarrierGR.9: doesn't show hand 
*** SUMMARY ***
Total pot $0.37 | Rake $0.02 
Board [5d Ks Qd]
Seat 1: BrenoVns (button) folded before Flop (didn't bet)
Seat 2: gracz1993 (small blind) folded before Flop
Seat 3: Dorex2007 (big blind) folded before Flop
Seat 4: HE0123 folded before Flop (didn't bet)
Seat 5: TrzymamKolo folded before Flop (didn't bet)
Seat 6: HarrierGR.9 collected ($0.35)
Seat 7: andrei_lint folded on the Flop
Seat 9: brnffn folded before Flop (didn't bet)



PokerStars Hand #239036066877:  Hold'em No Limit ($0.02/$0.05 USD) - 2022/10/04 13:54:45 PT [2022/10/04 16:54:45 ET]
Table 'Asaph II' 9-max Seat #2 is the button
Seat 1: BrenoVns ($5 in chips) 
Seat 2: gracz1993 ($5.68 in chips) 
Seat 3: Dorex2007 ($7.08 in chips) 
Seat 4: HE0123 ($7.90 in chips) 
Seat 5: TrzymamKolo ($5 in chips) 
Seat 6: HarrierGR.9 ($5.95 in chips) 
Seat 7: andrei_lint ($6.78 in chips) 
Seat 8: QuaranTain82 ($6.29 in chips) 
Seat 9: brnffn ($5.81 in chips) 
Dorex2007: posts small blind $0.02
HE0123: posts big blind $0.05
*** HOLE CARDS ***
Dealt to Dorex2007 [4h Kh]
TrzymamKolo: raises $0.10 to $0.15
HarrierGR.9: folds 
andrei_lint: folds 
QuaranTain82: calls $0.15
brnffn: folds 
BrenoVns: folds 
gracz1993: folds 
Dorex2007: folds 
HE0123: folds 
*** FLOP *** [Tc 6c 5h]
TrzymamKolo: checks 
QuaranTain82: bets $0.35
TrzymamKolo: folds 
Uncalled bet ($0.35) returned to QuaranTain82
QuaranTain82 collected $0.35 from pot
*** SUMMARY ***
Total pot $0.37 | Rake $0.02 
Board [Tc 6c 5h]
Seat 1: BrenoVns folded before Flop (didn't bet)
Seat 2: gracz1993 (button) folded before Flop (didn't bet)
Seat 3: Dorex2007 (small blind) folded before Flop
Seat 4: HE0123 (big blind) folded before Flop
Seat 5: TrzymamKolo folded on the Flop
Seat 6: HarrierGR.9 folded before Flop (didn't bet)
Seat 7: andrei_lint folded before Flop (didn't bet)
Seat 8: QuaranTain82 collected ($0.35)
Seat 9: brnffn folded before Flop (didn't bet)



PokerStars Hand #239036077452:  Hold'em No Limit ($0.02/$0.05 USD) - 2022/10/04 13:55:16 PT [2022/10/04 16:55:16 ET]
Table 'Asaph II' 9-max Seat #3 is the button
Seat 1: BrenoVns ($5 in chips) 
Seat 2: gracz1993 ($5.68 in chips) 
Seat 3: Dorex2007 ($7.06 in chips) 
Seat 4: HE0123 ($7.85 in chips) 
Seat 5: TrzymamKolo ($5 in chips) 
Seat 6: HarrierGR.9 ($5.95 in chips) 
Seat 7: andrei_lint ($6.78 in chips) 
Seat 8: QuaranTain82 ($6.49 in chips) 
Seat 9: brnffn ($5.81 in chips) 
HE0123: posts small blind $0.02
TrzymamKolo: posts big blind $0.05
*** HOLE CARDS ***
Dealt to Dorex2007 [Qh 9h]
HarrierGR.9: folds 
andrei_lint: folds 
QuaranTain82: raises $0.10 to $0.15
brnffn: folds 
BrenoVns: raises $0.30 to $0.45
gracz1993: calls $0.45
Dorex2007: folds 
HE0123: folds 
TrzymamKolo: folds 
QuaranTain82: raises $0.95 to $1.40
BrenoVns: folds 
gracz1993: calls $0.95
*** FLOP *** [6h 5d Js]
QuaranTain82: bets $3.18
gracz1993: raises $1.10 to $4.28 and is all-in
QuaranTain82: calls $1.10
gracz1993 has timed out
*** TURN *** [6h 5d Js] [Jd]
*** RIVER *** [6h 5d Js Jd] [9c]
*** SHOW DOWN ***
QuaranTain82: shows [Ac Ks] (a pair of Jacks)
gracz1993: shows [8s 8d] (two pair, Jacks and Eights)
gracz1993 collected $11.39 from pot
*** SUMMARY ***
Total pot $11.88 | Rake $0.49 
Board [6h 5d Js Jd 9c]
Seat 1: BrenoVns folded before Flop
Seat 2: gracz1993 showed [8s 8d] and won ($11.39) with two pair, Jacks and Eights
Seat 3: Dorex2007 (button) folded before Flop (didn't bet)
Seat 4: HE0123 (small blind) folded before Flop
Seat 5: TrzymamKolo (big blind) folded before Flop
Seat 6: HarrierGR.9 folded before Flop (didn't bet)
Seat 7: andrei_lint folded before Flop (didn't bet)
Seat 8: QuaranTain82 showed [Ac Ks] and lost with a pair of Jacks
Seat 9: brnffn folded before Flop (didn't bet)



PokerStars Hand #239036108153:  Hold'em No Limit ($0.02/$0.05 USD) - 2022/10/04 13:57:07 PT [2022/10/04 16:57:07 ET]
Table 'Asaph II' 9-max Seat #4 is the button
Seat 1: BrenoVns ($4.55 in chips) 
Seat 2: gracz1993 ($11.39 in chips) 
Seat 3: Dorex2007 ($7.06 in chips) 
Seat 4: HE0123 ($7.83 in chips) 
Seat 5: TrzymamKolo ($5 in chips) 
Seat 6: HarrierGR.9 ($5.95 in chips) 
Seat 7: andrei_lint ($6.78 in chips) 
Seat 8: QuaranTain82 ($0.81 in chips) 
Seat 9: brnffn ($5.81 in chips) 
TrzymamKolo: posts small blind $0.02
HarrierGR.9: posts big blind $0.05
*** HOLE CARDS ***
Dealt to Dorex2007 [7h 8h]
andrei_lint: folds 
QuaranTain82: raises $0.76 to $0.81 and is all-in
brnffn: folds 
BrenoVns: folds 
gracz1993: calls $0.81
Dorex2007: folds 
HE0123: folds 
TrzymamKolo: folds 
HarrierGR.9: folds 
*** FLOP *** [7s 3c Jc]
*** TURN *** [7s 3c Jc] [Tc]
*** RIVER *** [7s 3c Jc Tc] [Js]
*** SHOW DOWN ***
QuaranTain82: shows [8c 7d] (two pair, Jacks and Sevens)
gracz1993: shows [Td Ad] (two pair, Jacks and Tens)
gracz1993 collected $1.62 from pot
*** SUMMARY ***
Total pot $1.69 | Rake $0.07 
Board [7s 3c Jc Tc Js]
Seat 1: BrenoVns folded before Flop (didn't bet)
Seat 2: gracz1993 showed [Td Ad] and won ($1.62) with two pair, Jacks and Tens
Seat 3: Dorex2007 folded before Flop (didn't bet)
Seat 4: HE0123 (button) folded before Flop (didn't bet)
Seat 5: TrzymamKolo (small blind) folded before Flop
Seat 6: HarrierGR.9 (big blind) folded before Flop
Seat 7: andrei_lint folded before Flop (didn't bet)
Seat 8: QuaranTain82 showed [8c 7d] and lost with two pair, Jacks and Sevens
Seat 9: brnffn folded before Flop (didn't bet)



PokerStars Hand #239036116900:  Hold'em No Limit ($0.02/$0.05 USD) - 2022/10/04 13:57:38 PT [2022/10/04 16:57:38 ET]
Table 'Asaph II' 9-max Seat #5 is the button
Seat 1: BrenoVns ($4.55 in chips) 
Seat 2: gracz1993 ($12.20 in chips) 
Seat 3: Dorex2007 ($7.06 in chips) 
Seat 4: HE0123 ($7.83 in chips) 
Seat 5: TrzymamKolo ($5 in chips) 
Seat 6: HarrierGR.9 ($5.90 in chips) 
Seat 7: andrei_lint ($6.78 in chips) 
Seat 9: brnffn ($5.81 in chips) 
HarrierGR.9: posts small blind $0.02
andrei_lint: posts big blind $0.05
*** HOLE CARDS ***
Dealt to Dorex2007 [5s Qs]
brnffn: folds 
BrenoVns: folds 
gracz1993: folds 
Dorex2007: folds 
HE0123: folds 
TrzymamKolo: folds 
QuaranTain82 is disconnected 
HarrierGR.9: calls $0.03
andrei_lint: checks 
*** FLOP *** [8c Ad As]
HarrierGR.9: checks 
andrei_lint: checks 
*** TURN *** [8c Ad As] [9c]
HarrierGR.9: bets $0.10
andrei_lint: folds 
Uncalled bet ($0.10) returned to HarrierGR.9
HarrierGR.9 collected $0.10 from pot
HarrierGR.9: doesn't show hand 
*** SUMMARY ***
Total pot $0.10 | Rake $0 
Board [8c Ad As 9c]
Seat 1: BrenoVns folded before Flop (didn't bet)
Seat 2: gracz1993 folded before Flop (didn't bet)
Seat 3: Dorex2007 folded before Flop (didn't bet)
Seat 4: HE0123 folded before Flop (didn't bet)
Seat 5: TrzymamKolo (button) folded before Flop (didn't bet)
Seat 6: HarrierGR.9 (small blind) collected ($0.10)
Seat 7: andrei_lint (big blind) folded on the Turn
Seat 9: brnffn folded before Flop (didn't bet)



PokerStars Hand #239036123421:  Hold'em No Limit ($0.02/$0.05 USD) - 2022/10/04 13:58:02 PT [2022/10/04 16:58:02 ET]
Table 'Asaph II' 9-max Seat #6 is the button
Seat 1: BrenoVns ($4.55 in chips) 
Seat 2: gracz1993 ($12.20 in chips) 
Seat 3: Dorex2007 ($7.06 in chips) 
Seat 4: HE0123 ($7.83 in chips) 
Seat 5: TrzymamKolo ($5 in chips) 
Seat 6: HarrierGR.9 ($5.95 in chips) 
Seat 7: andrei_lint ($6.73 in chips) 
Seat 9: brnffn ($5.81 in chips) 
andrei_lint: posts small blind $0.02
brnffn: posts big blind $0.05
*** HOLE CARDS ***
Dealt to Dorex2007 [Th Ad]
BrenoVns: raises $0.07 to $0.12
gracz1993: folds 
Dorex2007: folds 
HE0123: folds 
TrzymamKolo: calls $0.12
HarrierGR.9: folds 
andrei_lint: folds 
brnffn: calls $0.07
*** FLOP *** [9s 5h 3h]
brnffn: checks 
BrenoVns: bets $0.25
TrzymamKolo: folds 
brnffn: folds 
Uncalled bet ($0.25) returned to BrenoVns
BrenoVns collected $0.36 from pot
BrenoVns: doesn't show hand 
*** SUMMARY ***
Total pot $0.38 | Rake $0.02 
Board [9s 5h 3h]
Seat 1: BrenoVns collected ($0.36)
Seat 2: gracz1993 folded before Flop (didn't bet)
Seat 3: Dorex2007 folded before Flop (didn't bet)
Seat 4: HE0123 folded before Flop (didn't bet)
Seat 5: TrzymamKolo folded on the Flop
Seat 6: HarrierGR.9 (button) folded before Flop (didn't bet)
Seat 7: andrei_lint (small blind) folded before Flop
Seat 9: brnffn (big blind) folded on the Flop



PokerStars Hand #239036130220:  Hold'em No Limit ($0.02/$0.05 USD) - 2022/10/04 13:58:27 PT [2022/10/04 16:58:27 ET]
Table 'Asaph II' 9-max Seat #7 is the button
Seat 2: gracz1993 ($12.20 in chips) 
Seat 3: Dorex2007 ($7.06 in chips) 
Seat 4: HE0123 ($7.83 in chips) 
Seat 5: TrzymamKolo ($5 in chips) 
Seat 6: HarrierGR.9 ($5.95 in chips) 
Seat 7: andrei_lint ($6.71 in chips) 
Seat 9: brnffn ($5.69 in chips) 
brnffn: posts small blind $0.02
BrenoVns: is sitting out 
gracz1993: posts big blind $0.05
*** HOLE CARDS ***
Dealt to Dorex2007 [Td 3h]
Dorex2007: folds 
HE0123: raises $0.10 to $0.15
TrzymamKolo: folds 
HarrierGR.9: folds 
andrei_lint: folds 
brnffn: calls $0.13
gracz1993: folds 
*** FLOP *** [8d Th Qc]
brnffn: checks 
HE0123: checks 
*** TURN *** [8d Th Qc] [5s]
brnffn: checks 
HE0123: checks 
*** RIVER *** [8d Th Qc 5s] [Kd]
brnffn: bets $0.50
HE0123: folds 
Uncalled bet ($0.50) returned to brnffn
brnffn collected $0.34 from pot
brnffn: doesn't show hand 
*** SUMMARY ***
Total pot $0.35 | Rake $0.01 
Board [8d Th Qc 5s Kd]
Seat 2: gracz1993 (big blind) folded before Flop
Seat 3: Dorex2007 folded before Flop (didn't bet)
Seat 4: HE0123 folded on the River
Seat 5: TrzymamKolo folded before Flop (didn't bet)
Seat 6: HarrierGR.9 folded before Flop (didn't bet)
Seat 7: andrei_lint (button) folded before Flop (didn't bet)
Seat 9: brnffn (small blind) collected ($0.34)



PokerStars Hand #239036140989:  Hold'em No Limit ($0.02/$0.05 USD) - 2022/10/04 13:59:06 PT [2022/10/04 16:59:06 ET]
Table 'Asaph II' 9-max Seat #9 is the button
Seat 2: gracz1993 ($12.15 in chips) 
Seat 3: Dorex2007 ($7.06 in chips) 
Seat 4: HE0123 ($7.68 in chips) 
Seat 5: TrzymamKolo ($5 in chips) 
Seat 6: HarrierGR.9 ($5.95 in chips) 
Seat 7: andrei_lint ($6.71 in chips) 
Seat 9: brnffn ($5.88 in chips) 
gracz1993: posts small blind $0.02
Dorex2007: posts big blind $0.05
*** HOLE CARDS ***
Dealt to Dorex2007 [9d 6s]
HE0123: folds 
TrzymamKolo: folds 
HarrierGR.9: folds 
andrei_lint: folds 
brnffn: folds 
gracz1993: raises $0.10 to $0.15
Dorex2007: folds 
Uncalled bet ($0.10) returned to gracz1993
gracz1993 collected $0.10 from pot
*** SUMMARY ***
Total pot $0.10 | Rake $0 
Seat 2: gracz1993 (small blind) collected ($0.10)
Seat 3: Dorex2007 (big blind) folded before Flop
Seat 4: HE0123 folded before Flop (didn't bet)
Seat 5: TrzymamKolo folded before Flop (didn't bet)
Seat 6: HarrierGR.9 folded before Flop (didn't bet)
Seat 7: andrei_lint folded before Flop (didn't bet)
Seat 9: brnffn (button) folded before Flop (didn't bet)



PokerStars Hand #239036145768:  Hold'em No Limit ($0.02/$0.05 USD) - 2022/10/04 13:59:24 PT [2022/10/04 16:59:24 ET]
Table 'Asaph II' 9-max Seat #2 is the button
Seat 2: gracz1993 ($12.20 in chips) 
Seat 3: Dorex2007 ($7.01 in chips) 
Seat 4: HE0123 ($7.68 in chips) 
Seat 5: TrzymamKolo ($5 in chips) 
Seat 6: HarrierGR.9 ($5.95 in chips) 
Seat 7: andrei_lint ($6.71 in chips) 
Seat 9: brnffn ($5.88 in chips) 
Dorex2007: posts small blind $0.02
HE0123: posts big blind $0.05
*** HOLE CARDS ***
Dealt to Dorex2007 [6c 8h]
TrzymamKolo: folds 
HarrierGR.9: folds 
andrei_lint: folds 
brnffn: folds 
gracz1993: folds 
Dorex2007: folds 
Uncalled bet ($0.03) returned to HE0123
HE0123 collected $0.04 from pot
HE0123: doesn't show hand 
*** SUMMARY ***
Total pot $0.04 | Rake $0 
Seat 2: gracz1993 (button) folded before Flop (didn't bet)
Seat 3: Dorex2007 (small blind) folded before Flop
Seat 4: HE0123 (big blind) collected ($0.04)
Seat 5: TrzymamKolo folded before Flop (didn't bet)
Seat 6: HarrierGR.9 folded before Flop (didn't bet)
Seat 7: andrei_lint folded before Flop (didn't bet)
Seat 9: brnffn folded before Flop (didn't bet)



PokerStars Hand #239036148779:  Hold'em No Limit ($0.02/$0.05 USD) - 2022/10/04 13:59:35 PT [2022/10/04 16:59:35 ET]
Table 'Asaph II' 9-max Seat #3 is the button
Seat 2: gracz1993 ($12.20 in chips) 
Seat 3: Dorex2007 ($6.99 in chips) 
Seat 4: HE0123 ($7.70 in chips) 
Seat 6: HarrierGR.9 ($5.95 in chips) 
Seat 7: andrei_lint ($6.71 in chips) 
Seat 9: brnffn ($5.88 in chips) 
HE0123: posts small blind $0.02
TrzymamKolo: is sitting out 
HarrierGR.9: posts big blind $0.05
*** HOLE CARDS ***
Dealt to Dorex2007 [Qs 3h]
andrei_lint: folds 
TrzymamKolo leaves the table
brnffn: raises $0.10 to $0.15
Superimmi joins the table at seat #5 
gracz1993: folds 
Dorex2007: folds 
HE0123: raises $0.30 to $0.45
HarrierGR.9: folds 
brnffn: calls $0.30
*** FLOP *** [Tc 9s 2h]
HE0123: bets $0.45
brnffn: calls $0.45
*** TURN *** [Tc 9s 2h] [Js]
HE0123: checks 
brnffn: checks 
*** RIVER *** [Tc 9s 2h Js] [Kd]
HE0123: bets $1.49
brnffn: folds 
Uncalled bet ($1.49) returned to HE0123
HE0123 collected $1.77 from pot
HE0123: doesn't show hand 
*** SUMMARY ***
Total pot $1.85 | Rake $0.08 
Board [Tc 9s 2h Js Kd]
Seat 2: gracz1993 folded before Flop (didn't bet)
Seat 3: Dorex2007 (button) folded before Flop (didn't bet)
Seat 4: HE0123 (small blind) collected ($1.77)
Seat 6: HarrierGR.9 (big blind) folded before Flop
Seat 7: andrei_lint folded before Flop (didn't bet)
Seat 9: brnffn folded on the River



PokerStars Hand #239036170043:  Hold'em No Limit ($0.02/$0.05 USD) - 2022/10/04 14:00:50 PT [2022/10/04 17:00:50 ET]
Table 'Asaph II' 9-max Seat #4 is the button
Seat 2: gracz1993 ($12.20 in chips) 
Seat 3: Dorex2007 ($6.99 in chips) 
Seat 4: HE0123 ($8.57 in chips) 
Seat 6: HarrierGR.9 ($5.90 in chips) 
Seat 7: andrei_lint ($6.71 in chips) 
Seat 9: brnffn ($4.98 in chips) 
HarrierGR.9: posts small blind $0.02
andrei_lint: posts big blind $0.05
*** HOLE CARDS ***
Dealt to Dorex2007 [9c Jh]
brnffn: raises $0.10 to $0.15
gracz1993: folds 
Dorex2007: folds 
HE0123: folds 
HarrierGR.9: folds 
andrei_lint: folds 
Uncalled bet ($0.10) returned to brnffn
brnffn collected $0.12 from pot
brnffn: doesn't show hand 
*** SUMMARY ***
Total pot $0.12 | Rake $0 
Seat 2: gracz1993 folded before Flop (didn't bet)
Seat 3: Dorex2007 folded before Flop (didn't bet)
Seat 4: HE0123 (button) folded before Flop (didn't bet)
Seat 6: HarrierGR.9 (small blind) folded before Flop
Seat 7: andrei_lint (big blind) folded before Flop
Seat 9: brnffn collected ($0.12)



PokerStars Hand #239036173705:  Hold'em No Limit ($0.02/$0.05 USD) - 2022/10/04 14:01:02 PT [2022/10/04 17:01:02 ET]
Table 'Asaph II' 9-max Seat #6 is the button
Seat 2: gracz1993 ($12.20 in chips) 
Seat 3: Dorex2007 ($6.99 in chips) 
Seat 4: HE0123 ($8.57 in chips) 
Seat 5: Superimmi ($5 in chips) 
Seat 6: HarrierGR.9 ($5.88 in chips) 
Seat 7: andrei_lint ($6.66 in chips) 
Seat 9: brnffn ($5.05 in chips) 
andrei_lint: posts small blind $0.02
brnffn: posts big blind $0.05
Superimmi: posts big blind $0.05
*** HOLE CARDS ***
Dealt to Dorex2007 [Qs Js]
gracz1993: folds 
Dorex2007: raises $0.10 to $0.15
HE0123: folds 
Superimmi: folds 
HarrierGR.9: folds 
HarrierGR.9 leaves the table
andrei_lint: folds 
brnffn: calls $0.10
*** FLOP *** [Kd Ac 8c]
brnffn: checks 
Dorex2007: checks 
*** TURN *** [Kd Ac 8c] [6h]
brnffn: checks 
Shwaaa joins the table at seat #6 
Dorex2007: checks 
*** RIVER *** [Kd Ac 8c 6h] [Kc]
brnffn: bets $0.17
Dorex2007: folds 
Uncalled bet ($0.17) returned to brnffn
brnffn collected $0.35 from pot
brnffn: doesn't show hand 
*** SUMMARY ***
Total pot $0.37 | Rake $0.02 
Board [Kd Ac 8c 6h Kc]
Seat 2: gracz1993 folded before Flop (didn't bet)
Seat 3: Dorex2007 folded on the River
Seat 4: HE0123 folded before Flop (didn't bet)
Seat 5: Superimmi folded before Flop (didn't bet)
Seat 6: HarrierGR.9 (button) folded before Flop (didn't bet)
Seat 7: andrei_lint (small blind) folded before Flop
Seat 9: brnffn (big blind) collected ($0.35)



PokerStars Hand #239036186762:  Hold'em No Limit ($0.02/$0.05 USD) - 2022/10/04 14:01:43 PT [2022/10/04 17:01:43 ET]
Table 'Asaph II' 9-max Seat #7 is the button
Seat 2: gracz1993 ($12.20 in chips) 
Seat 3: Dorex2007 ($6.84 in chips) 
Seat 4: HE0123 ($8.57 in chips) 
Seat 5: Superimmi ($4.95 in chips) 
Seat 7: andrei_lint ($6.64 in chips) 
Seat 9: brnffn ($5.25 in chips) 
brnffn: posts small blind $0.02
gracz1993: posts big blind $0.05
Shwaaa: sits out 
*** HOLE CARDS ***
Dealt to Dorex2007 [9s 8s]
Dorex2007: folds 
HE0123: folds 
Superimmi: folds 
andrei_lint: raises $0.10 to $0.15
brnffn: calls $0.13
gracz1993: calls $0.10
*** FLOP *** [Ts 2d Ks]
brnffn: checks 
gracz1993: bets $0.31
andrei_lint: calls $0.31
brnffn: folds 
*** TURN *** [Ts 2d Ks] [7s]
gracz1993: bets $1.03
andrei_lint: folds 
Uncalled bet ($1.03) returned to gracz1993
gracz1993 collected $1.03 from pot
*** SUMMARY ***
Total pot $1.07 | Rake $0.04 
Board [Ts 2d Ks 7s]
Seat 2: gracz1993 (big blind) collected ($1.03)
Seat 3: Dorex2007 folded before Flop (didn't bet)
Seat 4: HE0123 folded before Flop (didn't bet)
Seat 5: Superimmi folded before Flop (didn't bet)
Seat 7: andrei_lint (button) folded on the Turn
Seat 9: brnffn (small blind) folded on the Flop



PokerStars Hand #239036208232:  Hold'em No Limit ($0.02/$0.05 USD) - 2022/10/04 14:02:43 PT [2022/10/04 17:02:43 ET]
Table 'Asaph II' 9-max Seat #9 is the button
Seat 2: gracz1993 ($12.77 in chips) 
Seat 3: Dorex2007 ($6.84 in chips) 
Seat 4: HE0123 ($8.57 in chips) 
Seat 5: Superimmi ($4.95 in chips) 
Seat 7: andrei_lint ($6.18 in chips) 
Seat 9: brnffn ($5.10 in chips) 
gracz1993: posts small blind $0.02
Dorex2007: posts big blind $0.05
Shwaaa: sits out 
*** HOLE CARDS ***
Dealt to Dorex2007 [8h Kc]
HE0123: folds 
Superimmi: folds 
andrei_lint: folds 
brnffn: raises $0.10 to $0.15
gracz1993: folds 
Dorex2007: folds 
Uncalled bet ($0.10) returned to brnffn
brnffn collected $0.12 from pot
brnffn: doesn't show hand 
*** SUMMARY ***
Total pot $0.12 | Rake $0 
Seat 2: gracz1993 (small blind) folded before Flop
Seat 3: Dorex2007 (big blind) folded before Flop
Seat 4: HE0123 folded before Flop (didn't bet)
Seat 5: Superimmi folded before Flop (didn't bet)
Seat 7: andrei_lint folded before Flop (didn't bet)
Seat 9: brnffn (button) collected ($0.12)



PokerStars Hand #239036213377:  Hold'em No Limit ($0.02/$0.05 USD) - 2022/10/04 14:02:58 PT [2022/10/04 17:02:58 ET]
Table 'Asaph II' 9-max Seat #2 is the button
Seat 2: gracz1993 ($12.75 in chips) 
Seat 3: Dorex2007 ($6.79 in chips) 
Seat 4: HE0123 ($8.57 in chips) 
Seat 5: Superimmi ($4.95 in chips) 
Seat 7: andrei_lint ($6.18 in chips) 
Seat 9: brnffn ($5.17 in chips) 
Dorex2007: posts small blind $0.02
HE0123: posts big blind $0.05
Shwaaa: sits out 
*** HOLE CARDS ***
Dealt to Dorex2007 [Jh Td]
Superimmi: calls $0.05
andrei_lint: folds 
brnffn: folds 
gracz1993: folds 
Dorex2007: folds 
HE0123: checks 
*** FLOP *** [Kd Qc 8d]
HE0123: checks 
Superimmi: checks 
*** TURN *** [Kd Qc 8d] [Qh]
HE0123: checks 
Superimmi: checks 
*** RIVER *** [Kd Qc 8d Qh] [4d]
HE0123: checks 
Superimmi: checks 
*** SHOW DOWN ***
HE0123: shows [2s 7h] (a pair of Queens)
Superimmi: shows [9c Ac] (a pair of Queens - Ace kicker)
Superimmi collected $0.12 from pot
*** SUMMARY ***
Total pot $0.12 | Rake $0 
Board [Kd Qc 8d Qh 4d]
Seat 2: gracz1993 (button) folded before Flop (didn't bet)
Seat 3: Dorex2007 (small blind) folded before Flop
Seat 4: HE0123 (big blind) showed [2s 7h] and lost with a pair of Queens
Seat 5: Superimmi showed [9c Ac] and won ($0.12) with a pair of Queens
Seat 7: andrei_lint folded before Flop (didn't bet)
Seat 9: brnffn folded before Flop (didn't bet)



PokerStars Hand #239036222349:  Hold'em No Limit ($0.02/$0.05 USD) - 2022/10/04 14:03:22 PT [2022/10/04 17:03:22 ET]
Table 'Asaph II' 9-max Seat #3 is the button
Seat 2: gracz1993 ($12.75 in chips) 
Seat 3: Dorex2007 ($6.77 in chips) 
Seat 4: HE0123 ($8.52 in chips) 
Seat 5: Superimmi ($5.02 in chips) 
Seat 7: andrei_lint ($6.18 in chips) 
Seat 9: brnffn ($5.17 in chips) 
HE0123: posts small blind $0.02
Superimmi: posts big blind $0.05
Shwaaa: sits out 
*** HOLE CARDS ***
Dealt to Dorex2007 [7c 4s]
andrei_lint: folds 
brnffn: folds 
gracz1993: folds 
Dorex2007: folds 
HE0123: raises $0.10 to $0.15
Superimmi: folds 
Uncalled bet ($0.10) returned to HE0123
HE0123 collected $0.10 from pot
HE0123: doesn't show hand 
*** SUMMARY ***
Total pot $0.10 | Rake $0 
Seat 2: gracz1993 folded before Flop (didn't bet)
Seat 3: Dorex2007 (button) folded before Flop (didn't bet)
Seat 4: HE0123 (small blind) collected ($0.10)
Seat 5: Superimmi (big blind) folded before Flop
Seat 7: andrei_lint folded before Flop (didn't bet)
Seat 9: brnffn folded before Flop (didn't bet)



PokerStars Hand #239036225688:  Hold'em No Limit ($0.02/$0.05 USD) - 2022/10/04 14:03:32 PT [2022/10/04 17:03:32 ET]
Table 'Asaph II' 9-max Seat #4 is the button
Seat 2: gracz1993 ($12.75 in chips) 
Seat 3: Dorex2007 ($6.77 in chips) 
Seat 4: HE0123 ($8.57 in chips) 
Seat 5: Superimmi ($4.97 in chips) 
Seat 6: Shwaaa ($5 in chips) 
Seat 7: andrei_lint ($6.18 in chips) 
Seat 9: brnffn ($5.17 in chips) 
Superimmi: posts small blind $0.02
Shwaaa: posts big blind $0.05
*** HOLE CARDS ***
Dealt to Dorex2007 [Qh Ah]
andrei_lint: folds 
brnffn: folds 
gracz1993: folds 
Dorex2007: raises $0.10 to $0.15
HE0123: calls $0.15
Superimmi: folds 
Shwaaa: folds 
*** FLOP *** [Tc Kc 2h]
Dorex2007: checks 
HE0123: checks 
*** TURN *** [Tc Kc 2h] [Qd]
Dorex2007: bets $0.17
HE0123: calls $0.17
*** RIVER *** [Tc Kc 2h Qd] [5c]
Dorex2007: bets $0.34
HE0123: folds 
Uncalled bet ($0.34) returned to Dorex2007
Dorex2007 collected $0.68 from pot
Dorex2007: doesn't show hand 
*** SUMMARY ***
Total pot $0.71 | Rake $0.03 
Board [Tc Kc 2h Qd 5c]
Seat 2: gracz1993 folded before Flop (didn't bet)
Seat 3: Dorex2007 collected ($0.68)
Seat 4: HE0123 (button) folded on the River
Seat 5: Superimmi (small blind) folded before Flop
Seat 6: Shwaaa (big blind) folded before Flop
Seat 7: andrei_lint folded before Flop (didn't bet)
Seat 9: brnffn folded before Flop (didn't bet)



PokerStars Hand #239036237385:  Hold'em No Limit ($0.02/$0.05 USD) - 2022/10/04 14:04:04 PT [2022/10/04 17:04:04 ET]
Table 'Asaph II' 9-max Seat #5 is the button
Seat 2: gracz1993 ($12.75 in chips) 
Seat 3: Dorex2007 ($7.13 in chips) 
Seat 4: HE0123 ($8.25 in chips) 
Seat 5: Superimmi ($4.95 in chips) 
Seat 6: Shwaaa ($4.95 in chips) 
Seat 7: andrei_lint ($6.18 in chips) 
Seat 9: brnffn ($5.17 in chips) 
Shwaaa: posts small blind $0.02
andrei_lint: posts big blind $0.05
*** HOLE CARDS ***
Dealt to Dorex2007 [Js Qs]
brnffn: folds 
gracz1993: folds 
Dorex2007: folds 
HE0123: raises $0.10 to $0.15
Superimmi: folds 
Shwaaa: calls $0.13
andrei_lint: folds 
*** FLOP *** [8d 8h 3d]
Shwaaa: checks 
HE0123: bets $0.17
Shwaaa: raises $0.31 to $0.48
HE0123: calls $0.31
*** TURN *** [8d 8h 3d] [9h]
Shwaaa: bets $0.72
HE0123: calls $0.72
*** RIVER *** [8d 8h 3d 9h] [Jd]
Shwaaa: bets $0.98
HE0123: folds 
Uncalled bet ($0.98) returned to Shwaaa
Shwaaa collected $2.64 from pot
Shwaaa: doesn't show hand 
*** SUMMARY ***
Total pot $2.75 | Rake $0.11 
Board [8d 8h 3d 9h Jd]
Seat 2: gracz1993 folded before Flop (didn't bet)
Seat 3: Dorex2007 folded before Flop (didn't bet)
Seat 4: HE0123 folded on the River
Seat 5: Superimmi (button) folded before Flop (didn't bet)
Seat 6: Shwaaa (small blind) collected ($2.64)
Seat 7: andrei_lint (big blind) folded before Flop
Seat 9: brnffn folded before Flop (didn't bet)



PokerStars Hand #239036280294:  Hold'em No Limit ($0.02/$0.05 USD) - 2022/10/04 14:06:00 PT [2022/10/04 17:06:00 ET]
Table 'Asaph II' 9-max Seat #6 is the button
Seat 2: gracz1993 ($12.75 in chips) 
Seat 3: Dorex2007 ($7.13 in chips) 
Seat 4: HE0123 ($6.90 in chips) 
Seat 5: Superimmi ($4.95 in chips) 
Seat 6: Shwaaa ($6.24 in chips) 
Seat 7: andrei_lint ($6.13 in chips) 
Seat 9: brnffn ($5.17 in chips) 
andrei_lint: posts small blind $0.02
brnffn: posts big blind $0.05
*** HOLE CARDS ***
Dealt to Dorex2007 [Kc 9c]
gracz1993: folds 
Dorex2007: folds 
HE0123: folds 
Superimmi: folds 
Shwaaa: folds 
andrei_lint: folds 
Uncalled bet ($0.03) returned to brnffn
brnffn collected $0.04 from pot
brnffn: doesn't show hand 
*** SUMMARY ***
Total pot $0.04 | Rake $0 
Seat 2: gracz1993 folded before Flop (didn't bet)
Seat 3: Dorex2007 folded before Flop (didn't bet)
Seat 4: HE0123 folded before Flop (didn't bet)
Seat 5: Superimmi folded before Flop (didn't bet)
Seat 6: Shwaaa (button) folded before Flop (didn't bet)
Seat 7: andrei_lint (small blind) folded before Flop
Seat 9: brnffn (big blind) collected ($0.04)



PokerStars Hand #239036286215:  Hold'em No Limit ($0.02/$0.05 USD) - 2022/10/04 14:06:16 PT [2022/10/04 17:06:16 ET]
Table 'Asaph II' 9-max Seat #7 is the button
Seat 2: gracz1993 ($12.75 in chips) 
Seat 3: Dorex2007 ($7.13 in chips) 
Seat 4: HE0123 ($6.90 in chips) 
Seat 5: Superimmi ($4.95 in chips) 
Seat 6: Shwaaa ($6.24 in chips) 
Seat 7: andrei_lint ($6.11 in chips) 
Seat 9: brnffn ($5.19 in chips) 
brnffn: posts small blind $0.02
gracz1993: posts big blind $0.05
*** HOLE CARDS ***
Dealt to Dorex2007 [As 3c]
Dorex2007: folds 
HE0123: folds 
Superimmi: folds 
Shwaaa: raises $0.07 to $0.12
andrei_lint: folds 
brnffn is disconnected 
brnffn has timed out while being disconnected
brnffn: folds 
gracz1993: calls $0.07
*** FLOP *** [9s 4h 7d]
gracz1993: bets $0.15
Shwaaa: folds 
Uncalled bet ($0.15) returned to gracz1993
gracz1993 collected $0.25 from pot
*** SUMMARY ***
Total pot $0.26 | Rake $0.01 
Board [9s 4h 7d]
Seat 2: gracz1993 (big blind) collected ($0.25)
Seat 3: Dorex2007 folded before Flop (didn't bet)
Seat 4: HE0123 folded before Flop (didn't bet)
Seat 5: Superimmi folded before Flop (didn't bet)
Seat 6: Shwaaa folded on the Flop
Seat 7: andrei_lint (button) folded before Flop (didn't bet)
Seat 9: brnffn (small blind) folded before Flop



PokerStars Hand #239036317676:  Hold'em No Limit ($0.02/$0.05 USD) - 2022/10/04 14:07:42 PT [2022/10/04 17:07:42 ET]
Table 'Asaph II' 9-max Seat #2 is the button
Seat 2: gracz1993 ($12.88 in chips) 
Seat 3: Dorex2007 ($7.13 in chips) 
Seat 4: HE0123 ($6.90 in chips) 
Seat 5: Superimmi ($4.95 in chips) 
Seat 6: Shwaaa ($6.12 in chips) 
Seat 7: andrei_lint ($6.11 in chips) 
Dorex2007: posts small blind $0.02
HE0123: posts big blind $0.05
BrenoVns: sits out 
*** HOLE CARDS ***
Dealt to Dorex2007 [Ks 3s]
Superimmi: folds 
QuaranTain82 leaves the table
Shwaaa: folds 
andrei_lint: raises $0.10 to $0.15
gracz1993: folds 
Dorex2007: folds 
HE0123: folds 
Uncalled bet ($0.10) returned to andrei_lint
andrei_lint collected $0.12 from pot
andrei_lint: doesn't show hand 
*** SUMMARY ***
Total pot $0.12 | Rake $0 
Seat 2: gracz1993 (button) folded before Flop (didn't bet)
Seat 3: Dorex2007 (small blind) folded before Flop
Seat 4: HE0123 (big blind) folded before Flop
Seat 5: Superimmi folded before Flop (didn't bet)
Seat 6: Shwaaa folded before Flop (didn't bet)
Seat 7: andrei_lint collected ($0.12)



PokerStars Hand #239036323199:  Hold'em No Limit ($0.02/$0.05 USD) - 2022/10/04 14:07:57 PT [2022/10/04 17:07:57 ET]
Table 'Asaph II' 9-max Seat #3 is the button
Seat 2: gracz1993 ($12.88 in chips) 
Seat 3: Dorex2007 ($7.11 in chips) 
Seat 4: HE0123 ($6.85 in chips) 
Seat 5: Superimmi ($4.95 in chips) 
Seat 6: Shwaaa ($6.12 in chips) 
Seat 7: andrei_lint ($6.18 in chips) 
Seat 9: brnffn ($5.17 in chips) 
HE0123: posts small blind $0.02
Superimmi: posts big blind $0.05
BrenoVns: sits out 
*** HOLE CARDS ***
Dealt to Dorex2007 [Jc Ad]
Shwaaa: folds 
andrei_lint: folds 
brnffn: folds 
gracz1993: folds 
Dorex2007: raises $0.10 to $0.15
HE0123: calls $0.13
Superimmi: raises $0.45 to $0.60
Dorex2007: folds 
HE0123: folds 
Uncalled bet ($0.45) returned to Superimmi
Superimmi collected $0.45 from pot
BIMBIM444 joins the table at seat #8 
*** SUMMARY ***
Total pot $0.45 | Rake $0 
Seat 2: gracz1993 folded before Flop (didn't bet)
Seat 3: Dorex2007 (button) folded before Flop
Seat 4: HE0123 (small blind) folded before Flop
Seat 5: Superimmi (big blind) collected ($0.45)
Seat 6: Shwaaa folded before Flop (didn't bet)
Seat 7: andrei_lint folded before Flop (didn't bet)
Seat 9: brnffn folded before Flop (didn't bet)



PokerStars Hand #239036332375:  Hold'em No Limit ($0.02/$0.05 USD) - 2022/10/04 14:08:22 PT [2022/10/04 17:08:22 ET]
Table 'Asaph II' 9-max Seat #4 is the button
Seat 2: gracz1993 ($12.88 in chips) 
Seat 3: Dorex2007 ($6.96 in chips) 
Seat 4: HE0123 ($6.70 in chips) 
Seat 5: Superimmi ($5.25 in chips) 
Seat 6: Shwaaa ($6.12 in chips) 
Seat 7: andrei_lint ($6.18 in chips) 
Seat 9: brnffn ($5.17 in chips) 
Superimmi: posts small blind $0.02
Shwaaa: posts big blind $0.05
BIMBIM444: sits out 
BrenoVns: sits out 
*** HOLE CARDS ***
Dealt to Dorex2007 [3h 7s]
andrei_lint: folds 
brnffn: folds 
gracz1993: folds 
Dorex2007: folds 
HE0123: raises $0.10 to $0.15
Superimmi: folds 
Shwaaa: folds 
Uncalled bet ($0.10) returned to HE0123
HE0123 collected $0.12 from pot
HE0123: doesn't show hand 
*** SUMMARY ***
Total pot $0.12 | Rake $0 
Seat 2: gracz1993 folded before Flop (didn't bet)
Seat 3: Dorex2007 folded before Flop (didn't bet)
Seat 4: HE0123 (button) collected ($0.12)
Seat 5: Superimmi (small blind) folded before Flop
Seat 6: Shwaaa (big blind) folded before Flop
Seat 7: andrei_lint folded before Flop (didn't bet)
Seat 9: brnffn folded before Flop (didn't bet)



PokerStars Hand #239036338260:  Hold'em No Limit ($0.02/$0.05 USD) - 2022/10/04 14:08:38 PT [2022/10/04 17:08:38 ET]
Table 'Asaph II' 9-max Seat #5 is the button
Seat 2: gracz1993 ($12.88 in chips) 
Seat 3: Dorex2007 ($6.96 in chips) 
Seat 4: HE0123 ($6.77 in chips) 
Seat 5: Superimmi ($5.23 in chips) 
Seat 6: Shwaaa ($6.07 in chips) 
Seat 7: andrei_lint ($6.18 in chips) 
Seat 9: brnffn ($5.17 in chips) 
Shwaaa: posts small blind $0.02
andrei_lint: posts big blind $0.05
BIMBIM444: sits out 
BrenoVns: sits out 
*** HOLE CARDS ***
Dealt to Dorex2007 [7d Th]
brnffn: folds 
gracz1993: folds 
Dorex2007: folds 
HE0123: raises $0.10 to $0.15
Superimmi: folds 
Shwaaa: folds 
andrei_lint: folds 
Uncalled bet ($0.10) returned to HE0123
HE0123 collected $0.12 from pot
HE0123: doesn't show hand 
*** SUMMARY ***
Total pot $0.12 | Rake $0 
Seat 2: gracz1993 folded before Flop (didn't bet)
Seat 3: Dorex2007 folded before Flop (didn't bet)
Seat 4: HE0123 collected ($0.12)
Seat 5: Superimmi (button) folded before Flop (didn't bet)
Seat 6: Shwaaa (small blind) folded before Flop
Seat 7: andrei_lint (big blind) folded before Flop
Seat 9: brnffn folded before Flop (didn't bet)



PokerStars Hand #239036342621:  Hold'em No Limit ($0.02/$0.05 USD) - 2022/10/04 14:08:50 PT [2022/10/04 17:08:50 ET]
Table 'Asaph II' 9-max Seat #6 is the button
Seat 2: gracz1993 ($12.88 in chips) 
Seat 3: Dorex2007 ($6.96 in chips) 
Seat 4: HE0123 ($6.84 in chips) 
Seat 5: Superimmi ($5.23 in chips) 
Seat 6: Shwaaa ($6.05 in chips) 
Seat 7: andrei_lint ($6.13 in chips) 
Seat 8: BIMBIM444 ($2.05 in chips) 
Seat 9: brnffn ($5.17 in chips) 
andrei_lint: posts small blind $0.02
BIMBIM444: posts big blind $0.05
BrenoVns: sits out 
*** HOLE CARDS ***
Dealt to Dorex2007 [Jh 7s]
brnffn: folds 
gracz1993: folds 
Dorex2007: folds 
HE0123: folds 
Superimmi: folds 
Shwaaa: folds 
andrei_lint: raises $0.10 to $0.15
BIMBIM444: folds 
Uncalled bet ($0.10) returned to andrei_lint
andrei_lint collected $0.10 from pot
andrei_lint: doesn't show hand 
*** SUMMARY ***
Total pot $0.10 | Rake $0 
Seat 2: gracz1993 folded before Flop (didn't bet)
Seat 3: Dorex2007 folded before Flop (didn't bet)
Seat 4: HE0123 folded before Flop (didn't bet)
Seat 5: Superimmi folded before Flop (didn't bet)
Seat 6: Shwaaa (button) folded before Flop (didn't bet)
Seat 7: andrei_lint (small blind) collected ($0.10)
Seat 8: BIMBIM444 (big blind) folded before Flop
Seat 9: brnffn folded before Flop (didn't bet)



PokerStars Hand #239036348989:  Hold'em No Limit ($0.02/$0.05 USD) - 2022/10/04 14:09:08 PT [2022/10/04 17:09:08 ET]
Table 'Asaph II' 9-max Seat #7 is the button
Seat 2: gracz1993 ($12.88 in chips) 
Seat 3: Dorex2007 ($6.96 in chips) 
Seat 4: HE0123 ($6.84 in chips) 
Seat 5: Superimmi ($5.23 in chips) 
Seat 6: Shwaaa ($6.05 in chips) 
Seat 7: andrei_lint ($6.18 in chips) 
Seat 8: BIMBIM444 ($2 in chips) 
Seat 9: brnffn ($5.17 in chips) 
BIMBIM444: posts small blind $0.02
brnffn: posts big blind $0.05
BrenoVns: sits out 
*** HOLE CARDS ***
Dealt to Dorex2007 [4d Qd]
gracz1993: folds 
Dorex2007: folds 
HE0123: raises $0.10 to $0.15
Superimmi: folds 
Shwaaa: folds 
andrei_lint: folds 
BIMBIM444: folds 
brnffn: folds 
Uncalled bet ($0.10) returned to HE0123
HE0123 collected $0.12 from pot
HE0123: doesn't show hand 
*** SUMMARY ***
Total pot $0.12 | Rake $0 
Seat 2: gracz1993 folded before Flop (didn't bet)
Seat 3: Dorex2007 folded before Flop (didn't bet)
Seat 4: HE0123 collected ($0.12)
Seat 5: Superimmi folded before Flop (didn't bet)
Seat 6: Shwaaa folded before Flop (didn't bet)
Seat 7: andrei_lint (button) folded before Flop (didn't bet)
Seat 8: BIMBIM444 (small blind) folded before Flop
Seat 9: brnffn (big blind) folded before Flop



PokerStars Hand #239036358205:  Hold'em No Limit ($0.02/$0.05 USD) - 2022/10/04 14:09:32 PT [2022/10/04 17:09:32 ET]
Table 'Asaph II' 9-max Seat #8 is the button
Seat 1: BrenoVns ($4.79 in chips) 
Seat 2: gracz1993 ($12.88 in chips) 
Seat 3: Dorex2007 ($6.96 in chips) 
Seat 4: HE0123 ($6.91 in chips) 
Seat 5: Superimmi ($5.23 in chips) 
Seat 6: Shwaaa ($6.05 in chips) 
Seat 7: andrei_lint ($6.18 in chips) 
Seat 8: BIMBIM444 ($1.98 in chips) 
Seat 9: brnffn ($5.12 in chips) 
brnffn: posts small blind $0.02
BrenoVns: posts big blind $0.05
*** HOLE CARDS ***
Dealt to Dorex2007 [6h As]
gracz1993: folds 
Dorex2007: folds 
HE0123: folds 
Superimmi: folds 
Shwaaa: raises $0.07 to $0.12
andrei_lint: folds 
BIMBIM444: folds 
brnffn: folds 
BrenoVns: calls $0.07
*** FLOP *** [Ad 3h 4h]
BrenoVns: checks 
Shwaaa: bets $0.16
BrenoVns: folds 
Uncalled bet ($0.16) returned to Shwaaa
Shwaaa collected $0.25 from pot
Shwaaa: doesn't show hand 
*** SUMMARY ***
Total pot $0.26 | Rake $0.01 
Board [Ad 3h 4h]
Seat 1: BrenoVns (big blind) folded on the Flop
Seat 2: gracz1993 folded before Flop (didn't bet)
Seat 3: Dorex2007 folded before Flop (didn't bet)
Seat 4: HE0123 folded before Flop (didn't bet)
Seat 5: Superimmi folded before Flop (didn't bet)
Seat 6: Shwaaa collected ($0.25)
Seat 7: andrei_lint folded before Flop (didn't bet)
Seat 8: BIMBIM444 (button) folded before Flop (didn't bet)
Seat 9: brnffn (small blind) folded before Flop



PokerStars Hand #239036371283:  Hold'em No Limit ($0.02/$0.05 USD) - 2022/10/04 14:10:08 PT [2022/10/04 17:10:08 ET]
Table 'Asaph II' 9-max Seat #9 is the button
Seat 1: BrenoVns ($4.67 in chips) 
Seat 2: gracz1993 ($12.88 in chips) 
Seat 3: Dorex2007 ($6.96 in chips) 
Seat 4: HE0123 ($6.91 in chips) 
Seat 5: Superimmi ($5.23 in chips) 
Seat 6: Shwaaa ($6.18 in chips) 
Seat 7: andrei_lint ($6.18 in chips) 
Seat 8: BIMBIM444 ($1.98 in chips) 
Seat 9: brnffn ($5.10 in chips) 
BrenoVns: posts small blind $0.02
gracz1993: posts big blind $0.05
*** HOLE CARDS ***
Dealt to Dorex2007 [Qd Ac]
Dorex2007: raises $0.10 to $0.15
HE0123: folds 
Superimmi: folds 
Shwaaa: folds 
andrei_lint: folds 
BIMBIM444: folds 
brnffn: folds 
BrenoVns: folds 
gracz1993: folds 
Uncalled bet ($0.10) returned to Dorex2007
Dorex2007 collected $0.12 from pot
Dorex2007: doesn't show hand 
*** SUMMARY ***
Total pot $0.12 | Rake $0 
Seat 1: BrenoVns (small blind) folded before Flop
Seat 2: gracz1993 (big blind) folded before Flop
Seat 3: Dorex2007 collected ($0.12)
Seat 4: HE0123 folded before Flop (didn't bet)
Seat 5: Superimmi folded before Flop (didn't bet)
Seat 6: Shwaaa folded before Flop (didn't bet)
Seat 7: andrei_lint folded before Flop (didn't bet)
Seat 8: BIMBIM444 folded before Flop (didn't bet)
Seat 9: brnffn (button) folded before Flop (didn't bet)



PokerStars Hand #239036379551:  Hold'em No Limit ($0.02/$0.05 USD) - 2022/10/04 14:10:30 PT [2022/10/04 17:10:30 ET]
Table 'Asaph II' 9-max Seat #1 is the button
Seat 1: BrenoVns ($4.65 in chips) 
Seat 2: gracz1993 ($12.83 in chips) 
Seat 3: Dorex2007 ($7.03 in chips) 
Seat 4: HE0123 ($6.91 in chips) 
Seat 5: Superimmi ($5.23 in chips) 
Seat 6: Shwaaa ($6.18 in chips) 
Seat 7: andrei_lint ($6.18 in chips) 
Seat 8: BIMBIM444 ($1.98 in chips) 
Seat 9: brnffn ($5.10 in chips) 
gracz1993: posts small blind $0.02
Dorex2007: posts big blind $0.05
*** HOLE CARDS ***
Dealt to Dorex2007 [Jd Ac]
HE0123: folds 
Superimmi: folds 
Shwaaa: folds 
andrei_lint: folds 
BIMBIM444: folds 
brnffn has timed out
brnffn: folds 
BrenoVns: raises $0.10 to $0.15
gracz1993: folds 
Dorex2007: calls $0.10
*** FLOP *** [Td 2h 8c]
Dorex2007: checks 
BrenoVns: bets $0.09
Dorex2007: calls $0.09
*** TURN *** [Td 2h 8c] [6h]
Dorex2007: checks 
BrenoVns: bets $0.14
Dorex2007: calls $0.14
*** RIVER *** [Td 2h 8c 6h] [8d]
Dorex2007: bets $0.50
BrenoVns: folds 
Uncalled bet ($0.50) returned to Dorex2007
Dorex2007 collected $0.75 from pot
Dorex2007: doesn't show hand 
*** SUMMARY ***
Total pot $0.78 | Rake $0.03 
Board [Td 2h 8c 6h 8d]
Seat 1: BrenoVns (button) folded on the River
Seat 2: gracz1993 (small blind) folded before Flop
Seat 3: Dorex2007 (big blind) collected ($0.75)
Seat 4: HE0123 folded before Flop (didn't bet)
Seat 5: Superimmi folded before Flop (didn't bet)
Seat 6: Shwaaa folded before Flop (didn't bet)
Seat 7: andrei_lint folded before Flop (didn't bet)
Seat 8: BIMBIM444 folded before Flop (didn't bet)
Seat 9: brnffn folded before Flop (didn't bet)



PokerStars Hand #239036399085:  Hold'em No Limit ($0.02/$0.05 USD) - 2022/10/04 14:11:24 PT [2022/10/04 17:11:24 ET]
Table 'Asaph II' 9-max Seat #2 is the button
Seat 1: BrenoVns ($4.27 in chips) 
Seat 2: gracz1993 ($12.81 in chips) 
Seat 3: Dorex2007 ($7.40 in chips) 
Seat 4: HE0123 ($6.91 in chips) 
Seat 5: Superimmi ($5.23 in chips) 
Seat 6: Shwaaa ($6.18 in chips) 
Seat 7: andrei_lint ($6.18 in chips) 
Seat 8: BIMBIM444 ($1.98 in chips) 
Seat 9: brnffn ($5.10 in chips) 
Dorex2007: posts small blind $0.02
HE0123: posts big blind $0.05
*** HOLE CARDS ***
Dealt to Dorex2007 [6c 4h]
Superimmi: folds 
Shwaaa: folds 
andrei_lint: folds 
BIMBIM444: folds 
brnffn: folds 
BrenoVns: folds 
gracz1993: folds 
Dorex2007: folds 
Uncalled bet ($0.03) returned to HE0123
HE0123 collected $0.04 from pot
HE0123: doesn't show hand 
*** SUMMARY ***
Total pot $0.04 | Rake $0 
Seat 1: BrenoVns folded before Flop (didn't bet)
Seat 2: gracz1993 (button) folded before Flop (didn't bet)
Seat 3: Dorex2007 (small blind) folded before Flop
Seat 4: HE0123 (big blind) collected ($0.04)
Seat 5: Superimmi folded before Flop (didn't bet)
Seat 6: Shwaaa folded before Flop (didn't bet)
Seat 7: andrei_lint folded before Flop (didn't bet)
Seat 8: BIMBIM444 folded before Flop (didn't bet)
Seat 9: brnffn folded before Flop (didn't bet)



PokerStars Hand #239036404792:  Hold'em No Limit ($0.02/$0.05 USD) - 2022/10/04 14:11:39 PT [2022/10/04 17:11:39 ET]
Table 'Asaph II' 9-max Seat #3 is the button
Seat 1: BrenoVns ($4.27 in chips) 
Seat 2: gracz1993 ($12.81 in chips) 
Seat 3: Dorex2007 ($7.38 in chips) 
Seat 4: HE0123 ($6.93 in chips) 
Seat 5: Superimmi ($5.23 in chips) 
Seat 6: Shwaaa ($6.18 in chips) 
Seat 7: andrei_lint ($6.18 in chips) 
Seat 8: BIMBIM444 ($1.98 in chips) 
Seat 9: brnffn ($5.10 in chips) 
HE0123: posts small blind $0.02
Superimmi: posts big blind $0.05
*** HOLE CARDS ***
Dealt to Dorex2007 [2d Js]
Shwaaa: folds 
andrei_lint: folds 
BIMBIM444: raises $0.07 to $0.12
brnffn: folds 
BrenoVns: folds 
gracz1993: calls $0.12
Dorex2007: folds 
HE0123: folds 
Superimmi: folds 
*** FLOP *** [Qs 5s 4d]
BIMBIM444: checks 
gracz1993: bets $0.15
BIMBIM444: folds 
Uncalled bet ($0.15) returned to gracz1993
gracz1993 collected $0.30 from pot
*** SUMMARY ***
Total pot $0.31 | Rake $0.01 
Board [Qs 5s 4d]
Seat 1: BrenoVns folded before Flop (didn't bet)
Seat 2: gracz1993 collected ($0.30)
Seat 3: Dorex2007 (button) folded before Flop (didn't bet)
Seat 4: HE0123 (small blind) folded before Flop
Seat 5: Superimmi (big blind) folded before Flop
Seat 6: Shwaaa folded before Flop (didn't bet)
Seat 7: andrei_lint folded before Flop (didn't bet)
Seat 8: BIMBIM444 folded on the Flop
Seat 9: brnffn folded before Flop (didn't bet)



PokerStars Hand #239036425279:  Hold'em No Limit ($0.02/$0.05 USD) - 2022/10/04 14:12:35 PT [2022/10/04 17:12:35 ET]
Table 'Asaph II' 9-max Seat #4 is the button
Seat 1: BrenoVns ($4.27 in chips) 
Seat 2: gracz1993 ($12.99 in chips) 
Seat 3: Dorex2007 ($7.38 in chips) 
Seat 4: HE0123 ($6.91 in chips) 
Seat 5: Superimmi ($5.18 in chips) 
Seat 6: Shwaaa ($6.18 in chips) 
Seat 7: andrei_lint ($6.18 in chips) 
Seat 8: BIMBIM444 ($1.86 in chips) 
Seat 9: brnffn ($5.10 in chips) 
Superimmi: posts small blind $0.02
Shwaaa: posts big blind $0.05
*** HOLE CARDS ***
Dealt to Dorex2007 [6d 8d]
andrei_lint: folds 
BIMBIM444: folds 
brnffn: folds 
andrei_lint leaves the table
BrenoVns: folds 
gracz1993: folds 
Dorex2007: folds 
HE0123: folds 
Superimmi: raises $0.10 to $0.15
Shwaaa: folds 
Uncalled bet ($0.10) returned to Superimmi
Superimmi collected $0.10 from pot
*** SUMMARY ***
Total pot $0.10 | Rake $0 
Seat 1: BrenoVns folded before Flop (didn't bet)
Seat 2: gracz1993 folded before Flop (didn't bet)
Seat 3: Dorex2007 folded before Flop (didn't bet)
Seat 4: HE0123 (button) folded before Flop (didn't bet)
Seat 5: Superimmi (small blind) collected ($0.10)
Seat 6: Shwaaa (big blind) folded before Flop
Seat 7: andrei_lint folded before Flop (didn't bet)
Seat 8: BIMBIM444 folded before Flop (didn't bet)
Seat 9: brnffn folded before Flop (didn't bet)



PokerStars Hand #239036432845:  Hold'em No Limit ($0.02/$0.05 USD) - 2022/10/04 14:12:56 PT [2022/10/04 17:12:56 ET]
Table 'Asaph II' 9-max Seat #5 is the button
Seat 1: BrenoVns ($4.27 in chips) 
Seat 2: gracz1993 ($12.99 in chips) 
Seat 3: Dorex2007 ($7.38 in chips) 
Seat 4: HE0123 ($6.91 in chips) 
Seat 5: Superimmi ($5.23 in chips) 
Seat 6: Shwaaa ($6.13 in chips) 
Seat 8: BIMBIM444 ($1.86 in chips) 
Seat 9: brnffn ($5.10 in chips) 
Shwaaa: posts small blind $0.02
BIMBIM444: posts big blind $0.05
*** HOLE CARDS ***
Dealt to Dorex2007 [7s Qd]
brnffn: folds 
BrenoVns: raises $0.07 to $0.12
gracz1993: folds 
Dorex2007: folds 
HE0123: calls $0.12
Superimmi: calls $0.12
Shwaaa: folds 
BIMBIM444: calls $0.07
*** FLOP *** [Jc Tc As]
BIMBIM444: checks 
BrenoVns: bets $0.24
HE0123: folds 
Superimmi: folds 
BIMBIM444: folds 
Uncalled bet ($0.24) returned to BrenoVns
BrenoVns collected $0.48 from pot
BrenoVns: doesn't show hand 
*** SUMMARY ***
Total pot $0.50 | Rake $0.02 
Board [Jc Tc As]
Seat 1: BrenoVns collected ($0.48)
Seat 2: gracz1993 folded before Flop (didn't bet)
Seat 3: Dorex2007 folded before Flop (didn't bet)
Seat 4: HE0123 folded on the Flop
Seat 5: Superimmi (button) folded on the Flop
Seat 6: Shwaaa (small blind) folded before Flop
Seat 8: BIMBIM444 (big blind) folded on the Flop
Seat 9: brnffn folded before Flop (didn't bet)



PokerStars Hand #239036447629:  Hold'em No Limit ($0.02/$0.05 USD) - 2022/10/04 14:13:36 PT [2022/10/04 17:13:36 ET]
Table 'Asaph II' 9-max Seat #6 is the button
Seat 1: BrenoVns ($4.63 in chips) 
Seat 2: gracz1993 ($12.99 in chips) 
Seat 3: Dorex2007 ($7.38 in chips) 
Seat 4: HE0123 ($6.79 in chips) 
Seat 5: Superimmi ($5.11 in chips) 
Seat 6: Shwaaa ($6.11 in chips) 
Seat 8: BIMBIM444 ($1.74 in chips) 
Seat 9: brnffn ($5.10 in chips) 
BIMBIM444: posts small blind $0.02
brnffn: posts big blind $0.05
*** HOLE CARDS ***
Dealt to Dorex2007 [6d 3h]
BrenoVns: raises $0.07 to $0.12
gracz1993: folds 
Dorex2007: folds 
HE0123: folds 
Superimmi: folds 
Shwaaa: calls $0.12
BIMBIM444: folds 
brnffn: calls $0.07
*** FLOP *** [Qc Ks 9c]
brnffn: checks 
Tiagoo$ZF joins the table at seat #7 
BrenoVns: bets $0.11
Shwaaa: folds 
brnffn: calls $0.11
*** TURN *** [Qc Ks 9c] [8d]
brnffn: checks 
BrenoVns: bets $0.35
brnffn: folds 
Uncalled bet ($0.35) returned to BrenoVns
BrenoVns collected $0.58 from pot
BrenoVns: doesn't show hand 
*** SUMMARY ***
Total pot $0.60 | Rake $0.02 
Board [Qc Ks 9c 8d]
Seat 1: BrenoVns collected ($0.58)
Seat 2: gracz1993 folded before Flop (didn't bet)
Seat 3: Dorex2007 folded before Flop (didn't bet)
Seat 4: HE0123 folded before Flop (didn't bet)
Seat 5: Superimmi folded before Flop (didn't bet)
Seat 6: Shwaaa (button) folded on the Flop
Seat 8: BIMBIM444 (small blind) folded before Flop
Seat 9: brnffn (big blind) folded on the Turn



PokerStars Hand #239036469192:  Hold'em No Limit ($0.02/$0.05 USD) - 2022/10/04 14:14:35 PT [2022/10/04 17:14:35 ET]
Table 'Asaph II' 9-max Seat #8 is the button
Seat 1: BrenoVns ($4.98 in chips) 
Seat 2: gracz1993 ($12.99 in chips) 
Seat 3: Dorex2007 ($7.38 in chips) 
Seat 4: HE0123 ($6.79 in chips) 
Seat 5: Superimmi ($5.11 in chips) 
Seat 6: Shwaaa ($5.99 in chips) 
Seat 8: BIMBIM444 ($1.72 in chips) 
Seat 9: brnffn ($4.87 in chips) 
brnffn: posts small blind $0.02
BrenoVns: posts big blind $0.05
Tiagoo$ZF: sits out 
*** HOLE CARDS ***
Dealt to Dorex2007 [5h 9s]
gracz1993: folds 
Dorex2007: folds 
HE0123: folds 
Superimmi: folds 
Shwaaa: raises $0.07 to $0.12
BIMBIM444: folds 
brnffn: calls $0.10
BrenoVns: raises $0.38 to $0.50
Shwaaa: folds 
brnffn: folds 
Uncalled bet ($0.38) returned to BrenoVns
BrenoVns collected $0.36 from pot
BrenoVns: doesn't show hand 
*** SUMMARY ***
Total pot $0.36 | Rake $0 
Seat 1: BrenoVns (big blind) collected ($0.36)
Seat 2: gracz1993 folded before Flop (didn't bet)
Seat 3: Dorex2007 folded before Flop (didn't bet)
Seat 4: HE0123 folded before Flop (didn't bet)
Seat 5: Superimmi folded before Flop (didn't bet)
Seat 6: Shwaaa folded before Flop
Seat 8: BIMBIM444 (button) folded before Flop (didn't bet)
Seat 9: brnffn (small blind) folded before Flop



PokerStars Hand #239036482191:  Hold'em No Limit ($0.02/$0.05 USD) - 2022/10/04 14:15:10 PT [2022/10/04 17:15:10 ET]
Table 'Asaph II' 9-max Seat #9 is the button
Seat 1: BrenoVns ($5.22 in chips) 
Seat 2: gracz1993 ($12.99 in chips) 
Seat 3: Dorex2007 ($7.38 in chips) 
Seat 4: HE0123 ($6.79 in chips) 
Seat 5: Superimmi ($5.11 in chips) 
Seat 6: Shwaaa ($5.87 in chips) 
Seat 8: BIMBIM444 ($1.72 in chips) 
Seat 9: brnffn ($4.75 in chips) 
BrenoVns: posts small blind $0.02
gracz1993: posts big blind $0.05
Tiagoo$ZF: sits out 
*** HOLE CARDS ***
Dealt to Dorex2007 [6d 8d]
Dorex2007: folds 
HE0123: folds 
Superimmi: folds 
Shwaaa: folds 
BIMBIM444: folds 
brnffn: folds 
BrenoVns: folds 
Uncalled bet ($0.03) returned to gracz1993
gracz1993 collected $0.04 from pot
*** SUMMARY ***
Total pot $0.04 | Rake $0 
Seat 1: BrenoVns (small blind) folded before Flop
Seat 2: gracz1993 (big blind) collected ($0.04)
Seat 3: Dorex2007 folded before Flop (didn't bet)
Seat 4: HE0123 folded before Flop (didn't bet)
Seat 5: Superimmi folded before Flop (didn't bet)
Seat 6: Shwaaa folded before Flop (didn't bet)
Seat 8: BIMBIM444 folded before Flop (didn't bet)
Seat 9: brnffn (button) folded before Flop (didn't bet)



PokerStars Hand #239036488159:  Hold'em No Limit ($0.02/$0.05 USD) - 2022/10/04 14:15:27 PT [2022/10/04 17:15:27 ET]
Table 'Asaph II' 9-max Seat #1 is the button
Seat 1: BrenoVns ($5.20 in chips) 
Seat 2: gracz1993 ($13.01 in chips) 
Seat 3: Dorex2007 ($7.38 in chips) 
Seat 4: HE0123 ($6.79 in chips) 
Seat 5: Superimmi ($5.11 in chips) 
Seat 6: Shwaaa ($5.87 in chips) 
Seat 8: BIMBIM444 ($1.72 in chips) 
Seat 9: brnffn ($4.75 in chips) 
gracz1993: posts small blind $0.02
Dorex2007: posts big blind $0.05
Tiagoo$ZF: sits out 
*** HOLE CARDS ***
Dealt to Dorex2007 [Qd Td]
HE0123: folds 
Superimmi: folds 
Shwaaa: folds 
BIMBIM444: folds 
brnffn: folds 
BrenoVns: folds 
gracz1993: raises $0.10 to $0.15
Dorex2007: calls $0.10
*** FLOP *** [Kc 3h 9h]
HE0123 leaves the table
gracz1993: bets $0.19
Dorex2007: folds 
Uncalled bet ($0.19) returned to gracz1993
gracz1993 collected $0.29 from pot
*** SUMMARY ***
Total pot $0.30 | Rake $0.01 
Board [Kc 3h 9h]
Seat 1: BrenoVns (button) folded before Flop (didn't bet)
Seat 2: gracz1993 (small blind) collected ($0.29)
Seat 3: Dorex2007 (big blind) folded on the Flop
Seat 4: HE0123 folded before Flop (didn't bet)
Seat 5: Superimmi folded before Flop (didn't bet)
Seat 6: Shwaaa folded before Flop (didn't bet)
Seat 8: BIMBIM444 folded before Flop (didn't bet)
Seat 9: brnffn folded before Flop (didn't bet)



PokerStars Hand #239036499543:  Hold'em No Limit ($0.02/$0.05 USD) - 2022/10/04 14:15:57 PT [2022/10/04 17:15:57 ET]
Table 'Asaph II' 9-max Seat #2 is the button
Seat 1: BrenoVns ($5.20 in chips) 
Seat 2: gracz1993 ($13.15 in chips) 
Seat 3: Dorex2007 ($7.23 in chips) 
Seat 5: Superimmi ($5.11 in chips) 
Seat 6: Shwaaa ($5.87 in chips) 
Seat 8: BIMBIM444 ($1.72 in chips) 
Seat 9: brnffn ($4.75 in chips) 
Dorex2007: posts small blind $0.02
Superimmi: posts big blind $0.05
Tiagoo$ZF: sits out 
*** HOLE CARDS ***
Dealt to Dorex2007 [9s 7c]
Shwaaa: folds 
BIMBIM444: folds 
brnffn: folds 
BrenoVns: folds 
gracz1993: raises $0.10 to $0.15
ripelnet joins the table at seat #4 
Dorex2007: folds 
Superimmi: folds 
Uncalled bet ($0.10) returned to gracz1993
gracz1993 collected $0.12 from pot
*** SUMMARY ***
Total pot $0.12 | Rake $0 
Seat 1: BrenoVns folded before Flop (didn't bet)
Seat 2: gracz1993 (button) collected ($0.12)
Seat 3: Dorex2007 (small blind) folded before Flop
Seat 5: Superimmi (big blind) folded before Flop
Seat 6: Shwaaa folded before Flop (didn't bet)
Seat 8: BIMBIM444 folded before Flop (didn't bet)
Seat 9: brnffn folded before Flop (didn't bet)



PokerStars Hand #239036507977:  Hold'em No Limit ($0.02/$0.05 USD) - 2022/10/04 14:16:21 PT [2022/10/04 17:16:21 ET]
Table 'Asaph II' 9-max Seat #3 is the button
Seat 1: BrenoVns ($5.20 in chips) 
Seat 2: gracz1993 ($13.22 in chips) 
Seat 3: Dorex2007 ($7.21 in chips) 
Seat 5: Superimmi ($5.06 in chips) 
Seat 6: Shwaaa ($5.87 in chips) 
Seat 8: BIMBIM444 ($1.72 in chips) 
Seat 9: brnffn ($4.75 in chips) 
Superimmi: posts small blind $0.02
Shwaaa: posts big blind $0.05
Tiagoo$ZF: sits out 
*** HOLE CARDS ***
Dealt to Dorex2007 [9c 8c]
BIMBIM444: raises $0.07 to $0.12
brnffn: folds 
BrenoVns: folds 
gracz1993: calls $0.12
Dorex2007: calls $0.12
Superimmi: folds 
Shwaaa: calls $0.07
*** FLOP *** [7c 4h 2s]
Shwaaa: checks 
BIMBIM444: bets $0.18
gracz1993: raises $0.37 to $0.55
Dorex2007: folds 
Shwaaa: folds 
BIMBIM444: folds 
Uncalled bet ($0.37) returned to gracz1993
gracz1993 collected $0.82 from pot
*** SUMMARY ***
Total pot $0.86 | Rake $0.04 
Board [7c 4h 2s]
Seat 1: BrenoVns folded before Flop (didn't bet)
Seat 2: gracz1993 collected ($0.82)
Seat 3: Dorex2007 (button) folded on the Flop
Seat 5: Superimmi (small blind) folded before Flop
Seat 6: Shwaaa (big blind) folded on the Flop
Seat 8: BIMBIM444 folded on the Flop
Seat 9: brnffn folded before Flop (didn't bet)



PokerStars Hand #239036534496:  Hold'em No Limit ($0.02/$0.05 USD) - 2022/10/04 14:17:33 PT [2022/10/04 17:17:33 ET]
Table 'Asaph II' 9-max Seat #5 is the button
Seat 1: BrenoVns ($5.20 in chips) 
Seat 2: gracz1993 ($13.74 in chips) 
Seat 3: Dorex2007 ($7.09 in chips) 
Seat 5: Superimmi ($5.04 in chips) 
Seat 6: Shwaaa ($5.75 in chips) 
Seat 7: Tiagoo$ZF ($4 in chips) 
Seat 8: BIMBIM444 ($1.42 in chips) 
Seat 9: brnffn ($4.75 in chips) 
Shwaaa: posts small blind $0.02
Tiagoo$ZF: posts big blind $0.05
ripelnet: sits out 
*** HOLE CARDS ***
Dealt to Dorex2007 [Td 3s]
BIMBIM444: folds 
brnffn: raises $0.10 to $0.15
BrenoVns: folds 
gracz1993: folds 
Dorex2007: folds 
Superimmi: folds 
Shwaaa: folds 
Tiagoo$ZF: folds 
Uncalled bet ($0.10) returned to brnffn
brnffn collected $0.12 from pot
brnffn: doesn't show hand 
*** SUMMARY ***
Total pot $0.12 | Rake $0 
Seat 1: BrenoVns folded before Flop (didn't bet)
Seat 2: gracz1993 folded before Flop (didn't bet)
Seat 3: Dorex2007 folded before Flop (didn't bet)
Seat 5: Superimmi (button) folded before Flop (didn't bet)
Seat 6: Shwaaa (small blind) folded before Flop
Seat 7: Tiagoo$ZF (big blind) folded before Flop
Seat 8: BIMBIM444 folded before Flop (didn't bet)
Seat 9: brnffn collected ($0.12)



PokerStars Hand #239036543810:  Hold'em No Limit ($0.02/$0.05 USD) - 2022/10/04 14:17:59 PT [2022/10/04 17:17:59 ET]
Table 'Asaph II' 9-max Seat #6 is the button
Seat 1: BrenoVns ($5.20 in chips) 
Seat 2: gracz1993 ($13.74 in chips) 
Seat 3: Dorex2007 ($7.09 in chips) 
Seat 5: Superimmi ($5.04 in chips) 
Seat 6: Shwaaa ($5.73 in chips) 
Seat 7: Tiagoo$ZF ($3.95 in chips) 
Seat 8: BIMBIM444 ($1.42 in chips) 
Seat 9: brnffn ($4.82 in chips) 
Tiagoo$ZF: posts small blind $0.02
BIMBIM444: posts big blind $0.05
ripelnet: sits out 
*** HOLE CARDS ***
Dealt to Dorex2007 [Jc 6d]
brnffn: folds 
BrenoVns: folds 
gracz1993: folds 
Dorex2007: folds 
Superimmi: folds 
Shwaaa: folds 
Tiagoo$ZF: folds 
Uncalled bet ($0.03) returned to BIMBIM444
BIMBIM444 collected $0.04 from pot
*** SUMMARY ***
Total pot $0.04 | Rake $0 
Seat 1: BrenoVns folded before Flop (didn't bet)
Seat 2: gracz1993 folded before Flop (didn't bet)
Seat 3: Dorex2007 folded before Flop (didn't bet)
Seat 5: Superimmi folded before Flop (didn't bet)
Seat 6: Shwaaa (button) folded before Flop (didn't bet)
Seat 7: Tiagoo$ZF (small blind) folded before Flop
Seat 8: BIMBIM444 (big blind) collected ($0.04)
Seat 9: brnffn folded before Flop (didn't bet)



PokerStars Hand #239036548908:  Hold'em No Limit ($0.02/$0.05 USD) - 2022/10/04 14:18:13 PT [2022/10/04 17:18:13 ET]
Table 'Asaph II' 9-max Seat #7 is the button
Seat 1: BrenoVns ($5.20 in chips) 
Seat 2: gracz1993 ($13.74 in chips) 
Seat 3: Dorex2007 ($7.09 in chips) 
Seat 5: Superimmi ($5.04 in chips) 
Seat 6: Shwaaa ($5.73 in chips) 
Seat 7: Tiagoo$ZF ($3.93 in chips) 
Seat 8: BIMBIM444 ($1.44 in chips) 
Seat 9: brnffn ($4.82 in chips) 
BIMBIM444: posts small blind $0.02
brnffn: posts big blind $0.05
ripelnet: sits out 
*** HOLE CARDS ***
Dealt to Dorex2007 [Qd 5s]
BrenoVns: folds 
gracz1993: folds 
Dorex2007: folds 
Superimmi: folds 
Shwaaa: raises $0.07 to $0.12
Tiagoo$ZF: folds 
BIMBIM444: folds 
brnffn: folds 
Uncalled bet ($0.07) returned to Shwaaa
Shwaaa collected $0.12 from pot
Shwaaa: doesn't show hand 
*** SUMMARY ***
Total pot $0.12 | Rake $0 
Seat 1: BrenoVns folded before Flop (didn't bet)
Seat 2: gracz1993 folded before Flop (didn't bet)
Seat 3: Dorex2007 folded before Flop (didn't bet)
Seat 5: Superimmi folded before Flop (didn't bet)
Seat 6: Shwaaa collected ($0.12)
Seat 7: Tiagoo$ZF (button) folded before Flop (didn't bet)
Seat 8: BIMBIM444 (small blind) folded before Flop
Seat 9: brnffn (big blind) folded before Flop



PokerStars Hand #239036557409:  Hold'em No Limit ($0.02/$0.05 USD) - 2022/10/04 14:18:36 PT [2022/10/04 17:18:36 ET]
Table 'Asaph II' 9-max Seat #8 is the button
Seat 1: BrenoVns ($5.20 in chips) 
Seat 2: gracz1993 ($13.74 in chips) 
Seat 3: Dorex2007 ($7.09 in chips) 
Seat 5: Superimmi ($5.04 in chips) 
Seat 6: Shwaaa ($5.80 in chips) 
Seat 7: Tiagoo$ZF ($3.93 in chips) 
Seat 8: BIMBIM444 ($1.42 in chips) 
Seat 9: brnffn ($4.77 in chips) 
brnffn: posts small blind $0.02
BrenoVns: posts big blind $0.05
ripelnet: sits out 
*** HOLE CARDS ***
Dealt to Dorex2007 [5d Jh]
gracz1993: raises $0.10 to $0.15
Dorex2007: folds 
Superimmi: calls $0.15
Shwaaa: folds 
Tiagoo$ZF: folds 
BIMBIM444: folds 
brnffn: folds 
BrenoVns: folds 
*** FLOP *** [Tc Kc 3s]
gracz1993: bets $0.22
Superimmi: calls $0.22
*** TURN *** [Tc Kc 3s] [Js]
gracz1993: bets $0.39
Superimmi: calls $0.39
*** RIVER *** [Tc Kc 3s Js] [6c]
gracz1993: bets $0.96
Superimmi: calls $0.96
*** SHOW DOWN ***
gracz1993: shows [Jc Qs] (a pair of Jacks)
Superimmi: shows [Ac Ks] (a pair of Kings)
Superimmi collected $3.32 from pot
*** SUMMARY ***
Total pot $3.51 | Rake $0.19 
Board [Tc Kc 3s Js 6c]
Seat 1: BrenoVns (big blind) folded before Flop
Seat 2: gracz1993 showed [Jc Qs] and lost with a pair of Jacks
Seat 3: Dorex2007 folded before Flop (didn't bet)
Seat 5: Superimmi showed [Ac Ks] and won ($3.32) with a pair of Kings
Seat 6: Shwaaa folded before Flop (didn't bet)
Seat 7: Tiagoo$ZF folded before Flop (didn't bet)
Seat 8: BIMBIM444 (button) folded before Flop (didn't bet)
Seat 9: brnffn (small blind) folded before Flop



PokerStars Hand #239036582596:  Hold'em No Limit ($0.02/$0.05 USD) - 2022/10/04 14:19:45 PT [2022/10/04 17:19:45 ET]
Table 'Asaph II' 9-max Seat #9 is the button
Seat 1: BrenoVns ($5.15 in chips) 
Seat 2: gracz1993 ($12.02 in chips) 
Seat 3: Dorex2007 ($7.09 in chips) 
Seat 5: Superimmi ($6.64 in chips) 
Seat 6: Shwaaa ($5.80 in chips) 
Seat 7: Tiagoo$ZF ($3.93 in chips) 
Seat 8: BIMBIM444 ($1.42 in chips) 
Seat 9: brnffn ($4.75 in chips) 
BrenoVns: posts small blind $0.02
gracz1993: posts big blind $0.05
ripelnet: sits out 
*** HOLE CARDS ***
Dealt to Dorex2007 [Tc 6s]
Dorex2007: folds 
Superimmi: folds 
Shwaaa: folds 
Tiagoo$ZF: folds 
BIMBIM444: folds 
brnffn: folds 
BrenoVns: folds 
Uncalled bet ($0.03) returned to gracz1993
gracz1993 collected $0.04 from pot
*** SUMMARY ***
Total pot $0.04 | Rake $0 
Seat 1: BrenoVns (small blind) folded before Flop
Seat 2: gracz1993 (big blind) collected ($0.04)
Seat 3: Dorex2007 folded before Flop (didn't bet)
Seat 5: Superimmi folded before Flop (didn't bet)
Seat 6: Shwaaa folded before Flop (didn't bet)
Seat 7: Tiagoo$ZF folded before Flop (didn't bet)
Seat 8: BIMBIM444 folded before Flop (didn't bet)
Seat 9: brnffn (button) folded before Flop (didn't bet)



PokerStars Hand #239036590339:  Hold'em No Limit ($0.02/$0.05 USD) - 2022/10/04 14:20:06 PT [2022/10/04 17:20:06 ET]
Table 'Asaph II' 9-max Seat #1 is the button
Seat 1: BrenoVns ($5.13 in chips) 
Seat 2: gracz1993 ($12.04 in chips) 
Seat 3: Dorex2007 ($7.09 in chips) 
Seat 5: Superimmi ($6.64 in chips) 
Seat 6: Shwaaa ($5.80 in chips) 
Seat 7: Tiagoo$ZF ($3.93 in chips) 
Seat 8: BIMBIM444 ($1.42 in chips) 
Seat 9: brnffn ($4.75 in chips) 
gracz1993: posts small blind $0.02
Dorex2007: posts big blind $0.05
ripelnet: sits out 
*** HOLE CARDS ***
Dealt to Dorex2007 [Ks Ts]
Superimmi: calls $0.05
Shwaaa: folds 
Tiagoo$ZF: folds 
BIMBIM444: calls $0.05
brnffn: raises $0.20 to $0.25
BrenoVns: folds 
gracz1993: folds 
Dorex2007: folds 
Superimmi: folds 
BIMBIM444: calls $0.20
*** FLOP *** [2h 9s Ad]
BIMBIM444: checks 
brnffn: bets $0.35
BIMBIM444: calls $0.35
*** TURN *** [2h 9s Ad] [Kd]
BIMBIM444: checks 
brnffn: checks 
*** RIVER *** [2h 9s Ad Kd] [4d]
BIMBIM444: bets $0.82 and is all-in
brnffn: folds 
Uncalled bet ($0.82) returned to BIMBIM444
BIMBIM444 collected $1.27 from pot
*** SUMMARY ***
Total pot $1.32 | Rake $0.05 
Board [2h 9s Ad Kd 4d]
Seat 1: BrenoVns (button) folded before Flop (didn't bet)
Seat 2: gracz1993 (small blind) folded before Flop
Seat 3: Dorex2007 (big blind) folded before Flop
Seat 5: Superimmi folded before Flop
Seat 6: Shwaaa folded before Flop (didn't bet)
Seat 7: Tiagoo$ZF folded before Flop (didn't bet)
Seat 8: BIMBIM444 collected ($1.27)
Seat 9: brnffn folded on the River



PokerStars Hand #239036623469:  Hold'em No Limit ($0.02/$0.05 USD) - 2022/10/04 14:21:36 PT [2022/10/04 17:21:36 ET]
Table 'Asaph II' 9-max Seat #2 is the button
Seat 1: BrenoVns ($5.13 in chips) 
Seat 2: gracz1993 ($12.02 in chips) 
Seat 3: Dorex2007 ($7.04 in chips) 
Seat 4: ripelnet ($5 in chips) 
Seat 5: Superimmi ($6.59 in chips) 
Seat 6: Shwaaa ($5.80 in chips) 
Seat 7: Tiagoo$ZF ($3.93 in chips) 
Seat 8: BIMBIM444 ($2.09 in chips) 
Seat 9: brnffn ($4.15 in chips) 
Dorex2007: posts small blind $0.02
ripelnet: posts big blind $0.05
*** HOLE CARDS ***
Dealt to Dorex2007 [5d 7h]
Superimmi: raises $0.10 to $0.15
Shwaaa: folds 
Tiagoo$ZF: calls $0.15
BIMBIM444: folds 
brnffn: folds 
BrenoVns: folds 
gracz1993: calls $0.15
Dorex2007: folds 
ripelnet: folds 
*** FLOP *** [Ac As Qh]
Superimmi: checks 
Tiagoo$ZF: checks 
gracz1993: bets $0.25
Superimmi: calls $0.25
Tiagoo$ZF: folds 
*** TURN *** [Ac As Qh] [Qd]
Superimmi: checks 
gracz1993: bets $0.49
Superimmi: calls $0.49
*** RIVER *** [Ac As Qh Qd] [6h]
Superimmi: bets $0.96
gracz1993: folds 
Uncalled bet ($0.96) returned to Superimmi
Superimmi collected $1.90 from pot
*** SUMMARY ***
Total pot $2 | Rake $0.10 
Board [Ac As Qh Qd 6h]
Seat 1: BrenoVns folded before Flop (didn't bet)
Seat 2: gracz1993 (button) folded on the River
Seat 3: Dorex2007 (small blind) folded before Flop
Seat 4: ripelnet (big blind) folded before Flop
Seat 5: Superimmi collected ($1.90)
Seat 6: Shwaaa folded before Flop (didn't bet)
Seat 7: Tiagoo$ZF folded on the Flop
Seat 8: BIMBIM444 folded before Flop (didn't bet)
Seat 9: brnffn folded before Flop (didn't bet)



PokerStars Hand #239036647256:  Hold'em No Limit ($0.02/$0.05 USD) - 2022/10/04 14:22:41 PT [2022/10/04 17:22:41 ET]
Table 'Asaph II' 9-max Seat #3 is the button
Seat 1: BrenoVns ($5.13 in chips) 
Seat 2: gracz1993 ($11.13 in chips) 
Seat 3: Dorex2007 ($7.02 in chips) 
Seat 4: ripelnet ($5 in chips) 
Seat 5: Superimmi ($7.60 in chips) 
Seat 6: Shwaaa ($5.80 in chips) 
Seat 7: Tiagoo$ZF ($3.78 in chips) 
Seat 8: BIMBIM444 ($2.09 in chips) 
Seat 9: brnffn ($4.15 in chips) 
ripelnet: posts small blind $0.02
Superimmi: posts big blind $0.05
*** HOLE CARDS ***
Dealt to Dorex2007 [Ts Js]
Shwaaa: folds 
Tiagoo$ZF: raises $0.07 to $0.12
BIMBIM444: folds 
brnffn: folds 
BrenoVns: folds 
gracz1993: folds 
Dorex2007: calls $0.12
ripelnet: folds 
Superimmi: raises $0.38 to $0.50
gracz1993 leaves the table
Tiagoo$ZF: folds 
Dorex2007: folds 
Uncalled bet ($0.38) returned to Superimmi
Superimmi collected $0.38 from pot
*** SUMMARY ***
Total pot $0.38 | Rake $0 
Seat 1: BrenoVns folded before Flop (didn't bet)
Seat 2: gracz1993 folded before Flop (didn't bet)
Seat 3: Dorex2007 (button) folded before Flop
Seat 4: ripelnet (small blind) folded before Flop
Seat 5: Superimmi (big blind) collected ($0.38)
Seat 6: Shwaaa folded before Flop (didn't bet)
Seat 7: Tiagoo$ZF folded before Flop
Seat 8: BIMBIM444 folded before Flop (didn't bet)
Seat 9: brnffn folded before Flop (didn't bet)



PokerStars Hand #239036659237:  Hold'em No Limit ($0.02/$0.05 USD) - 2022/10/04 14:23:13 PT [2022/10/04 17:23:13 ET]
Table 'Asaph II' 9-max Seat #4 is the button
Seat 1: BrenoVns ($5.13 in chips) 
Seat 3: Dorex2007 ($6.90 in chips) 
Seat 4: ripelnet ($5 in chips) 
Seat 5: Superimmi ($7.86 in chips) 
Seat 6: Shwaaa ($5.80 in chips) 
Seat 7: Tiagoo$ZF ($3.66 in chips) 
Seat 8: BIMBIM444 ($2.09 in chips) 
Seat 9: brnffn ($4.15 in chips) 
Superimmi: posts small blind $0.02
Shwaaa: posts big blind $0.05
*** HOLE CARDS ***
Dealt to Dorex2007 [Ad 5c]
Tiagoo$ZF: folds 
BIMBIM444: folds 
brnffn: folds 
BrenoVns: folds 
Dorex2007: folds 
ripelnet: folds 
Superimmi: calls $0.03
Shwaaa: checks 
*** FLOP *** [2d Js 3c]
Superimmi: checks 
Shwaaa: bets $0.06
Superimmi: folds 
Uncalled bet ($0.06) returned to Shwaaa
Shwaaa collected $0.10 from pot
Shwaaa: doesn't show hand 
*** SUMMARY ***
Total pot $0.10 | Rake $0 
Board [2d Js 3c]
Seat 1: BrenoVns folded before Flop (didn't bet)
Seat 3: Dorex2007 folded before Flop (didn't bet)
Seat 4: ripelnet (button) folded before Flop (didn't bet)
Seat 5: Superimmi (small blind) folded on the Flop
Seat 6: Shwaaa (big blind) collected ($0.10)
Seat 7: Tiagoo$ZF folded before Flop (didn't bet)
Seat 8: BIMBIM444 folded before Flop (didn't bet)
Seat 9: brnffn folded before Flop (didn't bet)



PokerStars Hand #239036672364:  Hold'em No Limit ($0.02/$0.05 USD) - 2022/10/04 14:23:49 PT [2022/10/04 17:23:49 ET]
Table 'Asaph II' 9-max Seat #5 is the button
Seat 1: BrenoVns ($5.13 in chips) 
Seat 3: Dorex2007 ($6.90 in chips) 
Seat 4: ripelnet ($5 in chips) 
Seat 5: Superimmi ($7.81 in chips) 
Seat 6: Shwaaa ($5.85 in chips) 
Seat 7: Tiagoo$ZF ($3.66 in chips) 
Seat 8: BIMBIM444 ($2.09 in chips) 
Seat 9: brnffn ($4.15 in chips) 
Shwaaa: posts small blind $0.02
Tiagoo$ZF: posts big blind $0.05
*** HOLE CARDS ***
Dealt to Dorex2007 [7c 9s]
BIMBIM444: folds 
brnffn: raises $0.10 to $0.15
BrenoVns: folds 
Dorex2007: folds 
ripelnet: folds 
Superimmi: folds 
Shwaaa: folds 
Tiagoo$ZF: folds 
Uncalled bet ($0.10) returned to brnffn
brnffn collected $0.12 from pot
brnffn: doesn't show hand 
*** SUMMARY ***
Total pot $0.12 | Rake $0 
Seat 1: BrenoVns folded before Flop (didn't bet)
Seat 3: Dorex2007 folded before Flop (didn't bet)
Seat 4: ripelnet folded before Flop (didn't bet)
Seat 5: Superimmi (button) folded before Flop (didn't bet)
Seat 6: Shwaaa (small blind) folded before Flop
Seat 7: Tiagoo$ZF (big blind) folded before Flop
Seat 8: BIMBIM444 folded before Flop (didn't bet)
Seat 9: brnffn collected ($0.12)



