PokerStars Hand #232789319507:  Hold'em No Limit ($0.01/$0.02 USD) - 2022/01/03 13:28:55 PT [2022/01/03 16:28:55 ET]
Table 'Gudrun IV' 9-max Seat #4 is the button
Seat 1: iNteldrive ($4.70 in chips) 
Seat 2: hamchik_md ($2.52 in chips) 
Seat 3: Dorex2007 ($2 in chips) 
Seat 4: whambrown ($1.98 in chips) 
Seat 5: slazh7 ($2.19 in chips) 
Seat 6: A.DOD4 ($1.68 in chips) 
Seat 7: AndyMs1985 ($3.35 in chips) 
Seat 8: BR00RB ($1.85 in chips) 
Seat 9: wstway ($2.20 in chips) 
slazh7: posts small blind $0.01
A.DOD4: posts big blind $0.02
Dorex2007: posts big blind $0.02
*** HOLE CARDS ***
Dealt to Dorex2007 [Ks Qd]
AndyMs1985: folds 
BR00RB: folds 
wstway: folds 
iNteldrive: folds 
hamchik_md: raises $0.09 to $0.11
Dorex2007: folds 
whambrown: calls $0.11
slazh7: folds 
A.DOD4: folds 
*** FLOP *** [8d 3d Ts]
hamchik_md: bets $0.15
whambrown: calls $0.15
*** TURN *** [8d 3d Ts] [2d]
hamchik_md: checks 
whambrown: bets $0.36
hamchik_md: folds 
Uncalled bet ($0.36) returned to whambrown
whambrown collected $0.55 from pot
whambrown: doesn't show hand 
*** SUMMARY ***
Total pot $0.57 | Rake $0.02 
Board [8d 3d Ts 2d]
Seat 1: iNteldrive folded before Flop (didn't bet)
Seat 2: hamchik_md folded on the Turn
Seat 3: Dorex2007 folded before Flop (didn't bet)
Seat 4: whambrown (button) collected ($0.55)
Seat 5: slazh7 (small blind) folded before Flop
Seat 6: A.DOD4 (big blind) folded before Flop
Seat 7: AndyMs1985 folded before Flop (didn't bet)
Seat 8: BR00RB folded before Flop (didn't bet)
Seat 9: wstway folded before Flop (didn't bet)



PokerStars Hand #232789358329:  Hold'em No Limit ($0.01/$0.02 USD) - 2022/01/03 13:29:55 PT [2022/01/03 16:29:55 ET]
Table 'Gudrun IV' 9-max Seat #5 is the button
Seat 1: iNteldrive ($4.70 in chips) 
Seat 2: hamchik_md ($2.26 in chips) 
Seat 3: Dorex2007 ($2 in chips) 
Seat 4: whambrown ($2.27 in chips) 
Seat 5: slazh7 ($2.18 in chips) 
Seat 6: A.DOD4 ($1.66 in chips) 
Seat 7: AndyMs1985 ($3.35 in chips) 
Seat 8: BR00RB ($1.85 in chips) 
Seat 9: wstway ($2.20 in chips) 
A.DOD4: posts small blind $0.01
AndyMs1985: posts big blind $0.02
*** HOLE CARDS ***
Dealt to Dorex2007 [Jd 7h]
BR00RB: folds 
wstway: calls $0.02
iNteldrive: folds 
hamchik_md: folds 
Dorex2007: folds 
whambrown: folds 
slazh7: raises $0.02 to $0.04
A.DOD4: folds 
AndyMs1985: folds 
wstway: calls $0.02
*** FLOP *** [As 3d 7s]
wstway: checks 
slazh7: checks 
*** TURN *** [As 3d 7s] [Jc]
wstway: checks 
slazh7: checks 
*** RIVER *** [As 3d 7s Jc] [3c]
wstway: checks 
slazh7: bets $0.08
wstway: folds 
Uncalled bet ($0.08) returned to slazh7
slazh7 collected $0.11 from pot
slazh7: doesn't show hand 
*** SUMMARY ***
Total pot $0.11 | Rake $0 
Board [As 3d 7s Jc 3c]
Seat 1: iNteldrive folded before Flop (didn't bet)
Seat 2: hamchik_md folded before Flop (didn't bet)
Seat 3: Dorex2007 folded before Flop (didn't bet)
Seat 4: whambrown folded before Flop (didn't bet)
Seat 5: slazh7 (button) collected ($0.11)
Seat 6: A.DOD4 (small blind) folded before Flop
Seat 7: AndyMs1985 (big blind) folded before Flop
Seat 8: BR00RB folded before Flop (didn't bet)
Seat 9: wstway folded on the River



PokerStars Hand #232789384712:  Hold'em No Limit ($0.01/$0.02 USD) - 2022/01/03 13:30:36 PT [2022/01/03 16:30:36 ET]
Table 'Gudrun IV' 9-max Seat #6 is the button
Seat 1: iNteldrive ($4.70 in chips) 
Seat 2: hamchik_md ($2.26 in chips) 
Seat 3: Dorex2007 ($2 in chips) 
Seat 4: whambrown ($2.27 in chips) 
Seat 5: slazh7 ($2.25 in chips) 
Seat 6: A.DOD4 ($1.65 in chips) 
Seat 7: AndyMs1985 ($3.33 in chips) 
Seat 8: BR00RB ($1.85 in chips) 
Seat 9: wstway ($2.16 in chips) 
AndyMs1985: posts small blind $0.01
BR00RB: posts big blind $0.02
*** HOLE CARDS ***
Dealt to Dorex2007 [2c 7s]
wstway: folds 
iNteldrive: folds 
hamchik_md: folds 
Dorex2007: folds 
whambrown: folds 
slazh7: raises $0.06 to $0.08
A.DOD4: folds 
AndyMs1985: calls $0.07
BR00RB: folds 
*** FLOP *** [2h Kd 5c]
AndyMs1985: checks 
slazh7: checks 
*** TURN *** [2h Kd 5c] [Td]
AndyMs1985: bets $0.12
slazh7: folds 
Uncalled bet ($0.12) returned to AndyMs1985
AndyMs1985 collected $0.17 from pot
AndyMs1985: doesn't show hand 
*** SUMMARY ***
Total pot $0.18 | Rake $0.01 
Board [2h Kd 5c Td]
Seat 1: iNteldrive folded before Flop (didn't bet)
Seat 2: hamchik_md folded before Flop (didn't bet)
Seat 3: Dorex2007 folded before Flop (didn't bet)
Seat 4: whambrown folded before Flop (didn't bet)
Seat 5: slazh7 folded on the Turn
Seat 6: A.DOD4 (button) folded before Flop (didn't bet)
Seat 7: AndyMs1985 (small blind) collected ($0.17)
Seat 8: BR00RB (big blind) folded before Flop
Seat 9: wstway folded before Flop (didn't bet)



PokerStars Hand #232789419855:  Hold'em No Limit ($0.01/$0.02 USD) - 2022/01/03 13:31:14 PT [2022/01/03 16:31:14 ET]
Table 'Gudrun IV' 9-max Seat #7 is the button
Seat 1: iNteldrive ($4.70 in chips) 
Seat 2: hamchik_md ($2.26 in chips) 
Seat 3: Dorex2007 ($2 in chips) 
Seat 4: whambrown ($2.27 in chips) 
Seat 5: slazh7 ($2.17 in chips) 
Seat 6: A.DOD4 ($1.65 in chips) 
Seat 7: AndyMs1985 ($3.42 in chips) 
Seat 8: BR00RB ($1.83 in chips) 
Seat 9: wstway ($2.16 in chips) 
BR00RB: posts small blind $0.01
wstway: posts big blind $0.02
*** HOLE CARDS ***
Dealt to Dorex2007 [Qc Jd]
iNteldrive: folds 
hamchik_md: raises $0.04 to $0.06
Dorex2007: folds 
whambrown: folds 
slazh7: folds 
A.DOD4: folds 
AndyMs1985: folds 
BR00RB: folds 
wstway: folds 
Uncalled bet ($0.04) returned to hamchik_md
hamchik_md collected $0.05 from pot
hamchik_md: doesn't show hand 
*** SUMMARY ***
Total pot $0.05 | Rake $0 
Seat 1: iNteldrive folded before Flop (didn't bet)
Seat 2: hamchik_md collected ($0.05)
Seat 3: Dorex2007 folded before Flop (didn't bet)
Seat 4: whambrown folded before Flop (didn't bet)
Seat 5: slazh7 folded before Flop (didn't bet)
Seat 6: A.DOD4 folded before Flop (didn't bet)
Seat 7: AndyMs1985 (button) folded before Flop (didn't bet)
Seat 8: BR00RB (small blind) folded before Flop
Seat 9: wstway (big blind) folded before Flop



PokerStars Hand #232789435626:  Hold'em No Limit ($0.01/$0.02 USD) - 2022/01/03 13:31:38 PT [2022/01/03 16:31:38 ET]
Table 'Gudrun IV' 9-max Seat #8 is the button
Seat 1: iNteldrive ($4.70 in chips) 
Seat 2: hamchik_md ($2.29 in chips) 
Seat 3: Dorex2007 ($2 in chips) 
Seat 4: whambrown ($2.27 in chips) 
Seat 5: slazh7 ($2.17 in chips) 
Seat 6: A.DOD4 ($1.65 in chips) 
Seat 7: AndyMs1985 ($3.42 in chips) 
Seat 8: BR00RB ($1.82 in chips) 
Seat 9: wstway ($2.14 in chips) 
wstway: posts small blind $0.01
iNteldrive: posts big blind $0.02
*** HOLE CARDS ***
Dealt to Dorex2007 [8h 4d]
hamchik_md: folds 
Dorex2007: folds 
whambrown: folds 
slazh7: raises $0.04 to $0.06
A.DOD4: calls $0.06
AndyMs1985: folds 
BR00RB: folds 
wstway: calls $0.05
iNteldrive: folds 
*** FLOP *** [3c 6s Qs]
wstway: checks 
slazh7: checks 
A.DOD4: checks 
*** TURN *** [3c 6s Qs] [6d]
wstway: checks 
slazh7: checks 
A.DOD4: checks 
*** RIVER *** [3c 6s Qs 6d] [7s]
wstway: checks 
slazh7: bets $0.04
A.DOD4: folds 
wstway: folds 
Uncalled bet ($0.04) returned to slazh7
slazh7 collected $0.19 from pot
slazh7: doesn't show hand 
*** SUMMARY ***
Total pot $0.20 | Rake $0.01 
Board [3c 6s Qs 6d 7s]
Seat 1: iNteldrive (big blind) folded before Flop
Seat 2: hamchik_md folded before Flop (didn't bet)
Seat 3: Dorex2007 folded before Flop (didn't bet)
Seat 4: whambrown folded before Flop (didn't bet)
Seat 5: slazh7 collected ($0.19)
Seat 6: A.DOD4 folded on the River
Seat 7: AndyMs1985 folded before Flop (didn't bet)
Seat 8: BR00RB (button) folded before Flop (didn't bet)
Seat 9: wstway (small blind) folded on the River



PokerStars Hand #232789466108:  Hold'em No Limit ($0.01/$0.02 USD) - 2022/01/03 13:32:25 PT [2022/01/03 16:32:25 ET]
Table 'Gudrun IV' 9-max Seat #9 is the button
Seat 1: iNteldrive ($4.68 in chips) 
Seat 2: hamchik_md ($2.29 in chips) 
Seat 3: Dorex2007 ($2 in chips) 
Seat 4: whambrown ($2.27 in chips) 
Seat 5: slazh7 ($2.30 in chips) 
Seat 6: A.DOD4 ($1.59 in chips) 
Seat 7: AndyMs1985 ($3.42 in chips) 
Seat 8: BR00RB ($1.82 in chips) 
Seat 9: wstway ($2.08 in chips) 
iNteldrive: posts small blind $0.01
hamchik_md: posts big blind $0.02
*** HOLE CARDS ***
Dealt to Dorex2007 [4d 3s]
Dorex2007: folds 
whambrown: folds 
slazh7: folds 
A.DOD4: folds 
AndyMs1985: raises $0.04 to $0.06
BR00RB: folds 
wstway: folds 
iNteldrive: folds 
hamchik_md: folds 
Uncalled bet ($0.04) returned to AndyMs1985
AndyMs1985 collected $0.05 from pot
AndyMs1985: doesn't show hand 
*** SUMMARY ***
Total pot $0.05 | Rake $0 
Seat 1: iNteldrive (small blind) folded before Flop
Seat 2: hamchik_md (big blind) folded before Flop
Seat 3: Dorex2007 folded before Flop (didn't bet)
Seat 4: whambrown folded before Flop (didn't bet)
Seat 5: slazh7 folded before Flop (didn't bet)
Seat 6: A.DOD4 folded before Flop (didn't bet)
Seat 7: AndyMs1985 collected ($0.05)
Seat 8: BR00RB folded before Flop (didn't bet)
Seat 9: wstway (button) folded before Flop (didn't bet)



PokerStars Hand #232789478893:  Hold'em No Limit ($0.01/$0.02 USD) - 2022/01/03 13:32:44 PT [2022/01/03 16:32:44 ET]
Table 'Gudrun IV' 9-max Seat #1 is the button
Seat 1: iNteldrive ($4.67 in chips) 
Seat 2: hamchik_md ($2.27 in chips) 
Seat 3: Dorex2007 ($2 in chips) 
Seat 4: whambrown ($2.27 in chips) 
Seat 5: slazh7 ($2.30 in chips) 
Seat 6: A.DOD4 ($1.59 in chips) 
Seat 7: AndyMs1985 ($3.45 in chips) 
Seat 8: BR00RB ($1.82 in chips) 
Seat 9: wstway ($2.08 in chips) 
hamchik_md: posts small blind $0.01
Dorex2007: posts big blind $0.02
*** HOLE CARDS ***
Dealt to Dorex2007 [Qh 4d]
whambrown: folds 
slazh7: folds 
A.DOD4: folds 
AndyMs1985: folds 
BR00RB: folds 
wstway: calls $0.02
iNteldrive: folds 
hamchik_md: folds 
Dorex2007: checks 
*** FLOP *** [5h Jc Qs]
Dorex2007: bets $0.05
wstway: folds 
Uncalled bet ($0.05) returned to Dorex2007
Dorex2007 collected $0.05 from pot
Dorex2007: doesn't show hand 
*** SUMMARY ***
Total pot $0.05 | Rake $0 
Board [5h Jc Qs]
Seat 1: iNteldrive (button) folded before Flop (didn't bet)
Seat 2: hamchik_md (small blind) folded before Flop
Seat 3: Dorex2007 (big blind) collected ($0.05)
Seat 4: whambrown folded before Flop (didn't bet)
Seat 5: slazh7 folded before Flop (didn't bet)
Seat 6: A.DOD4 folded before Flop (didn't bet)
Seat 7: AndyMs1985 folded before Flop (didn't bet)
Seat 8: BR00RB folded before Flop (didn't bet)
Seat 9: wstway folded on the Flop



PokerStars Hand #232789497775:  Hold'em No Limit ($0.01/$0.02 USD) - 2022/01/03 13:33:13 PT [2022/01/03 16:33:13 ET]
Table 'Gudrun IV' 9-max Seat #2 is the button
Seat 1: iNteldrive ($4.67 in chips) 
Seat 2: hamchik_md ($2.26 in chips) 
Seat 3: Dorex2007 ($2.03 in chips) 
Seat 4: whambrown ($2.27 in chips) 
Seat 5: slazh7 ($2.30 in chips) 
Seat 6: A.DOD4 ($1.59 in chips) 
Seat 7: AndyMs1985 ($3.45 in chips) 
Seat 8: BR00RB ($1.82 in chips) 
Seat 9: wstway ($2.06 in chips) 
Dorex2007: posts small blind $0.01
whambrown: posts big blind $0.02
*** HOLE CARDS ***
Dealt to Dorex2007 [2c 2s]
slazh7: folds 
A.DOD4: folds 
AndyMs1985: folds 
BR00RB: folds 
wstway: calls $0.02
iNteldrive: folds 
hamchik_md: folds 
Dorex2007: calls $0.01
whambrown: checks 
*** FLOP *** [3c Ac 5c]
Dorex2007: checks 
whambrown: checks 
wstway: checks 
*** TURN *** [3c Ac 5c] [3d]
Dorex2007: bets $0.03
whambrown: folds 
wstway: calls $0.03
*** RIVER *** [3c Ac 5c 3d] [2h]
Dorex2007: bets $0.12
wstway: folds 
Uncalled bet ($0.12) returned to Dorex2007
Dorex2007 collected $0.12 from pot
Dorex2007: doesn't show hand 
*** SUMMARY ***
Total pot $0.12 | Rake $0 
Board [3c Ac 5c 3d 2h]
Seat 1: iNteldrive folded before Flop (didn't bet)
Seat 2: hamchik_md (button) folded before Flop (didn't bet)
Seat 3: Dorex2007 (small blind) collected ($0.12)
Seat 4: whambrown (big blind) folded on the Turn
Seat 5: slazh7 folded before Flop (didn't bet)
Seat 6: A.DOD4 folded before Flop (didn't bet)
Seat 7: AndyMs1985 folded before Flop (didn't bet)
Seat 8: BR00RB folded before Flop (didn't bet)
Seat 9: wstway folded on the River



PokerStars Hand #232789528915:  Hold'em No Limit ($0.01/$0.02 USD) - 2022/01/03 13:34:00 PT [2022/01/03 16:34:00 ET]
Table 'Gudrun IV' 9-max Seat #3 is the button
Seat 1: iNteldrive ($4.67 in chips) 
Seat 2: hamchik_md ($2.26 in chips) 
Seat 3: Dorex2007 ($2.10 in chips) 
Seat 4: whambrown ($2.25 in chips) 
Seat 5: slazh7 ($2.30 in chips) 
Seat 6: A.DOD4 ($1.59 in chips) 
Seat 7: AndyMs1985 ($3.45 in chips) 
Seat 8: BR00RB ($1.82 in chips) 
Seat 9: wstway ($2.01 in chips) 
whambrown: posts small blind $0.01
slazh7: posts big blind $0.02
*** HOLE CARDS ***
Dealt to Dorex2007 [Jc 2c]
A.DOD4: folds 
AndyMs1985: folds 
BR00RB: folds 
wstway: folds 
iNteldrive: folds 
hamchik_md: folds 
Dorex2007: folds 
whambrown: folds 
Uncalled bet ($0.01) returned to slazh7
slazh7 collected $0.02 from pot
slazh7: doesn't show hand 
*** SUMMARY ***
Total pot $0.02 | Rake $0 
Seat 1: iNteldrive folded before Flop (didn't bet)
Seat 2: hamchik_md folded before Flop (didn't bet)
Seat 3: Dorex2007 (button) folded before Flop (didn't bet)
Seat 4: whambrown (small blind) folded before Flop
Seat 5: slazh7 (big blind) collected ($0.02)
Seat 6: A.DOD4 folded before Flop (didn't bet)
Seat 7: AndyMs1985 folded before Flop (didn't bet)
Seat 8: BR00RB folded before Flop (didn't bet)
Seat 9: wstway folded before Flop (didn't bet)



PokerStars Hand #232789537989:  Hold'em No Limit ($0.01/$0.02 USD) - 2022/01/03 13:34:13 PT [2022/01/03 16:34:13 ET]
Table 'Gudrun IV' 9-max Seat #4 is the button
Seat 1: iNteldrive ($4.67 in chips) 
Seat 2: hamchik_md ($2.26 in chips) 
Seat 3: Dorex2007 ($2.10 in chips) 
Seat 4: whambrown ($2.24 in chips) 
Seat 5: slazh7 ($2.31 in chips) 
Seat 6: A.DOD4 ($1.59 in chips) 
Seat 7: AndyMs1985 ($3.45 in chips) 
Seat 8: BR00RB ($1.82 in chips) 
Seat 9: wstway ($2.01 in chips) 
slazh7: posts small blind $0.01
A.DOD4: posts big blind $0.02
*** HOLE CARDS ***
Dealt to Dorex2007 [Qd 3c]
AndyMs1985: folds 
BR00RB: folds 
wstway: folds 
AndyMs1985 leaves the table
iNteldrive: folds 
hamchik_md: raises $0.04 to $0.06
Dorex2007: folds 
whambrown: folds 
slazh7: folds 
A.DOD4: calls $0.04
*** FLOP *** [5h 3s Qc]
A.DOD4: checks 
hamchik_md: bets $0.11
A.DOD4: folds 
Uncalled bet ($0.11) returned to hamchik_md
hamchik_md collected $0.13 from pot
hamchik_md: doesn't show hand 
*** SUMMARY ***
Total pot $0.13 | Rake $0 
Board [5h 3s Qc]
Seat 1: iNteldrive folded before Flop (didn't bet)
Seat 2: hamchik_md collected ($0.13)
Seat 3: Dorex2007 folded before Flop (didn't bet)
Seat 4: whambrown (button) folded before Flop (didn't bet)
Seat 5: slazh7 (small blind) folded before Flop
Seat 6: A.DOD4 (big blind) folded on the Flop
Seat 7: AndyMs1985 folded before Flop (didn't bet)
Seat 8: BR00RB folded before Flop (didn't bet)
Seat 9: wstway folded before Flop (didn't bet)



PokerStars Hand #232789554395:  Hold'em No Limit ($0.01/$0.02 USD) - 2022/01/03 13:34:38 PT [2022/01/03 16:34:38 ET]
Table 'Gudrun IV' 9-max Seat #5 is the button
Seat 1: iNteldrive ($4.67 in chips) 
Seat 2: hamchik_md ($2.33 in chips) 
Seat 3: Dorex2007 ($2.10 in chips) 
Seat 4: whambrown ($2.24 in chips) 
Seat 5: slazh7 ($2.30 in chips) 
Seat 6: A.DOD4 ($1.53 in chips) 
Seat 8: BR00RB ($1.82 in chips) 
Seat 9: wstway ($2.01 in chips) 
A.DOD4: posts small blind $0.01
BR00RB: posts big blind $0.02
*** HOLE CARDS ***
Dealt to Dorex2007 [Jd Ad]
wstway: folds 
iNteldrive: folds 
hamchik_md: folds 
igrok735 joins the table at seat #7 
Dorex2007: raises $0.04 to $0.06
whambrown: calls $0.06
slazh7: folds 
A.DOD4: calls $0.05
BR00RB: folds 
*** FLOP *** [Qd Ts 9h]
A.DOD4: checks 
Dorex2007: bets $0.10
whambrown: calls $0.10
A.DOD4: calls $0.10
*** TURN *** [Qd Ts 9h] [Ks]
A.DOD4: checks 
Dorex2007: bets $0.48
whambrown: calls $0.48
A.DOD4: folds 
*** RIVER *** [Qd Ts 9h Ks] [3d]
Dorex2007: bets $0.71
whambrown: calls $0.71
*** SHOW DOWN ***
Dorex2007: shows [Jd Ad] (a straight, Ten to Ace)
whambrown: mucks hand 
Dorex2007 collected $2.78 from pot
*** SUMMARY ***
Total pot $2.88 | Rake $0.10 
Board [Qd Ts 9h Ks 3d]
Seat 1: iNteldrive folded before Flop (didn't bet)
Seat 2: hamchik_md folded before Flop (didn't bet)
Seat 3: Dorex2007 showed [Jd Ad] and won ($2.78) with a straight, Ten to Ace
Seat 4: whambrown mucked [Kd Td]
Seat 5: slazh7 (button) folded before Flop (didn't bet)
Seat 6: A.DOD4 (small blind) folded on the Turn
Seat 8: BR00RB (big blind) folded before Flop
Seat 9: wstway folded before Flop (didn't bet)



PokerStars Hand #232789598982:  Hold'em No Limit ($0.01/$0.02 USD) - 2022/01/03 13:35:47 PT [2022/01/03 16:35:47 ET]
Table 'Gudrun IV' 9-max Seat #6 is the button
Seat 1: iNteldrive ($4.67 in chips) 
Seat 2: hamchik_md ($2.33 in chips) 
Seat 3: Dorex2007 ($3.53 in chips) 
Seat 4: whambrown ($0.89 in chips) 
Seat 5: slazh7 ($2.30 in chips) 
Seat 6: A.DOD4 ($1.37 in chips) 
Seat 8: BR00RB ($1.80 in chips) 
Seat 9: wstway ($2.01 in chips) 
BR00RB: posts small blind $0.01
wstway: posts big blind $0.02
*** HOLE CARDS ***
Dealt to Dorex2007 [Jh Ks]
iNteldrive: folds 
hamchik_md: folds 
Dorex2007: folds 
whambrown: calls $0.02
slazh7: folds 
A.DOD4: raises $0.08 to $0.10
BR00RB: folds 
wstway: calls $0.08
whambrown: calls $0.08
*** FLOP *** [6h 7d Jd]
wstway: checks 
whambrown: checks 
A.DOD4: bets $0.30
wstway: folds 
whambrown: raises $0.49 to $0.79 and is all-in
A.DOD4: calls $0.49
*** TURN *** [6h 7d Jd] [7s]
*** RIVER *** [6h 7d Jd 7s] [3s]
*** SHOW DOWN ***
whambrown: shows [Td 9d] (a pair of Sevens)
A.DOD4: shows [Ac Ad] (two pair, Aces and Sevens)
A.DOD4 collected $1.80 from pot
*** SUMMARY ***
Total pot $1.89 | Rake $0.09 
Board [6h 7d Jd 7s 3s]
Seat 1: iNteldrive folded before Flop (didn't bet)
Seat 2: hamchik_md folded before Flop (didn't bet)
Seat 3: Dorex2007 folded before Flop (didn't bet)
Seat 4: whambrown showed [Td 9d] and lost with a pair of Sevens
Seat 5: slazh7 folded before Flop (didn't bet)
Seat 6: A.DOD4 (button) showed [Ac Ad] and won ($1.80) with two pair, Aces and Sevens
Seat 8: BR00RB (small blind) folded before Flop
Seat 9: wstway (big blind) folded on the Flop



PokerStars Hand #232789641907:  Hold'em No Limit ($0.01/$0.02 USD) - 2022/01/03 13:36:44 PT [2022/01/03 16:36:44 ET]
Table 'Gudrun IV' 9-max Seat #8 is the button
Seat 1: iNteldrive ($4.67 in chips) 
Seat 2: hamchik_md ($2.33 in chips) 
Seat 3: Dorex2007 ($3.53 in chips) 
Seat 4: whambrown ($1.11 in chips) 
Seat 5: slazh7 ($2.30 in chips) 
Seat 6: A.DOD4 ($2.28 in chips) 
Seat 8: BR00RB ($1.79 in chips) 
Seat 9: wstway ($1.91 in chips) 
wstway: posts small blind $0.01
iNteldrive: posts big blind $0.02
igrok735: sits out 
*** HOLE CARDS ***
Dealt to Dorex2007 [9d 8d]
hamchik_md: folds 
Dorex2007: folds 
whambrown: folds 
slazh7: raises $0.06 to $0.08
A.DOD4: folds 
BR00RB: folds 
wstway: folds 
iNteldrive: folds 
Uncalled bet ($0.06) returned to slazh7
slazh7 collected $0.05 from pot
slazh7: doesn't show hand 
*** SUMMARY ***
Total pot $0.05 | Rake $0 
Seat 1: iNteldrive (big blind) folded before Flop
Seat 2: hamchik_md folded before Flop (didn't bet)
Seat 3: Dorex2007 folded before Flop (didn't bet)
Seat 4: whambrown folded before Flop (didn't bet)
Seat 5: slazh7 collected ($0.05)
Seat 6: A.DOD4 folded before Flop (didn't bet)
Seat 8: BR00RB (button) folded before Flop (didn't bet)
Seat 9: wstway (small blind) folded before Flop



PokerStars Hand #232789651944:  Hold'em No Limit ($0.01/$0.02 USD) - 2022/01/03 13:37:00 PT [2022/01/03 16:37:00 ET]
Table 'Gudrun IV' 9-max Seat #9 is the button
Seat 1: iNteldrive ($4.65 in chips) 
Seat 2: hamchik_md ($2.33 in chips) 
Seat 3: Dorex2007 ($3.53 in chips) 
Seat 4: whambrown ($2 in chips) 
Seat 5: slazh7 ($2.33 in chips) 
Seat 6: A.DOD4 ($2.28 in chips) 
Seat 8: BR00RB ($1.79 in chips) 
Seat 9: wstway ($1.90 in chips) 
iNteldrive: posts small blind $0.01
hamchik_md: posts big blind $0.02
igrok735: sits out 
*** HOLE CARDS ***
Dealt to Dorex2007 [6s 7s]
Dorex2007: folds 
whambrown: raises $0.04 to $0.06
slazh7: folds 
A.DOD4: folds 
BR00RB: folds 
wstway: folds 
iNteldrive: folds 
hamchik_md: folds 
Uncalled bet ($0.04) returned to whambrown
whambrown collected $0.05 from pot
whambrown: doesn't show hand 
*** SUMMARY ***
Total pot $0.05 | Rake $0 
Seat 1: iNteldrive (small blind) folded before Flop
Seat 2: hamchik_md (big blind) folded before Flop
Seat 3: Dorex2007 folded before Flop (didn't bet)
Seat 4: whambrown collected ($0.05)
Seat 5: slazh7 folded before Flop (didn't bet)
Seat 6: A.DOD4 folded before Flop (didn't bet)
Seat 8: BR00RB folded before Flop (didn't bet)
Seat 9: wstway (button) folded before Flop (didn't bet)



PokerStars Hand #232789666313:  Hold'em No Limit ($0.01/$0.02 USD) - 2022/01/03 13:37:22 PT [2022/01/03 16:37:22 ET]
Table 'Gudrun IV' 9-max Seat #1 is the button
Seat 1: iNteldrive ($4.64 in chips) 
Seat 2: hamchik_md ($2.31 in chips) 
Seat 3: Dorex2007 ($3.53 in chips) 
Seat 4: whambrown ($2.03 in chips) 
Seat 5: slazh7 ($2.33 in chips) 
Seat 6: A.DOD4 ($2.28 in chips) 
Seat 8: BR00RB ($1.79 in chips) 
Seat 9: wstway ($1.90 in chips) 
hamchik_md: posts small blind $0.01
Dorex2007: posts big blind $0.02
igrok735: sits out 
*** HOLE CARDS ***
Dealt to Dorex2007 [4h 5c]
whambrown: folds 
slazh7: raises $0.04 to $0.06
A.DOD4: folds 
BR00RB: folds 
wstway: folds 
iNteldrive: folds 
hamchik_md: folds 
Dorex2007: folds 
Uncalled bet ($0.04) returned to slazh7
slazh7 collected $0.05 from pot
slazh7: doesn't show hand 
*** SUMMARY ***
Total pot $0.05 | Rake $0 
Seat 1: iNteldrive (button) folded before Flop (didn't bet)
Seat 2: hamchik_md (small blind) folded before Flop
Seat 3: Dorex2007 (big blind) folded before Flop
Seat 4: whambrown folded before Flop (didn't bet)
Seat 5: slazh7 collected ($0.05)
Seat 6: A.DOD4 folded before Flop (didn't bet)
Seat 8: BR00RB folded before Flop (didn't bet)
Seat 9: wstway folded before Flop (didn't bet)



PokerStars Hand #232789680088:  Hold'em No Limit ($0.01/$0.02 USD) - 2022/01/03 13:37:44 PT [2022/01/03 16:37:44 ET]
Table 'Gudrun IV' 9-max Seat #2 is the button
Seat 1: iNteldrive ($4.64 in chips) 
Seat 2: hamchik_md ($2.30 in chips) 
Seat 3: Dorex2007 ($3.51 in chips) 
Seat 4: whambrown ($2.03 in chips) 
Seat 5: slazh7 ($2.36 in chips) 
Seat 6: A.DOD4 ($2.28 in chips) 
Seat 8: BR00RB ($1.79 in chips) 
Seat 9: wstway ($1.90 in chips) 
Dorex2007: posts small blind $0.01
whambrown: posts big blind $0.02
igrok735: sits out 
*** HOLE CARDS ***
Dealt to Dorex2007 [Th 9d]
slazh7: folds 
A.DOD4: folds 
BR00RB: calls $0.02
wstway: calls $0.02
iNteldrive: folds 
hamchik_md: calls $0.02
Dorex2007: folds 
whambrown: checks 
*** FLOP *** [Jc 5d 9s]
whambrown: checks 
BR00RB: bets $0.02
wstway: calls $0.02
hamchik_md: folds 
whambrown: folds 
*** TURN *** [Jc 5d 9s] [5h]
BR00RB: checks 
wstway: bets $0.14
BR00RB: folds 
Uncalled bet ($0.14) returned to wstway
wstway collected $0.13 from pot
*** SUMMARY ***
Total pot $0.13 | Rake $0 
Board [Jc 5d 9s 5h]
Seat 1: iNteldrive folded before Flop (didn't bet)
Seat 2: hamchik_md (button) folded on the Flop
Seat 3: Dorex2007 (small blind) folded before Flop
Seat 4: whambrown (big blind) folded on the Flop
Seat 5: slazh7 folded before Flop (didn't bet)
Seat 6: A.DOD4 folded before Flop (didn't bet)
Seat 8: BR00RB folded on the Turn
Seat 9: wstway collected ($0.13)



PokerStars Hand #232789718267:  Hold'em No Limit ($0.01/$0.02 USD) - 2022/01/03 13:38:41 PT [2022/01/03 16:38:41 ET]
Table 'Gudrun IV' 9-max Seat #3 is the button
Seat 1: iNteldrive ($4.64 in chips) 
Seat 2: hamchik_md ($2.28 in chips) 
Seat 3: Dorex2007 ($3.50 in chips) 
Seat 4: whambrown ($2.01 in chips) 
Seat 5: slazh7 ($2.36 in chips) 
Seat 6: A.DOD4 ($2.28 in chips) 
Seat 8: BR00RB ($1.75 in chips) 
Seat 9: wstway ($1.99 in chips) 
whambrown: posts small blind $0.01
slazh7: posts big blind $0.02
igrok735: sits out 
*** HOLE CARDS ***
Dealt to Dorex2007 [2s 5d]
A.DOD4: folds 
BR00RB: calls $0.02
wstway: calls $0.02
iNteldrive: folds 
hamchik_md: folds 
Dorex2007: folds 
whambrown: calls $0.01
slazh7: checks 
*** FLOP *** [8h 7c 2h]
whambrown: checks 
slazh7: bets $0.04
BR00RB: folds 
wstway: folds 
whambrown: folds 
Uncalled bet ($0.04) returned to slazh7
slazh7 collected $0.08 from pot
slazh7: doesn't show hand 
*** SUMMARY ***
Total pot $0.08 | Rake $0 
Board [8h 7c 2h]
Seat 1: iNteldrive folded before Flop (didn't bet)
Seat 2: hamchik_md folded before Flop (didn't bet)
Seat 3: Dorex2007 (button) folded before Flop (didn't bet)
Seat 4: whambrown (small blind) folded on the Flop
Seat 5: slazh7 (big blind) collected ($0.08)
Seat 6: A.DOD4 folded before Flop (didn't bet)
Seat 8: BR00RB folded on the Flop
Seat 9: wstway folded on the Flop



PokerStars Hand #232789735694:  Hold'em No Limit ($0.01/$0.02 USD) - 2022/01/03 13:39:07 PT [2022/01/03 16:39:07 ET]
Table 'Gudrun IV' 9-max Seat #4 is the button
Seat 1: iNteldrive ($4.64 in chips) 
Seat 2: hamchik_md ($2.28 in chips) 
Seat 3: Dorex2007 ($3.50 in chips) 
Seat 4: whambrown ($1.99 in chips) 
Seat 5: slazh7 ($2.42 in chips) 
Seat 6: A.DOD4 ($2.28 in chips) 
Seat 8: BR00RB ($1.73 in chips) 
Seat 9: wstway ($1.97 in chips) 
slazh7: posts small blind $0.01
A.DOD4: posts big blind $0.02
igrok735: sits out 
*** HOLE CARDS ***
Dealt to Dorex2007 [4c Ah]
BR00RB: folds 
wstway: folds 
iNteldrive: folds 
hamchik_md: raises $0.04 to $0.06
Dorex2007: folds 
whambrown: folds 
slazh7: folds 
A.DOD4: folds 
Uncalled bet ($0.04) returned to hamchik_md
hamchik_md collected $0.05 from pot
hamchik_md: doesn't show hand 
*** SUMMARY ***
Total pot $0.05 | Rake $0 
Seat 1: iNteldrive folded before Flop (didn't bet)
Seat 2: hamchik_md collected ($0.05)
Seat 3: Dorex2007 folded before Flop (didn't bet)
Seat 4: whambrown (button) folded before Flop (didn't bet)
Seat 5: slazh7 (small blind) folded before Flop
Seat 6: A.DOD4 (big blind) folded before Flop
Seat 8: BR00RB folded before Flop (didn't bet)
Seat 9: wstway folded before Flop (didn't bet)



PokerStars Hand #232789749978:  Hold'em No Limit ($0.01/$0.02 USD) - 2022/01/03 13:39:30 PT [2022/01/03 16:39:30 ET]
Table 'Gudrun IV' 9-max Seat #5 is the button
Seat 1: iNteldrive ($4.64 in chips) 
Seat 2: hamchik_md ($2.31 in chips) 
Seat 3: Dorex2007 ($3.50 in chips) 
Seat 4: whambrown ($1.99 in chips) 
Seat 5: slazh7 ($2.41 in chips) 
Seat 6: A.DOD4 ($2.26 in chips) 
Seat 7: igrok735 ($2 in chips) 
Seat 8: BR00RB ($1.73 in chips) 
Seat 9: wstway ($1.97 in chips) 
A.DOD4: posts small blind $0.01
igrok735: posts big blind $0.02
*** HOLE CARDS ***
Dealt to Dorex2007 [Jd Ah]
BR00RB: folds 
wstway: calls $0.02
iNteldrive: folds 
hamchik_md: folds 
Dorex2007: calls $0.02
whambrown: folds 
slazh7: calls $0.02
A.DOD4: raises $0.08 to $0.10
igrok735: folds 
wstway: folds 
Dorex2007: folds 
slazh7: calls $0.08
*** FLOP *** [5s Js Kc]
A.DOD4: checks 
slazh7: checks 
*** TURN *** [5s Js Kc] [Ts]
A.DOD4: checks 
slazh7: bets $0.10
A.DOD4: folds 
Uncalled bet ($0.10) returned to slazh7
slazh7 collected $0.25 from pot
slazh7: doesn't show hand 
*** SUMMARY ***
Total pot $0.26 | Rake $0.01 
Board [5s Js Kc Ts]
Seat 1: iNteldrive folded before Flop (didn't bet)
Seat 2: hamchik_md folded before Flop (didn't bet)
Seat 3: Dorex2007 folded before Flop
Seat 4: whambrown folded before Flop (didn't bet)
Seat 5: slazh7 (button) collected ($0.25)
Seat 6: A.DOD4 (small blind) folded on the Turn
Seat 7: igrok735 (big blind) folded before Flop
Seat 8: BR00RB folded before Flop (didn't bet)
Seat 9: wstway folded before Flop



PokerStars Hand #232789775297:  Hold'em No Limit ($0.01/$0.02 USD) - 2022/01/03 13:40:09 PT [2022/01/03 16:40:09 ET]
Table 'Gudrun IV' 9-max Seat #6 is the button
Seat 1: iNteldrive ($4.64 in chips) 
Seat 2: hamchik_md ($2.31 in chips) 
Seat 3: Dorex2007 ($3.48 in chips) 
Seat 4: whambrown ($1.99 in chips) 
Seat 5: slazh7 ($2.56 in chips) 
Seat 6: A.DOD4 ($2.16 in chips) 
Seat 7: igrok735 ($1.98 in chips) 
Seat 9: wstway ($1.95 in chips) 
igrok735: posts small blind $0.01
BR00RB: is sitting out 
wstway: posts big blind $0.02
*** HOLE CARDS ***
Dealt to Dorex2007 [6d Tc]
iNteldrive: folds 
hamchik_md: folds 
Dorex2007: folds 
whambrown: folds 
slazh7: raises $0.06 to $0.08
A.DOD4: folds 
igrok735: folds 
wstway: calls $0.06
*** FLOP *** [5s 4h 4d]
wstway: checks 
slazh7: checks 
*** TURN *** [5s 4h 4d] [Ah]
wstway: bets $0.08
slazh7: raises $0.08 to $0.16
wstway: calls $0.08
*** RIVER *** [5s 4h 4d Ah] [Kh]
wstway: bets $0.47
slazh7: calls $0.47
*** SHOW DOWN ***
wstway: shows [5c 4c] (a full house, Fours full of Fives)
slazh7: mucks hand 
wstway collected $1.38 from pot
*** SUMMARY ***
Total pot $1.43 | Rake $0.05 
Board [5s 4h 4d Ah Kh]
Seat 1: iNteldrive folded before Flop (didn't bet)
Seat 2: hamchik_md folded before Flop (didn't bet)
Seat 3: Dorex2007 folded before Flop (didn't bet)
Seat 4: whambrown folded before Flop (didn't bet)
Seat 5: slazh7 mucked [Qs As]
Seat 6: A.DOD4 (button) folded before Flop (didn't bet)
Seat 7: igrok735 (small blind) folded before Flop
Seat 9: wstway (big blind) showed [5c 4c] and won ($1.38) with a full house, Fours full of Fives



PokerStars Hand #232789812253:  Hold'em No Limit ($0.01/$0.02 USD) - 2022/01/03 13:41:07 PT [2022/01/03 16:41:07 ET]
Table 'Gudrun IV' 9-max Seat #7 is the button
Seat 1: iNteldrive ($4.64 in chips) 
Seat 2: hamchik_md ($2.31 in chips) 
Seat 3: Dorex2007 ($3.48 in chips) 
Seat 4: whambrown ($1.99 in chips) 
Seat 5: slazh7 ($1.85 in chips) 
Seat 6: A.DOD4 ($2.16 in chips) 
Seat 7: igrok735 ($1.97 in chips) 
Seat 9: wstway ($2.62 in chips) 
wstway: posts small blind $0.01
iNteldrive: posts big blind $0.02
*** HOLE CARDS ***
Dealt to Dorex2007 [Qh Ks]
hamchik_md: folds 
Dorex2007: folds 
whambrown: folds 
slazh7: calls $0.02
A.DOD4: folds 
igrok735: folds 
wstway: calls $0.01
iNteldrive: raises $0.04 to $0.06
slazh7: calls $0.04
wstway: calls $0.04
*** FLOP *** [7h Tc 2d]
wstway: checks 
iNteldrive: bets $0.08
slazh7: folds 
wstway: folds 
Uncalled bet ($0.08) returned to iNteldrive
iNteldrive collected $0.17 from pot
*** SUMMARY ***
Total pot $0.18 | Rake $0.01 
Board [7h Tc 2d]
Seat 1: iNteldrive (big blind) collected ($0.17)
Seat 2: hamchik_md folded before Flop (didn't bet)
Seat 3: Dorex2007 folded before Flop (didn't bet)
Seat 4: whambrown folded before Flop (didn't bet)
Seat 5: slazh7 folded on the Flop
Seat 6: A.DOD4 folded before Flop (didn't bet)
Seat 7: igrok735 (button) folded before Flop (didn't bet)
Seat 9: wstway (small blind) folded on the Flop



PokerStars Hand #232789845864:  Hold'em No Limit ($0.01/$0.02 USD) - 2022/01/03 13:42:00 PT [2022/01/03 16:42:00 ET]
Table 'Gudrun IV' 9-max Seat #9 is the button
Seat 1: iNteldrive ($4.75 in chips) 
Seat 2: hamchik_md ($2.31 in chips) 
Seat 3: Dorex2007 ($3.48 in chips) 
Seat 4: whambrown ($1.99 in chips) 
Seat 5: slazh7 ($1.79 in chips) 
Seat 6: A.DOD4 ($2.16 in chips) 
Seat 7: igrok735 ($1.97 in chips) 
Seat 8: BR00RB ($1.73 in chips) 
Seat 9: wstway ($2.56 in chips) 
iNteldrive: posts small blind $0.01
hamchik_md: posts big blind $0.02
BR00RB: posts small & big blinds $0.03
*** HOLE CARDS ***
Dealt to Dorex2007 [Tc 9d]
Dorex2007: folds 
whambrown: folds 
slazh7: folds 
A.DOD4: raises $0.08 to $0.10
igrok735: folds 
BR00RB: folds 
wstway: folds 
iNteldrive: folds 
hamchik_md: folds 
Uncalled bet ($0.08) returned to A.DOD4
A.DOD4 collected $0.08 from pot
A.DOD4: doesn't show hand 
*** SUMMARY ***
Total pot $0.08 | Rake $0 
Seat 1: iNteldrive (small blind) folded before Flop
Seat 2: hamchik_md (big blind) folded before Flop
Seat 3: Dorex2007 folded before Flop (didn't bet)
Seat 4: whambrown folded before Flop (didn't bet)
Seat 5: slazh7 folded before Flop (didn't bet)
Seat 6: A.DOD4 collected ($0.08)
Seat 7: igrok735 folded before Flop (didn't bet)
Seat 8: BR00RB folded before Flop (didn't bet)
Seat 9: wstway (button) folded before Flop (didn't bet)



PokerStars Hand #232789873466:  Hold'em No Limit ($0.01/$0.02 USD) - 2022/01/03 13:42:43 PT [2022/01/03 16:42:43 ET]
Table 'Gudrun IV' 9-max Seat #1 is the button
Seat 1: iNteldrive ($4.74 in chips) 
Seat 2: hamchik_md ($2.29 in chips) 
Seat 3: Dorex2007 ($3.48 in chips) 
Seat 4: whambrown ($1.99 in chips) 
Seat 5: slazh7 ($1.79 in chips) 
Seat 6: A.DOD4 ($2.22 in chips) 
Seat 7: igrok735 ($1.97 in chips) 
Seat 8: BR00RB ($1.70 in chips) 
Seat 9: wstway ($2.56 in chips) 
hamchik_md: posts small blind $0.01
Dorex2007: posts big blind $0.02
*** HOLE CARDS ***
Dealt to Dorex2007 [3h 9c]
whambrown: folds 
slazh7: folds 
A.DOD4: raises $0.08 to $0.10
igrok735: folds 
BR00RB: folds 
wstway: calls $0.10
iNteldrive: folds 
hamchik_md: calls $0.09
Dorex2007: folds 
*** FLOP *** [8s Qs 6d]
hamchik_md: checks 
A.DOD4: checks 
wstway: checks 
*** TURN *** [8s Qs 6d] [Kc]
hamchik_md: bets $0.23
A.DOD4: folds 
wstway: folds 
Uncalled bet ($0.23) returned to hamchik_md
hamchik_md collected $0.31 from pot
hamchik_md: doesn't show hand 
*** SUMMARY ***
Total pot $0.32 | Rake $0.01 
Board [8s Qs 6d Kc]
Seat 1: iNteldrive (button) folded before Flop (didn't bet)
Seat 2: hamchik_md (small blind) collected ($0.31)
Seat 3: Dorex2007 (big blind) folded before Flop
Seat 4: whambrown folded before Flop (didn't bet)
Seat 5: slazh7 folded before Flop (didn't bet)
Seat 6: A.DOD4 folded on the Turn
Seat 7: igrok735 folded before Flop (didn't bet)
Seat 8: BR00RB folded before Flop (didn't bet)
Seat 9: wstway folded on the Turn



PokerStars Hand #232789909448:  Hold'em No Limit ($0.01/$0.02 USD) - 2022/01/03 13:43:40 PT [2022/01/03 16:43:40 ET]
Table 'Gudrun IV' 9-max Seat #2 is the button
Seat 1: iNteldrive ($4.74 in chips) 
Seat 2: hamchik_md ($2.50 in chips) 
Seat 3: Dorex2007 ($3.46 in chips) 
Seat 4: whambrown ($1.99 in chips) 
Seat 5: slazh7 ($1.79 in chips) 
Seat 6: A.DOD4 ($2.12 in chips) 
Seat 7: igrok735 ($1.97 in chips) 
Seat 8: BR00RB ($1.70 in chips) 
Seat 9: wstway ($2.46 in chips) 
Dorex2007: posts small blind $0.01
whambrown: posts big blind $0.02
*** HOLE CARDS ***
Dealt to Dorex2007 [Jd Th]
slazh7: raises $0.04 to $0.06
A.DOD4: folds 
igrok735: folds 
BR00RB: folds 
wstway: folds 
iNteldrive: folds 
hamchik_md: folds 
Dorex2007: folds 
whambrown: folds 
Uncalled bet ($0.04) returned to slazh7
slazh7 collected $0.05 from pot
slazh7: doesn't show hand 
*** SUMMARY ***
Total pot $0.05 | Rake $0 
Seat 1: iNteldrive folded before Flop (didn't bet)
Seat 2: hamchik_md (button) folded before Flop (didn't bet)
Seat 3: Dorex2007 (small blind) folded before Flop
Seat 4: whambrown (big blind) folded before Flop
Seat 5: slazh7 collected ($0.05)
Seat 6: A.DOD4 folded before Flop (didn't bet)
Seat 7: igrok735 folded before Flop (didn't bet)
Seat 8: BR00RB folded before Flop (didn't bet)
Seat 9: wstway folded before Flop (didn't bet)



PokerStars Hand #232789928467:  Hold'em No Limit ($0.01/$0.02 USD) - 2022/01/03 13:44:08 PT [2022/01/03 16:44:08 ET]
Table 'Gudrun IV' 9-max Seat #3 is the button
Seat 1: iNteldrive ($4.74 in chips) 
Seat 2: hamchik_md ($2.50 in chips) 
Seat 3: Dorex2007 ($3.45 in chips) 
Seat 4: whambrown ($1.97 in chips) 
Seat 5: slazh7 ($1.82 in chips) 
Seat 6: A.DOD4 ($2.12 in chips) 
Seat 7: igrok735 ($1.97 in chips) 
Seat 8: BR00RB ($1.70 in chips) 
Seat 9: wstway ($2.46 in chips) 
whambrown: posts small blind $0.01
slazh7: posts big blind $0.02
*** HOLE CARDS ***
Dealt to Dorex2007 [Jh 8d]
A.DOD4: folds 
igrok735: folds 
BR00RB: folds 
wstway: calls $0.02
iNteldrive: folds 
hamchik_md: raises $0.10 to $0.12
Dorex2007: folds 
whambrown: folds 
slazh7: calls $0.10
wstway: folds 
*** FLOP *** [7h Ad 4s]
slazh7: bets $0.06
hamchik_md: calls $0.06
*** TURN *** [7h Ad 4s] [2s]
slazh7: checks 
hamchik_md: bets $0.25
slazh7: calls $0.25
*** RIVER *** [7h Ad 4s 2s] [Ac]
slazh7: bets $0.43
hamchik_md: calls $0.43
*** SHOW DOWN ***
slazh7: shows [Ah Qs] (three of a kind, Aces)
hamchik_md: shows [Kc As] (three of a kind, Aces - King kicker)
hamchik_md collected $1.69 from pot
*** SUMMARY ***
Total pot $1.75 | Rake $0.06 
Board [7h Ad 4s 2s Ac]
Seat 1: iNteldrive folded before Flop (didn't bet)
Seat 2: hamchik_md showed [Kc As] and won ($1.69) with three of a kind, Aces
Seat 3: Dorex2007 (button) folded before Flop (didn't bet)
Seat 4: whambrown (small blind) folded before Flop
Seat 5: slazh7 (big blind) showed [Ah Qs] and lost with three of a kind, Aces
Seat 6: A.DOD4 folded before Flop (didn't bet)
Seat 7: igrok735 folded before Flop (didn't bet)
Seat 8: BR00RB folded before Flop (didn't bet)
Seat 9: wstway folded before Flop



PokerStars Hand #232789971488:  Hold'em No Limit ($0.01/$0.02 USD) - 2022/01/03 13:45:16 PT [2022/01/03 16:45:16 ET]
Table 'Gudrun IV' 9-max Seat #4 is the button
Seat 1: iNteldrive ($4.74 in chips) 
Seat 2: hamchik_md ($3.33 in chips) 
Seat 3: Dorex2007 ($3.45 in chips) 
Seat 4: whambrown ($1.96 in chips) 
Seat 5: slazh7 ($0.96 in chips) 
Seat 6: A.DOD4 ($2.12 in chips) 
Seat 7: igrok735 ($1.97 in chips) 
Seat 8: BR00RB ($1.70 in chips) 
Seat 9: wstway ($2.44 in chips) 
slazh7: posts small blind $0.01
A.DOD4: posts big blind $0.02
*** HOLE CARDS ***
Dealt to Dorex2007 [3h Jh]
igrok735: raises $0.04 to $0.06
BR00RB: folds 
wstway: folds 
iNteldrive: folds 
hamchik_md: folds 
Dorex2007: folds 
whambrown: folds 
slazh7: folds 
A.DOD4: folds 
Uncalled bet ($0.04) returned to igrok735
igrok735 collected $0.05 from pot
igrok735: doesn't show hand 
*** SUMMARY ***
Total pot $0.05 | Rake $0 
Seat 1: iNteldrive folded before Flop (didn't bet)
Seat 2: hamchik_md folded before Flop (didn't bet)
Seat 3: Dorex2007 folded before Flop (didn't bet)
Seat 4: whambrown (button) folded before Flop (didn't bet)
Seat 5: slazh7 (small blind) folded before Flop
Seat 6: A.DOD4 (big blind) folded before Flop
Seat 7: igrok735 collected ($0.05)
Seat 8: BR00RB folded before Flop (didn't bet)
Seat 9: wstway folded before Flop (didn't bet)



PokerStars Hand #232789985732:  Hold'em No Limit ($0.01/$0.02 USD) - 2022/01/03 13:45:39 PT [2022/01/03 16:45:39 ET]
Table 'Gudrun IV' 9-max Seat #5 is the button
Seat 1: iNteldrive ($4.74 in chips) 
Seat 2: hamchik_md ($3.33 in chips) 
Seat 3: Dorex2007 ($3.45 in chips) 
Seat 4: whambrown ($1.96 in chips) 
Seat 5: slazh7 ($0.95 in chips) 
Seat 6: A.DOD4 ($2.10 in chips) 
Seat 7: igrok735 ($2 in chips) 
Seat 8: BR00RB ($1.70 in chips) 
Seat 9: wstway ($2.44 in chips) 
A.DOD4: posts small blind $0.01
igrok735: posts big blind $0.02
*** HOLE CARDS ***
Dealt to Dorex2007 [2d 4s]
BR00RB: folds 
wstway has timed out
wstway: folds 
iNteldrive: folds 
hamchik_md: folds 
Dorex2007: folds 
whambrown: raises $0.04 to $0.06
slazh7: calls $0.06
A.DOD4: calls $0.05
igrok735: folds 
*** FLOP *** [Td 9c 5h]
A.DOD4: checks 
whambrown: bets $0.06
slazh7: folds 
A.DOD4: calls $0.06
*** TURN *** [Td 9c 5h] [8h]
A.DOD4: checks 
whambrown: bets $0.22
A.DOD4: calls $0.22
*** RIVER *** [Td 9c 5h 8h] [Jh]
A.DOD4: checks 
whambrown: checks 
*** SHOW DOWN ***
A.DOD4: shows [Tc Kh] (a pair of Tens)
whambrown: shows [9s 9d] (three of a kind, Nines)
whambrown collected $0.73 from pot
*** SUMMARY ***
Total pot $0.76 | Rake $0.03 
Board [Td 9c 5h 8h Jh]
Seat 1: iNteldrive folded before Flop (didn't bet)
Seat 2: hamchik_md folded before Flop (didn't bet)
Seat 3: Dorex2007 folded before Flop (didn't bet)
Seat 4: whambrown showed [9s 9d] and won ($0.73) with three of a kind, Nines
Seat 5: slazh7 (button) folded on the Flop
Seat 6: A.DOD4 (small blind) showed [Tc Kh] and lost with a pair of Tens
Seat 7: igrok735 (big blind) folded before Flop
Seat 8: BR00RB folded before Flop (didn't bet)
Seat 9: wstway folded before Flop (didn't bet)



PokerStars Hand #232790036095:  Hold'em No Limit ($0.01/$0.02 USD) - 2022/01/03 13:46:47 PT [2022/01/03 16:46:47 ET]
Table 'Gudrun IV' 9-max Seat #6 is the button
Seat 1: iNteldrive ($4.74 in chips) 
Seat 2: hamchik_md ($3.33 in chips) 
Seat 3: Dorex2007 ($3.45 in chips) 
Seat 4: whambrown ($2.35 in chips) 
Seat 5: slazh7 ($0.89 in chips) 
Seat 6: A.DOD4 ($1.76 in chips) 
Seat 7: igrok735 ($1.98 in chips) 
Seat 9: wstway ($2.44 in chips) 
igrok735: posts small blind $0.01
BR00RB: is sitting out 
wstway: posts big blind $0.02
*** HOLE CARDS ***
Dealt to Dorex2007 [2h 8c]
iNteldrive: folds 
hamchik_md: folds 
Dorex2007: folds 
whambrown: folds 
slazh7: folds 
A.DOD4: folds 
igrok735: folds 
Uncalled bet ($0.01) returned to wstway
wstway collected $0.02 from pot
*** SUMMARY ***
Total pot $0.02 | Rake $0 
Seat 1: iNteldrive folded before Flop (didn't bet)
Seat 2: hamchik_md folded before Flop (didn't bet)
Seat 3: Dorex2007 folded before Flop (didn't bet)
Seat 4: whambrown folded before Flop (didn't bet)
Seat 5: slazh7 folded before Flop (didn't bet)
Seat 6: A.DOD4 (button) folded before Flop (didn't bet)
Seat 7: igrok735 (small blind) folded before Flop
Seat 9: wstway (big blind) collected ($0.02)



PokerStars Hand #232790046764:  Hold'em No Limit ($0.01/$0.02 USD) - 2022/01/03 13:47:04 PT [2022/01/03 16:47:04 ET]
Table 'Gudrun IV' 9-max Seat #7 is the button
Seat 1: iNteldrive ($4.74 in chips) 
Seat 2: hamchik_md ($3.33 in chips) 
Seat 3: Dorex2007 ($3.45 in chips) 
Seat 4: whambrown ($2.35 in chips) 
Seat 5: slazh7 ($0.89 in chips) 
Seat 6: A.DOD4 ($1.76 in chips) 
Seat 7: igrok735 ($1.97 in chips) 
Seat 9: wstway ($2.45 in chips) 
wstway: posts small blind $0.01
iNteldrive: posts big blind $0.02
*** HOLE CARDS ***
Dealt to Dorex2007 [Jd 9h]
hamchik_md: folds 
Dorex2007: folds 
whambrown: folds 
slazh7: calls $0.02
A.DOD4: folds 
igrok735: calls $0.02
wstway: calls $0.01
iNteldrive: checks 
*** FLOP *** [Ac 2c 2d]
wstway: checks 
iNteldrive: bets $0.04
slazh7: calls $0.04
igrok735: folds 
wstway: folds 
*** TURN *** [Ac 2c 2d] [8s]
iNteldrive: checks 
slazh7: bets $0.18
iNteldrive: folds 
Uncalled bet ($0.18) returned to slazh7
slazh7 collected $0.15 from pot
slazh7: doesn't show hand 
*** SUMMARY ***
Total pot $0.16 | Rake $0.01 
Board [Ac 2c 2d 8s]
Seat 1: iNteldrive (big blind) folded on the Turn
Seat 2: hamchik_md folded before Flop (didn't bet)
Seat 3: Dorex2007 folded before Flop (didn't bet)
Seat 4: whambrown folded before Flop (didn't bet)
Seat 5: slazh7 collected ($0.15)
Seat 6: A.DOD4 folded before Flop (didn't bet)
Seat 7: igrok735 (button) folded on the Flop
Seat 9: wstway (small blind) folded on the Flop



PokerStars Hand #232790077126:  Hold'em No Limit ($0.01/$0.02 USD) - 2022/01/03 13:47:52 PT [2022/01/03 16:47:52 ET]
Table 'Gudrun IV' 9-max Seat #9 is the button
Seat 1: iNteldrive ($4.68 in chips) 
Seat 2: hamchik_md ($3.33 in chips) 
Seat 3: Dorex2007 ($3.45 in chips) 
Seat 4: whambrown ($2.35 in chips) 
Seat 5: slazh7 ($0.98 in chips) 
Seat 6: A.DOD4 ($1.76 in chips) 
Seat 7: igrok735 ($1.95 in chips) 
Seat 8: BR00RB ($1.70 in chips) 
Seat 9: wstway ($2.43 in chips) 
iNteldrive: posts small blind $0.01
hamchik_md: posts big blind $0.02
BR00RB: posts small & big blinds $0.03
*** HOLE CARDS ***
Dealt to Dorex2007 [4d As]
Dorex2007: folds 
whambrown: folds 
slazh7: folds 
A.DOD4: folds 
igrok735: folds 
BR00RB: raises $0.02 to $0.04
wstway: calls $0.04
iNteldrive: folds 
hamchik_md: calls $0.02
*** FLOP *** [Jd 2d 3d]
hamchik_md: checks 
BR00RB: bets $0.02
wstway: raises $0.18 to $0.20
hamchik_md: folds 
BR00RB: calls $0.18
*** TURN *** [Jd 2d 3d] [8h]
BR00RB: checks 
wstway: bets $0.30
BR00RB: raises $0.56 to $0.86
wstway: calls $0.56
*** RIVER *** [Jd 2d 3d 8h] [Th]
BR00RB: bets $0.57
wstway: calls $0.57
*** SHOW DOWN ***
BR00RB: shows [Qd Kd] (a flush, King high)
wstway: shows [7d Ad] (a flush, Ace high)
wstway collected $3.28 from pot
*** SUMMARY ***
Total pot $3.40 | Rake $0.12 
Board [Jd 2d 3d 8h Th]
Seat 1: iNteldrive (small blind) folded before Flop
Seat 2: hamchik_md (big blind) folded on the Flop
Seat 3: Dorex2007 folded before Flop (didn't bet)
Seat 4: whambrown folded before Flop (didn't bet)
Seat 5: slazh7 folded before Flop (didn't bet)
Seat 6: A.DOD4 folded before Flop (didn't bet)
Seat 7: igrok735 folded before Flop (didn't bet)
Seat 8: BR00RB showed [Qd Kd] and lost with a flush, King high
Seat 9: wstway (button) showed [7d Ad] and won ($3.28) with a flush, Ace high



PokerStars Hand #232790124525:  Hold'em No Limit ($0.01/$0.02 USD) - 2022/01/03 13:49:06 PT [2022/01/03 16:49:06 ET]
Table 'Gudrun IV' 9-max Seat #1 is the button
Seat 1: iNteldrive ($4.67 in chips) 
Seat 2: hamchik_md ($3.29 in chips) 
Seat 3: Dorex2007 ($3.45 in chips) 
Seat 4: whambrown ($2.35 in chips) 
Seat 5: slazh7 ($0.98 in chips) 
Seat 6: A.DOD4 ($1.76 in chips) 
Seat 7: igrok735 ($1.95 in chips) 
Seat 8: BR00RB ($0.02 in chips) 
Seat 9: wstway ($4.04 in chips) 
hamchik_md: posts small blind $0.01
Dorex2007: posts big blind $0.02
*** HOLE CARDS ***
Dealt to Dorex2007 [Qh 6s]
whambrown: folds 
slazh7: folds 
A.DOD4: folds 
igrok735: calls $0.02
BR00RB has timed out
BR00RB: folds 
wstway: folds 
iNteldrive: folds 
hamchik_md: calls $0.01
Dorex2007: checks 
*** FLOP *** [2h Qd Th]
hamchik_md: checks 
Dorex2007: bets $0.06
igrok735: calls $0.06
hamchik_md: folds 
*** TURN *** [2h Qd Th] [3s]
Dorex2007: checks 
igrok735: checks 
*** RIVER *** [2h Qd Th 3s] [3d]
Dorex2007: bets $0.09
igrok735: folds 
Uncalled bet ($0.09) returned to Dorex2007
Dorex2007 collected $0.17 from pot
Dorex2007: doesn't show hand 
*** SUMMARY ***
Total pot $0.18 | Rake $0.01 
Board [2h Qd Th 3s 3d]
Seat 1: iNteldrive (button) folded before Flop (didn't bet)
Seat 2: hamchik_md (small blind) folded on the Flop
Seat 3: Dorex2007 (big blind) collected ($0.17)
Seat 4: whambrown folded before Flop (didn't bet)
Seat 5: slazh7 folded before Flop (didn't bet)
Seat 6: A.DOD4 folded before Flop (didn't bet)
Seat 7: igrok735 folded on the River
Seat 8: BR00RB folded before Flop (didn't bet)
Seat 9: wstway folded before Flop (didn't bet)



PokerStars Hand #232790172986:  Hold'em No Limit ($0.01/$0.02 USD) - 2022/01/03 13:50:21 PT [2022/01/03 16:50:21 ET]
Table 'Gudrun IV' 9-max Seat #2 is the button
Seat 1: iNteldrive ($4.67 in chips) 
Seat 2: hamchik_md ($3.27 in chips) 
Seat 3: Dorex2007 ($3.54 in chips) 
Seat 4: whambrown ($2.35 in chips) 
Seat 5: slazh7 ($0.98 in chips) 
Seat 6: A.DOD4 ($1.76 in chips) 
Seat 7: igrok735 ($1.87 in chips) 
Seat 8: BR00RB ($0.02 in chips) 
Seat 9: wstway ($4.04 in chips) 
Dorex2007: posts small blind $0.01
whambrown: posts big blind $0.02
*** HOLE CARDS ***
Dealt to Dorex2007 [Kd 3h]
slazh7: folds 
A.DOD4: folds 
igrok735: folds 
BR00RB: folds 
wstway: folds 
iNteldrive: folds 
hamchik_md: folds 
Dorex2007: folds 
Uncalled bet ($0.01) returned to whambrown
whambrown collected $0.02 from pot
whambrown: doesn't show hand 
*** SUMMARY ***
Total pot $0.02 | Rake $0 
Seat 1: iNteldrive folded before Flop (didn't bet)
Seat 2: hamchik_md (button) folded before Flop (didn't bet)
Seat 3: Dorex2007 (small blind) folded before Flop
Seat 4: whambrown (big blind) collected ($0.02)
Seat 5: slazh7 folded before Flop (didn't bet)
Seat 6: A.DOD4 folded before Flop (didn't bet)
Seat 7: igrok735 folded before Flop (didn't bet)
Seat 8: BR00RB folded before Flop (didn't bet)
Seat 9: wstway folded before Flop (didn't bet)



PokerStars Hand #232790188713:  Hold'em No Limit ($0.01/$0.02 USD) - 2022/01/03 13:50:46 PT [2022/01/03 16:50:46 ET]
Table 'Gudrun IV' 9-max Seat #3 is the button
Seat 1: iNteldrive ($4.67 in chips) 
Seat 2: hamchik_md ($3.27 in chips) 
Seat 3: Dorex2007 ($3.53 in chips) 
Seat 4: whambrown ($2.36 in chips) 
Seat 5: slazh7 ($0.98 in chips) 
Seat 6: A.DOD4 ($1.76 in chips) 
Seat 7: igrok735 ($1.87 in chips) 
Seat 8: BR00RB ($0.02 in chips) 
Seat 9: wstway ($4.04 in chips) 
whambrown: posts small blind $0.01
slazh7: posts big blind $0.02
*** HOLE CARDS ***
Dealt to Dorex2007 [As 3d]
A.DOD4: raises $0.08 to $0.10
igrok735: folds 
BR00RB: calls $0.02 and is all-in
wstway: calls $0.10
iNteldrive: folds 
hamchik_md: folds 
Dorex2007: folds 
whambrown: folds 
slazh7: folds 
*** FLOP *** [Qd 2s Kd]
A.DOD4: checks 
wstway: checks 
*** TURN *** [Qd 2s Kd] [6h]
A.DOD4: checks 
wstway: checks 
*** RIVER *** [Qd 2s Kd 6h] [Qs]
A.DOD4: checks 
wstway: checks 
*** SHOW DOWN ***
A.DOD4: shows [Ad Js] (a pair of Queens)
wstway: shows [Jd 9d] (a pair of Queens - lower kicker)
A.DOD4 collected $0.15 from side pot
BR00RB: mucks hand 
A.DOD4 collected $0.09 from main pot
*** SUMMARY ***
Total pot $0.25 Main pot $0.09. Side pot $0.15. | Rake $0.01 
Board [Qd 2s Kd 6h Qs]
Seat 1: iNteldrive folded before Flop (didn't bet)
Seat 2: hamchik_md folded before Flop (didn't bet)
Seat 3: Dorex2007 (button) folded before Flop (didn't bet)
Seat 4: whambrown (small blind) folded before Flop
Seat 5: slazh7 (big blind) folded before Flop
Seat 6: A.DOD4 showed [Ad Js] and won ($0.24) with a pair of Queens
Seat 7: igrok735 folded before Flop (didn't bet)
Seat 8: BR00RB mucked [4h 9h]
Seat 9: wstway showed [Jd 9d] and lost with a pair of Queens



PokerStars Hand #232790213965:  Hold'em No Limit ($0.01/$0.02 USD) - 2022/01/03 13:51:26 PT [2022/01/03 16:51:26 ET]
Table 'Gudrun IV' 9-max Seat #4 is the button
Seat 1: iNteldrive ($4.67 in chips) 
Seat 2: hamchik_md ($3.27 in chips) 
Seat 3: Dorex2007 ($3.53 in chips) 
Seat 4: whambrown ($2.35 in chips) 
Seat 5: slazh7 ($0.96 in chips) 
Seat 6: A.DOD4 ($1.90 in chips) 
Seat 7: igrok735 ($1.87 in chips) 
Seat 9: wstway ($3.94 in chips) 
slazh7: posts small blind $0.01
A.DOD4: posts big blind $0.02
*** HOLE CARDS ***
Dealt to Dorex2007 [2c Ah]
igrok735: folds 
wstway: calls $0.02
iNteldrive: folds 
hamchik_md: folds 
Dorex2007: folds 
whambrown: folds 
slazh7: folds 
A.DOD4: checks 
*** FLOP *** [3c Qc 7d]
A.DOD4: checks 
wstway: bets $0.05
A.DOD4: folds 
Uncalled bet ($0.05) returned to wstway
wstway collected $0.05 from pot
*** SUMMARY ***
Total pot $0.05 | Rake $0 
Board [3c Qc 7d]
Seat 1: iNteldrive folded before Flop (didn't bet)
Seat 2: hamchik_md folded before Flop (didn't bet)
Seat 3: Dorex2007 folded before Flop (didn't bet)
Seat 4: whambrown (button) folded before Flop (didn't bet)
Seat 5: slazh7 (small blind) folded before Flop
Seat 6: A.DOD4 (big blind) folded on the Flop
Seat 7: igrok735 folded before Flop (didn't bet)
Seat 9: wstway collected ($0.05)



PokerStars Hand #232790232909:  Hold'em No Limit ($0.01/$0.02 USD) - 2022/01/03 13:51:56 PT [2022/01/03 16:51:56 ET]
Table 'Gudrun IV' 9-max Seat #5 is the button
Seat 1: iNteldrive ($4.67 in chips) 
Seat 2: hamchik_md ($3.27 in chips) 
Seat 3: Dorex2007 ($3.53 in chips) 
Seat 4: whambrown ($2.35 in chips) 
Seat 5: slazh7 ($0.95 in chips) 
Seat 6: A.DOD4 ($1.88 in chips) 
Seat 7: igrok735 ($1.87 in chips) 
Seat 9: wstway ($3.97 in chips) 
A.DOD4: posts small blind $0.01
igrok735: posts big blind $0.02
*** HOLE CARDS ***
Dealt to Dorex2007 [Qd 6s]
wstway: calls $0.02
iNteldrive: raises $0.04 to $0.06
hamchik_md: folds 
Dorex2007: folds 
whambrown: folds 
slazh7: calls $0.06
A.DOD4: folds 
igrok735: folds 
wstway: calls $0.04
*** FLOP *** [7d Qh 5d]
A.DOD4 leaves the table
wstway: checks 
iNteldrive: checks 
slazh7: checks 
*** TURN *** [7d Qh 5d] [Kh]
wstway: checks 
iNteldrive: checks 
slazh7: checks 
*** RIVER *** [7d Qh 5d Kh] [Jc]
wstway: checks 
iNteldrive: checks 
slazh7: checks 
*** SHOW DOWN ***
wstway: shows [2d 3d] (high card King)
iNteldrive: shows [8h 8c] (a pair of Eights)
slazh7: mucks hand 
iNteldrive collected $0.20 from pot
*** SUMMARY ***
Total pot $0.21 | Rake $0.01 
Board [7d Qh 5d Kh Jc]
Seat 1: iNteldrive showed [8h 8c] and won ($0.20) with a pair of Eights
Seat 2: hamchik_md folded before Flop (didn't bet)
Seat 3: Dorex2007 folded before Flop (didn't bet)
Seat 4: whambrown folded before Flop (didn't bet)
Seat 5: slazh7 (button) mucked [Ac 4s]
Seat 6: A.DOD4 (small blind) folded before Flop
Seat 7: igrok735 (big blind) folded before Flop
Seat 9: wstway showed [2d 3d] and lost with high card King



PokerStars Hand #232790268403:  Hold'em No Limit ($0.01/$0.02 USD) - 2022/01/03 13:52:52 PT [2022/01/03 16:52:52 ET]
Table 'Gudrun IV' 9-max Seat #7 is the button
Seat 1: iNteldrive ($4.81 in chips) 
Seat 2: hamchik_md ($3.27 in chips) 
Seat 3: Dorex2007 ($3.53 in chips) 
Seat 4: whambrown ($2.35 in chips) 
Seat 5: slazh7 ($0.89 in chips) 
Seat 7: igrok735 ($1.85 in chips) 
Seat 8: BR00RB ($0.80 in chips) 
Seat 9: wstway ($3.91 in chips) 
BR00RB: posts small blind $0.01
wstway: posts big blind $0.02
*** HOLE CARDS ***
Dealt to Dorex2007 [5c As]
iNteldrive: folds 
hamchik_md: raises $0.04 to $0.06
Dorex2007: folds 
whambrown: folds 
slazh7: folds 
igrok735: folds 
BR00RB: folds 
wstway: folds 
Uncalled bet ($0.04) returned to hamchik_md
hamchik_md collected $0.05 from pot
hamchik_md: doesn't show hand 
*** SUMMARY ***
Total pot $0.05 | Rake $0 
Seat 1: iNteldrive folded before Flop (didn't bet)
Seat 2: hamchik_md collected ($0.05)
Seat 3: Dorex2007 folded before Flop (didn't bet)
Seat 4: whambrown folded before Flop (didn't bet)
Seat 5: slazh7 folded before Flop (didn't bet)
Seat 7: igrok735 (button) folded before Flop (didn't bet)
Seat 8: BR00RB (small blind) folded before Flop
Seat 9: wstway (big blind) folded before Flop



PokerStars Hand #232790285552:  Hold'em No Limit ($0.01/$0.02 USD) - 2022/01/03 13:53:19 PT [2022/01/03 16:53:19 ET]
Table 'Gudrun IV' 9-max Seat #8 is the button
Seat 1: iNteldrive ($4.81 in chips) 
Seat 2: hamchik_md ($3.30 in chips) 
Seat 3: Dorex2007 ($3.53 in chips) 
Seat 4: whambrown ($2.35 in chips) 
Seat 5: slazh7 ($0.89 in chips) 
Seat 7: igrok735 ($1.85 in chips) 
Seat 8: BR00RB ($0.79 in chips) 
Seat 9: wstway ($3.89 in chips) 
wstway: posts small blind $0.01
iNteldrive: posts big blind $0.02
*** HOLE CARDS ***
Dealt to Dorex2007 [As 3s]
hamchik_md: folds 
Dorex2007: folds 
whambrown: raises $0.04 to $0.06
slazh7: folds 
igrok735: folds 
BR00RB: calls $0.06
wstway: calls $0.05
iNteldrive: calls $0.04
*** FLOP *** [4d 3h 9s]
wstway: checks 
iNteldrive: bets $0.10
whambrown: calls $0.10
BR00RB: folds 
wstway: calls $0.10
*** TURN *** [4d 3h 9s] [6h]
wstway: checks 
iNteldrive: bets $0.23
whambrown: folds 
wstway: calls $0.23
*** RIVER *** [4d 3h 9s 6h] [2s]
Guerrier01 joins the table at seat #6 
wstway: checks 
iNteldrive: bets $0.43
wstway: calls $0.43
*** SHOW DOWN ***
iNteldrive: shows [6d 9d] (two pair, Nines and Sixes)
wstway: mucks hand 
iNteldrive collected $1.79 from pot
*** SUMMARY ***
Total pot $1.86 | Rake $0.07 
Board [4d 3h 9s 6h 2s]
Seat 1: iNteldrive (big blind) showed [6d 9d] and won ($1.79) with two pair, Nines and Sixes
Seat 2: hamchik_md folded before Flop (didn't bet)
Seat 3: Dorex2007 folded before Flop (didn't bet)
Seat 4: whambrown folded on the Turn
Seat 5: slazh7 folded before Flop (didn't bet)
Seat 7: igrok735 folded before Flop (didn't bet)
Seat 8: BR00RB (button) folded on the Flop
Seat 9: wstway (small blind) mucked [9h Th]



PokerStars Hand #232790327118:  Hold'em No Limit ($0.01/$0.02 USD) - 2022/01/03 13:54:19 PT [2022/01/03 16:54:19 ET]
Table 'Gudrun IV' 9-max Seat #9 is the button
Seat 1: iNteldrive ($5.78 in chips) 
Seat 2: hamchik_md ($3.30 in chips) 
Seat 3: Dorex2007 ($3.53 in chips) 
Seat 4: whambrown ($2.19 in chips) 
Seat 5: slazh7 ($0.89 in chips) 
Seat 7: igrok735 ($1.85 in chips) 
Seat 8: BR00RB ($0.73 in chips) 
Seat 9: wstway ($3.07 in chips) 
iNteldrive: posts small blind $0.01
hamchik_md: posts big blind $0.02
Guerrier01: sits out 
*** HOLE CARDS ***
Dealt to Dorex2007 [3s Ac]
Dorex2007: folds 
whambrown: folds 
slazh7: folds 
igrok735: folds 
BR00RB: folds 
wstway: calls $0.02
iNteldrive: folds 
hamchik_md: checks 
*** FLOP *** [8s 3c Kh]
hamchik_md: checks 
wstway: checks 
*** TURN *** [8s 3c Kh] [8c]
hamchik_md: checks 
wstway: checks 
*** RIVER *** [8s 3c Kh 8c] [Js]
hamchik_md: bets $0.03
wstway: folds 
Uncalled bet ($0.03) returned to hamchik_md
hamchik_md collected $0.05 from pot
hamchik_md: doesn't show hand 
*** SUMMARY ***
Total pot $0.05 | Rake $0 
Board [8s 3c Kh 8c Js]
Seat 1: iNteldrive (small blind) folded before Flop
Seat 2: hamchik_md (big blind) collected ($0.05)
Seat 3: Dorex2007 folded before Flop (didn't bet)
Seat 4: whambrown folded before Flop (didn't bet)
Seat 5: slazh7 folded before Flop (didn't bet)
Seat 7: igrok735 folded before Flop (didn't bet)
Seat 8: BR00RB folded before Flop (didn't bet)
Seat 9: wstway (button) folded on the River



PokerStars Hand #232790344055:  Hold'em No Limit ($0.01/$0.02 USD) - 2022/01/03 13:54:46 PT [2022/01/03 16:54:46 ET]
Table 'Gudrun IV' 9-max Seat #1 is the button
Seat 1: iNteldrive ($5.77 in chips) 
Seat 2: hamchik_md ($3.33 in chips) 
Seat 3: Dorex2007 ($3.53 in chips) 
Seat 4: whambrown ($2.19 in chips) 
Seat 5: slazh7 ($0.89 in chips) 
Seat 6: Guerrier01 ($1.60 in chips) 
Seat 7: igrok735 ($1.85 in chips) 
Seat 8: BR00RB ($0.73 in chips) 
Seat 9: wstway ($3.05 in chips) 
hamchik_md: posts small blind $0.01
Dorex2007: posts big blind $0.02
Guerrier01: posts big blind $0.02
*** HOLE CARDS ***
Dealt to Dorex2007 [4h 3d]
whambrown: folds 
slazh7: folds 
Guerrier01: checks 
igrok735: folds 
BR00RB: folds 
wstway: folds 
iNteldrive: raises $0.04 to $0.06
hamchik_md: folds 
Dorex2007: folds 
Guerrier01: folds 
Uncalled bet ($0.04) returned to iNteldrive
iNteldrive collected $0.07 from pot
*** SUMMARY ***
Total pot $0.07 | Rake $0 
Seat 1: iNteldrive (button) collected ($0.07)
Seat 2: hamchik_md (small blind) folded before Flop
Seat 3: Dorex2007 (big blind) folded before Flop
Seat 4: whambrown folded before Flop (didn't bet)
Seat 5: slazh7 folded before Flop (didn't bet)
Seat 6: Guerrier01 folded before Flop (didn't bet)
Seat 7: igrok735 folded before Flop (didn't bet)
Seat 8: BR00RB folded before Flop (didn't bet)
Seat 9: wstway folded before Flop (didn't bet)



PokerStars Hand #232790357741:  Hold'em No Limit ($0.01/$0.02 USD) - 2022/01/03 13:55:10 PT [2022/01/03 16:55:10 ET]
Table 'Gudrun IV' 9-max Seat #2 is the button
Seat 1: iNteldrive ($5.82 in chips) 
Seat 2: hamchik_md ($3.32 in chips) 
Seat 3: Dorex2007 ($3.51 in chips) 
Seat 4: whambrown ($2.19 in chips) 
Seat 5: slazh7 ($0.89 in chips) 
Seat 6: Guerrier01 ($1.58 in chips) 
Seat 7: igrok735 ($1.85 in chips) 
Seat 8: BR00RB ($0.73 in chips) 
Seat 9: wstway ($3.05 in chips) 
Dorex2007: posts small blind $0.01
whambrown: posts big blind $0.02
*** HOLE CARDS ***
Dealt to Dorex2007 [Tc 5d]
slazh7: calls $0.02
Guerrier01: calls $0.02
igrok735: folds 
BR00RB: folds 
wstway: folds 
iNteldrive: folds 
hamchik_md: folds 
Dorex2007: folds 
whambrown: checks 
*** FLOP *** [Qc 3d 9h]
whambrown: checks 
slazh7: checks 
Guerrier01: bets $0.03
whambrown: folds 
slazh7: calls $0.03
*** TURN *** [Qc 3d 9h] [Td]
slazh7: checks 
Guerrier01: checks 
*** RIVER *** [Qc 3d 9h Td] [Ah]
slazh7: bets $0.06
Guerrier01: folds 
Uncalled bet ($0.06) returned to slazh7
slazh7 collected $0.13 from pot
slazh7: doesn't show hand 
*** SUMMARY ***
Total pot $0.13 | Rake $0 
Board [Qc 3d 9h Td Ah]
Seat 1: iNteldrive folded before Flop (didn't bet)
Seat 2: hamchik_md (button) folded before Flop (didn't bet)
Seat 3: Dorex2007 (small blind) folded before Flop
Seat 4: whambrown (big blind) folded on the Flop
Seat 5: slazh7 collected ($0.13)
Seat 6: Guerrier01 folded on the River
Seat 7: igrok735 folded before Flop (didn't bet)
Seat 8: BR00RB folded before Flop (didn't bet)
Seat 9: wstway folded before Flop (didn't bet)



PokerStars Hand #232790384135:  Hold'em No Limit ($0.01/$0.02 USD) - 2022/01/03 13:56:12 PT [2022/01/03 16:56:12 ET]
Table 'Gudrun IV' 9-max Seat #3 is the button
Seat 1: iNteldrive ($5.82 in chips) 
Seat 2: hamchik_md ($3.32 in chips) 
Seat 3: Dorex2007 ($3.50 in chips) 
Seat 4: whambrown ($2.17 in chips) 
Seat 5: slazh7 ($0.97 in chips) 
Seat 6: Guerrier01 ($1.53 in chips) 
Seat 7: igrok735 ($1.85 in chips) 
Seat 8: BR00RB ($0.73 in chips) 
Seat 9: wstway ($3.05 in chips) 
whambrown: posts small blind $0.01
slazh7: posts big blind $0.02
*** HOLE CARDS ***
Dealt to Dorex2007 [6s 3s]
Guerrier01 has timed out
Guerrier01: folds 
igrok735: folds 
BR00RB: folds 
wstway: folds 
iNteldrive: raises $0.04 to $0.06
hamchik_md: folds 
Dorex2007: folds 
whambrown: folds 
slazh7: calls $0.04
*** FLOP *** [Qd 4c 8c]
slazh7: checks 
iNteldrive: bets $0.06
slazh7: folds 
Uncalled bet ($0.06) returned to iNteldrive
iNteldrive collected $0.13 from pot
*** SUMMARY ***
Total pot $0.13 | Rake $0 
Board [Qd 4c 8c]
Seat 1: iNteldrive collected ($0.13)
Seat 2: hamchik_md folded before Flop (didn't bet)
Seat 3: Dorex2007 (button) folded before Flop (didn't bet)
Seat 4: whambrown (small blind) folded before Flop
Seat 5: slazh7 (big blind) folded on the Flop
Seat 6: Guerrier01 folded before Flop (didn't bet)
Seat 7: igrok735 folded before Flop (didn't bet)
Seat 8: BR00RB folded before Flop (didn't bet)
Seat 9: wstway folded before Flop (didn't bet)



PokerStars Hand #232790398511:  Hold'em No Limit ($0.01/$0.02 USD) - 2022/01/03 13:56:45 PT [2022/01/03 16:56:45 ET]
Table 'Gudrun IV' 9-max Seat #4 is the button
Seat 1: iNteldrive ($5.89 in chips) 
Seat 3: Dorex2007 ($3.50 in chips) 
Seat 4: whambrown ($2.16 in chips) 
Seat 5: slazh7 ($0.91 in chips) 
Seat 6: Guerrier01 ($1.53 in chips) 
Seat 7: igrok735 ($1.85 in chips) 
Seat 8: BR00RB ($0.73 in chips) 
Seat 9: wstway ($3.05 in chips) 
slazh7: posts small blind $0.01
Guerrier01: posts big blind $0.02
*** HOLE CARDS ***
Dealt to Dorex2007 [Th 5c]
igrok735: folds 
BR00RB: calls $0.02
wstway: calls $0.02
iNteldrive: folds 
Dorex2007: folds 
whambrown: raises $0.06 to $0.08
slazh7: folds 
Guerrier01: folds 
BR00RB: folds 
wstway: calls $0.06
*** FLOP *** [6s 8h 2d]
wstway: checks 
whambrown: bets $0.08
wstway: folds 
Uncalled bet ($0.08) returned to whambrown
whambrown collected $0.20 from pot
whambrown: doesn't show hand 
*** SUMMARY ***
Total pot $0.21 | Rake $0.01 
Board [6s 8h 2d]
Seat 1: iNteldrive folded before Flop (didn't bet)
Seat 3: Dorex2007 folded before Flop (didn't bet)
Seat 4: whambrown (button) collected ($0.20)
Seat 5: slazh7 (small blind) folded before Flop
Seat 6: Guerrier01 (big blind) folded before Flop
Seat 7: igrok735 folded before Flop (didn't bet)
Seat 8: BR00RB folded before Flop
Seat 9: wstway folded on the Flop



PokerStars Hand #232790419409:  Hold'em No Limit ($0.01/$0.02 USD) - 2022/01/03 13:57:33 PT [2022/01/03 16:57:33 ET]
Table 'Gudrun IV' 9-max Seat #5 is the button
Seat 1: iNteldrive ($5.89 in chips) 
Seat 3: Dorex2007 ($3.50 in chips) 
Seat 4: whambrown ($2.28 in chips) 
Seat 5: slazh7 ($0.90 in chips) 
Seat 6: Guerrier01 ($1.51 in chips) 
Seat 7: igrok735 ($1.85 in chips) 
Seat 8: BR00RB ($0.71 in chips) 
Seat 9: wstway ($2.97 in chips) 
Guerrier01: posts small blind $0.01
igrok735: posts big blind $0.02
*** HOLE CARDS ***
Dealt to Dorex2007 [7h 8c]
BR00RB: folds 
wstway: folds 
iNteldrive: raises $0.04 to $0.06
Dorex2007: folds 
whambrown: folds 
slazh7: calls $0.06
Guerrier01: folds 
igrok735: calls $0.04
*** FLOP *** [3s Ac Ks]
igrok735: checks 
iNteldrive: checks 
slazh7: bets $0.04
igrok735: calls $0.04
iNteldrive: calls $0.04
*** TURN *** [3s Ac Ks] [4d]
igrok735: checks 
iNteldrive: checks 
slazh7: bets $0.04
igrok735: raises $0.10 to $0.14
iNteldrive: calls $0.14
slazh7: folds 
*** RIVER *** [3s Ac Ks 4d] [Kd]
igrok735: bets $0.20
iNteldrive: folds [Qd Qc]
Uncalled bet ($0.20) returned to igrok735
igrok735 collected $0.61 from pot
igrok735: doesn't show hand 
*** SUMMARY ***
Total pot $0.63 | Rake $0.02 
Board [3s Ac Ks 4d Kd]
Seat 1: iNteldrive folded on the River
Seat 3: Dorex2007 folded before Flop (didn't bet)
Seat 4: whambrown folded before Flop (didn't bet)
Seat 5: slazh7 (button) folded on the Turn
Seat 6: Guerrier01 (small blind) folded before Flop
Seat 7: igrok735 (big blind) collected ($0.61)
Seat 8: BR00RB folded before Flop (didn't bet)
Seat 9: wstway folded before Flop (didn't bet)



PokerStars Hand #232790465019:  Hold'em No Limit ($0.01/$0.02 USD) - 2022/01/03 13:59:18 PT [2022/01/03 16:59:18 ET]
Table 'Gudrun IV' 9-max Seat #6 is the button
Seat 1: iNteldrive ($5.65 in chips) 
Seat 3: Dorex2007 ($3.50 in chips) 
Seat 4: whambrown ($2.28 in chips) 
Seat 5: slazh7 ($0.76 in chips) 
Seat 6: Guerrier01 ($1.50 in chips) 
Seat 7: igrok735 ($2.22 in chips) 
Seat 8: BR00RB ($0.71 in chips) 
Seat 9: wstway ($2.97 in chips) 
igrok735: posts small blind $0.01
BR00RB: posts big blind $0.02
*** HOLE CARDS ***
Dealt to Dorex2007 [4s 2d]
wstway: folds 
iNteldrive: folds 
Dorex2007: folds 
iNteldrive said, "nh"
whambrown: folds 
slazh7: folds 
Guerrier01: folds 
igrok735: calls $0.01
BR00RB: checks 
*** FLOP *** [2c 9d Kd]
igrok735: checks 
BR00RB: checks 
*** TURN *** [2c 9d Kd] [Jh]
igrok735: bets $0.02
BR00RB: calls $0.02
*** RIVER *** [2c 9d Kd Jh] [As]
igrok735: checks 
BR00RB: checks 
*** SHOW DOWN ***
igrok735: shows [Js Qc] (a pair of Jacks)
BR00RB: mucks hand 
igrok735 collected $0.08 from pot
*** SUMMARY ***
Total pot $0.08 | Rake $0 
Board [2c 9d Kd Jh As]
Seat 1: iNteldrive folded before Flop (didn't bet)
Seat 3: Dorex2007 folded before Flop (didn't bet)
Seat 4: whambrown folded before Flop (didn't bet)
Seat 5: slazh7 folded before Flop (didn't bet)
Seat 6: Guerrier01 (button) folded before Flop (didn't bet)
Seat 7: igrok735 (small blind) showed [Js Qc] and won ($0.08) with a pair of Jacks
Seat 8: BR00RB (big blind) mucked [8s Qs]
Seat 9: wstway folded before Flop (didn't bet)



PokerStars Hand #232790488233:  Hold'em No Limit ($0.01/$0.02 USD) - 2022/01/03 14:00:11 PT [2022/01/03 17:00:11 ET]
Table 'Gudrun IV' 9-max Seat #7 is the button
Seat 1: iNteldrive ($5.65 in chips) 
Seat 3: Dorex2007 ($3.50 in chips) 
Seat 4: whambrown ($2.28 in chips) 
Seat 5: slazh7 ($0.76 in chips) 
Seat 6: Guerrier01 ($1.50 in chips) 
Seat 7: igrok735 ($2.26 in chips) 
Seat 8: BR00RB ($0.67 in chips) 
Seat 9: wstway ($2.97 in chips) 
BR00RB: posts small blind $0.01
wstway: posts big blind $0.02
*** HOLE CARDS ***
Dealt to Dorex2007 [5d Td]
iNteldrive: folds 
Dorex2007: folds 
whambrown: folds 
slazh7: folds 
Guerrier01: folds 
igrok735: folds 
BR00RB: calls $0.01
wstway: checks 
*** FLOP *** [3h 9s Qh]
BR00RB: bets $0.02
wstway: folds 
Uncalled bet ($0.02) returned to BR00RB
BR00RB collected $0.04 from pot
*** SUMMARY ***
Total pot $0.04 | Rake $0 
Board [3h 9s Qh]
Seat 1: iNteldrive folded before Flop (didn't bet)
Seat 3: Dorex2007 folded before Flop (didn't bet)
Seat 4: whambrown folded before Flop (didn't bet)
Seat 5: slazh7 folded before Flop (didn't bet)
Seat 6: Guerrier01 folded before Flop (didn't bet)
Seat 7: igrok735 (button) folded before Flop (didn't bet)
Seat 8: BR00RB (small blind) collected ($0.04)
Seat 9: wstway (big blind) folded on the Flop



PokerStars Hand #232790505466:  Hold'em No Limit ($0.01/$0.02 USD) - 2022/01/03 14:00:48 PT [2022/01/03 17:00:48 ET]
Table 'Gudrun IV' 9-max Seat #8 is the button
Seat 1: iNteldrive ($5.65 in chips) 
Seat 2: hamchik_md ($3.32 in chips) 
Seat 3: Dorex2007 ($3.50 in chips) 
Seat 4: whambrown ($2.28 in chips) 
Seat 5: slazh7 ($0.76 in chips) 
Seat 6: Guerrier01 ($1.50 in chips) 
Seat 7: igrok735 ($2.26 in chips) 
Seat 8: BR00RB ($0.69 in chips) 
Seat 9: wstway ($2.95 in chips) 
wstway: posts small blind $0.01
iNteldrive: posts big blind $0.02
*** HOLE CARDS ***
Dealt to Dorex2007 [6d 9s]
hamchik_md: folds 
Dorex2007: folds 
whambrown: raises $0.04 to $0.06
slazh7: folds 
Guerrier01: calls $0.06
igrok735: folds 
BR00RB: folds 
wstway: folds 
iNteldrive: calls $0.04
*** FLOP *** [2d 3s 4s]
iNteldrive: checks 
whambrown: bets $0.08
Guerrier01: calls $0.08
iNteldrive: folds 
*** TURN *** [2d 3s 4s] [2h]
whambrown: bets $0.16
Guerrier01: folds 
Uncalled bet ($0.16) returned to whambrown
whambrown collected $0.34 from pot
whambrown: doesn't show hand 
*** SUMMARY ***
Total pot $0.35 | Rake $0.01 
Board [2d 3s 4s 2h]
Seat 1: iNteldrive (big blind) folded on the Flop
Seat 2: hamchik_md folded before Flop (didn't bet)
Seat 3: Dorex2007 folded before Flop (didn't bet)
Seat 4: whambrown collected ($0.34)
Seat 5: slazh7 folded before Flop (didn't bet)
Seat 6: Guerrier01 folded on the Turn
Seat 7: igrok735 folded before Flop (didn't bet)
Seat 8: BR00RB (button) folded before Flop (didn't bet)
Seat 9: wstway (small blind) folded before Flop



PokerStars Hand #232790535203:  Hold'em No Limit ($0.01/$0.02 USD) - 2022/01/03 14:01:44 PT [2022/01/03 17:01:44 ET]
Table 'Gudrun IV' 9-max Seat #9 is the button
Seat 1: iNteldrive ($5.59 in chips) 
Seat 2: hamchik_md ($3.32 in chips) 
Seat 3: Dorex2007 ($3.50 in chips) 
Seat 4: whambrown ($2.48 in chips) 
Seat 5: slazh7 ($0.76 in chips) 
Seat 6: Guerrier01 ($1.36 in chips) 
Seat 7: igrok735 ($2.26 in chips) 
Seat 8: BR00RB ($0.69 in chips) 
Seat 9: wstway ($2.94 in chips) 
iNteldrive: posts small blind $0.01
hamchik_md: posts big blind $0.02
*** HOLE CARDS ***
Dealt to Dorex2007 [7c Js]
Dorex2007: folds 
whambrown: folds 
slazh7: folds 
Guerrier01: folds 
igrok735: folds 
BR00RB: folds 
wstway: calls $0.02
iNteldrive: calls $0.01
hamchik_md: checks 
*** FLOP *** [9d 7d Ah]
iNteldrive: checks 
hamchik_md: checks 
wstway: checks 
*** TURN *** [9d 7d Ah] [As]
iNteldrive: checks 
hamchik_md: checks 
wstway: checks 
*** RIVER *** [9d 7d Ah As] [Jh]
iNteldrive: checks 
hamchik_md: checks 
wstway: checks 
*** SHOW DOWN ***
iNteldrive: shows [3h 2h] (a pair of Aces)
hamchik_md: shows [4c Th] (a pair of Aces - Jack+Ten kicker)
wstway: shows [Qh Ts] (a pair of Aces - Queen kicker)
wstway collected $0.06 from pot
*** SUMMARY ***
Total pot $0.06 | Rake $0 
Board [9d 7d Ah As Jh]
Seat 1: iNteldrive (small blind) showed [3h 2h] and lost with a pair of Aces
Seat 2: hamchik_md (big blind) showed [4c Th] and lost with a pair of Aces
Seat 3: Dorex2007 folded before Flop (didn't bet)
Seat 4: whambrown folded before Flop (didn't bet)
Seat 5: slazh7 folded before Flop (didn't bet)
Seat 6: Guerrier01 folded before Flop (didn't bet)
Seat 7: igrok735 folded before Flop (didn't bet)
Seat 8: BR00RB folded before Flop (didn't bet)
Seat 9: wstway (button) showed [Qh Ts] and won ($0.06) with a pair of Aces



PokerStars Hand #232790563512:  Hold'em No Limit ($0.01/$0.02 USD) - 2022/01/03 14:02:31 PT [2022/01/03 17:02:31 ET]
Table 'Gudrun IV' 9-max Seat #1 is the button
Seat 1: iNteldrive ($5.57 in chips) 
Seat 2: hamchik_md ($3.30 in chips) 
Seat 3: Dorex2007 ($3.50 in chips) 
Seat 4: whambrown ($2.48 in chips) 
Seat 5: slazh7 ($0.76 in chips) 
Seat 6: Guerrier01 ($1.36 in chips) 
Seat 7: igrok735 ($2.26 in chips) 
Seat 8: BR00RB ($0.69 in chips) 
Seat 9: wstway ($2.98 in chips) 
hamchik_md: posts small blind $0.01
Dorex2007: posts big blind $0.02
*** HOLE CARDS ***
Dealt to Dorex2007 [5d 6c]
whambrown: folds 
slazh7: folds 
Guerrier01: folds 
igrok735: folds 
BR00RB: folds 
wstway: calls $0.02
iNteldrive: folds 
hamchik_md: folds 
Dorex2007: checks 
*** FLOP *** [Ks Ac 4h]
Dorex2007: checks 
wstway: checks 
*** TURN *** [Ks Ac 4h] [5c]
Dorex2007: checks 
wstway: checks 
*** RIVER *** [Ks Ac 4h 5c] [9s]
Dorex2007: checks 
wstway: checks 
*** SHOW DOWN ***
Dorex2007: shows [5d 6c] (a pair of Fives)
wstway: mucks hand 
Dorex2007 collected $0.05 from pot
*** SUMMARY ***
Total pot $0.05 | Rake $0 
Board [Ks Ac 4h 5c 9s]
Seat 1: iNteldrive (button) folded before Flop (didn't bet)
Seat 2: hamchik_md (small blind) folded before Flop
Seat 3: Dorex2007 (big blind) showed [5d 6c] and won ($0.05) with a pair of Fives
Seat 4: whambrown folded before Flop (didn't bet)
Seat 5: slazh7 folded before Flop (didn't bet)
Seat 6: Guerrier01 folded before Flop (didn't bet)
Seat 7: igrok735 folded before Flop (didn't bet)
Seat 8: BR00RB folded before Flop (didn't bet)
Seat 9: wstway mucked [8h Qc]



PokerStars Hand #232790595284:  Hold'em No Limit ($0.01/$0.02 USD) - 2022/01/03 14:03:23 PT [2022/01/03 17:03:23 ET]
Table 'Gudrun IV' 9-max Seat #2 is the button
Seat 1: iNteldrive ($5.57 in chips) 
Seat 2: hamchik_md ($3.29 in chips) 
Seat 3: Dorex2007 ($3.53 in chips) 
Seat 4: whambrown ($2.48 in chips) 
Seat 5: slazh7 ($0.76 in chips) 
Seat 6: Guerrier01 ($1.36 in chips) 
Seat 7: igrok735 ($2.26 in chips) 
Seat 8: BR00RB ($0.69 in chips) 
Seat 9: wstway ($2.96 in chips) 
Dorex2007: posts small blind $0.01
whambrown: posts big blind $0.02
*** HOLE CARDS ***
Dealt to Dorex2007 [Ad Th]
slazh7: folds 
Guerrier01: folds 
igrok735: folds 
BR00RB: raises $0.02 to $0.04
wstway: folds 
iNteldrive: folds 
hamchik_md: folds 
Dorex2007: calls $0.03
whambrown: folds 
*** FLOP *** [6d Tc 8h]
Dorex2007: checks 
BR00RB: checks 
*** TURN *** [6d Tc 8h] [9c]
Dorex2007: bets $0.07
BR00RB: calls $0.07
*** RIVER *** [6d Tc 8h 9c] [Ah]
Dorex2007: checks 
BR00RB: bets $0.27
whambrown leaves the table
Dorex2007: calls $0.27
*** SHOW DOWN ***
BR00RB: shows [Jc Ks] (high card Ace)
Dorex2007: shows [Ad Th] (two pair, Aces and Tens)
Dorex2007 collected $0.75 from pot
*** SUMMARY ***
Total pot $0.78 | Rake $0.03 
Board [6d Tc 8h 9c Ah]
Seat 1: iNteldrive folded before Flop (didn't bet)
Seat 2: hamchik_md (button) folded before Flop (didn't bet)
Seat 3: Dorex2007 (small blind) showed [Ad Th] and won ($0.75) with two pair, Aces and Tens
Seat 4: whambrown (big blind) folded before Flop
Seat 5: slazh7 folded before Flop (didn't bet)
Seat 6: Guerrier01 folded before Flop (didn't bet)
Seat 7: igrok735 folded before Flop (didn't bet)
Seat 8: BR00RB showed [Jc Ks] and lost with high card Ace
Seat 9: wstway folded before Flop (didn't bet)



