PokerStars Hand #237586916424:  Hold'em No Limit ($0.02/$0.05 USD) - 2022/07/25 15:19:07 PT [2022/07/25 18:19:07 ET]
Table 'Brabantia' 9-max Seat #9 is the button
Seat 1: _Stells666 ($5 in chips) 
Seat 2: revo_rush ($3.25 in chips) 
Seat 4: Marf1802 ($4.62 in chips) 
Seat 5: dabrainberli ($14.56 in chips) 
Seat 6: kylekx250 ($1.89 in chips) 
Seat 7: honzavegas123$ ($5.88 in chips) 
Seat 8: Dorex2007 ($5 in chips) 
Seat 9: morlockz ($5 in chips) 
_Stells666: posts small blind $0.02
revo_rush: posts big blind $0.05
Texasholdup1: sits out 
Dorex2007: posts big blind $0.05
*** HOLE CARDS ***
Dealt to Dorex2007 [8c 9s]
Marf1802: folds 
dabrainberli: raises $0.05 to $0.10
kylekx250: calls $0.10
honzavegas123$: folds 
Dorex2007: folds 
morlockz: folds 
_Stells666: calls $0.08
revo_rush: calls $0.05
*** FLOP *** [6s 5c 3d]
_Stells666: checks 
revo_rush: checks 
dabrainberli: bets $0.43
kylekx250: folds 
_Stells666: folds 
revo_rush: folds 
Uncalled bet ($0.43) returned to dabrainberli
dabrainberli collected $0.43 from pot
dabrainberli: doesn't show hand 
*** SUMMARY ***
Total pot $0.45 | Rake $0.02 
Board [6s 5c 3d]
Seat 1: _Stells666 (small blind) folded on the Flop
Seat 2: revo_rush (big blind) folded on the Flop
Seat 4: Marf1802 folded before Flop (didn't bet)
Seat 5: dabrainberli collected ($0.43)
Seat 6: kylekx250 folded on the Flop
Seat 7: honzavegas123$ folded before Flop (didn't bet)
Seat 8: Dorex2007 folded before Flop (didn't bet)
Seat 9: morlockz (button) folded before Flop (didn't bet)



PokerStars Hand #237586934012:  Hold'em No Limit ($0.02/$0.05 USD) - 2022/07/25 15:19:58 PT [2022/07/25 18:19:58 ET]
Table 'Brabantia' 9-max Seat #1 is the button
Seat 1: _Stells666 ($5 in chips) 
Seat 2: revo_rush ($3.15 in chips) 
Seat 3: Texasholdup1 ($5 in chips) 
Seat 4: Marf1802 ($4.62 in chips) 
Seat 5: dabrainberli ($14.89 in chips) 
Seat 6: kylekx250 ($1.79 in chips) 
Seat 7: honzavegas123$ ($5.88 in chips) 
Seat 8: Dorex2007 ($5 in chips) 
Seat 9: morlockz ($5 in chips) 
revo_rush: posts small blind $0.02
Texasholdup1: posts big blind $0.05
*** HOLE CARDS ***
Dealt to Dorex2007 [5h 9h]
Marf1802: folds 
dabrainberli: folds 
kylekx250: folds 
honzavegas123$: folds 
Dorex2007: folds 
morlockz: folds 
_Stells666: folds 
revo_rush: raises $0.10 to $0.15
kylekx250 leaves the table
Texasholdup1: calls $0.10
*** FLOP *** [4c Jd 9d]
revo_rush: bets $0.14
mtaylormike joins the table at seat #6 
Texasholdup1: calls $0.14
*** TURN *** [4c Jd 9d] [Th]
revo_rush: checks 
Texasholdup1: bets $0.28
revo_rush: folds 
Uncalled bet ($0.28) returned to Texasholdup1
Texasholdup1 collected $0.56 from pot
*** SUMMARY ***
Total pot $0.58 | Rake $0.02 
Board [4c Jd 9d Th]
Seat 1: _Stells666 (button) folded before Flop (didn't bet)
Seat 2: revo_rush (small blind) folded on the Turn
Seat 3: Texasholdup1 (big blind) collected ($0.56)
Seat 4: Marf1802 folded before Flop (didn't bet)
Seat 5: dabrainberli folded before Flop (didn't bet)
Seat 6: kylekx250 folded before Flop (didn't bet)
Seat 7: honzavegas123$ folded before Flop (didn't bet)
Seat 8: Dorex2007 folded before Flop (didn't bet)
Seat 9: morlockz folded before Flop (didn't bet)



PokerStars Hand #237586951888:  Hold'em No Limit ($0.02/$0.05 USD) - 2022/07/25 15:20:49 PT [2022/07/25 18:20:49 ET]
Table 'Brabantia' 9-max Seat #2 is the button
Seat 1: _Stells666 ($5 in chips) 
Seat 2: revo_rush ($2.86 in chips) 
Seat 3: Texasholdup1 ($5.27 in chips) 
Seat 4: Marf1802 ($4.62 in chips) 
Seat 5: dabrainberli ($14.89 in chips) 
Seat 7: honzavegas123$ ($5.88 in chips) 
Seat 8: Dorex2007 ($5 in chips) 
Seat 9: morlockz ($5 in chips) 
Texasholdup1: posts small blind $0.02
Marf1802: posts big blind $0.05
mtaylormike: sits out 
*** HOLE CARDS ***
Dealt to Dorex2007 [2h 8h]
dabrainberli: folds 
honzavegas123$: folds 
Dorex2007 has timed out
Dorex2007: folds 
morlockz: folds 
_Stells666: folds 
revo_rush: folds 
Texasholdup1: calls $0.03
Marf1802: raises $0.20 to $0.25
Texasholdup1: calls $0.20
*** FLOP *** [4d Kc 4s]
Texasholdup1: checks 
Marf1802: bets $0.39
Texasholdup1: calls $0.39
*** TURN *** [4d Kc 4s] [3c]
Texasholdup1: checks 
Marf1802: bets $0.66
Texasholdup1: calls $0.66
*** RIVER *** [4d Kc 4s 3c] [9h]
Texasholdup1: checks 
Marf1802: checks 
*** SHOW DOWN ***
Texasholdup1: shows [4h Qd] (three of a kind, Fours)
Marf1802: mucks hand 
Texasholdup1 collected $2.49 from pot
*** SUMMARY ***
Total pot $2.60 | Rake $0.11 
Board [4d Kc 4s 3c 9h]
Seat 1: _Stells666 folded before Flop (didn't bet)
Seat 2: revo_rush (button) folded before Flop (didn't bet)
Seat 3: Texasholdup1 (small blind) showed [4h Qd] and won ($2.49) with three of a kind, Fours
Seat 4: Marf1802 (big blind) mucked [6c 6d]
Seat 5: dabrainberli folded before Flop (didn't bet)
Seat 7: honzavegas123$ folded before Flop (didn't bet)
Seat 8: Dorex2007 folded before Flop (didn't bet)
Seat 9: morlockz folded before Flop (didn't bet)



PokerStars Hand #237586977825:  Hold'em No Limit ($0.02/$0.05 USD) - 2022/07/25 15:22:04 PT [2022/07/25 18:22:04 ET]
Table 'Brabantia' 9-max Seat #3 is the button
Seat 1: _Stells666 ($5 in chips) 
Seat 2: revo_rush ($2.86 in chips) 
Seat 3: Texasholdup1 ($6.46 in chips) 
Seat 4: Marf1802 ($3.32 in chips) 
Seat 5: dabrainberli ($14.89 in chips) 
Seat 7: honzavegas123$ ($5.88 in chips) 
Seat 8: Dorex2007 ($5 in chips) 
Seat 9: morlockz ($5 in chips) 
Marf1802: posts small blind $0.02
dabrainberli: posts big blind $0.05
mtaylormike: sits out 
*** HOLE CARDS ***
Dealt to Dorex2007 [4c 2h]
honzavegas123$: folds 
Dorex2007 has timed out
Dorex2007: folds 
morlockz: folds 
_Stells666: folds 
revo_rush: folds 
Texasholdup1: calls $0.05
Marf1802: calls $0.03
dabrainberli: checks 
*** FLOP *** [4s Qh Qd]
Marf1802: checks 
dabrainberli: bets $0.05
Texasholdup1: calls $0.05
Marf1802: folds 
*** TURN *** [4s Qh Qd] [6c]
dabrainberli: bets $0.05
Texasholdup1: folds 
Uncalled bet ($0.05) returned to dabrainberli
dabrainberli collected $0.24 from pot
dabrainberli: doesn't show hand 
*** SUMMARY ***
Total pot $0.25 | Rake $0.01 
Board [4s Qh Qd 6c]
Seat 1: _Stells666 folded before Flop (didn't bet)
Seat 2: revo_rush folded before Flop (didn't bet)
Seat 3: Texasholdup1 (button) folded on the Turn
Seat 4: Marf1802 (small blind) folded on the Flop
Seat 5: dabrainberli (big blind) collected ($0.24)
Seat 7: honzavegas123$ folded before Flop (didn't bet)
Seat 8: Dorex2007 folded before Flop (didn't bet)
Seat 9: morlockz folded before Flop (didn't bet)



PokerStars Hand #237586993963:  Hold'em No Limit ($0.02/$0.05 USD) - 2022/07/25 15:22:52 PT [2022/07/25 18:22:52 ET]
Table 'Brabantia' 9-max Seat #4 is the button
Seat 1: _Stells666 ($5 in chips) 
Seat 2: revo_rush ($2.86 in chips) 
Seat 3: Texasholdup1 ($6.36 in chips) 
Seat 4: Marf1802 ($3.27 in chips) 
Seat 5: dabrainberli ($15.03 in chips) 
Seat 6: mtaylormike ($5 in chips) 
Seat 7: honzavegas123$ ($5.88 in chips) 
Seat 8: Dorex2007 ($5 in chips) 
Seat 9: morlockz ($5 in chips) 
dabrainberli: posts small blind $0.02
mtaylormike: posts big blind $0.05
*** HOLE CARDS ***
Dealt to Dorex2007 [6s 6c]
honzavegas123$: folds 
Dorex2007: calls $0.05
morlockz: folds 
_Stells666: folds 
revo_rush: folds 
Texasholdup1: folds 
Marf1802: raises $0.22 to $0.27
dabrainberli: folds 
Texasholdup1 leaves the table
mtaylormike: folds 
Dorex2007: folds 
Uncalled bet ($0.22) returned to Marf1802
Marf1802 collected $0.17 from pot
*** SUMMARY ***
Total pot $0.17 | Rake $0 
Seat 1: _Stells666 folded before Flop (didn't bet)
Seat 2: revo_rush folded before Flop (didn't bet)
Seat 3: Texasholdup1 folded before Flop (didn't bet)
Seat 4: Marf1802 (button) collected ($0.17)
Seat 5: dabrainberli (small blind) folded before Flop
Seat 6: mtaylormike (big blind) folded before Flop
Seat 7: honzavegas123$ folded before Flop (didn't bet)
Seat 8: Dorex2007 folded before Flop
Seat 9: morlockz folded before Flop (didn't bet)



PokerStars Hand #237587003992:  Hold'em No Limit ($0.02/$0.05 USD) - 2022/07/25 15:23:21 PT [2022/07/25 18:23:21 ET]
Table 'Brabantia' 9-max Seat #5 is the button
Seat 1: _Stells666 ($5 in chips) 
Seat 2: revo_rush ($2.86 in chips) 
Seat 4: Marf1802 ($3.39 in chips) 
Seat 5: dabrainberli ($15.01 in chips) 
Seat 6: mtaylormike ($4.95 in chips) 
Seat 7: honzavegas123$ ($5.88 in chips) 
Seat 8: Dorex2007 ($5 in chips) 
Seat 9: morlockz ($5 in chips) 
mtaylormike: posts small blind $0.02
honzavegas123$: posts big blind $0.05
*** HOLE CARDS ***
Dealt to Dorex2007 [2c Qh]
Dorex2007: folds 
morlockz: folds 
_Stells666: folds 
revo_rush: folds 
Marf1802: folds 
dabrainberli: calls $0.05
mtaylormike: calls $0.03
honzavegas123$: checks 
*** FLOP *** [9s Td Ah]
mtaylormike: bets $0.05
honzavegas123$: raises $0.05 to $0.10
TanzeArango joins the table at seat #3 
dabrainberli: calls $0.10
mtaylormike: calls $0.05
*** TURN *** [9s Td Ah] [8h]
mtaylormike: checks 
honzavegas123$: checks 
dabrainberli: bets $0.05
mtaylormike: calls $0.05
honzavegas123$: calls $0.05
*** RIVER *** [9s Td Ah 8h] [8s]
mtaylormike: checks 
honzavegas123$: checks 
dabrainberli: checks 
*** SHOW DOWN ***
mtaylormike: shows [Qs Tc] (two pair, Tens and Eights)
honzavegas123$: mucks hand 
dabrainberli: mucks hand 
mtaylormike collected $0.58 from pot
*** SUMMARY ***
Total pot $0.60 | Rake $0.02 
Board [9s Td Ah 8h 8s]
Seat 1: _Stells666 folded before Flop (didn't bet)
Seat 2: revo_rush folded before Flop (didn't bet)
Seat 4: Marf1802 folded before Flop (didn't bet)
Seat 5: dabrainberli (button) mucked [3h Jh]
Seat 6: mtaylormike (small blind) showed [Qs Tc] and won ($0.58) with two pair, Tens and Eights
Seat 7: honzavegas123$ (big blind) mucked [9d 2d]
Seat 8: Dorex2007 folded before Flop (didn't bet)
Seat 9: morlockz folded before Flop (didn't bet)



PokerStars Hand #237587040569:  Hold'em No Limit ($0.02/$0.05 USD) - 2022/07/25 15:25:09 PT [2022/07/25 18:25:09 ET]
Table 'Brabantia' 9-max Seat #6 is the button
Seat 1: _Stells666 ($5 in chips) 
Seat 2: revo_rush ($2.86 in chips) 
Seat 3: TanzeArango ($5 in chips) 
Seat 4: Marf1802 ($3.39 in chips) 
Seat 5: dabrainberli ($14.81 in chips) 
Seat 6: mtaylormike ($5.33 in chips) 
Seat 7: honzavegas123$ ($5.68 in chips) 
Seat 8: Dorex2007 ($5 in chips) 
Seat 9: morlockz ($5 in chips) 
honzavegas123$: posts small blind $0.02
Dorex2007: posts big blind $0.05
TanzeArango: posts big blind $0.05
*** HOLE CARDS ***
Dealt to Dorex2007 [Th Kh]
morlockz: folds 
_Stells666: folds 
revo_rush: folds 
TanzeArango: checks 
Marf1802: calls $0.05
dabrainberli: calls $0.05
mtaylormike: folds 
honzavegas123$: calls $0.03
Dorex2007: checks 
*** FLOP *** [Ts Qh 9c]
honzavegas123$: checks 
Dorex2007: bets $0.12
TanzeArango: folds 
Marf1802: folds 
dabrainberli: calls $0.12
honzavegas123$: folds 
*** TURN *** [Ts Qh 9c] [Jh]
Dorex2007: bets $0.47
dabrainberli: folds 
Uncalled bet ($0.47) returned to Dorex2007
Dorex2007 collected $0.47 from pot
Dorex2007: doesn't show hand 
*** SUMMARY ***
Total pot $0.49 | Rake $0.02 
Board [Ts Qh 9c Jh]
Seat 1: _Stells666 folded before Flop (didn't bet)
Seat 2: revo_rush folded before Flop (didn't bet)
Seat 3: TanzeArango folded on the Flop (didn't bet)
Seat 4: Marf1802 folded on the Flop
Seat 5: dabrainberli folded on the Turn
Seat 6: mtaylormike (button) folded before Flop (didn't bet)
Seat 7: honzavegas123$ (small blind) folded on the Flop
Seat 8: Dorex2007 (big blind) collected ($0.47)
Seat 9: morlockz folded before Flop (didn't bet)



PokerStars Hand #237587064353:  Hold'em No Limit ($0.02/$0.05 USD) - 2022/07/25 15:26:19 PT [2022/07/25 18:26:19 ET]
Table 'Brabantia' 9-max Seat #7 is the button
Seat 1: _Stells666 ($5 in chips) 
Seat 2: revo_rush ($2.86 in chips) 
Seat 3: TanzeArango ($4.95 in chips) 
Seat 4: Marf1802 ($3.34 in chips) 
Seat 5: dabrainberli ($14.64 in chips) 
Seat 6: mtaylormike ($5.33 in chips) 
Seat 7: honzavegas123$ ($5.63 in chips) 
Seat 8: Dorex2007 ($5.30 in chips) 
Seat 9: morlockz ($5 in chips) 
Dorex2007: posts small blind $0.02
morlockz: posts big blind $0.05
*** HOLE CARDS ***
Dealt to Dorex2007 [2d 2s]
_Stells666: folds 
revo_rush: folds 
TanzeArango: calls $0.05
Marf1802: raises $0.10 to $0.15
dabrainberli: folds 
mtaylormike: folds 
honzavegas123$: folds 
Dorex2007: folds 
morlockz: folds 
TanzeArango: calls $0.10
*** FLOP *** [Kh Qh As]
TanzeArango: checks 
Marf1802: bets $0.05
TanzeArango: calls $0.05
*** TURN *** [Kh Qh As] [Tc]
TanzeArango: checks 
Marf1802: checks 
*** RIVER *** [Kh Qh As Tc] [Qc]
TanzeArango: bets $0.05
Marf1802: calls $0.05
*** SHOW DOWN ***
TanzeArango: shows [9h Ts] (two pair, Queens and Tens)
Marf1802: shows [7d Kd] (two pair, Kings and Queens)
Marf1802 collected $0.55 from pot
*** SUMMARY ***
Total pot $0.57 | Rake $0.02 
Board [Kh Qh As Tc Qc]
Seat 1: _Stells666 folded before Flop (didn't bet)
Seat 2: revo_rush folded before Flop (didn't bet)
Seat 3: TanzeArango showed [9h Ts] and lost with two pair, Queens and Tens
Seat 4: Marf1802 showed [7d Kd] and won ($0.55) with two pair, Kings and Queens
Seat 5: dabrainberli folded before Flop (didn't bet)
Seat 6: mtaylormike folded before Flop (didn't bet)
Seat 7: honzavegas123$ (button) folded before Flop (didn't bet)
Seat 8: Dorex2007 (small blind) folded before Flop
Seat 9: morlockz (big blind) folded before Flop



PokerStars Hand #237587081495:  Hold'em No Limit ($0.02/$0.05 USD) - 2022/07/25 15:27:11 PT [2022/07/25 18:27:11 ET]
Table 'Brabantia' 9-max Seat #8 is the button
Seat 1: _Stells666 ($5 in chips) 
Seat 2: revo_rush ($2.86 in chips) 
Seat 3: TanzeArango ($4.70 in chips) 
Seat 4: Marf1802 ($3.64 in chips) 
Seat 5: dabrainberli ($14.64 in chips) 
Seat 6: mtaylormike ($5.33 in chips) 
Seat 7: honzavegas123$ ($5.63 in chips) 
Seat 8: Dorex2007 ($5.28 in chips) 
Seat 9: morlockz ($5 in chips) 
morlockz: posts small blind $0.02
_Stells666: posts big blind $0.05
*** HOLE CARDS ***
Dealt to Dorex2007 [9h As]
revo_rush: raises $0.05 to $0.10
TanzeArango: folds 
Marf1802: folds 
dabrainberli: raises $0.05 to $0.15
mtaylormike: folds 
honzavegas123$: calls $0.15
Dorex2007: folds 
morlockz: folds 
_Stells666: folds 
revo_rush: calls $0.05
*** FLOP *** [Qh 4c 9s]
revo_rush: checks 
dabrainberli: bets $0.05
honzavegas123$: raises $0.10 to $0.15
revo_rush: folds 
dabrainberli: calls $0.10
*** TURN *** [Qh 4c 9s] [Qs]
dabrainberli: bets $0.05
honzavegas123$: calls $0.05
*** RIVER *** [Qh 4c 9s Qs] [Jd]
dabrainberli: checks 
honzavegas123$: checks 
*** SHOW DOWN ***
dabrainberli: shows [Ad 2d] (a pair of Queens)
honzavegas123$: shows [Ac 5h] (a pair of Queens)
dabrainberli collected $0.44 from pot
honzavegas123$ collected $0.44 from pot
*** SUMMARY ***
Total pot $0.92 | Rake $0.04 
Board [Qh 4c 9s Qs Jd]
Seat 1: _Stells666 (big blind) folded before Flop
Seat 2: revo_rush folded on the Flop
Seat 3: TanzeArango folded before Flop (didn't bet)
Seat 4: Marf1802 folded before Flop (didn't bet)
Seat 5: dabrainberli showed [Ad 2d] and won ($0.44) with a pair of Queens
Seat 6: mtaylormike folded before Flop (didn't bet)
Seat 7: honzavegas123$ showed [Ac 5h] and won ($0.44) with a pair of Queens
Seat 8: Dorex2007 (button) folded before Flop (didn't bet)
Seat 9: morlockz (small blind) folded before Flop



PokerStars Hand #237587110010:  Hold'em No Limit ($0.02/$0.05 USD) - 2022/07/25 15:28:29 PT [2022/07/25 18:28:29 ET]
Table 'Brabantia' 9-max Seat #9 is the button
Seat 1: _Stells666 ($5 in chips) 
Seat 2: revo_rush ($2.71 in chips) 
Seat 3: TanzeArango ($4.70 in chips) 
Seat 4: Marf1802 ($3.64 in chips) 
Seat 5: dabrainberli ($14.73 in chips) 
Seat 6: mtaylormike ($5.33 in chips) 
Seat 7: honzavegas123$ ($5.72 in chips) 
Seat 8: Dorex2007 ($5.28 in chips) 
Seat 9: morlockz ($5 in chips) 
_Stells666: posts small blind $0.02
revo_rush: posts big blind $0.05
*** HOLE CARDS ***
Dealt to Dorex2007 [Js Jc]
TanzeArango: calls $0.05
Marf1802: calls $0.05
dabrainberli: folds 
mtaylormike: folds 
honzavegas123$: calls $0.05
Dorex2007: raises $0.15 to $0.20
morlockz: calls $0.20
_Stells666: folds 
revo_rush: calls $0.15
TanzeArango: calls $0.15
Marf1802: folds 
honzavegas123$: calls $0.15
*** FLOP *** [4h Qs 8c]
revo_rush: checks 
TanzeArango: checks 
honzavegas123$: checks 
Marf1802 leaves the table
Dorex2007: checks 
morlockz: checks 
*** TURN *** [4h Qs 8c] [9d]
mintas997 joins the table at seat #4 
revo_rush: bets $0.50
TanzeArango: folds 
honzavegas123$: folds 
Dorex2007: folds 
morlockz: folds 
Uncalled bet ($0.50) returned to revo_rush
revo_rush collected $1.02 from pot
revo_rush: doesn't show hand 
*** SUMMARY ***
Total pot $1.07 | Rake $0.05 
Board [4h Qs 8c 9d]
Seat 1: _Stells666 (small blind) folded before Flop
Seat 2: revo_rush (big blind) collected ($1.02)
Seat 3: TanzeArango folded on the Turn
Seat 4: Marf1802 folded before Flop
Seat 5: dabrainberli folded before Flop (didn't bet)
Seat 6: mtaylormike folded before Flop (didn't bet)
Seat 7: honzavegas123$ folded on the Turn
Seat 8: Dorex2007 folded on the Turn
Seat 9: morlockz (button) folded on the Turn



PokerStars Hand #237587137017:  Hold'em No Limit ($0.02/$0.05 USD) - 2022/07/25 15:29:51 PT [2022/07/25 18:29:51 ET]
Table 'Brabantia' 9-max Seat #1 is the button
Seat 1: _Stells666 ($5 in chips) 
Seat 2: revo_rush ($3.53 in chips) 
Seat 3: TanzeArango ($4.50 in chips) 
Seat 5: dabrainberli ($14.73 in chips) 
Seat 6: mtaylormike ($5.33 in chips) 
Seat 7: honzavegas123$ ($5.52 in chips) 
Seat 8: Dorex2007 ($5.08 in chips) 
Seat 9: morlockz ($5 in chips) 
revo_rush: posts small blind $0.02
TanzeArango: posts big blind $0.05
mintas997: sits out 
*** HOLE CARDS ***
Dealt to Dorex2007 [9c 4h]
dabrainberli: folds 
mtaylormike: folds 
honzavegas123$: folds 
Dorex2007: folds 
morlockz: raises $0.07 to $0.12
_Stells666: folds 
revo_rush: folds 
TanzeArango: folds 
Uncalled bet ($0.07) returned to morlockz
morlockz collected $0.12 from pot
morlockz: doesn't show hand 
*** SUMMARY ***
Total pot $0.12 | Rake $0 
Seat 1: _Stells666 (button) folded before Flop (didn't bet)
Seat 2: revo_rush (small blind) folded before Flop
Seat 3: TanzeArango (big blind) folded before Flop
Seat 5: dabrainberli folded before Flop (didn't bet)
Seat 6: mtaylormike folded before Flop (didn't bet)
Seat 7: honzavegas123$ folded before Flop (didn't bet)
Seat 8: Dorex2007 folded before Flop (didn't bet)
Seat 9: morlockz collected ($0.12)



PokerStars Hand #237587141836:  Hold'em No Limit ($0.02/$0.05 USD) - 2022/07/25 15:30:06 PT [2022/07/25 18:30:06 ET]
Table 'Brabantia' 9-max Seat #2 is the button
Seat 1: _Stells666 ($5 in chips) 
Seat 2: revo_rush ($3.51 in chips) 
Seat 3: TanzeArango ($4.45 in chips) 
Seat 4: mintas997 ($5 in chips) 
Seat 5: dabrainberli ($14.73 in chips) 
Seat 6: mtaylormike ($5.33 in chips) 
Seat 7: honzavegas123$ ($5.52 in chips) 
Seat 8: Dorex2007 ($5.08 in chips) 
Seat 9: morlockz ($5.07 in chips) 
TanzeArango: posts small blind $0.02
mintas997: posts big blind $0.05
*** HOLE CARDS ***
Dealt to Dorex2007 [7h Qd]
dabrainberli: calls $0.05
mtaylormike: folds 
honzavegas123$: folds 
Dorex2007: folds 
morlockz: raises $0.15 to $0.20
_Stells666: folds 
revo_rush: folds 
TanzeArango: folds 
mintas997: raises $0.15 to $0.35
dabrainberli: calls $0.30
morlockz: calls $0.15
*** FLOP *** [Tc 5d Qs]
mintas997: bets $0.51
dabrainberli: folds 
morlockz: folds 
Uncalled bet ($0.51) returned to mintas997
mintas997 collected $1.03 from pot
mintas997: doesn't show hand 
*** SUMMARY ***
Total pot $1.07 | Rake $0.04 
Board [Tc 5d Qs]
Seat 1: _Stells666 folded before Flop (didn't bet)
Seat 2: revo_rush (button) folded before Flop (didn't bet)
Seat 3: TanzeArango (small blind) folded before Flop
Seat 4: mintas997 (big blind) collected ($1.03)
Seat 5: dabrainberli folded on the Flop
Seat 6: mtaylormike folded before Flop (didn't bet)
Seat 7: honzavegas123$ folded before Flop (didn't bet)
Seat 8: Dorex2007 folded before Flop (didn't bet)
Seat 9: morlockz folded on the Flop



PokerStars Hand #237587156507:  Hold'em No Limit ($0.02/$0.05 USD) - 2022/07/25 15:30:50 PT [2022/07/25 18:30:50 ET]
Table 'Brabantia' 9-max Seat #3 is the button
Seat 1: _Stells666 ($5 in chips) 
Seat 2: revo_rush ($3.51 in chips) 
Seat 3: TanzeArango ($4.43 in chips) 
Seat 4: mintas997 ($5.68 in chips) 
Seat 5: dabrainberli ($14.38 in chips) 
Seat 6: mtaylormike ($5.33 in chips) 
Seat 7: honzavegas123$ ($5.52 in chips) 
Seat 8: Dorex2007 ($5.08 in chips) 
Seat 9: morlockz ($5 in chips) 
mintas997: posts small blind $0.02
dabrainberli: posts big blind $0.05
*** HOLE CARDS ***
Dealt to Dorex2007 [Qc Jd]
mtaylormike: folds 
honzavegas123$: folds 
Dorex2007: calls $0.05
morlockz: folds 
_Stells666: folds 
revo_rush: folds 
TanzeArango: folds 
mintas997: calls $0.03
dabrainberli: checks 
*** FLOP *** [Qd 7c 9h]
mintas997: checks 
dabrainberli: checks 
Dorex2007: bets $0.14
mintas997: folds 
dabrainberli: calls $0.14
*** TURN *** [Qd 7c 9h] [3d]
dabrainberli: checks 
Dorex2007: bets $0.27
dabrainberli: folds 
Uncalled bet ($0.27) returned to Dorex2007
Dorex2007 collected $0.41 from pot
Dorex2007: doesn't show hand 
*** SUMMARY ***
Total pot $0.43 | Rake $0.02 
Board [Qd 7c 9h 3d]
Seat 1: _Stells666 folded before Flop (didn't bet)
Seat 2: revo_rush folded before Flop (didn't bet)
Seat 3: TanzeArango (button) folded before Flop (didn't bet)
Seat 4: mintas997 (small blind) folded on the Flop
Seat 5: dabrainberli (big blind) folded on the Turn
Seat 6: mtaylormike folded before Flop (didn't bet)
Seat 7: honzavegas123$ folded before Flop (didn't bet)
Seat 8: Dorex2007 collected ($0.41)
Seat 9: morlockz folded before Flop (didn't bet)



PokerStars Hand #237587177166:  Hold'em No Limit ($0.02/$0.05 USD) - 2022/07/25 15:31:52 PT [2022/07/25 18:31:52 ET]
Table 'Brabantia' 9-max Seat #4 is the button
Seat 1: _Stells666 ($5 in chips) 
Seat 2: revo_rush ($3.51 in chips) 
Seat 3: TanzeArango ($4.43 in chips) 
Seat 4: mintas997 ($5.63 in chips) 
Seat 5: dabrainberli ($14.19 in chips) 
Seat 6: mtaylormike ($5.33 in chips) 
Seat 7: honzavegas123$ ($5.52 in chips) 
Seat 8: Dorex2007 ($5.30 in chips) 
Seat 9: morlockz ($5 in chips) 
dabrainberli: posts small blind $0.02
mtaylormike: posts big blind $0.05
*** HOLE CARDS ***
Dealt to Dorex2007 [2s Js]
honzavegas123$: folds 
Dorex2007: folds 
morlockz: folds 
_Stells666: folds 
revo_rush: folds 
TanzeArango: folds 
mintas997: calls $0.05
dabrainberli: calls $0.03
mtaylormike: checks 
*** FLOP *** [Kd Ad 2c]
dabrainberli: bets $0.14
mtaylormike: folds 
mintas997: calls $0.14
*** TURN *** [Kd Ad 2c] [6s]
dabrainberli: bets $0.41
mintas997: calls $0.41
*** RIVER *** [Kd Ad 2c 6s] [3h]
dabrainberli: checks 
mintas997: bets $1.20
dabrainberli: folds 
Uncalled bet ($1.20) returned to mintas997
mintas997 collected $1.20 from pot
mintas997: doesn't show hand 
*** SUMMARY ***
Total pot $1.25 | Rake $0.05 
Board [Kd Ad 2c 6s 3h]
Seat 1: _Stells666 folded before Flop (didn't bet)
Seat 2: revo_rush folded before Flop (didn't bet)
Seat 3: TanzeArango folded before Flop (didn't bet)
Seat 4: mintas997 (button) collected ($1.20)
Seat 5: dabrainberli (small blind) folded on the River
Seat 6: mtaylormike (big blind) folded on the Flop
Seat 7: honzavegas123$ folded before Flop (didn't bet)
Seat 8: Dorex2007 folded before Flop (didn't bet)
Seat 9: morlockz folded before Flop (didn't bet)



PokerStars Hand #237587192683:  Hold'em No Limit ($0.02/$0.05 USD) - 2022/07/25 15:32:38 PT [2022/07/25 18:32:38 ET]
Table 'Brabantia' 9-max Seat #5 is the button
Seat 1: _Stells666 ($5 in chips) 
Seat 2: revo_rush ($3.51 in chips) 
Seat 3: TanzeArango ($4.43 in chips) 
Seat 4: mintas997 ($6.23 in chips) 
Seat 5: dabrainberli ($13.59 in chips) 
Seat 6: mtaylormike ($5.28 in chips) 
Seat 7: honzavegas123$ ($5.52 in chips) 
Seat 8: Dorex2007 ($5.30 in chips) 
Seat 9: morlockz ($5 in chips) 
mtaylormike: posts small blind $0.02
honzavegas123$: posts big blind $0.05
*** HOLE CARDS ***
Dealt to Dorex2007 [Ts 3h]
Dorex2007: folds 
morlockz: folds 
_Stells666: folds 
revo_rush: folds 
TanzeArango: folds 
mintas997: folds 
dabrainberli: folds 
mtaylormike: calls $0.03
honzavegas123$: raises $0.10 to $0.15
mtaylormike: calls $0.10
*** FLOP *** [Jc Jh 9c]
mtaylormike: bets $0.10
honzavegas123$: raises $0.25 to $0.35
mtaylormike: calls $0.25
*** TURN *** [Jc Jh 9c] [7h]
mtaylormike: bets $0.40
honzavegas123$: calls $0.40
*** RIVER *** [Jc Jh 9c 7h] [Tc]
mtaylormike: bets $0.70
honzavegas123$: calls $0.70
*** SHOW DOWN ***
mtaylormike: shows [8s Ac] (a straight, Seven to Jack)
honzavegas123$: mucks hand 
mtaylormike collected $3.07 from pot
*** SUMMARY ***
Total pot $3.20 | Rake $0.13 
Board [Jc Jh 9c 7h Tc]
Seat 1: _Stells666 folded before Flop (didn't bet)
Seat 2: revo_rush folded before Flop (didn't bet)
Seat 3: TanzeArango folded before Flop (didn't bet)
Seat 4: mintas997 folded before Flop (didn't bet)
Seat 5: dabrainberli (button) folded before Flop (didn't bet)
Seat 6: mtaylormike (small blind) showed [8s Ac] and won ($3.07) with a straight, Seven to Jack
Seat 7: honzavegas123$ (big blind) mucked [Td Qh]
Seat 8: Dorex2007 folded before Flop (didn't bet)
Seat 9: morlockz folded before Flop (didn't bet)



PokerStars Hand #237587222439:  Hold'em No Limit ($0.02/$0.05 USD) - 2022/07/25 15:34:08 PT [2022/07/25 18:34:08 ET]
Table 'Brabantia' 9-max Seat #6 is the button
Seat 1: _Stells666 ($5 in chips) 
Seat 2: revo_rush ($3.51 in chips) 
Seat 3: TanzeArango ($4.43 in chips) 
Seat 4: mintas997 ($6.23 in chips) 
Seat 5: dabrainberli ($13.59 in chips) 
Seat 6: mtaylormike ($6.75 in chips) 
Seat 7: honzavegas123$ ($3.92 in chips) 
Seat 8: Dorex2007 ($5.30 in chips) 
Seat 9: morlockz ($5 in chips) 
honzavegas123$: posts small blind $0.02
Dorex2007: posts big blind $0.05
*** HOLE CARDS ***
Dealt to Dorex2007 [3h 7d]
morlockz: folds 
_Stells666: raises $0.09 to $0.14
revo_rush: folds 
TanzeArango: folds 
mintas997: folds 
dabrainberli: raises $0.09 to $0.23
mtaylormike: folds 
honzavegas123$: folds 
Dorex2007: folds 
_Stells666: calls $0.09
*** FLOP *** [4h 5s 9d]
_Stells666: checks 
dabrainberli: bets $0.51
_Stells666: folds 
Uncalled bet ($0.51) returned to dabrainberli
dabrainberli collected $0.51 from pot
dabrainberli: doesn't show hand 
*** SUMMARY ***
Total pot $0.53 | Rake $0.02 
Board [4h 5s 9d]
Seat 1: _Stells666 folded on the Flop
Seat 2: revo_rush folded before Flop (didn't bet)
Seat 3: TanzeArango folded before Flop (didn't bet)
Seat 4: mintas997 folded before Flop (didn't bet)
Seat 5: dabrainberli collected ($0.51)
Seat 6: mtaylormike (button) folded before Flop (didn't bet)
Seat 7: honzavegas123$ (small blind) folded before Flop
Seat 8: Dorex2007 (big blind) folded before Flop
Seat 9: morlockz folded before Flop (didn't bet)



PokerStars Hand #237587240762:  Hold'em No Limit ($0.02/$0.05 USD) - 2022/07/25 15:34:49 PT [2022/07/25 18:34:49 ET]
Table 'Brabantia' 9-max Seat #7 is the button
Seat 1: _Stells666 ($5 in chips) 
Seat 2: revo_rush ($3.51 in chips) 
Seat 3: TanzeArango ($4.43 in chips) 
Seat 4: mintas997 ($6.23 in chips) 
Seat 5: dabrainberli ($13.87 in chips) 
Seat 6: mtaylormike ($6.75 in chips) 
Seat 7: honzavegas123$ ($3.90 in chips) 
Seat 8: Dorex2007 ($5.25 in chips) 
Dorex2007: posts small blind $0.02
morlockz: is sitting out 
_Stells666: posts big blind $0.05
*** HOLE CARDS ***
Dealt to Dorex2007 [Ac Jc]
revo_rush: folds 
TanzeArango: folds 
mintas997: calls $0.05
dabrainberli: folds 
mtaylormike: calls $0.05
honzavegas123$: folds 
Dorex2007: raises $0.15 to $0.20
_Stells666: folds 
mintas997: folds 
mtaylormike: calls $0.15
*** FLOP *** [Ad 7d 3c]
Dorex2007: bets $0.48
mtaylormike: folds 
Uncalled bet ($0.48) returned to Dorex2007
Dorex2007 collected $0.48 from pot
Dorex2007: doesn't show hand 
*** SUMMARY ***
Total pot $0.50 | Rake $0.02 
Board [Ad 7d 3c]
Seat 1: _Stells666 (big blind) folded before Flop
Seat 2: revo_rush folded before Flop (didn't bet)
Seat 3: TanzeArango folded before Flop (didn't bet)
Seat 4: mintas997 folded before Flop
Seat 5: dabrainberli folded before Flop (didn't bet)
Seat 6: mtaylormike folded on the Flop
Seat 7: honzavegas123$ (button) folded before Flop (didn't bet)
Seat 8: Dorex2007 (small blind) collected ($0.48)



PokerStars Hand #237587256450:  Hold'em No Limit ($0.02/$0.05 USD) - 2022/07/25 15:35:36 PT [2022/07/25 18:35:36 ET]
Table 'Brabantia' 9-max Seat #8 is the button
Seat 1: _Stells666 ($5 in chips) 
Seat 2: revo_rush ($3.51 in chips) 
Seat 3: TanzeArango ($4.43 in chips) 
Seat 4: mintas997 ($6.18 in chips) 
Seat 5: dabrainberli ($13.87 in chips) 
Seat 6: mtaylormike ($6.55 in chips) 
Seat 7: honzavegas123$ ($3.90 in chips) 
Seat 8: Dorex2007 ($5.53 in chips) 
_Stells666: posts small blind $0.02
revo_rush: posts big blind $0.05
*** HOLE CARDS ***
Dealt to Dorex2007 [5c 7c]
TanzeArango has timed out
TanzeArango: folds 
mintas997: folds 
dabrainberli: calls $0.05
mtaylormike: folds 
TanzeArango is disconnected 
honzavegas123$: raises $0.10 to $0.15
Dorex2007: folds 
_Stells666: folds 
revo_rush: calls $0.10
dabrainberli: calls $0.10
*** FLOP *** [3c Jh 7s]
revo_rush: checks 
dabrainberli: bets $0.45
honzavegas123$: calls $0.45
revo_rush: folds 
*** TURN *** [3c Jh 7s] [8c]
dabrainberli: bets $1.31
honzavegas123$: calls $1.31
*** RIVER *** [3c Jh 7s 8c] [Ac]
dabrainberli: checks 
honzavegas123$: checks 
*** SHOW DOWN ***
dabrainberli: shows [4h Jc] (a pair of Jacks)
honzavegas123$: mucks hand 
dabrainberli collected $3.78 from pot
*** SUMMARY ***
Total pot $3.99 | Rake $0.21 
Board [3c Jh 7s 8c Ac]
Seat 1: _Stells666 (small blind) folded before Flop
Seat 2: revo_rush (big blind) folded on the Flop
Seat 3: TanzeArango folded before Flop (didn't bet)
Seat 4: mintas997 folded before Flop (didn't bet)
Seat 5: dabrainberli showed [4h Jc] and won ($3.78) with a pair of Jacks
Seat 6: mtaylormike folded before Flop (didn't bet)
Seat 7: honzavegas123$ mucked [Ks 9c]
Seat 8: Dorex2007 (button) folded before Flop (didn't bet)



PokerStars Hand #237587297889:  Hold'em No Limit ($0.02/$0.05 USD) - 2022/07/25 15:37:41 PT [2022/07/25 18:37:41 ET]
Table 'Brabantia' 9-max Seat #1 is the button
Seat 1: _Stells666 ($5 in chips) 
Seat 2: revo_rush ($3.36 in chips) 
Seat 4: mintas997 ($6.18 in chips) 
Seat 5: dabrainberli ($15.74 in chips) 
Seat 6: mtaylormike ($6.55 in chips) 
Seat 7: honzavegas123$ ($1.99 in chips) 
Seat 8: Dorex2007 ($5.53 in chips) 
revo_rush: posts small blind $0.02
TanzeArango has timed out while disconnected
TanzeArango: is sitting out 
mintas997: posts big blind $0.05
*** HOLE CARDS ***
Dealt to Dorex2007 [3s 9s]
dabrainberli: folds 
mtaylormike: folds 
honzavegas123$: folds 
Dorex2007: folds 
_Stells666: folds 
revo_rush: folds 
Uncalled bet ($0.03) returned to mintas997
mintas997 collected $0.04 from pot
mintas997: doesn't show hand 
*** SUMMARY ***
Total pot $0.04 | Rake $0 
Seat 1: _Stells666 (button) folded before Flop (didn't bet)
Seat 2: revo_rush (small blind) folded before Flop
Seat 4: mintas997 (big blind) collected ($0.04)
Seat 5: dabrainberli folded before Flop (didn't bet)
Seat 6: mtaylormike folded before Flop (didn't bet)
Seat 7: honzavegas123$ folded before Flop (didn't bet)
Seat 8: Dorex2007 folded before Flop (didn't bet)



PokerStars Hand #237587305955:  Hold'em No Limit ($0.02/$0.05 USD) - 2022/07/25 15:38:06 PT [2022/07/25 18:38:06 ET]
Table 'Brabantia' 9-max Seat #2 is the button
Seat 1: _Stells666 ($5 in chips) 
Seat 2: revo_rush ($3.34 in chips) 
Seat 4: mintas997 ($6.20 in chips) 
Seat 5: dabrainberli ($15.74 in chips) 
Seat 6: mtaylormike ($6.55 in chips) 
Seat 7: honzavegas123$ ($1.99 in chips) 
Seat 8: Dorex2007 ($5.53 in chips) 
mintas997: posts small blind $0.02
dabrainberli: posts big blind $0.05
*** HOLE CARDS ***
Dealt to Dorex2007 [6h Qs]
mtaylormike: folds 
honzavegas123$: folds 
Dorex2007: folds 
_Stells666: folds 
revo_rush: folds 
mtaylormike leaves the table
mintas997: calls $0.03
dabrainberli: checks 
*** FLOP *** [5c 3s 6c]
mintas997: checks 
Acepe}I{aA joins the table at seat #6 
dabrainberli: checks 
*** TURN *** [5c 3s 6c] [7c]
mintas997: checks 
dabrainberli: checks 
*** RIVER *** [5c 3s 6c 7c] [As]
mintas997: checks 
dabrainberli: checks 
*** SHOW DOWN ***
mintas997: shows [Td 9c] (high card Ace)
dabrainberli: shows [3d Jc] (a pair of Threes)
dabrainberli collected $0.10 from pot
*** SUMMARY ***
Total pot $0.10 | Rake $0 
Board [5c 3s 6c 7c As]
Seat 1: _Stells666 folded before Flop (didn't bet)
Seat 2: revo_rush (button) folded before Flop (didn't bet)
Seat 4: mintas997 (small blind) showed [Td 9c] and lost with high card Ace
Seat 5: dabrainberli (big blind) showed [3d Jc] and won ($0.10) with a pair of Threes
Seat 6: mtaylormike folded before Flop (didn't bet)
Seat 7: honzavegas123$ folded before Flop (didn't bet)
Seat 8: Dorex2007 folded before Flop (didn't bet)



PokerStars Hand #237587317768:  Hold'em No Limit ($0.02/$0.05 USD) - 2022/07/25 15:38:42 PT [2022/07/25 18:38:42 ET]
Table 'Brabantia' 9-max Seat #4 is the button
Seat 1: _Stells666 ($5 in chips) 
Seat 2: revo_rush ($3.34 in chips) 
Seat 4: mintas997 ($6.15 in chips) 
Seat 5: dabrainberli ($15.79 in chips) 
Seat 6: Acepe}I{aA ($5 in chips) 
Seat 7: honzavegas123$ ($1.99 in chips) 
Seat 8: Dorex2007 ($5.53 in chips) 
dabrainberli: posts small blind $0.02
Acepe}I{aA: posts big blind $0.05
*** HOLE CARDS ***
Dealt to Dorex2007 [4s 5c]
honzavegas123$: calls $0.05
Dorex2007: folds 
_Stells666: folds 
revo_rush: folds 
mintas997: folds 
dabrainberli: folds 
Acepe}I{aA: checks 
*** FLOP *** [4h 4d 5h]
Acepe}I{aA: checks 
honzavegas123$: bets $0.12
Acepe}I{aA: calls $0.12
*** TURN *** [4h 4d 5h] [8s]
Acepe}I{aA: checks 
honzavegas123$: checks 
*** RIVER *** [4h 4d 5h 8s] [8d]
Acepe}I{aA: bets $0.26
honzavegas123$: calls $0.26
*** SHOW DOWN ***
Acepe}I{aA: shows [4c 9h] (a full house, Fours full of Eights)
honzavegas123$: mucks hand 
Acepe}I{aA collected $0.84 from pot
*** SUMMARY ***
Total pot $0.88 | Rake $0.04 
Board [4h 4d 5h 8s 8d]
Seat 1: _Stells666 folded before Flop (didn't bet)
Seat 2: revo_rush folded before Flop (didn't bet)
Seat 4: mintas997 (button) folded before Flop (didn't bet)
Seat 5: dabrainberli (small blind) folded before Flop
Seat 6: Acepe}I{aA (big blind) showed [4c 9h] and won ($0.84) with a full house, Fours full of Eights
Seat 7: honzavegas123$ mucked [Jh Th]
Seat 8: Dorex2007 folded before Flop (didn't bet)



PokerStars Hand #237587332185:  Hold'em No Limit ($0.02/$0.05 USD) - 2022/07/25 15:39:26 PT [2022/07/25 18:39:26 ET]
Table 'Brabantia' 9-max Seat #5 is the button
Seat 1: _Stells666 ($5 in chips) 
Seat 2: revo_rush ($3.34 in chips) 
Seat 4: mintas997 ($6.15 in chips) 
Seat 5: dabrainberli ($15.77 in chips) 
Seat 6: Acepe}I{aA ($5.41 in chips) 
Seat 7: honzavegas123$ ($1.56 in chips) 
Seat 8: Dorex2007 ($5.53 in chips) 
Acepe}I{aA: posts small blind $0.02
honzavegas123$: posts big blind $0.05
*** HOLE CARDS ***
Dealt to Dorex2007 [5s Jh]
Dorex2007: folds 
_Stells666: folds 
revo_rush has timed out
revo_rush: folds 
mintas997: raises $0.05 to $0.10
dabrainberli: calls $0.10
Acepe}I{aA: folds 
revo_rush leaves the table
honzavegas123$: calls $0.05
*** FLOP *** [9d Jc 8s]
honzavegas123$: checks 
mintas997: bets $0.31
dabrainberli: calls $0.31
honzavegas123$: folds 
*** TURN *** [9d Jc 8s] [2s]
cocker 48 joins the table at seat #2 
mintas997: bets $0.45
dabrainberli: calls $0.45
*** RIVER *** [9d Jc 8s 2s] [3d]
mintas997: bets $1.76
dabrainberli: calls $1.76
*** SHOW DOWN ***
mintas997: shows [9h Js] (two pair, Jacks and Nines)
dabrainberli: mucks hand 
mintas997 collected $5.14 from pot
*** SUMMARY ***
Total pot $5.36 | Rake $0.22 
Board [9d Jc 8s 2s 3d]
Seat 1: _Stells666 folded before Flop (didn't bet)
Seat 2: revo_rush folded before Flop (didn't bet)
Seat 4: mintas997 showed [9h Js] and won ($5.14) with two pair, Jacks and Nines
Seat 5: dabrainberli (button) mucked [Jd Qc]
Seat 6: Acepe}I{aA (small blind) folded before Flop
Seat 7: honzavegas123$ (big blind) folded on the Flop
Seat 8: Dorex2007 folded before Flop (didn't bet)



PokerStars Hand #237587353551:  Hold'em No Limit ($0.02/$0.05 USD) - 2022/07/25 15:40:32 PT [2022/07/25 18:40:32 ET]
Table 'Brabantia' 9-max Seat #6 is the button
Seat 1: _Stells666 ($5 in chips) 
Seat 2: cocker 48 ($4 in chips) 
Seat 4: mintas997 ($8.67 in chips) 
Seat 5: dabrainberli ($13.15 in chips) 
Seat 6: Acepe}I{aA ($5.39 in chips) 
Seat 7: honzavegas123$ ($1.46 in chips) 
Seat 8: Dorex2007 ($5.53 in chips) 
honzavegas123$: posts small blind $0.02
Dorex2007: posts big blind $0.05
cocker 48: posts big blind $0.05
*** HOLE CARDS ***
Dealt to Dorex2007 [3h 7c]
_Stells666: folds 
cocker 48: checks 
mintas997: raises $0.10 to $0.15
dabrainberli: folds 
Acepe}I{aA: folds 
honzavegas123$: folds 
Dorex2007: folds 
cocker 48: calls $0.10
*** FLOP *** [8h 6h Ad]
cocker 48: bets $0.05
mintas997: calls $0.05
*** TURN *** [8h 6h Ad] [4s]
cocker 48: bets $0.05
mintas997: calls $0.05
*** RIVER *** [8h 6h Ad 4s] [2c]
cocker 48: bets $0.20
mintas997: folds 
Uncalled bet ($0.20) returned to cocker 48
cocker 48 collected $0.55 from pot
cocker 48: doesn't show hand 
*** SUMMARY ***
Total pot $0.57 | Rake $0.02 
Board [8h 6h Ad 4s 2c]
Seat 1: _Stells666 folded before Flop (didn't bet)
Seat 2: cocker 48 collected ($0.55)
Seat 4: mintas997 folded on the River
Seat 5: dabrainberli folded before Flop (didn't bet)
Seat 6: Acepe}I{aA (button) folded before Flop (didn't bet)
Seat 7: honzavegas123$ (small blind) folded before Flop
Seat 8: Dorex2007 (big blind) folded before Flop



PokerStars Hand #237587369856:  Hold'em No Limit ($0.02/$0.05 USD) - 2022/07/25 15:41:21 PT [2022/07/25 18:41:21 ET]
Table 'Brabantia' 9-max Seat #7 is the button
Seat 1: _Stells666 ($5 in chips) 
Seat 2: cocker 48 ($4.30 in chips) 
Seat 4: mintas997 ($8.42 in chips) 
Seat 5: dabrainberli ($13.15 in chips) 
Seat 6: Acepe}I{aA ($5.39 in chips) 
Seat 7: honzavegas123$ ($1.44 in chips) 
Seat 8: Dorex2007 ($5.48 in chips) 
Dorex2007: posts small blind $0.02
_Stells666: posts big blind $0.05
*** HOLE CARDS ***
Dealt to Dorex2007 [Ts 7c]
cocker 48: folds 
mintas997: raises $0.20 to $0.25
dabrainberli: calls $0.25
Acepe}I{aA: folds 
honzavegas123$: calls $0.25
Dorex2007: folds 
_Stells666: folds 
*** FLOP *** [9d 3h Jd]
mintas997: bets $0.45
dabrainberli: calls $0.45
honzavegas123$: calls $0.45
*** TURN *** [9d 3h Jd] [4c]
mintas997: bets $1.04
dabrainberli: folds 
honzavegas123$: calls $0.74 and is all-in
Uncalled bet ($0.30) returned to mintas997
*** RIVER *** [9d 3h Jd 4c] [5h]
*** SHOW DOWN ***
mintas997: shows [Th Td] (a pair of Tens)
honzavegas123$: shows [Kh Jc] (a pair of Jacks)
honzavegas123$ collected $3.50 from pot
*** SUMMARY ***
Total pot $3.65 | Rake $0.15 
Board [9d 3h Jd 4c 5h]
Seat 1: _Stells666 (big blind) folded before Flop
Seat 2: cocker 48 folded before Flop (didn't bet)
Seat 4: mintas997 showed [Th Td] and lost with a pair of Tens
Seat 5: dabrainberli folded on the Turn
Seat 6: Acepe}I{aA folded before Flop (didn't bet)
Seat 7: honzavegas123$ (button) showed [Kh Jc] and won ($3.50) with a pair of Jacks
Seat 8: Dorex2007 (small blind) folded before Flop



PokerStars Hand #237587386775:  Hold'em No Limit ($0.02/$0.05 USD) - 2022/07/25 15:42:13 PT [2022/07/25 18:42:13 ET]
Table 'Brabantia' 9-max Seat #8 is the button
Seat 1: _Stells666 ($5 in chips) 
Seat 2: cocker 48 ($4.30 in chips) 
Seat 4: mintas997 ($6.98 in chips) 
Seat 5: dabrainberli ($12.45 in chips) 
Seat 6: Acepe}I{aA ($5.39 in chips) 
Seat 7: honzavegas123$ ($3.50 in chips) 
Seat 8: Dorex2007 ($5.46 in chips) 
_Stells666: posts small blind $0.02
cocker 48: posts big blind $0.05
*** HOLE CARDS ***
Dealt to Dorex2007 [Qh Jc]
mintas997: folds 
dabrainberli: calls $0.05
Acepe}I{aA: folds 
honzavegas123$ has timed out
honzavegas123$: folds 
Dorex2007: raises $0.15 to $0.20
_Stells666: folds 
cocker 48: calls $0.15
dabrainberli: calls $0.15
*** FLOP *** [Kd 3h Ad]
cocker 48: bets $0.10
dabrainberli: folds 
Dorex2007: calls $0.10
*** TURN *** [Kd 3h Ad] [Ac]
cocker 48: bets $0.10
Dorex2007: raises $0.15 to $0.25
cocker 48: calls $0.15
*** RIVER *** [Kd 3h Ad Ac] [8h]
cocker 48: bets $0.63
Dorex2007: folds 
Uncalled bet ($0.63) returned to cocker 48
cocker 48 collected $1.27 from pot
cocker 48: doesn't show hand 
*** SUMMARY ***
Total pot $1.32 | Rake $0.05 
Board [Kd 3h Ad Ac 8h]
Seat 1: _Stells666 (small blind) folded before Flop
Seat 2: cocker 48 (big blind) collected ($1.27)
Seat 4: mintas997 folded before Flop (didn't bet)
Seat 5: dabrainberli folded on the Flop
Seat 6: Acepe}I{aA folded before Flop (didn't bet)
Seat 7: honzavegas123$ folded before Flop (didn't bet)
Seat 8: Dorex2007 (button) folded on the River



PokerStars Hand #237587413410:  Hold'em No Limit ($0.02/$0.05 USD) - 2022/07/25 15:43:36 PT [2022/07/25 18:43:36 ET]
Table 'Brabantia' 9-max Seat #1 is the button
Seat 1: _Stells666 ($5 in chips) 
Seat 2: cocker 48 ($5.02 in chips) 
Seat 4: mintas997 ($6.98 in chips) 
Seat 5: dabrainberli ($12.25 in chips) 
Seat 6: Acepe}I{aA ($5.39 in chips) 
Seat 7: honzavegas123$ ($3.50 in chips) 
Seat 8: Dorex2007 ($5 in chips) 
cocker 48: posts small blind $0.02
mintas997: posts big blind $0.05
*** HOLE CARDS ***
Dealt to Dorex2007 [Kh Kd]
dabrainberli: folds 
Acepe}I{aA: raises $0.10 to $0.15
honzavegas123$: calls $0.15
Dorex2007: raises $0.20 to $0.35
_Stells666: folds 
cocker 48: folds 
mintas997: calls $0.30
Acepe}I{aA: calls $0.20
honzavegas123$: calls $0.20
*** FLOP *** [8d 2s Jh]
mintas997: checks 
Acepe}I{aA: checks 
honzavegas123$: bets $0.68
Dorex2007: raises $3.97 to $4.65 and is all-in
mintas997: folds 
Acepe}I{aA: folds 
honzavegas123$: calls $2.47 and is all-in
Uncalled bet ($1.50) returned to Dorex2007
*** TURN *** [8d 2s Jh] [Ah]
*** RIVER *** [8d 2s Jh Ah] [2c]
*** SHOW DOWN ***
honzavegas123$: shows [9s Ts] (a pair of Deuces)
Dorex2007: shows [Kh Kd] (two pair, Kings and Deuces)
Dorex2007 cashed out the hand for $4.62 | Cash Out Fee $0.05
*** SUMMARY ***
Total pot $7.72 | Rake $0.32 
Board [8d 2s Jh Ah 2c]
Seat 1: _Stells666 (button) folded before Flop (didn't bet)
Seat 2: cocker 48 (small blind) folded before Flop
Seat 4: mintas997 (big blind) folded on the Flop
Seat 5: dabrainberli folded before Flop (didn't bet)
Seat 6: Acepe}I{aA folded on the Flop
Seat 7: honzavegas123$ showed [9s Ts] and lost with a pair of Deuces
Seat 8: Dorex2007 showed [Kh Kd] and won ($7.40) with two pair, Kings and Deuces (pot not awarded as player cashed out)



PokerStars Hand #237587436090:  Hold'em No Limit ($0.02/$0.05 USD) - 2022/07/25 15:44:47 PT [2022/07/25 18:44:47 ET]
Table 'Brabantia' 9-max Seat #2 is the button
Seat 1: _Stells666 ($5 in chips) 
Seat 2: cocker 48 ($5 in chips) 
Seat 4: mintas997 ($6.63 in chips) 
Seat 5: dabrainberli ($12.25 in chips) 
Seat 6: Acepe}I{aA ($5.04 in chips) 
Seat 8: Dorex2007 ($6.12 in chips) 
mintas997: posts small blind $0.02
dabrainberli: posts big blind $0.05
*** HOLE CARDS ***
Dealt to Dorex2007 [5c 5s]
Acepe}I{aA: folds 
Dorex2007: calls $0.05
_Stells666: folds 
cocker 48: calls $0.05
mintas997: calls $0.03
dabrainberli: checks 
*** FLOP *** [2c 7s 2s]
honzavegas123$ leaves the table
mintas997: checks 
vlasyk2017 joins the table at seat #7 
dabrainberli: bets $0.05
Dorex2007: calls $0.05
cocker 48: folds 
mintas997: folds 
*** TURN *** [2c 7s 2s] [3c]
dabrainberli: bets $0.05
Dorex2007: folds 
Uncalled bet ($0.05) returned to dabrainberli
dabrainberli collected $0.29 from pot
dabrainberli: doesn't show hand 
*** SUMMARY ***
Total pot $0.30 | Rake $0.01 
Board [2c 7s 2s 3c]
Seat 1: _Stells666 folded before Flop (didn't bet)
Seat 2: cocker 48 (button) folded on the Flop
Seat 4: mintas997 (small blind) folded on the Flop
Seat 5: dabrainberli (big blind) collected ($0.29)
Seat 6: Acepe}I{aA folded before Flop (didn't bet)
Seat 8: Dorex2007 folded on the Turn



PokerStars Hand #237587454561:  Hold'em No Limit ($0.02/$0.05 USD) - 2022/07/25 15:45:44 PT [2022/07/25 18:45:44 ET]
Table 'Brabantia' 9-max Seat #4 is the button
Seat 1: _Stells666 ($5 in chips) 
Seat 2: cocker 48 ($4.95 in chips) 
Seat 4: mintas997 ($6.58 in chips) 
Seat 5: dabrainberli ($12.44 in chips) 
Seat 6: Acepe}I{aA ($5.04 in chips) 
Seat 8: Dorex2007 ($6.02 in chips) 
dabrainberli: posts small blind $0.02
Acepe}I{aA: posts big blind $0.05
vlasyk2017: sits out 
morlockz: sits out 
*** HOLE CARDS ***
Dealt to Dorex2007 [Qd 3d]
Dorex2007: folds 
_Stells666: folds 
cocker 48: folds 
mintas997: raises $0.10 to $0.15
dabrainberli: calls $0.13
TanzeArango leaves the table
Acepe}I{aA: calls $0.10
*** FLOP *** [Kc Td 5s]
dabrainberli: bets $0.05
Acepe}I{aA: calls $0.05
mintas997: calls $0.05
*** TURN *** [Kc Td 5s] [6c]
dabrainberli: bets $0.05
Acepe}I{aA: calls $0.05
6tee joins the table at seat #3 
mintas997: calls $0.05
*** RIVER *** [Kc Td 5s 6c] [Ac]
dabrainberli: bets $0.05
Acepe}I{aA: folds 
mintas997: calls $0.05
*** SHOW DOWN ***
dabrainberli: shows [9d Th] (a pair of Tens)
mintas997: mucks hand 
dabrainberli collected $0.80 from pot
*** SUMMARY ***
Total pot $0.85 | Rake $0.05 
Board [Kc Td 5s 6c Ac]
Seat 1: _Stells666 folded before Flop (didn't bet)
Seat 2: cocker 48 folded before Flop (didn't bet)
Seat 4: mintas997 (button) mucked [8c 8s]
Seat 5: dabrainberli (small blind) showed [9d Th] and won ($0.80) with a pair of Tens
Seat 6: Acepe}I{aA (big blind) folded on the River
Seat 8: Dorex2007 folded before Flop (didn't bet)



PokerStars Hand #237587470571:  Hold'em No Limit ($0.02/$0.05 USD) - 2022/07/25 15:46:34 PT [2022/07/25 18:46:34 ET]
Table 'Brabantia' 9-max Seat #5 is the button
Seat 1: _Stells666 ($5 in chips) 
Seat 2: cocker 48 ($4.95 in chips) 
Seat 3: 6tee ($2.50 in chips) 
Seat 4: mintas997 ($6.28 in chips) 
Seat 5: dabrainberli ($12.94 in chips) 
Seat 6: Acepe}I{aA ($5 in chips) 
Seat 7: vlasyk2017 ($5 in chips) 
Seat 8: Dorex2007 ($6.02 in chips) 
Acepe}I{aA: posts small blind $0.02
vlasyk2017: posts big blind $0.05
morlockz: sits out 
6tee: posts big blind $0.05
*** HOLE CARDS ***
Dealt to Dorex2007 [9h 2s]
Dorex2007: folds 
_Stells666: folds 
cocker 48: calls $0.05
6tee: checks 
mintas997: folds 
dabrainberli: folds 
Acepe}I{aA: calls $0.03
vlasyk2017: checks 
*** FLOP *** [7c 4h 2c]
Acepe}I{aA: checks 
vlasyk2017: checks 
cocker 48: bets $0.09
6tee: calls $0.09
Acepe}I{aA: folds 
vlasyk2017: raises $0.31 to $0.40
cocker 48: folds 
6tee: folds 
Uncalled bet ($0.31) returned to vlasyk2017
vlasyk2017 collected $0.45 from pot
*** SUMMARY ***
Total pot $0.47 | Rake $0.02 
Board [7c 4h 2c]
Seat 1: _Stells666 folded before Flop (didn't bet)
Seat 2: cocker 48 folded on the Flop
Seat 3: 6tee folded on the Flop
Seat 4: mintas997 folded before Flop (didn't bet)
Seat 5: dabrainberli (button) folded before Flop (didn't bet)
Seat 6: Acepe}I{aA (small blind) folded on the Flop
Seat 7: vlasyk2017 (big blind) collected ($0.45)
Seat 8: Dorex2007 folded before Flop (didn't bet)



PokerStars Hand #237587489003:  Hold'em No Limit ($0.02/$0.05 USD) - 2022/07/25 15:47:33 PT [2022/07/25 18:47:33 ET]
Table 'Brabantia' 9-max Seat #6 is the button
Seat 1: _Stells666 ($5 in chips) 
Seat 2: cocker 48 ($4.81 in chips) 
Seat 3: 6tee ($2.36 in chips) 
Seat 4: mintas997 ($6.28 in chips) 
Seat 5: dabrainberli ($12.94 in chips) 
Seat 6: Acepe}I{aA ($5 in chips) 
Seat 7: vlasyk2017 ($5.31 in chips) 
Seat 8: Dorex2007 ($6.02 in chips) 
vlasyk2017: posts small blind $0.02
Dorex2007: posts big blind $0.05
morlockz: sits out 
*** HOLE CARDS ***
Dealt to Dorex2007 [6c Kh]
_Stells666: folds 
cocker 48: folds 
6tee: folds 
mintas997: folds 
dabrainberli: folds 
Acepe}I{aA: folds 
vlasyk2017: raises $0.10 to $0.15
Dorex2007: folds 
Uncalled bet ($0.10) returned to vlasyk2017
vlasyk2017 collected $0.10 from pot
*** SUMMARY ***
Total pot $0.10 | Rake $0 
Seat 1: _Stells666 folded before Flop (didn't bet)
Seat 2: cocker 48 folded before Flop (didn't bet)
Seat 3: 6tee folded before Flop (didn't bet)
Seat 4: mintas997 folded before Flop (didn't bet)
Seat 5: dabrainberli folded before Flop (didn't bet)
Seat 6: Acepe}I{aA (button) folded before Flop (didn't bet)
Seat 7: vlasyk2017 (small blind) collected ($0.10)
Seat 8: Dorex2007 (big blind) folded before Flop



PokerStars Hand #237587493268:  Hold'em No Limit ($0.02/$0.05 USD) - 2022/07/25 15:47:46 PT [2022/07/25 18:47:46 ET]
Table 'Brabantia' 9-max Seat #7 is the button
Seat 1: _Stells666 ($5 in chips) 
Seat 2: cocker 48 ($4.81 in chips) 
Seat 3: 6tee ($2.36 in chips) 
Seat 4: mintas997 ($6.28 in chips) 
Seat 5: dabrainberli ($12.94 in chips) 
Seat 6: Acepe}I{aA ($5 in chips) 
Seat 7: vlasyk2017 ($5.36 in chips) 
Seat 8: Dorex2007 ($5.97 in chips) 
Seat 9: morlockz ($5 in chips) 
Dorex2007: posts small blind $0.02
morlockz: posts big blind $0.05
*** HOLE CARDS ***
Dealt to Dorex2007 [8h 2c]
_Stells666: folds 
cocker 48: folds 
6tee: calls $0.05
mintas997: folds 
dabrainberli: calls $0.05
Acepe}I{aA: folds 
vlasyk2017: folds 
Dorex2007: folds 
morlockz: checks 
*** FLOP *** [Jc Ad 7c]
morlockz: checks 
6tee: bets $0.16
dabrainberli: calls $0.16
morlockz: calls $0.16
*** TURN *** [Jc Ad 7c] [5h]
morlockz: checks 
6tee: bets $0.62
dabrainberli: calls $0.62
morlockz: folds 
*** RIVER *** [Jc Ad 7c 5h] [5d]
6tee: checks 
dabrainberli: checks 
*** SHOW DOWN ***
6tee: shows [As Qs] (two pair, Aces and Fives)
dabrainberli: mucks hand 
6tee collected $1.81 from pot
*** SUMMARY ***
Total pot $1.89 | Rake $0.08 
Board [Jc Ad 7c 5h 5d]
Seat 1: _Stells666 folded before Flop (didn't bet)
Seat 2: cocker 48 folded before Flop (didn't bet)
Seat 3: 6tee showed [As Qs] and won ($1.81) with two pair, Aces and Fives
Seat 4: mintas997 folded before Flop (didn't bet)
Seat 5: dabrainberli mucked [Qh Js]
Seat 6: Acepe}I{aA folded before Flop (didn't bet)
Seat 7: vlasyk2017 (button) folded before Flop (didn't bet)
Seat 8: Dorex2007 (small blind) folded before Flop
Seat 9: morlockz (big blind) folded on the Turn



PokerStars Hand #237587521361:  Hold'em No Limit ($0.02/$0.05 USD) - 2022/07/25 15:48:45 PT [2022/07/25 18:48:45 ET]
Table 'Brabantia' 9-max Seat #8 is the button
Seat 1: _Stells666 ($5 in chips) 
Seat 2: cocker 48 ($4.81 in chips) 
Seat 3: 6tee ($3.34 in chips) 
Seat 4: mintas997 ($6.28 in chips) 
Seat 5: dabrainberli ($12.11 in chips) 
Seat 6: Acepe}I{aA ($5 in chips) 
Seat 7: vlasyk2017 ($5.36 in chips) 
Seat 8: Dorex2007 ($5.95 in chips) 
Seat 9: morlockz ($5 in chips) 
morlockz: posts small blind $0.02
_Stells666: posts big blind $0.05
*** HOLE CARDS ***
Dealt to Dorex2007 [8h 7s]
cocker 48: folds 
6tee: folds 
mintas997: calls $0.05
dabrainberli has timed out
dabrainberli: folds 
Acepe}I{aA: folds 
vlasyk2017: folds 
Dorex2007: folds 
morlockz: calls $0.03
_Stells666: checks 
*** FLOP *** [Qh Qs 6c]
morlockz: checks 
_Stells666: checks 
mintas997: checks 
*** TURN *** [Qh Qs 6c] [Ks]
morlockz: checks 
_Stells666: checks 
mintas997: checks 
*** RIVER *** [Qh Qs 6c Ks] [2h]
morlockz: checks 
_Stells666: checks 
mintas997: checks 
*** SHOW DOWN ***
morlockz: shows [Td 9s] (a pair of Queens)
_Stells666: mucks hand 
mintas997: shows [3s Ad] (a pair of Queens - Ace kicker)
mintas997 collected $0.14 from pot
*** SUMMARY ***
Total pot $0.15 | Rake $0.01 
Board [Qh Qs 6c Ks 2h]
Seat 1: _Stells666 (big blind) mucked [4d Tc]
Seat 2: cocker 48 folded before Flop (didn't bet)
Seat 3: 6tee folded before Flop (didn't bet)
Seat 4: mintas997 showed [3s Ad] and won ($0.14) with a pair of Queens
Seat 5: dabrainberli folded before Flop (didn't bet)
Seat 6: Acepe}I{aA folded before Flop (didn't bet)
Seat 7: vlasyk2017 folded before Flop (didn't bet)
Seat 8: Dorex2007 (button) folded before Flop (didn't bet)
Seat 9: morlockz (small blind) showed [Td 9s] and lost with a pair of Queens



PokerStars Hand #237587536519:  Hold'em No Limit ($0.02/$0.05 USD) - 2022/07/25 15:49:34 PT [2022/07/25 18:49:34 ET]
Table 'Brabantia' 9-max Seat #9 is the button
Seat 1: _Stells666 ($5 in chips) 
Seat 2: cocker 48 ($4.81 in chips) 
Seat 3: 6tee ($3.34 in chips) 
Seat 4: mintas997 ($6.37 in chips) 
Seat 5: dabrainberli ($12.11 in chips) 
Seat 6: Acepe}I{aA ($5 in chips) 
Seat 7: vlasyk2017 ($5.36 in chips) 
Seat 8: Dorex2007 ($5.95 in chips) 
Seat 9: morlockz ($5 in chips) 
_Stells666: posts small blind $0.02
cocker 48: posts big blind $0.05
*** HOLE CARDS ***
Dealt to Dorex2007 [Ks 5s]
6tee: folds 
mintas997: folds 
dabrainberli: folds 
Acepe}I{aA: raises $0.10 to $0.15
vlasyk2017: calls $0.15
Dorex2007: folds 
morlockz: folds 
_Stells666: folds 
cocker 48: calls $0.10
*** FLOP *** [3h 3d Th]
cocker 48: checks 
Acepe}I{aA: checks 
vlasyk2017: checks 
*** TURN *** [3h 3d Th] [Qs]
cocker 48: bets $0.10
Acepe}I{aA: folds 
vlasyk2017: raises $0.30 to $0.40
cocker 48: calls $0.30
*** RIVER *** [3h 3d Th Qs] [5c]
cocker 48: checks 
vlasyk2017: bets $0.70
cocker 48: calls $0.70
*** SHOW DOWN ***
vlasyk2017: shows [Kd Jd] (a pair of Threes)
cocker 48: shows [Ad Tc] (two pair, Tens and Threes)
cocker 48 collected $2.56 from pot
*** SUMMARY ***
Total pot $2.67 | Rake $0.11 
Board [3h 3d Th Qs 5c]
Seat 1: _Stells666 (small blind) folded before Flop
Seat 2: cocker 48 (big blind) showed [Ad Tc] and won ($2.56) with two pair, Tens and Threes
Seat 3: 6tee folded before Flop (didn't bet)
Seat 4: mintas997 folded before Flop (didn't bet)
Seat 5: dabrainberli folded before Flop (didn't bet)
Seat 6: Acepe}I{aA folded on the Turn
Seat 7: vlasyk2017 showed [Kd Jd] and lost with a pair of Threes
Seat 8: Dorex2007 folded before Flop (didn't bet)
Seat 9: morlockz (button) folded before Flop (didn't bet)



PokerStars Hand #237587557158:  Hold'em No Limit ($0.02/$0.05 USD) - 2022/07/25 15:50:40 PT [2022/07/25 18:50:40 ET]
Table 'Brabantia' 9-max Seat #1 is the button
Seat 1: _Stells666 ($5 in chips) 
Seat 2: cocker 48 ($6.12 in chips) 
Seat 3: 6tee ($3.34 in chips) 
Seat 4: mintas997 ($6.37 in chips) 
Seat 5: dabrainberli ($12.11 in chips) 
Seat 6: Acepe}I{aA ($5 in chips) 
Seat 7: vlasyk2017 ($5 in chips) 
Seat 8: Dorex2007 ($5.95 in chips) 
Seat 9: morlockz ($5 in chips) 
cocker 48: posts small blind $0.02
6tee: posts big blind $0.05
*** HOLE CARDS ***
Dealt to Dorex2007 [4s 7h]
mintas997: folds 
dabrainberli: folds 
Acepe}I{aA: folds 
vlasyk2017: folds 
Dorex2007: folds 
morlockz: folds 
_Stells666: raises $0.10 to $0.15
cocker 48: folds 
6tee: folds 
Uncalled bet ($0.10) returned to _Stells666
_Stells666 collected $0.12 from pot
_Stells666: doesn't show hand 
*** SUMMARY ***
Total pot $0.12 | Rake $0 
Seat 1: _Stells666 (button) collected ($0.12)
Seat 2: cocker 48 (small blind) folded before Flop
Seat 3: 6tee (big blind) folded before Flop
Seat 4: mintas997 folded before Flop (didn't bet)
Seat 5: dabrainberli folded before Flop (didn't bet)
Seat 6: Acepe}I{aA folded before Flop (didn't bet)
Seat 7: vlasyk2017 folded before Flop (didn't bet)
Seat 8: Dorex2007 folded before Flop (didn't bet)
Seat 9: morlockz folded before Flop (didn't bet)



PokerStars Hand #237587571862:  Hold'em No Limit ($0.02/$0.05 USD) - 2022/07/25 15:51:00 PT [2022/07/25 18:51:00 ET]
Table 'Brabantia' 9-max Seat #2 is the button
Seat 1: _Stells666 ($5.07 in chips) 
Seat 2: cocker 48 ($6.10 in chips) 
Seat 3: 6tee ($3.29 in chips) 
Seat 4: mintas997 ($6.37 in chips) 
Seat 5: dabrainberli ($12.11 in chips) 
Seat 6: Acepe}I{aA ($5 in chips) 
Seat 7: vlasyk2017 ($5 in chips) 
Seat 8: Dorex2007 ($5.95 in chips) 
Seat 9: morlockz ($5 in chips) 
6tee: posts small blind $0.02
mintas997: posts big blind $0.05
*** HOLE CARDS ***
Dealt to Dorex2007 [9h 3h]
dabrainberli: folds 
Acepe}I{aA: folds 
vlasyk2017: folds 
Dorex2007: folds 
morlockz: folds 
_Stells666: folds 
cocker 48: folds 
6tee: raises $0.10 to $0.15
mintas997: folds 
Uncalled bet ($0.10) returned to 6tee
6tee collected $0.10 from pot
*** SUMMARY ***
Total pot $0.10 | Rake $0 
Seat 1: _Stells666 folded before Flop (didn't bet)
Seat 2: cocker 48 (button) folded before Flop (didn't bet)
Seat 3: 6tee (small blind) collected ($0.10)
Seat 4: mintas997 (big blind) folded before Flop
Seat 5: dabrainberli folded before Flop (didn't bet)
Seat 6: Acepe}I{aA folded before Flop (didn't bet)
Seat 7: vlasyk2017 folded before Flop (didn't bet)
Seat 8: Dorex2007 folded before Flop (didn't bet)
Seat 9: morlockz folded before Flop (didn't bet)



PokerStars Hand #237587577587:  Hold'em No Limit ($0.02/$0.05 USD) - 2022/07/25 15:51:18 PT [2022/07/25 18:51:18 ET]
Table 'Brabantia' 9-max Seat #3 is the button
Seat 1: _Stells666 ($5.07 in chips) 
Seat 2: cocker 48 ($6.10 in chips) 
Seat 3: 6tee ($3.34 in chips) 
Seat 4: mintas997 ($6.32 in chips) 
Seat 5: dabrainberli ($12.11 in chips) 
Seat 6: Acepe}I{aA ($5 in chips) 
Seat 7: vlasyk2017 ($5 in chips) 
Seat 8: Dorex2007 ($5.95 in chips) 
Seat 9: morlockz ($5 in chips) 
mintas997: posts small blind $0.02
dabrainberli: posts big blind $0.05
*** HOLE CARDS ***
Dealt to Dorex2007 [5c Qd]
Acepe}I{aA: folds 
vlasyk2017: folds 
Dorex2007: folds 
morlockz: folds 
_Stells666: folds 
cocker 48: calls $0.05
6tee: folds 
mintas997: folds 
dabrainberli: raises $0.05 to $0.10
cocker 48: calls $0.05
*** FLOP *** [Jd 5h Jh]
dabrainberli: bets $0.10
cocker 48: calls $0.10
*** TURN *** [Jd 5h Jh] [Th]
dabrainberli: bets $0.20
cocker 48: raises $0.40 to $0.60
dabrainberli: raises $1.60 to $2.20
cocker 48: calls $1.60
*** RIVER *** [Jd 5h Jh Th] [4s]
dabrainberli: bets $4.62
cocker 48: calls $3.70 and is all-in
Uncalled bet ($0.92) returned to dabrainberli
*** SHOW DOWN ***
dabrainberli: shows [Js Kc] (three of a kind, Jacks)
cocker 48: shows [Qs Jc] (three of a kind, Jacks - lower kicker)
dabrainberli collected $11.58 from pot
*** SUMMARY ***
Total pot $12.22 | Rake $0.64 
Board [Jd 5h Jh Th 4s]
Seat 1: _Stells666 folded before Flop (didn't bet)
Seat 2: cocker 48 showed [Qs Jc] and lost with three of a kind, Jacks
Seat 3: 6tee (button) folded before Flop (didn't bet)
Seat 4: mintas997 (small blind) folded before Flop
Seat 5: dabrainberli (big blind) showed [Js Kc] and won ($11.58) with three of a kind, Jacks
Seat 6: Acepe}I{aA folded before Flop (didn't bet)
Seat 7: vlasyk2017 folded before Flop (didn't bet)
Seat 8: Dorex2007 folded before Flop (didn't bet)
Seat 9: morlockz folded before Flop (didn't bet)



PokerStars Hand #237587595344:  Hold'em No Limit ($0.02/$0.05 USD) - 2022/07/25 15:52:15 PT [2022/07/25 18:52:15 ET]
Table 'Brabantia' 9-max Seat #4 is the button
Seat 1: _Stells666 ($5.07 in chips) 
Seat 3: 6tee ($3.34 in chips) 
Seat 4: mintas997 ($6.30 in chips) 
Seat 5: dabrainberli ($17.59 in chips) 
Seat 6: Acepe}I{aA ($5 in chips) 
Seat 7: vlasyk2017 ($5 in chips) 
Seat 8: Dorex2007 ($5.95 in chips) 
Seat 9: morlockz ($5 in chips) 
dabrainberli: posts small blind $0.02
Acepe}I{aA: posts big blind $0.05
*** HOLE CARDS ***
Dealt to Dorex2007 [Qc Ad]
vlasyk2017: folds 
Dorex2007: raises $0.05 to $0.10
morlockz: folds 
_Stells666: folds 
6tee has timed out
6tee: folds 
mintas997: folds 
dabrainberli: calls $0.08
Acepe}I{aA: folds 
*** FLOP *** [8s 3d Ah]
dabrainberli: bets $0.05
Dorex2007: calls $0.05
*** TURN *** [8s 3d Ah] [Jh]
dabrainberli: bets $0.05
Dorex2007: calls $0.05
*** RIVER *** [8s 3d Ah Jh] [8d]
dabrainberli: checks 
Dorex2007: checks 
*** SHOW DOWN ***
dabrainberli: shows [4c 2c] (a pair of Eights)
Dorex2007: shows [Qc Ad] (two pair, Aces and Eights)
Dorex2007 collected $0.43 from pot
*** SUMMARY ***
Total pot $0.45 | Rake $0.02 
Board [8s 3d Ah Jh 8d]
Seat 1: _Stells666 folded before Flop (didn't bet)
Seat 3: 6tee folded before Flop (didn't bet)
Seat 4: mintas997 (button) folded before Flop (didn't bet)
Seat 5: dabrainberli (small blind) showed [4c 2c] and lost with a pair of Eights
Seat 6: Acepe}I{aA (big blind) folded before Flop
Seat 7: vlasyk2017 folded before Flop (didn't bet)
Seat 8: Dorex2007 showed [Qc Ad] and won ($0.43) with two pair, Aces and Eights
Seat 9: morlockz folded before Flop (didn't bet)



PokerStars Hand #237587614911:  Hold'em No Limit ($0.02/$0.05 USD) - 2022/07/25 15:53:18 PT [2022/07/25 18:53:18 ET]
Table 'Brabantia' 9-max Seat #5 is the button
Seat 1: _Stells666 ($5.07 in chips) 
Seat 2: cocker 48 ($5 in chips) 
Seat 4: mintas997 ($6.30 in chips) 
Seat 5: dabrainberli ($17.39 in chips) 
Seat 6: Acepe}I{aA ($5 in chips) 
Seat 7: vlasyk2017 ($5 in chips) 
Seat 8: Dorex2007 ($6.18 in chips) 
Seat 9: morlockz ($5 in chips) 
Acepe}I{aA: posts small blind $0.02
vlasyk2017: posts big blind $0.05
*** HOLE CARDS ***
Dealt to Dorex2007 [7h 3s]
Dorex2007: folds 
morlockz: folds 
_Stells666: folds 
cocker 48: calls $0.05
mintas997: folds 
dabrainberli: calls $0.05
Acepe}I{aA: calls $0.03
vlasyk2017: checks 
*** FLOP *** [5h 8d 8c]
Acepe}I{aA: checks 
vlasyk2017: checks 
cocker 48: checks 
dabrainberli: bets $0.05
Acepe}I{aA: folds 
vlasyk2017: calls $0.05
cocker 48: calls $0.05
*** TURN *** [5h 8d 8c] [Qd]
vlasyk2017: bets $0.15
cocker 48: folds 
dabrainberli: calls $0.15
*** RIVER *** [5h 8d 8c Qd] [4h]
vlasyk2017: bets $0.40
dabrainberli: folds 
Uncalled bet ($0.40) returned to vlasyk2017
vlasyk2017 collected $0.62 from pot
*** SUMMARY ***
Total pot $0.65 | Rake $0.03 
Board [5h 8d 8c Qd 4h]
Seat 1: _Stells666 folded before Flop (didn't bet)
Seat 2: cocker 48 folded on the Turn
Seat 4: mintas997 folded before Flop (didn't bet)
Seat 5: dabrainberli (button) folded on the River
Seat 6: Acepe}I{aA (small blind) folded on the Flop
Seat 7: vlasyk2017 (big blind) collected ($0.62)
Seat 8: Dorex2007 folded before Flop (didn't bet)
Seat 9: morlockz folded before Flop (didn't bet)



PokerStars Hand #237587633866:  Hold'em No Limit ($0.02/$0.05 USD) - 2022/07/25 15:54:20 PT [2022/07/25 18:54:20 ET]
Table 'Brabantia' 9-max Seat #6 is the button
Seat 1: _Stells666 ($5.07 in chips) 
Seat 2: cocker 48 ($4.90 in chips) 
Seat 4: mintas997 ($6.30 in chips) 
Seat 5: dabrainberli ($17.14 in chips) 
Seat 6: Acepe}I{aA ($5 in chips) 
Seat 7: vlasyk2017 ($5.37 in chips) 
Seat 8: Dorex2007 ($6.18 in chips) 
Seat 9: morlockz ($5 in chips) 
vlasyk2017: posts small blind $0.02
Dorex2007: posts big blind $0.05
*** HOLE CARDS ***
Dealt to Dorex2007 [9c Qh]
morlockz: folds 
_Stells666: folds 
cocker 48: calls $0.05
mintas997: folds 
dabrainberli: folds 
Acepe}I{aA: folds 
vlasyk2017: folds 
Dorex2007: checks 
*** FLOP *** [Ah 9s 8s]
Dorex2007: checks 
cocker 48: checks 
*** TURN *** [Ah 9s 8s] [Th]
Dorex2007: bets $0.06
cocker 48: calls $0.06
*** RIVER *** [Ah 9s 8s Th] [8d]
Dorex2007: checks 
cocker 48: bets $0.05
Dorex2007: calls $0.05
*** SHOW DOWN ***
cocker 48: shows [Kd Td] (two pair, Tens and Eights)
Dorex2007: mucks hand 
cocker 48 collected $0.33 from pot
*** SUMMARY ***
Total pot $0.34 | Rake $0.01 
Board [Ah 9s 8s Th 8d]
Seat 1: _Stells666 folded before Flop (didn't bet)
Seat 2: cocker 48 showed [Kd Td] and won ($0.33) with two pair, Tens and Eights
Seat 4: mintas997 folded before Flop (didn't bet)
Seat 5: dabrainberli folded before Flop (didn't bet)
Seat 6: Acepe}I{aA (button) folded before Flop (didn't bet)
Seat 7: vlasyk2017 (small blind) folded before Flop
Seat 8: Dorex2007 (big blind) mucked [9c Qh]
Seat 9: morlockz folded before Flop (didn't bet)



PokerStars Hand #237587641682:  Hold'em No Limit ($0.02/$0.05 USD) - 2022/07/25 15:54:46 PT [2022/07/25 18:54:46 ET]
Table 'Brabantia' 9-max Seat #7 is the button
Seat 1: _Stells666 ($5.07 in chips) 
Seat 2: cocker 48 ($5.07 in chips) 
Seat 4: mintas997 ($6.30 in chips) 
Seat 5: dabrainberli ($17.14 in chips) 
Seat 6: Acepe}I{aA ($5 in chips) 
Seat 7: vlasyk2017 ($5.35 in chips) 
Seat 8: Dorex2007 ($6.02 in chips) 
Seat 9: morlockz ($5 in chips) 
Dorex2007: posts small blind $0.02
morlockz: posts big blind $0.05
*** HOLE CARDS ***
Dealt to Dorex2007 [7h 4c]
_Stells666: folds 
cocker 48: calls $0.05
mintas997: folds 
dabrainberli: calls $0.05
Acepe}I{aA: folds 
vlasyk2017: folds 
Dorex2007: folds 
morlockz: checks 
*** FLOP *** [Ts Qs 8h]
morlockz: checks 
cocker 48: checks 
dabrainberli: bets $0.16
morlockz: folds 
cocker 48: calls $0.16
*** TURN *** [Ts Qs 8h] [2c]
cocker 48: checks 
dabrainberli: bets $0.05
cocker 48: calls $0.05
*** RIVER *** [Ts Qs 8h 2c] [Ad]
cocker 48: checks 
dabrainberli: bets $0.57
cocker 48: raises $0.57 to $1.14
dabrainberli: raises $0.57 to $1.71
cocker 48: raises $3.10 to $4.81 and is all-in
dabrainberli: calls $3.10
*** SHOW DOWN ***
cocker 48: shows [Js Ks] (a straight, Ten to Ace)
dabrainberli: shows [As Th] (two pair, Aces and Tens)
cocker 48 collected $9.79 from pot
*** SUMMARY ***
Total pot $10.21 | Rake $0.42 
Board [Ts Qs 8h 2c Ad]
Seat 1: _Stells666 folded before Flop (didn't bet)
Seat 2: cocker 48 showed [Js Ks] and won ($9.79) with a straight, Ten to Ace
Seat 4: mintas997 folded before Flop (didn't bet)
Seat 5: dabrainberli showed [As Th] and lost with two pair, Aces and Tens
Seat 6: Acepe}I{aA folded before Flop (didn't bet)
Seat 7: vlasyk2017 (button) folded before Flop (didn't bet)
Seat 8: Dorex2007 (small blind) folded before Flop
Seat 9: morlockz (big blind) folded on the Flop



PokerStars Hand #237587658335:  Hold'em No Limit ($0.02/$0.05 USD) - 2022/07/25 15:55:50 PT [2022/07/25 18:55:50 ET]
Table 'Brabantia' 9-max Seat #8 is the button
Seat 1: _Stells666 ($5.07 in chips) 
Seat 2: cocker 48 ($9.79 in chips) 
Seat 4: mintas997 ($6.30 in chips) 
Seat 5: dabrainberli ($12.07 in chips) 
Seat 6: Acepe}I{aA ($5 in chips) 
Seat 7: vlasyk2017 ($5.35 in chips) 
Seat 8: Dorex2007 ($6 in chips) 
Seat 9: morlockz ($5 in chips) 
morlockz: posts small blind $0.02
_Stells666: posts big blind $0.05
*** HOLE CARDS ***
Dealt to Dorex2007 [6s 4c]
cocker 48: calls $0.05
mintas997: calls $0.05
dabrainberli: calls $0.05
Acepe}I{aA: folds 
vlasyk2017: folds 
Dorex2007: folds 
morlockz: folds 
_Stells666: checks 
*** FLOP *** [Qs Ad 8c]
_Stells666: checks 
cocker 48: bets $0.05
mintas997: calls $0.05
dabrainberli: raises $0.36 to $0.41
_Stells666: folds 
cocker 48: folds 
mintas997: folds 
Uncalled bet ($0.36) returned to dabrainberli
dabrainberli collected $0.35 from pot
dabrainberli: doesn't show hand 
*** SUMMARY ***
Total pot $0.37 | Rake $0.02 
Board [Qs Ad 8c]
Seat 1: _Stells666 (big blind) folded on the Flop
Seat 2: cocker 48 folded on the Flop
Seat 4: mintas997 folded on the Flop
Seat 5: dabrainberli collected ($0.35)
Seat 6: Acepe}I{aA folded before Flop (didn't bet)
Seat 7: vlasyk2017 folded before Flop (didn't bet)
Seat 8: Dorex2007 (button) folded before Flop (didn't bet)
Seat 9: morlockz (small blind) folded before Flop



PokerStars Hand #237587666876:  Hold'em No Limit ($0.02/$0.05 USD) - 2022/07/25 15:56:25 PT [2022/07/25 18:56:25 ET]
Table 'Brabantia' 9-max Seat #9 is the button
Seat 1: _Stells666 ($5.02 in chips) 
Seat 2: cocker 48 ($9.69 in chips) 
Seat 4: mintas997 ($6.20 in chips) 
Seat 5: dabrainberli ($12.32 in chips) 
Seat 6: Acepe}I{aA ($5 in chips) 
Seat 7: vlasyk2017 ($5.35 in chips) 
Seat 8: Dorex2007 ($6 in chips) 
Seat 9: morlockz ($5 in chips) 
_Stells666: posts small blind $0.02
cocker 48: posts big blind $0.05
*** HOLE CARDS ***
Dealt to Dorex2007 [2h 4d]
mintas997: folds 
dabrainberli: calls $0.05
Acepe}I{aA: folds 
vlasyk2017: folds 
Dorex2007: folds 
morlockz: folds 
_Stells666: folds 
cocker 48: checks 
*** FLOP *** [7h Kh Ac]
cocker 48: bets $0.05
dabrainberli: raises $0.05 to $0.10
cocker 48: calls $0.05
*** TURN *** [7h Kh Ac] [Ts]
cocker 48: checks 
dabrainberli: bets $0.05
cocker 48: calls $0.05
*** RIVER *** [7h Kh Ac Ts] [Jc]
cocker 48: bets $0.20
dabrainberli: calls $0.20
*** SHOW DOWN ***
cocker 48: shows [8c Qc] (a straight, Ten to Ace)
dabrainberli: mucks hand 
cocker 48 collected $0.79 from pot
*** SUMMARY ***
Total pot $0.82 | Rake $0.03 
Board [7h Kh Ac Ts Jc]
Seat 1: _Stells666 (small blind) folded before Flop
Seat 2: cocker 48 (big blind) showed [8c Qc] and won ($0.79) with a straight, Ten to Ace
Seat 4: mintas997 folded before Flop (didn't bet)
Seat 5: dabrainberli mucked [Ks 4s]
Seat 6: Acepe}I{aA folded before Flop (didn't bet)
Seat 7: vlasyk2017 folded before Flop (didn't bet)
Seat 8: Dorex2007 folded before Flop (didn't bet)
Seat 9: morlockz (button) folded before Flop (didn't bet)



PokerStars Hand #237587680111:  Hold'em No Limit ($0.02/$0.05 USD) - 2022/07/25 15:57:18 PT [2022/07/25 18:57:18 ET]
Table 'Brabantia' 9-max Seat #1 is the button
Seat 1: _Stells666 ($5 in chips) 
Seat 2: cocker 48 ($10.08 in chips) 
Seat 4: mintas997 ($6.20 in chips) 
Seat 5: dabrainberli ($11.92 in chips) 
Seat 6: Acepe}I{aA ($5 in chips) 
Seat 7: vlasyk2017 ($5.35 in chips) 
Seat 8: Dorex2007 ($6 in chips) 
Seat 9: morlockz ($5 in chips) 
cocker 48: posts small blind $0.02
mintas997: posts big blind $0.05
*** HOLE CARDS ***
Dealt to Dorex2007 [3d 2s]
dabrainberli: calls $0.05
Acepe}I{aA: folds 
vlasyk2017: folds 
Dorex2007: folds 
morlockz: folds 
_Stells666: calls $0.05
cocker 48: calls $0.03
mintas997: checks 
*** FLOP *** [Jh 7c 4s]
cocker 48: checks 
mintas997: checks 
dabrainberli: bets $0.05
_Stells666: folds 
cocker 48: folds 
mintas997: calls $0.05
*** TURN *** [Jh 7c 4s] [Jc]
mintas997: checks 
dabrainberli: bets $0.05
mintas997: calls $0.05
*** RIVER *** [Jh 7c 4s Jc] [4c]
mintas997: checks 
dabrainberli: checks 
*** SHOW DOWN ***
mintas997: shows [7s Tc] (two pair, Jacks and Sevens)
dabrainberli: mucks hand 
mintas997 collected $0.38 from pot
*** SUMMARY ***
Total pot $0.40 | Rake $0.02 
Board [Jh 7c 4s Jc 4c]
Seat 1: _Stells666 (button) folded on the Flop
Seat 2: cocker 48 (small blind) folded on the Flop
Seat 4: mintas997 (big blind) showed [7s Tc] and won ($0.38) with two pair, Jacks and Sevens
Seat 5: dabrainberli mucked [5h 7h]
Seat 6: Acepe}I{aA folded before Flop (didn't bet)
Seat 7: vlasyk2017 folded before Flop (didn't bet)
Seat 8: Dorex2007 folded before Flop (didn't bet)
Seat 9: morlockz folded before Flop (didn't bet)



PokerStars Hand #237587690572:  Hold'em No Limit ($0.02/$0.05 USD) - 2022/07/25 15:58:01 PT [2022/07/25 18:58:01 ET]
Table 'Brabantia' 9-max Seat #2 is the button
Seat 1: _Stells666 ($5 in chips) 
Seat 2: cocker 48 ($10.03 in chips) 
Seat 4: mintas997 ($6.43 in chips) 
Seat 5: dabrainberli ($11.77 in chips) 
Seat 6: Acepe}I{aA ($5 in chips) 
Seat 7: vlasyk2017 ($5.35 in chips) 
Seat 8: Dorex2007 ($6 in chips) 
Seat 9: morlockz ($5 in chips) 
mintas997: posts small blind $0.02
dabrainberli: posts big blind $0.05
*** HOLE CARDS ***
Dealt to Dorex2007 [3h 4c]
Acepe}I{aA: folds 
vlasyk2017: folds 
Dorex2007: folds 
morlockz: folds 
_Stells666: raises $0.09 to $0.14
cocker 48: folds 
mintas997: folds 
dabrainberli: folds 
Uncalled bet ($0.09) returned to _Stells666
_Stells666 collected $0.12 from pot
_Stells666: doesn't show hand 
*** SUMMARY ***
Total pot $0.12 | Rake $0 
Seat 1: _Stells666 collected ($0.12)
Seat 2: cocker 48 (button) folded before Flop (didn't bet)
Seat 4: mintas997 (small blind) folded before Flop
Seat 5: dabrainberli (big blind) folded before Flop
Seat 6: Acepe}I{aA folded before Flop (didn't bet)
Seat 7: vlasyk2017 folded before Flop (didn't bet)
Seat 8: Dorex2007 folded before Flop (didn't bet)
Seat 9: morlockz folded before Flop (didn't bet)



