PokerStars Hand #237188524666:  Hold'em No Limit ($0.01/$0.02 USD) - 2022/07/05 20:41:20 PT [2022/07/05 23:41:20 ET]
Table 'Vinifera II' 9-max Seat #8 is the button
Seat 1: Dorex2007 ($2 in chips) 
Seat 2: RxxTJ ($2.33 in chips) 
Seat 3: CestLavie95 ($1.98 in chips) 
Seat 4: SleepyShepherd ($2.80 in chips) 
Seat 5: Rldm96 ($2.64 in chips) 
Seat 6: BarryA113N ($4.58 in chips) 
Seat 7: 505Lazza ($2.39 in chips) 
Seat 8: RealKoi ($4.10 in chips) 
Seat 9: frosa9397 ($1.98 in chips) 
frosa9397: posts small blind $0.01
Dorex2007: posts big blind $0.02
*** HOLE CARDS ***
Dealt to Dorex2007 [9h 3d]
RxxTJ: folds 
CestLavie95: raises $0.02 to $0.04
SleepyShepherd: folds 
Rldm96: folds 
BarryA113N: raises $0.04 to $0.08
505Lazza: folds 
RealKoi: calls $0.08
frosa9397: folds 
Dorex2007: folds 
CestLavie95: folds 
*** FLOP *** [Ts 8h 7s]
BarryA113N: bets $0.11
RealKoi: calls $0.11
*** TURN *** [Ts 8h 7s] [2s]
BarryA113N: bets $0.20
RealKoi: folds 
Uncalled bet ($0.20) returned to BarryA113N
BarryA113N collected $0.43 from pot
*** SUMMARY ***
Total pot $0.45 | Rake $0.02 
Board [Ts 8h 7s 2s]
Seat 1: Dorex2007 (big blind) folded before Flop
Seat 2: RxxTJ folded before Flop (didn't bet)
Seat 3: CestLavie95 folded before Flop
Seat 4: SleepyShepherd folded before Flop (didn't bet)
Seat 5: Rldm96 folded before Flop (didn't bet)
Seat 6: BarryA113N collected ($0.43)
Seat 7: 505Lazza folded before Flop (didn't bet)
Seat 8: RealKoi (button) folded on the Turn
Seat 9: frosa9397 (small blind) folded before Flop



PokerStars Hand #237188536106:  Hold'em No Limit ($0.01/$0.02 USD) - 2022/07/05 20:42:40 PT [2022/07/05 23:42:40 ET]
Table 'Vinifera II' 9-max Seat #9 is the button
Seat 1: Dorex2007 ($2 in chips) 
Seat 2: RxxTJ ($2.33 in chips) 
Seat 3: CestLavie95 ($1.94 in chips) 
Seat 4: SleepyShepherd ($2.80 in chips) 
Seat 5: Rldm96 ($2.64 in chips) 
Seat 6: BarryA113N ($4.82 in chips) 
Seat 7: 505Lazza ($2.39 in chips) 
Seat 8: RealKoi ($3.91 in chips) 
Seat 9: frosa9397 ($1.97 in chips) 
Dorex2007: posts small blind $0.01
RxxTJ: posts big blind $0.02
*** HOLE CARDS ***
Dealt to Dorex2007 [5s Ad]
CestLavie95: folds 
SleepyShepherd: raises $0.04 to $0.06
Rldm96: folds 
BarryA113N: calls $0.06
505Lazza: folds 
RealKoi: folds 
frosa9397: folds 
Dorex2007: folds 
RxxTJ: calls $0.04
*** FLOP *** [Qd Qs 6c]
RxxTJ: checks 
SleepyShepherd: bets $0.09
BarryA113N: calls $0.09
RxxTJ: folds 
*** TURN *** [Qd Qs 6c] [4c]
SleepyShepherd: bets $0.18
BarryA113N: calls $0.18
*** RIVER *** [Qd Qs 6c 4c] [Ks]
SleepyShepherd: bets $0.70
BarryA113N: calls $0.70
*** SHOW DOWN ***
SleepyShepherd: shows [9d Kc] (two pair, Kings and Queens)
BarryA113N: shows [Qh Jc] (three of a kind, Queens)
BarryA113N collected $2.06 from pot
*** SUMMARY ***
Total pot $2.13 | Rake $0.07 
Board [Qd Qs 6c 4c Ks]
Seat 1: Dorex2007 (small blind) folded before Flop
Seat 2: RxxTJ (big blind) folded on the Flop
Seat 3: CestLavie95 folded before Flop (didn't bet)
Seat 4: SleepyShepherd showed [9d Kc] and lost with two pair, Kings and Queens
Seat 5: Rldm96 folded before Flop (didn't bet)
Seat 6: BarryA113N showed [Qh Jc] and won ($2.06) with three of a kind, Queens
Seat 7: 505Lazza folded before Flop (didn't bet)
Seat 8: RealKoi folded before Flop (didn't bet)
Seat 9: frosa9397 (button) folded before Flop (didn't bet)



PokerStars Hand #237188542157:  Hold'em No Limit ($0.01/$0.02 USD) - 2022/07/05 20:43:22 PT [2022/07/05 23:43:22 ET]
Table 'Vinifera II' 9-max Seat #1 is the button
Seat 1: Dorex2007 ($2 in chips) 
Seat 2: RxxTJ ($2.27 in chips) 
Seat 3: CestLavie95 ($1.94 in chips) 
Seat 4: SleepyShepherd ($1.77 in chips) 
Seat 5: Rldm96 ($2.64 in chips) 
Seat 6: BarryA113N ($5.85 in chips) 
Seat 7: 505Lazza ($2.39 in chips) 
Seat 8: RealKoi ($3.91 in chips) 
Seat 9: frosa9397 ($1.97 in chips) 
RxxTJ: posts small blind $0.01
CestLavie95: posts big blind $0.02
*** HOLE CARDS ***
Dealt to Dorex2007 [9d 9s]
SleepyShepherd: raises $0.09 to $0.11
Rldm96: folds 
BarryA113N: folds 
505Lazza: calls $0.11
RealKoi: folds 
frosa9397: folds 
Dorex2007: folds 
RxxTJ: folds 
CestLavie95: folds 
*** FLOP *** [Js Qc 5s]
SleepyShepherd: bets $0.12
505Lazza: folds 
Uncalled bet ($0.12) returned to SleepyShepherd
SleepyShepherd collected $0.24 from pot
*** SUMMARY ***
Total pot $0.25 | Rake $0.01 
Board [Js Qc 5s]
Seat 1: Dorex2007 (button) folded before Flop (didn't bet)
Seat 2: RxxTJ (small blind) folded before Flop
Seat 3: CestLavie95 (big blind) folded before Flop
Seat 4: SleepyShepherd collected ($0.24)
Seat 5: Rldm96 folded before Flop (didn't bet)
Seat 6: BarryA113N folded before Flop (didn't bet)
Seat 7: 505Lazza folded on the Flop
Seat 8: RealKoi folded before Flop (didn't bet)
Seat 9: frosa9397 folded before Flop (didn't bet)



PokerStars Hand #237188546732:  Hold'em No Limit ($0.01/$0.02 USD) - 2022/07/05 20:43:54 PT [2022/07/05 23:43:54 ET]
Table 'Vinifera II' 9-max Seat #2 is the button
Seat 1: Dorex2007 ($2 in chips) 
Seat 2: RxxTJ ($2.26 in chips) 
Seat 3: CestLavie95 ($1.92 in chips) 
Seat 4: SleepyShepherd ($2 in chips) 
Seat 5: Rldm96 ($2.64 in chips) 
Seat 6: BarryA113N ($5.85 in chips) 
Seat 7: 505Lazza ($2.28 in chips) 
Seat 8: RealKoi ($3.91 in chips) 
Seat 9: frosa9397 ($1.97 in chips) 
CestLavie95: posts small blind $0.01
SleepyShepherd: posts big blind $0.02
*** HOLE CARDS ***
Dealt to Dorex2007 [Th 9h]
Rldm96: folds 
BarryA113N: folds 
505Lazza: folds 
RealKoi: folds 
frosa9397: folds 
Dorex2007: calls $0.02
RxxTJ: folds 
CestLavie95: folds 
SleepyShepherd: raises $0.05 to $0.07
Dorex2007: calls $0.05
*** FLOP *** [4h 5d 7d]
SleepyShepherd: bets $0.07
Dorex2007: folds 
Uncalled bet ($0.07) returned to SleepyShepherd
SleepyShepherd collected $0.14 from pot
*** SUMMARY ***
Total pot $0.15 | Rake $0.01 
Board [4h 5d 7d]
Seat 1: Dorex2007 folded on the Flop
Seat 2: RxxTJ (button) folded before Flop (didn't bet)
Seat 3: CestLavie95 (small blind) folded before Flop
Seat 4: SleepyShepherd (big blind) collected ($0.14)
Seat 5: Rldm96 folded before Flop (didn't bet)
Seat 6: BarryA113N folded before Flop (didn't bet)
Seat 7: 505Lazza folded before Flop (didn't bet)
Seat 8: RealKoi folded before Flop (didn't bet)
Seat 9: frosa9397 folded before Flop (didn't bet)



PokerStars Hand #237188551823:  Hold'em No Limit ($0.01/$0.02 USD) - 2022/07/05 20:44:29 PT [2022/07/05 23:44:29 ET]
Table 'Vinifera II' 9-max Seat #3 is the button
Seat 1: Dorex2007 ($2 in chips) 
Seat 2: RxxTJ ($2.26 in chips) 
Seat 3: CestLavie95 ($1.91 in chips) 
Seat 4: SleepyShepherd ($2.07 in chips) 
Seat 5: Rldm96 ($2.64 in chips) 
Seat 6: BarryA113N ($5.85 in chips) 
Seat 7: 505Lazza ($2.28 in chips) 
Seat 8: RealKoi ($3.91 in chips) 
Seat 9: frosa9397 ($1.97 in chips) 
SleepyShepherd: posts small blind $0.01
Rldm96: posts big blind $0.02
*** HOLE CARDS ***
Dealt to Dorex2007 [3c 8d]
BarryA113N: folds 
505Lazza: folds 
RealKoi: folds 
frosa9397: folds 
Dorex2007: folds 
RxxTJ: raises $0.04 to $0.06
CestLavie95: folds 
SleepyShepherd: raises $0.14 to $0.20
Rldm96: folds 
RxxTJ: folds 
Uncalled bet ($0.14) returned to SleepyShepherd
SleepyShepherd collected $0.14 from pot
*** SUMMARY ***
Total pot $0.14 | Rake $0 
Seat 1: Dorex2007 folded before Flop (didn't bet)
Seat 2: RxxTJ folded before Flop
Seat 3: CestLavie95 (button) folded before Flop (didn't bet)
Seat 4: SleepyShepherd (small blind) collected ($0.14)
Seat 5: Rldm96 (big blind) folded before Flop
Seat 6: BarryA113N folded before Flop (didn't bet)
Seat 7: 505Lazza folded before Flop (didn't bet)
Seat 8: RealKoi folded before Flop (didn't bet)
Seat 9: frosa9397 folded before Flop (didn't bet)



PokerStars Hand #237188556154:  Hold'em No Limit ($0.01/$0.02 USD) - 2022/07/05 20:44:59 PT [2022/07/05 23:44:59 ET]
Table 'Vinifera II' 9-max Seat #4 is the button
Seat 1: Dorex2007 ($2 in chips) 
Seat 2: RxxTJ ($2.20 in chips) 
Seat 3: CestLavie95 ($1.91 in chips) 
Seat 4: SleepyShepherd ($2.15 in chips) 
Seat 5: Rldm96 ($2.62 in chips) 
Seat 6: BarryA113N ($5.85 in chips) 
Seat 7: 505Lazza ($2.28 in chips) 
Seat 8: RealKoi ($3.91 in chips) 
Seat 9: frosa9397 ($1.97 in chips) 
Rldm96: posts small blind $0.01
BarryA113N: posts big blind $0.02
*** HOLE CARDS ***
Dealt to Dorex2007 [7h 6d]
505Lazza: calls $0.02
RealKoi: folds 
frosa9397: folds 
Dorex2007: folds 
RxxTJ: folds 
CestLavie95: folds 
SleepyShepherd: folds 
Rldm96: calls $0.01
BarryA113N: checks 
*** FLOP *** [9s Kh 8h]
Rldm96: checks 
BarryA113N: checks 
505Lazza: bets $0.04
Rldm96: calls $0.04
BarryA113N: calls $0.04
*** TURN *** [9s Kh 8h] [Ad]
Rldm96: checks 
BarryA113N: checks 
505Lazza: bets $0.14
Rldm96: raises $0.14 to $0.28
BarryA113N: folds 
505Lazza: folds 
Uncalled bet ($0.14) returned to Rldm96
Rldm96 collected $0.44 from pot
*** SUMMARY ***
Total pot $0.46 | Rake $0.02 
Board [9s Kh 8h Ad]
Seat 1: Dorex2007 folded before Flop (didn't bet)
Seat 2: RxxTJ folded before Flop (didn't bet)
Seat 3: CestLavie95 folded before Flop (didn't bet)
Seat 4: SleepyShepherd (button) folded before Flop (didn't bet)
Seat 5: Rldm96 (small blind) collected ($0.44)
Seat 6: BarryA113N (big blind) folded on the Turn
Seat 7: 505Lazza folded on the Turn
Seat 8: RealKoi folded before Flop (didn't bet)
Seat 9: frosa9397 folded before Flop (didn't bet)



PokerStars Hand #237188566319:  Hold'em No Limit ($0.01/$0.02 USD) - 2022/07/05 20:46:09 PT [2022/07/05 23:46:09 ET]
Table 'Vinifera II' 9-max Seat #5 is the button
Seat 1: Dorex2007 ($2 in chips) 
Seat 2: RxxTJ ($2.20 in chips) 
Seat 3: CestLavie95 ($1.91 in chips) 
Seat 4: SleepyShepherd ($2.15 in chips) 
Seat 5: Rldm96 ($2.86 in chips) 
Seat 6: BarryA113N ($5.79 in chips) 
Seat 8: RealKoi ($3.91 in chips) 
Seat 9: frosa9397 ($1.97 in chips) 
BarryA113N: posts small blind $0.01
505Lazza: is sitting out 
RealKoi: posts big blind $0.02
*** HOLE CARDS ***
Dealt to Dorex2007 [Ts Ah]
505Lazza leaves the table
frosa9397: folds 
Dorex2007: folds 
RxxTJ: folds 
CestLavie95: folds 
SleepyShepherd: folds 
Rldm96: calls $0.02
pericocó joins the table at seat #7 
BarryA113N: calls $0.01
RealKoi: raises $0.02 to $0.04
Rldm96: calls $0.02
BarryA113N: calls $0.02
*** FLOP *** [Ac Jh 6s]
BarryA113N: checks 
RealKoi: bets $0.04
Rldm96: folds 
BarryA113N: calls $0.04
*** TURN *** [Ac Jh 6s] [5s]
BarryA113N: checks 
RealKoi: bets $0.02
BarryA113N: calls $0.02
*** RIVER *** [Ac Jh 6s 5s] [4h]
BarryA113N: checks 
RealKoi: bets $0.10
BarryA113N: folds 
Uncalled bet ($0.10) returned to RealKoi
RealKoi collected $0.23 from pot
*** SUMMARY ***
Total pot $0.24 | Rake $0.01 
Board [Ac Jh 6s 5s 4h]
Seat 1: Dorex2007 folded before Flop (didn't bet)
Seat 2: RxxTJ folded before Flop (didn't bet)
Seat 3: CestLavie95 folded before Flop (didn't bet)
Seat 4: SleepyShepherd folded before Flop (didn't bet)
Seat 5: Rldm96 (button) folded on the Flop
Seat 6: BarryA113N (small blind) folded on the River
Seat 8: RealKoi (big blind) collected ($0.23)
Seat 9: frosa9397 folded before Flop (didn't bet)



PokerStars Hand #237188582909:  Hold'em No Limit ($0.01/$0.02 USD) - 2022/07/05 20:47:48 PT [2022/07/05 23:47:48 ET]
Table 'Vinifera II' 9-max Seat #6 is the button
Seat 1: Dorex2007 ($2 in chips) 
Seat 2: RxxTJ ($2.20 in chips) 
Seat 3: CestLavie95 ($1.91 in chips) 
Seat 4: SleepyShepherd ($2.15 in chips) 
Seat 5: Rldm96 ($2.82 in chips) 
Seat 6: BarryA113N ($5.69 in chips) 
Seat 8: RealKoi ($4.04 in chips) 
Seat 9: frosa9397 ($1.97 in chips) 
RealKoi: posts small blind $0.01
frosa9397: posts big blind $0.02
*** HOLE CARDS ***
Dealt to Dorex2007 [8c Kh]
Dorex2007: folds 
RxxTJ: folds 
CestLavie95: folds 
SleepyShepherd: folds 
Rldm96: folds 
BarryA113N: folds 
RealKoi: calls $0.01
frosa9397: checks 
*** FLOP *** [Qd Th 8h]
RealKoi: bets $0.02
frosa9397: folds 
Uncalled bet ($0.02) returned to RealKoi
RealKoi collected $0.04 from pot
*** SUMMARY ***
Total pot $0.04 | Rake $0 
Board [Qd Th 8h]
Seat 1: Dorex2007 folded before Flop (didn't bet)
Seat 2: RxxTJ folded before Flop (didn't bet)
Seat 3: CestLavie95 folded before Flop (didn't bet)
Seat 4: SleepyShepherd folded before Flop (didn't bet)
Seat 5: Rldm96 folded before Flop (didn't bet)
Seat 6: BarryA113N (button) folded before Flop (didn't bet)
Seat 8: RealKoi (small blind) collected ($0.04)
Seat 9: frosa9397 (big blind) folded on the Flop



PokerStars Hand #237188587706:  Hold'em No Limit ($0.01/$0.02 USD) - 2022/07/05 20:48:22 PT [2022/07/05 23:48:22 ET]
Table 'Vinifera II' 9-max Seat #8 is the button
Seat 1: Dorex2007 ($2 in chips) 
Seat 2: RxxTJ ($2.20 in chips) 
Seat 3: CestLavie95 ($1.91 in chips) 
Seat 4: SleepyShepherd ($2.15 in chips) 
Seat 5: Rldm96 ($2.82 in chips) 
Seat 6: BarryA113N ($5.69 in chips) 
Seat 7: pericocó ($2 in chips) 
Seat 8: RealKoi ($4.06 in chips) 
Seat 9: frosa9397 ($1.95 in chips) 
frosa9397: posts small blind $0.01
Dorex2007: posts big blind $0.02
pericocó: posts big blind $0.02
*** HOLE CARDS ***
Dealt to Dorex2007 [2c 3h]
RxxTJ: folds 
CestLavie95: raises $0.02 to $0.04
SleepyShepherd: raises $0.13 to $0.17
Rldm96: folds 
BarryA113N: folds 
pericocó is connected 
pericocó: calls $0.15
RealKoi: folds 
frosa9397: folds 
Dorex2007: folds 
CestLavie95: folds 
*** FLOP *** [9s 2h 4s]
SleepyShepherd: bets $0.20
pericocó: folds 
Uncalled bet ($0.20) returned to SleepyShepherd
SleepyShepherd collected $0.40 from pot
*** SUMMARY ***
Total pot $0.41 | Rake $0.01 
Board [9s 2h 4s]
Seat 1: Dorex2007 (big blind) folded before Flop
Seat 2: RxxTJ folded before Flop (didn't bet)
Seat 3: CestLavie95 folded before Flop
Seat 4: SleepyShepherd collected ($0.40)
Seat 5: Rldm96 folded before Flop (didn't bet)
Seat 6: BarryA113N folded before Flop (didn't bet)
Seat 7: pericocó folded on the Flop
Seat 8: RealKoi (button) folded before Flop (didn't bet)
Seat 9: frosa9397 (small blind) folded before Flop



PokerStars Hand #237188598875:  Hold'em No Limit ($0.01/$0.02 USD) - 2022/07/05 20:49:25 PT [2022/07/05 23:49:25 ET]
Table 'Vinifera II' 9-max Seat #9 is the button
Seat 1: Dorex2007 ($2 in chips) 
Seat 2: RxxTJ ($2.20 in chips) 
Seat 3: CestLavie95 ($1.96 in chips) 
Seat 4: SleepyShepherd ($2.38 in chips) 
Seat 5: Rldm96 ($2.82 in chips) 
Seat 6: BarryA113N ($5.69 in chips) 
Seat 7: pericocó ($1.83 in chips) 
Seat 8: RealKoi ($4.06 in chips) 
Seat 9: frosa9397 ($1.94 in chips) 
Dorex2007: posts small blind $0.01
RxxTJ: posts big blind $0.02
*** HOLE CARDS ***
Dealt to Dorex2007 [5s 3h]
CestLavie95: calls $0.02
SleepyShepherd: folds 
Rldm96: calls $0.02
BarryA113N: folds 
pericocó: calls $0.02
RealKoi: calls $0.02
frosa9397: folds 
Dorex2007: folds 
RxxTJ: checks 
*** FLOP *** [Jc 7d 4c]
RxxTJ: checks 
CestLavie95: bets $0.10
Rldm96: folds 
pericocó: calls $0.10
RealKoi: folds 
RxxTJ: folds 
*** TURN *** [Jc 7d 4c] [4d]
CestLavie95: bets $0.34
pericocó: calls $0.34
*** RIVER *** [Jc 7d 4c 4d] [6c]
CestLavie95: bets $0.72
pericocó: calls $0.72
*** SHOW DOWN ***
CestLavie95: shows [4h 4s] (four of a kind, Fours)
pericocó: mucks hand 
CestLavie95 collected $2.34 from pot
*** SUMMARY ***
Total pot $2.43 | Rake $0.09 
Board [Jc 7d 4c 4d 6c]
Seat 1: Dorex2007 (small blind) folded before Flop
Seat 2: RxxTJ (big blind) folded on the Flop
Seat 3: CestLavie95 showed [4h 4s] and won ($2.34) with four of a kind, Fours
Seat 4: SleepyShepherd folded before Flop (didn't bet)
Seat 5: Rldm96 folded on the Flop
Seat 6: BarryA113N folded before Flop (didn't bet)
Seat 7: pericocó mucked [Js Qc]
Seat 8: RealKoi folded on the Flop
Seat 9: frosa9397 (button) folded before Flop (didn't bet)



PokerStars Hand #237188614406:  Hold'em No Limit ($0.01/$0.02 USD) - 2022/07/05 20:51:16 PT [2022/07/05 23:51:16 ET]
Table 'Vinifera II' 9-max Seat #1 is the button
Seat 1: Dorex2007 ($2 in chips) 
Seat 2: RxxTJ ($2.18 in chips) 
Seat 3: CestLavie95 ($3.12 in chips) 
Seat 4: SleepyShepherd ($2.38 in chips) 
Seat 5: Rldm96 ($2.80 in chips) 
Seat 6: BarryA113N ($5.69 in chips) 
Seat 7: pericocó ($0.65 in chips) 
Seat 8: RealKoi ($4.04 in chips) 
Seat 9: frosa9397 ($1.94 in chips) 
RxxTJ: posts small blind $0.01
CestLavie95: posts big blind $0.02
*** HOLE CARDS ***
Dealt to Dorex2007 [4s Ac]
SleepyShepherd: folds 
Rldm96: folds 
BarryA113N: calls $0.02
pericocó: folds 
RealKoi: calls $0.02
frosa9397: folds 
Dorex2007 has timed out
Dorex2007: folds 
RxxTJ: folds 
CestLavie95: checks 
*** FLOP *** [3h 9h Kc]
CestLavie95: checks 
BarryA113N: bets $0.02
RealKoi: folds 
CestLavie95: calls $0.02
*** TURN *** [3h 9h Kc] [6c]
CestLavie95: checks 
BarryA113N: bets $0.06
CestLavie95: folds 
Uncalled bet ($0.06) returned to BarryA113N
BarryA113N collected $0.11 from pot
*** SUMMARY ***
Total pot $0.11 | Rake $0 
Board [3h 9h Kc 6c]
Seat 1: Dorex2007 (button) folded before Flop (didn't bet)
Seat 2: RxxTJ (small blind) folded before Flop
Seat 3: CestLavie95 (big blind) folded on the Turn
Seat 4: SleepyShepherd folded before Flop (didn't bet)
Seat 5: Rldm96 folded before Flop (didn't bet)
Seat 6: BarryA113N collected ($0.11)
Seat 7: pericocó folded before Flop (didn't bet)
Seat 8: RealKoi folded on the Flop
Seat 9: frosa9397 folded before Flop (didn't bet)



PokerStars Hand #237188624114:  Hold'em No Limit ($0.01/$0.02 USD) - 2022/07/05 20:52:25 PT [2022/07/05 23:52:25 ET]
Table 'Vinifera II' 9-max Seat #2 is the button
Seat 1: Dorex2007 ($2 in chips) 
Seat 2: RxxTJ ($2.17 in chips) 
Seat 3: CestLavie95 ($3.08 in chips) 
Seat 4: SleepyShepherd ($2.38 in chips) 
Seat 5: Rldm96 ($2.80 in chips) 
Seat 6: BarryA113N ($5.76 in chips) 
Seat 7: pericocó ($0.65 in chips) 
Seat 8: RealKoi ($4.02 in chips) 
Seat 9: frosa9397 ($1.94 in chips) 
CestLavie95: posts small blind $0.01
SleepyShepherd: posts big blind $0.02
*** HOLE CARDS ***
Dealt to Dorex2007 [Qs 4c]
Rldm96: folds 
BarryA113N: folds 
pericocó: folds 
RealKoi: calls $0.02
frosa9397: folds 
Dorex2007: folds 
RxxTJ: raises $0.06 to $0.08
CestLavie95: folds 
SleepyShepherd: raises $0.19 to $0.27
RealKoi: folds 
RxxTJ: calls $0.19
*** FLOP *** [3h 5c 6s]
SleepyShepherd: bets $0.27
RxxTJ: folds 
Uncalled bet ($0.27) returned to SleepyShepherd
SleepyShepherd collected $0.55 from pot
*** SUMMARY ***
Total pot $0.57 | Rake $0.02 
Board [3h 5c 6s]
Seat 1: Dorex2007 folded before Flop (didn't bet)
Seat 2: RxxTJ (button) folded on the Flop
Seat 3: CestLavie95 (small blind) folded before Flop
Seat 4: SleepyShepherd (big blind) collected ($0.55)
Seat 5: Rldm96 folded before Flop (didn't bet)
Seat 6: BarryA113N folded before Flop (didn't bet)
Seat 7: pericocó folded before Flop (didn't bet)
Seat 8: RealKoi folded before Flop
Seat 9: frosa9397 folded before Flop (didn't bet)



PokerStars Hand #237188631438:  Hold'em No Limit ($0.01/$0.02 USD) - 2022/07/05 20:53:18 PT [2022/07/05 23:53:18 ET]
Table 'Vinifera II' 9-max Seat #3 is the button
Seat 1: Dorex2007 ($2 in chips) 
Seat 2: RxxTJ ($1.90 in chips) 
Seat 3: CestLavie95 ($3.07 in chips) 
Seat 4: SleepyShepherd ($2.66 in chips) 
Seat 5: Rldm96 ($2.80 in chips) 
Seat 6: BarryA113N ($5.76 in chips) 
Seat 7: pericocó ($0.65 in chips) 
Seat 8: RealKoi ($4 in chips) 
Seat 9: frosa9397 ($1.94 in chips) 
SleepyShepherd: posts small blind $0.01
Rldm96: posts big blind $0.02
*** HOLE CARDS ***
Dealt to Dorex2007 [Ac 7h]
BarryA113N: folds 
pericocó: folds 
RealKoi: folds 
frosa9397: folds 
Dorex2007: folds 
RxxTJ: folds 
CestLavie95: folds 
SleepyShepherd: folds 
Uncalled bet ($0.01) returned to Rldm96
Rldm96 collected $0.02 from pot
*** SUMMARY ***
Total pot $0.02 | Rake $0 
Seat 1: Dorex2007 folded before Flop (didn't bet)
Seat 2: RxxTJ folded before Flop (didn't bet)
Seat 3: CestLavie95 (button) folded before Flop (didn't bet)
Seat 4: SleepyShepherd (small blind) folded before Flop
Seat 5: Rldm96 (big blind) collected ($0.02)
Seat 6: BarryA113N folded before Flop (didn't bet)
Seat 7: pericocó folded before Flop (didn't bet)
Seat 8: RealKoi folded before Flop (didn't bet)
Seat 9: frosa9397 folded before Flop (didn't bet)



PokerStars Hand #237188633764:  Hold'em No Limit ($0.01/$0.02 USD) - 2022/07/05 20:53:35 PT [2022/07/05 23:53:35 ET]
Table 'Vinifera II' 9-max Seat #4 is the button
Seat 1: Dorex2007 ($2 in chips) 
Seat 2: RxxTJ ($1.90 in chips) 
Seat 3: CestLavie95 ($3.07 in chips) 
Seat 4: SleepyShepherd ($2.65 in chips) 
Seat 5: Rldm96 ($2.81 in chips) 
Seat 6: BarryA113N ($5.76 in chips) 
Seat 7: pericocó ($0.65 in chips) 
Seat 8: RealKoi ($4 in chips) 
Seat 9: frosa9397 ($1.94 in chips) 
Rldm96: posts small blind $0.01
BarryA113N: posts big blind $0.02
*** HOLE CARDS ***
Dealt to Dorex2007 [2s Ks]
pericocó: folds 
RealKoi: raises $0.02 to $0.04
frosa9397: folds 
Dorex2007: folds 
RxxTJ: folds 
CestLavie95: folds 
SleepyShepherd: calls $0.04
Rldm96: calls $0.03
BarryA113N: folds 
*** FLOP *** [3h 2h Js]
Rldm96: checks 
RealKoi: bets $0.06
SleepyShepherd: folds 
Rldm96: folds 
Uncalled bet ($0.06) returned to RealKoi
RealKoi collected $0.14 from pot
*** SUMMARY ***
Total pot $0.14 | Rake $0 
Board [3h 2h Js]
Seat 1: Dorex2007 folded before Flop (didn't bet)
Seat 2: RxxTJ folded before Flop (didn't bet)
Seat 3: CestLavie95 folded before Flop (didn't bet)
Seat 4: SleepyShepherd (button) folded on the Flop
Seat 5: Rldm96 (small blind) folded on the Flop
Seat 6: BarryA113N (big blind) folded before Flop
Seat 7: pericocó folded before Flop (didn't bet)
Seat 8: RealKoi collected ($0.14)
Seat 9: frosa9397 folded before Flop (didn't bet)



PokerStars Hand #237188641256:  Hold'em No Limit ($0.01/$0.02 USD) - 2022/07/05 20:54:30 PT [2022/07/05 23:54:30 ET]
Table 'Vinifera II' 9-max Seat #5 is the button
Seat 1: Dorex2007 ($2 in chips) 
Seat 2: RxxTJ ($1.90 in chips) 
Seat 3: CestLavie95 ($3.07 in chips) 
Seat 4: SleepyShepherd ($2.61 in chips) 
Seat 5: Rldm96 ($2.77 in chips) 
Seat 6: BarryA113N ($5.74 in chips) 
Seat 7: pericocó ($0.65 in chips) 
Seat 8: RealKoi ($4.10 in chips) 
Seat 9: frosa9397 ($1.94 in chips) 
BarryA113N: posts small blind $0.01
pericocó: posts big blind $0.02
*** HOLE CARDS ***
Dealt to Dorex2007 [Ts 3c]
RealKoi: folds 
frosa9397: folds 
Dorex2007: folds 
RxxTJ: raises $0.04 to $0.06
CestLavie95: folds 
SleepyShepherd: folds 
Rldm96: folds 
BarryA113N: calls $0.05
pericocó: calls $0.04
*** FLOP *** [Ks 9h Js]
BarryA113N: checks 
pericocó: checks 
RxxTJ: checks 
*** TURN *** [Ks 9h Js] [Tc]
BarryA113N: checks 
pericocó: checks 
RxxTJ: checks 
*** RIVER *** [Ks 9h Js Tc] [4c]
BarryA113N: bets $0.17
pericocó: folds 
RxxTJ: folds 
Uncalled bet ($0.17) returned to BarryA113N
BarryA113N collected $0.17 from pot
*** SUMMARY ***
Total pot $0.18 | Rake $0.01 
Board [Ks 9h Js Tc 4c]
Seat 1: Dorex2007 folded before Flop (didn't bet)
Seat 2: RxxTJ folded on the River
Seat 3: CestLavie95 folded before Flop (didn't bet)
Seat 4: SleepyShepherd folded before Flop (didn't bet)
Seat 5: Rldm96 (button) folded before Flop (didn't bet)
Seat 6: BarryA113N (small blind) collected ($0.17)
Seat 7: pericocó (big blind) folded on the River
Seat 8: RealKoi folded before Flop (didn't bet)
Seat 9: frosa9397 folded before Flop (didn't bet)



PokerStars Hand #237188651234:  Hold'em No Limit ($0.01/$0.02 USD) - 2022/07/05 20:55:49 PT [2022/07/05 23:55:49 ET]
Table 'Vinifera II' 9-max Seat #6 is the button
Seat 1: Dorex2007 ($2 in chips) 
Seat 2: RxxTJ ($1.84 in chips) 
Seat 3: CestLavie95 ($3.07 in chips) 
Seat 4: SleepyShepherd ($2.61 in chips) 
Seat 5: Rldm96 ($2.77 in chips) 
Seat 6: BarryA113N ($5.85 in chips) 
Seat 7: pericocó ($0.59 in chips) 
Seat 8: RealKoi ($4.10 in chips) 
Seat 9: frosa9397 ($1.94 in chips) 
pericocó: posts small blind $0.01
RealKoi: posts big blind $0.02
*** HOLE CARDS ***
Dealt to Dorex2007 [4d 3s]
frosa9397: folds 
Dorex2007: folds 
RxxTJ: folds 
CestLavie95: folds 
SleepyShepherd: folds 
Rldm96: calls $0.02
BarryA113N: folds 
pericocó: calls $0.01
RealKoi: checks 
*** FLOP *** [5c Td 3h]
pericocó: checks 
RealKoi: checks 
Rldm96: checks 
*** TURN *** [5c Td 3h] [As]
pericocó: checks 
RealKoi: bets $0.02
Rldm96: calls $0.02
pericocó: folds 
*** RIVER *** [5c Td 3h As] [Qd]
RealKoi: bets $0.02
Rldm96: raises $0.03 to $0.05
RealKoi: calls $0.03
*** SHOW DOWN ***
Rldm96: shows [Jh Ks] (a straight, Ten to Ace)
RealKoi: mucks hand 
Rldm96 collected $0.19 from pot
*** SUMMARY ***
Total pot $0.20 | Rake $0.01 
Board [5c Td 3h As Qd]
Seat 1: Dorex2007 folded before Flop (didn't bet)
Seat 2: RxxTJ folded before Flop (didn't bet)
Seat 3: CestLavie95 folded before Flop (didn't bet)
Seat 4: SleepyShepherd folded before Flop (didn't bet)
Seat 5: Rldm96 showed [Jh Ks] and won ($0.19) with a straight, Ten to Ace
Seat 6: BarryA113N (button) folded before Flop (didn't bet)
Seat 7: pericocó (small blind) folded on the Turn
Seat 8: RealKoi (big blind) mucked [Ad 6h]
Seat 9: frosa9397 folded before Flop (didn't bet)



PokerStars Hand #237188665763:  Hold'em No Limit ($0.01/$0.02 USD) - 2022/07/05 20:56:45 PT [2022/07/05 23:56:45 ET]
Table 'Vinifera II' 9-max Seat #7 is the button
Seat 1: Dorex2007 ($2 in chips) 
Seat 2: RxxTJ ($1.84 in chips) 
Seat 3: CestLavie95 ($3.07 in chips) 
Seat 4: SleepyShepherd ($2.61 in chips) 
Seat 5: Rldm96 ($2.87 in chips) 
Seat 6: BarryA113N ($5.85 in chips) 
Seat 7: pericocó ($0.57 in chips) 
Seat 8: RealKoi ($4.01 in chips) 
Seat 9: frosa9397 ($1.94 in chips) 
RealKoi: posts small blind $0.01
frosa9397: posts big blind $0.02
*** HOLE CARDS ***
Dealt to Dorex2007 [3c 6h]
Dorex2007: folds 
RxxTJ: raises $0.04 to $0.06
CestLavie95: folds 
SleepyShepherd: folds 
Rldm96: folds 
BarryA113N: folds 
pericocó: calls $0.06
RealKoi: folds 
frosa9397: folds 
*** FLOP *** [4d 5c 8s]
RxxTJ: checks 
pericocó: checks 
*** TURN *** [4d 5c 8s] [Td]
RxxTJ: bets $0.06
pericocó: raises $0.14 to $0.20
RxxTJ: folds 
Uncalled bet ($0.14) returned to pericocó
pericocó collected $0.26 from pot
*** SUMMARY ***
Total pot $0.27 | Rake $0.01 
Board [4d 5c 8s Td]
Seat 1: Dorex2007 folded before Flop (didn't bet)
Seat 2: RxxTJ folded on the Turn
Seat 3: CestLavie95 folded before Flop (didn't bet)
Seat 4: SleepyShepherd folded before Flop (didn't bet)
Seat 5: Rldm96 folded before Flop (didn't bet)
Seat 6: BarryA113N folded before Flop (didn't bet)
Seat 7: pericocó (button) collected ($0.26)
Seat 8: RealKoi (small blind) folded before Flop
Seat 9: frosa9397 (big blind) folded before Flop



PokerStars Hand #237188671545:  Hold'em No Limit ($0.01/$0.02 USD) - 2022/07/05 20:57:35 PT [2022/07/05 23:57:35 ET]
Table 'Vinifera II' 9-max Seat #8 is the button
Seat 1: Dorex2007 ($2 in chips) 
Seat 2: RxxTJ ($1.72 in chips) 
Seat 3: CestLavie95 ($3.07 in chips) 
Seat 4: SleepyShepherd ($2.61 in chips) 
Seat 5: Rldm96 ($2.87 in chips) 
Seat 6: BarryA113N ($5.85 in chips) 
Seat 7: pericocó ($0.71 in chips) 
Seat 8: RealKoi ($4 in chips) 
Seat 9: frosa9397 ($1.92 in chips) 
frosa9397: posts small blind $0.01
Dorex2007: posts big blind $0.02
*** HOLE CARDS ***
Dealt to Dorex2007 [7c 7d]
RxxTJ: folds 
CestLavie95: folds 
SleepyShepherd: raises $0.04 to $0.06
Rldm96: folds 
BarryA113N: calls $0.06
pericocó: folds 
RealKoi: calls $0.06
frosa9397: calls $0.05
Dorex2007: calls $0.04
*** FLOP *** [3h 3d Qc]
frosa9397: bets $0.16
Dorex2007: folds 
SleepyShepherd: folds 
BarryA113N: folds 
RealKoi: folds 
Uncalled bet ($0.16) returned to frosa9397
frosa9397 collected $0.29 from pot
*** SUMMARY ***
Total pot $0.30 | Rake $0.01 
Board [3h 3d Qc]
Seat 1: Dorex2007 (big blind) folded on the Flop
Seat 2: RxxTJ folded before Flop (didn't bet)
Seat 3: CestLavie95 folded before Flop (didn't bet)
Seat 4: SleepyShepherd folded on the Flop
Seat 5: Rldm96 folded before Flop (didn't bet)
Seat 6: BarryA113N folded on the Flop
Seat 7: pericocó folded before Flop (didn't bet)
Seat 8: RealKoi (button) folded on the Flop
Seat 9: frosa9397 (small blind) collected ($0.29)



PokerStars Hand #237188678034:  Hold'em No Limit ($0.01/$0.02 USD) - 2022/07/05 20:58:32 PT [2022/07/05 23:58:32 ET]
Table 'Vinifera II' 9-max Seat #9 is the button
Seat 1: Dorex2007 ($2 in chips) 
Seat 2: RxxTJ ($1.72 in chips) 
Seat 3: CestLavie95 ($3.07 in chips) 
Seat 4: SleepyShepherd ($2.55 in chips) 
Seat 5: Rldm96 ($2.87 in chips) 
Seat 6: BarryA113N ($5.79 in chips) 
Seat 7: pericocó ($0.71 in chips) 
Seat 8: RealKoi ($3.94 in chips) 
Seat 9: frosa9397 ($2.15 in chips) 
Dorex2007: posts small blind $0.01
RxxTJ: posts big blind $0.02
*** HOLE CARDS ***
Dealt to Dorex2007 [8c 8h]
CestLavie95: folds 
SleepyShepherd: folds 
Rldm96: folds 
BarryA113N: folds 
pericocó: folds 
RealKoi: folds 
frosa9397: calls $0.02
Dorex2007: calls $0.01
RxxTJ: checks 
*** FLOP *** [Ac Ad 8d]
Dorex2007: checks 
RxxTJ: checks 
frosa9397: bets $0.04
Dorex2007: calls $0.04
RxxTJ: folds 
*** TURN *** [Ac Ad 8d] [Qs]
Dorex2007: bets $0.07
frosa9397: folds 
Uncalled bet ($0.07) returned to Dorex2007
Dorex2007 collected $0.14 from pot
*** SUMMARY ***
Total pot $0.14 | Rake $0 
Board [Ac Ad 8d Qs]
Seat 1: Dorex2007 (small blind) collected ($0.14)
Seat 2: RxxTJ (big blind) folded on the Flop
Seat 3: CestLavie95 folded before Flop (didn't bet)
Seat 4: SleepyShepherd folded before Flop (didn't bet)
Seat 5: Rldm96 folded before Flop (didn't bet)
Seat 6: BarryA113N folded before Flop (didn't bet)
Seat 7: pericocó folded before Flop (didn't bet)
Seat 8: RealKoi folded before Flop (didn't bet)
Seat 9: frosa9397 (button) folded on the Turn



PokerStars Hand #237188684941:  Hold'em No Limit ($0.01/$0.02 USD) - 2022/07/05 20:59:35 PT [2022/07/05 23:59:35 ET]
Table 'Vinifera II' 9-max Seat #1 is the button
Seat 1: Dorex2007 ($2.08 in chips) 
Seat 2: RxxTJ ($1.70 in chips) 
Seat 3: CestLavie95 ($3.07 in chips) 
Seat 4: SleepyShepherd ($2.55 in chips) 
Seat 5: Rldm96 ($2.87 in chips) 
Seat 6: BarryA113N ($5.79 in chips) 
Seat 7: pericocó ($0.71 in chips) 
Seat 8: RealKoi ($3.94 in chips) 
Seat 9: frosa9397 ($2.09 in chips) 
RxxTJ: posts small blind $0.01
CestLavie95: posts big blind $0.02
*** HOLE CARDS ***
Dealt to Dorex2007 [Td Js]
SleepyShepherd: folds 
Rldm96: calls $0.02
BarryA113N: folds 
pericocó: raises $0.08 to $0.10
RealKoi: folds 
frosa9397: raises $0.29 to $0.39
Dorex2007: folds 
RxxTJ: folds 
CestLavie95: folds 
Rldm96: folds 
pericocó: calls $0.29
*** FLOP *** [3c 4s Qh]
pericocó: checks 
frosa9397: bets $0.22
pericocó: raises $0.10 to $0.32 and is all-in
frosa9397: calls $0.10
*** TURN *** [3c 4s Qh] [Qc]
*** RIVER *** [3c 4s Qh Qc] [2d]
*** SHOW DOWN ***
pericocó: shows [Ah Ac] (two pair, Aces and Queens)
frosa9397: shows [Ad As] (two pair, Aces and Queens)
pericocó collected $0.71 from pot
frosa9397 collected $0.71 from pot
*** SUMMARY ***
Total pot $1.47 | Rake $0.05 
Board [3c 4s Qh Qc 2d]
Seat 1: Dorex2007 (button) folded before Flop (didn't bet)
Seat 2: RxxTJ (small blind) folded before Flop
Seat 3: CestLavie95 (big blind) folded before Flop
Seat 4: SleepyShepherd folded before Flop (didn't bet)
Seat 5: Rldm96 folded before Flop
Seat 6: BarryA113N folded before Flop (didn't bet)
Seat 7: pericocó showed [Ah Ac] and won ($0.71) with two pair, Aces and Queens
Seat 8: RealKoi folded before Flop (didn't bet)
Seat 9: frosa9397 showed [Ad As] and won ($0.71) with two pair, Aces and Queens



