PokerStars Hand #237148604449:  Hold'em No Limit ($0.01/$0.02 USD) - 2022/07/03 19:37:45 PT [2022/07/03 22:37:45 ET]
Table 'Roxane III' 9-max Seat #5 is the button
Seat 1: olbap_104 ($1.97 in chips) 
Seat 2: JLP89 ($2 in chips) 
Seat 3: Dorex2007 ($2 in chips) 
Seat 5: lochness89 ($3.03 in chips) 
Seat 6: cberto09 ($2.04 in chips) 
Seat 7: o'travolta ($0.27 in chips) 
Seat 8: metalhead55593 ($3.50 in chips) 
cberto09: posts small blind $0.01
o'travolta: posts big blind $0.02
Dorex2007: posts big blind $0.02
*** HOLE CARDS ***
Dealt to Dorex2007 [2c Jd]
metalhead55593: folds 
olbap_104: folds 
JLP89: folds 
Dorex2007: checks 
lochness89: folds 
cberto09: folds 
o'travolta: checks 
*** FLOP *** [6h 5d 7h]
o'travolta: bets $0.04
Dorex2007: folds 
Uncalled bet ($0.04) returned to o'travolta
o'travolta collected $0.05 from pot
*** SUMMARY ***
Total pot $0.05 | Rake $0 
Board [6h 5d 7h]
Seat 1: olbap_104 folded before Flop (didn't bet)
Seat 2: JLP89 folded before Flop (didn't bet)
Seat 3: Dorex2007 folded on the Flop (didn't bet)
Seat 5: lochness89 (button) folded before Flop (didn't bet)
Seat 6: cberto09 (small blind) folded before Flop
Seat 7: o'travolta (big blind) collected ($0.05)
Seat 8: metalhead55593 folded before Flop (didn't bet)



PokerStars Hand #237148608343:  Hold'em No Limit ($0.01/$0.02 USD) - 2022/07/03 19:38:11 PT [2022/07/03 22:38:11 ET]
Table 'Roxane III' 9-max Seat #6 is the button
Seat 1: olbap_104 ($1.97 in chips) 
Seat 2: JLP89 ($2 in chips) 
Seat 3: Dorex2007 ($2 in chips) 
Seat 5: lochness89 ($3.03 in chips) 
Seat 6: cberto09 ($2.03 in chips) 
Seat 7: o'travolta ($0.30 in chips) 
Seat 8: metalhead55593 ($3.50 in chips) 
o'travolta: posts small blind $0.01
metalhead55593: posts big blind $0.02
*** HOLE CARDS ***
Dealt to Dorex2007 [7d 8s]
olbap_104: folds 
JLP89: folds 
Dorex2007: folds 
lochness89: folds 
cberto09: folds 
o'travolta: calls $0.01
metalhead55593: checks 
*** FLOP *** [Qs Ks 5h]
o'travolta: checks 
metalhead55593: bets $0.02
o'travolta: raises $0.04 to $0.06
metalhead55593: folds 
Uncalled bet ($0.04) returned to o'travolta
o'travolta collected $0.08 from pot
*** SUMMARY ***
Total pot $0.08 | Rake $0 
Board [Qs Ks 5h]
Seat 1: olbap_104 folded before Flop (didn't bet)
Seat 2: JLP89 folded before Flop (didn't bet)
Seat 3: Dorex2007 folded before Flop (didn't bet)
Seat 5: lochness89 folded before Flop (didn't bet)
Seat 6: cberto09 (button) folded before Flop (didn't bet)
Seat 7: o'travolta (small blind) collected ($0.08)
Seat 8: metalhead55593 (big blind) folded on the Flop



PokerStars Hand #237148613098:  Hold'em No Limit ($0.01/$0.02 USD) - 2022/07/03 19:38:42 PT [2022/07/03 22:38:42 ET]
Table 'Roxane III' 9-max Seat #7 is the button
Seat 1: olbap_104 ($1.97 in chips) 
Seat 2: JLP89 ($2 in chips) 
Seat 3: Dorex2007 ($2 in chips) 
Seat 5: lochness89 ($3.03 in chips) 
Seat 6: cberto09 ($2.03 in chips) 
Seat 7: o'travolta ($0.34 in chips) 
Seat 8: metalhead55593 ($3.46 in chips) 
metalhead55593: posts small blind $0.01
olbap_104: posts big blind $0.02
*** HOLE CARDS ***
Dealt to Dorex2007 [Th Ad]
JLP89: raises $0.02 to $0.04
Dorex2007: calls $0.04
lochness89: folds 
cberto09: folds 
o'travolta: folds 
metalhead55593: calls $0.03
olbap_104: folds 
*** FLOP *** [5c Ts As]
metalhead55593: checks 
JLP89: checks 
Dorex2007: bets $0.14
metalhead55593: folds 
JLP89: folds 
Uncalled bet ($0.14) returned to Dorex2007
Dorex2007 collected $0.14 from pot
*** SUMMARY ***
Total pot $0.14 | Rake $0 
Board [5c Ts As]
Seat 1: olbap_104 (big blind) folded before Flop
Seat 2: JLP89 folded on the Flop
Seat 3: Dorex2007 collected ($0.14)
Seat 5: lochness89 folded before Flop (didn't bet)
Seat 6: cberto09 folded before Flop (didn't bet)
Seat 7: o'travolta (button) folded before Flop (didn't bet)
Seat 8: metalhead55593 (small blind) folded on the Flop



PokerStars Hand #237148619648:  Hold'em No Limit ($0.01/$0.02 USD) - 2022/07/03 19:39:24 PT [2022/07/03 22:39:24 ET]
Table 'Roxane III' 9-max Seat #8 is the button
Seat 1: olbap_104 ($1.95 in chips) 
Seat 2: JLP89 ($2 in chips) 
Seat 3: Dorex2007 ($2.10 in chips) 
Seat 4: I902_Bruno ($0.60 in chips) 
Seat 5: lochness89 ($3.03 in chips) 
Seat 6: cberto09 ($2.03 in chips) 
Seat 7: o'travolta ($0.34 in chips) 
Seat 8: metalhead55593 ($3.42 in chips) 
olbap_104: posts small blind $0.01
JLP89: posts big blind $0.02
I902_Bruno: posts small & big blinds $0.03
*** HOLE CARDS ***
Dealt to Dorex2007 [9c 9d]
Dorex2007: raises $0.04 to $0.06
I902_Bruno: folds 
lochness89: folds 
cberto09: folds 
o'travolta: calls $0.06
metalhead55593: folds 
olbap_104: folds 
JLP89: calls $0.04
*** FLOP *** [8h Tc 2c]
JLP89: checks 
Dorex2007: bets $0.10
o'travolta: calls $0.10
JLP89: folds 
*** TURN *** [8h Tc 2c] [Jd]
Dorex2007: bets $0.27
o'travolta: calls $0.18 and is all-in
Uncalled bet ($0.09) returned to Dorex2007
*** RIVER *** [8h Tc 2c Jd] [Jc]
*** SHOW DOWN ***
Dorex2007: shows [9c 9d] (two pair, Jacks and Nines)
o'travolta: shows [8d 8s] (a full house, Eights full of Jacks)
o'travolta cashed out the hand for $0.56 | Cash Out Fee $0.01
*** SUMMARY ***
Total pot $0.78 | Rake $0.03 
Board [8h Tc 2c Jd Jc]
Seat 1: olbap_104 (small blind) folded before Flop
Seat 2: JLP89 (big blind) folded on the Flop
Seat 3: Dorex2007 showed [9c 9d] and lost with two pair, Jacks and Nines
Seat 4: I902_Bruno folded before Flop (didn't bet)
Seat 5: lochness89 folded before Flop (didn't bet)
Seat 6: cberto09 folded before Flop (didn't bet)
Seat 7: o'travolta showed [8d 8s] and won ($0.75) with a full house, Eights full of Jacks (pot not awarded as player cashed out)
Seat 8: metalhead55593 (button) folded before Flop (didn't bet)



PokerStars Hand #237148629076:  Hold'em No Limit ($0.01/$0.02 USD) - 2022/07/03 19:40:25 PT [2022/07/03 22:40:25 ET]
Table 'Roxane III' 9-max Seat #1 is the button
Seat 1: olbap_104 ($1.94 in chips) 
Seat 2: JLP89 ($2 in chips) 
Seat 3: Dorex2007 ($2 in chips) 
Seat 4: I902_Bruno ($0.57 in chips) 
Seat 5: lochness89 ($3.03 in chips) 
Seat 6: cberto09 ($2.03 in chips) 
Seat 7: o'travolta ($0.56 in chips) 
Seat 8: metalhead55593 ($3.42 in chips) 
JLP89: posts small blind $0.01
Dorex2007: posts big blind $0.02
*** HOLE CARDS ***
Dealt to Dorex2007 [3h 8d]
I902_Bruno: folds 
lochness89: folds 
cberto09: raises $0.04 to $0.06
o'travolta: folds 
metalhead55593: folds 
olbap_104: calls $0.06
JLP89: folds 
Dorex2007: folds 
*** FLOP *** [9d 6h 6c]
cberto09: bets $0.06
olbap_104: calls $0.06
*** TURN *** [9d 6h 6c] [5c]
cberto09: bets $0.13
olbap_104: calls $0.13
*** RIVER *** [9d 6h 6c 5c] [Qh]
cberto09: bets $0.41
olbap_104: calls $0.41
*** SHOW DOWN ***
cberto09: shows [Kd Kh] (two pair, Kings and Sixes)
olbap_104: mucks hand 
cberto09 collected $1.30 from pot
*** SUMMARY ***
Total pot $1.35 | Rake $0.05 
Board [9d 6h 6c 5c Qh]
Seat 1: olbap_104 (button) mucked [Qd Ts]
Seat 2: JLP89 (small blind) folded before Flop
Seat 3: Dorex2007 (big blind) folded before Flop
Seat 4: I902_Bruno folded before Flop (didn't bet)
Seat 5: lochness89 folded before Flop (didn't bet)
Seat 6: cberto09 showed [Kd Kh] and won ($1.30) with two pair, Kings and Sixes
Seat 7: o'travolta folded before Flop (didn't bet)
Seat 8: metalhead55593 folded before Flop (didn't bet)



PokerStars Hand #237148637947:  Hold'em No Limit ($0.01/$0.02 USD) - 2022/07/03 19:41:22 PT [2022/07/03 22:41:22 ET]
Table 'Roxane III' 9-max Seat #2 is the button
Seat 1: olbap_104 ($1.28 in chips) 
Seat 2: JLP89 ($2 in chips) 
Seat 3: Dorex2007 ($2 in chips) 
Seat 4: I902_Bruno ($0.57 in chips) 
Seat 5: lochness89 ($3.03 in chips) 
Seat 6: cberto09 ($2.67 in chips) 
Seat 7: o'travolta ($0.56 in chips) 
Seat 8: metalhead55593 ($3.42 in chips) 
Seat 9: frosa9397 ($3.07 in chips) 
Dorex2007: posts small blind $0.01
I902_Bruno: posts big blind $0.02
frosa9397: posts small & big blinds $0.03
*** HOLE CARDS ***
Dealt to Dorex2007 [5s Ah]
lochness89: folds 
cberto09: raises $0.04 to $0.06
o'travolta: folds 
metalhead55593: calls $0.06
frosa9397: folds 
olbap_104: folds 
JLP89: folds 
Dorex2007: folds 
I902_Bruno: folds 
*** FLOP *** [Ts 2d 4d]
cberto09: checks 
metalhead55593: checks 
*** TURN *** [Ts 2d 4d] [2h]
cberto09: checks 
metalhead55593: checks 
*** RIVER *** [Ts 2d 4d 2h] [3c]
cberto09: checks 
metalhead55593: checks 
*** SHOW DOWN ***
cberto09: shows [8h 7h] (a pair of Deuces)
metalhead55593: shows [Kh Qc] (a pair of Deuces - King kicker)
metalhead55593 collected $0.17 from pot
*** SUMMARY ***
Total pot $0.18 | Rake $0.01 
Board [Ts 2d 4d 2h 3c]
Seat 1: olbap_104 folded before Flop (didn't bet)
Seat 2: JLP89 (button) folded before Flop (didn't bet)
Seat 3: Dorex2007 (small blind) folded before Flop
Seat 4: I902_Bruno (big blind) folded before Flop
Seat 5: lochness89 folded before Flop (didn't bet)
Seat 6: cberto09 showed [8h 7h] and lost with a pair of Deuces
Seat 7: o'travolta folded before Flop (didn't bet)
Seat 8: metalhead55593 showed [Kh Qc] and won ($0.17) with a pair of Deuces
Seat 9: frosa9397 folded before Flop (didn't bet)



PokerStars Hand #237148646446:  Hold'em No Limit ($0.01/$0.02 USD) - 2022/07/03 19:42:18 PT [2022/07/03 22:42:18 ET]
Table 'Roxane III' 9-max Seat #3 is the button
Seat 1: olbap_104 ($1.28 in chips) 
Seat 2: JLP89 ($2 in chips) 
Seat 3: Dorex2007 ($2 in chips) 
Seat 4: I902_Bruno ($0.55 in chips) 
Seat 5: lochness89 ($3.03 in chips) 
Seat 6: cberto09 ($2.61 in chips) 
Seat 7: o'travolta ($0.56 in chips) 
Seat 8: metalhead55593 ($3.53 in chips) 
Seat 9: frosa9397 ($3.04 in chips) 
I902_Bruno: posts small blind $0.01
lochness89: posts big blind $0.02
*** HOLE CARDS ***
Dealt to Dorex2007 [7s Qh]
cberto09: folds 
o'travolta: folds 
metalhead55593: folds 
frosa9397 has timed out
frosa9397: folds 
olbap_104: calls $0.02
JLP89: folds 
Dorex2007: folds 
I902_Bruno: calls $0.01
lochness89: checks 
*** FLOP *** [5h 3s As]
I902_Bruno: bets $0.04
lochness89: folds 
olbap_104: calls $0.04
*** TURN *** [5h 3s As] [Jd]
I902_Bruno: checks 
olbap_104: checks 
*** RIVER *** [5h 3s As Jd] [9c]
I902_Bruno: bets $0.06
olbap_104: folds 
Uncalled bet ($0.06) returned to I902_Bruno
I902_Bruno collected $0.14 from pot
*** SUMMARY ***
Total pot $0.14 | Rake $0 
Board [5h 3s As Jd 9c]
Seat 1: olbap_104 folded on the River
Seat 2: JLP89 folded before Flop (didn't bet)
Seat 3: Dorex2007 (button) folded before Flop (didn't bet)
Seat 4: I902_Bruno (small blind) collected ($0.14)
Seat 5: lochness89 (big blind) folded on the Flop
Seat 6: cberto09 folded before Flop (didn't bet)
Seat 7: o'travolta folded before Flop (didn't bet)
Seat 8: metalhead55593 folded before Flop (didn't bet)
Seat 9: frosa9397 folded before Flop (didn't bet)



PokerStars Hand #237148655117:  Hold'em No Limit ($0.01/$0.02 USD) - 2022/07/03 19:43:14 PT [2022/07/03 22:43:14 ET]
Table 'Roxane III' 9-max Seat #4 is the button
Seat 1: olbap_104 ($1.22 in chips) 
Seat 2: JLP89 ($2 in chips) 
Seat 3: Dorex2007 ($2 in chips) 
Seat 4: I902_Bruno ($0.63 in chips) 
Seat 5: lochness89 ($3.01 in chips) 
Seat 6: cberto09 ($2.61 in chips) 
Seat 7: o'travolta ($0.56 in chips) 
Seat 8: metalhead55593 ($3.53 in chips) 
lochness89: posts small blind $0.01
cberto09: posts big blind $0.02
*** HOLE CARDS ***
Dealt to Dorex2007 [Ah Kc]
o'travolta: folds 
metalhead55593: folds 
olbap_104: folds 
JLP89: folds 
Dorex2007: raises $0.04 to $0.06
I902_Bruno: folds 
lochness89: folds 
cberto09: folds 
Uncalled bet ($0.04) returned to Dorex2007
Dorex2007 collected $0.05 from pot
*** SUMMARY ***
Total pot $0.05 | Rake $0 
Seat 1: olbap_104 folded before Flop (didn't bet)
Seat 2: JLP89 folded before Flop (didn't bet)
Seat 3: Dorex2007 collected ($0.05)
Seat 4: I902_Bruno (button) folded before Flop (didn't bet)
Seat 5: lochness89 (small blind) folded before Flop
Seat 6: cberto09 (big blind) folded before Flop
Seat 7: o'travolta folded before Flop (didn't bet)
Seat 8: metalhead55593 folded before Flop (didn't bet)



PokerStars Hand #237148672105:  Hold'em No Limit ($0.01/$0.02 USD) - 2022/07/03 19:43:46 PT [2022/07/03 22:43:46 ET]
Table 'Roxane III' 9-max Seat #5 is the button
Seat 1: olbap_104 ($1.22 in chips) 
Seat 2: JLP89 ($2 in chips) 
Seat 3: Dorex2007 ($2.03 in chips) 
Seat 4: I902_Bruno ($0.63 in chips) 
Seat 5: lochness89 ($3 in chips) 
Seat 6: cberto09 ($2.59 in chips) 
Seat 7: o'travolta ($0.56 in chips) 
Seat 8: metalhead55593 ($3.53 in chips) 
cberto09: posts small blind $0.01
o'travolta: posts big blind $0.02
*** HOLE CARDS ***
Dealt to Dorex2007 [5d Jc]
metalhead55593: folds 
olbap_104: folds 
JLP89: folds 
Dorex2007: folds 
I902_Bruno: calls $0.02
lochness89: raises $0.06 to $0.08
cberto09: folds 
o'travolta: folds 
I902_Bruno: calls $0.06
*** FLOP *** [Jh 8c 9h]
I902_Bruno: checks 
lochness89: bets $0.18
I902_Bruno: folds 
Uncalled bet ($0.18) returned to lochness89
lochness89 collected $0.18 from pot
*** SUMMARY ***
Total pot $0.19 | Rake $0.01 
Board [Jh 8c 9h]
Seat 1: olbap_104 folded before Flop (didn't bet)
Seat 2: JLP89 folded before Flop (didn't bet)
Seat 3: Dorex2007 folded before Flop (didn't bet)
Seat 4: I902_Bruno folded on the Flop
Seat 5: lochness89 (button) collected ($0.18)
Seat 6: cberto09 (small blind) folded before Flop
Seat 7: o'travolta (big blind) folded before Flop
Seat 8: metalhead55593 folded before Flop (didn't bet)



PokerStars Hand #237148677545:  Hold'em No Limit ($0.01/$0.02 USD) - 2022/07/03 19:44:23 PT [2022/07/03 22:44:23 ET]
Table 'Roxane III' 9-max Seat #6 is the button
Seat 1: olbap_104 ($1.22 in chips) 
Seat 2: JLP89 ($2 in chips) 
Seat 3: Dorex2007 ($2.03 in chips) 
Seat 4: I902_Bruno ($0.55 in chips) 
Seat 5: lochness89 ($3.10 in chips) 
Seat 6: cberto09 ($2.58 in chips) 
Seat 7: o'travolta ($0.54 in chips) 
Seat 8: metalhead55593 ($3.53 in chips) 
o'travolta: posts small blind $0.01
metalhead55593: posts big blind $0.02
*** HOLE CARDS ***
Dealt to Dorex2007 [7h 5d]
olbap_104: folds 
JLP89: folds 
Dorex2007: folds 
I902_Bruno: folds 
lochness89: folds 
cberto09: folds 
o'travolta: calls $0.01
metalhead55593: raises $0.04 to $0.06
o'travolta: calls $0.04
*** FLOP *** [2d 3h Jh]
o'travolta: checks 
metalhead55593: bets $0.04
o'travolta: calls $0.04
*** TURN *** [2d 3h Jh] [8s]
o'travolta: checks 
metalhead55593: bets $0.09
o'travolta: folds 
Uncalled bet ($0.09) returned to metalhead55593
metalhead55593 collected $0.19 from pot
*** SUMMARY ***
Total pot $0.20 | Rake $0.01 
Board [2d 3h Jh 8s]
Seat 1: olbap_104 folded before Flop (didn't bet)
Seat 2: JLP89 folded before Flop (didn't bet)
Seat 3: Dorex2007 folded before Flop (didn't bet)
Seat 4: I902_Bruno folded before Flop (didn't bet)
Seat 5: lochness89 folded before Flop (didn't bet)
Seat 6: cberto09 (button) folded before Flop (didn't bet)
Seat 7: o'travolta (small blind) folded on the Turn
Seat 8: metalhead55593 (big blind) collected ($0.19)



PokerStars Hand #237148685396:  Hold'em No Limit ($0.01/$0.02 USD) - 2022/07/03 19:45:15 PT [2022/07/03 22:45:15 ET]
Table 'Roxane III' 9-max Seat #7 is the button
Seat 1: olbap_104 ($1.22 in chips) 
Seat 2: JLP89 ($2 in chips) 
Seat 3: Dorex2007 ($2.03 in chips) 
Seat 4: I902_Bruno ($0.55 in chips) 
Seat 5: lochness89 ($3.10 in chips) 
Seat 6: cberto09 ($2.58 in chips) 
Seat 7: o'travolta ($0.44 in chips) 
Seat 8: metalhead55593 ($3.62 in chips) 
metalhead55593: posts small blind $0.01
olbap_104: posts big blind $0.02
*** HOLE CARDS ***
Dealt to Dorex2007 [9d 3d]
JLP89: folds 
Dorex2007: folds 
I902_Bruno: raises $0.04 to $0.06
lochness89: folds 
cberto09: folds 
o'travolta: folds 
metalhead55593: folds 
olbap_104: calls $0.04
*** FLOP *** [Qs 7s 5s]
olbap_104: checks 
I902_Bruno: bets $0.06
olbap_104: folds 
Uncalled bet ($0.06) returned to I902_Bruno
I902_Bruno collected $0.13 from pot
*** SUMMARY ***
Total pot $0.13 | Rake $0 
Board [Qs 7s 5s]
Seat 1: olbap_104 (big blind) folded on the Flop
Seat 2: JLP89 folded before Flop (didn't bet)
Seat 3: Dorex2007 folded before Flop (didn't bet)
Seat 4: I902_Bruno collected ($0.13)
Seat 5: lochness89 folded before Flop (didn't bet)
Seat 6: cberto09 folded before Flop (didn't bet)
Seat 7: o'travolta (button) folded before Flop (didn't bet)
Seat 8: metalhead55593 (small blind) folded before Flop



PokerStars Hand #237148689844:  Hold'em No Limit ($0.01/$0.02 USD) - 2022/07/03 19:45:44 PT [2022/07/03 22:45:44 ET]
Table 'Roxane III' 9-max Seat #8 is the button
Seat 1: olbap_104 ($1.16 in chips) 
Seat 2: JLP89 ($2 in chips) 
Seat 3: Dorex2007 ($2.03 in chips) 
Seat 4: I902_Bruno ($0.62 in chips) 
Seat 5: lochness89 ($3.10 in chips) 
Seat 6: cberto09 ($2.58 in chips) 
Seat 7: o'travolta ($0.44 in chips) 
Seat 8: metalhead55593 ($3.61 in chips) 
olbap_104: posts small blind $0.01
JLP89: posts big blind $0.02
*** HOLE CARDS ***
Dealt to Dorex2007 [5c Ks]
Dorex2007: folds 
I902_Bruno: raises $0.04 to $0.06
lochness89: folds 
cberto09: calls $0.06
o'travolta: calls $0.06
metalhead55593: folds 
olbap_104: calls $0.05
JLP89: folds 
*** FLOP *** [Kc Qs Ac]
olbap_104: checks 
I902_Bruno: bets $0.25
cberto09: folds 
o'travolta: folds 
olbap_104: folds 
Uncalled bet ($0.25) returned to I902_Bruno
I902_Bruno collected $0.25 from pot
*** SUMMARY ***
Total pot $0.26 | Rake $0.01 
Board [Kc Qs Ac]
Seat 1: olbap_104 (small blind) folded on the Flop
Seat 2: JLP89 (big blind) folded before Flop
Seat 3: Dorex2007 folded before Flop (didn't bet)
Seat 4: I902_Bruno collected ($0.25)
Seat 5: lochness89 folded before Flop (didn't bet)
Seat 6: cberto09 folded on the Flop
Seat 7: o'travolta folded on the Flop
Seat 8: metalhead55593 (button) folded before Flop (didn't bet)



PokerStars Hand #237148695386:  Hold'em No Limit ($0.01/$0.02 USD) - 2022/07/03 19:46:21 PT [2022/07/03 22:46:21 ET]
Table 'Roxane III' 9-max Seat #1 is the button
Seat 1: olbap_104 ($1.10 in chips) 
Seat 2: JLP89 ($2 in chips) 
Seat 3: Dorex2007 ($2.03 in chips) 
Seat 4: I902_Bruno ($0.81 in chips) 
Seat 5: lochness89 ($3.10 in chips) 
Seat 6: cberto09 ($2.52 in chips) 
Seat 7: o'travolta ($0.38 in chips) 
Seat 8: metalhead55593 ($3.61 in chips) 
JLP89: posts small blind $0.01
Dorex2007: posts big blind $0.02
*** HOLE CARDS ***
Dealt to Dorex2007 [Qc 3d]
I902_Bruno: folds 
lochness89: folds 
cberto09: folds 
o'travolta: folds 
metalhead55593: folds 
olbap_104: folds 
JLP89: folds 
Uncalled bet ($0.01) returned to Dorex2007
Dorex2007 collected $0.02 from pot
*** SUMMARY ***
Total pot $0.02 | Rake $0 
Seat 1: olbap_104 (button) folded before Flop (didn't bet)
Seat 2: JLP89 (small blind) folded before Flop
Seat 3: Dorex2007 (big blind) collected ($0.02)
Seat 4: I902_Bruno folded before Flop (didn't bet)
Seat 5: lochness89 folded before Flop (didn't bet)
Seat 6: cberto09 folded before Flop (didn't bet)
Seat 7: o'travolta folded before Flop (didn't bet)
Seat 8: metalhead55593 folded before Flop (didn't bet)



PokerStars Hand #237148697160:  Hold'em No Limit ($0.01/$0.02 USD) - 2022/07/03 19:46:33 PT [2022/07/03 22:46:33 ET]
Table 'Roxane III' 9-max Seat #2 is the button
Seat 1: olbap_104 ($1.10 in chips) 
Seat 2: JLP89 ($2 in chips) 
Seat 3: Dorex2007 ($2.04 in chips) 
Seat 4: I902_Bruno ($0.81 in chips) 
Seat 5: lochness89 ($3.10 in chips) 
Seat 6: cberto09 ($2.52 in chips) 
Seat 7: o'travolta ($0.38 in chips) 
Seat 8: metalhead55593 ($3.61 in chips) 
Seat 9: frosa9397 ($3.04 in chips) 
Dorex2007: posts small blind $0.01
I902_Bruno: posts big blind $0.02
frosa9397: posts small & big blinds $0.03
*** HOLE CARDS ***
Dealt to Dorex2007 [6h 9s]
lochness89: folds 
cberto09: folds 
o'travolta: folds 
metalhead55593: folds 
frosa9397: checks 
olbap_104: folds 
JLP89: folds 
Dorex2007: folds 
I902_Bruno: raises $0.06 to $0.08
frosa9397: folds 
Uncalled bet ($0.06) returned to I902_Bruno
I902_Bruno collected $0.06 from pot
*** SUMMARY ***
Total pot $0.06 | Rake $0 
Seat 1: olbap_104 folded before Flop (didn't bet)
Seat 2: JLP89 (button) folded before Flop (didn't bet)
Seat 3: Dorex2007 (small blind) folded before Flop
Seat 4: I902_Bruno (big blind) collected ($0.06)
Seat 5: lochness89 folded before Flop (didn't bet)
Seat 6: cberto09 folded before Flop (didn't bet)
Seat 7: o'travolta folded before Flop (didn't bet)
Seat 8: metalhead55593 folded before Flop (didn't bet)
Seat 9: frosa9397 folded before Flop (didn't bet)



PokerStars Hand #237148701949:  Hold'em No Limit ($0.01/$0.02 USD) - 2022/07/03 19:47:06 PT [2022/07/03 22:47:06 ET]
Table 'Roxane III' 9-max Seat #3 is the button
Seat 1: olbap_104 ($1.10 in chips) 
Seat 2: JLP89 ($2 in chips) 
Seat 3: Dorex2007 ($2.03 in chips) 
Seat 4: I902_Bruno ($0.85 in chips) 
Seat 5: lochness89 ($3.10 in chips) 
Seat 6: cberto09 ($2.52 in chips) 
Seat 7: o'travolta ($0.38 in chips) 
Seat 8: metalhead55593 ($3.61 in chips) 
Seat 9: frosa9397 ($3.01 in chips) 
I902_Bruno: posts small blind $0.01
lochness89: posts big blind $0.02
*** HOLE CARDS ***
Dealt to Dorex2007 [3s Ts]
cberto09: folds 
o'travolta: raises $0.05 to $0.07
metalhead55593: folds 
frosa9397: folds 
olbap_104: folds 
JLP89: folds 
Dorex2007: folds 
I902_Bruno: folds 
lochness89: folds 
Uncalled bet ($0.05) returned to o'travolta
o'travolta collected $0.05 from pot
*** SUMMARY ***
Total pot $0.05 | Rake $0 
Seat 1: olbap_104 folded before Flop (didn't bet)
Seat 2: JLP89 folded before Flop (didn't bet)
Seat 3: Dorex2007 (button) folded before Flop (didn't bet)
Seat 4: I902_Bruno (small blind) folded before Flop
Seat 5: lochness89 (big blind) folded before Flop
Seat 6: cberto09 folded before Flop (didn't bet)
Seat 7: o'travolta collected ($0.05)
Seat 8: metalhead55593 folded before Flop (didn't bet)
Seat 9: frosa9397 folded before Flop (didn't bet)



PokerStars Hand #237148705385:  Hold'em No Limit ($0.01/$0.02 USD) - 2022/07/03 19:47:28 PT [2022/07/03 22:47:28 ET]
Table 'Roxane III' 9-max Seat #4 is the button
Seat 1: olbap_104 ($1.10 in chips) 
Seat 2: JLP89 ($2 in chips) 
Seat 3: Dorex2007 ($2.03 in chips) 
Seat 4: I902_Bruno ($0.84 in chips) 
Seat 5: lochness89 ($3.08 in chips) 
Seat 6: cberto09 ($2.52 in chips) 
Seat 7: o'travolta ($0.41 in chips) 
Seat 8: metalhead55593 ($3.61 in chips) 
Seat 9: frosa9397 ($3.01 in chips) 
lochness89: posts small blind $0.01
cberto09: posts big blind $0.02
*** HOLE CARDS ***
Dealt to Dorex2007 [Kc Ac]
o'travolta: folds 
metalhead55593: folds 
frosa9397: folds 
olbap_104: folds 
JLP89: folds 
Dorex2007: raises $0.04 to $0.06
I902_Bruno: folds 
lochness89: folds 
cberto09: folds 
Uncalled bet ($0.04) returned to Dorex2007
Dorex2007 collected $0.05 from pot
*** SUMMARY ***
Total pot $0.05 | Rake $0 
Seat 1: olbap_104 folded before Flop (didn't bet)
Seat 2: JLP89 folded before Flop (didn't bet)
Seat 3: Dorex2007 collected ($0.05)
Seat 4: I902_Bruno (button) folded before Flop (didn't bet)
Seat 5: lochness89 (small blind) folded before Flop
Seat 6: cberto09 (big blind) folded before Flop
Seat 7: o'travolta folded before Flop (didn't bet)
Seat 8: metalhead55593 folded before Flop (didn't bet)
Seat 9: frosa9397 folded before Flop (didn't bet)



PokerStars Hand #237148709535:  Hold'em No Limit ($0.01/$0.02 USD) - 2022/07/03 19:47:57 PT [2022/07/03 22:47:57 ET]
Table 'Roxane III' 9-max Seat #5 is the button
Seat 1: olbap_104 ($1.10 in chips) 
Seat 2: JLP89 ($2 in chips) 
Seat 3: Dorex2007 ($2.06 in chips) 
Seat 4: I902_Bruno ($0.84 in chips) 
Seat 5: lochness89 ($3.07 in chips) 
Seat 6: cberto09 ($2.50 in chips) 
Seat 7: o'travolta ($0.41 in chips) 
Seat 8: metalhead55593 ($3.61 in chips) 
Seat 9: frosa9397 ($3.01 in chips) 
cberto09: posts small blind $0.01
o'travolta: posts big blind $0.02
*** HOLE CARDS ***
Dealt to Dorex2007 [Th 3d]
metalhead55593: folds 
frosa9397: folds 
olbap_104: raises $0.04 to $0.06
JLP89: calls $0.06
Dorex2007: folds 
I902_Bruno: folds 
lochness89: folds 
cberto09: calls $0.05
o'travolta: folds 
*** FLOP *** [9h Jc 9d]
cberto09: checks 
olbap_104: checks 
JLP89: checks 
*** TURN *** [9h Jc 9d] [Kh]
cberto09: bets $0.06
olbap_104: calls $0.06
JLP89: raises $0.06 to $0.12
cberto09: calls $0.06
olbap_104: calls $0.06
*** RIVER *** [9h Jc 9d Kh] [6c]
cberto09: checks 
olbap_104: checks 
JLP89: bets $0.27
cberto09: folds 
olbap_104: folds [As]
Uncalled bet ($0.27) returned to JLP89
JLP89 collected $0.54 from pot
*** SUMMARY ***
Total pot $0.56 | Rake $0.02 
Board [9h Jc 9d Kh 6c]
Seat 1: olbap_104 folded on the River
Seat 2: JLP89 collected ($0.54)
Seat 3: Dorex2007 folded before Flop (didn't bet)
Seat 4: I902_Bruno folded before Flop (didn't bet)
Seat 5: lochness89 (button) folded before Flop (didn't bet)
Seat 6: cberto09 (small blind) folded on the River
Seat 7: o'travolta (big blind) folded before Flop
Seat 8: metalhead55593 folded before Flop (didn't bet)
Seat 9: frosa9397 folded before Flop (didn't bet)



PokerStars Hand #237148719768:  Hold'em No Limit ($0.01/$0.02 USD) - 2022/07/03 19:49:07 PT [2022/07/03 22:49:07 ET]
Table 'Roxane III' 9-max Seat #6 is the button
Seat 1: olbap_104 ($0.92 in chips) 
Seat 2: JLP89 ($2.36 in chips) 
Seat 3: Dorex2007 ($2.06 in chips) 
Seat 4: I902_Bruno ($0.84 in chips) 
Seat 5: lochness89 ($3.07 in chips) 
Seat 6: cberto09 ($2.32 in chips) 
Seat 7: o'travolta ($0.39 in chips) 
Seat 8: metalhead55593 ($3.61 in chips) 
Seat 9: frosa9397 ($3.01 in chips) 
o'travolta: posts small blind $0.01
metalhead55593: posts big blind $0.02
*** HOLE CARDS ***
Dealt to Dorex2007 [9s 6h]
frosa9397: folds 
olbap_104: folds 
JLP89: folds 
Dorex2007: folds 
I902_Bruno: raises $0.04 to $0.06
lochness89: folds 
cberto09: calls $0.06
o'travolta: folds 
metalhead55593: folds 
*** FLOP *** [Kc 8d 4s]
I902_Bruno: checks 
cberto09: checks 
*** TURN *** [Kc 8d 4s] [5c]
I902_Bruno: checks 
cberto09: bets $0.08
I902_Bruno: calls $0.08
*** RIVER *** [Kc 8d 4s 5c] [8s]
I902_Bruno: bets $0.15
cberto09: folds 
Uncalled bet ($0.15) returned to I902_Bruno
I902_Bruno collected $0.30 from pot
*** SUMMARY ***
Total pot $0.31 | Rake $0.01 
Board [Kc 8d 4s 5c 8s]
Seat 1: olbap_104 folded before Flop (didn't bet)
Seat 2: JLP89 folded before Flop (didn't bet)
Seat 3: Dorex2007 folded before Flop (didn't bet)
Seat 4: I902_Bruno collected ($0.30)
Seat 5: lochness89 folded before Flop (didn't bet)
Seat 6: cberto09 (button) folded on the River
Seat 7: o'travolta (small blind) folded before Flop
Seat 8: metalhead55593 (big blind) folded before Flop
Seat 9: frosa9397 folded before Flop (didn't bet)



PokerStars Hand #237148729420:  Hold'em No Limit ($0.01/$0.02 USD) - 2022/07/03 19:50:12 PT [2022/07/03 22:50:12 ET]
Table 'Roxane III' 9-max Seat #7 is the button
Seat 1: olbap_104 ($0.92 in chips) 
Seat 2: JLP89 ($2.36 in chips) 
Seat 3: Dorex2007 ($2.06 in chips) 
Seat 4: I902_Bruno ($1 in chips) 
Seat 5: lochness89 ($3.07 in chips) 
Seat 6: cberto09 ($2.18 in chips) 
Seat 7: o'travolta ($0.38 in chips) 
Seat 8: metalhead55593 ($3.59 in chips) 
Seat 9: frosa9397 ($3.01 in chips) 
metalhead55593: posts small blind $0.01
frosa9397: posts big blind $0.02
*** HOLE CARDS ***
Dealt to Dorex2007 [9c Ah]
olbap_104: folds 
JLP89: folds 
Dorex2007: folds 
I902_Bruno: calls $0.02
lochness89: folds 
cberto09: folds 
o'travolta: folds 
metalhead55593: folds 
frosa9397: checks 
*** FLOP *** [4h 3d 9h]
frosa9397: bets $0.04
I902_Bruno: calls $0.04
*** TURN *** [4h 3d 9h] [7h]
frosa9397: bets $0.08
I902_Bruno: folds 
Uncalled bet ($0.08) returned to frosa9397
frosa9397 collected $0.13 from pot
*** SUMMARY ***
Total pot $0.13 | Rake $0 
Board [4h 3d 9h 7h]
Seat 1: olbap_104 folded before Flop (didn't bet)
Seat 2: JLP89 folded before Flop (didn't bet)
Seat 3: Dorex2007 folded before Flop (didn't bet)
Seat 4: I902_Bruno folded on the Turn
Seat 5: lochness89 folded before Flop (didn't bet)
Seat 6: cberto09 folded before Flop (didn't bet)
Seat 7: o'travolta (button) folded before Flop (didn't bet)
Seat 8: metalhead55593 (small blind) folded before Flop
Seat 9: frosa9397 (big blind) collected ($0.13)



PokerStars Hand #237148736727:  Hold'em No Limit ($0.01/$0.02 USD) - 2022/07/03 19:51:02 PT [2022/07/03 22:51:02 ET]
Table 'Roxane III' 9-max Seat #8 is the button
Seat 1: olbap_104 ($0.92 in chips) 
Seat 2: JLP89 ($2.36 in chips) 
Seat 3: Dorex2007 ($2.06 in chips) 
Seat 4: I902_Bruno ($0.94 in chips) 
Seat 5: lochness89 ($3.07 in chips) 
Seat 6: cberto09 ($2.18 in chips) 
Seat 7: o'travolta ($0.38 in chips) 
Seat 8: metalhead55593 ($3.58 in chips) 
Seat 9: frosa9397 ($3.08 in chips) 
frosa9397: posts small blind $0.01
olbap_104: posts big blind $0.02
*** HOLE CARDS ***
Dealt to Dorex2007 [9s Ts]
JLP89: raises $0.02 to $0.04
Dorex2007 has timed out
Dorex2007: folds 
I902_Bruno: folds 
lochness89: folds 
cberto09: raises $0.08 to $0.12
o'travolta: folds 
metalhead55593: folds 
frosa9397: folds 
olbap_104: calls $0.10
JLP89: folds 
*** FLOP *** [Th Ad Ks]
olbap_104: checks 
cberto09: bets $0.10
olbap_104: folds 
Uncalled bet ($0.10) returned to cberto09
cberto09 collected $0.28 from pot
*** SUMMARY ***
Total pot $0.29 | Rake $0.01 
Board [Th Ad Ks]
Seat 1: olbap_104 (big blind) folded on the Flop
Seat 2: JLP89 folded before Flop
Seat 3: Dorex2007 folded before Flop (didn't bet)
Seat 4: I902_Bruno folded before Flop (didn't bet)
Seat 5: lochness89 folded before Flop (didn't bet)
Seat 6: cberto09 collected ($0.28)
Seat 7: o'travolta folded before Flop (didn't bet)
Seat 8: metalhead55593 (button) folded before Flop (didn't bet)
Seat 9: frosa9397 (small blind) folded before Flop



PokerStars Hand #237148746055:  Hold'em No Limit ($0.01/$0.02 USD) - 2022/07/03 19:52:04 PT [2022/07/03 22:52:04 ET]
Table 'Roxane III' 9-max Seat #9 is the button
Seat 1: olbap_104 ($0.80 in chips) 
Seat 2: JLP89 ($2.32 in chips) 
Seat 3: Dorex2007 ($2.06 in chips) 
Seat 4: I902_Bruno ($0.94 in chips) 
Seat 5: lochness89 ($3.07 in chips) 
Seat 6: cberto09 ($2.34 in chips) 
Seat 7: o'travolta ($0.38 in chips) 
Seat 8: metalhead55593 ($3.58 in chips) 
Seat 9: frosa9397 ($3.07 in chips) 
olbap_104: posts small blind $0.01
JLP89: posts big blind $0.02
*** HOLE CARDS ***
Dealt to Dorex2007 [6c Kc]
Dorex2007: folds 
I902_Bruno: folds 
lochness89: folds 
cberto09: folds 
o'travolta: folds 
metalhead55593: folds 
frosa9397: folds 
olbap_104: calls $0.01
JLP89: checks 
*** FLOP *** [2s Qd As]
olbap_104: checks 
JLP89: checks 
*** TURN *** [2s Qd As] [Ac]
olbap_104: checks 
JLP89: checks 
*** RIVER *** [2s Qd As Ac] [2h]
olbap_104: checks 
JLP89: checks 
*** SHOW DOWN ***
olbap_104: shows [7s 6h] (two pair, Aces and Deuces)
JLP89: shows [7d 4c] (two pair, Aces and Deuces)
olbap_104 collected $0.02 from pot
JLP89 collected $0.02 from pot
*** SUMMARY ***
Total pot $0.04 | Rake $0 
Board [2s Qd As Ac 2h]
Seat 1: olbap_104 (small blind) showed [7s 6h] and won ($0.02) with two pair, Aces and Deuces
Seat 2: JLP89 (big blind) showed [7d 4c] and won ($0.02) with two pair, Aces and Deuces
Seat 3: Dorex2007 folded before Flop (didn't bet)
Seat 4: I902_Bruno folded before Flop (didn't bet)
Seat 5: lochness89 folded before Flop (didn't bet)
Seat 6: cberto09 folded before Flop (didn't bet)
Seat 7: o'travolta folded before Flop (didn't bet)
Seat 8: metalhead55593 folded before Flop (didn't bet)
Seat 9: frosa9397 (button) folded before Flop (didn't bet)



PokerStars Hand #237148750779:  Hold'em No Limit ($0.01/$0.02 USD) - 2022/07/03 19:52:36 PT [2022/07/03 22:52:36 ET]
Table 'Roxane III' 9-max Seat #1 is the button
Seat 1: olbap_104 ($0.80 in chips) 
Seat 2: JLP89 ($2.32 in chips) 
Seat 3: Dorex2007 ($2.06 in chips) 
Seat 4: I902_Bruno ($0.94 in chips) 
Seat 5: lochness89 ($3.07 in chips) 
Seat 6: cberto09 ($2.34 in chips) 
Seat 7: o'travolta ($0.38 in chips) 
Seat 8: metalhead55593 ($3.58 in chips) 
Seat 9: frosa9397 ($3.07 in chips) 
JLP89: posts small blind $0.01
Dorex2007: posts big blind $0.02
*** HOLE CARDS ***
Dealt to Dorex2007 [4s Ks]
I902_Bruno: raises $0.06 to $0.08
lochness89: folds 
cberto09: raises $0.14 to $0.22
o'travolta: folds 
metalhead55593: folds 
frosa9397: folds 
olbap_104: folds 
JLP89: folds 
Dorex2007: folds 
I902_Bruno: calls $0.14
*** FLOP *** [Qc Ac 4c]
I902_Bruno: checks 
cberto09: bets $0.16
I902_Bruno: folds 
Uncalled bet ($0.16) returned to cberto09
cberto09 collected $0.45 from pot
*** SUMMARY ***
Total pot $0.47 | Rake $0.02 
Board [Qc Ac 4c]
Seat 1: olbap_104 (button) folded before Flop (didn't bet)
Seat 2: JLP89 (small blind) folded before Flop
Seat 3: Dorex2007 (big blind) folded before Flop
Seat 4: I902_Bruno folded on the Flop
Seat 5: lochness89 folded before Flop (didn't bet)
Seat 6: cberto09 collected ($0.45)
Seat 7: o'travolta folded before Flop (didn't bet)
Seat 8: metalhead55593 folded before Flop (didn't bet)
Seat 9: frosa9397 folded before Flop (didn't bet)



PokerStars Hand #237148756693:  Hold'em No Limit ($0.01/$0.02 USD) - 2022/07/03 19:53:17 PT [2022/07/03 22:53:17 ET]
Table 'Roxane III' 9-max Seat #2 is the button
Seat 1: olbap_104 ($0.80 in chips) 
Seat 2: JLP89 ($2.31 in chips) 
Seat 3: Dorex2007 ($2.04 in chips) 
Seat 4: I902_Bruno ($0.72 in chips) 
Seat 5: lochness89 ($3.07 in chips) 
Seat 6: cberto09 ($2.57 in chips) 
Seat 7: o'travolta ($0.38 in chips) 
Seat 8: metalhead55593 ($3.58 in chips) 
Seat 9: frosa9397 ($3.07 in chips) 
Dorex2007: posts small blind $0.01
I902_Bruno: posts big blind $0.02
*** HOLE CARDS ***
Dealt to Dorex2007 [Jh Ts]
lochness89: folds 
cberto09: folds 
o'travolta: calls $0.02
metalhead55593: folds 
frosa9397: folds 
olbap_104: folds 
JLP89: raises $0.02 to $0.04
Dorex2007: calls $0.03
I902_Bruno: calls $0.02
o'travolta: calls $0.02
*** FLOP *** [7d 9h 6s]
Dorex2007: checks 
I902_Bruno: bets $0.15
o'travolta: calls $0.15
JLP89: folds 
Dorex2007: folds 
*** TURN *** [7d 9h 6s] [3d]
I902_Bruno: bets $0.22
o'travolta: calls $0.19 and is all-in
Uncalled bet ($0.03) returned to I902_Bruno
*** RIVER *** [7d 9h 6s 3d] [4h]
*** SHOW DOWN ***
I902_Bruno: shows [7s 9s] (two pair, Nines and Sevens)
o'travolta: shows [7c Ah] (a pair of Sevens)
I902_Bruno collected $0.81 from pot
*** SUMMARY ***
Total pot $0.84 | Rake $0.03 
Board [7d 9h 6s 3d 4h]
Seat 1: olbap_104 folded before Flop (didn't bet)
Seat 2: JLP89 (button) folded on the Flop
Seat 3: Dorex2007 (small blind) folded on the Flop
Seat 4: I902_Bruno (big blind) showed [7s 9s] and won ($0.81) with two pair, Nines and Sevens
Seat 5: lochness89 folded before Flop (didn't bet)
Seat 6: cberto09 folded before Flop (didn't bet)
Seat 7: o'travolta showed [7c Ah] and lost with a pair of Sevens
Seat 8: metalhead55593 folded before Flop (didn't bet)
Seat 9: frosa9397 folded before Flop (didn't bet)



PokerStars Hand #237148766561:  Hold'em No Limit ($0.01/$0.02 USD) - 2022/07/03 19:54:24 PT [2022/07/03 22:54:24 ET]
Table 'Roxane III' 9-max Seat #3 is the button
Seat 1: olbap_104 ($0.80 in chips) 
Seat 2: JLP89 ($2.27 in chips) 
Seat 3: Dorex2007 ($2 in chips) 
Seat 4: I902_Bruno ($1.15 in chips) 
Seat 5: lochness89 ($3.07 in chips) 
Seat 6: cberto09 ($2.57 in chips) 
Seat 8: metalhead55593 ($3.58 in chips) 
Seat 9: frosa9397 ($3.07 in chips) 
I902_Bruno: posts small blind $0.01
lochness89: posts big blind $0.02
*** HOLE CARDS ***
Dealt to Dorex2007 [5h 8h]
cberto09: folds 
metalhead55593: raises $0.04 to $0.06
o'travolta leaves the table
0xGroth.eth joins the table at seat #7 
frosa9397: folds 
olbap_104: calls $0.06
JLP89: folds 
Dorex2007: folds 
I902_Bruno: calls $0.05
lochness89: folds 
*** FLOP *** [8d 2c Ks]
I902_Bruno: checks 
metalhead55593: bets $0.06
olbap_104: folds 
I902_Bruno: calls $0.06
*** TURN *** [8d 2c Ks] [3d]
I902_Bruno: checks 
metalhead55593: checks 
*** RIVER *** [8d 2c Ks 3d] [9c]
I902_Bruno: checks 
metalhead55593: checks 
*** SHOW DOWN ***
I902_Bruno: shows [Jh Js] (a pair of Jacks)
metalhead55593: mucks hand 
I902_Bruno collected $0.31 from pot
*** SUMMARY ***
Total pot $0.32 | Rake $0.01 
Board [8d 2c Ks 3d 9c]
Seat 1: olbap_104 folded on the Flop
Seat 2: JLP89 folded before Flop (didn't bet)
Seat 3: Dorex2007 (button) folded before Flop (didn't bet)
Seat 4: I902_Bruno (small blind) showed [Jh Js] and won ($0.31) with a pair of Jacks
Seat 5: lochness89 (big blind) folded before Flop
Seat 6: cberto09 folded before Flop (didn't bet)
Seat 8: metalhead55593 mucked [7s Ac]
Seat 9: frosa9397 folded before Flop (didn't bet)



PokerStars Hand #237148776184:  Hold'em No Limit ($0.01/$0.02 USD) - 2022/07/03 19:55:35 PT [2022/07/03 22:55:35 ET]
Table 'Roxane III' 9-max Seat #4 is the button
Seat 1: olbap_104 ($0.74 in chips) 
Seat 2: JLP89 ($2.27 in chips) 
Seat 3: Dorex2007 ($2 in chips) 
Seat 4: I902_Bruno ($1.34 in chips) 
Seat 5: lochness89 ($3.05 in chips) 
Seat 6: cberto09 ($2.57 in chips) 
Seat 7: 0xGroth.eth ($2 in chips) 
Seat 8: metalhead55593 ($3.46 in chips) 
Seat 9: frosa9397 ($3.07 in chips) 
lochness89: posts small blind $0.01
cberto09: posts big blind $0.02
0xGroth.eth: posts big blind $0.02
*** HOLE CARDS ***
Dealt to Dorex2007 [As 2c]
0xGroth.eth: raises $0.02 to $0.04
metalhead55593: folds 
frosa9397: folds 
olbap_104: calls $0.04
JLP89: folds 
Dorex2007: folds 
I902_Bruno: raises $0.04 to $0.08
lochness89: folds 
cberto09: folds 
0xGroth.eth: calls $0.04
olbap_104: calls $0.04
*** FLOP *** [Jd Ad Tc]
0xGroth.eth: checks 
olbap_104: checks 
I902_Bruno: checks 
*** TURN *** [Jd Ad Tc] [6s]
0xGroth.eth: bets $0.10
olbap_104: folds 
I902_Bruno: folds 
Uncalled bet ($0.10) returned to 0xGroth.eth
0xGroth.eth collected $0.26 from pot
*** SUMMARY ***
Total pot $0.27 | Rake $0.01 
Board [Jd Ad Tc 6s]
Seat 1: olbap_104 folded on the Turn
Seat 2: JLP89 folded before Flop (didn't bet)
Seat 3: Dorex2007 folded before Flop (didn't bet)
Seat 4: I902_Bruno (button) folded on the Turn
Seat 5: lochness89 (small blind) folded before Flop
Seat 6: cberto09 (big blind) folded before Flop
Seat 7: 0xGroth.eth collected ($0.26)
Seat 8: metalhead55593 folded before Flop (didn't bet)
Seat 9: frosa9397 folded before Flop (didn't bet)



PokerStars Hand #237148783136:  Hold'em No Limit ($0.01/$0.02 USD) - 2022/07/03 19:56:31 PT [2022/07/03 22:56:31 ET]
Table 'Roxane III' 9-max Seat #5 is the button
Seat 1: olbap_104 ($0.66 in chips) 
Seat 2: JLP89 ($2.27 in chips) 
Seat 3: Dorex2007 ($2 in chips) 
Seat 4: I902_Bruno ($1.26 in chips) 
Seat 5: lochness89 ($3.04 in chips) 
Seat 6: cberto09 ($2.55 in chips) 
Seat 7: 0xGroth.eth ($2.18 in chips) 
Seat 8: metalhead55593 ($3.46 in chips) 
Seat 9: frosa9397 ($3.07 in chips) 
cberto09: posts small blind $0.01
0xGroth.eth: posts big blind $0.02
*** HOLE CARDS ***
Dealt to Dorex2007 [Qs Ts]
metalhead55593: folds 
frosa9397: folds 
olbap_104: folds 
JLP89: folds 
Dorex2007: raises $0.04 to $0.06
I902_Bruno: raises $0.04 to $0.10
lochness89: folds 
cberto09: folds 
0xGroth.eth: folds 
Dorex2007: calls $0.04
*** FLOP *** [6c 3h Kh]
Dorex2007: checks 
I902_Bruno: bets $0.11
Dorex2007: folds 
Uncalled bet ($0.11) returned to I902_Bruno
I902_Bruno collected $0.22 from pot
*** SUMMARY ***
Total pot $0.23 | Rake $0.01 
Board [6c 3h Kh]
Seat 1: olbap_104 folded before Flop (didn't bet)
Seat 2: JLP89 folded before Flop (didn't bet)
Seat 3: Dorex2007 folded on the Flop
Seat 4: I902_Bruno collected ($0.22)
Seat 5: lochness89 (button) folded before Flop (didn't bet)
Seat 6: cberto09 (small blind) folded before Flop
Seat 7: 0xGroth.eth (big blind) folded before Flop
Seat 8: metalhead55593 folded before Flop (didn't bet)
Seat 9: frosa9397 folded before Flop (didn't bet)



PokerStars Hand #237148787663:  Hold'em No Limit ($0.01/$0.02 USD) - 2022/07/03 19:57:08 PT [2022/07/03 22:57:08 ET]
Table 'Roxane III' 9-max Seat #6 is the button
Seat 1: olbap_104 ($0.66 in chips) 
Seat 2: JLP89 ($2.27 in chips) 
Seat 3: Dorex2007 ($2 in chips) 
Seat 4: I902_Bruno ($1.38 in chips) 
Seat 5: lochness89 ($3.04 in chips) 
Seat 6: cberto09 ($2.54 in chips) 
Seat 7: 0xGroth.eth ($2.16 in chips) 
Seat 8: metalhead55593 ($3.46 in chips) 
Seat 9: frosa9397 ($3.07 in chips) 
0xGroth.eth: posts small blind $0.01
metalhead55593: posts big blind $0.02
*** HOLE CARDS ***
Dealt to Dorex2007 [As 6s]
frosa9397: calls $0.02
olbap_104: calls $0.02
JLP89: folds 
Dorex2007: calls $0.02
I902_Bruno: folds 
lochness89: folds 
cberto09: folds 
0xGroth.eth: folds 
metalhead55593: checks 
*** FLOP *** [9h Kd 5d]
metalhead55593: checks 
frosa9397: checks 
olbap_104: checks 
Dorex2007: checks 
*** TURN *** [9h Kd 5d] [2c]
metalhead55593: checks 
frosa9397: checks 
olbap_104: bets $0.04
Dorex2007: folds 
metalhead55593: folds 
frosa9397: folds 
Uncalled bet ($0.04) returned to olbap_104
olbap_104 collected $0.09 from pot
*** SUMMARY ***
Total pot $0.09 | Rake $0 
Board [9h Kd 5d 2c]
Seat 1: olbap_104 collected ($0.09)
Seat 2: JLP89 folded before Flop (didn't bet)
Seat 3: Dorex2007 folded on the Turn
Seat 4: I902_Bruno folded before Flop (didn't bet)
Seat 5: lochness89 folded before Flop (didn't bet)
Seat 6: cberto09 (button) folded before Flop (didn't bet)
Seat 7: 0xGroth.eth (small blind) folded before Flop
Seat 8: metalhead55593 (big blind) folded on the Turn
Seat 9: frosa9397 folded on the Turn



PokerStars Hand #237148796130:  Hold'em No Limit ($0.01/$0.02 USD) - 2022/07/03 19:58:17 PT [2022/07/03 22:58:17 ET]
Table 'Roxane III' 9-max Seat #7 is the button
Seat 1: olbap_104 ($0.73 in chips) 
Seat 2: JLP89 ($2.27 in chips) 
Seat 3: Dorex2007 ($2 in chips) 
Seat 4: I902_Bruno ($1.38 in chips) 
Seat 5: lochness89 ($3.04 in chips) 
Seat 6: cberto09 ($2.54 in chips) 
Seat 7: 0xGroth.eth ($2.15 in chips) 
Seat 8: metalhead55593 ($3.44 in chips) 
Seat 9: frosa9397 ($3.05 in chips) 
metalhead55593: posts small blind $0.01
frosa9397: posts big blind $0.02
*** HOLE CARDS ***
Dealt to Dorex2007 [Jh Jd]
olbap_104: calls $0.02
JLP89: folds 
Dorex2007: raises $0.06 to $0.08
I902_Bruno: calls $0.08
lochness89: folds 
cberto09: folds 
0xGroth.eth: raises $0.22 to $0.30
metalhead55593: folds 
frosa9397: folds 
olbap_104: folds 
Dorex2007: folds 
I902_Bruno: folds 
Uncalled bet ($0.22) returned to 0xGroth.eth
0xGroth.eth collected $0.29 from pot
*** SUMMARY ***
Total pot $0.29 | Rake $0 
Seat 1: olbap_104 folded before Flop
Seat 2: JLP89 folded before Flop (didn't bet)
Seat 3: Dorex2007 folded before Flop
Seat 4: I902_Bruno folded before Flop
Seat 5: lochness89 folded before Flop (didn't bet)
Seat 6: cberto09 folded before Flop (didn't bet)
Seat 7: 0xGroth.eth (button) collected ($0.29)
Seat 8: metalhead55593 (small blind) folded before Flop
Seat 9: frosa9397 (big blind) folded before Flop



PokerStars Hand #237148801175:  Hold'em No Limit ($0.01/$0.02 USD) - 2022/07/03 19:58:59 PT [2022/07/03 22:58:59 ET]
Table 'Roxane III' 9-max Seat #8 is the button
Seat 1: olbap_104 ($0.71 in chips) 
Seat 2: JLP89 ($2.27 in chips) 
Seat 3: Dorex2007 ($2 in chips) 
Seat 4: I902_Bruno ($1.30 in chips) 
Seat 5: lochness89 ($3.04 in chips) 
Seat 6: cberto09 ($2.54 in chips) 
Seat 7: 0xGroth.eth ($2.36 in chips) 
Seat 8: metalhead55593 ($3.43 in chips) 
Seat 9: frosa9397 ($3.03 in chips) 
frosa9397: posts small blind $0.01
olbap_104: posts big blind $0.02
*** HOLE CARDS ***
Dealt to Dorex2007 [Jc 5d]
JLP89: folds 
Dorex2007: folds 
I902_Bruno: raises $0.02 to $0.04
lochness89: raises $0.06 to $0.10
cberto09: folds 
0xGroth.eth: calls $0.10
metalhead55593: folds 
frosa9397: folds 
olbap_104: folds 
I902_Bruno: calls $0.06
*** FLOP *** [As 5c Ts]
I902_Bruno: checks 
lochness89: bets $0.16
0xGroth.eth: calls $0.16
I902_Bruno: folds 
*** TURN *** [As 5c Ts] [Js]
lochness89: bets $0.41
0xGroth.eth: raises $0.41 to $0.82
lochness89: folds 
Uncalled bet ($0.41) returned to 0xGroth.eth
0xGroth.eth collected $1.42 from pot
*** SUMMARY ***
Total pot $1.47 | Rake $0.05 
Board [As 5c Ts Js]
Seat 1: olbap_104 (big blind) folded before Flop
Seat 2: JLP89 folded before Flop (didn't bet)
Seat 3: Dorex2007 folded before Flop (didn't bet)
Seat 4: I902_Bruno folded on the Flop
Seat 5: lochness89 folded on the Turn
Seat 6: cberto09 folded before Flop (didn't bet)
Seat 7: 0xGroth.eth collected ($1.42)
Seat 8: metalhead55593 (button) folded before Flop (didn't bet)
Seat 9: frosa9397 (small blind) folded before Flop



PokerStars Hand #237148817465:  Hold'em No Limit ($0.01/$0.02 USD) - 2022/07/03 20:00:52 PT [2022/07/03 23:00:52 ET]
Table 'Roxane III' 9-max Seat #9 is the button
Seat 1: olbap_104 ($0.69 in chips) 
Seat 2: JLP89 ($2.27 in chips) 
Seat 3: Dorex2007 ($2 in chips) 
Seat 4: I902_Bruno ($1.20 in chips) 
Seat 5: lochness89 ($2.37 in chips) 
Seat 6: cberto09 ($2.54 in chips) 
Seat 7: 0xGroth.eth ($3.11 in chips) 
Seat 8: metalhead55593 ($3.43 in chips) 
Seat 9: frosa9397 ($3.02 in chips) 
olbap_104: posts small blind $0.01
JLP89: posts big blind $0.02
*** HOLE CARDS ***
Dealt to Dorex2007 [5h 5s]
Dorex2007: calls $0.02
I902_Bruno: calls $0.02
lochness89: folds 
cberto09: raises $0.09 to $0.11
0xGroth.eth: calls $0.11
metalhead55593: folds 
frosa9397: folds 
olbap_104: folds 
JLP89: folds 
Dorex2007: folds 
I902_Bruno: calls $0.09
*** FLOP *** [7h Qs 8d]
I902_Bruno: bets $0.37
cberto09: folds 
0xGroth.eth: folds 
Uncalled bet ($0.37) returned to I902_Bruno
I902_Bruno collected $0.37 from pot
*** SUMMARY ***
Total pot $0.38 | Rake $0.01 
Board [7h Qs 8d]
Seat 1: olbap_104 (small blind) folded before Flop
Seat 2: JLP89 (big blind) folded before Flop
Seat 3: Dorex2007 folded before Flop
Seat 4: I902_Bruno collected ($0.37)
Seat 5: lochness89 folded before Flop (didn't bet)
Seat 6: cberto09 folded on the Flop
Seat 7: 0xGroth.eth folded on the Flop
Seat 8: metalhead55593 folded before Flop (didn't bet)
Seat 9: frosa9397 (button) folded before Flop (didn't bet)



PokerStars Hand #237148823384:  Hold'em No Limit ($0.01/$0.02 USD) - 2022/07/03 20:01:34 PT [2022/07/03 23:01:34 ET]
Table 'Roxane III' 9-max Seat #1 is the button
Seat 1: olbap_104 ($0.68 in chips) 
Seat 2: JLP89 ($2.25 in chips) 
Seat 3: Dorex2007 ($2 in chips) 
Seat 4: I902_Bruno ($1.46 in chips) 
Seat 5: lochness89 ($2.37 in chips) 
Seat 6: cberto09 ($2.43 in chips) 
Seat 7: 0xGroth.eth ($3 in chips) 
Seat 8: metalhead55593 ($3.43 in chips) 
Seat 9: frosa9397 ($3.02 in chips) 
JLP89: posts small blind $0.01
Dorex2007: posts big blind $0.02
*** HOLE CARDS ***
Dealt to Dorex2007 [Ah 7d]
I902_Bruno: calls $0.02
lochness89: folds 
cberto09: calls $0.02
0xGroth.eth: folds 
metalhead55593: raises $0.05 to $0.07
frosa9397: folds 
olbap_104: folds 
0xGroth.eth leaves the table
JLP89: folds 
Dorex2007: folds 
I902_Bruno: calls $0.05
cberto09: calls $0.05
*** FLOP *** [7s 3d 4d]
I902_Bruno: checks 
cberto09: checks 
metalhead55593: checks 
*** TURN *** [7s 3d 4d] [6d]
I902_Bruno: bets $0.06
geroyapur joins the table at seat #7 
cberto09: folds 
metalhead55593: folds 
Uncalled bet ($0.06) returned to I902_Bruno
I902_Bruno collected $0.23 from pot
*** SUMMARY ***
Total pot $0.24 | Rake $0.01 
Board [7s 3d 4d 6d]
Seat 1: olbap_104 (button) folded before Flop (didn't bet)
Seat 2: JLP89 (small blind) folded before Flop
Seat 3: Dorex2007 (big blind) folded before Flop
Seat 4: I902_Bruno collected ($0.23)
Seat 5: lochness89 folded before Flop (didn't bet)
Seat 6: cberto09 folded on the Turn
Seat 7: 0xGroth.eth folded before Flop (didn't bet)
Seat 8: metalhead55593 folded on the Turn
Seat 9: frosa9397 folded before Flop (didn't bet)



PokerStars Hand #237148833698:  Hold'em No Limit ($0.01/$0.02 USD) - 2022/07/03 20:02:45 PT [2022/07/03 23:02:45 ET]
Table 'Roxane III' 9-max Seat #2 is the button
Seat 1: olbap_104 ($0.68 in chips) 
Seat 2: JLP89 ($2.24 in chips) 
Seat 3: Dorex2007 ($2 in chips) 
Seat 4: I902_Bruno ($1.62 in chips) 
Seat 5: lochness89 ($2.37 in chips) 
Seat 6: cberto09 ($2.36 in chips) 
Seat 8: metalhead55593 ($3.36 in chips) 
Seat 9: frosa9397 ($3.02 in chips) 
Dorex2007: posts small blind $0.01
I902_Bruno: posts big blind $0.02
geroyapur: sits out 
*** HOLE CARDS ***
Dealt to Dorex2007 [4c Js]
lochness89: folds 
cberto09: raises $0.04 to $0.06
metalhead55593: folds 
frosa9397: folds 
olbap_104: folds 
JLP89: calls $0.06
Dorex2007: folds 
I902_Bruno: folds 
*** FLOP *** [9h Ac Qs]
cberto09: bets $0.05
JLP89: folds 
Uncalled bet ($0.05) returned to cberto09
cberto09 collected $0.14 from pot
*** SUMMARY ***
Total pot $0.15 | Rake $0.01 
Board [9h Ac Qs]
Seat 1: olbap_104 folded before Flop (didn't bet)
Seat 2: JLP89 (button) folded on the Flop
Seat 3: Dorex2007 (small blind) folded before Flop
Seat 4: I902_Bruno (big blind) folded before Flop
Seat 5: lochness89 folded before Flop (didn't bet)
Seat 6: cberto09 collected ($0.14)
Seat 8: metalhead55593 folded before Flop (didn't bet)
Seat 9: frosa9397 folded before Flop (didn't bet)



PokerStars Hand #237148840713:  Hold'em No Limit ($0.01/$0.02 USD) - 2022/07/03 20:03:34 PT [2022/07/03 23:03:34 ET]
Table 'Roxane III' 9-max Seat #3 is the button
Seat 1: olbap_104 ($0.68 in chips) 
Seat 2: JLP89 ($2.18 in chips) 
Seat 3: Dorex2007 ($2 in chips) 
Seat 4: I902_Bruno ($1.60 in chips) 
Seat 5: lochness89 ($2.37 in chips) 
Seat 6: cberto09 ($2.44 in chips) 
Seat 8: metalhead55593 ($3.36 in chips) 
Seat 9: frosa9397 ($3.02 in chips) 
I902_Bruno: posts small blind $0.01
lochness89: posts big blind $0.02
geroyapur: sits out 
*** HOLE CARDS ***
Dealt to Dorex2007 [9d 6d]
cberto09: folds 
metalhead55593: folds 
frosa9397: folds 
olbap_104: folds 
JLP89: folds 
Dorex2007: folds 
I902_Bruno: raises $0.06 to $0.08
lochness89: calls $0.06
*** FLOP *** [Jh 8h 8d]
I902_Bruno: bets $0.08
lochness89: calls $0.08
*** TURN *** [Jh 8h 8d] [Td]
I902_Bruno: bets $0.08
lochness89: raises $0.14 to $0.22
I902_Bruno: calls $0.14
*** RIVER *** [Jh 8h 8d Td] [Jc]
I902_Bruno: bets $0.08
lochness89: calls $0.08
*** SHOW DOWN ***
I902_Bruno: shows [Jd 7s] (a full house, Jacks full of Eights)
lochness89: mucks hand 
I902_Bruno collected $0.89 from pot
*** SUMMARY ***
Total pot $0.92 | Rake $0.03 
Board [Jh 8h 8d Td Jc]
Seat 1: olbap_104 folded before Flop (didn't bet)
Seat 2: JLP89 folded before Flop (didn't bet)
Seat 3: Dorex2007 (button) folded before Flop (didn't bet)
Seat 4: I902_Bruno (small blind) showed [Jd 7s] and won ($0.89) with a full house, Jacks full of Eights
Seat 5: lochness89 (big blind) mucked [Ad Kd]
Seat 6: cberto09 folded before Flop (didn't bet)
Seat 8: metalhead55593 folded before Flop (didn't bet)
Seat 9: frosa9397 folded before Flop (didn't bet)



PokerStars Hand #237148849346:  Hold'em No Limit ($0.01/$0.02 USD) - 2022/07/03 20:04:33 PT [2022/07/03 23:04:33 ET]
Table 'Roxane III' 9-max Seat #4 is the button
Seat 1: olbap_104 ($0.68 in chips) 
Seat 2: JLP89 ($2.18 in chips) 
Seat 3: Dorex2007 ($2 in chips) 
Seat 4: I902_Bruno ($2.03 in chips) 
Seat 5: lochness89 ($1.91 in chips) 
Seat 6: cberto09 ($2.44 in chips) 
Seat 8: metalhead55593 ($3.36 in chips) 
Seat 9: frosa9397 ($3.02 in chips) 
lochness89: posts small blind $0.01
cberto09: posts big blind $0.02
geroyapur: sits out 
*** HOLE CARDS ***
Dealt to Dorex2007 [8s 2c]
metalhead55593: folds 
frosa9397: folds 
olbap_104: folds 
JLP89: folds 
Dorex2007: folds 
I902_Bruno: calls $0.02
lochness89: folds 
cberto09: checks 
*** FLOP *** [8h 9d 7s]
cberto09: bets $0.03
I902_Bruno: raises $0.03 to $0.06
cberto09: calls $0.03
*** TURN *** [8h 9d 7s] [4d]
cberto09: checks 
I902_Bruno: bets $0.16
cberto09: calls $0.16
*** RIVER *** [8h 9d 7s 4d] [4h]
cberto09: checks 
I902_Bruno: bets $0.23
cberto09: calls $0.23
*** SHOW DOWN ***
I902_Bruno: shows [Tc Qd] (a pair of Fours)
cberto09: shows [9h Jc] (two pair, Nines and Fours)
cberto09 collected $0.92 from pot
*** SUMMARY ***
Total pot $0.95 | Rake $0.03 
Board [8h 9d 7s 4d 4h]
Seat 1: olbap_104 folded before Flop (didn't bet)
Seat 2: JLP89 folded before Flop (didn't bet)
Seat 3: Dorex2007 folded before Flop (didn't bet)
Seat 4: I902_Bruno (button) showed [Tc Qd] and lost with a pair of Fours
Seat 5: lochness89 (small blind) folded before Flop
Seat 6: cberto09 (big blind) showed [9h Jc] and won ($0.92) with two pair, Nines and Fours
Seat 8: metalhead55593 folded before Flop (didn't bet)
Seat 9: frosa9397 folded before Flop (didn't bet)



PokerStars Hand #237148857806:  Hold'em No Limit ($0.01/$0.02 USD) - 2022/07/03 20:05:31 PT [2022/07/03 23:05:31 ET]
Table 'Roxane III' 9-max Seat #5 is the button
Seat 1: olbap_104 ($0.68 in chips) 
Seat 2: JLP89 ($2.18 in chips) 
Seat 3: Dorex2007 ($2 in chips) 
Seat 4: I902_Bruno ($1.56 in chips) 
Seat 5: lochness89 ($1.90 in chips) 
Seat 6: cberto09 ($2.89 in chips) 
Seat 7: geroyapur ($1.60 in chips) 
Seat 8: metalhead55593 ($3.36 in chips) 
Seat 9: frosa9397 ($3.02 in chips) 
cberto09: posts small blind $0.01
geroyapur: posts big blind $0.02
*** HOLE CARDS ***
Dealt to Dorex2007 [Td 4h]
metalhead55593: folds 
frosa9397: folds 
olbap_104: folds 
JLP89: raises $0.02 to $0.04
Dorex2007: folds 
I902_Bruno: calls $0.04
lochness89: raises $0.12 to $0.16
cberto09: folds 
geroyapur: folds 
JLP89: folds 
I902_Bruno: calls $0.12
*** FLOP *** [4s 8c 8s]
I902_Bruno: checks 
metalhead55593 leaves the table
lochness89: bets $0.19
I902_Bruno: calls $0.19
*** TURN *** [4s 8c 8s] [2d]
I902_Bruno: checks 
lochness89: bets $0.37
I902_Bruno: calls $0.37
*** RIVER *** [4s 8c 8s 2d] [6d]
I902_Bruno: checks 
lochness89: checks 
*** SHOW DOWN ***
I902_Bruno: shows [6s Ks] (two pair, Eights and Sixes)
lochness89: mucks hand 
I902_Bruno collected $1.46 from pot
*** SUMMARY ***
Total pot $1.51 | Rake $0.05 
Board [4s 8c 8s 2d 6d]
Seat 1: olbap_104 folded before Flop (didn't bet)
Seat 2: JLP89 folded before Flop
Seat 3: Dorex2007 folded before Flop (didn't bet)
Seat 4: I902_Bruno showed [6s Ks] and won ($1.46) with two pair, Eights and Sixes
Seat 5: lochness89 (button) mucked [Ac Jd]
Seat 6: cberto09 (small blind) folded before Flop
Seat 7: geroyapur (big blind) folded before Flop
Seat 8: metalhead55593 folded before Flop (didn't bet)
Seat 9: frosa9397 folded before Flop (didn't bet)



PokerStars Hand #237148867856:  Hold'em No Limit ($0.01/$0.02 USD) - 2022/07/03 20:06:41 PT [2022/07/03 23:06:41 ET]
Table 'Roxane III' 9-max Seat #6 is the button
Seat 1: olbap_104 ($0.68 in chips) 
Seat 2: JLP89 ($2.14 in chips) 
Seat 3: Dorex2007 ($2 in chips) 
Seat 4: I902_Bruno ($2.30 in chips) 
Seat 5: lochness89 ($1.18 in chips) 
Seat 6: cberto09 ($2.88 in chips) 
Seat 7: geroyapur ($1.58 in chips) 
Seat 9: frosa9397 ($3.02 in chips) 
geroyapur: posts small blind $0.01
frosa9397: posts big blind $0.02
*** HOLE CARDS ***
Dealt to Dorex2007 [9c 6d]
olbap_104: raises $0.04 to $0.06
JLP89: folds 
Dorex2007: folds 
I902_Bruno: folds 
lochness89: folds 
cberto09: calls $0.06
geroyapur: calls $0.05
frosa9397: folds 
*** FLOP *** [5c 5h 9s]
geroyapur: checks 
olbap_104: bets $0.10
cberto09: calls $0.10
geroyapur: folds 
*** TURN *** [5c 5h 9s] [Th]
olbap_104: checks 
cberto09: bets $0.20
olbap_104: raises $0.32 to $0.52 and is all-in
cberto09: calls $0.32
*** RIVER *** [5c 5h 9s Th] [2d]
*** SHOW DOWN ***
olbap_104: shows [Ks Kd] (two pair, Kings and Fives)
cberto09: shows [Jd 5d] (three of a kind, Fives)
cberto09 collected $1.39 from pot
*** SUMMARY ***
Total pot $1.44 | Rake $0.05 
Board [5c 5h 9s Th 2d]
Seat 1: olbap_104 showed [Ks Kd] and lost with two pair, Kings and Fives
Seat 2: JLP89 folded before Flop (didn't bet)
Seat 3: Dorex2007 folded before Flop (didn't bet)
Seat 4: I902_Bruno folded before Flop (didn't bet)
Seat 5: lochness89 folded before Flop (didn't bet)
Seat 6: cberto09 (button) showed [Jd 5d] and won ($1.39) with three of a kind, Fives
Seat 7: geroyapur (small blind) folded on the Flop
Seat 9: frosa9397 (big blind) folded before Flop



PokerStars Hand #237148880247:  Hold'em No Limit ($0.01/$0.02 USD) - 2022/07/03 20:07:56 PT [2022/07/03 23:07:56 ET]
Table 'Roxane III' 9-max Seat #7 is the button
Seat 2: JLP89 ($2.14 in chips) 
Seat 3: Dorex2007 ($2 in chips) 
Seat 4: I902_Bruno ($2.30 in chips) 
Seat 5: lochness89 ($1.18 in chips) 
Seat 6: cberto09 ($3.59 in chips) 
Seat 7: geroyapur ($1.52 in chips) 
Seat 9: frosa9397 ($3 in chips) 
frosa9397: posts small blind $0.01
JLP89: posts big blind $0.02
*** HOLE CARDS ***
Dealt to Dorex2007 [3s 6c]
Dorex2007: folds 
I902_Bruno: raises $0.06 to $0.08
lochness89: folds 
cberto09: folds 
geroyapur: folds 
olbap_104 leaves the table
frosa9397: folds 
JLP89: folds 
Uncalled bet ($0.06) returned to I902_Bruno
I902_Bruno collected $0.05 from pot
*** SUMMARY ***
Total pot $0.05 | Rake $0 
Seat 2: JLP89 (big blind) folded before Flop
Seat 3: Dorex2007 folded before Flop (didn't bet)
Seat 4: I902_Bruno collected ($0.05)
Seat 5: lochness89 folded before Flop (didn't bet)
Seat 6: cberto09 folded before Flop (didn't bet)
Seat 7: geroyapur (button) folded before Flop (didn't bet)
Seat 9: frosa9397 (small blind) folded before Flop



PokerStars Hand #237148883659:  Hold'em No Limit ($0.01/$0.02 USD) - 2022/07/03 20:08:19 PT [2022/07/03 23:08:19 ET]
Table 'Roxane III' 9-max Seat #9 is the button
Seat 2: JLP89 ($2.12 in chips) 
Seat 3: Dorex2007 ($2 in chips) 
Seat 4: I902_Bruno ($2.33 in chips) 
Seat 5: lochness89 ($2 in chips) 
Seat 6: cberto09 ($3.59 in chips) 
Seat 7: geroyapur ($1.52 in chips) 
Seat 9: frosa9397 ($2.99 in chips) 
JLP89: posts small blind $0.01
Dorex2007: posts big blind $0.02
*** HOLE CARDS ***
Dealt to Dorex2007 [3s 3d]
I902_Bruno: folds 
lochness89: folds 
cberto09: folds 
geroyapur: folds 
frosa9397: folds 
JLP89: folds 
Uncalled bet ($0.01) returned to Dorex2007
Dorex2007 collected $0.02 from pot
*** SUMMARY ***
Total pot $0.02 | Rake $0 
Seat 2: JLP89 (small blind) folded before Flop
Seat 3: Dorex2007 (big blind) collected ($0.02)
Seat 4: I902_Bruno folded before Flop (didn't bet)
Seat 5: lochness89 folded before Flop (didn't bet)
Seat 6: cberto09 folded before Flop (didn't bet)
Seat 7: geroyapur folded before Flop (didn't bet)
Seat 9: frosa9397 (button) folded before Flop (didn't bet)



PokerStars Hand #237148885677:  Hold'em No Limit ($0.01/$0.02 USD) - 2022/07/03 20:08:33 PT [2022/07/03 23:08:33 ET]
Table 'Roxane III' 9-max Seat #2 is the button
Seat 2: JLP89 ($2.11 in chips) 
Seat 3: Dorex2007 ($2.01 in chips) 
Seat 4: I902_Bruno ($2.33 in chips) 
Seat 5: lochness89 ($2 in chips) 
Seat 6: cberto09 ($3.59 in chips) 
Seat 7: geroyapur ($1.52 in chips) 
Seat 9: frosa9397 ($2.99 in chips) 
Dorex2007: posts small blind $0.01
I902_Bruno: posts big blind $0.02
*** HOLE CARDS ***
Dealt to Dorex2007 [3h Kh]
lochness89: folds 
cberto09: folds 
geroyapur: folds 
frosa9397: calls $0.02
JLP89: raises $0.02 to $0.04
Dorex2007: folds 
I902_Bruno: folds 
frosa9397: calls $0.02
*** FLOP *** [4h 4c 5d]
frosa9397: checks 
JLP89: checks 
*** TURN *** [4h 4c 5d] [Ts]
frosa9397: checks 
JLP89: checks 
*** RIVER *** [4h 4c 5d Ts] [7d]
frosa9397: checks 
JLP89: checks 
*** SHOW DOWN ***
frosa9397: shows [8s As] (a pair of Fours)
JLP89: shows [9d 9c] (two pair, Nines and Fours)
JLP89 collected $0.11 from pot
*** SUMMARY ***
Total pot $0.11 | Rake $0 
Board [4h 4c 5d Ts 7d]
Seat 2: JLP89 (button) showed [9d 9c] and won ($0.11) with two pair, Nines and Fours
Seat 3: Dorex2007 (small blind) folded before Flop
Seat 4: I902_Bruno (big blind) folded before Flop
Seat 5: lochness89 folded before Flop (didn't bet)
Seat 6: cberto09 folded before Flop (didn't bet)
Seat 7: geroyapur folded before Flop (didn't bet)
Seat 9: frosa9397 showed [8s As] and lost with a pair of Fours



PokerStars Hand #237148895986:  Hold'em No Limit ($0.01/$0.02 USD) - 2022/07/03 20:09:33 PT [2022/07/03 23:09:33 ET]
Table 'Roxane III' 9-max Seat #3 is the button
Seat 2: JLP89 ($2.18 in chips) 
Seat 3: Dorex2007 ($2 in chips) 
Seat 4: I902_Bruno ($2.31 in chips) 
Seat 5: lochness89 ($2 in chips) 
Seat 6: cberto09 ($3.59 in chips) 
Seat 7: geroyapur ($1.52 in chips) 
Seat 9: frosa9397 ($2.95 in chips) 
I902_Bruno: posts small blind $0.01
lochness89: posts big blind $0.02
*** HOLE CARDS ***
Dealt to Dorex2007 [3h 9c]
cberto09: raises $0.04 to $0.06
geroyapur: folds 
frosa9397: folds 
JLP89: folds 
Dorex2007: folds 
I902_Bruno: folds 
lochness89: folds 
Uncalled bet ($0.04) returned to cberto09
cberto09 collected $0.05 from pot
*** SUMMARY ***
Total pot $0.05 | Rake $0 
Seat 2: JLP89 folded before Flop (didn't bet)
Seat 3: Dorex2007 (button) folded before Flop (didn't bet)
Seat 4: I902_Bruno (small blind) folded before Flop
Seat 5: lochness89 (big blind) folded before Flop
Seat 6: cberto09 collected ($0.05)
Seat 7: geroyapur folded before Flop (didn't bet)
Seat 9: frosa9397 folded before Flop (didn't bet)



PokerStars Hand #237148898483:  Hold'em No Limit ($0.01/$0.02 USD) - 2022/07/03 20:09:51 PT [2022/07/03 23:09:51 ET]
Table 'Roxane III' 9-max Seat #4 is the button
Seat 2: JLP89 ($2.18 in chips) 
Seat 3: Dorex2007 ($2 in chips) 
Seat 4: I902_Bruno ($2.30 in chips) 
Seat 5: lochness89 ($1.98 in chips) 
Seat 6: cberto09 ($3.62 in chips) 
Seat 7: geroyapur ($1.52 in chips) 
Seat 9: frosa9397 ($2.95 in chips) 
lochness89: posts small blind $0.01
cberto09: posts big blind $0.02
*** HOLE CARDS ***
Dealt to Dorex2007 [3c Ts]
geroyapur: raises $0.04 to $0.06
frosa9397: folds 
JLP89: folds 
Dorex2007: folds 
I902_Bruno: calls $0.06
lochness89: calls $0.05
cberto09: folds 
*** FLOP *** [5s 3d 8s]
lochness89: checks 
geroyapur: bets $0.16
I902_Bruno: folds 
lochness89: folds 
Uncalled bet ($0.16) returned to geroyapur
geroyapur collected $0.19 from pot
*** SUMMARY ***
Total pot $0.20 | Rake $0.01 
Board [5s 3d 8s]
Seat 2: JLP89 folded before Flop (didn't bet)
Seat 3: Dorex2007 folded before Flop (didn't bet)
Seat 4: I902_Bruno (button) folded on the Flop
Seat 5: lochness89 (small blind) folded on the Flop
Seat 6: cberto09 (big blind) folded before Flop
Seat 7: geroyapur collected ($0.19)
Seat 9: frosa9397 folded before Flop (didn't bet)



PokerStars Hand #237148910191:  Hold'em No Limit ($0.01/$0.02 USD) - 2022/07/03 20:10:35 PT [2022/07/03 23:10:35 ET]
Table 'Roxane III' 9-max Seat #5 is the button
Seat 2: JLP89 ($2.18 in chips) 
Seat 3: Dorex2007 ($2 in chips) 
Seat 4: I902_Bruno ($2.24 in chips) 
Seat 5: lochness89 ($1.92 in chips) 
Seat 6: cberto09 ($3.60 in chips) 
Seat 7: geroyapur ($1.65 in chips) 
Seat 9: frosa9397 ($2.95 in chips) 
cberto09: posts small blind $0.01
geroyapur: posts big blind $0.02
*** HOLE CARDS ***
Dealt to Dorex2007 [3s 6c]
frosa9397: folds 
JLP89: folds 
Dorex2007: folds 
I902_Bruno: calls $0.02
lochness89: folds 
cberto09: folds 
geroyapur: raises $0.08 to $0.10
I902_Bruno: calls $0.08
*** FLOP *** [4c 5h 8c]
geroyapur: bets $0.13
I902_Bruno: raises $0.13 to $0.26
geroyapur: calls $0.13
*** TURN *** [4c 5h 8c] [3d]
geroyapur: bets $0.46
I902_Bruno: calls $0.46
*** RIVER *** [4c 5h 8c 3d] [Qs]
geroyapur: checks 
I902_Bruno: bets $0.38
geroyapur: calls $0.38
*** SHOW DOWN ***
I902_Bruno: shows [9h 7c] (high card Queen)
geroyapur: shows [8s 7s] (a pair of Eights)
geroyapur collected $2.33 from pot
*** SUMMARY ***
Total pot $2.41 | Rake $0.08 
Board [4c 5h 8c 3d Qs]
Seat 2: JLP89 folded before Flop (didn't bet)
Seat 3: Dorex2007 folded before Flop (didn't bet)
Seat 4: I902_Bruno showed [9h 7c] and lost with high card Queen
Seat 5: lochness89 (button) folded before Flop (didn't bet)
Seat 6: cberto09 (small blind) folded before Flop
Seat 7: geroyapur (big blind) showed [8s 7s] and won ($2.33) with a pair of Eights
Seat 9: frosa9397 folded before Flop (didn't bet)



PokerStars Hand #237148922755:  Hold'em No Limit ($0.01/$0.02 USD) - 2022/07/03 20:12:04 PT [2022/07/03 23:12:04 ET]
Table 'Roxane III' 9-max Seat #6 is the button
Seat 2: JLP89 ($2.18 in chips) 
Seat 3: Dorex2007 ($2 in chips) 
Seat 4: I902_Bruno ($1.04 in chips) 
Seat 5: lochness89 ($1.92 in chips) 
Seat 6: cberto09 ($3.59 in chips) 
Seat 7: geroyapur ($2.78 in chips) 
Seat 9: frosa9397 ($2.95 in chips) 
geroyapur: posts small blind $0.01
frosa9397: posts big blind $0.02
*** HOLE CARDS ***
Dealt to Dorex2007 [3c Jc]
JLP89: folds 
Dorex2007: folds 
I902_Bruno: calls $0.02
lochness89: raises $0.06 to $0.08
cberto09: calls $0.08
geroyapur: calls $0.07
doefenday joins the table at seat #8 
frosa9397: folds 
I902_Bruno: calls $0.06
*** FLOP *** [2s 7d 8d]
MarcioGarcia_Cq joins the table at seat #1 
geroyapur: checks 
I902_Bruno: checks 
lochness89: checks 
cberto09: checks 
*** TURN *** [2s 7d 8d] [4d]
geroyapur: checks 
I902_Bruno: bets $0.06
lochness89: calls $0.06
cberto09: calls $0.06
geroyapur: calls $0.06
*** RIVER *** [2s 7d 8d 4d] [7h]
geroyapur: checks 
I902_Bruno: bets $0.10
lochness89: calls $0.10
cberto09: folds 
geroyapur: folds 
*** SHOW DOWN ***
I902_Bruno: shows [5d 6h] (a straight, Four to Eight)
lochness89: mucks hand 
I902_Bruno collected $0.75 from pot
*** SUMMARY ***
Total pot $0.78 | Rake $0.03 
Board [2s 7d 8d 4d 7h]
Seat 2: JLP89 folded before Flop (didn't bet)
Seat 3: Dorex2007 folded before Flop (didn't bet)
Seat 4: I902_Bruno showed [5d 6h] and won ($0.75) with a straight, Four to Eight
Seat 5: lochness89 mucked [Jh Jd]
Seat 6: cberto09 (button) folded on the River
Seat 7: geroyapur (small blind) folded on the River
Seat 9: frosa9397 (big blind) folded before Flop



PokerStars Hand #237148938778:  Hold'em No Limit ($0.01/$0.02 USD) - 2022/07/03 20:13:58 PT [2022/07/03 23:13:58 ET]
Table 'Roxane III' 9-max Seat #7 is the button
Seat 1: MarcioGarcia_Cq ($1.60 in chips) 
Seat 2: JLP89 ($2.18 in chips) 
Seat 3: Dorex2007 ($2 in chips) 
Seat 4: I902_Bruno ($1.55 in chips) 
Seat 5: lochness89 ($1.68 in chips) 
Seat 6: cberto09 ($3.45 in chips) 
Seat 7: geroyapur ($2.64 in chips) 
Seat 9: frosa9397 ($2.93 in chips) 
frosa9397: posts small blind $0.01
MarcioGarcia_Cq: posts big blind $0.02
*** HOLE CARDS ***
Dealt to Dorex2007 [Tc Ad]
JLP89: folds 
Dorex2007: calls $0.02
I902_Bruno: raises $0.06 to $0.08
lochness89: folds 
cberto09: folds 
geroyapur: folds 
frosa9397: calls $0.07
MarcioGarcia_Cq: calls $0.06
Dorex2007: folds 
*** FLOP *** [8d 4d 2s]
frosa9397: checks 
MarcioGarcia_Cq: checks 
I902_Bruno: bets $0.25
frosa9397: folds 
MarcioGarcia_Cq: folds 
Uncalled bet ($0.25) returned to I902_Bruno
I902_Bruno collected $0.25 from pot
*** SUMMARY ***
Total pot $0.26 | Rake $0.01 
Board [8d 4d 2s]
Seat 1: MarcioGarcia_Cq (big blind) folded on the Flop
Seat 2: JLP89 folded before Flop (didn't bet)
Seat 3: Dorex2007 folded before Flop
Seat 4: I902_Bruno collected ($0.25)
Seat 5: lochness89 folded before Flop (didn't bet)
Seat 6: cberto09 folded before Flop (didn't bet)
Seat 7: geroyapur (button) folded before Flop (didn't bet)
Seat 9: frosa9397 (small blind) folded on the Flop



PokerStars Hand #237148946337:  Hold'em No Limit ($0.01/$0.02 USD) - 2022/07/03 20:14:52 PT [2022/07/03 23:14:52 ET]
Table 'Roxane III' 9-max Seat #9 is the button
Seat 1: MarcioGarcia_Cq ($1.52 in chips) 
Seat 2: JLP89 ($2.18 in chips) 
Seat 3: Dorex2007 ($2 in chips) 
Seat 4: I902_Bruno ($1.72 in chips) 
Seat 5: lochness89 ($2 in chips) 
Seat 6: cberto09 ($3.45 in chips) 
Seat 7: geroyapur ($2.64 in chips) 
Seat 8: doefenday ($0.80 in chips) 
Seat 9: frosa9397 ($2.85 in chips) 
MarcioGarcia_Cq: posts small blind $0.01
JLP89: posts big blind $0.02
doefenday: posts big blind $0.02
*** HOLE CARDS ***
Dealt to Dorex2007 [7h Ks]
Dorex2007: folds 
I902_Bruno: raises $0.08 to $0.10
lochness89: folds 
cberto09: folds 
geroyapur: folds 
doefenday: folds 
frosa9397: folds 
MarcioGarcia_Cq: calls $0.09
JLP89: folds 
*** FLOP *** [2c Qs 7d]
MarcioGarcia_Cq: checks 
I902_Bruno: checks 
*** TURN *** [2c Qs 7d] [5d]
MarcioGarcia_Cq: bets $0.02
I902_Bruno: raises $0.06 to $0.08
MarcioGarcia_Cq: calls $0.06
*** RIVER *** [2c Qs 7d 5d] [5s]
MarcioGarcia_Cq: bets $1.34 and is all-in
I902_Bruno: folds 
Uncalled bet ($1.34) returned to MarcioGarcia_Cq
MarcioGarcia_Cq collected $0.39 from pot
*** SUMMARY ***
Total pot $0.40 | Rake $0.01 
Board [2c Qs 7d 5d 5s]
Seat 1: MarcioGarcia_Cq (small blind) collected ($0.39)
Seat 2: JLP89 (big blind) folded before Flop
Seat 3: Dorex2007 folded before Flop (didn't bet)
Seat 4: I902_Bruno folded on the River
Seat 5: lochness89 folded before Flop (didn't bet)
Seat 6: cberto09 folded before Flop (didn't bet)
Seat 7: geroyapur folded before Flop (didn't bet)
Seat 8: doefenday folded before Flop (didn't bet)
Seat 9: frosa9397 (button) folded before Flop (didn't bet)



PokerStars Hand #237148954782:  Hold'em No Limit ($0.01/$0.02 USD) - 2022/07/03 20:15:52 PT [2022/07/03 23:15:52 ET]
Table 'Roxane III' 9-max Seat #1 is the button
Seat 1: MarcioGarcia_Cq ($1.73 in chips) 
Seat 2: JLP89 ($2.16 in chips) 
Seat 3: Dorex2007 ($2 in chips) 
Seat 4: I902_Bruno ($1.54 in chips) 
Seat 5: lochness89 ($2 in chips) 
Seat 6: cberto09 ($3.45 in chips) 
Seat 7: geroyapur ($2.64 in chips) 
Seat 8: doefenday ($0.78 in chips) 
Seat 9: frosa9397 ($2.85 in chips) 
JLP89: posts small blind $0.01
Dorex2007: posts big blind $0.02
*** HOLE CARDS ***
Dealt to Dorex2007 [Kd 2c]
I902_Bruno: calls $0.02
lochness89: folds 
cberto09: folds 
geroyapur: folds 
doefenday: folds 
frosa9397: folds 
MarcioGarcia_Cq: calls $0.02
JLP89: folds 
Dorex2007: checks 
*** FLOP *** [Jc Kh 5d]
Dorex2007: checks 
I902_Bruno: checks 
MarcioGarcia_Cq: checks 
*** TURN *** [Jc Kh 5d] [9c]
Dorex2007: checks 
I902_Bruno: checks 
MarcioGarcia_Cq: checks 
*** RIVER *** [Jc Kh 5d 9c] [Qc]
Dorex2007: checks 
I902_Bruno: checks 
MarcioGarcia_Cq: checks 
*** SHOW DOWN ***
Dorex2007: shows [Kd 2c] (a pair of Kings)
I902_Bruno: mucks hand 
MarcioGarcia_Cq: mucks hand 
Dorex2007 collected $0.07 from pot
*** SUMMARY ***
Total pot $0.07 | Rake $0 
Board [Jc Kh 5d 9c Qc]
Seat 1: MarcioGarcia_Cq (button) mucked [2s Ad]
Seat 2: JLP89 (small blind) folded before Flop
Seat 3: Dorex2007 (big blind) showed [Kd 2c] and won ($0.07) with a pair of Kings
Seat 4: I902_Bruno mucked [8h 5s]
Seat 5: lochness89 folded before Flop (didn't bet)
Seat 6: cberto09 folded before Flop (didn't bet)
Seat 7: geroyapur folded before Flop (didn't bet)
Seat 8: doefenday folded before Flop (didn't bet)
Seat 9: frosa9397 folded before Flop (didn't bet)



PokerStars Hand #237148967694:  Hold'em No Limit ($0.01/$0.02 USD) - 2022/07/03 20:17:16 PT [2022/07/03 23:17:16 ET]
Table 'Roxane III' 9-max Seat #2 is the button
Seat 1: MarcioGarcia_Cq ($1.71 in chips) 
Seat 2: JLP89 ($2.15 in chips) 
Seat 3: Dorex2007 ($2.05 in chips) 
Seat 4: I902_Bruno ($1.52 in chips) 
Seat 5: lochness89 ($2 in chips) 
Seat 6: cberto09 ($3.45 in chips) 
Seat 7: geroyapur ($2.64 in chips) 
Seat 8: doefenday ($0.78 in chips) 
Seat 9: frosa9397 ($2.85 in chips) 
Dorex2007: posts small blind $0.01
I902_Bruno: posts big blind $0.02
*** HOLE CARDS ***
Dealt to Dorex2007 [3h 9c]
lochness89: folds 
cberto09: folds 
geroyapur: raises $0.04 to $0.06
doefenday: calls $0.06
frosa9397: folds 
MarcioGarcia_Cq: calls $0.06
JLP89: folds 
Dorex2007: folds 
I902_Bruno: calls $0.04
*** FLOP *** [7d 6s 7s]
I902_Bruno: checks 
geroyapur: bets $0.18
doefenday: folds 
MarcioGarcia_Cq: raises $0.18 to $0.36
I902_Bruno: folds 
geroyapur: calls $0.18
*** TURN *** [7d 6s 7s] [2h]
geroyapur: checks 
MarcioGarcia_Cq: bets $0.94
geroyapur: raises $1.28 to $2.22 and is all-in
MarcioGarcia_Cq: calls $0.35 and is all-in
Uncalled bet ($0.93) returned to geroyapur
*** RIVER *** [7d 6s 7s 2h] [4d]
*** SHOW DOWN ***
geroyapur: shows [Jc Jd] (two pair, Jacks and Sevens)
MarcioGarcia_Cq: shows [3s 6h] (two pair, Sevens and Sixes)
geroyapur collected $3.43 from pot
MarcioGarcia_Cq cashed out the hand for $0.15
*** SUMMARY ***
Total pot $3.55 | Rake $0.12 
Board [7d 6s 7s 2h 4d]
Seat 1: MarcioGarcia_Cq showed [3s 6h] and lost with two pair, Sevens and Sixes (cashed out).
Seat 2: JLP89 (button) folded before Flop (didn't bet)
Seat 3: Dorex2007 (small blind) folded before Flop
Seat 4: I902_Bruno (big blind) folded on the Flop
Seat 5: lochness89 folded before Flop (didn't bet)
Seat 6: cberto09 folded before Flop (didn't bet)
Seat 7: geroyapur showed [Jc Jd] and won ($3.43) with two pair, Jacks and Sevens
Seat 8: doefenday folded on the Flop
Seat 9: frosa9397 folded before Flop (didn't bet)



PokerStars Hand #237148978152:  Hold'em No Limit ($0.01/$0.02 USD) - 2022/07/03 20:18:30 PT [2022/07/03 23:18:30 ET]
Table 'Roxane III' 9-max Seat #3 is the button
Seat 1: MarcioGarcia_Cq ($0.15 in chips) 
Seat 2: JLP89 ($2.15 in chips) 
Seat 3: Dorex2007 ($2.04 in chips) 
Seat 4: I902_Bruno ($1.46 in chips) 
Seat 5: lochness89 ($2 in chips) 
Seat 6: cberto09 ($3.45 in chips) 
Seat 7: geroyapur ($4.36 in chips) 
Seat 8: doefenday ($0.72 in chips) 
Seat 9: frosa9397 ($2.85 in chips) 
I902_Bruno: posts small blind $0.01
lochness89: posts big blind $0.02
*** HOLE CARDS ***
Dealt to Dorex2007 [4d 6c]
cberto09: folds 
geroyapur: folds 
doefenday: folds 
frosa9397: calls $0.02
MarcioGarcia_Cq: folds 
JLP89: folds 
Dorex2007: folds 
I902_Bruno: calls $0.01
lochness89: checks 
*** FLOP *** [4s 8c 7h]
I902_Bruno: checks 
lochness89: checks 
MarcioGarcia_Cq leaves the table
frosa9397: checks 
*** TURN *** [4s 8c 7h] [9s]
I902_Bruno: checks 
lochness89: checks 
marcoslopess123 joins the table at seat #1 
frosa9397: checks 
*** RIVER *** [4s 8c 7h 9s] [Ah]
I902_Bruno: checks 
lochness89: checks 
frosa9397: checks 
*** SHOW DOWN ***
I902_Bruno: shows [Kd 4c] (a pair of Fours)
lochness89: shows [2d Ad] (a pair of Aces)
frosa9397: mucks hand 
lochness89 collected $0.06 from pot
*** SUMMARY ***
Total pot $0.06 | Rake $0 
Board [4s 8c 7h 9s Ah]
Seat 1: MarcioGarcia_Cq folded before Flop (didn't bet)
Seat 2: JLP89 folded before Flop (didn't bet)
Seat 3: Dorex2007 (button) folded before Flop (didn't bet)
Seat 4: I902_Bruno (small blind) showed [Kd 4c] and lost with a pair of Fours
Seat 5: lochness89 (big blind) showed [2d Ad] and won ($0.06) with a pair of Aces
Seat 6: cberto09 folded before Flop (didn't bet)
Seat 7: geroyapur folded before Flop (didn't bet)
Seat 8: doefenday folded before Flop (didn't bet)
Seat 9: frosa9397 mucked [Kc 9c]



PokerStars Hand #237148987483:  Hold'em No Limit ($0.01/$0.02 USD) - 2022/07/03 20:19:37 PT [2022/07/03 23:19:37 ET]
Table 'Roxane III' 9-max Seat #4 is the button
Seat 2: JLP89 ($2.15 in chips) 
Seat 3: Dorex2007 ($2.04 in chips) 
Seat 4: I902_Bruno ($1.44 in chips) 
Seat 5: lochness89 ($2.04 in chips) 
Seat 6: cberto09 ($3.45 in chips) 
Seat 7: geroyapur ($4.36 in chips) 
Seat 8: doefenday ($0.72 in chips) 
Seat 9: frosa9397 ($2.83 in chips) 
lochness89: posts small blind $0.01
cberto09: posts big blind $0.02
marcoslopess123: sits out 
*** HOLE CARDS ***
Dealt to Dorex2007 [9c 3c]
geroyapur: folds 
doefenday: folds 
frosa9397: folds 
JLP89: folds 
Dorex2007: folds 
I902_Bruno: raises $0.06 to $0.08
lochness89: raises $0.12 to $0.20
cberto09: folds 
I902_Bruno: calls $0.12
*** FLOP *** [Js 5s 7c]
lochness89: checks 
I902_Bruno: checks 
*** TURN *** [Js 5s 7c] [Jh]
lochness89: checks 
I902_Bruno: bets $0.12
lochness89: calls $0.12
*** RIVER *** [Js 5s 7c Jh] [5d]
lochness89: checks 
I902_Bruno: checks 
*** SHOW DOWN ***
lochness89: shows [Ac As] (two pair, Aces and Jacks)
I902_Bruno: mucks hand 
lochness89 collected $0.64 from pot
*** SUMMARY ***
Total pot $0.66 | Rake $0.02 
Board [Js 5s 7c Jh 5d]
Seat 2: JLP89 folded before Flop (didn't bet)
Seat 3: Dorex2007 folded before Flop (didn't bet)
Seat 4: I902_Bruno (button) mucked [8h 7h]
Seat 5: lochness89 (small blind) showed [Ac As] and won ($0.64) with two pair, Aces and Jacks
Seat 6: cberto09 (big blind) folded before Flop
Seat 7: geroyapur folded before Flop (didn't bet)
Seat 8: doefenday folded before Flop (didn't bet)
Seat 9: frosa9397 folded before Flop (didn't bet)



PokerStars Hand #237148996301:  Hold'em No Limit ($0.01/$0.02 USD) - 2022/07/03 20:20:40 PT [2022/07/03 23:20:40 ET]
Table 'Roxane III' 9-max Seat #5 is the button
Seat 1: marcoslopess123 ($2 in chips) 
Seat 2: JLP89 ($2.15 in chips) 
Seat 3: Dorex2007 ($2.04 in chips) 
Seat 4: I902_Bruno ($1.12 in chips) 
Seat 5: lochness89 ($2.36 in chips) 
Seat 6: cberto09 ($3.43 in chips) 
Seat 7: geroyapur ($4.36 in chips) 
Seat 8: doefenday ($0.72 in chips) 
Seat 9: frosa9397 ($2.83 in chips) 
cberto09: posts small blind $0.01
geroyapur: posts big blind $0.02
marcoslopess123: posts big blind $0.02
*** HOLE CARDS ***
Dealt to Dorex2007 [Ac Tc]
doefenday: folds 
frosa9397: folds 
marcoslopess123: checks 
JLP89: folds 
Dorex2007: raises $0.06 to $0.08
I902_Bruno: folds 
lochness89: folds 
cberto09: folds 
geroyapur: calls $0.06
marcoslopess123: calls $0.06
*** FLOP *** [2s Td Qs]
geroyapur: checks 
marcoslopess123: bets $0.02
Dorex2007: raises $0.14 to $0.16
geroyapur: calls $0.16
marcoslopess123: calls $0.14
*** TURN *** [2s Td Qs] [Jd]
geroyapur: checks 
marcoslopess123: checks 
Dorex2007: checks 
*** RIVER *** [2s Td Qs Jd] [6d]
geroyapur: checks 
marcoslopess123: bets $0.70
Dorex2007: folds 
geroyapur: folds 
Uncalled bet ($0.70) returned to marcoslopess123
marcoslopess123 collected $0.70 from pot
*** SUMMARY ***
Total pot $0.73 | Rake $0.03 
Board [2s Td Qs Jd 6d]
Seat 1: marcoslopess123 collected ($0.70)
Seat 2: JLP89 folded before Flop (didn't bet)
Seat 3: Dorex2007 folded on the River
Seat 4: I902_Bruno folded before Flop (didn't bet)
Seat 5: lochness89 (button) folded before Flop (didn't bet)
Seat 6: cberto09 (small blind) folded before Flop
Seat 7: geroyapur (big blind) folded on the River
Seat 8: doefenday folded before Flop (didn't bet)
Seat 9: frosa9397 folded before Flop (didn't bet)



PokerStars Hand #237149005805:  Hold'em No Limit ($0.01/$0.02 USD) - 2022/07/03 20:21:48 PT [2022/07/03 23:21:48 ET]
Table 'Roxane III' 9-max Seat #6 is the button
Seat 1: marcoslopess123 ($2.46 in chips) 
Seat 2: JLP89 ($2.15 in chips) 
Seat 3: Dorex2007 ($2 in chips) 
Seat 4: I902_Bruno ($1.12 in chips) 
Seat 5: lochness89 ($2.36 in chips) 
Seat 6: cberto09 ($3.42 in chips) 
Seat 7: geroyapur ($4.12 in chips) 
Seat 8: doefenday ($0.72 in chips) 
Seat 9: frosa9397 ($2.83 in chips) 
geroyapur: posts small blind $0.01
doefenday: posts big blind $0.02
*** HOLE CARDS ***
Dealt to Dorex2007 [Qs 7c]
frosa9397: folds 
marcoslopess123: folds 
JLP89: folds 
Dorex2007: folds 
I902_Bruno: calls $0.02
lochness89: folds 
cberto09: raises $0.08 to $0.10
geroyapur: calls $0.09
doefenday: folds 
I902_Bruno: calls $0.08
*** FLOP *** [Ts Jh 4c]
geroyapur: checks 
I902_Bruno: bets $0.10
cberto09: calls $0.10
geroyapur: folds 
*** TURN *** [Ts Jh 4c] [8c]
I902_Bruno: checks 
cberto09: bets $0.17
I902_Bruno: folds 
Uncalled bet ($0.17) returned to cberto09
cberto09 collected $0.50 from pot
*** SUMMARY ***
Total pot $0.52 | Rake $0.02 
Board [Ts Jh 4c 8c]
Seat 1: marcoslopess123 folded before Flop (didn't bet)
Seat 2: JLP89 folded before Flop (didn't bet)
Seat 3: Dorex2007 folded before Flop (didn't bet)
Seat 4: I902_Bruno folded on the Turn
Seat 5: lochness89 folded before Flop (didn't bet)
Seat 6: cberto09 (button) collected ($0.50)
Seat 7: geroyapur (small blind) folded on the Flop
Seat 8: doefenday (big blind) folded before Flop
Seat 9: frosa9397 folded before Flop (didn't bet)



PokerStars Hand #237149017414:  Hold'em No Limit ($0.01/$0.02 USD) - 2022/07/03 20:22:47 PT [2022/07/03 23:22:47 ET]
Table 'Roxane III' 9-max Seat #7 is the button
Seat 1: marcoslopess123 ($2.46 in chips) 
Seat 2: JLP89 ($2.15 in chips) 
Seat 3: Dorex2007 ($2 in chips) 
Seat 4: I902_Bruno ($0.92 in chips) 
Seat 5: lochness89 ($2.36 in chips) 
Seat 6: cberto09 ($3.72 in chips) 
Seat 7: geroyapur ($4.02 in chips) 
Seat 8: doefenday ($0.70 in chips) 
Seat 9: frosa9397 ($2.83 in chips) 
doefenday: posts small blind $0.01
frosa9397: posts big blind $0.02
*** HOLE CARDS ***
Dealt to Dorex2007 [Ks 4c]
marcoslopess123: calls $0.02
JLP89: raises $0.02 to $0.04
Dorex2007: folds 
I902_Bruno: folds 
lochness89: folds 
cberto09: calls $0.04
geroyapur: folds 
doefenday: folds 
frosa9397: folds 
marcoslopess123: calls $0.02
*** FLOP *** [6c As Ad]
marcoslopess123: checks 
JLP89: checks 
cberto09: checks 
*** TURN *** [6c As Ad] [3d]
marcoslopess123: bets $0.14
JLP89: folds 
cberto09: folds 
Uncalled bet ($0.14) returned to marcoslopess123
marcoslopess123 collected $0.14 from pot
*** SUMMARY ***
Total pot $0.15 | Rake $0.01 
Board [6c As Ad 3d]
Seat 1: marcoslopess123 collected ($0.14)
Seat 2: JLP89 folded on the Turn
Seat 3: Dorex2007 folded before Flop (didn't bet)
Seat 4: I902_Bruno folded before Flop (didn't bet)
Seat 5: lochness89 folded before Flop (didn't bet)
Seat 6: cberto09 folded on the Turn
Seat 7: geroyapur (button) folded before Flop (didn't bet)
Seat 8: doefenday (small blind) folded before Flop
Seat 9: frosa9397 (big blind) folded before Flop



PokerStars Hand #237149024843:  Hold'em No Limit ($0.01/$0.02 USD) - 2022/07/03 20:23:41 PT [2022/07/03 23:23:41 ET]
Table 'Roxane III' 9-max Seat #8 is the button
Seat 1: marcoslopess123 ($2.56 in chips) 
Seat 2: JLP89 ($2.11 in chips) 
Seat 3: Dorex2007 ($2 in chips) 
Seat 4: I902_Bruno ($0.92 in chips) 
Seat 5: lochness89 ($2.36 in chips) 
Seat 6: cberto09 ($3.68 in chips) 
Seat 7: geroyapur ($4.02 in chips) 
Seat 8: doefenday ($0.69 in chips) 
Seat 9: frosa9397 ($2.81 in chips) 
frosa9397: posts small blind $0.01
marcoslopess123: posts big blind $0.02
*** HOLE CARDS ***
Dealt to Dorex2007 [2d Jc]
JLP89: folds 
Dorex2007: folds 
I902_Bruno: raises $0.02 to $0.04
lochness89: folds 
cberto09: folds 
geroyapur: folds 
doefenday: folds 
frosa9397: calls $0.03
marcoslopess123: calls $0.02
*** FLOP *** [6h 5s 3d]
frosa9397: checks 
marcoslopess123: bets $0.02
I902_Bruno: calls $0.02
frosa9397: calls $0.02
*** TURN *** [6h 5s 3d] [9s]
frosa9397: checks 
marcoslopess123: checks 
I902_Bruno: checks 
*** RIVER *** [6h 5s 3d 9s] [7s]
frosa9397: checks 
marcoslopess123: checks 
I902_Bruno: checks 
*** SHOW DOWN ***
frosa9397: shows [9c 7c] (two pair, Nines and Sevens)
marcoslopess123: mucks hand 
I902_Bruno: mucks hand 
frosa9397 collected $0.17 from pot
*** SUMMARY ***
Total pot $0.18 | Rake $0.01 
Board [6h 5s 3d 9s 7s]
Seat 1: marcoslopess123 (big blind) mucked [9h Kd]
Seat 2: JLP89 folded before Flop (didn't bet)
Seat 3: Dorex2007 folded before Flop (didn't bet)
Seat 4: I902_Bruno mucked [9d Qs]
Seat 5: lochness89 folded before Flop (didn't bet)
Seat 6: cberto09 folded before Flop (didn't bet)
Seat 7: geroyapur folded before Flop (didn't bet)
Seat 8: doefenday (button) folded before Flop (didn't bet)
Seat 9: frosa9397 (small blind) showed [9c 7c] and won ($0.17) with two pair, Nines and Sevens



PokerStars Hand #237149034100:  Hold'em No Limit ($0.01/$0.02 USD) - 2022/07/03 20:24:44 PT [2022/07/03 23:24:44 ET]
Table 'Roxane III' 9-max Seat #9 is the button
Seat 1: marcoslopess123 ($2.50 in chips) 
Seat 3: Dorex2007 ($2 in chips) 
Seat 4: I902_Bruno ($0.86 in chips) 
Seat 5: lochness89 ($2.36 in chips) 
Seat 6: cberto09 ($3.68 in chips) 
Seat 7: geroyapur ($4.02 in chips) 
Seat 8: doefenday ($0.69 in chips) 
Seat 9: frosa9397 ($2.92 in chips) 
marcoslopess123: posts small blind $0.01
JLP89: is sitting out 
Dorex2007: posts big blind $0.02
*** HOLE CARDS ***
Dealt to Dorex2007 [Tc 7s]
I902_Bruno: raises $0.02 to $0.04
lochness89: folds 
cberto09: folds 
geroyapur: folds 
doefenday: folds 
frosa9397: folds 
marcoslopess123: calls $0.03
Dorex2007: folds 
*** FLOP *** [Jh 8d 3h]
marcoslopess123: bets $0.10
JLP89 leaves the table
I902_Bruno: calls $0.10
*** TURN *** [Jh 8d 3h] [6c]
marcoslopess123: bets $0.29
I902_Bruno: folds 
Uncalled bet ($0.29) returned to marcoslopess123
marcoslopess123 collected $0.29 from pot
*** SUMMARY ***
Total pot $0.30 | Rake $0.01 
Board [Jh 8d 3h 6c]
Seat 1: marcoslopess123 (small blind) collected ($0.29)
Seat 3: Dorex2007 (big blind) folded before Flop
Seat 4: I902_Bruno folded on the Turn
Seat 5: lochness89 folded before Flop (didn't bet)
Seat 6: cberto09 folded before Flop (didn't bet)
Seat 7: geroyapur folded before Flop (didn't bet)
Seat 8: doefenday folded before Flop (didn't bet)
Seat 9: frosa9397 (button) folded before Flop (didn't bet)



PokerStars Hand #237149040826:  Hold'em No Limit ($0.01/$0.02 USD) - 2022/07/03 20:25:10 PT [2022/07/03 23:25:10 ET]
Table 'Roxane III' 9-max Seat #1 is the button
Seat 1: marcoslopess123 ($2.65 in chips) 
Seat 3: Dorex2007 ($2 in chips) 
Seat 4: I902_Bruno ($0.72 in chips) 
Seat 5: lochness89 ($2.36 in chips) 
Seat 6: cberto09 ($3.68 in chips) 
Seat 7: geroyapur ($4.02 in chips) 
Seat 8: doefenday ($0.69 in chips) 
Seat 9: frosa9397 ($2.92 in chips) 
Dorex2007: posts small blind $0.01
I902_Bruno: posts big blind $0.02
*** HOLE CARDS ***
Dealt to Dorex2007 [2h 2s]
INTIMIDATOR69 joins the table at seat #2 
lochness89: raises $0.04 to $0.06
cberto09: folds 
geroyapur: calls $0.06
doefenday: folds 
frosa9397: folds 
marcoslopess123: folds 
Dorex2007: calls $0.05
I902_Bruno: calls $0.04
*** FLOP *** [7d 4d 7h]
Dorex2007: checks 
I902_Bruno: checks 
lochness89: checks 
geroyapur: bets $0.11
Dorex2007: folds 
I902_Bruno: folds 
lochness89: folds 
Uncalled bet ($0.11) returned to geroyapur
geroyapur collected $0.23 from pot
*** SUMMARY ***
Total pot $0.24 | Rake $0.01 
Board [7d 4d 7h]
Seat 1: marcoslopess123 (button) folded before Flop (didn't bet)
Seat 3: Dorex2007 (small blind) folded on the Flop
Seat 4: I902_Bruno (big blind) folded on the Flop
Seat 5: lochness89 folded on the Flop
Seat 6: cberto09 folded before Flop (didn't bet)
Seat 7: geroyapur collected ($0.23)
Seat 8: doefenday folded before Flop (didn't bet)
Seat 9: frosa9397 folded before Flop (didn't bet)



PokerStars Hand #237149049729:  Hold'em No Limit ($0.01/$0.02 USD) - 2022/07/03 20:26:13 PT [2022/07/03 23:26:13 ET]
Table 'Roxane III' 9-max Seat #3 is the button
Seat 1: marcoslopess123 ($2.65 in chips) 
Seat 2: INTIMIDATOR69 ($1 in chips) 
Seat 3: Dorex2007 ($2 in chips) 
Seat 4: I902_Bruno ($0.66 in chips) 
Seat 5: lochness89 ($2.30 in chips) 
Seat 6: cberto09 ($3.68 in chips) 
Seat 7: geroyapur ($4.19 in chips) 
Seat 8: doefenday ($0.69 in chips) 
Seat 9: frosa9397 ($2.92 in chips) 
I902_Bruno: posts small blind $0.01
lochness89: posts big blind $0.02
INTIMIDATOR69: posts big blind $0.02
*** HOLE CARDS ***
Dealt to Dorex2007 [5d 2c]
cberto09: raises $0.04 to $0.06
geroyapur: calls $0.06
doefenday: folds 
frosa9397: folds 
marcoslopess123: folds 
INTIMIDATOR69: folds 
Dorex2007: folds 
I902_Bruno: calls $0.05
lochness89: folds 
*** FLOP *** [3h 4h 3c]
I902_Bruno: checks 
cberto09: bets $0.07
geroyapur: calls $0.07
I902_Bruno: folds 
*** TURN *** [3h 4h 3c] [Jc]
cberto09: bets $0.18
geroyapur: calls $0.18
*** RIVER *** [3h 4h 3c Jc] [Kd]
cberto09: checks 
geroyapur: checks 
*** SHOW DOWN ***
cberto09: shows [5h Ah] (a pair of Threes)
geroyapur: shows [Qs Jh] (two pair, Jacks and Threes)
geroyapur collected $0.69 from pot
*** SUMMARY ***
Total pot $0.72 | Rake $0.03 
Board [3h 4h 3c Jc Kd]
Seat 1: marcoslopess123 folded before Flop (didn't bet)
Seat 2: INTIMIDATOR69 folded before Flop (didn't bet)
Seat 3: Dorex2007 (button) folded before Flop (didn't bet)
Seat 4: I902_Bruno (small blind) folded on the Flop
Seat 5: lochness89 (big blind) folded before Flop
Seat 6: cberto09 showed [5h Ah] and lost with a pair of Threes
Seat 7: geroyapur showed [Qs Jh] and won ($0.69) with two pair, Jacks and Threes
Seat 8: doefenday folded before Flop (didn't bet)
Seat 9: frosa9397 folded before Flop (didn't bet)



PokerStars Hand #237149057452:  Hold'em No Limit ($0.01/$0.02 USD) - 2022/07/03 20:27:08 PT [2022/07/03 23:27:08 ET]
Table 'Roxane III' 9-max Seat #4 is the button
Seat 1: marcoslopess123 ($2.65 in chips) 
Seat 2: INTIMIDATOR69 ($1 in chips) 
Seat 3: Dorex2007 ($2 in chips) 
Seat 4: I902_Bruno ($0.60 in chips) 
Seat 5: lochness89 ($2.28 in chips) 
Seat 6: cberto09 ($3.37 in chips) 
Seat 7: geroyapur ($4.57 in chips) 
Seat 8: doefenday ($0.69 in chips) 
Seat 9: frosa9397 ($2.92 in chips) 
lochness89: posts small blind $0.01
cberto09: posts big blind $0.02
*** HOLE CARDS ***
Dealt to Dorex2007 [Qh Ks]
geroyapur: folds 
doefenday: folds 
frosa9397: folds 
marcoslopess123: calls $0.02
INTIMIDATOR69: calls $0.02
Dorex2007: calls $0.02
I902_Bruno: folds 
lochness89: calls $0.01
cberto09: checks 
*** FLOP *** [3s 8s 7h]
lochness89: checks 
cberto09: checks 
marcoslopess123: bets $0.05
INTIMIDATOR69: raises $0.20 to $0.25
Dorex2007: folds 
lochness89: folds 
cberto09: folds 
marcoslopess123: calls $0.20
*** TURN *** [3s 8s 7h] [Ad]
marcoslopess123: checks 
INTIMIDATOR69: bets $0.73 and is all-in
marcoslopess123: folds 
Uncalled bet ($0.73) returned to INTIMIDATOR69
INTIMIDATOR69 collected $0.58 from pot
*** SUMMARY ***
Total pot $0.60 | Rake $0.02 
Board [3s 8s 7h Ad]
Seat 1: marcoslopess123 folded on the Turn
Seat 2: INTIMIDATOR69 collected ($0.58)
Seat 3: Dorex2007 folded on the Flop
Seat 4: I902_Bruno (button) folded before Flop (didn't bet)
Seat 5: lochness89 (small blind) folded on the Flop
Seat 6: cberto09 (big blind) folded on the Flop
Seat 7: geroyapur folded before Flop (didn't bet)
Seat 8: doefenday folded before Flop (didn't bet)
Seat 9: frosa9397 folded before Flop (didn't bet)



PokerStars Hand #237149064751:  Hold'em No Limit ($0.01/$0.02 USD) - 2022/07/03 20:28:01 PT [2022/07/03 23:28:01 ET]
Table 'Roxane III' 9-max Seat #5 is the button
Seat 1: marcoslopess123 ($2.38 in chips) 
Seat 2: INTIMIDATOR69 ($1.31 in chips) 
Seat 3: Dorex2007 ($2 in chips) 
Seat 4: I902_Bruno ($0.60 in chips) 
Seat 5: lochness89 ($2.26 in chips) 
Seat 6: cberto09 ($3.35 in chips) 
Seat 7: geroyapur ($4.57 in chips) 
Seat 8: doefenday ($0.69 in chips) 
Seat 9: frosa9397 ($2.92 in chips) 
cberto09: posts small blind $0.01
geroyapur: posts big blind $0.02
*** HOLE CARDS ***
Dealt to Dorex2007 [Tc 2h]
doefenday: folds 
frosa9397: folds 
marcoslopess123: folds 
INTIMIDATOR69: calls $0.02
Dorex2007: folds 
I902_Bruno: raises $0.08 to $0.10
lochness89: folds 
cberto09: calls $0.09
geroyapur: folds 
INTIMIDATOR69: folds 
*** FLOP *** [Js 9s 9d]
cberto09: checks 
I902_Bruno: bets $0.23
cberto09: folds 
Uncalled bet ($0.23) returned to I902_Bruno
I902_Bruno collected $0.23 from pot
*** SUMMARY ***
Total pot $0.24 | Rake $0.01 
Board [Js 9s 9d]
Seat 1: marcoslopess123 folded before Flop (didn't bet)
Seat 2: INTIMIDATOR69 folded before Flop
Seat 3: Dorex2007 folded before Flop (didn't bet)
Seat 4: I902_Bruno collected ($0.23)
Seat 5: lochness89 (button) folded before Flop (didn't bet)
Seat 6: cberto09 (small blind) folded on the Flop
Seat 7: geroyapur (big blind) folded before Flop
Seat 8: doefenday folded before Flop (didn't bet)
Seat 9: frosa9397 folded before Flop (didn't bet)



PokerStars Hand #237149071110:  Hold'em No Limit ($0.01/$0.02 USD) - 2022/07/03 20:28:46 PT [2022/07/03 23:28:46 ET]
Table 'Roxane III' 9-max Seat #6 is the button
Seat 1: marcoslopess123 ($2.38 in chips) 
Seat 2: INTIMIDATOR69 ($1.29 in chips) 
Seat 3: Dorex2007 ($2 in chips) 
Seat 4: I902_Bruno ($0.73 in chips) 
Seat 5: lochness89 ($2.26 in chips) 
Seat 6: cberto09 ($3.25 in chips) 
Seat 7: geroyapur ($4.55 in chips) 
Seat 8: doefenday ($0.69 in chips) 
Seat 9: frosa9397 ($2.92 in chips) 
geroyapur: posts small blind $0.01
doefenday: posts big blind $0.02
*** HOLE CARDS ***
Dealt to Dorex2007 [5h As]
frosa9397: calls $0.02
marcoslopess123: calls $0.02
INTIMIDATOR69: calls $0.02
Dorex2007: folds 
I902_Bruno: calls $0.02
lochness89: folds 
cberto09: folds 
geroyapur: calls $0.01
doefenday: checks 
*** FLOP *** [3d 5s 4s]
geroyapur: checks 
doefenday: bets $0.04
frosa9397: calls $0.04
marcoslopess123: calls $0.04
INTIMIDATOR69: folds 
I902_Bruno: calls $0.04
geroyapur: folds 
*** TURN *** [3d 5s 4s] [2d]
doefenday: checks 
frosa9397: bets $0.17
marcoslopess123: folds 
I902_Bruno: calls $0.17
doefenday: folds 
*** RIVER *** [3d 5s 4s 2d] [Tc]
frosa9397: bets $0.34
I902_Bruno: raises $0.16 to $0.50 and is all-in
frosa9397: calls $0.16
*** SHOW DOWN ***
I902_Bruno: shows [8c 6c] (a straight, Deuce to Six)
frosa9397: shows [Kd 6d] (a straight, Deuce to Six)
frosa9397 collected $0.78 from pot
I902_Bruno collected $0.78 from pot
*** SUMMARY ***
Total pot $1.62 | Rake $0.06 
Board [3d 5s 4s 2d Tc]
Seat 1: marcoslopess123 folded on the Turn
Seat 2: INTIMIDATOR69 folded on the Flop
Seat 3: Dorex2007 folded before Flop (didn't bet)
Seat 4: I902_Bruno showed [8c 6c] and won ($0.78) with a straight, Deuce to Six
Seat 5: lochness89 folded before Flop (didn't bet)
Seat 6: cberto09 (button) folded before Flop (didn't bet)
Seat 7: geroyapur (small blind) folded on the Flop
Seat 8: doefenday (big blind) folded on the Turn
Seat 9: frosa9397 showed [Kd 6d] and won ($0.78) with a straight, Deuce to Six



PokerStars Hand #237149082947:  Hold'em No Limit ($0.01/$0.02 USD) - 2022/07/03 20:30:13 PT [2022/07/03 23:30:13 ET]
Table 'Roxane III' 9-max Seat #7 is the button
Seat 1: marcoslopess123 ($2.32 in chips) 
Seat 2: INTIMIDATOR69 ($1.27 in chips) 
Seat 3: Dorex2007 ($2 in chips) 
Seat 4: I902_Bruno ($0.78 in chips) 
Seat 5: lochness89 ($2.26 in chips) 
Seat 6: cberto09 ($3.25 in chips) 
Seat 7: geroyapur ($4.53 in chips) 
Seat 8: doefenday ($0.63 in chips) 
Seat 9: frosa9397 ($2.97 in chips) 
doefenday: posts small blind $0.01
frosa9397: posts big blind $0.02
*** HOLE CARDS ***
Dealt to Dorex2007 [As 2c]
marcoslopess123: calls $0.02
INTIMIDATOR69: calls $0.02
Dorex2007: folds 
I902_Bruno: calls $0.02
lochness89: folds 
cberto09: folds 
geroyapur: raises $0.08 to $0.10
doefenday: folds 
frosa9397: folds 
marcoslopess123: calls $0.08
INTIMIDATOR69: calls $0.08
I902_Bruno: calls $0.08
*** FLOP *** [2d Ah Ac]
marcoslopess123: checks 
INTIMIDATOR69: checks 
I902_Bruno: checks 
geroyapur: bets $0.08
marcoslopess123: folds 
INTIMIDATOR69: folds 
I902_Bruno: folds 
Uncalled bet ($0.08) returned to geroyapur
geroyapur collected $0.41 from pot
*** SUMMARY ***
Total pot $0.43 | Rake $0.02 
Board [2d Ah Ac]
Seat 1: marcoslopess123 folded on the Flop
Seat 2: INTIMIDATOR69 folded on the Flop
Seat 3: Dorex2007 folded before Flop (didn't bet)
Seat 4: I902_Bruno folded on the Flop
Seat 5: lochness89 folded before Flop (didn't bet)
Seat 6: cberto09 folded before Flop (didn't bet)
Seat 7: geroyapur (button) collected ($0.41)
Seat 8: doefenday (small blind) folded before Flop
Seat 9: frosa9397 (big blind) folded before Flop



PokerStars Hand #237149091355:  Hold'em No Limit ($0.01/$0.02 USD) - 2022/07/03 20:31:15 PT [2022/07/03 23:31:15 ET]
Table 'Roxane III' 9-max Seat #8 is the button
Seat 1: marcoslopess123 ($2.22 in chips) 
Seat 2: INTIMIDATOR69 ($1.17 in chips) 
Seat 3: Dorex2007 ($2 in chips) 
Seat 4: I902_Bruno ($0.68 in chips) 
Seat 5: lochness89 ($2.26 in chips) 
Seat 6: cberto09 ($3.25 in chips) 
Seat 7: geroyapur ($4.84 in chips) 
Seat 8: doefenday ($0.62 in chips) 
Seat 9: frosa9397 ($2.95 in chips) 
frosa9397: posts small blind $0.01
marcoslopess123: posts big blind $0.02
*** HOLE CARDS ***
Dealt to Dorex2007 [Qh 6d]
INTIMIDATOR69: folds 
Dorex2007: folds 
I902_Bruno: folds 
lochness89: folds 
cberto09: folds 
geroyapur: folds 
doefenday: calls $0.02
frosa9397: raises $0.10 to $0.12
marcoslopess123: calls $0.10
doefenday: folds 
*** FLOP *** [Jh 7c 6s]
frosa9397: checks 
marcoslopess123: bets $0.25
frosa9397: folds 
Uncalled bet ($0.25) returned to marcoslopess123
marcoslopess123 collected $0.25 from pot
*** SUMMARY ***
Total pot $0.26 | Rake $0.01 
Board [Jh 7c 6s]
Seat 1: marcoslopess123 (big blind) collected ($0.25)
Seat 2: INTIMIDATOR69 folded before Flop (didn't bet)
Seat 3: Dorex2007 folded before Flop (didn't bet)
Seat 4: I902_Bruno folded before Flop (didn't bet)
Seat 5: lochness89 folded before Flop (didn't bet)
Seat 6: cberto09 folded before Flop (didn't bet)
Seat 7: geroyapur folded before Flop (didn't bet)
Seat 8: doefenday (button) folded before Flop
Seat 9: frosa9397 (small blind) folded on the Flop



PokerStars Hand #237149097347:  Hold'em No Limit ($0.01/$0.02 USD) - 2022/07/03 20:32:00 PT [2022/07/03 23:32:00 ET]
Table 'Roxane III' 9-max Seat #9 is the button
Seat 1: marcoslopess123 ($2.35 in chips) 
Seat 2: INTIMIDATOR69 ($1.17 in chips) 
Seat 3: Dorex2007 ($2 in chips) 
Seat 4: I902_Bruno ($0.68 in chips) 
Seat 5: lochness89 ($2.26 in chips) 
Seat 6: cberto09 ($3.25 in chips) 
Seat 7: geroyapur ($4.84 in chips) 
Seat 8: doefenday ($0.60 in chips) 
Seat 9: frosa9397 ($2.83 in chips) 
marcoslopess123: posts small blind $0.01
INTIMIDATOR69: posts big blind $0.02
*** HOLE CARDS ***
Dealt to Dorex2007 [Kc 5h]
Dorex2007: folds 
I902_Bruno: raises $0.02 to $0.04
lochness89: folds 
cberto09: folds 
geroyapur: calls $0.04
doefenday: folds 
frosa9397: folds 
marcoslopess123: calls $0.03
INTIMIDATOR69: calls $0.02
*** FLOP *** [Jd Ad 4c]
marcoslopess123: checks 
INTIMIDATOR69: checks 
I902_Bruno: bets $0.15
geroyapur: folds 
marcoslopess123: folds 
INTIMIDATOR69: folds 
Uncalled bet ($0.15) returned to I902_Bruno
I902_Bruno collected $0.15 from pot
*** SUMMARY ***
Total pot $0.16 | Rake $0.01 
Board [Jd Ad 4c]
Seat 1: marcoslopess123 (small blind) folded on the Flop
Seat 2: INTIMIDATOR69 (big blind) folded on the Flop
Seat 3: Dorex2007 folded before Flop (didn't bet)
Seat 4: I902_Bruno collected ($0.15)
Seat 5: lochness89 folded before Flop (didn't bet)
Seat 6: cberto09 folded before Flop (didn't bet)
Seat 7: geroyapur folded on the Flop
Seat 8: doefenday folded before Flop (didn't bet)
Seat 9: frosa9397 (button) folded before Flop (didn't bet)



PokerStars Hand #237149102466:  Hold'em No Limit ($0.01/$0.02 USD) - 2022/07/03 20:32:37 PT [2022/07/03 23:32:37 ET]
Table 'Roxane III' 9-max Seat #1 is the button
Seat 1: marcoslopess123 ($2.31 in chips) 
Seat 2: INTIMIDATOR69 ($1.13 in chips) 
Seat 3: Dorex2007 ($2 in chips) 
Seat 4: I902_Bruno ($0.79 in chips) 
Seat 5: lochness89 ($2.26 in chips) 
Seat 6: cberto09 ($3.25 in chips) 
Seat 7: geroyapur ($4.80 in chips) 
Seat 8: doefenday ($0.60 in chips) 
Seat 9: frosa9397 ($2.83 in chips) 
INTIMIDATOR69: posts small blind $0.01
Dorex2007: posts big blind $0.02
*** HOLE CARDS ***
Dealt to Dorex2007 [7h Ac]
I902_Bruno: raises $0.04 to $0.06
lochness89: folds 
cberto09: folds 
geroyapur: folds 
doefenday: folds 
frosa9397: folds 
marcoslopess123: folds 
INTIMIDATOR69: folds 
Dorex2007: folds 
Uncalled bet ($0.04) returned to I902_Bruno
I902_Bruno collected $0.05 from pot
*** SUMMARY ***
Total pot $0.05 | Rake $0 
Seat 1: marcoslopess123 (button) folded before Flop (didn't bet)
Seat 2: INTIMIDATOR69 (small blind) folded before Flop
Seat 3: Dorex2007 (big blind) folded before Flop
Seat 4: I902_Bruno collected ($0.05)
Seat 5: lochness89 folded before Flop (didn't bet)
Seat 6: cberto09 folded before Flop (didn't bet)
Seat 7: geroyapur folded before Flop (didn't bet)
Seat 8: doefenday folded before Flop (didn't bet)
Seat 9: frosa9397 folded before Flop (didn't bet)



PokerStars Hand #237149104861:  Hold'em No Limit ($0.01/$0.02 USD) - 2022/07/03 20:32:55 PT [2022/07/03 23:32:55 ET]
Table 'Roxane III' 9-max Seat #2 is the button
Seat 1: marcoslopess123 ($2.31 in chips) 
Seat 2: INTIMIDATOR69 ($1.12 in chips) 
Seat 3: Dorex2007 ($2 in chips) 
Seat 4: I902_Bruno ($0.82 in chips) 
Seat 5: lochness89 ($2.26 in chips) 
Seat 6: cberto09 ($3.25 in chips) 
Seat 7: geroyapur ($4.80 in chips) 
Seat 8: doefenday ($0.60 in chips) 
Seat 9: frosa9397 ($2.83 in chips) 
Dorex2007: posts small blind $0.01
I902_Bruno: posts big blind $0.02
*** HOLE CARDS ***
Dealt to Dorex2007 [Td Jd]
lochness89: folds 
cberto09: folds 
geroyapur: raises $0.04 to $0.06
doefenday: calls $0.06
frosa9397: folds 
marcoslopess123: folds 
INTIMIDATOR69: raises $0.32 to $0.38
Dorex2007: folds 
I902_Bruno: folds 
geroyapur: calls $0.32
doefenday: folds 
*** FLOP *** [2s Qc 9d]
geroyapur: checks 
I902_Bruno leaves the table
INTIMIDATOR69: bets $0.74 and is all-in
geroyapur: calls $0.74
*** TURN *** [2s Qc 9d] [5h]
*** RIVER *** [2s Qc 9d 5h] [4s]
*** SHOW DOWN ***
geroyapur: shows [Ad Qs] (a pair of Queens)
INTIMIDATOR69: shows [Kd Kc] (a pair of Kings)
INTIMIDATOR69 collected $2.25 from pot
*** SUMMARY ***
Total pot $2.33 | Rake $0.08 
Board [2s Qc 9d 5h 4s]
Seat 1: marcoslopess123 folded before Flop (didn't bet)
Seat 2: INTIMIDATOR69 (button) showed [Kd Kc] and won ($2.25) with a pair of Kings
Seat 3: Dorex2007 (small blind) folded before Flop
Seat 4: I902_Bruno (big blind) folded before Flop
Seat 5: lochness89 folded before Flop (didn't bet)
Seat 6: cberto09 folded before Flop (didn't bet)
Seat 7: geroyapur showed [Ad Qs] and lost with a pair of Queens
Seat 8: doefenday folded before Flop
Seat 9: frosa9397 folded before Flop (didn't bet)



PokerStars Hand #237149116896:  Hold'em No Limit ($0.01/$0.02 USD) - 2022/07/03 20:33:50 PT [2022/07/03 23:33:50 ET]
Table 'Roxane III' 9-max Seat #3 is the button
Seat 1: marcoslopess123 ($2.31 in chips) 
Seat 2: INTIMIDATOR69 ($2.25 in chips) 
Seat 3: Dorex2007 ($2 in chips) 
Seat 5: lochness89 ($2.26 in chips) 
Seat 6: cberto09 ($3.25 in chips) 
Seat 7: geroyapur ($3.68 in chips) 
Seat 8: doefenday ($0.54 in chips) 
Seat 9: frosa9397 ($2.83 in chips) 
lochness89: posts small blind $0.01
cberto09: posts big blind $0.02
*** HOLE CARDS ***
Dealt to Dorex2007 [Kd 7d]
geroyapur: folds 
doefenday: calls $0.02
frosa9397: folds 
marcoslopess123: folds 
INTIMIDATOR69: folds 
Dorex2007: folds 
lochness89: folds 
cberto09: checks 
*** FLOP *** [Jd 9d Ac]
cberto09: checks 
doefenday: checks 
*** TURN *** [Jd 9d Ac] [7c]
cberto09: bets $0.04
doefenday: calls $0.04
*** RIVER *** [Jd 9d Ac 7c] [6h]
cberto09: bets $0.10
doefenday: raises $0.10 to $0.20
cberto09: calls $0.10
*** SHOW DOWN ***
doefenday: shows [6s Js] (two pair, Jacks and Sixes)
cberto09: shows [9c Jh] (two pair, Jacks and Nines)
cberto09 collected $0.51 from pot
*** SUMMARY ***
Total pot $0.53 | Rake $0.02 
Board [Jd 9d Ac 7c 6h]
Seat 1: marcoslopess123 folded before Flop (didn't bet)
Seat 2: INTIMIDATOR69 folded before Flop (didn't bet)
Seat 3: Dorex2007 (button) folded before Flop (didn't bet)
Seat 5: lochness89 (small blind) folded before Flop
Seat 6: cberto09 (big blind) showed [9c Jh] and won ($0.51) with two pair, Jacks and Nines
Seat 7: geroyapur folded before Flop (didn't bet)
Seat 8: doefenday showed [6s Js] and lost with two pair, Jacks and Sixes
Seat 9: frosa9397 folded before Flop (didn't bet)



PokerStars Hand #237149123210:  Hold'em No Limit ($0.01/$0.02 USD) - 2022/07/03 20:34:37 PT [2022/07/03 23:34:37 ET]
Table 'Roxane III' 9-max Seat #5 is the button
Seat 1: marcoslopess123 ($2.31 in chips) 
Seat 2: INTIMIDATOR69 ($2.25 in chips) 
Seat 3: Dorex2007 ($2 in chips) 
Seat 5: lochness89 ($2.25 in chips) 
Seat 6: cberto09 ($3.50 in chips) 
Seat 7: geroyapur ($3.68 in chips) 
Seat 8: doefenday ($0.28 in chips) 
Seat 9: frosa9397 ($2.83 in chips) 
cberto09: posts small blind $0.01
geroyapur: posts big blind $0.02
*** HOLE CARDS ***
Dealt to Dorex2007 [4d Ac]
doefenday: folds 
frosa9397: folds 
marcoslopess123: calls $0.02
INTIMIDATOR69: folds 
Dorex2007: folds 
lochness89: folds 
cberto09: raises $0.08 to $0.10
geroyapur: calls $0.08
marcoslopess123: calls $0.08
*** FLOP *** [5d Ts 8h]
cberto09: checks 
geroyapur: checks 
marcoslopess123: checks 
*** TURN *** [5d Ts 8h] [2s]
cberto09: bets $0.12
geroyapur: folds 
marcoslopess123: folds 
Uncalled bet ($0.12) returned to cberto09
cberto09 collected $0.29 from pot
*** SUMMARY ***
Total pot $0.30 | Rake $0.01 
Board [5d Ts 8h 2s]
Seat 1: marcoslopess123 folded on the Turn
Seat 2: INTIMIDATOR69 folded before Flop (didn't bet)
Seat 3: Dorex2007 folded before Flop (didn't bet)
Seat 5: lochness89 (button) folded before Flop (didn't bet)
Seat 6: cberto09 (small blind) collected ($0.29)
Seat 7: geroyapur (big blind) folded on the Turn
Seat 8: doefenday folded before Flop (didn't bet)
Seat 9: frosa9397 folded before Flop (didn't bet)



PokerStars Hand #237149130148:  Hold'em No Limit ($0.01/$0.02 USD) - 2022/07/03 20:35:21 PT [2022/07/03 23:35:21 ET]
Table 'Roxane III' 9-max Seat #6 is the button
Seat 1: marcoslopess123 ($2.21 in chips) 
Seat 2: INTIMIDATOR69 ($2.25 in chips) 
Seat 3: Dorex2007 ($2 in chips) 
Seat 5: lochness89 ($2.25 in chips) 
Seat 6: cberto09 ($3.69 in chips) 
Seat 7: geroyapur ($3.58 in chips) 
Seat 8: doefenday ($0.28 in chips) 
Seat 9: frosa9397 ($2.83 in chips) 
geroyapur: posts small blind $0.01
doefenday: posts big blind $0.02
*** HOLE CARDS ***
Dealt to Dorex2007 [Td 6d]
frosa9397: calls $0.02
marcoslopess123: folds 
INTIMIDATOR69: folds 
Dorex2007: folds 
lochness89: folds 
cberto09: raises $0.10 to $0.12
geroyapur: folds 
doefenday: folds 
frosa9397: folds 
Uncalled bet ($0.10) returned to cberto09
cberto09 collected $0.07 from pot
*** SUMMARY ***
Total pot $0.07 | Rake $0 
Seat 1: marcoslopess123 folded before Flop (didn't bet)
Seat 2: INTIMIDATOR69 folded before Flop (didn't bet)
Seat 3: Dorex2007 folded before Flop (didn't bet)
Seat 5: lochness89 folded before Flop (didn't bet)
Seat 6: cberto09 (button) collected ($0.07)
Seat 7: geroyapur (small blind) folded before Flop
Seat 8: doefenday (big blind) folded before Flop
Seat 9: frosa9397 folded before Flop



PokerStars Hand #237149133797:  Hold'em No Limit ($0.01/$0.02 USD) - 2022/07/03 20:35:48 PT [2022/07/03 23:35:48 ET]
Table 'Roxane III' 9-max Seat #7 is the button
Seat 1: marcoslopess123 ($2.21 in chips) 
Seat 2: INTIMIDATOR69 ($2.25 in chips) 
Seat 3: Dorex2007 ($2 in chips) 
Seat 5: lochness89 ($2.25 in chips) 
Seat 6: cberto09 ($3.74 in chips) 
Seat 7: geroyapur ($3.57 in chips) 
Seat 8: doefenday ($0.26 in chips) 
Seat 9: frosa9397 ($2.81 in chips) 
doefenday: posts small blind $0.01
frosa9397: posts big blind $0.02
*** HOLE CARDS ***
Dealt to Dorex2007 [4d Jd]
marcoslopess123: folds 
INTIMIDATOR69: folds 
Dorex2007: folds 
lochness89: folds 
cberto09: folds 
geroyapur: raises $0.05 to $0.07
doefenday: folds 
frosa9397: calls $0.05
*** FLOP *** [6s 5h 8s]
frosa9397: checks 
geroyapur: bets $0.10
frosa9397: folds 
Uncalled bet ($0.10) returned to geroyapur
geroyapur collected $0.14 from pot
*** SUMMARY ***
Total pot $0.15 | Rake $0.01 
Board [6s 5h 8s]
Seat 1: marcoslopess123 folded before Flop (didn't bet)
Seat 2: INTIMIDATOR69 folded before Flop (didn't bet)
Seat 3: Dorex2007 folded before Flop (didn't bet)
Seat 5: lochness89 folded before Flop (didn't bet)
Seat 6: cberto09 folded before Flop (didn't bet)
Seat 7: geroyapur (button) collected ($0.14)
Seat 8: doefenday (small blind) folded before Flop
Seat 9: frosa9397 (big blind) folded on the Flop



PokerStars Hand #237149139733:  Hold'em No Limit ($0.01/$0.02 USD) - 2022/07/03 20:36:33 PT [2022/07/03 23:36:33 ET]
Table 'Roxane III' 9-max Seat #8 is the button
Seat 1: marcoslopess123 ($2.21 in chips) 
Seat 2: INTIMIDATOR69 ($2.25 in chips) 
Seat 3: Dorex2007 ($2 in chips) 
Seat 5: lochness89 ($2.25 in chips) 
Seat 6: cberto09 ($3.74 in chips) 
Seat 7: geroyapur ($3.64 in chips) 
Seat 8: doefenday ($0.25 in chips) 
Seat 9: frosa9397 ($2.74 in chips) 
frosa9397: posts small blind $0.01
marcoslopess123: posts big blind $0.02
*** HOLE CARDS ***
Dealt to Dorex2007 [Ah 9d]
INTIMIDATOR69: folds 
Dorex2007: folds 
lochness89: folds 
cberto09: folds 
geroyapur: folds 
gutoviski joins the table at seat #4 
doefenday: calls $0.02
frosa9397: raises $0.06 to $0.08
marcoslopess123: calls $0.06
doefenday: folds 
*** FLOP *** [8h Jd 4h]
frosa9397: checks 
marcoslopess123: bets $0.17
frosa9397: folds 
Uncalled bet ($0.17) returned to marcoslopess123
marcoslopess123 collected $0.17 from pot
*** SUMMARY ***
Total pot $0.18 | Rake $0.01 
Board [8h Jd 4h]
Seat 1: marcoslopess123 (big blind) collected ($0.17)
Seat 2: INTIMIDATOR69 folded before Flop (didn't bet)
Seat 3: Dorex2007 folded before Flop (didn't bet)
Seat 5: lochness89 folded before Flop (didn't bet)
Seat 6: cberto09 folded before Flop (didn't bet)
Seat 7: geroyapur folded before Flop (didn't bet)
Seat 8: doefenday (button) folded before Flop
Seat 9: frosa9397 (small blind) folded on the Flop



PokerStars Hand #237149145335:  Hold'em No Limit ($0.01/$0.02 USD) - 2022/07/03 20:37:15 PT [2022/07/03 23:37:15 ET]
Table 'Roxane III' 9-max Seat #9 is the button
Seat 1: marcoslopess123 ($2.30 in chips) 
Seat 2: INTIMIDATOR69 ($2.25 in chips) 
Seat 3: Dorex2007 ($2 in chips) 
Seat 4: gutoviski ($1.60 in chips) 
Seat 5: lochness89 ($2.25 in chips) 
Seat 6: cberto09 ($3.74 in chips) 
Seat 7: geroyapur ($3.64 in chips) 
Seat 8: doefenday ($0.23 in chips) 
Seat 9: frosa9397 ($2.66 in chips) 
marcoslopess123: posts small blind $0.01
INTIMIDATOR69: posts big blind $0.02
gutoviski: posts big blind $0.02
*** HOLE CARDS ***
Dealt to Dorex2007 [6h 6d]
Dorex2007: calls $0.02
gutoviski: checks 
lochness89: folds 
cberto09: folds 
geroyapur: folds 
doefenday: calls $0.02
frosa9397: raises $0.11 to $0.13
marcoslopess123: calls $0.12
INTIMIDATOR69: folds 
Dorex2007: folds 
gutoviski: folds 
doefenday: folds 
*** FLOP *** [Kd 8s Ac]
marcoslopess123: checks 
frosa9397: checks 
*** TURN *** [Kd 8s Ac] [2c]
marcoslopess123: checks 
frosa9397: checks 
*** RIVER *** [Kd 8s Ac 2c] [9h]
marcoslopess123: checks 
frosa9397: checks 
*** SHOW DOWN ***
marcoslopess123: shows [3h Jd] (high card Ace)
frosa9397: shows [Td Th] (a pair of Tens)
frosa9397 collected $0.33 from pot
*** SUMMARY ***
Total pot $0.34 | Rake $0.01 
Board [Kd 8s Ac 2c 9h]
Seat 1: marcoslopess123 (small blind) showed [3h Jd] and lost with high card Ace
Seat 2: INTIMIDATOR69 (big blind) folded before Flop
Seat 3: Dorex2007 folded before Flop
Seat 4: gutoviski folded before Flop (didn't bet)
Seat 5: lochness89 folded before Flop (didn't bet)
Seat 6: cberto09 folded before Flop (didn't bet)
Seat 7: geroyapur folded before Flop (didn't bet)
Seat 8: doefenday folded before Flop
Seat 9: frosa9397 (button) showed [Td Th] and won ($0.33) with a pair of Tens



PokerStars Hand #237149151847:  Hold'em No Limit ($0.01/$0.02 USD) - 2022/07/03 20:38:03 PT [2022/07/03 23:38:03 ET]
Table 'Roxane III' 9-max Seat #1 is the button
Seat 1: marcoslopess123 ($2.17 in chips) 
Seat 2: INTIMIDATOR69 ($2.23 in chips) 
Seat 3: Dorex2007 ($2 in chips) 
Seat 4: gutoviski ($1.58 in chips) 
Seat 5: lochness89 ($2.25 in chips) 
Seat 6: cberto09 ($3.74 in chips) 
Seat 7: geroyapur ($3.64 in chips) 
Seat 8: doefenday ($0.21 in chips) 
Seat 9: frosa9397 ($2.86 in chips) 
INTIMIDATOR69: posts small blind $0.01
Dorex2007: posts big blind $0.02
*** HOLE CARDS ***
Dealt to Dorex2007 [4h Th]
gutoviski: folds 
lochness89: folds 
cberto09: folds 
geroyapur: folds 
doefenday: calls $0.02
frosa9397: calls $0.02
marcoslopess123: calls $0.02
INTIMIDATOR69: raises $0.16 to $0.18
Dorex2007: folds 
doefenday: raises $0.03 to $0.21 and is all-in
frosa9397: folds 
marcoslopess123: folds 
INTIMIDATOR69: calls $0.03
*** FLOP *** [7s 6c As]
*** TURN *** [7s 6c As] [3h]
*** RIVER *** [7s 6c As 3h] [3d]
*** SHOW DOWN ***
INTIMIDATOR69: shows [Ad Kd] (two pair, Aces and Threes)
doefenday: shows [8c Kc] (a pair of Threes)
INTIMIDATOR69 collected $0.46 from pot
*** SUMMARY ***
Total pot $0.48 | Rake $0.02 
Board [7s 6c As 3h 3d]
Seat 1: marcoslopess123 (button) folded before Flop
Seat 2: INTIMIDATOR69 (small blind) showed [Ad Kd] and won ($0.46) with two pair, Aces and Threes
Seat 3: Dorex2007 (big blind) folded before Flop
Seat 4: gutoviski folded before Flop (didn't bet)
Seat 5: lochness89 folded before Flop (didn't bet)
Seat 6: cberto09 folded before Flop (didn't bet)
Seat 7: geroyapur folded before Flop (didn't bet)
Seat 8: doefenday showed [8c Kc] and lost with a pair of Threes
Seat 9: frosa9397 folded before Flop



PokerStars Hand #237149165138:  Hold'em No Limit ($0.01/$0.02 USD) - 2022/07/03 20:38:51 PT [2022/07/03 23:38:51 ET]
Table 'Roxane III' 9-max Seat #2 is the button
Seat 1: marcoslopess123 ($2.15 in chips) 
Seat 2: INTIMIDATOR69 ($2.48 in chips) 
Seat 3: Dorex2007 ($2 in chips) 
Seat 4: gutoviski ($1.58 in chips) 
Seat 5: lochness89 ($2.25 in chips) 
Seat 6: cberto09 ($3.74 in chips) 
Seat 7: geroyapur ($3.64 in chips) 
Seat 9: frosa9397 ($2.84 in chips) 
Dorex2007: posts small blind $0.01
gutoviski: posts big blind $0.02
*** HOLE CARDS ***
Dealt to Dorex2007 [3s 8d]
lochness89: folds 
cberto09: folds 
geroyapur: folds 
frosa9397: folds 
marcoslopess123: folds 
INTIMIDATOR69: calls $0.02
Dorex2007: folds 
gutoviski: checks 
*** FLOP *** [7d 3c 8h]
gutoviski: checks 
INTIMIDATOR69: checks 
*** TURN *** [7d 3c 8h] [8c]
gutoviski: checks 
INTIMIDATOR69: checks 
*** RIVER *** [7d 3c 8h 8c] [4c]
gutoviski: checks 
INTIMIDATOR69: checks 
*** SHOW DOWN ***
gutoviski: shows [Jh 5d] (a pair of Eights)
INTIMIDATOR69: shows [9s Js] (a pair of Eights - Jack+Nine kicker)
INTIMIDATOR69 collected $0.05 from pot
*** SUMMARY ***
Total pot $0.05 | Rake $0 
Board [7d 3c 8h 8c 4c]
Seat 1: marcoslopess123 folded before Flop (didn't bet)
Seat 2: INTIMIDATOR69 (button) showed [9s Js] and won ($0.05) with a pair of Eights
Seat 3: Dorex2007 (small blind) folded before Flop
Seat 4: gutoviski (big blind) showed [Jh 5d] and lost with a pair of Eights
Seat 5: lochness89 folded before Flop (didn't bet)
Seat 6: cberto09 folded before Flop (didn't bet)
Seat 7: geroyapur folded before Flop (didn't bet)
Seat 9: frosa9397 folded before Flop (didn't bet)



PokerStars Hand #237149169753:  Hold'em No Limit ($0.01/$0.02 USD) - 2022/07/03 20:39:25 PT [2022/07/03 23:39:25 ET]
Table 'Roxane III' 9-max Seat #3 is the button
Seat 1: marcoslopess123 ($2.15 in chips) 
Seat 2: INTIMIDATOR69 ($2.51 in chips) 
Seat 3: Dorex2007 ($2 in chips) 
Seat 4: gutoviski ($1.56 in chips) 
Seat 5: lochness89 ($2.25 in chips) 
Seat 6: cberto09 ($3.74 in chips) 
Seat 7: geroyapur ($3.64 in chips) 
Seat 8: doefenday ($0.80 in chips) 
Seat 9: frosa9397 ($2.84 in chips) 
gutoviski: posts small blind $0.01
lochness89: posts big blind $0.02
*** HOLE CARDS ***
Dealt to Dorex2007 [2d 6s]
cberto09: folds 
geroyapur: folds 
doefenday: folds 
frosa9397: folds 
marcoslopess123: calls $0.02
INTIMIDATOR69: calls $0.02
Dorex2007: folds 
gutoviski: calls $0.01
lochness89: checks 
*** FLOP *** [4d 6c Qc]
gutoviski: checks 
lochness89: bets $0.04
marcoslopess123: calls $0.04
INTIMIDATOR69: calls $0.04
gutoviski: folds 
*** TURN *** [4d 6c Qc] [Ts]
lochness89: bets $0.09
marcoslopess123: calls $0.09
INTIMIDATOR69: calls $0.09
*** RIVER *** [4d 6c Qc Ts] [Qd]
lochness89: checks 
marcoslopess123: bets $2 and is all-in
INTIMIDATOR69: folds 
lochness89: folds 
Uncalled bet ($2) returned to marcoslopess123
marcoslopess123 collected $0.45 from pot
*** SUMMARY ***
Total pot $0.47 | Rake $0.02 
Board [4d 6c Qc Ts Qd]
Seat 1: marcoslopess123 collected ($0.45)
Seat 2: INTIMIDATOR69 folded on the River
Seat 3: Dorex2007 (button) folded before Flop (didn't bet)
Seat 4: gutoviski (small blind) folded on the Flop
Seat 5: lochness89 (big blind) folded on the River
Seat 6: cberto09 folded before Flop (didn't bet)
Seat 7: geroyapur folded before Flop (didn't bet)
Seat 8: doefenday folded before Flop (didn't bet)
Seat 9: frosa9397 folded before Flop (didn't bet)



PokerStars Hand #237149176770:  Hold'em No Limit ($0.01/$0.02 USD) - 2022/07/03 20:40:18 PT [2022/07/03 23:40:18 ET]
Table 'Roxane III' 9-max Seat #4 is the button
Seat 1: marcoslopess123 ($2.45 in chips) 
Seat 2: INTIMIDATOR69 ($2.36 in chips) 
Seat 3: Dorex2007 ($2 in chips) 
Seat 4: gutoviski ($1.54 in chips) 
Seat 5: lochness89 ($2.10 in chips) 
Seat 6: cberto09 ($3.74 in chips) 
Seat 8: doefenday ($0.80 in chips) 
Seat 9: frosa9397 ($2.84 in chips) 
lochness89: posts small blind $0.01
cberto09: posts big blind $0.02
*** HOLE CARDS ***
Dealt to Dorex2007 [Td 8s]
doefenday: calls $0.02
geroyapur leaves the table
frosa9397: folds 
marcoslopess123: calls $0.02
INTIMIDATOR69: folds 
Dorex2007: folds 
gutoviski: calls $0.02
lochness89: folds 
cberto09: raises $0.12 to $0.14
doefenday: folds 
marcoslopess123: calls $0.12
gutoviski: calls $0.12
*** FLOP *** [2h 4h Kh]
cberto09: checks 
marcoslopess123: checks 
gutoviski: checks 
*** TURN *** [2h 4h Kh] [Qs]
cberto09: checks 
marcoslopess123: checks 
gutoviski: bets $0.04
cberto09: folds 
marcoslopess123: folds 
Uncalled bet ($0.04) returned to gutoviski
gutoviski collected $0.43 from pot
*** SUMMARY ***
Total pot $0.45 | Rake $0.02 
Board [2h 4h Kh Qs]
Seat 1: marcoslopess123 folded on the Turn
Seat 2: INTIMIDATOR69 folded before Flop (didn't bet)
Seat 3: Dorex2007 folded before Flop (didn't bet)
Seat 4: gutoviski (button) collected ($0.43)
Seat 5: lochness89 (small blind) folded before Flop
Seat 6: cberto09 (big blind) folded on the Turn
Seat 8: doefenday folded before Flop
Seat 9: frosa9397 folded before Flop (didn't bet)



PokerStars Hand #237149186350:  Hold'em No Limit ($0.01/$0.02 USD) - 2022/07/03 20:41:31 PT [2022/07/03 23:41:31 ET]
Table 'Roxane III' 9-max Seat #5 is the button
Seat 1: marcoslopess123 ($2.31 in chips) 
Seat 2: INTIMIDATOR69 ($2.36 in chips) 
Seat 3: Dorex2007 ($2 in chips) 
Seat 4: gutoviski ($1.83 in chips) 
Seat 5: lochness89 ($2.09 in chips) 
Seat 6: cberto09 ($3.60 in chips) 
Seat 8: doefenday ($0.78 in chips) 
Seat 9: frosa9397 ($2.84 in chips) 
cberto09: posts small blind $0.01
doefenday: posts big blind $0.02
*** HOLE CARDS ***
Dealt to Dorex2007 [8h 8d]
frosa9397: folds 
marcoslopess123: calls $0.02
INTIMIDATOR69: calls $0.02
Dorex2007: raises $0.06 to $0.08
gutoviski: folds 
lochness89: calls $0.08
cberto09: folds 
doefenday: folds 
marcoslopess123: calls $0.06
INTIMIDATOR69: calls $0.06
*** FLOP *** [3c 9c Ks]
marcoslopess123: checks 
INTIMIDATOR69: checks 
Dorex2007: bets $0.17
lochness89: folds 
marcoslopess123: folds 
INTIMIDATOR69: folds 
Uncalled bet ($0.17) returned to Dorex2007
Dorex2007 collected $0.34 from pot
*** SUMMARY ***
Total pot $0.35 | Rake $0.01 
Board [3c 9c Ks]
Seat 1: marcoslopess123 folded on the Flop
Seat 2: INTIMIDATOR69 folded on the Flop
Seat 3: Dorex2007 collected ($0.34)
Seat 4: gutoviski folded before Flop (didn't bet)
Seat 5: lochness89 (button) folded on the Flop
Seat 6: cberto09 (small blind) folded before Flop
Seat 8: doefenday (big blind) folded before Flop
Seat 9: frosa9397 folded before Flop (didn't bet)



PokerStars Hand #237149198300:  Hold'em No Limit ($0.01/$0.02 USD) - 2022/07/03 20:42:38 PT [2022/07/03 23:42:38 ET]
Table 'Roxane III' 9-max Seat #6 is the button
Seat 1: marcoslopess123 ($2.23 in chips) 
Seat 2: INTIMIDATOR69 ($2.28 in chips) 
Seat 3: Dorex2007 ($2.26 in chips) 
Seat 6: cberto09 ($3.59 in chips) 
Seat 8: doefenday ($0.76 in chips) 
Seat 9: frosa9397 ($2.84 in chips) 
doefenday: posts small blind $0.01
frosa9397: posts big blind $0.02
*** HOLE CARDS ***
Dealt to Dorex2007 [4c 2d]
marcoslopess123: calls $0.02
INTIMIDATOR69: calls $0.02
Dorex2007: folds 
spookbaby9 joins the table at seat #7 
cberto09: folds 
doefenday: calls $0.01
frosa9397: checks 
*** FLOP *** [As Qd 6h]
doefenday: bets $0.04
frosa9397: folds 
marcoslopess123: folds 
INTIMIDATOR69: folds 
Uncalled bet ($0.04) returned to doefenday
doefenday collected $0.08 from pot
*** SUMMARY ***
Total pot $0.08 | Rake $0 
Board [As Qd 6h]
Seat 1: marcoslopess123 folded on the Flop
Seat 2: INTIMIDATOR69 folded on the Flop
Seat 3: Dorex2007 folded before Flop (didn't bet)
Seat 6: cberto09 (button) folded before Flop (didn't bet)
Seat 8: doefenday (small blind) collected ($0.08)
Seat 9: frosa9397 (big blind) folded on the Flop



PokerStars Hand #237149201988:  Hold'em No Limit ($0.01/$0.02 USD) - 2022/07/03 20:43:06 PT [2022/07/03 23:43:06 ET]
Table 'Roxane III' 9-max Seat #8 is the button
Seat 1: marcoslopess123 ($2.21 in chips) 
Seat 2: INTIMIDATOR69 ($2.26 in chips) 
Seat 3: Dorex2007 ($2.26 in chips) 
Seat 6: cberto09 ($3.59 in chips) 
Seat 7: spookbaby9 ($0.80 in chips) 
Seat 8: doefenday ($0.82 in chips) 
Seat 9: frosa9397 ($2.82 in chips) 
frosa9397: posts small blind $0.01
marcoslopess123: posts big blind $0.02
spookbaby9: posts big blind $0.02
*** HOLE CARDS ***
Dealt to Dorex2007 [Th 2h]
INTIMIDATOR69: folds 
Dorex2007: folds 
cberto09: folds 
spookbaby9: checks 
doefenday: folds 
frosa9397: folds 
marcoslopess123: checks 
*** FLOP *** [Jh 5d Qc]
marcoslopess123: bets $0.02
spookbaby9: calls $0.02
*** TURN *** [Jh 5d Qc] [Ad]
marcoslopess123: bets $0.09
spookbaby9: calls $0.09
*** RIVER *** [Jh 5d Qc Ad] [4h]
marcoslopess123: bets $0.26
spookbaby9: calls $0.26
*** SHOW DOWN ***
marcoslopess123: shows [Qh 5h] (two pair, Queens and Fives)
spookbaby9: mucks hand 
marcoslopess123 collected $0.76 from pot
*** SUMMARY ***
Total pot $0.79 | Rake $0.03 
Board [Jh 5d Qc Ad 4h]
Seat 1: marcoslopess123 (big blind) showed [Qh 5h] and won ($0.76) with two pair, Queens and Fives
Seat 2: INTIMIDATOR69 folded before Flop (didn't bet)
Seat 3: Dorex2007 folded before Flop (didn't bet)
Seat 6: cberto09 folded before Flop (didn't bet)
Seat 7: spookbaby9 mucked [8d Qd]
Seat 8: doefenday (button) folded before Flop (didn't bet)
Seat 9: frosa9397 (small blind) folded before Flop



PokerStars Hand #237149206908:  Hold'em No Limit ($0.01/$0.02 USD) - 2022/07/03 20:43:44 PT [2022/07/03 23:43:44 ET]
Table 'Roxane III' 9-max Seat #9 is the button
Seat 1: marcoslopess123 ($2.58 in chips) 
Seat 2: INTIMIDATOR69 ($2.26 in chips) 
Seat 3: Dorex2007 ($2.26 in chips) 
Seat 4: gutoviski ($1.83 in chips) 
Seat 6: cberto09 ($3.59 in chips) 
Seat 7: spookbaby9 ($0.41 in chips) 
Seat 9: frosa9397 ($2.81 in chips) 
marcoslopess123: posts small blind $0.01
INTIMIDATOR69: posts big blind $0.02
*** HOLE CARDS ***
Dealt to Dorex2007 [7h 5h]
Dorex2007: folds 
gutoviski has timed out
gutoviski: folds 
cberto09: folds 
spookbaby9: folds 
frosa9397: folds 
marcoslopess123: calls $0.01
INTIMIDATOR69: checks 
*** FLOP *** [Qs 3h Ah]
marcoslopess123: checks 
INTIMIDATOR69: checks 
*** TURN *** [Qs 3h Ah] [5s]
marcoslopess123: bets $0.02
INTIMIDATOR69: calls $0.02
*** RIVER *** [Qs 3h Ah 5s] [6h]
marcoslopess123: checks 
INTIMIDATOR69: checks 
*** SHOW DOWN ***
marcoslopess123: shows [Tc 3d] (a pair of Threes)
INTIMIDATOR69: shows [2c 5d] (a pair of Fives)
INTIMIDATOR69 collected $0.08 from pot
*** SUMMARY ***
Total pot $0.08 | Rake $0 
Board [Qs 3h Ah 5s 6h]
Seat 1: marcoslopess123 (small blind) showed [Tc 3d] and lost with a pair of Threes
Seat 2: INTIMIDATOR69 (big blind) showed [2c 5d] and won ($0.08) with a pair of Fives
Seat 3: Dorex2007 folded before Flop (didn't bet)
Seat 4: gutoviski folded before Flop (didn't bet)
Seat 6: cberto09 folded before Flop (didn't bet)
Seat 7: spookbaby9 folded before Flop (didn't bet)
Seat 9: frosa9397 (button) folded before Flop (didn't bet)



PokerStars Hand #237149212164:  Hold'em No Limit ($0.01/$0.02 USD) - 2022/07/03 20:44:25 PT [2022/07/03 23:44:25 ET]
Table 'Roxane III' 9-max Seat #1 is the button
Seat 1: marcoslopess123 ($2.54 in chips) 
Seat 2: INTIMIDATOR69 ($2.30 in chips) 
Seat 3: Dorex2007 ($2.26 in chips) 
Seat 6: cberto09 ($3.59 in chips) 
Seat 7: spookbaby9 ($0.41 in chips) 
Seat 9: frosa9397 ($2.81 in chips) 
INTIMIDATOR69: posts small blind $0.01
Dorex2007: posts big blind $0.02
*** HOLE CARDS ***
Dealt to Dorex2007 [Th Ts]
cberto09: folds 
spookbaby9: folds 
frosa9397: folds 
marcoslopess123: folds 
INTIMIDATOR69: calls $0.01
Dorex2007: raises $0.08 to $0.10
INTIMIDATOR69: folds 
Uncalled bet ($0.08) returned to Dorex2007
Dorex2007 collected $0.04 from pot
*** SUMMARY ***
Total pot $0.04 | Rake $0 
Seat 1: marcoslopess123 (button) folded before Flop (didn't bet)
Seat 2: INTIMIDATOR69 (small blind) folded before Flop
Seat 3: Dorex2007 (big blind) collected ($0.04)
Seat 6: cberto09 folded before Flop (didn't bet)
Seat 7: spookbaby9 folded before Flop (didn't bet)
Seat 9: frosa9397 folded before Flop (didn't bet)



PokerStars Hand #237149215633:  Hold'em No Limit ($0.01/$0.02 USD) - 2022/07/03 20:44:52 PT [2022/07/03 23:44:52 ET]
Table 'Roxane III' 9-max Seat #2 is the button
Seat 1: marcoslopess123 ($2.54 in chips) 
Seat 2: INTIMIDATOR69 ($2.28 in chips) 
Seat 3: Dorex2007 ($2.28 in chips) 
Seat 4: gutoviski ($1.83 in chips) 
Seat 6: cberto09 ($3.59 in chips) 
Seat 7: spookbaby9 ($0.41 in chips) 
Seat 9: frosa9397 ($2.81 in chips) 
Dorex2007: posts small blind $0.01
gutoviski: posts big blind $0.02
*** HOLE CARDS ***
Dealt to Dorex2007 [Ad 5c]
cberto09: folds 
spookbaby9: folds 
frosa9397: folds 
marcoslopess123: folds 
INTIMIDATOR69: folds 
Dorex2007: folds 
Uncalled bet ($0.01) returned to gutoviski
gutoviski collected $0.02 from pot
*** SUMMARY ***
Total pot $0.02 | Rake $0 
Seat 1: marcoslopess123 folded before Flop (didn't bet)
Seat 2: INTIMIDATOR69 (button) folded before Flop (didn't bet)
Seat 3: Dorex2007 (small blind) folded before Flop
Seat 4: gutoviski (big blind) collected ($0.02)
Seat 6: cberto09 folded before Flop (didn't bet)
Seat 7: spookbaby9 folded before Flop (didn't bet)
Seat 9: frosa9397 folded before Flop (didn't bet)



PokerStars Hand #237149217421:  Hold'em No Limit ($0.01/$0.02 USD) - 2022/07/03 20:45:06 PT [2022/07/03 23:45:06 ET]
Table 'Roxane III' 9-max Seat #3 is the button
Seat 1: marcoslopess123 ($2.54 in chips) 
Seat 2: INTIMIDATOR69 ($2.28 in chips) 
Seat 3: Dorex2007 ($2.27 in chips) 
Seat 4: gutoviski ($1.84 in chips) 
Seat 6: cberto09 ($3.59 in chips) 
Seat 7: spookbaby9 ($0.41 in chips) 
Seat 9: frosa9397 ($2.81 in chips) 
gutoviski: posts small blind $0.01
cberto09: posts big blind $0.02
*** HOLE CARDS ***
Dealt to Dorex2007 [Tc Ts]
spookbaby9: folds 
frosa9397: folds 
marcoslopess123: calls $0.02
INTIMIDATOR69: calls $0.02
Dorex2007: calls $0.02
gutoviski: calls $0.01
cberto09: checks 
*** FLOP *** [3h 7s Td]
gutoviski: checks 
cberto09: checks 
marcoslopess123: bets $0.02
INTIMIDATOR69: folds 
Dorex2007: raises $0.06 to $0.08
gutoviski: calls $0.08
cberto09: folds 
marcoslopess123: calls $0.06
*** TURN *** [3h 7s Td] [As]
gutoviski: checks 
marcoslopess123: bets $0.33
Dorex2007: raises $0.99 to $1.32
gutoviski: folds 
marcoslopess123: folds 
Uncalled bet ($0.99) returned to Dorex2007
Dorex2007 collected $0.96 from pot
*** SUMMARY ***
Total pot $1 | Rake $0.04 
Board [3h 7s Td As]
Seat 1: marcoslopess123 folded on the Turn
Seat 2: INTIMIDATOR69 folded on the Flop
Seat 3: Dorex2007 (button) collected ($0.96)
Seat 4: gutoviski (small blind) folded on the Turn
Seat 6: cberto09 (big blind) folded on the Flop
Seat 7: spookbaby9 folded before Flop (didn't bet)
Seat 9: frosa9397 folded before Flop (didn't bet)



PokerStars Hand #237149235747:  Hold'em No Limit ($0.01/$0.02 USD) - 2022/07/03 20:46:14 PT [2022/07/03 23:46:14 ET]
Table 'Roxane III' 9-max Seat #4 is the button
Seat 1: marcoslopess123 ($2.11 in chips) 
Seat 2: INTIMIDATOR69 ($2.26 in chips) 
Seat 3: Dorex2007 ($2.80 in chips) 
Seat 4: gutoviski ($1.74 in chips) 
Seat 6: cberto09 ($3.57 in chips) 
Seat 7: spookbaby9 ($0.41 in chips) 
Seat 8: doefenday ($0.82 in chips) 
Seat 9: frosa9397 ($2.81 in chips) 
cberto09: posts small blind $0.01
spookbaby9: posts big blind $0.02
*** HOLE CARDS ***
Dealt to Dorex2007 [5h 4c]
doefenday: raises $0.02 to $0.04
frosa9397: folds 
marcoslopess123: folds 
INTIMIDATOR69: folds 
Dorex2007: folds 
gutoviski has timed out
gutoviski: folds 
cberto09: folds 
spookbaby9: calls $0.02
*** FLOP *** [8h 2h 3d]
spookbaby9: checks 
doefenday: bets $0.04
spookbaby9: folds 
Uncalled bet ($0.04) returned to doefenday
doefenday collected $0.09 from pot
*** SUMMARY ***
Total pot $0.09 | Rake $0 
Board [8h 2h 3d]
Seat 1: marcoslopess123 folded before Flop (didn't bet)
Seat 2: INTIMIDATOR69 folded before Flop (didn't bet)
Seat 3: Dorex2007 folded before Flop (didn't bet)
Seat 4: gutoviski (button) folded before Flop (didn't bet)
Seat 6: cberto09 (small blind) folded before Flop
Seat 7: spookbaby9 (big blind) folded on the Flop
Seat 8: doefenday collected ($0.09)
Seat 9: frosa9397 folded before Flop (didn't bet)



PokerStars Hand #237149241545:  Hold'em No Limit ($0.01/$0.02 USD) - 2022/07/03 20:47:00 PT [2022/07/03 23:47:00 ET]
Table 'Roxane III' 9-max Seat #6 is the button
Seat 1: marcoslopess123 ($2.11 in chips) 
Seat 2: INTIMIDATOR69 ($2.26 in chips) 
Seat 3: Dorex2007 ($2.80 in chips) 
Seat 6: cberto09 ($3.56 in chips) 
Seat 7: spookbaby9 ($0.37 in chips) 
Seat 8: doefenday ($0.87 in chips) 
Seat 9: frosa9397 ($2.81 in chips) 
spookbaby9: posts small blind $0.01
doefenday: posts big blind $0.02
*** HOLE CARDS ***
Dealt to Dorex2007 [8c Kh]
frosa9397: calls $0.02
marcoslopess123: folds 
INTIMIDATOR69: calls $0.02
Dorex2007: folds 
cberto09: raises $0.06 to $0.08
spookbaby9: folds 
doefenday: folds 
frosa9397: calls $0.06
INTIMIDATOR69: calls $0.06
*** FLOP *** [Js Qh 6c]
frosa9397: checks 
INTIMIDATOR69: checks 
cberto09: bets $0.10
frosa9397: folds 
INTIMIDATOR69: calls $0.10
*** TURN *** [Js Qh 6c] [Th]
INTIMIDATOR69: checks 
cberto09: bets $0.23
INTIMIDATOR69: calls $0.23
*** RIVER *** [Js Qh 6c Th] [2c]
INTIMIDATOR69: checks 
cberto09: bets $0.72
INTIMIDATOR69: folds 
Uncalled bet ($0.72) returned to cberto09
cberto09 collected $0.90 from pot
*** SUMMARY ***
Total pot $0.93 | Rake $0.03 
Board [Js Qh 6c Th 2c]
Seat 1: marcoslopess123 folded before Flop (didn't bet)
Seat 2: INTIMIDATOR69 folded on the River
Seat 3: Dorex2007 folded before Flop (didn't bet)
Seat 6: cberto09 (button) collected ($0.90)
Seat 7: spookbaby9 (small blind) folded before Flop
Seat 8: doefenday (big blind) folded before Flop
Seat 9: frosa9397 folded on the Flop



PokerStars Hand #237149252010:  Hold'em No Limit ($0.01/$0.02 USD) - 2022/07/03 20:48:23 PT [2022/07/03 23:48:23 ET]
Table 'Roxane III' 9-max Seat #7 is the button
Seat 1: marcoslopess123 ($2.11 in chips) 
Seat 2: INTIMIDATOR69 ($1.85 in chips) 
Seat 3: Dorex2007 ($2.80 in chips) 
Seat 6: cberto09 ($4.05 in chips) 
Seat 7: spookbaby9 ($0.36 in chips) 
Seat 8: doefenday ($0.85 in chips) 
Seat 9: frosa9397 ($2.73 in chips) 
doefenday: posts small blind $0.01
frosa9397: posts big blind $0.02
*** HOLE CARDS ***
Dealt to Dorex2007 [8s Qc]
marcoslopess123: calls $0.02
INTIMIDATOR69: calls $0.02
Dorex2007: folds 
cberto09: folds 
spookbaby9: folds 
doefenday: calls $0.01
frosa9397: checks 
*** FLOP *** [7c Jd 6s]
doefenday: checks 
frosa9397: checks 
marcoslopess123: bets $0.08
INTIMIDATOR69: folds 
doefenday: folds 
frosa9397: folds 
Uncalled bet ($0.08) returned to marcoslopess123
marcoslopess123 collected $0.08 from pot
*** SUMMARY ***
Total pot $0.08 | Rake $0 
Board [7c Jd 6s]
Seat 1: marcoslopess123 collected ($0.08)
Seat 2: INTIMIDATOR69 folded on the Flop
Seat 3: Dorex2007 folded before Flop (didn't bet)
Seat 6: cberto09 folded before Flop (didn't bet)
Seat 7: spookbaby9 (button) folded before Flop (didn't bet)
Seat 8: doefenday (small blind) folded on the Flop
Seat 9: frosa9397 (big blind) folded on the Flop



PokerStars Hand #237149256247:  Hold'em No Limit ($0.01/$0.02 USD) - 2022/07/03 20:48:57 PT [2022/07/03 23:48:57 ET]
Table 'Roxane III' 9-max Seat #8 is the button
Seat 1: marcoslopess123 ($2.17 in chips) 
Seat 2: INTIMIDATOR69 ($1.83 in chips) 
Seat 3: Dorex2007 ($2.80 in chips) 
Seat 6: cberto09 ($4.05 in chips) 
Seat 7: spookbaby9 ($0.36 in chips) 
Seat 8: doefenday ($0.83 in chips) 
Seat 9: frosa9397 ($2.71 in chips) 
frosa9397: posts small blind $0.01
marcoslopess123: posts big blind $0.02
*** HOLE CARDS ***
Dealt to Dorex2007 [Qs 9h]
INTIMIDATOR69: folds 
Dorex2007: folds 
cberto09: folds 
spookbaby9: calls $0.02
doefenday: calls $0.02
frosa9397: folds 
marcoslopess123: checks 
*** FLOP *** [9d Kh 6s]
marcoslopess123: bets $0.07
spookbaby9: folds 
doefenday: calls $0.07
*** TURN *** [9d Kh 6s] [Qh]
marcoslopess123: bets $0.20
doefenday: calls $0.20
*** RIVER *** [9d Kh 6s Qh] [6d]
marcoslopess123: bets $1.88 and is all-in
doefenday: calls $0.54 and is all-in
Uncalled bet ($1.34) returned to marcoslopess123
*** SHOW DOWN ***
marcoslopess123: shows [Jc Kd] (two pair, Kings and Sixes)
doefenday: shows [Ac Ad] (two pair, Aces and Sixes)
doefenday collected $1.63 from pot
*** SUMMARY ***
Total pot $1.69 | Rake $0.06 
Board [9d Kh 6s Qh 6d]
Seat 1: marcoslopess123 (big blind) showed [Jc Kd] and lost with two pair, Kings and Sixes
Seat 2: INTIMIDATOR69 folded before Flop (didn't bet)
Seat 3: Dorex2007 folded before Flop (didn't bet)
Seat 6: cberto09 folded before Flop (didn't bet)
Seat 7: spookbaby9 folded on the Flop
Seat 8: doefenday (button) showed [Ac Ad] and won ($1.63) with two pair, Aces and Sixes
Seat 9: frosa9397 (small blind) folded before Flop



PokerStars Hand #237149260884:  Hold'em No Limit ($0.01/$0.02 USD) - 2022/07/03 20:49:35 PT [2022/07/03 23:49:35 ET]
Table 'Roxane III' 9-max Seat #9 is the button
Seat 1: marcoslopess123 ($1.34 in chips) 
Seat 2: INTIMIDATOR69 ($1.83 in chips) 
Seat 3: Dorex2007 ($2.80 in chips) 
Seat 6: cberto09 ($4.05 in chips) 
Seat 7: spookbaby9 ($0.34 in chips) 
Seat 8: doefenday ($1.63 in chips) 
Seat 9: frosa9397 ($2.70 in chips) 
marcoslopess123: posts small blind $0.01
INTIMIDATOR69: posts big blind $0.02
*** HOLE CARDS ***
Dealt to Dorex2007 [Ad 6d]
Dorex2007: folds 
cberto09: folds 
spookbaby9: folds 
doefenday: calls $0.02
frosa9397: folds 
marcoslopess123: calls $0.01
INTIMIDATOR69: checks 
*** FLOP *** [8d 4s Qd]
marcoslopess123: bets $0.06
gutoviski is disconnected 
INTIMIDATOR69: folds 
doefenday: calls $0.06
*** TURN *** [8d 4s Qd] [7s]
marcoslopess123: bets $0.17
doefenday: calls $0.17
*** RIVER *** [8d 4s Qd 7s] [9s]
marcoslopess123: bets $1.09 and is all-in
doefenday: folds 
Uncalled bet ($1.09) returned to marcoslopess123
marcoslopess123 collected $0.50 from pot
*** SUMMARY ***
Total pot $0.52 | Rake $0.02 
Board [8d 4s Qd 7s 9s]
Seat 1: marcoslopess123 (small blind) collected ($0.50)
Seat 2: INTIMIDATOR69 (big blind) folded on the Flop
Seat 3: Dorex2007 folded before Flop (didn't bet)
Seat 6: cberto09 folded before Flop (didn't bet)
Seat 7: spookbaby9 folded before Flop (didn't bet)
Seat 8: doefenday folded on the River
Seat 9: frosa9397 (button) folded before Flop (didn't bet)



PokerStars Hand #237149265123:  Hold'em No Limit ($0.01/$0.02 USD) - 2022/07/03 20:50:09 PT [2022/07/03 23:50:09 ET]
Table 'Roxane III' 9-max Seat #1 is the button
Seat 1: marcoslopess123 ($1.59 in chips) 
Seat 2: INTIMIDATOR69 ($1.81 in chips) 
Seat 3: Dorex2007 ($2.80 in chips) 
Seat 6: cberto09 ($4.05 in chips) 
Seat 7: spookbaby9 ($0.34 in chips) 
Seat 8: doefenday ($1.38 in chips) 
Seat 9: frosa9397 ($2.70 in chips) 
INTIMIDATOR69: posts small blind $0.01
Dorex2007: posts big blind $0.02
*** HOLE CARDS ***
Dealt to Dorex2007 [As 5h]
cberto09: folds 
spookbaby9: calls $0.02
doefenday: folds 
frosa9397: folds 
marcoslopess123: calls $0.02
INTIMIDATOR69: calls $0.01
Dorex2007: checks 
*** FLOP *** [Qs 6d 9d]
INTIMIDATOR69: checks 
Dorex2007: checks 
spookbaby9: bets $0.08
marcoslopess123: folds 
INTIMIDATOR69: calls $0.08
Dorex2007: folds 
*** TURN *** [Qs 6d 9d] [8c]
INTIMIDATOR69: checks 
spookbaby9: bets $0.23
INTIMIDATOR69: raises $0.23 to $0.46
spookbaby9: calls $0.01 and is all-in
Uncalled bet ($0.22) returned to INTIMIDATOR69
*** RIVER *** [Qs 6d 9d 8c] [Ts]
*** SHOW DOWN ***
INTIMIDATOR69: shows [Td 7s] (a straight, Six to Ten)
spookbaby9: shows [Kc Qh] (a pair of Queens)
INTIMIDATOR69 collected $0.69 from pot
*** SUMMARY ***
Total pot $0.72 | Rake $0.03 
Board [Qs 6d 9d 8c Ts]
Seat 1: marcoslopess123 (button) folded on the Flop
Seat 2: INTIMIDATOR69 (small blind) showed [Td 7s] and won ($0.69) with a straight, Six to Ten
Seat 3: Dorex2007 (big blind) folded on the Flop
Seat 6: cberto09 folded before Flop (didn't bet)
Seat 7: spookbaby9 showed [Kc Qh] and lost with a pair of Queens
Seat 8: doefenday folded before Flop (didn't bet)
Seat 9: frosa9397 folded before Flop (didn't bet)



PokerStars Hand #237149270064:  Hold'em No Limit ($0.01/$0.02 USD) - 2022/07/03 20:50:48 PT [2022/07/03 23:50:48 ET]
Table 'Roxane III' 9-max Seat #2 is the button
Seat 1: marcoslopess123 ($1.57 in chips) 
Seat 2: INTIMIDATOR69 ($2.16 in chips) 
Seat 3: Dorex2007 ($2.78 in chips) 
Seat 6: cberto09 ($4.05 in chips) 
Seat 8: doefenday ($1.38 in chips) 
Seat 9: frosa9397 ($2.70 in chips) 
Dorex2007: posts small blind $0.01
cberto09: posts big blind $0.02
*** HOLE CARDS ***
Dealt to Dorex2007 [Th 5h]
doefenday: calls $0.02
frosa9397: folds 
marcoslopess123: calls $0.02
INTIMIDATOR69: folds 
Dorex2007: folds 
cberto09: checks 
*** FLOP *** [Kd 6d Qs]
cberto09: checks 
doefenday: checks 
marcoslopess123: bets $0.03
cberto09: folds 
doefenday: calls $0.03
*** TURN *** [Kd 6d Qs] [9c]
doefenday: bets $0.06
marcoslopess123: raises $1.46 to $1.52 and is all-in
doefenday: folds 
Uncalled bet ($1.46) returned to marcoslopess123
marcoslopess123 collected $0.24 from pot
*** SUMMARY ***
Total pot $0.25 | Rake $0.01 
Board [Kd 6d Qs 9c]
Seat 1: marcoslopess123 collected ($0.24)
Seat 2: INTIMIDATOR69 (button) folded before Flop (didn't bet)
Seat 3: Dorex2007 (small blind) folded before Flop
Seat 6: cberto09 (big blind) folded on the Flop
Seat 8: doefenday folded on the Turn
Seat 9: frosa9397 folded before Flop (didn't bet)



PokerStars Hand #237149275733:  Hold'em No Limit ($0.01/$0.02 USD) - 2022/07/03 20:51:34 PT [2022/07/03 23:51:34 ET]
Table 'Roxane III' 9-max Seat #3 is the button
Seat 1: marcoslopess123 ($1.70 in chips) 
Seat 2: INTIMIDATOR69 ($2.16 in chips) 
Seat 3: Dorex2007 ($2.77 in chips) 
Seat 6: cberto09 ($4.03 in chips) 
Seat 7: spookbaby9 ($0.80 in chips) 
Seat 8: doefenday ($1.27 in chips) 
Seat 9: frosa9397 ($2.70 in chips) 
cberto09: posts small blind $0.01
spookbaby9: posts big blind $0.02
*** HOLE CARDS ***
Dealt to Dorex2007 [9c 7d]
doefenday: folds 
frosa9397: calls $0.02
marcoslopess123: calls $0.02
INTIMIDATOR69: folds 
Dorex2007: folds 
cberto09: folds 
spookbaby9: checks 
*** FLOP *** [8d 5h 7h]
spookbaby9: checks 
frosa9397: checks 
marcoslopess123: bets $0.02
spookbaby9: folds 
frosa9397: folds 
Uncalled bet ($0.02) returned to marcoslopess123
marcoslopess123 collected $0.07 from pot
*** SUMMARY ***
Total pot $0.07 | Rake $0 
Board [8d 5h 7h]
Seat 1: marcoslopess123 collected ($0.07)
Seat 2: INTIMIDATOR69 folded before Flop (didn't bet)
Seat 3: Dorex2007 (button) folded before Flop (didn't bet)
Seat 6: cberto09 (small blind) folded before Flop
Seat 7: spookbaby9 (big blind) folded on the Flop
Seat 8: doefenday folded before Flop (didn't bet)
Seat 9: frosa9397 folded on the Flop



PokerStars Hand #237149281938:  Hold'em No Limit ($0.01/$0.02 USD) - 2022/07/03 20:52:25 PT [2022/07/03 23:52:25 ET]
Table 'Roxane III' 9-max Seat #6 is the button
Seat 1: marcoslopess123 ($1.75 in chips) 
Seat 2: INTIMIDATOR69 ($2.16 in chips) 
Seat 3: Dorex2007 ($2.77 in chips) 
Seat 6: cberto09 ($4.02 in chips) 
Seat 7: spookbaby9 ($0.78 in chips) 
Seat 8: doefenday ($1.27 in chips) 
Seat 9: frosa9397 ($2.68 in chips) 
spookbaby9: posts small blind $0.01
doefenday: posts big blind $0.02
*** HOLE CARDS ***
Dealt to Dorex2007 [Ad 7s]
frosa9397: calls $0.02
marcoslopess123: calls $0.02
INTIMIDATOR69: folds 
Dorex2007: folds 
cberto09: folds 
lochness89 leaves the table
spookbaby9: folds 
doefenday: checks 
*** FLOP *** [9h Js Ks]
doefenday: checks 
frosa9397: checks 
marcoslopess123: bets $0.07
doefenday: folds 
frosa9397: folds 
Uncalled bet ($0.07) returned to marcoslopess123
marcoslopess123 collected $0.07 from pot
*** SUMMARY ***
Total pot $0.07 | Rake $0 
Board [9h Js Ks]
Seat 1: marcoslopess123 collected ($0.07)
Seat 2: INTIMIDATOR69 folded before Flop (didn't bet)
Seat 3: Dorex2007 folded before Flop (didn't bet)
Seat 6: cberto09 (button) folded before Flop (didn't bet)
Seat 7: spookbaby9 (small blind) folded before Flop
Seat 8: doefenday (big blind) folded on the Flop
Seat 9: frosa9397 folded on the Flop



PokerStars Hand #237149286625:  Hold'em No Limit ($0.01/$0.02 USD) - 2022/07/03 20:53:03 PT [2022/07/03 23:53:03 ET]
Table 'Roxane III' 9-max Seat #7 is the button
Seat 1: marcoslopess123 ($1.80 in chips) 
Seat 2: INTIMIDATOR69 ($2.16 in chips) 
Seat 3: Dorex2007 ($2.77 in chips) 
Seat 6: cberto09 ($4.02 in chips) 
Seat 7: spookbaby9 ($0.77 in chips) 
Seat 8: doefenday ($1.25 in chips) 
Seat 9: frosa9397 ($2.66 in chips) 
doefenday: posts small blind $0.01
frosa9397: posts big blind $0.02
*** HOLE CARDS ***
Dealt to Dorex2007 [4d 8h]
marcoslopess123: folds 
INTIMIDATOR69: folds 
Dorex2007: folds 
cberto09: folds 
spookbaby9: raises $0.05 to $0.07
doefenday: folds 
frosa9397: folds 
Uncalled bet ($0.05) returned to spookbaby9
spookbaby9 collected $0.05 from pot
*** SUMMARY ***
Total pot $0.05 | Rake $0 
Seat 1: marcoslopess123 folded before Flop (didn't bet)
Seat 2: INTIMIDATOR69 folded before Flop (didn't bet)
Seat 3: Dorex2007 folded before Flop (didn't bet)
Seat 6: cberto09 folded before Flop (didn't bet)
Seat 7: spookbaby9 (button) collected ($0.05)
Seat 8: doefenday (small blind) folded before Flop
Seat 9: frosa9397 (big blind) folded before Flop



PokerStars Hand #237149288605:  Hold'em No Limit ($0.01/$0.02 USD) - 2022/07/03 20:53:19 PT [2022/07/03 23:53:19 ET]
Table 'Roxane III' 9-max Seat #8 is the button
Seat 1: marcoslopess123 ($1.80 in chips) 
Seat 2: INTIMIDATOR69 ($2.16 in chips) 
Seat 3: Dorex2007 ($2.77 in chips) 
Seat 6: cberto09 ($4.02 in chips) 
Seat 7: spookbaby9 ($0.80 in chips) 
Seat 8: doefenday ($1.24 in chips) 
Seat 9: frosa9397 ($2.64 in chips) 
frosa9397: posts small blind $0.01
marcoslopess123: posts big blind $0.02
*** HOLE CARDS ***
Dealt to Dorex2007 [Kc Td]
INTIMIDATOR69: folds 
Dorex2007: folds 
cberto09: folds 
gutoviski is disconnected 
spookbaby9: folds 
doefenday: folds 
frosa9397: folds 
Uncalled bet ($0.01) returned to marcoslopess123
marcoslopess123 collected $0.02 from pot
*** SUMMARY ***
Total pot $0.02 | Rake $0 
Seat 1: marcoslopess123 (big blind) collected ($0.02)
Seat 2: INTIMIDATOR69 folded before Flop (didn't bet)
Seat 3: Dorex2007 folded before Flop (didn't bet)
Seat 6: cberto09 folded before Flop (didn't bet)
Seat 7: spookbaby9 folded before Flop (didn't bet)
Seat 8: doefenday (button) folded before Flop (didn't bet)
Seat 9: frosa9397 (small blind) folded before Flop



PokerStars Hand #237149290271:  Hold'em No Limit ($0.01/$0.02 USD) - 2022/07/03 20:53:33 PT [2022/07/03 23:53:33 ET]
Table 'Roxane III' 9-max Seat #9 is the button
Seat 1: marcoslopess123 ($1.81 in chips) 
Seat 2: INTIMIDATOR69 ($2.16 in chips) 
Seat 3: Dorex2007 ($2.77 in chips) 
Seat 6: cberto09 ($4.02 in chips) 
Seat 7: spookbaby9 ($0.80 in chips) 
Seat 8: doefenday ($1.24 in chips) 
Seat 9: frosa9397 ($2.63 in chips) 
marcoslopess123: posts small blind $0.01
INTIMIDATOR69: posts big blind $0.02
*** HOLE CARDS ***
Dealt to Dorex2007 [Ks 3c]
Dorex2007: folds 
cberto09: folds 
spookbaby9: folds 
doefenday: folds 
frosa9397: folds 
marcoslopess123: calls $0.01
INTIMIDATOR69: checks 
*** FLOP *** [Th Ts Jd]
LightKngS joins the table at seat #5 
marcoslopess123: checks 
INTIMIDATOR69: bets $0.04
marcoslopess123: calls $0.04
*** TURN *** [Th Ts Jd] [7d]
marcoslopess123: bets $0.12
INTIMIDATOR69: folds 
Uncalled bet ($0.12) returned to marcoslopess123
marcoslopess123 collected $0.12 from pot
*** SUMMARY ***
Total pot $0.12 | Rake $0 
Board [Th Ts Jd 7d]
Seat 1: marcoslopess123 (small blind) collected ($0.12)
Seat 2: INTIMIDATOR69 (big blind) folded on the Turn
Seat 3: Dorex2007 folded before Flop (didn't bet)
Seat 6: cberto09 folded before Flop (didn't bet)
Seat 7: spookbaby9 folded before Flop (didn't bet)
Seat 8: doefenday folded before Flop (didn't bet)
Seat 9: frosa9397 (button) folded before Flop (didn't bet)



PokerStars Hand #237149295164:  Hold'em No Limit ($0.01/$0.02 USD) - 2022/07/03 20:54:14 PT [2022/07/03 23:54:14 ET]
Table 'Roxane III' 9-max Seat #1 is the button
Seat 1: marcoslopess123 ($1.87 in chips) 
Seat 2: INTIMIDATOR69 ($2.10 in chips) 
Seat 3: Dorex2007 ($2.77 in chips) 
Seat 6: cberto09 ($4.02 in chips) 
Seat 7: spookbaby9 ($0.80 in chips) 
Seat 8: doefenday ($1.24 in chips) 
Seat 9: frosa9397 ($2.63 in chips) 
INTIMIDATOR69: posts small blind $0.01
Dorex2007: posts big blind $0.02
LightKngS: sits out 
*** HOLE CARDS ***
Dealt to Dorex2007 [Jd 8d]
cberto09: raises $0.04 to $0.06
spookbaby9: folds 
doefenday: folds 
spookbaby9 leaves the table
frosa9397: folds 
marcoslopess123: calls $0.06
INTIMIDATOR69: folds 
Dorex2007: folds 
*** FLOP *** [3d Ac Td]
cberto09: bets $0.06
marcoslopess123: calls $0.06
*** TURN *** [3d Ac Td] [Qc]
cberto09: checks 
marcoslopess123: bets $0.26
cberto09: folds 
Uncalled bet ($0.26) returned to marcoslopess123
marcoslopess123 collected $0.26 from pot
*** SUMMARY ***
Total pot $0.27 | Rake $0.01 
Board [3d Ac Td Qc]
Seat 1: marcoslopess123 (button) collected ($0.26)
Seat 2: INTIMIDATOR69 (small blind) folded before Flop
Seat 3: Dorex2007 (big blind) folded before Flop
Seat 6: cberto09 folded on the Turn
Seat 7: spookbaby9 folded before Flop (didn't bet)
Seat 8: doefenday folded before Flop (didn't bet)
Seat 9: frosa9397 folded before Flop (didn't bet)



PokerStars Hand #237149300220:  Hold'em No Limit ($0.01/$0.02 USD) - 2022/07/03 20:54:55 PT [2022/07/03 23:54:55 ET]
Table 'Roxane III' 9-max Seat #2 is the button
Seat 1: marcoslopess123 ($2.01 in chips) 
Seat 2: INTIMIDATOR69 ($2.09 in chips) 
Seat 3: Dorex2007 ($2.75 in chips) 
Seat 5: LightKngS ($2 in chips) 
Seat 6: cberto09 ($3.90 in chips) 
Seat 8: doefenday ($1.24 in chips) 
Seat 9: frosa9397 ($2.63 in chips) 
Dorex2007: posts small blind $0.01
LightKngS: posts big blind $0.02
*** HOLE CARDS ***
Dealt to Dorex2007 [Tc 2h]
cberto09: folds 
doefenday: folds 
frosa9397: folds 
marcoslopess123: folds 
INTIMIDATOR69: calls $0.02
takeshie1971 joins the table at seat #7 
Dorex2007: folds 
LightKngS: raises $0.04 to $0.06
INTIMIDATOR69: calls $0.04
*** FLOP *** [2c Qh 4d]
LightKngS: bets $0.06
INTIMIDATOR69: folds 
Uncalled bet ($0.06) returned to LightKngS
LightKngS collected $0.13 from pot
*** SUMMARY ***
Total pot $0.13 | Rake $0 
Board [2c Qh 4d]
Seat 1: marcoslopess123 folded before Flop (didn't bet)
Seat 2: INTIMIDATOR69 (button) folded on the Flop
Seat 3: Dorex2007 (small blind) folded before Flop
Seat 5: LightKngS (big blind) collected ($0.13)
Seat 6: cberto09 folded before Flop (didn't bet)
Seat 8: doefenday folded before Flop (didn't bet)
Seat 9: frosa9397 folded before Flop (didn't bet)



PokerStars Hand #237149304668:  Hold'em No Limit ($0.01/$0.02 USD) - 2022/07/03 20:55:38 PT [2022/07/03 23:55:38 ET]
Table 'Roxane III' 9-max Seat #3 is the button
Seat 1: marcoslopess123 ($2.01 in chips) 
Seat 2: INTIMIDATOR69 ($2.03 in chips) 
Seat 3: Dorex2007 ($2.74 in chips) 
Seat 5: LightKngS ($2.07 in chips) 
Seat 6: cberto09 ($3.90 in chips) 
Seat 7: takeshie1971 ($1.72 in chips) 
Seat 8: doefenday ($1.24 in chips) 
Seat 9: frosa9397 ($2.63 in chips) 
LightKngS: posts small blind $0.01
cberto09: posts big blind $0.02
takeshie1971: posts big blind $0.02
*** HOLE CARDS ***
Dealt to Dorex2007 [Jh 2s]
takeshie1971: checks 
doefenday: calls $0.02
frosa9397: folds 
marcoslopess123: calls $0.02
INTIMIDATOR69: calls $0.02
Dorex2007: folds 
LightKngS: calls $0.01
cberto09: raises $0.16 to $0.18
takeshie1971: folds 
doefenday: calls $0.16
marcoslopess123: folds 
INTIMIDATOR69: calls $0.16
LightKngS: folds 
*** FLOP *** [Qd 5h Js]
cberto09: checks 
doefenday: bets $0.10
INTIMIDATOR69: calls $0.10
cberto09: calls $0.10
*** TURN *** [Qd 5h Js] [3h]
cberto09: checks 
doefenday: bets $0.96 and is all-in
INTIMIDATOR69: folds 
cberto09: folds 
Uncalled bet ($0.96) returned to doefenday
doefenday collected $0.87 from pot
*** SUMMARY ***
Total pot $0.90 | Rake $0.03 
Board [Qd 5h Js 3h]
Seat 1: marcoslopess123 folded before Flop
Seat 2: INTIMIDATOR69 folded on the Turn
Seat 3: Dorex2007 (button) folded before Flop (didn't bet)
Seat 5: LightKngS (small blind) folded before Flop
Seat 6: cberto09 (big blind) folded on the Turn
Seat 7: takeshie1971 folded before Flop (didn't bet)
Seat 8: doefenday collected ($0.87)
Seat 9: frosa9397 folded before Flop (didn't bet)



PokerStars Hand #237149311230:  Hold'em No Limit ($0.01/$0.02 USD) - 2022/07/03 20:56:42 PT [2022/07/03 23:56:42 ET]
Table 'Roxane III' 9-max Seat #5 is the button
Seat 1: marcoslopess123 ($1.99 in chips) 
Seat 2: INTIMIDATOR69 ($1.75 in chips) 
Seat 3: Dorex2007 ($2.74 in chips) 
Seat 4: gutoviski ($1.74 in chips) 
Seat 5: LightKngS ($2.05 in chips) 
Seat 6: cberto09 ($3.62 in chips) 
Seat 7: takeshie1971 ($1.70 in chips) 
Seat 8: doefenday ($1.83 in chips) 
Seat 9: frosa9397 ($2.63 in chips) 
cberto09: posts small blind $0.01
takeshie1971: posts big blind $0.02
gutoviski: posts small & big blinds $0.03
*** HOLE CARDS ***
Dealt to Dorex2007 [7s 4d]
doefenday: folds 
frosa9397: folds 
marcoslopess123: calls $0.02
INTIMIDATOR69: calls $0.02
Dorex2007: folds 
gutoviski: raises $0.02 to $0.04
LightKngS: raises $0.08 to $0.12
cberto09: folds 
takeshie1971: folds 
marcoslopess123: calls $0.10
INTIMIDATOR69: folds 
gutoviski: calls $0.08
*** FLOP *** [4c 9s 2s]
marcoslopess123: bets $0.41
gutoviski: folds 
LightKngS: folds 
Uncalled bet ($0.41) returned to marcoslopess123
marcoslopess123 collected $0.41 from pot
*** SUMMARY ***
Total pot $0.42 | Rake $0.01 
Board [4c 9s 2s]
Seat 1: marcoslopess123 collected ($0.41)
Seat 2: INTIMIDATOR69 folded before Flop
Seat 3: Dorex2007 folded before Flop (didn't bet)
Seat 4: gutoviski folded on the Flop
Seat 5: LightKngS (button) folded on the Flop
Seat 6: cberto09 (small blind) folded before Flop
Seat 7: takeshie1971 (big blind) folded before Flop
Seat 8: doefenday folded before Flop (didn't bet)
Seat 9: frosa9397 folded before Flop (didn't bet)



PokerStars Hand #237149316780:  Hold'em No Limit ($0.01/$0.02 USD) - 2022/07/03 20:57:37 PT [2022/07/03 23:57:37 ET]
Table 'Roxane III' 9-max Seat #6 is the button
Seat 1: marcoslopess123 ($2.28 in chips) 
Seat 3: Dorex2007 ($2.74 in chips) 
Seat 4: gutoviski ($1.61 in chips) 
Seat 5: LightKngS ($1.93 in chips) 
Seat 6: cberto09 ($3.61 in chips) 
Seat 7: takeshie1971 ($1.68 in chips) 
Seat 8: doefenday ($1.83 in chips) 
Seat 9: frosa9397 ($2.63 in chips) 
takeshie1971: posts small blind $0.01
doefenday: posts big blind $0.02
*** HOLE CARDS ***
Dealt to Dorex2007 [8c Kh]
frosa9397: folds 
marcoslopess123: folds 
Dorex2007: folds 
gutoviski: folds 
LightKngS: raises $0.04 to $0.06
cberto09: folds 
takeshie1971: calls $0.05
doefenday: calls $0.04
*** FLOP *** [7c Ts 8d]
frosa9397 is disconnected 
takeshie1971: checks 
doefenday: checks 
LightKngS: bets $0.08
takeshie1971: folds 
doefenday: folds 
Uncalled bet ($0.08) returned to LightKngS
LightKngS collected $0.17 from pot
*** SUMMARY ***
Total pot $0.18 | Rake $0.01 
Board [7c Ts 8d]
Seat 1: marcoslopess123 folded before Flop (didn't bet)
Seat 3: Dorex2007 folded before Flop (didn't bet)
Seat 4: gutoviski folded before Flop (didn't bet)
Seat 5: LightKngS collected ($0.17)
Seat 6: cberto09 (button) folded before Flop (didn't bet)
Seat 7: takeshie1971 (small blind) folded on the Flop
Seat 8: doefenday (big blind) folded on the Flop
Seat 9: frosa9397 folded before Flop (didn't bet)



PokerStars Hand #237149320454:  Hold'em No Limit ($0.01/$0.02 USD) - 2022/07/03 20:58:12 PT [2022/07/03 23:58:12 ET]
Table 'Roxane III' 9-max Seat #7 is the button
Seat 1: marcoslopess123 ($2.28 in chips) 
Seat 3: Dorex2007 ($2.74 in chips) 
Seat 4: gutoviski ($1.61 in chips) 
Seat 5: LightKngS ($2.04 in chips) 
Seat 6: cberto09 ($3.61 in chips) 
Seat 7: takeshie1971 ($1.62 in chips) 
Seat 8: doefenday ($1.77 in chips) 
doefenday: posts small blind $0.01
frosa9397 has timed out while disconnected
frosa9397: is sitting out 
marcoslopess123: posts big blind $0.02
*** HOLE CARDS ***
Dealt to Dorex2007 [2c Kd]
Dorex2007: folds 
gutoviski: calls $0.02
LightKngS: raises $0.06 to $0.08
cberto09: folds 
takeshie1971: raises $0.16 to $0.24
doefenday: folds 
marcoslopess123: folds 
gutoviski: calls $0.22
LightKngS: folds 
*** FLOP *** [Jh 9s 6d]
marcoslopess123 leaves the table
gutoviski: checks 
takeshie1971: bets $0.22
gutoviski: calls $0.22
*** TURN *** [Jh 9s 6d] [Tc]
gutoviski: checks 
takeshie1971: checks 
*** RIVER *** [Jh 9s 6d Tc] [Ks]
gutoviski: checks 
takeshie1971: bets $0.45
gutoviski: folds 
Uncalled bet ($0.45) returned to takeshie1971
takeshie1971 collected $0.99 from pot
*** SUMMARY ***
Total pot $1.03 | Rake $0.04 
Board [Jh 9s 6d Tc Ks]
Seat 1: marcoslopess123 (big blind) folded before Flop
Seat 3: Dorex2007 folded before Flop (didn't bet)
Seat 4: gutoviski folded on the River
Seat 5: LightKngS folded before Flop
Seat 6: cberto09 folded before Flop (didn't bet)
Seat 7: takeshie1971 (button) collected ($0.99)
Seat 8: doefenday (small blind) folded before Flop



PokerStars Hand #237149329638:  Hold'em No Limit ($0.01/$0.02 USD) - 2022/07/03 20:59:41 PT [2022/07/03 23:59:41 ET]
Table 'Roxane III' 9-max Seat #8 is the button
Seat 3: Dorex2007 ($2.74 in chips) 
Seat 4: gutoviski ($1.15 in chips) 
Seat 5: LightKngS ($1.96 in chips) 
Seat 6: cberto09 ($3.61 in chips) 
Seat 7: takeshie1971 ($2.15 in chips) 
Seat 8: doefenday ($1.76 in chips) 
Dorex2007: posts small blind $0.01
gutoviski: posts big blind $0.02
*** HOLE CARDS ***
Dealt to Dorex2007 [Qs Td]
LightKngS: folds 
cberto09: folds 
takeshie1971: folds 
doefenday: calls $0.02
Dorex2007: calls $0.01
gutoviski: checks 
*** FLOP *** [7d 9s Th]
Dorex2007: bets $0.06
gutoviski: calls $0.06
doefenday: folds 
*** TURN *** [7d 9s Th] [7s]
GBrasman joins the table at seat #1 
Dorex2007: bets $0.08
gutoviski: folds 
Uncalled bet ($0.08) returned to Dorex2007
Dorex2007 collected $0.17 from pot
*** SUMMARY ***
Total pot $0.18 | Rake $0.01 
Board [7d 9s Th 7s]
Seat 3: Dorex2007 (small blind) collected ($0.17)
Seat 4: gutoviski (big blind) folded on the Turn
Seat 5: LightKngS folded before Flop (didn't bet)
Seat 6: cberto09 folded before Flop (didn't bet)
Seat 7: takeshie1971 folded before Flop (didn't bet)
Seat 8: doefenday (button) folded on the Flop



