PokerStars Hand #238805129767:  Hold'em No Limit ($0.02/$0.05 USD) - 2022/09/22 21:00:29 PT [2022/09/23 0:00:29 ET]
Table 'Aquitania III' 9-max Seat #8 is the button
Seat 1: Sr ÁviIa ($4.57 in chips) 
Seat 4: EMP7blacksword ($6.35 in chips) 
Seat 6: gilvan vha ($27.80 in chips) 
Seat 7: YoYoMa944 ($4.30 in chips) 
Seat 8: CPS2017 ($3.13 in chips) 
Seat 9: Dorex2007 ($10.40 in chips) 
Dorex2007: posts small blind $0.02
Sr ÁviIa: posts big blind $0.05
*** HOLE CARDS ***
Dealt to Dorex2007 [2d Js]
EMP7blacksword: folds 
gilvan vha: raises $0.07 to $0.12
YoYoMa944: calls $0.12
CPS2017: raises $3.01 to $3.13 and is all-in
Dorex2007: folds 
Sr ÁviIa: folds 
gilvan vha: folds 
YoYoMa944: folds 
Uncalled bet ($3.01) returned to CPS2017
CPS2017 collected $0.43 from pot
*** SUMMARY ***
Total pot $0.43 | Rake $0 
Seat 1: Sr ÁviIa (big blind) folded before Flop
Seat 4: EMP7blacksword folded before Flop (didn't bet)
Seat 6: gilvan vha folded before Flop
Seat 7: YoYoMa944 folded before Flop
Seat 8: CPS2017 (button) collected ($0.43)
Seat 9: Dorex2007 (small blind) folded before Flop



PokerStars Hand #238805133864:  Hold'em No Limit ($0.02/$0.05 USD) - 2022/09/22 21:01:02 PT [2022/09/23 0:01:02 ET]
Table 'Aquitania III' 9-max Seat #9 is the button
Seat 1: Sr ÁviIa ($4.52 in chips) 
Seat 4: EMP7blacksword ($6.35 in chips) 
Seat 6: gilvan vha ($27.68 in chips) 
Seat 7: YoYoMa944 ($4.18 in chips) 
Seat 8: CPS2017 ($3.44 in chips) 
Seat 9: Dorex2007 ($10.38 in chips) 
Sr ÁviIa: posts small blind $0.02
EMP7blacksword: posts big blind $0.05
*** HOLE CARDS ***
Dealt to Dorex2007 [Kh Qd]
gilvan vha: folds 
YoYoMa944: folds 
CPS2017: folds 
Dorex2007: raises $0.05 to $0.10
Sr ÁviIa: folds 
EMP7blacksword: raises $0.30 to $0.40
Dorex2007: calls $0.30
*** FLOP *** [Qs 6h 2h]
EMP7blacksword: bets $0.45
Dorex2007: calls $0.45
*** TURN *** [Qs 6h 2h] [2s]
EMP7blacksword: checks 
Dorex2007: bets $0.82
EMP7blacksword: folds 
Uncalled bet ($0.82) returned to Dorex2007
Dorex2007 collected $1.65 from pot
Dorex2007: doesn't show hand 
*** SUMMARY ***
Total pot $1.72 | Rake $0.07 
Board [Qs 6h 2h 2s]
Seat 1: Sr ÁviIa (small blind) folded before Flop
Seat 4: EMP7blacksword (big blind) folded on the Turn
Seat 6: gilvan vha folded before Flop (didn't bet)
Seat 7: YoYoMa944 folded before Flop (didn't bet)
Seat 8: CPS2017 folded before Flop (didn't bet)
Seat 9: Dorex2007 (button) collected ($1.65)



PokerStars Hand #238805138699:  Hold'em No Limit ($0.02/$0.05 USD) - 2022/09/22 21:01:39 PT [2022/09/23 0:01:39 ET]
Table 'Aquitania III' 9-max Seat #1 is the button
Seat 1: Sr ÁviIa ($4.50 in chips) 
Seat 4: EMP7blacksword ($5.50 in chips) 
Seat 6: gilvan vha ($27.68 in chips) 
Seat 7: YoYoMa944 ($4.18 in chips) 
Seat 8: CPS2017 ($3.44 in chips) 
Seat 9: Dorex2007 ($11.18 in chips) 
EMP7blacksword: posts small blind $0.02
gilvan vha: posts big blind $0.05
*** HOLE CARDS ***
Dealt to Dorex2007 [2s 6d]
YoYoMa944: folds 
CPS2017: calls $0.05
Dorex2007: folds 
Sr ÁviIa: raises $0.10 to $0.15
EMP7blacksword: folds 
gilvan vha: calls $0.10
CPS2017: calls $0.10
*** FLOP *** [8h Ad 5h]
gilvan vha: checks 
CPS2017: checks 
Sr ÁviIa: checks 
*** TURN *** [8h Ad 5h] [Td]
gilvan vha: checks 
CPS2017: bets $0.20
Sr ÁviIa: calls $0.20
gilvan vha: folds 
*** RIVER *** [8h Ad 5h Td] [8s]
CPS2017: checks 
Sr ÁviIa: checks 
*** SHOW DOWN ***
CPS2017: shows [Tc Jc] (two pair, Tens and Eights)
Sr ÁviIa: mucks hand 
CPS2017 collected $0.83 from pot
*** SUMMARY ***
Total pot $0.87 | Rake $0.04 
Board [8h Ad 5h Td 8s]
Seat 1: Sr ÁviIa (button) mucked [Kd Jd]
Seat 4: EMP7blacksword (small blind) folded before Flop
Seat 6: gilvan vha (big blind) folded on the Turn
Seat 7: YoYoMa944 folded before Flop (didn't bet)
Seat 8: CPS2017 showed [Tc Jc] and won ($0.83) with two pair, Tens and Eights
Seat 9: Dorex2007 folded before Flop (didn't bet)



PokerStars Hand #238805152027:  Hold'em No Limit ($0.02/$0.05 USD) - 2022/09/22 21:03:21 PT [2022/09/23 0:03:21 ET]
Table 'Aquitania III' 9-max Seat #4 is the button
Seat 4: EMP7blacksword ($5.48 in chips) 
Seat 6: gilvan vha ($27.53 in chips) 
Seat 7: YoYoMa944 ($4.18 in chips) 
Seat 8: CPS2017 ($3.92 in chips) 
Seat 9: Dorex2007 ($11.18 in chips) 
gilvan vha: posts small blind $0.02
YoYoMa944: posts big blind $0.05
tomashovka55: sits out 
*** HOLE CARDS ***
Dealt to Dorex2007 [Td 8d]
CPS2017: folds 
Dorex2007: folds 
EMP7blacksword: raises $0.07 to $0.12
gilvan vha: raises $0.38 to $0.50
YoYoMa944: raises $0.95 to $1.45
EMP7blacksword: folds 
gilvan vha: folds 
Uncalled bet ($0.95) returned to YoYoMa944
YoYoMa944 collected $1.12 from pot
YoYoMa944: doesn't show hand 
*** SUMMARY ***
Total pot $1.12 | Rake $0 
Seat 4: EMP7blacksword (button) folded before Flop
Seat 6: gilvan vha (small blind) folded before Flop
Seat 7: YoYoMa944 (big blind) collected ($1.12)
Seat 8: CPS2017 folded before Flop (didn't bet)
Seat 9: Dorex2007 folded before Flop (didn't bet)



PokerStars Hand #238805156705:  Hold'em No Limit ($0.02/$0.05 USD) - 2022/09/22 21:03:58 PT [2022/09/23 0:03:58 ET]
Table 'Aquitania III' 9-max Seat #6 is the button
Seat 1: Sr ÁviIa ($4.15 in chips) 
Seat 4: EMP7blacksword ($5.36 in chips) 
Seat 6: gilvan vha ($27.03 in chips) 
Seat 7: YoYoMa944 ($4.80 in chips) 
Seat 8: CPS2017 ($3.92 in chips) 
Seat 9: Dorex2007 ($11.18 in chips) 
YoYoMa944: posts small blind $0.02
CPS2017: posts big blind $0.05
tomashovka55: sits out 
*** HOLE CARDS ***
Dealt to Dorex2007 [Jc Jd]
Dorex2007: raises $0.10 to $0.15
Sr ÁviIa: folds 
EMP7blacksword: calls $0.15
gilvan vha: folds 
YoYoMa944: calls $0.13
CPS2017: folds 
*** FLOP *** [6d 7d Qs]
YoYoMa944: checks 
Dorex2007: checks 
EMP7blacksword: checks 
*** TURN *** [6d 7d Qs] [Qd]
YoYoMa944: bets $0.15
Dorex2007: folds 
EMP7blacksword: calls $0.15
*** RIVER *** [6d 7d Qs Qd] [2h]
YoYoMa944: bets $0.55
EMP7blacksword: folds 
Uncalled bet ($0.55) returned to YoYoMa944
YoYoMa944 collected $0.77 from pot
YoYoMa944: doesn't show hand 
*** SUMMARY ***
Total pot $0.80 | Rake $0.03 
Board [6d 7d Qs Qd 2h]
Seat 1: Sr ÁviIa folded before Flop (didn't bet)
Seat 4: EMP7blacksword folded on the River
Seat 6: gilvan vha (button) folded before Flop (didn't bet)
Seat 7: YoYoMa944 (small blind) collected ($0.77)
Seat 8: CPS2017 (big blind) folded before Flop
Seat 9: Dorex2007 folded on the Turn



PokerStars Hand #238805164258:  Hold'em No Limit ($0.02/$0.05 USD) - 2022/09/22 21:04:57 PT [2022/09/23 0:04:57 ET]
Table 'Aquitania III' 9-max Seat #7 is the button
Seat 1: Sr ÁviIa ($4.15 in chips) 
Seat 4: EMP7blacksword ($5.06 in chips) 
Seat 6: gilvan vha ($27.03 in chips) 
Seat 7: YoYoMa944 ($5.27 in chips) 
Seat 9: Dorex2007 ($11.03 in chips) 
CPS2017 has timed out
CPS2017: is sitting out 
Dorex2007: posts small blind $0.02
Sr ÁviIa: posts big blind $0.05
tomashovka55: sits out 
*** HOLE CARDS ***
Dealt to Dorex2007 [7c 7d]
EMP7blacksword: raises $0.07 to $0.12
gilvan vha: folds 
CPS2017 is disconnected 
YoYoMa944: folds 
Apoliom19 joins the table at seat #2 
Dorex2007: calls $0.10
Sr ÁviIa: folds 
*** FLOP *** [9c Ac 6h]
Dorex2007: checks 
EMP7blacksword: checks 
*** TURN *** [9c Ac 6h] [Qs]
Dorex2007: bets $0.14
EMP7blacksword: calls $0.14
*** RIVER *** [9c Ac 6h Qs] [5h]
Dorex2007: bets $0.27
EMP7blacksword: folds 
Uncalled bet ($0.27) returned to Dorex2007
Dorex2007 collected $0.55 from pot
Dorex2007: doesn't show hand 
*** SUMMARY ***
Total pot $0.57 | Rake $0.02 
Board [9c Ac 6h Qs 5h]
Seat 1: Sr ÁviIa (big blind) folded before Flop
Seat 4: EMP7blacksword folded on the River
Seat 6: gilvan vha folded before Flop (didn't bet)
Seat 7: YoYoMa944 (button) folded before Flop (didn't bet)
Seat 9: Dorex2007 (small blind) collected ($0.55)



PokerStars Hand #238805170432:  Hold'em No Limit ($0.02/$0.05 USD) - 2022/09/22 21:05:44 PT [2022/09/23 0:05:44 ET]
Table 'Aquitania III' 9-max Seat #9 is the button
Seat 1: Sr ÁviIa ($4.10 in chips) 
Seat 2: Apoliom19 ($2.76 in chips) 
Seat 4: EMP7blacksword ($4.80 in chips) 
Seat 6: gilvan vha ($27.03 in chips) 
Seat 7: YoYoMa944 ($5.27 in chips) 
Seat 8: CPS2017 ($3.87 in chips) 
Seat 9: Dorex2007 ($11.32 in chips) 
Sr ÁviIa: posts small blind $0.02
Apoliom19: posts big blind $0.05
tomashovka55: sits out 
CPS2017: posts small blind $0.02
*** HOLE CARDS ***
Dealt to Dorex2007 [4h 2s]
EMP7blacksword: folds 
gilvan vha: folds 
YoYoMa944: raises $0.05 to $0.10
CPS2017: folds 
Dorex2007: folds 
Sr ÁviIa: folds 
Apoliom19: calls $0.05
*** FLOP *** [4c 7h Kd]
Apoliom19: checks 
YoYoMa944: bets $0.15
Apoliom19: folds 
Uncalled bet ($0.15) returned to YoYoMa944
YoYoMa944 collected $0.23 from pot
YoYoMa944: doesn't show hand 
*** SUMMARY ***
Total pot $0.24 | Rake $0.01 
Board [4c 7h Kd]
Seat 1: Sr ÁviIa (small blind) folded before Flop
Seat 2: Apoliom19 (big blind) folded on the Flop
Seat 4: EMP7blacksword folded before Flop (didn't bet)
Seat 6: gilvan vha folded before Flop (didn't bet)
Seat 7: YoYoMa944 collected ($0.23)
Seat 8: CPS2017 folded before Flop (didn't bet)
Seat 9: Dorex2007 (button) folded before Flop (didn't bet)



PokerStars Hand #238805174558:  Hold'em No Limit ($0.02/$0.05 USD) - 2022/09/22 21:06:16 PT [2022/09/23 0:06:16 ET]
Table 'Aquitania III' 9-max Seat #1 is the button
Seat 1: Sr ÁviIa ($4.08 in chips) 
Seat 4: EMP7blacksword ($4.80 in chips) 
Seat 6: gilvan vha ($27.03 in chips) 
Seat 7: YoYoMa944 ($5.40 in chips) 
Seat 8: CPS2017 ($3.85 in chips) 
Seat 9: Dorex2007 ($11.32 in chips) 
EMP7blacksword: posts small blind $0.02
gilvan vha: posts big blind $0.05
*** HOLE CARDS ***
Dealt to Dorex2007 [Jh Kh]
YoYoMa944: folds 
CPS2017: folds 
Dorex2007: raises $0.05 to $0.10
Sr ÁviIa: folds 
EMP7blacksword: folds 
gilvan vha: folds 
Uncalled bet ($0.05) returned to Dorex2007
Dorex2007 collected $0.12 from pot
Dorex2007: doesn't show hand 
*** SUMMARY ***
Total pot $0.12 | Rake $0 
Seat 1: Sr ÁviIa (button) folded before Flop (didn't bet)
Seat 4: EMP7blacksword (small blind) folded before Flop
Seat 6: gilvan vha (big blind) folded before Flop
Seat 7: YoYoMa944 folded before Flop (didn't bet)
Seat 8: CPS2017 folded before Flop (didn't bet)
Seat 9: Dorex2007 collected ($0.12)



PokerStars Hand #238805176624:  Hold'em No Limit ($0.02/$0.05 USD) - 2022/09/22 21:06:32 PT [2022/09/23 0:06:32 ET]
Table 'Aquitania III' 9-max Seat #4 is the button
Seat 1: Sr ÁviIa ($4.08 in chips) 
Seat 4: EMP7blacksword ($4.78 in chips) 
Seat 6: gilvan vha ($26.98 in chips) 
Seat 7: YoYoMa944 ($5.40 in chips) 
Seat 8: CPS2017 ($3.85 in chips) 
Seat 9: Dorex2007 ($11.39 in chips) 
gilvan vha: posts small blind $0.02
YoYoMa944: posts big blind $0.05
tomashovka55: sits out 
*** HOLE CARDS ***
Dealt to Dorex2007 [3s Kd]
CPS2017: folds 
Dorex2007: folds 
Sr ÁviIa: folds 
EMP7blacksword: folds 
nailtonphb123 joins the table at seat #5 
gilvan vha: raises $0.10 to $0.15
YoYoMa944: folds 
Uncalled bet ($0.10) returned to gilvan vha
gilvan vha collected $0.10 from pot
*** SUMMARY ***
Total pot $0.10 | Rake $0 
Seat 1: Sr ÁviIa folded before Flop (didn't bet)
Seat 4: EMP7blacksword (button) folded before Flop (didn't bet)
Seat 6: gilvan vha (small blind) collected ($0.10)
Seat 7: YoYoMa944 (big blind) folded before Flop
Seat 8: CPS2017 folded before Flop (didn't bet)
Seat 9: Dorex2007 folded before Flop (didn't bet)



PokerStars Hand #238805179893:  Hold'em No Limit ($0.02/$0.05 USD) - 2022/09/22 21:06:58 PT [2022/09/23 0:06:58 ET]
Table 'Aquitania III' 9-max Seat #6 is the button
Seat 1: Sr ÁviIa ($4.08 in chips) 
Seat 4: EMP7blacksword ($4.78 in chips) 
Seat 5: nailtonphb123 ($4 in chips) 
Seat 6: gilvan vha ($27.03 in chips) 
Seat 7: YoYoMa944 ($5.35 in chips) 
Seat 8: CPS2017 ($3.85 in chips) 
Seat 9: Dorex2007 ($11.39 in chips) 
YoYoMa944: posts small blind $0.02
CPS2017: posts big blind $0.05
Apoliom19: sits out 
tomashovka55: sits out 
nailtonphb123: posts big blind $0.05
*** HOLE CARDS ***
Dealt to Dorex2007 [9c Qc]
Dorex2007: folds 
Sr ÁviIa: folds 
EMP7blacksword: folds 
nailtonphb123: checks 
gilvan vha has timed out
gilvan vha: folds 
YoYoMa944: folds 
CPS2017: checks 
*** FLOP *** [5s 5d 8d]
CPS2017: bets $0.10
nailtonphb123: calls $0.10
*** TURN *** [5s 5d 8d] [2d]
CPS2017: checks 
nailtonphb123: bets $0.15
CPS2017: folds 
Uncalled bet ($0.15) returned to nailtonphb123
nailtonphb123 collected $0.31 from pot
*** SUMMARY ***
Total pot $0.32 | Rake $0.01 
Board [5s 5d 8d 2d]
Seat 1: Sr ÁviIa folded before Flop (didn't bet)
Seat 4: EMP7blacksword folded before Flop (didn't bet)
Seat 5: nailtonphb123 collected ($0.31)
Seat 6: gilvan vha (button) folded before Flop (didn't bet)
Seat 7: YoYoMa944 (small blind) folded before Flop
Seat 8: CPS2017 (big blind) folded on the Turn
Seat 9: Dorex2007 folded before Flop (didn't bet)



PokerStars Hand #238805189660:  Hold'em No Limit ($0.02/$0.05 USD) - 2022/09/22 21:08:14 PT [2022/09/23 0:08:14 ET]
Table 'Aquitania III' 9-max Seat #7 is the button
Seat 1: Sr ÁviIa ($4.08 in chips) 
Seat 2: Apoliom19 ($2.66 in chips) 
Seat 4: EMP7blacksword ($4.78 in chips) 
Seat 5: nailtonphb123 ($4.16 in chips) 
Seat 6: gilvan vha ($27.03 in chips) 
Seat 7: YoYoMa944 ($5.33 in chips) 
Seat 8: CPS2017 ($3.70 in chips) 
Seat 9: Dorex2007 ($11.39 in chips) 
CPS2017: posts small blind $0.02
Dorex2007: posts big blind $0.05
Apoliom19: posts small blind $0.02
tomashovka55: sits out 
*** HOLE CARDS ***
Dealt to Dorex2007 [5h 7s]
Sr ÁviIa: raises $0.05 to $0.10
Apoliom19: folds 
EMP7blacksword: calls $0.10
nailtonphb123: calls $0.10
gilvan vha: folds 
YoYoMa944: folds 
CPS2017: folds 
Dorex2007: folds 
*** FLOP *** [7d 9h 5c]
Sr ÁviIa: checks 
EMP7blacksword: checks 
nailtonphb123: bets $0.30
Sr ÁviIa: folds 
EMP7blacksword: folds 
Uncalled bet ($0.30) returned to nailtonphb123
nailtonphb123 collected $0.37 from pot
*** SUMMARY ***
Total pot $0.39 | Rake $0.02 
Board [7d 9h 5c]
Seat 1: Sr ÁviIa folded on the Flop
Seat 2: Apoliom19 folded before Flop (didn't bet)
Seat 4: EMP7blacksword folded on the Flop
Seat 5: nailtonphb123 collected ($0.37)
Seat 6: gilvan vha folded before Flop (didn't bet)
Seat 7: YoYoMa944 (button) folded before Flop (didn't bet)
Seat 8: CPS2017 (small blind) folded before Flop
Seat 9: Dorex2007 (big blind) folded before Flop



PokerStars Hand #238805197189:  Hold'em No Limit ($0.02/$0.05 USD) - 2022/09/22 21:09:13 PT [2022/09/23 0:09:13 ET]
Table 'Aquitania III' 9-max Seat #8 is the button
Seat 1: Sr ÁviIa ($3.98 in chips) 
Seat 2: Apoliom19 ($2.64 in chips) 
Seat 4: EMP7blacksword ($4.68 in chips) 
Seat 5: nailtonphb123 ($4.43 in chips) 
Seat 6: gilvan vha ($27.03 in chips) 
Seat 7: YoYoMa944 ($5.33 in chips) 
Seat 8: CPS2017 ($3.68 in chips) 
Seat 9: Dorex2007 ($11.34 in chips) 
Dorex2007: posts small blind $0.02
Sr ÁviIa: posts big blind $0.05
tomashovka55: sits out 
*** HOLE CARDS ***
Dealt to Dorex2007 [Td 6d]
Apoliom19: calls $0.05
EMP7blacksword: folds 
nailtonphb123: calls $0.05
gilvan vha: raises $0.15 to $0.20
YoYoMa944: folds 
CPS2017: folds 
Dorex2007: folds 
Sr ÁviIa: folds 
Apoliom19: calls $0.15
nailtonphb123: calls $0.15
*** FLOP *** [Ac Ad 3c]
Apoliom19: checks 
nailtonphb123: checks 
gilvan vha: bets $0.21
Apoliom19: folds 
nailtonphb123: folds 
Uncalled bet ($0.21) returned to gilvan vha
gilvan vha collected $0.64 from pot
*** SUMMARY ***
Total pot $0.67 | Rake $0.03 
Board [Ac Ad 3c]
Seat 1: Sr ÁviIa (big blind) folded before Flop
Seat 2: Apoliom19 folded on the Flop
Seat 4: EMP7blacksword folded before Flop (didn't bet)
Seat 5: nailtonphb123 folded on the Flop
Seat 6: gilvan vha collected ($0.64)
Seat 7: YoYoMa944 folded before Flop (didn't bet)
Seat 8: CPS2017 (button) folded before Flop (didn't bet)
Seat 9: Dorex2007 (small blind) folded before Flop



PokerStars Hand #238805204758:  Hold'em No Limit ($0.02/$0.05 USD) - 2022/09/22 21:10:13 PT [2022/09/23 0:10:13 ET]
Table 'Aquitania III' 9-max Seat #9 is the button
Seat 1: Sr ÁviIa ($3.93 in chips) 
Seat 2: Apoliom19 ($2.44 in chips) 
Seat 4: EMP7blacksword ($4.68 in chips) 
Seat 5: nailtonphb123 ($4.23 in chips) 
Seat 6: gilvan vha ($27.47 in chips) 
Seat 7: YoYoMa944 ($5.33 in chips) 
Seat 8: CPS2017 ($3.68 in chips) 
Seat 9: Dorex2007 ($11.32 in chips) 
Sr ÁviIa: posts small blind $0.02
Apoliom19: posts big blind $0.05
tomashovka55: sits out 
*** HOLE CARDS ***
Dealt to Dorex2007 [8c Td]
EMP7blacksword: folds 
nailtonphb123: calls $0.05
gilvan vha: folds 
YoYoMa944: calls $0.05
CPS2017: raises $0.10 to $0.15
Dorex2007: folds 
Sr ÁviIa: folds 
Apoliom19: calls $0.10
nailtonphb123: calls $0.10
YoYoMa944: calls $0.10
*** FLOP *** [3c Ac Ks]
Apoliom19: checks 
nailtonphb123: bets $0.20
YoYoMa944: folds 
CPS2017: folds 
Apoliom19: calls $0.20
*** TURN *** [3c Ac Ks] [As]
Apoliom19: checks 
nailtonphb123: checks 
*** RIVER *** [3c Ac Ks As] [4c]
Apoliom19: checks 
nailtonphb123: bets $0.30
Apoliom19: folds 
Uncalled bet ($0.30) returned to nailtonphb123
nailtonphb123 collected $0.98 from pot
*** SUMMARY ***
Total pot $1.02 | Rake $0.04 
Board [3c Ac Ks As 4c]
Seat 1: Sr ÁviIa (small blind) folded before Flop
Seat 2: Apoliom19 (big blind) folded on the River
Seat 4: EMP7blacksword folded before Flop (didn't bet)
Seat 5: nailtonphb123 collected ($0.98)
Seat 6: gilvan vha folded before Flop (didn't bet)
Seat 7: YoYoMa944 folded on the Flop
Seat 8: CPS2017 folded on the Flop
Seat 9: Dorex2007 (button) folded before Flop (didn't bet)



PokerStars Hand #238805213494:  Hold'em No Limit ($0.02/$0.05 USD) - 2022/09/22 21:11:22 PT [2022/09/23 0:11:22 ET]
Table 'Aquitania III' 9-max Seat #1 is the button
Seat 1: Sr ÁviIa ($3.91 in chips) 
Seat 2: Apoliom19 ($2.09 in chips) 
Seat 3: tomashovka55 ($5 in chips) 
Seat 4: EMP7blacksword ($4.68 in chips) 
Seat 5: nailtonphb123 ($4.86 in chips) 
Seat 6: gilvan vha ($27.47 in chips) 
Seat 7: YoYoMa944 ($5.18 in chips) 
Seat 8: CPS2017 ($3.53 in chips) 
Seat 9: Dorex2007 ($11.32 in chips) 
Apoliom19: posts small blind $0.02
tomashovka55: posts big blind $0.05
*** HOLE CARDS ***
Dealt to Dorex2007 [Ts Ad]
EMP7blacksword: folds 
nailtonphb123: calls $0.05
gilvan vha: folds 
YoYoMa944: calls $0.05
CPS2017: calls $0.05
Dorex2007: calls $0.05
Sr ÁviIa: raises $0.20 to $0.25
Apoliom19: calls $0.23
tomashovka55: folds 
nailtonphb123: calls $0.20
YoYoMa944: calls $0.20
CPS2017: calls $0.20
Dorex2007: folds 
*** FLOP *** [7s 9c Qc]
Apoliom19: checks 
nailtonphb123: bets $0.30
YoYoMa944: calls $0.30
CPS2017: raises $1.45 to $1.75
Sr ÁviIa: folds 
Apoliom19: folds 
nailtonphb123: raises $1.45 to $3.20
YoYoMa944: folds 
CPS2017: calls $1.45
*** TURN *** [7s 9c Qc] [5c]
nailtonphb123: bets $1.41 and is all-in
CPS2017: calls $0.08 and is all-in
Uncalled bet ($1.33) returned to nailtonphb123
*** RIVER *** [7s 9c Qc 5c] [Js]
*** SHOW DOWN ***
nailtonphb123: shows [8h Qs] (a pair of Queens)
CPS2017: shows [Kh Qh] (a pair of Queens - King kicker)
CPS2017 cashed out the hand for $6.54 | Cash Out Fee $0.07
*** SUMMARY ***
Total pot $8.21 | Rake $0.34 
Board [7s 9c Qc 5c Js]
Seat 1: Sr ÁviIa (button) folded on the Flop
Seat 2: Apoliom19 (small blind) folded on the Flop
Seat 3: tomashovka55 (big blind) folded before Flop
Seat 4: EMP7blacksword folded before Flop (didn't bet)
Seat 5: nailtonphb123 showed [8h Qs] and lost with a pair of Queens
Seat 6: gilvan vha folded before Flop (didn't bet)
Seat 7: YoYoMa944 folded on the Flop
Seat 8: CPS2017 showed [Kh Qh] and won ($7.87) with a pair of Queens (pot not awarded as player cashed out)
Seat 9: Dorex2007 folded before Flop



PokerStars Hand #238805230649:  Hold'em No Limit ($0.02/$0.05 USD) - 2022/09/22 21:13:37 PT [2022/09/23 0:13:37 ET]
Table 'Aquitania III' 9-max Seat #2 is the button
Seat 1: Sr ÁviIa ($3.66 in chips) 
Seat 2: Apoliom19 ($1.84 in chips) 
Seat 3: tomashovka55 ($5 in chips) 
Seat 4: EMP7blacksword ($4.68 in chips) 
Seat 5: nailtonphb123 ($1.33 in chips) 
Seat 6: gilvan vha ($27.47 in chips) 
Seat 7: YoYoMa944 ($4.63 in chips) 
Seat 8: CPS2017 ($6.54 in chips) 
Seat 9: Dorex2007 ($11.27 in chips) 
tomashovka55: posts small blind $0.02
EMP7blacksword: posts big blind $0.05
*** HOLE CARDS ***
Dealt to Dorex2007 [Tc 2h]
nailtonphb123: calls $0.05
gilvan vha: folds 
YoYoMa944: folds 
CPS2017 has timed out
CPS2017: folds 
Dorex2007: folds 
Sr ÁviIa: folds 
Apoliom19: calls $0.05
tomashovka55: folds 
EMP7blacksword: checks 
*** FLOP *** [5d 3d 8d]
EMP7blacksword: checks 
nailtonphb123: checks 
Apoliom19: checks 
*** TURN *** [5d 3d 8d] [Kd]
EMP7blacksword: bets $0.10
nailtonphb123: folds 
Apoliom19: folds 
Uncalled bet ($0.10) returned to EMP7blacksword
EMP7blacksword collected $0.16 from pot
*** SUMMARY ***
Total pot $0.17 | Rake $0.01 
Board [5d 3d 8d Kd]
Seat 1: Sr ÁviIa folded before Flop (didn't bet)
Seat 2: Apoliom19 (button) folded on the Turn
Seat 3: tomashovka55 (small blind) folded before Flop
Seat 4: EMP7blacksword (big blind) collected ($0.16)
Seat 5: nailtonphb123 folded on the Turn
Seat 6: gilvan vha folded before Flop (didn't bet)
Seat 7: YoYoMa944 folded before Flop (didn't bet)
Seat 8: CPS2017 folded before Flop (didn't bet)
Seat 9: Dorex2007 folded before Flop (didn't bet)



PokerStars Hand #238805236796:  Hold'em No Limit ($0.02/$0.05 USD) - 2022/09/22 21:14:26 PT [2022/09/23 0:14:26 ET]
Table 'Aquitania III' 9-max Seat #3 is the button
Seat 1: Sr ÁviIa ($3.66 in chips) 
Seat 2: Apoliom19 ($1.79 in chips) 
Seat 3: tomashovka55 ($5 in chips) 
Seat 4: EMP7blacksword ($4.79 in chips) 
Seat 5: nailtonphb123 ($1.28 in chips) 
Seat 6: gilvan vha ($27.47 in chips) 
Seat 7: YoYoMa944 ($4.63 in chips) 
Seat 8: CPS2017 ($6.54 in chips) 
Seat 9: Dorex2007 ($11.27 in chips) 
EMP7blacksword: posts small blind $0.02
nailtonphb123: posts big blind $0.05
*** HOLE CARDS ***
Dealt to Dorex2007 [3h 5c]
gilvan vha: folds 
YoYoMa944: folds 
CPS2017: raises $0.10 to $0.15
Dorex2007: folds 
Sr ÁviIa: folds 
Apoliom19: folds 
tomashovka55: calls $0.15
EMP7blacksword: folds 
nailtonphb123: calls $0.10
*** FLOP *** [8h 7c 2d]
nailtonphb123: bets $0.15
CPS2017: folds 
tomashovka55: folds 
Uncalled bet ($0.15) returned to nailtonphb123
nailtonphb123 collected $0.45 from pot
*** SUMMARY ***
Total pot $0.47 | Rake $0.02 
Board [8h 7c 2d]
Seat 1: Sr ÁviIa folded before Flop (didn't bet)
Seat 2: Apoliom19 folded before Flop (didn't bet)
Seat 3: tomashovka55 (button) folded on the Flop
Seat 4: EMP7blacksword (small blind) folded before Flop
Seat 5: nailtonphb123 (big blind) collected ($0.45)
Seat 6: gilvan vha folded before Flop (didn't bet)
Seat 7: YoYoMa944 folded before Flop (didn't bet)
Seat 8: CPS2017 folded on the Flop
Seat 9: Dorex2007 folded before Flop (didn't bet)



PokerStars Hand #238805241978:  Hold'em No Limit ($0.02/$0.05 USD) - 2022/09/22 21:15:06 PT [2022/09/23 0:15:06 ET]
Table 'Aquitania III' 9-max Seat #4 is the button
Seat 1: Sr ÁviIa ($5 in chips) 
Seat 2: Apoliom19 ($1.79 in chips) 
Seat 3: tomashovka55 ($5 in chips) 
Seat 4: EMP7blacksword ($4.77 in chips) 
Seat 5: nailtonphb123 ($1.58 in chips) 
Seat 6: gilvan vha ($27.47 in chips) 
Seat 7: YoYoMa944 ($4.63 in chips) 
Seat 8: CPS2017 ($6.39 in chips) 
Seat 9: Dorex2007 ($11.27 in chips) 
nailtonphb123: posts small blind $0.02
gilvan vha: posts big blind $0.05
*** HOLE CARDS ***
Dealt to Dorex2007 [8h 8c]
YoYoMa944: raises $0.10 to $0.15
CPS2017: folds 
Dorex2007: calls $0.15
Sr ÁviIa: folds 
Apoliom19: folds 
tomashovka55: folds 
EMP7blacksword: folds 
nailtonphb123: calls $0.13
gilvan vha: folds 
*** FLOP *** [5c 5s 5h]
nailtonphb123: checks 
YoYoMa944: bets $0.15
Dorex2007: calls $0.15
nailtonphb123: calls $0.15
*** TURN *** [5c 5s 5h] [8d]
nailtonphb123: checks 
YoYoMa944: bets $0.15
Dorex2007: raises $0.66 to $0.81
nailtonphb123: folds 
YoYoMa944: calls $0.66
*** RIVER *** [5c 5s 5h 8d] [4s]
YoYoMa944: checks 
Dorex2007: bets $1.35
YoYoMa944: folds 
Uncalled bet ($1.35) returned to Dorex2007
Dorex2007 collected $2.46 from pot
Dorex2007: doesn't show hand 
*** SUMMARY ***
Total pot $2.57 | Rake $0.11 
Board [5c 5s 5h 8d 4s]
Seat 1: Sr ÁviIa folded before Flop (didn't bet)
Seat 2: Apoliom19 folded before Flop (didn't bet)
Seat 3: tomashovka55 folded before Flop (didn't bet)
Seat 4: EMP7blacksword (button) folded before Flop (didn't bet)
Seat 5: nailtonphb123 (small blind) folded on the Turn
Seat 6: gilvan vha (big blind) folded before Flop
Seat 7: YoYoMa944 folded on the River
Seat 8: CPS2017 folded before Flop (didn't bet)
Seat 9: Dorex2007 collected ($2.46)



PokerStars Hand #238805250309:  Hold'em No Limit ($0.02/$0.05 USD) - 2022/09/22 21:16:13 PT [2022/09/23 0:16:13 ET]
Table 'Aquitania III' 9-max Seat #5 is the button
Seat 1: Sr ÁviIa ($5 in chips) 
Seat 2: Apoliom19 ($1.79 in chips) 
Seat 3: tomashovka55 ($5 in chips) 
Seat 4: EMP7blacksword ($4.77 in chips) 
Seat 5: nailtonphb123 ($1.28 in chips) 
Seat 6: gilvan vha ($27.42 in chips) 
Seat 7: YoYoMa944 ($3.52 in chips) 
Seat 8: CPS2017 ($6.39 in chips) 
Seat 9: Dorex2007 ($12.62 in chips) 
gilvan vha: posts small blind $0.02
YoYoMa944: posts big blind $0.05
*** HOLE CARDS ***
Dealt to Dorex2007 [6c 6s]
CPS2017: folds 
Dorex2007: calls $0.05
Sr ÁviIa: folds 
Apoliom19: raises $1.74 to $1.79 and is all-in
tomashovka55: folds 
EMP7blacksword: folds 
nailtonphb123: folds 
gilvan vha: folds 
YoYoMa944: folds 
Dorex2007: folds 
Uncalled bet ($1.74) returned to Apoliom19
Apoliom19 collected $0.17 from pot
*** SUMMARY ***
Total pot $0.17 | Rake $0 
Seat 1: Sr ÁviIa folded before Flop (didn't bet)
Seat 2: Apoliom19 collected ($0.17)
Seat 3: tomashovka55 folded before Flop (didn't bet)
Seat 4: EMP7blacksword folded before Flop (didn't bet)
Seat 5: nailtonphb123 (button) folded before Flop (didn't bet)
Seat 6: gilvan vha (small blind) folded before Flop
Seat 7: YoYoMa944 (big blind) folded before Flop
Seat 8: CPS2017 folded before Flop (didn't bet)
Seat 9: Dorex2007 folded before Flop



PokerStars Hand #238805254505:  Hold'em No Limit ($0.02/$0.05 USD) - 2022/09/22 21:16:46 PT [2022/09/23 0:16:46 ET]
Table 'Aquitania III' 9-max Seat #6 is the button
Seat 1: Sr ÁviIa ($5 in chips) 
Seat 2: Apoliom19 ($1.91 in chips) 
Seat 3: tomashovka55 ($5 in chips) 
Seat 4: EMP7blacksword ($4.77 in chips) 
Seat 5: nailtonphb123 ($1.28 in chips) 
Seat 6: gilvan vha ($27.40 in chips) 
Seat 7: YoYoMa944 ($3.47 in chips) 
Seat 8: CPS2017 ($6.39 in chips) 
Seat 9: Dorex2007 ($12.57 in chips) 
YoYoMa944: posts small blind $0.02
CPS2017: posts big blind $0.05
*** HOLE CARDS ***
Dealt to Dorex2007 [Tc Qc]
Dorex2007: calls $0.05
Sr ÁviIa: folds 
Apoliom19: calls $0.05
tomashovka55: folds 
EMP7blacksword: raises $0.15 to $0.20
nailtonphb123: calls $0.20
gilvan vha: folds 
YoYoMa944: calls $0.18
CPS2017: folds 
Dorex2007: calls $0.15
Apoliom19: calls $0.15
*** FLOP *** [7h Jd 3h]
YoYoMa944: checks 
Dorex2007: checks 
Apoliom19: checks 
EMP7blacksword: checks 
nailtonphb123: bets $0.20
YoYoMa944: folds 
Dorex2007: folds 
Apoliom19: calls $0.20
EMP7blacksword: calls $0.20
*** TURN *** [7h Jd 3h] [2s]
Apoliom19: checks 
EMP7blacksword: checks 
nailtonphb123: bets $0.20
Apoliom19: calls $0.20
EMP7blacksword: calls $0.20
*** RIVER *** [7h Jd 3h 2s] [7c]
Apoliom19: bets $1.31 and is all-in
EMP7blacksword: folds 
nailtonphb123: folds 
Uncalled bet ($1.31) returned to Apoliom19
Apoliom19 collected $2.16 from pot
*** SUMMARY ***
Total pot $2.25 | Rake $0.09 
Board [7h Jd 3h 2s 7c]
Seat 1: Sr ÁviIa folded before Flop (didn't bet)
Seat 2: Apoliom19 collected ($2.16)
Seat 3: tomashovka55 folded before Flop (didn't bet)
Seat 4: EMP7blacksword folded on the River
Seat 5: nailtonphb123 folded on the River
Seat 6: gilvan vha (button) folded before Flop (didn't bet)
Seat 7: YoYoMa944 (small blind) folded on the Flop
Seat 8: CPS2017 (big blind) folded before Flop
Seat 9: Dorex2007 folded on the Flop



PokerStars Hand #238805266797:  Hold'em No Limit ($0.02/$0.05 USD) - 2022/09/22 21:18:26 PT [2022/09/23 0:18:26 ET]
Table 'Aquitania III' 9-max Seat #7 is the button
Seat 1: Sr ÁviIa ($5 in chips) 
Seat 2: Apoliom19 ($3.47 in chips) 
Seat 3: tomashovka55 ($5 in chips) 
Seat 4: EMP7blacksword ($4.17 in chips) 
Seat 5: nailtonphb123 ($0.68 in chips) 
Seat 6: gilvan vha ($27.40 in chips) 
Seat 7: YoYoMa944 ($3.27 in chips) 
Seat 8: CPS2017 ($6.34 in chips) 
Seat 9: Dorex2007 ($12.37 in chips) 
CPS2017: posts small blind $0.02
Dorex2007: posts big blind $0.05
*** HOLE CARDS ***
Dealt to Dorex2007 [6s 4d]
Sr ÁviIa: folds 
Apoliom19: calls $0.05
tomashovka55: folds 
EMP7blacksword: folds 
nailtonphb123: calls $0.05
gilvan vha: folds 
YoYoMa944: raises $0.05 to $0.10
CPS2017: calls $0.08
Dorex2007: folds 
Apoliom19: calls $0.05
nailtonphb123: calls $0.05
*** FLOP *** [Qd 3c Td]
CPS2017: checks 
Apoliom19: checks 
nailtonphb123: checks 
YoYoMa944: bets $0.15
CPS2017: calls $0.15
Apoliom19: folds 
nailtonphb123: calls $0.15
*** TURN *** [Qd 3c Td] [3s]
CPS2017: bets $0.20
nailtonphb123: calls $0.20
YoYoMa944: calls $0.20
*** RIVER *** [Qd 3c Td 3s] [9d]
CPS2017: bets $0.70
nailtonphb123: folds 
YoYoMa944: folds 
Uncalled bet ($0.70) returned to CPS2017
CPS2017 collected $1.44 from pot
*** SUMMARY ***
Total pot $1.50 | Rake $0.06 
Board [Qd 3c Td 3s 9d]
Seat 1: Sr ÁviIa folded before Flop (didn't bet)
Seat 2: Apoliom19 folded on the Flop
Seat 3: tomashovka55 folded before Flop (didn't bet)
Seat 4: EMP7blacksword folded before Flop (didn't bet)
Seat 5: nailtonphb123 folded on the River
Seat 6: gilvan vha folded before Flop (didn't bet)
Seat 7: YoYoMa944 (button) folded on the River
Seat 8: CPS2017 (small blind) collected ($1.44)
Seat 9: Dorex2007 (big blind) folded before Flop



PokerStars Hand #238805281746:  Hold'em No Limit ($0.02/$0.05 USD) - 2022/09/22 21:20:25 PT [2022/09/23 0:20:25 ET]
Table 'Aquitania III' 9-max Seat #8 is the button
Seat 1: Sr ÁviIa ($5 in chips) 
Seat 2: Apoliom19 ($3.37 in chips) 
Seat 3: tomashovka55 ($5 in chips) 
Seat 4: EMP7blacksword ($4.17 in chips) 
Seat 5: nailtonphb123 ($0.23 in chips) 
Seat 6: gilvan vha ($27.40 in chips) 
Seat 7: YoYoMa944 ($2.82 in chips) 
Seat 8: CPS2017 ($7.33 in chips) 
Seat 9: Dorex2007 ($12.32 in chips) 
Dorex2007: posts small blind $0.02
Sr ÁviIa: posts big blind $0.05
*** HOLE CARDS ***
Dealt to Dorex2007 [Kh Jh]
Apoliom19: calls $0.05
tomashovka55: folds 
EMP7blacksword: folds 
nailtonphb123: raises $0.18 to $0.23 and is all-in
gilvan vha: raises $0.18 to $0.41
YoYoMa944: folds 
CPS2017: folds 
Dorex2007: folds 
Sr ÁviIa: folds 
Apoliom19: folds 
Uncalled bet ($0.18) returned to gilvan vha
*** FLOP *** [2d Qc Qd]
*** TURN *** [2d Qc Qd] [6s]
*** RIVER *** [2d Qc Qd 6s] [2c]
*** SHOW DOWN ***
nailtonphb123: shows [Ks Td] (two pair, Queens and Deuces)
gilvan vha: shows [Jd Ac] (two pair, Queens and Deuces - Ace kicker)
gilvan vha collected $0.56 from pot
*** SUMMARY ***
Total pot $0.58 | Rake $0.02 
Board [2d Qc Qd 6s 2c]
Seat 1: Sr ÁviIa (big blind) folded before Flop
Seat 2: Apoliom19 folded before Flop
Seat 3: tomashovka55 folded before Flop (didn't bet)
Seat 4: EMP7blacksword folded before Flop (didn't bet)
Seat 5: nailtonphb123 showed [Ks Td] and lost with two pair, Queens and Deuces
Seat 6: gilvan vha showed [Jd Ac] and won ($0.56) with two pair, Queens and Deuces
Seat 7: YoYoMa944 folded before Flop (didn't bet)
Seat 8: CPS2017 (button) folded before Flop (didn't bet)
Seat 9: Dorex2007 (small blind) folded before Flop



PokerStars Hand #238805285507:  Hold'em No Limit ($0.02/$0.05 USD) - 2022/09/22 21:20:55 PT [2022/09/23 0:20:55 ET]
Table 'Aquitania III' 9-max Seat #9 is the button
Seat 1: Sr ÁviIa ($4.95 in chips) 
Seat 2: Apoliom19 ($3.32 in chips) 
Seat 3: tomashovka55 ($5 in chips) 
Seat 4: EMP7blacksword ($4.17 in chips) 
Seat 6: gilvan vha ($27.73 in chips) 
Seat 7: YoYoMa944 ($2.82 in chips) 
Seat 8: CPS2017 ($7.33 in chips) 
Seat 9: Dorex2007 ($12.30 in chips) 
Sr ÁviIa: posts small blind $0.02
Apoliom19: posts big blind $0.05
*** HOLE CARDS ***
Dealt to Dorex2007 [Jh 2c]
tomashovka55: raises $0.10 to $0.15
EMP7blacksword: folds 
gilvan vha: folds 
YoYoMa944: folds 
CPS2017: folds 
Dorex2007: folds 
Sr ÁviIa: folds 
Apoliom19: calls $0.10
*** FLOP *** [9h 4d 5s]
Apoliom19: checks 
tomashovka55: bets $0.19
Apoliom19: calls $0.19
*** TURN *** [9h 4d 5s] [Qd]
Apoliom19: checks 
tomashovka55: bets $0.62
Apoliom19: calls $0.62
*** RIVER *** [9h 4d 5s Qd] [7s]
Apoliom19: checks 
tomashovka55: bets $0.71
Apoliom19: calls $0.71
*** SHOW DOWN ***
tomashovka55: shows [Qc Kd] (a pair of Queens)
Apoliom19: mucks hand 
tomashovka55 collected $3.22 from pot
*** SUMMARY ***
Total pot $3.36 | Rake $0.14 
Board [9h 4d 5s Qd 7s]
Seat 1: Sr ÁviIa (small blind) folded before Flop
Seat 2: Apoliom19 (big blind) mucked [8d 9s]
Seat 3: tomashovka55 showed [Qc Kd] and won ($3.22) with a pair of Queens
Seat 4: EMP7blacksword folded before Flop (didn't bet)
Seat 6: gilvan vha folded before Flop (didn't bet)
Seat 7: YoYoMa944 folded before Flop (didn't bet)
Seat 8: CPS2017 folded before Flop (didn't bet)
Seat 9: Dorex2007 (button) folded before Flop (didn't bet)



PokerStars Hand #238805292385:  Hold'em No Limit ($0.02/$0.05 USD) - 2022/09/22 21:21:50 PT [2022/09/23 0:21:50 ET]
Table 'Aquitania III' 9-max Seat #1 is the button
Seat 1: Sr ÁviIa ($4.93 in chips) 
Seat 2: Apoliom19 ($1.65 in chips) 
Seat 3: tomashovka55 ($6.55 in chips) 
Seat 4: EMP7blacksword ($4.17 in chips) 
Seat 5: nailtonphb123 ($5 in chips) 
Seat 6: gilvan vha ($27.73 in chips) 
Seat 7: YoYoMa944 ($2.82 in chips) 
Seat 8: CPS2017 ($7.33 in chips) 
Seat 9: Dorex2007 ($12.30 in chips) 
Apoliom19: posts small blind $0.02
tomashovka55: posts big blind $0.05
*** HOLE CARDS ***
Dealt to Dorex2007 [7s Qh]
EMP7blacksword: raises $0.05 to $0.10
nailtonphb123: calls $0.10
gilvan vha: folds 
YoYoMa944: raises $0.15 to $0.25
CPS2017: folds 
Dorex2007: folds 
Sr ÁviIa: folds 
Apoliom19: raises $0.15 to $0.40
tomashovka55: folds 
EMP7blacksword: folds 
nailtonphb123: folds 
YoYoMa944: raises $0.25 to $0.65
Apoliom19: calls $0.25
*** FLOP *** [Ks 6d 3h]
Apoliom19: bets $1 and is all-in
YoYoMa944: calls $1
*** TURN *** [Ks 6d 3h] [6h]
*** RIVER *** [Ks 6d 3h 6h] [Qc]
*** SHOW DOWN ***
Apoliom19: shows [6c Jc] (three of a kind, Sixes)
YoYoMa944: shows [As Ah] (two pair, Aces and Sixes)
Apoliom19 collected $3.40 from pot
CPS2017 is disconnected 
*** SUMMARY ***
Total pot $3.55 | Rake $0.15 
Board [Ks 6d 3h 6h Qc]
Seat 1: Sr ÁviIa (button) folded before Flop (didn't bet)
Seat 2: Apoliom19 (small blind) showed [6c Jc] and won ($3.40) with three of a kind, Sixes
Seat 3: tomashovka55 (big blind) folded before Flop
Seat 4: EMP7blacksword folded before Flop
Seat 5: nailtonphb123 folded before Flop
Seat 6: gilvan vha folded before Flop (didn't bet)
Seat 7: YoYoMa944 showed [As Ah] and lost with two pair, Aces and Sixes
Seat 8: CPS2017 folded before Flop (didn't bet)
Seat 9: Dorex2007 folded before Flop (didn't bet)



PokerStars Hand #238805302577:  Hold'em No Limit ($0.02/$0.05 USD) - 2022/09/22 21:23:11 PT [2022/09/23 0:23:11 ET]
Table 'Aquitania III' 9-max Seat #2 is the button
Seat 1: Sr ÁviIa ($4.93 in chips) 
Seat 2: Apoliom19 ($3.40 in chips) 
Seat 3: tomashovka55 ($6.50 in chips) 
Seat 4: EMP7blacksword ($4.07 in chips) 
Seat 5: nailtonphb123 ($4.90 in chips) 
Seat 6: gilvan vha ($27.73 in chips) 
Seat 7: YoYoMa944 ($1.17 in chips) 
Seat 8: CPS2017 ($7.33 in chips) 
Seat 9: Dorex2007 ($12.30 in chips) 
tomashovka55: posts small blind $0.02
EMP7blacksword: posts big blind $0.05
*** HOLE CARDS ***
Dealt to Dorex2007 [As Js]
nailtonphb123: calls $0.05
gilvan vha: folds 
YoYoMa944: folds 
CPS2017 has timed out while disconnected
CPS2017: folds 
Dorex2007: raises $0.10 to $0.15
Sr ÁviIa: folds 
Apoliom19: calls $0.15
tomashovka55: folds 
EMP7blacksword: calls $0.10
nailtonphb123: calls $0.10
*** FLOP *** [Td 7c 8s]
EMP7blacksword: checks 
nailtonphb123: checks 
Dorex2007: checks 
Apoliom19: checks 
*** TURN *** [Td 7c 8s] [Qd]
EMP7blacksword: checks 
nailtonphb123: checks 
Dorex2007: checks 
Apoliom19: bets $0.20
EMP7blacksword: calls $0.20
nailtonphb123: folds 
Dorex2007: calls $0.20
*** RIVER *** [Td 7c 8s Qd] [8h]
EMP7blacksword: bets $0.60
Dorex2007: folds 
Apoliom19: calls $0.60
*** SHOW DOWN ***
EMP7blacksword: shows [9h 8d] (three of a kind, Eights)
Apoliom19: mucks hand 
EMP7blacksword collected $2.32 from pot
*** SUMMARY ***
Total pot $2.42 | Rake $0.10 
Board [Td 7c 8s Qd 8h]
Seat 1: Sr ÁviIa folded before Flop (didn't bet)
Seat 2: Apoliom19 (button) mucked [4d Ts]
Seat 3: tomashovka55 (small blind) folded before Flop
Seat 4: EMP7blacksword (big blind) showed [9h 8d] and won ($2.32) with three of a kind, Eights
Seat 5: nailtonphb123 folded on the Turn
Seat 6: gilvan vha folded before Flop (didn't bet)
Seat 7: YoYoMa944 folded before Flop (didn't bet)
Seat 8: CPS2017 folded before Flop (didn't bet)
Seat 9: Dorex2007 folded on the River



PokerStars Hand #238805312356:  Hold'em No Limit ($0.02/$0.05 USD) - 2022/09/22 21:24:28 PT [2022/09/23 0:24:28 ET]
Table 'Aquitania III' 9-max Seat #3 is the button
Seat 1: Sr ÁviIa ($4.93 in chips) 
Seat 2: Apoliom19 ($2.45 in chips) 
Seat 3: tomashovka55 ($6.48 in chips) 
Seat 4: EMP7blacksword ($5.44 in chips) 
Seat 5: nailtonphb123 ($4.75 in chips) 
Seat 6: gilvan vha ($27.73 in chips) 
Seat 7: YoYoMa944 ($1.17 in chips) 
Seat 9: Dorex2007 ($11.95 in chips) 
EMP7blacksword: posts small blind $0.02
nailtonphb123: posts big blind $0.05
*** HOLE CARDS ***
Dealt to Dorex2007 [2d 6d]
gilvan vha: folds 
YoYoMa944: folds 
Dorex2007: folds 
Sr ÁviIa: folds 
Apoliom19: calls $0.05
tomashovka55: raises $0.17 to $0.22
EMP7blacksword: folds 
nailtonphb123: calls $0.17
Apoliom19: calls $0.17
*** FLOP *** [8h 7s Js]
nailtonphb123: bets $0.10
Apoliom19: calls $0.10
tomashovka55: raises $0.36 to $0.46
nailtonphb123: folds 
Apoliom19: calls $0.36
*** TURN *** [8h 7s Js] [9h]
Apoliom19: bets $1.77 and is all-in
tomashovka55: folds 
Uncalled bet ($1.77) returned to Apoliom19
Apoliom19 collected $1.63 from pot
*** SUMMARY ***
Total pot $1.70 | Rake $0.07 
Board [8h 7s Js 9h]
Seat 1: Sr ÁviIa folded before Flop (didn't bet)
Seat 2: Apoliom19 collected ($1.63)
Seat 3: tomashovka55 (button) folded on the Turn
Seat 4: EMP7blacksword (small blind) folded before Flop
Seat 5: nailtonphb123 (big blind) folded on the Flop
Seat 6: gilvan vha folded before Flop (didn't bet)
Seat 7: YoYoMa944 folded before Flop (didn't bet)
Seat 9: Dorex2007 folded before Flop (didn't bet)



PokerStars Hand #238805324068:  Hold'em No Limit ($0.02/$0.05 USD) - 2022/09/22 21:26:04 PT [2022/09/23 0:26:04 ET]
Table 'Aquitania III' 9-max Seat #4 is the button
Seat 1: Sr ÁviIa ($4.93 in chips) 
Seat 2: Apoliom19 ($3.40 in chips) 
Seat 3: tomashovka55 ($5.80 in chips) 
Seat 4: EMP7blacksword ($5.42 in chips) 
Seat 5: nailtonphb123 ($4.43 in chips) 
Seat 6: gilvan vha ($27.73 in chips) 
Seat 7: YoYoMa944 ($1.17 in chips) 
Seat 8: CPS2017 ($7.33 in chips) 
Seat 9: Dorex2007 ($11.95 in chips) 
nailtonphb123: posts small blind $0.02
gilvan vha: posts big blind $0.05
*** HOLE CARDS ***
Dealt to Dorex2007 [5h Ah]
YoYoMa944: calls $0.05
CPS2017: calls $0.05
Dorex2007: folds 
Sr ÁviIa: folds 
Apoliom19: calls $0.05
tomashovka55: calls $0.05
EMP7blacksword: calls $0.05
nailtonphb123: raises $0.15 to $0.20
gilvan vha: calls $0.15
YoYoMa944: folds 
CPS2017: calls $0.15
Apoliom19: calls $0.15
tomashovka55: calls $0.15
EMP7blacksword: calls $0.15
*** FLOP *** [3h 4d As]
nailtonphb123: bets $0.50
gilvan vha: folds 
CPS2017: raises $6.63 to $7.13 and is all-in
Apoliom19: folds 
tomashovka55: folds 
EMP7blacksword: folds 
nailtonphb123: calls $3.73 and is all-in
Uncalled bet ($2.90) returned to CPS2017
*** TURN *** [3h 4d As] [8h]
*** RIVER *** [3h 4d As 8h] [9c]
*** SHOW DOWN ***
nailtonphb123: shows [Jh Jc] (a pair of Jacks)
CPS2017: shows [3s 3d] (three of a kind, Threes)
CPS2017 cashed out the hand for $8.29 | Cash Out Fee $0.08
*** SUMMARY ***
Total pot $9.71 | Rake $0.40 
Board [3h 4d As 8h 9c]
Seat 1: Sr ÁviIa folded before Flop (didn't bet)
Seat 2: Apoliom19 folded on the Flop
Seat 3: tomashovka55 folded on the Flop
Seat 4: EMP7blacksword (button) folded on the Flop
Seat 5: nailtonphb123 (small blind) showed [Jh Jc] and lost with a pair of Jacks
Seat 6: gilvan vha (big blind) folded on the Flop
Seat 7: YoYoMa944 folded before Flop
Seat 8: CPS2017 showed [3s 3d] and won ($9.31) with three of a kind, Threes (pot not awarded as player cashed out)
Seat 9: Dorex2007 folded before Flop (didn't bet)



PokerStars Hand #238805335794:  Hold'em No Limit ($0.02/$0.05 USD) - 2022/09/22 21:27:40 PT [2022/09/23 0:27:40 ET]
Table 'Aquitania III' 9-max Seat #6 is the button
Seat 1: Sr ÁviIa ($4.93 in chips) 
Seat 2: Apoliom19 ($3.20 in chips) 
Seat 3: tomashovka55 ($5.60 in chips) 
Seat 4: EMP7blacksword ($5.22 in chips) 
Seat 6: gilvan vha ($27.53 in chips) 
Seat 7: YoYoMa944 ($1.12 in chips) 
Seat 8: CPS2017 ($11.19 in chips) 
Seat 9: Dorex2007 ($11.95 in chips) 
YoYoMa944: posts small blind $0.02
CPS2017: posts big blind $0.05
*** HOLE CARDS ***
Dealt to Dorex2007 [Qd 5c]
Dorex2007: folds 
Sr ÁviIa: folds 
Apoliom19: raises $3.15 to $3.20 and is all-in
tomashovka55: folds 
EMP7blacksword: folds 
gilvan vha: folds 
YoYoMa944: calls $1.10 and is all-in
CPS2017: folds 
Uncalled bet ($2.08) returned to Apoliom19
*** FLOP *** [9s 4h Ac]
*** TURN *** [9s 4h Ac] [As]
*** RIVER *** [9s 4h Ac As] [Ks]
*** SHOW DOWN ***
YoYoMa944: shows [Ad 9d] (a full house, Aces full of Nines)
Apoliom19: shows [Kd 3s] (two pair, Aces and Kings)
YoYoMa944 collected $2.19 from pot
*** SUMMARY ***
Total pot $2.29 | Rake $0.10 
Board [9s 4h Ac As Ks]
Seat 1: Sr ÁviIa folded before Flop (didn't bet)
Seat 2: Apoliom19 showed [Kd 3s] and lost with two pair, Aces and Kings
Seat 3: tomashovka55 folded before Flop (didn't bet)
Seat 4: EMP7blacksword folded before Flop (didn't bet)
Seat 6: gilvan vha (button) folded before Flop (didn't bet)
Seat 7: YoYoMa944 (small blind) showed [Ad 9d] and won ($2.19) with a full house, Aces full of Nines
Seat 8: CPS2017 (big blind) folded before Flop
Seat 9: Dorex2007 folded before Flop (didn't bet)



PokerStars Hand #238805342227:  Hold'em No Limit ($0.02/$0.05 USD) - 2022/09/22 21:28:33 PT [2022/09/23 0:28:33 ET]
Table 'Aquitania III' 9-max Seat #7 is the button
Seat 1: Sr ÁviIa ($4.93 in chips) 
Seat 2: Apoliom19 ($2.08 in chips) 
Seat 3: tomashovka55 ($5.60 in chips) 
Seat 4: EMP7blacksword ($5.22 in chips) 
Seat 6: gilvan vha ($27.53 in chips) 
Seat 7: YoYoMa944 ($2.19 in chips) 
Seat 8: CPS2017 ($11.14 in chips) 
Seat 9: Dorex2007 ($11.95 in chips) 
CPS2017: posts small blind $0.02
Dorex2007: posts big blind $0.05
*** HOLE CARDS ***
Dealt to Dorex2007 [5d Ad]
Sr ÁviIa: folds 
Apoliom19: folds 
tomashovka55: folds 
EMP7blacksword: raises $0.07 to $0.12
gilvan vha: folds 
YoYoMa944: folds 
CPS2017: raises $0.22 to $0.34
Dorex2007: folds 
EMP7blacksword: calls $0.22
*** FLOP *** [8d 2s 8h]
CPS2017: bets $1.10
EMP7blacksword: folds 
Uncalled bet ($1.10) returned to CPS2017
CPS2017 collected $0.70 from pot
*** SUMMARY ***
Total pot $0.73 | Rake $0.03 
Board [8d 2s 8h]
Seat 1: Sr ÁviIa folded before Flop (didn't bet)
Seat 2: Apoliom19 folded before Flop (didn't bet)
Seat 3: tomashovka55 folded before Flop (didn't bet)
Seat 4: EMP7blacksword folded on the Flop
Seat 6: gilvan vha folded before Flop (didn't bet)
Seat 7: YoYoMa944 (button) folded before Flop (didn't bet)
Seat 8: CPS2017 (small blind) collected ($0.70)
Seat 9: Dorex2007 (big blind) folded before Flop



PokerStars Hand #238805348401:  Hold'em No Limit ($0.02/$0.05 USD) - 2022/09/22 21:29:25 PT [2022/09/23 0:29:25 ET]
Table 'Aquitania III' 9-max Seat #8 is the button
Seat 1: Sr ÁviIa ($4.93 in chips) 
Seat 2: Apoliom19 ($2.08 in chips) 
Seat 3: tomashovka55 ($5.60 in chips) 
Seat 4: EMP7blacksword ($4.88 in chips) 
Seat 5: nailtonphb123 ($5 in chips) 
Seat 6: gilvan vha ($27.53 in chips) 
Seat 7: YoYoMa944 ($2.19 in chips) 
Seat 8: CPS2017 ($11.50 in chips) 
Seat 9: Dorex2007 ($11.90 in chips) 
Dorex2007: posts small blind $0.02
Sr ÁviIa: posts big blind $0.05
*** HOLE CARDS ***
Dealt to Dorex2007 [Kc 8s]
Apoliom19: raises $2.03 to $2.08 and is all-in
tomashovka55: folds 
EMP7blacksword: folds 
nailtonphb123: folds 
gilvan vha: folds 
YoYoMa944: folds 
CPS2017: folds 
Dorex2007: folds 
Sr ÁviIa: folds 
Uncalled bet ($2.03) returned to Apoliom19
Apoliom19 collected $0.12 from pot
*** SUMMARY ***
Total pot $0.12 | Rake $0 
Seat 1: Sr ÁviIa (big blind) folded before Flop
Seat 2: Apoliom19 collected ($0.12)
Seat 3: tomashovka55 folded before Flop (didn't bet)
Seat 4: EMP7blacksword folded before Flop (didn't bet)
Seat 5: nailtonphb123 folded before Flop (didn't bet)
Seat 6: gilvan vha folded before Flop (didn't bet)
Seat 7: YoYoMa944 folded before Flop (didn't bet)
Seat 8: CPS2017 (button) folded before Flop (didn't bet)
Seat 9: Dorex2007 (small blind) folded before Flop



PokerStars Hand #238805351111:  Hold'em No Limit ($0.02/$0.05 USD) - 2022/09/22 21:29:47 PT [2022/09/23 0:29:47 ET]
Table 'Aquitania III' 9-max Seat #9 is the button
Seat 1: Sr ÁviIa ($4.88 in chips) 
Seat 2: Apoliom19 ($2.15 in chips) 
Seat 3: tomashovka55 ($5.60 in chips) 
Seat 4: EMP7blacksword ($4.88 in chips) 
Seat 5: nailtonphb123 ($5 in chips) 
Seat 6: gilvan vha ($27.53 in chips) 
Seat 7: YoYoMa944 ($2.19 in chips) 
Seat 8: CPS2017 ($11.50 in chips) 
Seat 9: Dorex2007 ($11.88 in chips) 
Sr ÁviIa: posts small blind $0.02
Apoliom19: posts big blind $0.05
*** HOLE CARDS ***
Dealt to Dorex2007 [5d Jc]
tomashovka55: folds 
EMP7blacksword: folds 
nailtonphb123: calls $0.05
gilvan vha: folds 
YoYoMa944: raises $0.10 to $0.15
CPS2017: folds 
Dorex2007: folds 
Sr ÁviIa: folds 
Apoliom19: calls $0.10
nailtonphb123: calls $0.10
*** FLOP *** [4s Kc Jh]
Apoliom19: checks 
nailtonphb123: checks 
YoYoMa944: bets $0.15
Apoliom19: folds 
nailtonphb123: calls $0.15
*** TURN *** [4s Kc Jh] [7s]
nailtonphb123: checks 
YoYoMa944: bets $0.35
nailtonphb123: folds 
Uncalled bet ($0.35) returned to YoYoMa944
YoYoMa944 collected $0.74 from pot
YoYoMa944: doesn't show hand 
*** SUMMARY ***
Total pot $0.77 | Rake $0.03 
Board [4s Kc Jh 7s]
Seat 1: Sr ÁviIa (small blind) folded before Flop
Seat 2: Apoliom19 (big blind) folded on the Flop
Seat 3: tomashovka55 folded before Flop (didn't bet)
Seat 4: EMP7blacksword folded before Flop (didn't bet)
Seat 5: nailtonphb123 folded on the Turn
Seat 6: gilvan vha folded before Flop (didn't bet)
Seat 7: YoYoMa944 collected ($0.74)
Seat 8: CPS2017 folded before Flop (didn't bet)
Seat 9: Dorex2007 (button) folded before Flop (didn't bet)



PokerStars Hand #238805358391:  Hold'em No Limit ($0.02/$0.05 USD) - 2022/09/22 21:30:48 PT [2022/09/23 0:30:48 ET]
Table 'Aquitania III' 9-max Seat #1 is the button
Seat 1: Sr ÁviIa ($4.86 in chips) 
Seat 2: Apoliom19 ($2 in chips) 
Seat 3: tomashovka55 ($5.60 in chips) 
Seat 4: EMP7blacksword ($4.88 in chips) 
Seat 5: nailtonphb123 ($4.70 in chips) 
Seat 6: gilvan vha ($27.53 in chips) 
Seat 7: YoYoMa944 ($2.63 in chips) 
Seat 8: CPS2017 ($11.50 in chips) 
Seat 9: Dorex2007 ($11.88 in chips) 
Apoliom19: posts small blind $0.02
tomashovka55: posts big blind $0.05
*** HOLE CARDS ***
Dealt to Dorex2007 [7s 8s]
EMP7blacksword: folds 
nailtonphb123: calls $0.05
gilvan vha: raises $0.10 to $0.15
YoYoMa944: folds 
CPS2017: folds 
Dorex2007: folds 
Apoliom19 is disconnected 
Sr ÁviIa: raises $0.35 to $0.50
Apoliom19 has timed out while disconnected
Apoliom19: folds 
tomashovka55: folds 
nailtonphb123: folds 
gilvan vha: folds 
Uncalled bet ($0.35) returned to Sr ÁviIa
Sr ÁviIa collected $0.42 from pot
Sr ÁviIa: doesn't show hand 
*** SUMMARY ***
Total pot $0.42 | Rake $0 
Seat 1: Sr ÁviIa (button) collected ($0.42)
Seat 2: Apoliom19 (small blind) folded before Flop
Seat 3: tomashovka55 (big blind) folded before Flop
Seat 4: EMP7blacksword folded before Flop (didn't bet)
Seat 5: nailtonphb123 folded before Flop
Seat 6: gilvan vha folded before Flop
Seat 7: YoYoMa944 folded before Flop (didn't bet)
Seat 8: CPS2017 folded before Flop (didn't bet)
Seat 9: Dorex2007 folded before Flop (didn't bet)



PokerStars Hand #238805366830:  Hold'em No Limit ($0.02/$0.05 USD) - 2022/09/22 21:31:59 PT [2022/09/23 0:31:59 ET]
Table 'Aquitania III' 9-max Seat #3 is the button
Seat 1: Sr ÁviIa ($5.13 in chips) 
Seat 3: tomashovka55 ($5.55 in chips) 
Seat 4: EMP7blacksword ($4.88 in chips) 
Seat 5: nailtonphb123 ($4.65 in chips) 
Seat 6: gilvan vha ($27.38 in chips) 
Seat 7: YoYoMa944 ($2.63 in chips) 
Seat 8: CPS2017 ($11.50 in chips) 
Seat 9: Dorex2007 ($11.88 in chips) 
EMP7blacksword: posts small blind $0.02
nailtonphb123: posts big blind $0.05
*** HOLE CARDS ***
Dealt to Dorex2007 [Ah 7d]
gilvan vha: folds 
YoYoMa944: folds 
CPS2017: folds 
Dorex2007: folds 
Sr ÁviIa: folds 
tomashovka55: folds 
EMP7blacksword: calls $0.03
nailtonphb123: checks 
*** FLOP *** [6d Ts 7c]
EMP7blacksword: bets $0.05
nailtonphb123: calls $0.05
*** TURN *** [6d Ts 7c] [8h]
EMP7blacksword: checks 
nailtonphb123: checks 
*** RIVER *** [6d Ts 7c 8h] [4c]
EMP7blacksword: checks 
nailtonphb123: bets $1.95
EMP7blacksword: folds 
Uncalled bet ($1.95) returned to nailtonphb123
nailtonphb123 collected $0.19 from pot
*** SUMMARY ***
Total pot $0.20 | Rake $0.01 
Board [6d Ts 7c 8h 4c]
Seat 1: Sr ÁviIa folded before Flop (didn't bet)
Seat 3: tomashovka55 (button) folded before Flop (didn't bet)
Seat 4: EMP7blacksword (small blind) folded on the River
Seat 5: nailtonphb123 (big blind) collected ($0.19)
Seat 6: gilvan vha folded before Flop (didn't bet)
Seat 7: YoYoMa944 folded before Flop (didn't bet)
Seat 8: CPS2017 folded before Flop (didn't bet)
Seat 9: Dorex2007 folded before Flop (didn't bet)



PokerStars Hand #238805373547:  Hold'em No Limit ($0.02/$0.05 USD) - 2022/09/22 21:32:55 PT [2022/09/23 0:32:55 ET]
Table 'Aquitania III' 9-max Seat #4 is the button
Seat 1: Sr ÁviIa ($5.13 in chips) 
Seat 3: tomashovka55 ($5.55 in chips) 
Seat 4: EMP7blacksword ($4.78 in chips) 
Seat 5: nailtonphb123 ($4.74 in chips) 
Seat 6: gilvan vha ($27.38 in chips) 
Seat 7: YoYoMa944 ($2.63 in chips) 
Seat 8: CPS2017 ($11.50 in chips) 
Seat 9: Dorex2007 ($11.88 in chips) 
nailtonphb123: posts small blind $0.02
gilvan vha: posts big blind $0.05
*** HOLE CARDS ***
Dealt to Dorex2007 [9h Ks]
YoYoMa944: folds 
CPS2017: folds 
Dorex2007: folds 
Sr ÁviIa: folds 
tomashovka55: folds 
EMP7blacksword: folds 
nailtonphb123: calls $0.03
gilvan vha: raises $0.15 to $0.20
nailtonphb123: calls $0.15
*** FLOP *** [9d 8d 2d]
nailtonphb123: checks 
gilvan vha: bets $0.19
nailtonphb123: calls $0.19
*** TURN *** [9d 8d 2d] [3s]
nailtonphb123: checks 
gilvan vha: bets $0.57
nailtonphb123: calls $0.57
*** RIVER *** [9d 8d 2d 3s] [Jd]
nailtonphb123: checks 
gilvan vha: checks 
*** SHOW DOWN ***
nailtonphb123: shows [Kc Ad] (a flush, Ace high)
gilvan vha: mucks hand 
nailtonphb123 collected $1.84 from pot
*** SUMMARY ***
Total pot $1.92 | Rake $0.08 
Board [9d 8d 2d 3s Jd]
Seat 1: Sr ÁviIa folded before Flop (didn't bet)
Seat 3: tomashovka55 folded before Flop (didn't bet)
Seat 4: EMP7blacksword (button) folded before Flop (didn't bet)
Seat 5: nailtonphb123 (small blind) showed [Kc Ad] and won ($1.84) with a flush, Ace high
Seat 6: gilvan vha (big blind) mucked [Qs Td]
Seat 7: YoYoMa944 folded before Flop (didn't bet)
Seat 8: CPS2017 folded before Flop (didn't bet)
Seat 9: Dorex2007 folded before Flop (didn't bet)



PokerStars Hand #238805381321:  Hold'em No Limit ($0.02/$0.05 USD) - 2022/09/22 21:33:59 PT [2022/09/23 0:33:59 ET]
Table 'Aquitania III' 9-max Seat #5 is the button
Seat 1: Sr ÁviIa ($5.13 in chips) 
Seat 3: tomashovka55 ($5.55 in chips) 
Seat 4: EMP7blacksword ($4.78 in chips) 
Seat 5: nailtonphb123 ($5.62 in chips) 
Seat 6: gilvan vha ($26.42 in chips) 
Seat 7: YoYoMa944 ($2.63 in chips) 
Seat 8: CPS2017 ($11.50 in chips) 
Seat 9: Dorex2007 ($11.88 in chips) 
gilvan vha: posts small blind $0.02
YoYoMa944: posts big blind $0.05
*** HOLE CARDS ***
Dealt to Dorex2007 [Jd 5s]
CPS2017: folds 
Dorex2007: folds 
Sr ÁviIa: folds 
tomashovka55: folds 
EMP7blacksword: raises $0.06 to $0.11
nailtonphb123: calls $0.11
gilvan vha: folds 
YoYoMa944: calls $0.06
*** FLOP *** [9d Qs 2h]
YoYoMa944: checks 
EMP7blacksword: checks 
nailtonphb123: checks 
*** TURN *** [9d Qs 2h] [Qd]
YoYoMa944: bets $0.15
EMP7blacksword: folds 
nailtonphb123: folds 
Uncalled bet ($0.15) returned to YoYoMa944
YoYoMa944 collected $0.34 from pot
YoYoMa944: doesn't show hand 
*** SUMMARY ***
Total pot $0.35 | Rake $0.01 
Board [9d Qs 2h Qd]
Seat 1: Sr ÁviIa folded before Flop (didn't bet)
Seat 3: tomashovka55 folded before Flop (didn't bet)
Seat 4: EMP7blacksword folded on the Turn
Seat 5: nailtonphb123 (button) folded on the Turn
Seat 6: gilvan vha (small blind) folded before Flop
Seat 7: YoYoMa944 (big blind) collected ($0.34)
Seat 8: CPS2017 folded before Flop (didn't bet)
Seat 9: Dorex2007 folded before Flop (didn't bet)



PokerStars Hand #238805385715:  Hold'em No Limit ($0.02/$0.05 USD) - 2022/09/22 21:34:36 PT [2022/09/23 0:34:36 ET]
Table 'Aquitania III' 9-max Seat #6 is the button
Seat 1: Sr ÁviIa ($5.13 in chips) 
Seat 3: tomashovka55 ($5.55 in chips) 
Seat 4: EMP7blacksword ($4.67 in chips) 
Seat 5: nailtonphb123 ($5.51 in chips) 
Seat 6: gilvan vha ($26.40 in chips) 
Seat 7: YoYoMa944 ($2.86 in chips) 
Seat 8: CPS2017 ($11.50 in chips) 
Seat 9: Dorex2007 ($11.88 in chips) 
YoYoMa944: posts small blind $0.02
CPS2017: posts big blind $0.05
*** HOLE CARDS ***
Dealt to Dorex2007 [Kc 9s]
Dorex2007: folds 
Sr ÁviIa: folds 
tomashovka55: folds 
EMP7blacksword: folds 
nailtonphb123: calls $0.05
gilvan vha: raises $0.10 to $0.15
YoYoMa944: folds 
CPS2017: folds 
nailtonphb123: folds 
Uncalled bet ($0.10) returned to gilvan vha
gilvan vha collected $0.17 from pot
*** SUMMARY ***
Total pot $0.17 | Rake $0 
Seat 1: Sr ÁviIa folded before Flop (didn't bet)
Seat 3: tomashovka55 folded before Flop (didn't bet)
Seat 4: EMP7blacksword folded before Flop (didn't bet)
Seat 5: nailtonphb123 folded before Flop
Seat 6: gilvan vha (button) collected ($0.17)
Seat 7: YoYoMa944 (small blind) folded before Flop
Seat 8: CPS2017 (big blind) folded before Flop
Seat 9: Dorex2007 folded before Flop (didn't bet)



PokerStars Hand #238805389117:  Hold'em No Limit ($0.02/$0.05 USD) - 2022/09/22 21:35:04 PT [2022/09/23 0:35:04 ET]
Table 'Aquitania III' 9-max Seat #7 is the button
Seat 1: Sr ÁviIa ($5.13 in chips) 
Seat 3: tomashovka55 ($5.55 in chips) 
Seat 4: EMP7blacksword ($4.67 in chips) 
Seat 5: nailtonphb123 ($5.46 in chips) 
Seat 6: gilvan vha ($26.52 in chips) 
Seat 7: YoYoMa944 ($2.84 in chips) 
Seat 8: CPS2017 ($11.45 in chips) 
Seat 9: Dorex2007 ($11.88 in chips) 
CPS2017: posts small blind $0.02
Dorex2007: posts big blind $0.05
*** HOLE CARDS ***
Dealt to Dorex2007 [Ah Qs]
Sr ÁviIa: raises $0.10 to $0.15
tomashovka55: folds 
EMP7blacksword: folds 
nailtonphb123: calls $0.15
gilvan vha: calls $0.15
YoYoMa944: folds 
CPS2017: calls $0.13
Dorex2007: calls $0.10
*** FLOP *** [7c 5d 8h]
CPS2017: checks 
Dorex2007: checks 
Sr ÁviIa: checks 
nailtonphb123: checks 
gilvan vha: checks 
*** TURN *** [7c 5d 8h] [3h]
CPS2017: checks 
Dorex2007: checks 
Sr ÁviIa: checks 
nailtonphb123: checks 
gilvan vha: checks 
*** RIVER *** [7c 5d 8h 3h] [7h]
CPS2017: checks 
Dorex2007: bets $0.36
Sr ÁviIa: folds 
nailtonphb123: folds 
gilvan vha: folds 
CPS2017: folds 
Uncalled bet ($0.36) returned to Dorex2007
Dorex2007 collected $0.72 from pot
Dorex2007: doesn't show hand 
*** SUMMARY ***
Total pot $0.75 | Rake $0.03 
Board [7c 5d 8h 3h 7h]
Seat 1: Sr ÁviIa folded on the River
Seat 3: tomashovka55 folded before Flop (didn't bet)
Seat 4: EMP7blacksword folded before Flop (didn't bet)
Seat 5: nailtonphb123 folded on the River
Seat 6: gilvan vha folded on the River
Seat 7: YoYoMa944 (button) folded before Flop (didn't bet)
Seat 8: CPS2017 (small blind) folded on the River
Seat 9: Dorex2007 (big blind) collected ($0.72)



PokerStars Hand #238805401242:  Hold'em No Limit ($0.02/$0.05 USD) - 2022/09/22 21:36:47 PT [2022/09/23 0:36:47 ET]
Table 'Aquitania III' 9-max Seat #8 is the button
Seat 1: Sr ÁviIa ($4.98 in chips) 
Seat 3: tomashovka55 ($5.55 in chips) 
Seat 4: EMP7blacksword ($4.67 in chips) 
Seat 5: nailtonphb123 ($5.31 in chips) 
Seat 6: gilvan vha ($26.37 in chips) 
Seat 7: YoYoMa944 ($2.84 in chips) 
Seat 8: CPS2017 ($11.30 in chips) 
Seat 9: Dorex2007 ($12.45 in chips) 
Dorex2007: posts small blind $0.02
Sr ÁviIa: posts big blind $0.05
*** HOLE CARDS ***
Dealt to Dorex2007 [8s 3c]
tomashovka55: folds 
EMP7blacksword: folds 
nailtonphb123: calls $0.05
gilvan vha: folds 
YoYoMa944: calls $0.05
CPS2017: calls $0.05
Dorex2007: folds 
Sr ÁviIa: checks 
*** FLOP *** [5s Ad Qc]
Sr ÁviIa: checks 
nailtonphb123: checks 
YoYoMa944: checks 
CPS2017: checks 
*** TURN *** [5s Ad Qc] [Th]
Sr ÁviIa: checks 
nailtonphb123: checks 
YoYoMa944: bets $0.15
CPS2017: folds 
Sr ÁviIa: folds 
nailtonphb123: folds 
Uncalled bet ($0.15) returned to YoYoMa944
YoYoMa944 collected $0.21 from pot
YoYoMa944: doesn't show hand 
*** SUMMARY ***
Total pot $0.22 | Rake $0.01 
Board [5s Ad Qc Th]
Seat 1: Sr ÁviIa (big blind) folded on the Turn
Seat 3: tomashovka55 folded before Flop (didn't bet)
Seat 4: EMP7blacksword folded before Flop (didn't bet)
Seat 5: nailtonphb123 folded on the Turn
Seat 6: gilvan vha folded before Flop (didn't bet)
Seat 7: YoYoMa944 collected ($0.21)
Seat 8: CPS2017 (button) folded on the Turn
Seat 9: Dorex2007 (small blind) folded before Flop



PokerStars Hand #238805406520:  Hold'em No Limit ($0.02/$0.05 USD) - 2022/09/22 21:37:32 PT [2022/09/23 0:37:32 ET]
Table 'Aquitania III' 9-max Seat #9 is the button
Seat 1: Sr ÁviIa ($4.93 in chips) 
Seat 4: EMP7blacksword ($4.67 in chips) 
Seat 5: nailtonphb123 ($5.26 in chips) 
Seat 6: gilvan vha ($26.37 in chips) 
Seat 7: YoYoMa944 ($3 in chips) 
Seat 8: CPS2017 ($11.25 in chips) 
Seat 9: Dorex2007 ($12.43 in chips) 
Sr ÁviIa: posts small blind $0.02
tomashovka55: is sitting out 
tomashovka55 leaves the table
EMP7blacksword: posts big blind $0.05
*** HOLE CARDS ***
Dealt to Dorex2007 [6c 7h]
nailtonphb123: calls $0.05
gilvan vha: raises $0.15 to $0.20
YoYoMa944: folds 
CPS2017: folds 
K.Yurka joins the table at seat #3 
Dorex2007: folds 
Sr ÁviIa: folds 
EMP7blacksword: calls $0.15
nailtonphb123: calls $0.15
*** FLOP *** [9s 3h 5s]
EMP7blacksword: checks 
nailtonphb123: checks 
gilvan vha: bets $0.20
EMP7blacksword: raises $0.55 to $0.75
nailtonphb123: folds 
gilvan vha: folds 
Uncalled bet ($0.55) returned to EMP7blacksword
EMP7blacksword collected $0.98 from pot
*** SUMMARY ***
Total pot $1.02 | Rake $0.04 
Board [9s 3h 5s]
Seat 1: Sr ÁviIa (small blind) folded before Flop
Seat 4: EMP7blacksword (big blind) collected ($0.98)
Seat 5: nailtonphb123 folded on the Flop
Seat 6: gilvan vha folded on the Flop
Seat 7: YoYoMa944 folded before Flop (didn't bet)
Seat 8: CPS2017 folded before Flop (didn't bet)
Seat 9: Dorex2007 (button) folded before Flop (didn't bet)



PokerStars Hand #238805413132:  Hold'em No Limit ($0.02/$0.05 USD) - 2022/09/22 21:38:29 PT [2022/09/23 0:38:29 ET]
Table 'Aquitania III' 9-max Seat #1 is the button
Seat 1: Sr ÁviIa ($4.91 in chips) 
Seat 4: EMP7blacksword ($5.25 in chips) 
Seat 5: nailtonphb123 ($5.06 in chips) 
Seat 6: gilvan vha ($25.97 in chips) 
Seat 7: YoYoMa944 ($3 in chips) 
Seat 8: CPS2017 ($11.25 in chips) 
Seat 9: Dorex2007 ($12.43 in chips) 
EMP7blacksword: posts small blind $0.02
nailtonphb123: posts big blind $0.05
*** HOLE CARDS ***
Dealt to Dorex2007 [Kd 7h]
gilvan vha: folds 
YoYoMa944: raises $0.10 to $0.15
CPS2017: raises $0.30 to $0.45
Dorex2007: folds 
Sr ÁviIa: folds 
EMP7blacksword: calls $0.43
nailtonphb123: folds 
YoYoMa944: folds 
*** FLOP *** [Ad 4h Jh]
EMP7blacksword: checks 
CPS2017: bets $6.85
EMP7blacksword: folds 
Uncalled bet ($6.85) returned to CPS2017
CPS2017 collected $1.05 from pot
*** SUMMARY ***
Total pot $1.10 | Rake $0.05 
Board [Ad 4h Jh]
Seat 1: Sr ÁviIa (button) folded before Flop (didn't bet)
Seat 4: EMP7blacksword (small blind) folded on the Flop
Seat 5: nailtonphb123 (big blind) folded before Flop
Seat 6: gilvan vha folded before Flop (didn't bet)
Seat 7: YoYoMa944 folded before Flop
Seat 8: CPS2017 collected ($1.05)
Seat 9: Dorex2007 folded before Flop (didn't bet)



PokerStars Hand #238805420620:  Hold'em No Limit ($0.02/$0.05 USD) - 2022/09/22 21:39:33 PT [2022/09/23 0:39:33 ET]
Table 'Aquitania III' 9-max Seat #4 is the button
Seat 1: Sr ÁviIa ($4.91 in chips) 
Seat 4: EMP7blacksword ($4.80 in chips) 
Seat 5: nailtonphb123 ($5.01 in chips) 
Seat 6: gilvan vha ($25.97 in chips) 
Seat 7: YoYoMa944 ($2.85 in chips) 
Seat 8: CPS2017 ($11.85 in chips) 
Seat 9: Dorex2007 ($12.43 in chips) 
nailtonphb123: posts small blind $0.02
gilvan vha: posts big blind $0.05
K.Yurka: sits out 
*** HOLE CARDS ***
Dealt to Dorex2007 [7d 6c]
YoYoMa944: calls $0.05
CPS2017: folds 
Dorex2007: folds 
Sr ÁviIa: raises $0.05 to $0.10
EMP7blacksword: folds 
nailtonphb123: calls $0.08
gilvan vha: calls $0.05
YoYoMa944: calls $0.05
*** FLOP *** [Kc Qd 7s]
nailtonphb123: bets $0.20
gilvan vha: calls $0.20
YoYoMa944: folds 
Sr ÁviIa: folds 
*** TURN *** [Kc Qd 7s] [Jc]
nailtonphb123: checks 
gilvan vha: bets $0.59
nailtonphb123: calls $0.59
*** RIVER *** [Kc Qd 7s Jc] [6d]
nailtonphb123: bets $3.05
gilvan vha: folds 
Uncalled bet ($3.05) returned to nailtonphb123
nailtonphb123 collected $1.90 from pot
*** SUMMARY ***
Total pot $1.98 | Rake $0.08 
Board [Kc Qd 7s Jc 6d]
Seat 1: Sr ÁviIa folded on the Flop
Seat 4: EMP7blacksword (button) folded before Flop (didn't bet)
Seat 5: nailtonphb123 (small blind) collected ($1.90)
Seat 6: gilvan vha (big blind) folded on the River
Seat 7: YoYoMa944 folded on the Flop
Seat 8: CPS2017 folded before Flop (didn't bet)
Seat 9: Dorex2007 folded before Flop (didn't bet)



PokerStars Hand #238805430748:  Hold'em No Limit ($0.02/$0.05 USD) - 2022/09/22 21:41:00 PT [2022/09/23 0:41:00 ET]
Table 'Aquitania III' 9-max Seat #5 is the button
Seat 1: Sr ÁviIa ($4.81 in chips) 
Seat 4: EMP7blacksword ($4.80 in chips) 
Seat 5: nailtonphb123 ($6.02 in chips) 
Seat 6: gilvan vha ($25.08 in chips) 
Seat 7: YoYoMa944 ($2.75 in chips) 
Seat 8: CPS2017 ($11.85 in chips) 
Seat 9: Dorex2007 ($12.43 in chips) 
gilvan vha: posts small blind $0.02
YoYoMa944: posts big blind $0.05
K.Yurka: sits out 
*** HOLE CARDS ***
Dealt to Dorex2007 [6h 8d]
CPS2017: calls $0.05
Dorex2007: folds 
Sr ÁviIa: folds 
EMP7blacksword: raises $0.15 to $0.20
nailtonphb123: calls $0.20
gilvan vha: calls $0.18
YoYoMa944: folds 
CPS2017: calls $0.15
*** FLOP *** [2h 3d 2c]
gilvan vha: checks 
CPS2017: checks 
EMP7blacksword: bets $0.30
nailtonphb123: folds 
Apoliom19 leaves the table
gilvan vha: calls $0.30
CPS2017: folds 
*** TURN *** [2h 3d 2c] [5s]
gilvan vha: checks 
EMP7blacksword: checks 
*** RIVER *** [2h 3d 2c 5s] [6d]
gilvan vha: bets $1.06
EMP7blacksword: folds 
Uncalled bet ($1.06) returned to gilvan vha
gilvan vha collected $1.39 from pot
*** SUMMARY ***
Total pot $1.45 | Rake $0.06 
Board [2h 3d 2c 5s 6d]
Seat 1: Sr ÁviIa folded before Flop (didn't bet)
Seat 4: EMP7blacksword folded on the River
Seat 5: nailtonphb123 (button) folded on the Flop
Seat 6: gilvan vha (small blind) collected ($1.39)
Seat 7: YoYoMa944 (big blind) folded before Flop
Seat 8: CPS2017 folded on the Flop
Seat 9: Dorex2007 folded before Flop (didn't bet)



PokerStars Hand #238805439708:  Hold'em No Limit ($0.02/$0.05 USD) - 2022/09/22 21:42:16 PT [2022/09/23 0:42:16 ET]
Table 'Aquitania III' 9-max Seat #6 is the button
Seat 1: Sr ÁviIa ($4.81 in chips) 
Seat 4: EMP7blacksword ($4.30 in chips) 
Seat 5: nailtonphb123 ($5.82 in chips) 
Seat 6: gilvan vha ($25.97 in chips) 
Seat 7: YoYoMa944 ($2.70 in chips) 
Seat 8: CPS2017 ($11.65 in chips) 
Seat 9: Dorex2007 ($12.43 in chips) 
YoYoMa944: posts small blind $0.02
CPS2017: posts big blind $0.05
K.Yurka: sits out 
*** HOLE CARDS ***
Dealt to Dorex2007 [3c 9d]
Dorex2007: folds 
Sr ÁviIa: raises $0.05 to $0.10
EMP7blacksword: calls $0.10
nailtonphb123: calls $0.10
gilvan vha: folds 
YoYoMa944: folds 
CPS2017: calls $0.05
*** FLOP *** [3h 7h Kh]
CPS2017: checks 
Sr ÁviIa: bets $0.15
EMP7blacksword: calls $0.15
nailtonphb123: calls $0.15
CPS2017: folds 
*** TURN *** [3h 7h Kh] [Ac]
Sr ÁviIa: checks 
EMP7blacksword: checks 
nailtonphb123: checks 
*** RIVER *** [3h 7h Kh Ac] [5h]
Sr ÁviIa: checks 
EMP7blacksword: checks 
nailtonphb123: bets $0.55
Sr ÁviIa: folds 
EMP7blacksword: folds 
Uncalled bet ($0.55) returned to nailtonphb123
nailtonphb123 collected $0.83 from pot
*** SUMMARY ***
Total pot $0.87 | Rake $0.04 
Board [3h 7h Kh Ac 5h]
Seat 1: Sr ÁviIa folded on the River
Seat 4: EMP7blacksword folded on the River
Seat 5: nailtonphb123 collected ($0.83)
Seat 6: gilvan vha (button) folded before Flop (didn't bet)
Seat 7: YoYoMa944 (small blind) folded before Flop
Seat 8: CPS2017 (big blind) folded on the Flop
Seat 9: Dorex2007 folded before Flop (didn't bet)



PokerStars Hand #238805451772:  Hold'em No Limit ($0.02/$0.05 USD) - 2022/09/22 21:44:00 PT [2022/09/23 0:44:00 ET]
Table 'Aquitania III' 9-max Seat #7 is the button
Seat 1: Sr ÁviIa ($4.56 in chips) 
Seat 4: EMP7blacksword ($4.05 in chips) 
Seat 5: nailtonphb123 ($6.40 in chips) 
Seat 6: gilvan vha ($25.97 in chips) 
Seat 7: YoYoMa944 ($2.68 in chips) 
Seat 8: CPS2017 ($11.55 in chips) 
Seat 9: Dorex2007 ($12.43 in chips) 
CPS2017: posts small blind $0.02
Dorex2007: posts big blind $0.05
K.Yurka: sits out 
*** HOLE CARDS ***
Dealt to Dorex2007 [9s 6c]
Superimmi joins the table at seat #2 
Sr ÁviIa: folds 
EMP7blacksword: raises $0.05 to $0.10
nailtonphb123: calls $0.10
gilvan vha: calls $0.10
YoYoMa944: calls $0.10
CPS2017: folds 
Dorex2007: folds 
*** FLOP *** [2h 5s Tc]
EMP7blacksword: checks 
nailtonphb123: checks 
gilvan vha: bets $0.23
YoYoMa944: folds 
EMP7blacksword: folds 
nailtonphb123: folds 
Uncalled bet ($0.23) returned to gilvan vha
gilvan vha collected $0.45 from pot
*** SUMMARY ***
Total pot $0.47 | Rake $0.02 
Board [2h 5s Tc]
Seat 1: Sr ÁviIa folded before Flop (didn't bet)
Seat 4: EMP7blacksword folded on the Flop
Seat 5: nailtonphb123 folded on the Flop
Seat 6: gilvan vha collected ($0.45)
Seat 7: YoYoMa944 (button) folded on the Flop
Seat 8: CPS2017 (small blind) folded before Flop
Seat 9: Dorex2007 (big blind) folded before Flop



PokerStars Hand #238805457872:  Hold'em No Limit ($0.02/$0.05 USD) - 2022/09/22 21:44:51 PT [2022/09/23 0:44:51 ET]
Table 'Aquitania III' 9-max Seat #8 is the button
Seat 1: Sr ÁviIa ($4.56 in chips) 
Seat 2: Superimmi ($5 in chips) 
Seat 4: EMP7blacksword ($5 in chips) 
Seat 5: nailtonphb123 ($6.30 in chips) 
Seat 6: gilvan vha ($26.32 in chips) 
Seat 7: YoYoMa944 ($2.58 in chips) 
Seat 8: CPS2017 ($11.53 in chips) 
Seat 9: Dorex2007 ($12.38 in chips) 
Dorex2007: posts small blind $0.02
Sr ÁviIa: posts big blind $0.05
Superimmi: posts big blind $0.05
K.Yurka: sits out 
*** HOLE CARDS ***
Dealt to Dorex2007 [Ac 4s]
Superimmi: checks 
EMP7blacksword: folds 
nailtonphb123: calls $0.05
gilvan vha: folds 
YoYoMa944: raises $0.15 to $0.20
CPS2017: folds 
Dorex2007: folds 
Sr ÁviIa: folds 
Superimmi: folds 
nailtonphb123: calls $0.15
*** FLOP *** [Qh Js 5s]
nailtonphb123: checks 
YoYoMa944: bets $0.30
nailtonphb123: calls $0.30
*** TURN *** [Qh Js 5s] [9c]
nailtonphb123: bets $0.30
YoYoMa944: calls $0.30
*** RIVER *** [Qh Js 5s 9c] [6s]
nailtonphb123: bets $0.60
YoYoMa944: folds 
Uncalled bet ($0.60) returned to nailtonphb123
nailtonphb123 collected $1.65 from pot
*** SUMMARY ***
Total pot $1.72 | Rake $0.07 
Board [Qh Js 5s 9c 6s]
Seat 1: Sr ÁviIa (big blind) folded before Flop
Seat 2: Superimmi folded before Flop (didn't bet)
Seat 4: EMP7blacksword folded before Flop (didn't bet)
Seat 5: nailtonphb123 collected ($1.65)
Seat 6: gilvan vha folded before Flop (didn't bet)
Seat 7: YoYoMa944 folded on the River
Seat 8: CPS2017 (button) folded before Flop (didn't bet)
Seat 9: Dorex2007 (small blind) folded before Flop



PokerStars Hand #238805466554:  Hold'em No Limit ($0.02/$0.05 USD) - 2022/09/22 21:46:06 PT [2022/09/23 0:46:06 ET]
Table 'Aquitania III' 9-max Seat #9 is the button
Seat 1: Sr ÁviIa ($4.51 in chips) 
Seat 2: Superimmi ($4.95 in chips) 
Seat 4: EMP7blacksword ($5 in chips) 
Seat 5: nailtonphb123 ($7.15 in chips) 
Seat 6: gilvan vha ($26.32 in chips) 
Seat 7: YoYoMa944 ($1.78 in chips) 
Seat 8: CPS2017 ($11.53 in chips) 
Seat 9: Dorex2007 ($12.36 in chips) 
Sr ÁviIa: posts small blind $0.02
Superimmi: posts big blind $0.05
K.Yurka: sits out 
*** HOLE CARDS ***
Dealt to Dorex2007 [6h 8d]
EMP7blacksword: raises $0.07 to $0.12
nailtonphb123: calls $0.12
gilvan vha: calls $0.12
YoYoMa944: raises $1.66 to $1.78 and is all-in
CPS2017: folds 
Dorex2007: folds 
Sr ÁviIa: folds 
Superimmi: folds 
EMP7blacksword: folds 
nailtonphb123: folds 
gilvan vha: folds 
Uncalled bet ($1.66) returned to YoYoMa944
YoYoMa944 collected $0.55 from pot
YoYoMa944: doesn't show hand 
*** SUMMARY ***
Total pot $0.55 | Rake $0 
Seat 1: Sr ÁviIa (small blind) folded before Flop
Seat 2: Superimmi (big blind) folded before Flop
Seat 4: EMP7blacksword folded before Flop
Seat 5: nailtonphb123 folded before Flop
Seat 6: gilvan vha folded before Flop
Seat 7: YoYoMa944 collected ($0.55)
Seat 8: CPS2017 folded before Flop (didn't bet)
Seat 9: Dorex2007 (button) folded before Flop (didn't bet)



PokerStars Hand #238805471740:  Hold'em No Limit ($0.02/$0.05 USD) - 2022/09/22 21:46:50 PT [2022/09/23 0:46:50 ET]
Table 'Aquitania III' 9-max Seat #1 is the button
Seat 1: Sr ÁviIa ($4.49 in chips) 
Seat 4: EMP7blacksword ($4.88 in chips) 
Seat 5: nailtonphb123 ($7.03 in chips) 
Seat 6: gilvan vha ($26.20 in chips) 
Seat 7: YoYoMa944 ($2.21 in chips) 
Seat 8: CPS2017 ($11.53 in chips) 
Seat 9: Dorex2007 ($12.36 in chips) 
Superimmi has timed out
Superimmi: is sitting out 
EMP7blacksword: posts small blind $0.02
nailtonphb123: posts big blind $0.05
*** HOLE CARDS ***
Dealt to Dorex2007 [6h 3s]
Superimmi is disconnected 
gilvan vha: folds 
YoYoMa944: folds 
CPS2017: folds 
Dorex2007: folds 
Sr ÁviIa: folds 
EMP7blacksword: raises $0.10 to $0.15
nailtonphb123: calls $0.10
*** FLOP *** [Jc 7d As]
EMP7blacksword: checks 
nailtonphb123: bets $0.20
EMP7blacksword: calls $0.20
*** TURN *** [Jc 7d As] [Ad]
EMP7blacksword: checks 
nailtonphb123: bets $0.30
EMP7blacksword: folds 
Uncalled bet ($0.30) returned to nailtonphb123
nailtonphb123 collected $0.67 from pot
*** SUMMARY ***
Total pot $0.70 | Rake $0.03 
Board [Jc 7d As Ad]
Seat 1: Sr ÁviIa (button) folded before Flop (didn't bet)
Seat 4: EMP7blacksword (small blind) folded on the Turn
Seat 5: nailtonphb123 (big blind) collected ($0.67)
Seat 6: gilvan vha folded before Flop (didn't bet)
Seat 7: YoYoMa944 folded before Flop (didn't bet)
Seat 8: CPS2017 folded before Flop (didn't bet)
Seat 9: Dorex2007 folded before Flop (didn't bet)



PokerStars Hand #238805478323:  Hold'em No Limit ($0.02/$0.05 USD) - 2022/09/22 21:47:47 PT [2022/09/23 0:47:47 ET]
Table 'Aquitania III' 9-max Seat #4 is the button
Seat 1: Sr ÁviIa ($4.49 in chips) 
Seat 4: EMP7blacksword ($4.53 in chips) 
Seat 5: nailtonphb123 ($7.35 in chips) 
Seat 6: gilvan vha ($26.20 in chips) 
Seat 7: YoYoMa944 ($2.21 in chips) 
Seat 8: CPS2017 ($11.53 in chips) 
Seat 9: Dorex2007 ($12.36 in chips) 
nailtonphb123: posts small blind $0.02
gilvan vha: posts big blind $0.05
K.Yurka: sits out 
*** HOLE CARDS ***
Dealt to Dorex2007 [Ts 4h]
YoYoMa944: raises $0.10 to $0.15
CPS2017: calls $0.15
Dorex2007: folds 
Sr ÁviIa: folds 
EMP7blacksword: calls $0.15
nailtonphb123: calls $0.13
gilvan vha: calls $0.10
*** FLOP *** [6d Tc Jh]
nailtonphb123: bets $0.40
gilvan vha: folds 
YoYoMa944: folds 
CPS2017: raises $0.50 to $0.90
EMP7blacksword: folds 
nailtonphb123: calls $0.50
*** TURN *** [6d Tc Jh] [8d]
nailtonphb123: bets $0.30
CPS2017: calls $0.30
*** RIVER *** [6d Tc Jh 8d] [3d]
nailtonphb123: bets $0.50
CPS2017: calls $0.50
*** SHOW DOWN ***
nailtonphb123: shows [Qh Qc] (a pair of Queens)
CPS2017: shows [6s 6c] (three of a kind, Sixes)
CPS2017 collected $3.98 from pot
*** SUMMARY ***
Total pot $4.15 | Rake $0.17 
Board [6d Tc Jh 8d 3d]
Seat 1: Sr ÁviIa folded before Flop (didn't bet)
Seat 4: EMP7blacksword (button) folded on the Flop
Seat 5: nailtonphb123 (small blind) showed [Qh Qc] and lost with a pair of Queens
Seat 6: gilvan vha (big blind) folded on the Flop
Seat 7: YoYoMa944 folded on the Flop
Seat 8: CPS2017 showed [6s 6c] and won ($3.98) with three of a kind, Sixes
Seat 9: Dorex2007 folded before Flop (didn't bet)



PokerStars Hand #238805486567:  Hold'em No Limit ($0.02/$0.05 USD) - 2022/09/22 21:48:58 PT [2022/09/23 0:48:58 ET]
Table 'Aquitania III' 9-max Seat #5 is the button
Seat 1: Sr ÁviIa ($4.49 in chips) 
Seat 2: Superimmi ($4.90 in chips) 
Seat 4: EMP7blacksword ($4.38 in chips) 
Seat 5: nailtonphb123 ($5.50 in chips) 
Seat 6: gilvan vha ($26.05 in chips) 
Seat 7: YoYoMa944 ($2.06 in chips) 
Seat 8: CPS2017 ($13.66 in chips) 
Seat 9: Dorex2007 ($12.36 in chips) 
gilvan vha: posts small blind $0.02
YoYoMa944: posts big blind $0.05
Superimmi: posts small blind $0.02
K.Yurka: sits out 
*** HOLE CARDS ***
Dealt to Dorex2007 [Jd Ah]
CPS2017: folds 
Dorex2007: calls $0.05
Sr ÁviIa: folds 
Superimmi: raises $0.15 to $0.20
EMP7blacksword: raises $0.30 to $0.50
nailtonphb123: calls $0.50
gilvan vha: folds 
YoYoMa944: folds 
Dorex2007: folds 
Superimmi: calls $0.30
*** FLOP *** [Qh 7s 5d]
Superimmi: checks 
EMP7blacksword: checks 
nailtonphb123: checks 
*** TURN *** [Qh 7s 5d] [Jh]
Superimmi: checks 
EMP7blacksword: checks 
nailtonphb123: bets $0.50
Superimmi: folds 
EMP7blacksword: folds 
Uncalled bet ($0.50) returned to nailtonphb123
nailtonphb123 collected $1.57 from pot
*** SUMMARY ***
Total pot $1.64 | Rake $0.07 
Board [Qh 7s 5d Jh]
Seat 1: Sr ÁviIa folded before Flop (didn't bet)
Seat 2: Superimmi folded on the Turn
Seat 4: EMP7blacksword folded on the Turn
Seat 5: nailtonphb123 (button) collected ($1.57)
Seat 6: gilvan vha (small blind) folded before Flop
Seat 7: YoYoMa944 (big blind) folded before Flop
Seat 8: CPS2017 folded before Flop (didn't bet)
Seat 9: Dorex2007 folded before Flop



PokerStars Hand #238805496647:  Hold'em No Limit ($0.02/$0.05 USD) - 2022/09/22 21:50:25 PT [2022/09/23 0:50:25 ET]
Table 'Aquitania III' 9-max Seat #6 is the button
Seat 1: Sr ÁviIa ($4.49 in chips) 
Seat 2: Superimmi ($4.38 in chips) 
Seat 4: EMP7blacksword ($3.88 in chips) 
Seat 5: nailtonphb123 ($6.57 in chips) 
Seat 6: gilvan vha ($26.03 in chips) 
Seat 7: YoYoMa944 ($2.01 in chips) 
Seat 8: CPS2017 ($13.66 in chips) 
Seat 9: Dorex2007 ($12.31 in chips) 
YoYoMa944: posts small blind $0.02
CPS2017: posts big blind $0.05
K.Yurka: sits out 
*** HOLE CARDS ***
Dealt to Dorex2007 [Jc 8d]
Dorex2007: folds 
Sr ÁviIa: folds 
Superimmi: folds 
EMP7blacksword: folds 
nailtonphb123: calls $0.05
gilvan vha: folds 
YoYoMa944: calls $0.03
CPS2017: checks 
*** FLOP *** [Ad 4s 8s]
YoYoMa944: checks 
CPS2017: checks 
nailtonphb123: checks 
*** TURN *** [Ad 4s 8s] [5d]
YoYoMa944: checks 
CPS2017: bets $0.10
nailtonphb123: calls $0.10
YoYoMa944: folds 
*** RIVER *** [Ad 4s 8s 5d] [Td]
CPS2017: bets $0.15
nailtonphb123: folds 
Uncalled bet ($0.15) returned to CPS2017
CPS2017 collected $0.34 from pot
*** SUMMARY ***
Total pot $0.35 | Rake $0.01 
Board [Ad 4s 8s 5d Td]
Seat 1: Sr ÁviIa folded before Flop (didn't bet)
Seat 2: Superimmi folded before Flop (didn't bet)
Seat 4: EMP7blacksword folded before Flop (didn't bet)
Seat 5: nailtonphb123 folded on the River
Seat 6: gilvan vha (button) folded before Flop (didn't bet)
Seat 7: YoYoMa944 (small blind) folded on the Turn
Seat 8: CPS2017 (big blind) collected ($0.34)
Seat 9: Dorex2007 folded before Flop (didn't bet)



PokerStars Hand #238805505495:  Hold'em No Limit ($0.02/$0.05 USD) - 2022/09/22 21:51:42 PT [2022/09/23 0:51:42 ET]
Table 'Aquitania III' 9-max Seat #7 is the button
Seat 1: Sr ÁviIa ($4.49 in chips) 
Seat 2: Superimmi ($4.38 in chips) 
Seat 4: EMP7blacksword ($3.88 in chips) 
Seat 5: nailtonphb123 ($6.42 in chips) 
Seat 6: gilvan vha ($26.03 in chips) 
Seat 7: YoYoMa944 ($1.96 in chips) 
Seat 8: CPS2017 ($13.85 in chips) 
Seat 9: Dorex2007 ($12.31 in chips) 
CPS2017: posts small blind $0.02
Dorex2007: posts big blind $0.05
K.Yurka: sits out 
*** HOLE CARDS ***
Dealt to Dorex2007 [3c 5d]
Sr ÁviIa: folds 
Superimmi: raises $0.10 to $0.15
EMP7blacksword: folds 
nailtonphb123: calls $0.15
gilvan vha: folds 
YoYoMa944: calls $0.15
CPS2017: folds 
Dorex2007: folds 
*** FLOP *** [Kc 9h Tc]
Superimmi: checks 
nailtonphb123: checks 
YoYoMa944: checks 
*** TURN *** [Kc 9h Tc] [Jd]
Superimmi: bets $0.30
nailtonphb123: folds 
YoYoMa944: folds 
Uncalled bet ($0.30) returned to Superimmi
Superimmi collected $0.50 from pot
*** SUMMARY ***
Total pot $0.52 | Rake $0.02 
Board [Kc 9h Tc Jd]
Seat 1: Sr ÁviIa folded before Flop (didn't bet)
Seat 2: Superimmi collected ($0.50)
Seat 4: EMP7blacksword folded before Flop (didn't bet)
Seat 5: nailtonphb123 folded on the Turn
Seat 6: gilvan vha folded before Flop (didn't bet)
Seat 7: YoYoMa944 (button) folded on the Turn
Seat 8: CPS2017 (small blind) folded before Flop
Seat 9: Dorex2007 (big blind) folded before Flop



PokerStars Hand #238805511323:  Hold'em No Limit ($0.02/$0.05 USD) - 2022/09/22 21:52:32 PT [2022/09/23 0:52:32 ET]
Table 'Aquitania III' 9-max Seat #8 is the button
Seat 1: Sr ÁviIa ($4.49 in chips) 
Seat 2: Superimmi ($4.73 in chips) 
Seat 4: EMP7blacksword ($5 in chips) 
Seat 5: nailtonphb123 ($6.27 in chips) 
Seat 6: gilvan vha ($26.03 in chips) 
Seat 7: YoYoMa944 ($1.81 in chips) 
Seat 8: CPS2017 ($13.83 in chips) 
Seat 9: Dorex2007 ($12.26 in chips) 
Dorex2007: posts small blind $0.02
Sr ÁviIa: posts big blind $0.05
K.Yurka: sits out 
*** HOLE CARDS ***
Dealt to Dorex2007 [6d Jh]
Superimmi: folds 
EMP7blacksword: folds 
nailtonphb123: calls $0.05
gilvan vha: raises $0.15 to $0.20
YoYoMa944: folds 
CPS2017: folds 
Dorex2007: folds 
Sr ÁviIa: calls $0.15
nailtonphb123: calls $0.15
*** FLOP *** [Js 4d 6c]
Sr ÁviIa: checks 
nailtonphb123: checks 
gilvan vha: bets $0.30
Sr ÁviIa: folds 
nailtonphb123: folds 
Uncalled bet ($0.30) returned to gilvan vha
gilvan vha collected $0.59 from pot
*** SUMMARY ***
Total pot $0.62 | Rake $0.03 
Board [Js 4d 6c]
Seat 1: Sr ÁviIa (big blind) folded on the Flop
Seat 2: Superimmi folded before Flop (didn't bet)
Seat 4: EMP7blacksword folded before Flop (didn't bet)
Seat 5: nailtonphb123 folded on the Flop
Seat 6: gilvan vha collected ($0.59)
Seat 7: YoYoMa944 folded before Flop (didn't bet)
Seat 8: CPS2017 (button) folded before Flop (didn't bet)
Seat 9: Dorex2007 (small blind) folded before Flop



PokerStars Hand #238805516224:  Hold'em No Limit ($0.02/$0.05 USD) - 2022/09/22 21:53:15 PT [2022/09/23 0:53:15 ET]
Table 'Aquitania III' 9-max Seat #9 is the button
Seat 1: Sr ÁviIa ($4.29 in chips) 
Seat 2: Superimmi ($4.73 in chips) 
Seat 4: EMP7blacksword ($5 in chips) 
Seat 5: nailtonphb123 ($6.07 in chips) 
Seat 6: gilvan vha ($26.42 in chips) 
Seat 7: YoYoMa944 ($1.81 in chips) 
Seat 8: CPS2017 ($13.83 in chips) 
Seat 9: Dorex2007 ($12.24 in chips) 
Sr ÁviIa: posts small blind $0.02
Superimmi: posts big blind $0.05
K.Yurka: sits out 
*** HOLE CARDS ***
Dealt to Dorex2007 [3d Ts]
EMP7blacksword: folds 
nailtonphb123: calls $0.05
gilvan vha: folds 
YoYoMa944: calls $0.05
CPS2017: folds 
Dorex2007: folds 
Sr ÁviIa: raises $0.20 to $0.25
Superimmi: folds 
nailtonphb123: calls $0.20
YoYoMa944: calls $0.20
*** FLOP *** [8s Qh 8h]
Sr ÁviIa: bets $0.50
nailtonphb123: folds 
YoYoMa944: calls $0.50
*** TURN *** [8s Qh 8h] [5h]
Sr ÁviIa: bets $1.75
YoYoMa944: calls $1.06 and is all-in
Uncalled bet ($0.69) returned to Sr ÁviIa
*** RIVER *** [8s Qh 8h 5h] [5c]
*** SHOW DOWN ***
Sr ÁviIa: shows [Ac Qs] (two pair, Queens and Eights)
YoYoMa944: shows [8c 7d] (a full house, Eights full of Fives)
YoYoMa944 collected $3.76 from pot
*** SUMMARY ***
Total pot $3.92 | Rake $0.16 
Board [8s Qh 8h 5h 5c]
Seat 1: Sr ÁviIa (small blind) showed [Ac Qs] and lost with two pair, Queens and Eights
Seat 2: Superimmi (big blind) folded before Flop
Seat 4: EMP7blacksword folded before Flop (didn't bet)
Seat 5: nailtonphb123 folded on the Flop
Seat 6: gilvan vha folded before Flop (didn't bet)
Seat 7: YoYoMa944 showed [8c 7d] and won ($3.76) with a full house, Eights full of Fives
Seat 8: CPS2017 folded before Flop (didn't bet)
Seat 9: Dorex2007 (button) folded before Flop (didn't bet)



PokerStars Hand #238805523305:  Hold'em No Limit ($0.02/$0.05 USD) - 2022/09/22 21:54:16 PT [2022/09/23 0:54:16 ET]
Table 'Aquitania III' 9-max Seat #1 is the button
Seat 1: Sr ÁviIa ($2.48 in chips) 
Seat 2: Superimmi ($4.68 in chips) 
Seat 3: K.Yurka ($5 in chips) 
Seat 4: EMP7blacksword ($5 in chips) 
Seat 5: nailtonphb123 ($5.82 in chips) 
Seat 6: gilvan vha ($26.42 in chips) 
Seat 7: YoYoMa944 ($3.76 in chips) 
Seat 8: CPS2017 ($13.83 in chips) 
Seat 9: Dorex2007 ($12.24 in chips) 
Superimmi: posts small blind $0.02
K.Yurka: posts big blind $0.05
*** HOLE CARDS ***
Dealt to Dorex2007 [5h 2d]
EMP7blacksword: folds 
nailtonphb123: calls $0.05
gilvan vha: folds 
YoYoMa944: folds 
CPS2017: raises $0.10 to $0.15
Dorex2007: folds 
Sr ÁviIa: folds 
Superimmi: folds 
K.Yurka: folds 
nailtonphb123: calls $0.10
*** FLOP *** [8h 4d Js]
nailtonphb123: bets $0.20
CPS2017: folds 
Uncalled bet ($0.20) returned to nailtonphb123
nailtonphb123 collected $0.35 from pot
*** SUMMARY ***
Total pot $0.37 | Rake $0.02 
Board [8h 4d Js]
Seat 1: Sr ÁviIa (button) folded before Flop (didn't bet)
Seat 2: Superimmi (small blind) folded before Flop
Seat 3: K.Yurka (big blind) folded before Flop
Seat 4: EMP7blacksword folded before Flop (didn't bet)
Seat 5: nailtonphb123 collected ($0.35)
Seat 6: gilvan vha folded before Flop (didn't bet)
Seat 7: YoYoMa944 folded before Flop (didn't bet)
Seat 8: CPS2017 folded on the Flop
Seat 9: Dorex2007 folded before Flop (didn't bet)



PokerStars Hand #238805527921:  Hold'em No Limit ($0.02/$0.05 USD) - 2022/09/22 21:54:57 PT [2022/09/23 0:54:57 ET]
Table 'Aquitania III' 9-max Seat #2 is the button
Seat 1: Sr ÁviIa ($4.48 in chips) 
Seat 2: Superimmi ($4.66 in chips) 
Seat 3: K.Yurka ($5 in chips) 
Seat 4: EMP7blacksword ($5 in chips) 
Seat 5: nailtonphb123 ($6.02 in chips) 
Seat 6: gilvan vha ($26.42 in chips) 
Seat 7: YoYoMa944 ($3.76 in chips) 
Seat 8: CPS2017 ($13.68 in chips) 
Seat 9: Dorex2007 ($12.24 in chips) 
K.Yurka: posts small blind $0.02
EMP7blacksword: posts big blind $0.05
*** HOLE CARDS ***
Dealt to Dorex2007 [9d 6h]
nailtonphb123: raises $0.05 to $0.10
gilvan vha: folds 
YoYoMa944: calls $0.10
CPS2017: calls $0.10
Dorex2007: folds 
Sr ÁviIa: calls $0.10
Superimmi: calls $0.10
K.Yurka: folds 
EMP7blacksword: calls $0.05
*** FLOP *** [Tc 2h 6s]
EMP7blacksword: checks 
nailtonphb123: checks 
YoYoMa944: checks 
CPS2017: bets $0.85
Sr ÁviIa: folds 
Superimmi: folds 
EMP7blacksword: folds 
nailtonphb123: folds 
YoYoMa944: folds 
Uncalled bet ($0.85) returned to CPS2017
CPS2017 collected $0.59 from pot
*** SUMMARY ***
Total pot $0.62 | Rake $0.03 
Board [Tc 2h 6s]
Seat 1: Sr ÁviIa folded on the Flop
Seat 2: Superimmi (button) folded on the Flop
Seat 3: K.Yurka (small blind) folded before Flop
Seat 4: EMP7blacksword (big blind) folded on the Flop
Seat 5: nailtonphb123 folded on the Flop
Seat 6: gilvan vha folded before Flop (didn't bet)
Seat 7: YoYoMa944 folded on the Flop
Seat 8: CPS2017 collected ($0.59)
Seat 9: Dorex2007 folded before Flop (didn't bet)



