PokerStars Hand #237938588820:  Hold'em No Limit ($0.01/$0.02 USD) - 2022/08/11 21:15:00 PT [2022/08/12 0:15:00 ET]
Table 'Eduarda II' 9-max Seat #7 is the button
Seat 1: JKLMsypalky ($2.05 in chips) 
Seat 2: figueira301 ($0.67 in chips) 
Seat 3: Kidmono ($0.73 in chips) 
Seat 5: Dorex2007 ($2 in chips) 
Seat 6: campaxl ($1.12 in chips) 
Seat 7: riverfox888 ($1.90 in chips) 
Seat 9: CestLavie95 ($2.35 in chips) 
CestLavie95: posts small blind $0.01
JKLMsypalky: posts big blind $0.02
Dorex2007: posts big blind $0.02
*** HOLE CARDS ***
Dealt to Dorex2007 [Js 4s]
figueira301: calls $0.02
grimpop_87 joins the table at seat #8 
Kidmono: calls $0.02
Dorex2007: checks 
campaxl: calls $0.02
riverfox888: folds 
CestLavie95: raises $0.04 to $0.06
JKLMsypalky: raises $0.04 to $0.10
figueira301: folds 
tommyjack04 joins the table at seat #4 
Kidmono: folds 
Dorex2007: folds 
campaxl: calls $0.08
CestLavie95: calls $0.04
*** FLOP *** [Kh 3s 3c]
CestLavie95: checks 
JKLMsypalky: bets $0.17
campaxl: raises $0.85 to $1.02 and is all-in
CestLavie95: folds 
JKLMsypalky: calls $0.85
*** TURN *** [Kh 3s 3c] [Qs]
*** RIVER *** [Kh 3s 3c Qs] [8h]
*** SHOW DOWN ***
JKLMsypalky: shows [Kc Ah] (two pair, Kings and Threes)
campaxl: shows [4c 4h] (two pair, Fours and Threes)
JKLMsypalky collected $2.32 from pot
*** SUMMARY ***
Total pot $2.40 | Rake $0.08 
Board [Kh 3s 3c Qs 8h]
Seat 1: JKLMsypalky (big blind) showed [Kc Ah] and won ($2.32) with two pair, Kings and Threes
Seat 2: figueira301 folded before Flop
Seat 3: Kidmono folded before Flop
Seat 5: Dorex2007 folded before Flop (didn't bet)
Seat 6: campaxl showed [4c 4h] and lost with two pair, Fours and Threes
Seat 7: riverfox888 (button) folded before Flop (didn't bet)
Seat 9: CestLavie95 (small blind) folded on the Flop



PokerStars Hand #237938602040:  Hold'em No Limit ($0.01/$0.02 USD) - 2022/08/11 21:16:42 PT [2022/08/12 0:16:42 ET]
Table 'Eduarda II' 9-max Seat #9 is the button
Seat 1: JKLMsypalky ($3.25 in chips) 
Seat 2: figueira301 ($0.65 in chips) 
Seat 3: Kidmono ($0.71 in chips) 
Seat 5: Dorex2007 ($2 in chips) 
Seat 7: riverfox888 ($1.90 in chips) 
Seat 9: CestLavie95 ($2.25 in chips) 
JKLMsypalky: posts small blind $0.01
figueira301: posts big blind $0.02
tommyjack04: sits out 
grimpop_87: sits out 
*** HOLE CARDS ***
Dealt to Dorex2007 [Qh Kd]
Kidmono: folds 
Dorex2007: raises $0.04 to $0.06
campaxl is disconnected 
riverfox888: folds 
CestLavie95: folds 
JKLMsypalky: folds 
figueira301: calls $0.04
*** FLOP *** [7c 6d Qd]
figueira301: checks 
Dorex2007: bets $0.13
figueira301: calls $0.13
*** TURN *** [7c 6d Qd] [8c]
figueira301: checks 
Dorex2007: bets $0.46
figueira301: calls $0.46 and is all-in
*** RIVER *** [7c 6d Qd 8c] [Ad]
*** SHOW DOWN ***
figueira301: shows [Ac Qs] (two pair, Aces and Queens)
Dorex2007: shows [Qh Kd] (a pair of Queens)
figueira301 collected $1.26 from pot
*** SUMMARY ***
Total pot $1.31 | Rake $0.05 
Board [7c 6d Qd 8c Ad]
Seat 1: JKLMsypalky (small blind) folded before Flop
Seat 2: figueira301 (big blind) showed [Ac Qs] and won ($1.26) with two pair, Aces and Queens
Seat 3: Kidmono folded before Flop (didn't bet)
Seat 5: Dorex2007 showed [Qh Kd] and lost with a pair of Queens
Seat 7: riverfox888 folded before Flop (didn't bet)
Seat 9: CestLavie95 (button) folded before Flop (didn't bet)



PokerStars Hand #237938610468:  Hold'em No Limit ($0.01/$0.02 USD) - 2022/08/11 21:17:48 PT [2022/08/12 0:17:48 ET]
Table 'Eduarda II' 9-max Seat #1 is the button
Seat 1: JKLMsypalky ($3.24 in chips) 
Seat 2: figueira301 ($1.26 in chips) 
Seat 3: Kidmono ($0.71 in chips) 
Seat 5: Dorex2007 ($2 in chips) 
Seat 7: riverfox888 ($1.90 in chips) 
Seat 9: CestLavie95 ($2.25 in chips) 
figueira301: posts small blind $0.01
Kidmono: posts big blind $0.02
tommyjack04: sits out 
grimpop_87: sits out 
*** HOLE CARDS ***
Dealt to Dorex2007 [Kh 7d]
Dorex2007: folds 
riverfox888: folds 
CestLavie95: raises $0.04 to $0.06
JKLMsypalky: folds 
figueira301: folds 
Kidmono: folds 
Uncalled bet ($0.04) returned to CestLavie95
CestLavie95 collected $0.05 from pot
CestLavie95: doesn't show hand 
*** SUMMARY ***
Total pot $0.05 | Rake $0 
Seat 1: JKLMsypalky (button) folded before Flop (didn't bet)
Seat 2: figueira301 (small blind) folded before Flop
Seat 3: Kidmono (big blind) folded before Flop
Seat 5: Dorex2007 folded before Flop (didn't bet)
Seat 7: riverfox888 folded before Flop (didn't bet)
Seat 9: CestLavie95 collected ($0.05)



PokerStars Hand #237938615658:  Hold'em No Limit ($0.01/$0.02 USD) - 2022/08/11 21:18:29 PT [2022/08/12 0:18:29 ET]
Table 'Eduarda II' 9-max Seat #2 is the button
Seat 1: JKLMsypalky ($3.24 in chips) 
Seat 2: figueira301 ($1.25 in chips) 
Seat 3: Kidmono ($0.69 in chips) 
Seat 4: tommyjack04 ($2 in chips) 
Seat 5: Dorex2007 ($2 in chips) 
Seat 7: riverfox888 ($1.90 in chips) 
Seat 9: CestLavie95 ($2.28 in chips) 
Kidmono: posts small blind $0.01
tommyjack04: posts big blind $0.02
grimpop_87: sits out 
*** HOLE CARDS ***
Dealt to Dorex2007 [9c 8c]
Dorex2007: folds 
riverfox888: folds 
CestLavie95: folds 
JKLMsypalky: folds 
figueira301: raises $0.04 to $0.06
Kidmono: folds 
tommyjack04: folds 
Uncalled bet ($0.04) returned to figueira301
figueira301 collected $0.05 from pot
figueira301: doesn't show hand 
*** SUMMARY ***
Total pot $0.05 | Rake $0 
Seat 1: JKLMsypalky folded before Flop (didn't bet)
Seat 2: figueira301 (button) collected ($0.05)
Seat 3: Kidmono (small blind) folded before Flop
Seat 4: tommyjack04 (big blind) folded before Flop
Seat 5: Dorex2007 folded before Flop (didn't bet)
Seat 7: riverfox888 folded before Flop (didn't bet)
Seat 9: CestLavie95 folded before Flop (didn't bet)



PokerStars Hand #237938620650:  Hold'em No Limit ($0.01/$0.02 USD) - 2022/08/11 21:19:08 PT [2022/08/12 0:19:08 ET]
Table 'Eduarda II' 9-max Seat #3 is the button
Seat 1: JKLMsypalky ($3.24 in chips) 
Seat 2: figueira301 ($1.28 in chips) 
Seat 3: Kidmono ($0.68 in chips) 
Seat 4: tommyjack04 ($1.98 in chips) 
Seat 5: Dorex2007 ($2 in chips) 
Seat 7: riverfox888 ($1.90 in chips) 
Seat 9: CestLavie95 ($2.28 in chips) 
tommyjack04: posts small blind $0.01
Dorex2007: posts big blind $0.02
grimpop_87: sits out 
*** HOLE CARDS ***
Dealt to Dorex2007 [Jh Th]
riverfox888: raises $0.04 to $0.06
CestLavie95: folds 
JKLMsypalky: folds 
figueira301: folds 
Kidmono: folds 
tommyjack04: folds 
Dorex2007: calls $0.04
*** FLOP *** [4d Qh 6s]
Dorex2007: checks 
riverfox888: bets $0.06
Dorex2007: calls $0.06
*** TURN *** [4d Qh 6s] [3c]
Dorex2007: checks 
riverfox888: checks 
*** RIVER *** [4d Qh 6s 3c] [Kh]
grimpop_87 leaves the table
Dorex2007: bets $0.12
riverfox888: calls $0.12
*** SHOW DOWN ***
Dorex2007: shows [Jh Th] (high card King)
riverfox888: shows [Ks Jd] (a pair of Kings)
riverfox888 collected $0.47 from pot
*** SUMMARY ***
Total pot $0.49 | Rake $0.02 
Board [4d Qh 6s 3c Kh]
Seat 1: JKLMsypalky folded before Flop (didn't bet)
Seat 2: figueira301 folded before Flop (didn't bet)
Seat 3: Kidmono (button) folded before Flop (didn't bet)
Seat 4: tommyjack04 (small blind) folded before Flop
Seat 5: Dorex2007 (big blind) showed [Jh Th] and lost with high card King
Seat 7: riverfox888 showed [Ks Jd] and won ($0.47) with a pair of Kings
Seat 9: CestLavie95 folded before Flop (didn't bet)



PokerStars Hand #237938628219:  Hold'em No Limit ($0.01/$0.02 USD) - 2022/08/11 21:20:06 PT [2022/08/12 0:20:06 ET]
Table 'Eduarda II' 9-max Seat #4 is the button
Seat 1: JKLMsypalky ($3.24 in chips) 
Seat 2: figueira301 ($1.28 in chips) 
Seat 3: Kidmono ($0.68 in chips) 
Seat 4: tommyjack04 ($1.97 in chips) 
Seat 5: Dorex2007 ($2 in chips) 
Seat 7: riverfox888 ($2.13 in chips) 
Seat 9: CestLavie95 ($2.28 in chips) 
Dorex2007: posts small blind $0.01
riverfox888: posts big blind $0.02
*** HOLE CARDS ***
Dealt to Dorex2007 [Ts 4d]
CestLavie95: folds 
JKLMsypalky: folds 
figueira301: raises $0.03 to $0.05
Kidmono: raises $0.63 to $0.68 and is all-in
tommyjack04: folds 
Dorex2007: folds 
riverfox888: folds 
figueira301: folds 
Uncalled bet ($0.63) returned to Kidmono
Kidmono collected $0.13 from pot
Kidmono: doesn't show hand 
*** SUMMARY ***
Total pot $0.13 | Rake $0 
Seat 1: JKLMsypalky folded before Flop (didn't bet)
Seat 2: figueira301 folded before Flop
Seat 3: Kidmono collected ($0.13)
Seat 4: tommyjack04 (button) folded before Flop (didn't bet)
Seat 5: Dorex2007 (small blind) folded before Flop
Seat 7: riverfox888 (big blind) folded before Flop
Seat 9: CestLavie95 folded before Flop (didn't bet)



PokerStars Hand #237938633562:  Hold'em No Limit ($0.01/$0.02 USD) - 2022/08/11 21:20:48 PT [2022/08/12 0:20:48 ET]
Table 'Eduarda II' 9-max Seat #5 is the button
Seat 1: JKLMsypalky ($3.24 in chips) 
Seat 2: figueira301 ($1.23 in chips) 
Seat 3: Kidmono ($0.76 in chips) 
Seat 4: tommyjack04 ($1.97 in chips) 
Seat 5: Dorex2007 ($2 in chips) 
Seat 7: riverfox888 ($2.11 in chips) 
Seat 9: CestLavie95 ($2.28 in chips) 
riverfox888: posts small blind $0.01
CestLavie95: posts big blind $0.02
*** HOLE CARDS ***
Dealt to Dorex2007 [9c 7d]
JKLMsypalky: folds 
figueira301: folds 
Kidmono: folds 
tommyjack04: folds 
Dorex2007: raises $0.04 to $0.06
riverfox888: folds 
CestLavie95: folds 
Uncalled bet ($0.04) returned to Dorex2007
Dorex2007 collected $0.05 from pot
Dorex2007: doesn't show hand 
*** SUMMARY ***
Total pot $0.05 | Rake $0 
Seat 1: JKLMsypalky folded before Flop (didn't bet)
Seat 2: figueira301 folded before Flop (didn't bet)
Seat 3: Kidmono folded before Flop (didn't bet)
Seat 4: tommyjack04 folded before Flop (didn't bet)
Seat 5: Dorex2007 (button) collected ($0.05)
Seat 7: riverfox888 (small blind) folded before Flop
Seat 9: CestLavie95 (big blind) folded before Flop



PokerStars Hand #237938636841:  Hold'em No Limit ($0.01/$0.02 USD) - 2022/08/11 21:21:14 PT [2022/08/12 0:21:14 ET]
Table 'Eduarda II' 9-max Seat #7 is the button
Seat 1: JKLMsypalky ($3.24 in chips) 
Seat 2: figueira301 ($1.23 in chips) 
Seat 3: Kidmono ($0.76 in chips) 
Seat 4: tommyjack04 ($1.97 in chips) 
Seat 5: Dorex2007 ($2.03 in chips) 
Seat 7: riverfox888 ($2.10 in chips) 
Seat 9: CestLavie95 ($2.26 in chips) 
CestLavie95: posts small blind $0.01
JKLMsypalky: posts big blind $0.02
*** HOLE CARDS ***
Dealt to Dorex2007 [Kd 4h]
figueira301: calls $0.02
moitzigu joins the table at seat #8 
Kidmono: calls $0.02
tommyjack04: folds 
Dorex2007: folds 
riverfox888: folds 
CestLavie95: folds 
JKLMsypalky: checks 
*** FLOP *** [9s 3s 3c]
JKLMsypalky: checks 
figueira301: checks 
Kidmono: checks 
*** TURN *** [9s 3s 3c] [4c]
JKLMsypalky: checks 
figueira301: checks 
Kidmono: checks 
*** RIVER *** [9s 3s 3c 4c] [Th]
JKLMsypalky: checks 
figueira301: bets $0.02
Kidmono: folds 
JKLMsypalky: folds 
Uncalled bet ($0.02) returned to figueira301
figueira301 collected $0.07 from pot
figueira301: doesn't show hand 
*** SUMMARY ***
Total pot $0.07 | Rake $0 
Board [9s 3s 3c 4c Th]
Seat 1: JKLMsypalky (big blind) folded on the River
Seat 2: figueira301 collected ($0.07)
Seat 3: Kidmono folded on the River
Seat 4: tommyjack04 folded before Flop (didn't bet)
Seat 5: Dorex2007 folded before Flop (didn't bet)
Seat 7: riverfox888 (button) folded before Flop (didn't bet)
Seat 9: CestLavie95 (small blind) folded before Flop



PokerStars Hand #237938648794:  Hold'em No Limit ($0.01/$0.02 USD) - 2022/08/11 21:22:47 PT [2022/08/12 0:22:47 ET]
Table 'Eduarda II' 9-max Seat #9 is the button
Seat 1: JKLMsypalky ($3.22 in chips) 
Seat 2: figueira301 ($1.28 in chips) 
Seat 3: Kidmono ($0.74 in chips) 
Seat 4: tommyjack04 ($1.97 in chips) 
Seat 5: Dorex2007 ($2.03 in chips) 
Seat 7: riverfox888 ($2.10 in chips) 
Seat 8: moitzigu ($2 in chips) 
Seat 9: CestLavie95 ($2.25 in chips) 
JKLMsypalky: posts small blind $0.01
figueira301: posts big blind $0.02
moitzigu: posts big blind $0.02
*** HOLE CARDS ***
Dealt to Dorex2007 [Qs 7d]
Kidmono: folds 
tommyjack04: calls $0.02
Dorex2007: folds 
riverfox888: raises $0.09 to $0.11
moitzigu: folds 
CestLavie95: folds 
JKLMsypalky: folds 
figueira301: folds 
tommyjack04: calls $0.09
*** FLOP *** [Ad 7c 8c]
tommyjack04: checks 
riverfox888: bets $0.13
tommyjack04: calls $0.13
*** TURN *** [Ad 7c 8c] [Kh]
tommyjack04: checks 
riverfox888: bets $0.25
tommyjack04: calls $0.25
*** RIVER *** [Ad 7c 8c Kh] [9d]
tommyjack04: checks 
riverfox888: bets $0.49
tommyjack04: raises $0.99 to $1.48 and is all-in
riverfox888: folds 
Uncalled bet ($0.99) returned to tommyjack04
tommyjack04 collected $1.92 from pot
tommyjack04: doesn't show hand 
*** SUMMARY ***
Total pot $2.01 | Rake $0.09 
Board [Ad 7c 8c Kh 9d]
Seat 1: JKLMsypalky (small blind) folded before Flop
Seat 2: figueira301 (big blind) folded before Flop
Seat 3: Kidmono folded before Flop (didn't bet)
Seat 4: tommyjack04 collected ($1.92)
Seat 5: Dorex2007 folded before Flop (didn't bet)
Seat 7: riverfox888 folded on the River
Seat 8: moitzigu folded before Flop (didn't bet)
Seat 9: CestLavie95 (button) folded before Flop (didn't bet)



PokerStars Hand #237938671341:  Hold'em No Limit ($0.01/$0.02 USD) - 2022/08/11 21:24:28 PT [2022/08/12 0:24:28 ET]
Table 'Eduarda II' 9-max Seat #1 is the button
Seat 1: JKLMsypalky ($3.21 in chips) 
Seat 2: figueira301 ($1.26 in chips) 
Seat 3: Kidmono ($0.74 in chips) 
Seat 4: tommyjack04 ($2.91 in chips) 
Seat 5: Dorex2007 ($2.03 in chips) 
Seat 7: riverfox888 ($1.12 in chips) 
Seat 8: moitzigu ($2 in chips) 
Seat 9: CestLavie95 ($2.25 in chips) 
figueira301: posts small blind $0.01
Kidmono: posts big blind $0.02
*** HOLE CARDS ***
Dealt to Dorex2007 [9h 7d]
tommyjack04: calls $0.02
Dorex2007: folds 
riverfox888: folds 
moitzigu: folds 
CestLavie95: raises $0.04 to $0.06
JKLMsypalky: calls $0.06
figueira301: calls $0.05
Kidmono: folds 
tommyjack04: calls $0.04
*** FLOP *** [Ad 7h 7s]
figueira301: checks 
tommyjack04: checks 
CestLavie95: checks 
JKLMsypalky: bets $0.12
figueira301: calls $0.12
tommyjack04: folds 
CestLavie95: calls $0.12
*** TURN *** [Ad 7h 7s] [3s]
figueira301: checks 
CestLavie95: checks 
JKLMsypalky: bets $0.30
figueira301: calls $0.30
CestLavie95: raises $1.77 to $2.07 and is all-in
JKLMsypalky: folds 
moitzigu leaves the table
figueira301: calls $0.78 and is all-in
Uncalled bet ($0.99) returned to CestLavie95
*** RIVER *** [Ad 7h 7s 3s] [2h]
*** SHOW DOWN ***
figueira301: shows [Ah 4h] (two pair, Aces and Sevens)
CestLavie95: shows [9s As] (two pair, Aces and Sevens - Nine kicker)
CestLavie95 collected $2.97 from pot
*** SUMMARY ***
Total pot $3.08 | Rake $0.11 
Board [Ad 7h 7s 3s 2h]
Seat 1: JKLMsypalky (button) folded on the Turn
Seat 2: figueira301 (small blind) showed [Ah 4h] and lost with two pair, Aces and Sevens
Seat 3: Kidmono (big blind) folded before Flop
Seat 4: tommyjack04 folded on the Flop
Seat 5: Dorex2007 folded before Flop (didn't bet)
Seat 7: riverfox888 folded before Flop (didn't bet)
Seat 8: moitzigu folded before Flop (didn't bet)
Seat 9: CestLavie95 showed [9s As] and won ($2.97) with two pair, Aces and Sevens



PokerStars Hand #237938693694:  Hold'em No Limit ($0.01/$0.02 USD) - 2022/08/11 21:26:26 PT [2022/08/12 0:26:26 ET]
Table 'Eduarda II' 9-max Seat #3 is the button
Seat 1: JKLMsypalky ($2.73 in chips) 
Seat 3: Kidmono ($0.72 in chips) 
Seat 4: tommyjack04 ($2.85 in chips) 
Seat 5: Dorex2007 ($2.03 in chips) 
Seat 7: riverfox888 ($1.12 in chips) 
Seat 9: CestLavie95 ($3.96 in chips) 
tommyjack04: posts small blind $0.01
Dorex2007: posts big blind $0.02
*** HOLE CARDS ***
Dealt to Dorex2007 [2h Qh]
riverfox888: raises $0.06 to $0.08
CestLavie95: folds 
JKLMsypalky: raises $0.19 to $0.27
Kidmono: folds 
tommyjack04: folds 
Dorex2007: folds 
campaxl leaves the table
riverfox888: calls $0.19
*** FLOP *** [5c 6c Tc]
riverfox888: checks 
JKLMsypalky: bets $0.27
riverfox888: folds 
Uncalled bet ($0.27) returned to JKLMsypalky
JKLMsypalky collected $0.55 from pot
Ginnungagap7 joins the table at seat #6 
*** SUMMARY ***
Total pot $0.57 | Rake $0.02 
Board [5c 6c Tc]
Seat 1: JKLMsypalky collected ($0.55)
Seat 3: Kidmono (button) folded before Flop (didn't bet)
Seat 4: tommyjack04 (small blind) folded before Flop
Seat 5: Dorex2007 (big blind) folded before Flop
Seat 7: riverfox888 folded on the Flop
Seat 9: CestLavie95 folded before Flop (didn't bet)



PokerStars Hand #237938698939:  Hold'em No Limit ($0.01/$0.02 USD) - 2022/08/11 21:27:07 PT [2022/08/12 0:27:07 ET]
Table 'Eduarda II' 9-max Seat #4 is the button
Seat 1: JKLMsypalky ($3.01 in chips) 
Seat 2: figueira301 ($2 in chips) 
Seat 3: Kidmono ($0.72 in chips) 
Seat 4: tommyjack04 ($2.84 in chips) 
Seat 5: Dorex2007 ($2.01 in chips) 
Seat 6: Ginnungagap7 ($0.80 in chips) 
Seat 7: riverfox888 ($1.73 in chips) 
Seat 9: CestLavie95 ($3.96 in chips) 
Dorex2007: posts small blind $0.01
Ginnungagap7: posts big blind $0.02
*** HOLE CARDS ***
Dealt to Dorex2007 [9s Ts]
riverfox888: folds 
astroREIptk joins the table at seat #8 
CestLavie95: raises $0.02 to $0.04
JKLMsypalky: folds 
figueira301: folds 
Kidmono: folds 
tommyjack04: folds 
Dorex2007: calls $0.03
Ginnungagap7: folds 
*** FLOP *** [8h Jc 7s]
Dorex2007: bets $0.10
CestLavie95: raises $0.13 to $0.23
Dorex2007: raises $0.56 to $0.79
CestLavie95: folds 
Uncalled bet ($0.56) returned to Dorex2007
Dorex2007 collected $0.54 from pot
Dorex2007: doesn't show hand 
*** SUMMARY ***
Total pot $0.56 | Rake $0.02 
Board [8h Jc 7s]
Seat 1: JKLMsypalky folded before Flop (didn't bet)
Seat 2: figueira301 folded before Flop (didn't bet)
Seat 3: Kidmono folded before Flop (didn't bet)
Seat 4: tommyjack04 (button) folded before Flop (didn't bet)
Seat 5: Dorex2007 (small blind) collected ($0.54)
Seat 6: Ginnungagap7 (big blind) folded before Flop
Seat 7: riverfox888 folded before Flop (didn't bet)
Seat 9: CestLavie95 folded on the Flop



PokerStars Hand #237938705763:  Hold'em No Limit ($0.01/$0.02 USD) - 2022/08/11 21:28:02 PT [2022/08/12 0:28:02 ET]
Table 'Eduarda II' 9-max Seat #5 is the button
Seat 1: JKLMsypalky ($3.01 in chips) 
Seat 2: figueira301 ($2 in chips) 
Seat 3: Kidmono ($0.72 in chips) 
Seat 4: tommyjack04 ($2.84 in chips) 
Seat 5: Dorex2007 ($2.28 in chips) 
Seat 6: Ginnungagap7 ($0.78 in chips) 
Seat 7: riverfox888 ($1.73 in chips) 
Seat 8: astroREIptk ($0.80 in chips) 
Seat 9: CestLavie95 ($3.69 in chips) 
Ginnungagap7: posts small blind $0.01
riverfox888: posts big blind $0.02
astroREIptk: posts big blind $0.02
*** HOLE CARDS ***
Dealt to Dorex2007 [4s 3d]
astroREIptk: raises $0.02 to $0.04
CestLavie95: folds 
JKLMsypalky: folds 
figueira301: folds 
Kidmono: folds 
tommyjack04: folds 
Dorex2007: folds 
Ginnungagap7: folds 
riverfox888: folds 
Uncalled bet ($0.02) returned to astroREIptk
astroREIptk collected $0.05 from pot
*** SUMMARY ***
Total pot $0.05 | Rake $0 
Seat 1: JKLMsypalky folded before Flop (didn't bet)
Seat 2: figueira301 folded before Flop (didn't bet)
Seat 3: Kidmono folded before Flop (didn't bet)
Seat 4: tommyjack04 folded before Flop (didn't bet)
Seat 5: Dorex2007 (button) folded before Flop (didn't bet)
Seat 6: Ginnungagap7 (small blind) folded before Flop
Seat 7: riverfox888 (big blind) folded before Flop
Seat 8: astroREIptk collected ($0.05)
Seat 9: CestLavie95 folded before Flop (didn't bet)



PokerStars Hand #237938708868:  Hold'em No Limit ($0.01/$0.02 USD) - 2022/08/11 21:28:26 PT [2022/08/12 0:28:26 ET]
Table 'Eduarda II' 9-max Seat #6 is the button
Seat 1: JKLMsypalky ($3.01 in chips) 
Seat 2: figueira301 ($2 in chips) 
Seat 3: Kidmono ($0.72 in chips) 
Seat 4: tommyjack04 ($2.84 in chips) 
Seat 5: Dorex2007 ($2.28 in chips) 
Seat 6: Ginnungagap7 ($0.77 in chips) 
Seat 7: riverfox888 ($1.71 in chips) 
Seat 8: astroREIptk ($0.83 in chips) 
Seat 9: CestLavie95 ($3.69 in chips) 
riverfox888: posts small blind $0.01
astroREIptk: posts big blind $0.02
*** HOLE CARDS ***
Dealt to Dorex2007 [Js 6s]
CestLavie95: folds 
JKLMsypalky: folds 
figueira301: folds 
Kidmono: folds 
tommyjack04: folds 
Dorex2007: folds 
Ginnungagap7: raises $0.04 to $0.06
riverfox888: folds 
astroREIptk: calls $0.04
*** FLOP *** [6d 8s Kh]
astroREIptk: bets $0.13
Ginnungagap7: calls $0.13
*** TURN *** [6d 8s Kh] [Qh]
astroREIptk: bets $0.64 and is all-in
Ginnungagap7: calls $0.58 and is all-in
Uncalled bet ($0.06) returned to astroREIptk
*** RIVER *** [6d 8s Kh Qh] [7s]
*** SHOW DOWN ***
astroREIptk: shows [Kd Th] (a pair of Kings)
Ginnungagap7: shows [Ks 9s] (a pair of Kings - lower kicker)
astroREIptk collected $1.50 from pot
*** SUMMARY ***
Total pot $1.55 | Rake $0.05 
Board [6d 8s Kh Qh 7s]
Seat 1: JKLMsypalky folded before Flop (didn't bet)
Seat 2: figueira301 folded before Flop (didn't bet)
Seat 3: Kidmono folded before Flop (didn't bet)
Seat 4: tommyjack04 folded before Flop (didn't bet)
Seat 5: Dorex2007 folded before Flop (didn't bet)
Seat 6: Ginnungagap7 (button) showed [Ks 9s] and lost with a pair of Kings
Seat 7: riverfox888 (small blind) folded before Flop
Seat 8: astroREIptk (big blind) showed [Kd Th] and won ($1.50) with a pair of Kings
Seat 9: CestLavie95 folded before Flop (didn't bet)



PokerStars Hand #237938716276:  Hold'em No Limit ($0.01/$0.02 USD) - 2022/08/11 21:29:25 PT [2022/08/12 0:29:25 ET]
Table 'Eduarda II' 9-max Seat #7 is the button
Seat 1: JKLMsypalky ($3.01 in chips) 
Seat 2: figueira301 ($2 in chips) 
Seat 3: Kidmono ($0.72 in chips) 
Seat 4: tommyjack04 ($2.84 in chips) 
Seat 5: Dorex2007 ($2.28 in chips) 
Seat 6: Ginnungagap7 ($0.80 in chips) 
Seat 7: riverfox888 ($1.70 in chips) 
Seat 8: astroREIptk ($1.56 in chips) 
Seat 9: CestLavie95 ($3.69 in chips) 
astroREIptk: posts small blind $0.01
CestLavie95: posts big blind $0.02
*** HOLE CARDS ***
Dealt to Dorex2007 [4d 5d]
JKLMsypalky: folds 
figueira301: raises $0.03 to $0.05
Kidmono: folds 
tommyjack04: folds 
Dorex2007: folds 
Ginnungagap7: folds 
riverfox888: folds 
astroREIptk: folds 
CestLavie95: folds [3d 2d]
Uncalled bet ($0.03) returned to figueira301
figueira301 collected $0.05 from pot
figueira301: doesn't show hand 
*** SUMMARY ***
Total pot $0.05 | Rake $0 
Seat 1: JKLMsypalky folded before Flop (didn't bet)
Seat 2: figueira301 collected ($0.05)
Seat 3: Kidmono folded before Flop (didn't bet)
Seat 4: tommyjack04 folded before Flop (didn't bet)
Seat 5: Dorex2007 folded before Flop (didn't bet)
Seat 6: Ginnungagap7 folded before Flop (didn't bet)
Seat 7: riverfox888 (button) folded before Flop (didn't bet)
Seat 8: astroREIptk (small blind) folded before Flop
Seat 9: CestLavie95 (big blind) folded before Flop



PokerStars Hand #237938720787:  Hold'em No Limit ($0.01/$0.02 USD) - 2022/08/11 21:30:02 PT [2022/08/12 0:30:02 ET]
Table 'Eduarda II' 9-max Seat #8 is the button
Seat 1: JKLMsypalky ($3.01 in chips) 
Seat 2: figueira301 ($2.03 in chips) 
Seat 3: Kidmono ($0.72 in chips) 
Seat 4: tommyjack04 ($2.84 in chips) 
Seat 5: Dorex2007 ($2.28 in chips) 
Seat 6: Ginnungagap7 ($2 in chips) 
Seat 7: riverfox888 ($1.70 in chips) 
Seat 8: astroREIptk ($1.55 in chips) 
Seat 9: CestLavie95 ($3.67 in chips) 
CestLavie95: posts small blind $0.01
JKLMsypalky: posts big blind $0.02
*** HOLE CARDS ***
Dealt to Dorex2007 [9c 8s]
figueira301: calls $0.02
Kidmono: folds 
tommyjack04: folds 
Dorex2007: folds 
Ginnungagap7: folds 
riverfox888: folds 
astroREIptk: folds 
CestLavie95: calls $0.01
JKLMsypalky: checks 
*** FLOP *** [Kh Tc 5s]
CestLavie95: checks 
JKLMsypalky: checks 
figueira301: bets $0.03
CestLavie95: folds 
JKLMsypalky: folds 
Uncalled bet ($0.03) returned to figueira301
figueira301 collected $0.06 from pot
figueira301: doesn't show hand 
*** SUMMARY ***
Total pot $0.06 | Rake $0 
Board [Kh Tc 5s]
Seat 1: JKLMsypalky (big blind) folded on the Flop
Seat 2: figueira301 collected ($0.06)
Seat 3: Kidmono folded before Flop (didn't bet)
Seat 4: tommyjack04 folded before Flop (didn't bet)
Seat 5: Dorex2007 folded before Flop (didn't bet)
Seat 6: Ginnungagap7 folded before Flop (didn't bet)
Seat 7: riverfox888 folded before Flop (didn't bet)
Seat 8: astroREIptk (button) folded before Flop (didn't bet)
Seat 9: CestLavie95 (small blind) folded on the Flop



PokerStars Hand #237938726928:  Hold'em No Limit ($0.01/$0.02 USD) - 2022/08/11 21:30:51 PT [2022/08/12 0:30:51 ET]
Table 'Eduarda II' 9-max Seat #9 is the button
Seat 1: JKLMsypalky ($2.99 in chips) 
Seat 2: figueira301 ($2.07 in chips) 
Seat 3: Kidmono ($0.72 in chips) 
Seat 4: tommyjack04 ($2.84 in chips) 
Seat 5: Dorex2007 ($2.28 in chips) 
Seat 6: Ginnungagap7 ($2 in chips) 
Seat 7: riverfox888 ($2 in chips) 
Seat 8: astroREIptk ($1.55 in chips) 
Seat 9: CestLavie95 ($3.65 in chips) 
JKLMsypalky: posts small blind $0.01
figueira301: posts big blind $0.02
*** HOLE CARDS ***
Dealt to Dorex2007 [As 4d]
Kidmono: folds 
tommyjack04: folds 
Dorex2007: folds 
Ginnungagap7: raises $0.04 to $0.06
riverfox888: folds 
astroREIptk: folds 
CestLavie95: folds 
JKLMsypalky: folds 
figueira301: calls $0.04
*** FLOP *** [2h 5h 9s]
figueira301: checks 
Ginnungagap7: checks 
*** TURN *** [2h 5h 9s] [3d]
figueira301: bets $0.08
Ginnungagap7: folds 
Uncalled bet ($0.08) returned to figueira301
figueira301 collected $0.13 from pot
figueira301: doesn't show hand 
*** SUMMARY ***
Total pot $0.13 | Rake $0 
Board [2h 5h 9s 3d]
Seat 1: JKLMsypalky (small blind) folded before Flop
Seat 2: figueira301 (big blind) collected ($0.13)
Seat 3: Kidmono folded before Flop (didn't bet)
Seat 4: tommyjack04 folded before Flop (didn't bet)
Seat 5: Dorex2007 folded before Flop (didn't bet)
Seat 6: Ginnungagap7 folded on the Turn
Seat 7: riverfox888 folded before Flop (didn't bet)
Seat 8: astroREIptk folded before Flop (didn't bet)
Seat 9: CestLavie95 (button) folded before Flop (didn't bet)



PokerStars Hand #237938732083:  Hold'em No Limit ($0.01/$0.02 USD) - 2022/08/11 21:31:32 PT [2022/08/12 0:31:32 ET]
Table 'Eduarda II' 9-max Seat #1 is the button
Seat 1: JKLMsypalky ($2.98 in chips) 
Seat 2: figueira301 ($2.14 in chips) 
Seat 3: Kidmono ($0.72 in chips) 
Seat 4: tommyjack04 ($2.84 in chips) 
Seat 5: Dorex2007 ($2.28 in chips) 
Seat 6: Ginnungagap7 ($1.94 in chips) 
Seat 7: riverfox888 ($2 in chips) 
Seat 8: astroREIptk ($1.55 in chips) 
Seat 9: CestLavie95 ($3.65 in chips) 
figueira301: posts small blind $0.01
Kidmono: posts big blind $0.02
*** HOLE CARDS ***
Dealt to Dorex2007 [5d 6s]
tommyjack04: folds 
Dorex2007: folds 
Ginnungagap7: raises $0.04 to $0.06
riverfox888: folds 
astroREIptk: calls $0.06
CestLavie95: folds 
JKLMsypalky: folds 
figueira301: folds 
Kidmono: folds 
*** FLOP *** [Qs 9h Tc]
Ginnungagap7: bets $0.11
astroREIptk: calls $0.11
*** TURN *** [Qs 9h Tc] [7c]
Ginnungagap7: checks 
astroREIptk: bets $0.18
Ginnungagap7: folds 
Uncalled bet ($0.18) returned to astroREIptk
astroREIptk collected $0.36 from pot
*** SUMMARY ***
Total pot $0.37 | Rake $0.01 
Board [Qs 9h Tc 7c]
Seat 1: JKLMsypalky (button) folded before Flop (didn't bet)
Seat 2: figueira301 (small blind) folded before Flop
Seat 3: Kidmono (big blind) folded before Flop
Seat 4: tommyjack04 folded before Flop (didn't bet)
Seat 5: Dorex2007 folded before Flop (didn't bet)
Seat 6: Ginnungagap7 folded on the Turn
Seat 7: riverfox888 folded before Flop (didn't bet)
Seat 8: astroREIptk collected ($0.36)
Seat 9: CestLavie95 folded before Flop (didn't bet)



PokerStars Hand #237938737803:  Hold'em No Limit ($0.01/$0.02 USD) - 2022/08/11 21:32:18 PT [2022/08/12 0:32:18 ET]
Table 'Eduarda II' 9-max Seat #2 is the button
Seat 1: JKLMsypalky ($2.98 in chips) 
Seat 2: figueira301 ($2.13 in chips) 
Seat 3: Kidmono ($0.70 in chips) 
Seat 4: tommyjack04 ($2.84 in chips) 
Seat 5: Dorex2007 ($2.28 in chips) 
Seat 6: Ginnungagap7 ($1.77 in chips) 
Seat 7: riverfox888 ($2 in chips) 
Seat 8: astroREIptk ($1.74 in chips) 
Seat 9: CestLavie95 ($3.65 in chips) 
Kidmono: posts small blind $0.01
tommyjack04: posts big blind $0.02
*** HOLE CARDS ***
Dealt to Dorex2007 [6h Qh]
Dorex2007: folds 
Ginnungagap7: folds 
riverfox888: folds 
astroREIptk: calls $0.02
CestLavie95: raises $0.04 to $0.06
JKLMsypalky: folds 
figueira301: folds 
Kidmono: folds 
tommyjack04: folds 
astroREIptk: folds 
Uncalled bet ($0.04) returned to CestLavie95
CestLavie95 collected $0.07 from pot
CestLavie95: doesn't show hand 
*** SUMMARY ***
Total pot $0.07 | Rake $0 
Seat 1: JKLMsypalky folded before Flop (didn't bet)
Seat 2: figueira301 (button) folded before Flop (didn't bet)
Seat 3: Kidmono (small blind) folded before Flop
Seat 4: tommyjack04 (big blind) folded before Flop
Seat 5: Dorex2007 folded before Flop (didn't bet)
Seat 6: Ginnungagap7 folded before Flop (didn't bet)
Seat 7: riverfox888 folded before Flop (didn't bet)
Seat 8: astroREIptk folded before Flop
Seat 9: CestLavie95 collected ($0.07)



PokerStars Hand #237938742246:  Hold'em No Limit ($0.01/$0.02 USD) - 2022/08/11 21:32:54 PT [2022/08/12 0:32:54 ET]
Table 'Eduarda II' 9-max Seat #3 is the button
Seat 1: JKLMsypalky ($2.98 in chips) 
Seat 2: figueira301 ($2.13 in chips) 
Seat 3: Kidmono ($0.69 in chips) 
Seat 4: tommyjack04 ($2.82 in chips) 
Seat 5: Dorex2007 ($2.28 in chips) 
Seat 6: Ginnungagap7 ($1.77 in chips) 
Seat 7: riverfox888 ($2 in chips) 
Seat 8: astroREIptk ($1.72 in chips) 
Seat 9: CestLavie95 ($3.70 in chips) 
tommyjack04: posts small blind $0.01
Dorex2007: posts big blind $0.02
*** HOLE CARDS ***
Dealt to Dorex2007 [Jd 3c]
Ginnungagap7: folds 
riverfox888: raises $0.04 to $0.06
astroREIptk: folds 
CestLavie95: folds 
JKLMsypalky: folds 
figueira301: calls $0.06
Kidmono: calls $0.06
tommyjack04: folds 
Dorex2007: folds 
*** FLOP *** [Kd 4s 5d]
riverfox888: bets $0.10
figueira301: folds 
Kidmono: raises $0.53 to $0.63 and is all-in
riverfox888: folds 
Uncalled bet ($0.53) returned to Kidmono
Kidmono collected $0.40 from pot
Kidmono: doesn't show hand 
*** SUMMARY ***
Total pot $0.41 | Rake $0.01 
Board [Kd 4s 5d]
Seat 1: JKLMsypalky folded before Flop (didn't bet)
Seat 2: figueira301 folded on the Flop
Seat 3: Kidmono (button) collected ($0.40)
Seat 4: tommyjack04 (small blind) folded before Flop
Seat 5: Dorex2007 (big blind) folded before Flop
Seat 6: Ginnungagap7 folded before Flop (didn't bet)
Seat 7: riverfox888 folded on the Flop
Seat 8: astroREIptk folded before Flop (didn't bet)
Seat 9: CestLavie95 folded before Flop (didn't bet)



PokerStars Hand #237938750581:  Hold'em No Limit ($0.01/$0.02 USD) - 2022/08/11 21:34:02 PT [2022/08/12 0:34:02 ET]
Table 'Eduarda II' 9-max Seat #4 is the button
Seat 1: JKLMsypalky ($2.98 in chips) 
Seat 2: figueira301 ($2.07 in chips) 
Seat 3: Kidmono ($0.93 in chips) 
Seat 4: tommyjack04 ($2.81 in chips) 
Seat 5: Dorex2007 ($2.26 in chips) 
Seat 6: Ginnungagap7 ($1.77 in chips) 
Seat 7: riverfox888 ($1.84 in chips) 
Seat 8: astroREIptk ($1.72 in chips) 
Seat 9: CestLavie95 ($3.70 in chips) 
Dorex2007: posts small blind $0.01
Ginnungagap7: posts big blind $0.02
*** HOLE CARDS ***
Dealt to Dorex2007 [Qc 8c]
riverfox888: folds 
astroREIptk: folds 
CestLavie95: raises $0.04 to $0.06
JKLMsypalky: folds 
figueira301: calls $0.06
Kidmono: folds 
tommyjack04: calls $0.06
Dorex2007: folds 
Ginnungagap7: folds 
*** FLOP *** [3d 4d 2s]
CestLavie95: checks 
figueira301: checks 
tommyjack04: checks 
*** TURN *** [3d 4d 2s] [4h]
CestLavie95: checks 
figueira301: checks 
tommyjack04: checks 
*** RIVER *** [3d 4d 2s 4h] [Qd]
CestLavie95: bets $0.10
figueira301: folds 
tommyjack04: calls $0.10
*** SHOW DOWN ***
CestLavie95: shows [Qs Jc] (two pair, Queens and Fours)
tommyjack04: shows [Qh Kh] (two pair, Queens and Fours - King kicker)
tommyjack04 collected $0.40 from pot
*** SUMMARY ***
Total pot $0.41 | Rake $0.01 
Board [3d 4d 2s 4h Qd]
Seat 1: JKLMsypalky folded before Flop (didn't bet)
Seat 2: figueira301 folded on the River
Seat 3: Kidmono folded before Flop (didn't bet)
Seat 4: tommyjack04 (button) showed [Qh Kh] and won ($0.40) with two pair, Queens and Fours
Seat 5: Dorex2007 (small blind) folded before Flop
Seat 6: Ginnungagap7 (big blind) folded before Flop
Seat 7: riverfox888 folded before Flop (didn't bet)
Seat 8: astroREIptk folded before Flop (didn't bet)
Seat 9: CestLavie95 showed [Qs Jc] and lost with two pair, Queens and Fours



PokerStars Hand #237938759581:  Hold'em No Limit ($0.01/$0.02 USD) - 2022/08/11 21:35:16 PT [2022/08/12 0:35:16 ET]
Table 'Eduarda II' 9-max Seat #5 is the button
Seat 1: JKLMsypalky ($2.98 in chips) 
Seat 2: figueira301 ($2.01 in chips) 
Seat 3: Kidmono ($0.93 in chips) 
Seat 4: tommyjack04 ($3.05 in chips) 
Seat 5: Dorex2007 ($2.25 in chips) 
Seat 6: Ginnungagap7 ($1.75 in chips) 
Seat 7: riverfox888 ($1.84 in chips) 
Seat 8: astroREIptk ($1.72 in chips) 
Seat 9: CestLavie95 ($3.54 in chips) 
Ginnungagap7: posts small blind $0.01
riverfox888: posts big blind $0.02
*** HOLE CARDS ***
Dealt to Dorex2007 [9s Ah]
astroREIptk: calls $0.02
CestLavie95: folds 
JKLMsypalky: folds 
figueira301: calls $0.02
Kidmono: calls $0.02
tommyjack04: folds 
Dorex2007: folds 
Ginnungagap7: folds 
riverfox888: checks 
*** FLOP *** [8s 4c Qh]
riverfox888: checks 
astroREIptk: checks 
figueira301: checks 
Kidmono: checks 
*** TURN *** [8s 4c Qh] [Jh]
riverfox888: checks 
astroREIptk: checks 
figueira301: bets $0.04
Kidmono: calls $0.04
riverfox888: folds 
astroREIptk: folds 
*** RIVER *** [8s 4c Qh Jh] [4h]
figueira301: bets $0.10
Kidmono: raises $0.77 to $0.87 and is all-in
figueira301: folds 
Uncalled bet ($0.77) returned to Kidmono
Kidmono collected $0.36 from pot
Kidmono: doesn't show hand 
*** SUMMARY ***
Total pot $0.37 | Rake $0.01 
Board [8s 4c Qh Jh 4h]
Seat 1: JKLMsypalky folded before Flop (didn't bet)
Seat 2: figueira301 folded on the River
Seat 3: Kidmono collected ($0.36)
Seat 4: tommyjack04 folded before Flop (didn't bet)
Seat 5: Dorex2007 (button) folded before Flop (didn't bet)
Seat 6: Ginnungagap7 (small blind) folded before Flop
Seat 7: riverfox888 (big blind) folded on the Turn
Seat 8: astroREIptk folded on the Turn
Seat 9: CestLavie95 folded before Flop (didn't bet)



PokerStars Hand #237938772332:  Hold'em No Limit ($0.01/$0.02 USD) - 2022/08/11 21:37:02 PT [2022/08/12 0:37:02 ET]
Table 'Eduarda II' 9-max Seat #6 is the button
Seat 1: JKLMsypalky ($2.98 in chips) 
Seat 2: figueira301 ($1.85 in chips) 
Seat 3: Kidmono ($1.13 in chips) 
Seat 4: tommyjack04 ($3.05 in chips) 
Seat 5: Dorex2007 ($2.25 in chips) 
Seat 6: Ginnungagap7 ($1.74 in chips) 
Seat 7: riverfox888 ($1.82 in chips) 
Seat 8: astroREIptk ($1.70 in chips) 
Seat 9: CestLavie95 ($3.54 in chips) 
riverfox888: posts small blind $0.01
astroREIptk: posts big blind $0.02
*** HOLE CARDS ***
Dealt to Dorex2007 [Kd Tc]
CestLavie95: folds 
JKLMsypalky: raises $0.05 to $0.07
figueira301: folds 
Kidmono: folds 
tommyjack04: folds 
Dorex2007: folds 
Ginnungagap7: folds 
riverfox888: folds 
astroREIptk: folds 
Uncalled bet ($0.05) returned to JKLMsypalky
JKLMsypalky collected $0.05 from pot
*** SUMMARY ***
Total pot $0.05 | Rake $0 
Seat 1: JKLMsypalky collected ($0.05)
Seat 2: figueira301 folded before Flop (didn't bet)
Seat 3: Kidmono folded before Flop (didn't bet)
Seat 4: tommyjack04 folded before Flop (didn't bet)
Seat 5: Dorex2007 folded before Flop (didn't bet)
Seat 6: Ginnungagap7 (button) folded before Flop (didn't bet)
Seat 7: riverfox888 (small blind) folded before Flop
Seat 8: astroREIptk (big blind) folded before Flop
Seat 9: CestLavie95 folded before Flop (didn't bet)



PokerStars Hand #237938775230:  Hold'em No Limit ($0.01/$0.02 USD) - 2022/08/11 21:37:25 PT [2022/08/12 0:37:25 ET]
Table 'Eduarda II' 9-max Seat #7 is the button
Seat 1: JKLMsypalky ($3.01 in chips) 
Seat 2: figueira301 ($1.85 in chips) 
Seat 3: Kidmono ($1.13 in chips) 
Seat 4: tommyjack04 ($3.05 in chips) 
Seat 5: Dorex2007 ($2.25 in chips) 
Seat 6: Ginnungagap7 ($1.74 in chips) 
Seat 7: riverfox888 ($1.81 in chips) 
Seat 8: astroREIptk ($1.68 in chips) 
Seat 9: CestLavie95 ($3.54 in chips) 
astroREIptk: posts small blind $0.01
CestLavie95: posts big blind $0.02
*** HOLE CARDS ***
Dealt to Dorex2007 [9h 6c]
JKLMsypalky: folds 
figueira301: raises $0.06 to $0.08
Kidmono: folds 
tommyjack04: folds 
Dorex2007: folds 
Ginnungagap7: folds 
riverfox888: folds 
astroREIptk: folds 
CestLavie95: folds 
Uncalled bet ($0.06) returned to figueira301
figueira301 collected $0.05 from pot
figueira301: doesn't show hand 
*** SUMMARY ***
Total pot $0.05 | Rake $0 
Seat 1: JKLMsypalky folded before Flop (didn't bet)
Seat 2: figueira301 collected ($0.05)
Seat 3: Kidmono folded before Flop (didn't bet)
Seat 4: tommyjack04 folded before Flop (didn't bet)
Seat 5: Dorex2007 folded before Flop (didn't bet)
Seat 6: Ginnungagap7 folded before Flop (didn't bet)
Seat 7: riverfox888 (button) folded before Flop (didn't bet)
Seat 8: astroREIptk (small blind) folded before Flop
Seat 9: CestLavie95 (big blind) folded before Flop



PokerStars Hand #237938777100:  Hold'em No Limit ($0.01/$0.02 USD) - 2022/08/11 21:37:41 PT [2022/08/12 0:37:41 ET]
Table 'Eduarda II' 9-max Seat #8 is the button
Seat 1: JKLMsypalky ($3.01 in chips) 
Seat 2: figueira301 ($1.88 in chips) 
Seat 3: Kidmono ($1.13 in chips) 
Seat 4: tommyjack04 ($3.05 in chips) 
Seat 5: Dorex2007 ($2.25 in chips) 
Seat 6: Ginnungagap7 ($1.74 in chips) 
Seat 7: riverfox888 ($1.81 in chips) 
Seat 8: astroREIptk ($1.67 in chips) 
Seat 9: CestLavie95 ($3.52 in chips) 
CestLavie95: posts small blind $0.01
JKLMsypalky: posts big blind $0.02
*** HOLE CARDS ***
Dealt to Dorex2007 [7s 9h]
figueira301: raises $0.06 to $0.08
Kidmono: folds 
tommyjack04: folds 
Dorex2007: folds 
Ginnungagap7: folds 
riverfox888: folds 
astroREIptk: folds 
CestLavie95: folds 
JKLMsypalky: folds 
Uncalled bet ($0.06) returned to figueira301
figueira301 collected $0.05 from pot
figueira301: doesn't show hand 
*** SUMMARY ***
Total pot $0.05 | Rake $0 
Seat 1: JKLMsypalky (big blind) folded before Flop
Seat 2: figueira301 collected ($0.05)
Seat 3: Kidmono folded before Flop (didn't bet)
Seat 4: tommyjack04 folded before Flop (didn't bet)
Seat 5: Dorex2007 folded before Flop (didn't bet)
Seat 6: Ginnungagap7 folded before Flop (didn't bet)
Seat 7: riverfox888 folded before Flop (didn't bet)
Seat 8: astroREIptk (button) folded before Flop (didn't bet)
Seat 9: CestLavie95 (small blind) folded before Flop



PokerStars Hand #237938779965:  Hold'em No Limit ($0.01/$0.02 USD) - 2022/08/11 21:38:05 PT [2022/08/12 0:38:05 ET]
Table 'Eduarda II' 9-max Seat #9 is the button
Seat 1: JKLMsypalky ($2.99 in chips) 
Seat 2: figueira301 ($1.91 in chips) 
Seat 3: Kidmono ($1.13 in chips) 
Seat 4: tommyjack04 ($3.05 in chips) 
Seat 5: Dorex2007 ($2.25 in chips) 
Seat 6: Ginnungagap7 ($1.74 in chips) 
Seat 7: riverfox888 ($1.81 in chips) 
Seat 8: astroREIptk ($1.67 in chips) 
Seat 9: CestLavie95 ($3.51 in chips) 
JKLMsypalky: posts small blind $0.01
figueira301: posts big blind $0.02
*** HOLE CARDS ***
Dealt to Dorex2007 [Qc 4c]
Kidmono: folds 
tommyjack04: folds 
Dorex2007: folds 
Ginnungagap7: folds 
riverfox888: raises $0.05 to $0.07
astroREIptk: calls $0.07
CestLavie95: folds 
JKLMsypalky: folds 
figueira301: calls $0.05
*** FLOP *** [Jh Td 7h]
figueira301: checks 
riverfox888: bets $0.12
astroREIptk: raises $0.14 to $0.26
figueira301: folds 
riverfox888: calls $0.14
*** TURN *** [Jh Td 7h] [9d]
riverfox888: bets $0.71
astroREIptk: calls $0.71
*** RIVER *** [Jh Td 7h 9d] [Js]
riverfox888: bets $0.77 and is all-in
astroREIptk: calls $0.63 and is all-in
Uncalled bet ($0.14) returned to riverfox888
*** SHOW DOWN ***
riverfox888: shows [Ah 8h] (a straight, Seven to Jack)
astroREIptk: shows [Qd Jd] (three of a kind, Jacks)
riverfox888 collected $3.30 from pot
*** SUMMARY ***
Total pot $3.42 | Rake $0.12 
Board [Jh Td 7h 9d Js]
Seat 1: JKLMsypalky (small blind) folded before Flop
Seat 2: figueira301 (big blind) folded on the Flop
Seat 3: Kidmono folded before Flop (didn't bet)
Seat 4: tommyjack04 folded before Flop (didn't bet)
Seat 5: Dorex2007 folded before Flop (didn't bet)
Seat 6: Ginnungagap7 folded before Flop (didn't bet)
Seat 7: riverfox888 showed [Ah 8h] and won ($3.30) with a straight, Seven to Jack
Seat 8: astroREIptk showed [Qd Jd] and lost with three of a kind, Jacks
Seat 9: CestLavie95 (button) folded before Flop (didn't bet)



PokerStars Hand #237938790711:  Hold'em No Limit ($0.01/$0.02 USD) - 2022/08/11 21:39:34 PT [2022/08/12 0:39:34 ET]
Table 'Eduarda II' 9-max Seat #1 is the button
Seat 1: JKLMsypalky ($2.98 in chips) 
Seat 2: figueira301 ($1.84 in chips) 
Seat 3: Kidmono ($1.13 in chips) 
Seat 4: tommyjack04 ($3.05 in chips) 
Seat 5: Dorex2007 ($2.25 in chips) 
Seat 6: Ginnungagap7 ($1.74 in chips) 
Seat 7: riverfox888 ($3.44 in chips) 
Seat 9: CestLavie95 ($3.51 in chips) 
figueira301: posts small blind $0.01
Kidmono: posts big blind $0.02
*** HOLE CARDS ***
Dealt to Dorex2007 [Td 7c]
tommyjack04: folds 
Dorex2007: folds 
Ginnungagap7: folds 
riverfox888: folds 
CestLavie95: raises $0.04 to $0.06
JKLMsypalky: folds 
figueira301: folds 
Kidmono: folds 
Uncalled bet ($0.04) returned to CestLavie95
CestLavie95 collected $0.05 from pot
CestLavie95: doesn't show hand 
*** SUMMARY ***
Total pot $0.05 | Rake $0 
Seat 1: JKLMsypalky (button) folded before Flop (didn't bet)
Seat 2: figueira301 (small blind) folded before Flop
Seat 3: Kidmono (big blind) folded before Flop
Seat 4: tommyjack04 folded before Flop (didn't bet)
Seat 5: Dorex2007 folded before Flop (didn't bet)
Seat 6: Ginnungagap7 folded before Flop (didn't bet)
Seat 7: riverfox888 folded before Flop (didn't bet)
Seat 9: CestLavie95 collected ($0.05)



PokerStars Hand #237938794367:  Hold'em No Limit ($0.01/$0.02 USD) - 2022/08/11 21:40:04 PT [2022/08/12 0:40:04 ET]
Table 'Eduarda II' 9-max Seat #2 is the button
Seat 1: JKLMsypalky ($2.98 in chips) 
Seat 2: figueira301 ($1.83 in chips) 
Seat 3: Kidmono ($1.11 in chips) 
Seat 5: Dorex2007 ($2.25 in chips) 
Seat 6: Ginnungagap7 ($1.74 in chips) 
Seat 7: riverfox888 ($3.44 in chips) 
Seat 9: CestLavie95 ($3.54 in chips) 
Kidmono: posts small blind $0.01
tommyjack04: is sitting out 
Dorex2007: posts big blind $0.02
*** HOLE CARDS ***
Dealt to Dorex2007 [Kc 8d]
Ginnungagap7: folds 
tommyjack04 leaves the table
riverfox888: raises $0.04 to $0.06
CestLavie95: folds 
JKLMsypalky: folds 
figueira301: calls $0.06
Kidmono: folds 
Dorex2007: folds 
*** FLOP *** [4c Td 6c]
ZEDawning joins the table at seat #4 
riverfox888: checks 
figueira301: bets $0.07
riverfox888: folds 
Uncalled bet ($0.07) returned to figueira301
figueira301 collected $0.14 from pot
figueira301: doesn't show hand 
*** SUMMARY ***
Total pot $0.15 | Rake $0.01 
Board [4c Td 6c]
Seat 1: JKLMsypalky folded before Flop (didn't bet)
Seat 2: figueira301 (button) collected ($0.14)
Seat 3: Kidmono (small blind) folded before Flop
Seat 5: Dorex2007 (big blind) folded before Flop
Seat 6: Ginnungagap7 folded before Flop (didn't bet)
Seat 7: riverfox888 folded on the Flop
Seat 9: CestLavie95 folded before Flop (didn't bet)



PokerStars Hand #237938802124:  Hold'em No Limit ($0.01/$0.02 USD) - 2022/08/11 21:41:09 PT [2022/08/12 0:41:09 ET]
Table 'Eduarda II' 9-max Seat #3 is the button
Seat 1: JKLMsypalky ($2.98 in chips) 
Seat 2: figueira301 ($1.91 in chips) 
Seat 3: Kidmono ($1.10 in chips) 
Seat 5: Dorex2007 ($2.23 in chips) 
Seat 6: Ginnungagap7 ($1.74 in chips) 
Seat 7: riverfox888 ($3.38 in chips) 
Seat 8: astroREIptk ($0.80 in chips) 
Seat 9: CestLavie95 ($3.54 in chips) 
Dorex2007: posts small blind $0.01
Ginnungagap7: posts big blind $0.02
*** HOLE CARDS ***
Dealt to Dorex2007 [6h Qs]
riverfox888: folds 
astroREIptk: folds 
CestLavie95: calls $0.02
JKLMsypalky: folds 
figueira301: folds 
Kidmono: raises $0.02 to $0.04
Dorex2007: folds 
Ginnungagap7: raises $0.11 to $0.15
CestLavie95: folds 
Kidmono: folds 
Uncalled bet ($0.11) returned to Ginnungagap7
Ginnungagap7 collected $0.11 from pot
Ginnungagap7: doesn't show hand 
*** SUMMARY ***
Total pot $0.11 | Rake $0 
Seat 1: JKLMsypalky folded before Flop (didn't bet)
Seat 2: figueira301 folded before Flop (didn't bet)
Seat 3: Kidmono (button) folded before Flop
Seat 5: Dorex2007 (small blind) folded before Flop
Seat 6: Ginnungagap7 (big blind) collected ($0.11)
Seat 7: riverfox888 folded before Flop (didn't bet)
Seat 8: astroREIptk folded before Flop (didn't bet)
Seat 9: CestLavie95 folded before Flop



PokerStars Hand #237938807937:  Hold'em No Limit ($0.01/$0.02 USD) - 2022/08/11 21:41:58 PT [2022/08/12 0:41:58 ET]
Table 'Eduarda II' 9-max Seat #5 is the button
Seat 1: JKLMsypalky ($2.98 in chips) 
Seat 2: figueira301 ($1.91 in chips) 
Seat 3: Kidmono ($1.06 in chips) 
Seat 5: Dorex2007 ($2.22 in chips) 
Seat 6: Ginnungagap7 ($1.81 in chips) 
Seat 7: riverfox888 ($3.38 in chips) 
Seat 8: astroREIptk ($0.80 in chips) 
Seat 9: CestLavie95 ($3.52 in chips) 
Ginnungagap7: posts small blind $0.01
riverfox888: posts big blind $0.02
ZEDawning: sits out 
*** HOLE CARDS ***
Dealt to Dorex2007 [Jh 3s]
astroREIptk: folds 
CestLavie95: folds 
JKLMsypalky: folds 
figueira301: raises $0.04 to $0.06
Kidmono: calls $0.06
Dorex2007: folds 
Ginnungagap7: calls $0.05
riverfox888: folds 
*** FLOP *** [4h 7h Ks]
Ginnungagap7: checks 
figueira301: checks 
Kidmono: checks 
*** TURN *** [4h 7h Ks] [Jd]
Ginnungagap7: checks 
figueira301: bets $0.12
Kidmono: folds 
Ginnungagap7: folds 
Uncalled bet ($0.12) returned to figueira301
figueira301 collected $0.19 from pot
figueira301: doesn't show hand 
*** SUMMARY ***
Total pot $0.20 | Rake $0.01 
Board [4h 7h Ks Jd]
Seat 1: JKLMsypalky folded before Flop (didn't bet)
Seat 2: figueira301 collected ($0.19)
Seat 3: Kidmono folded on the Turn
Seat 5: Dorex2007 (button) folded before Flop (didn't bet)
Seat 6: Ginnungagap7 (small blind) folded on the Turn
Seat 7: riverfox888 (big blind) folded before Flop
Seat 8: astroREIptk folded before Flop (didn't bet)
Seat 9: CestLavie95 folded before Flop (didn't bet)



PokerStars Hand #237938817012:  Hold'em No Limit ($0.01/$0.02 USD) - 2022/08/11 21:43:15 PT [2022/08/12 0:43:15 ET]
Table 'Eduarda II' 9-max Seat #6 is the button
Seat 1: JKLMsypalky ($2.98 in chips) 
Seat 2: figueira301 ($2.04 in chips) 
Seat 3: Kidmono ($1 in chips) 
Seat 4: ZEDawning ($2 in chips) 
Seat 5: Dorex2007 ($2.22 in chips) 
Seat 6: Ginnungagap7 ($1.75 in chips) 
Seat 7: riverfox888 ($3.36 in chips) 
Seat 8: astroREIptk ($0.80 in chips) 
Seat 9: CestLavie95 ($3.52 in chips) 
riverfox888: posts small blind $0.01
astroREIptk: posts big blind $0.02
ZEDawning: posts big blind $0.02
*** HOLE CARDS ***
Dealt to Dorex2007 [5c 9d]
CestLavie95: folds 
JKLMsypalky: folds 
figueira301: folds 
Kidmono: calls $0.02
ZEDawning: raises $0.06 to $0.08
Dorex2007: folds 
Ginnungagap7: folds 
riverfox888: folds 
astroREIptk: folds 
Kidmono: calls $0.06
*** FLOP *** [Kc Jd Jc]
Kidmono: checks 
ZEDawning: bets $0.09
Kidmono: folds 
Uncalled bet ($0.09) returned to ZEDawning
ZEDawning collected $0.18 from pot
ZEDawning: doesn't show hand 
*** SUMMARY ***
Total pot $0.19 | Rake $0.01 
Board [Kc Jd Jc]
Seat 1: JKLMsypalky folded before Flop (didn't bet)
Seat 2: figueira301 folded before Flop (didn't bet)
Seat 3: Kidmono folded on the Flop
Seat 4: ZEDawning collected ($0.18)
Seat 5: Dorex2007 folded before Flop (didn't bet)
Seat 6: Ginnungagap7 (button) folded before Flop (didn't bet)
Seat 7: riverfox888 (small blind) folded before Flop
Seat 8: astroREIptk (big blind) folded before Flop
Seat 9: CestLavie95 folded before Flop (didn't bet)



PokerStars Hand #237938822431:  Hold'em No Limit ($0.01/$0.02 USD) - 2022/08/11 21:44:01 PT [2022/08/12 0:44:01 ET]
Table 'Eduarda II' 9-max Seat #7 is the button
Seat 1: JKLMsypalky ($2.98 in chips) 
Seat 2: figueira301 ($2.04 in chips) 
Seat 3: Kidmono ($0.92 in chips) 
Seat 4: ZEDawning ($2.10 in chips) 
Seat 5: Dorex2007 ($2.22 in chips) 
Seat 6: Ginnungagap7 ($1.75 in chips) 
Seat 7: riverfox888 ($3.35 in chips) 
Seat 8: astroREIptk ($0.78 in chips) 
Seat 9: CestLavie95 ($3.52 in chips) 
astroREIptk: posts small blind $0.01
CestLavie95: posts big blind $0.02
*** HOLE CARDS ***
Dealt to Dorex2007 [6s Qc]
JKLMsypalky: folds 
figueira301: folds 
Kidmono: folds 
ZEDawning: folds 
Dorex2007: folds 
Ginnungagap7: folds 
riverfox888 has timed out
riverfox888: folds 
astroREIptk: calls $0.01
CestLavie95: checks 
*** FLOP *** [Jh 9d 5h]
astroREIptk: checks 
CestLavie95: checks 
*** TURN *** [Jh 9d 5h] [7d]
astroREIptk: bets $0.04
CestLavie95: folds 
Uncalled bet ($0.04) returned to astroREIptk
astroREIptk collected $0.04 from pot
*** SUMMARY ***
Total pot $0.04 | Rake $0 
Board [Jh 9d 5h 7d]
Seat 1: JKLMsypalky folded before Flop (didn't bet)
Seat 2: figueira301 folded before Flop (didn't bet)
Seat 3: Kidmono folded before Flop (didn't bet)
Seat 4: ZEDawning folded before Flop (didn't bet)
Seat 5: Dorex2007 folded before Flop (didn't bet)
Seat 6: Ginnungagap7 folded before Flop (didn't bet)
Seat 7: riverfox888 (button) folded before Flop (didn't bet)
Seat 8: astroREIptk (small blind) collected ($0.04)
Seat 9: CestLavie95 (big blind) folded on the Turn



PokerStars Hand #237938827779:  Hold'em No Limit ($0.01/$0.02 USD) - 2022/08/11 21:44:47 PT [2022/08/12 0:44:47 ET]
Table 'Eduarda II' 9-max Seat #8 is the button
Seat 1: JKLMsypalky ($2.98 in chips) 
Seat 2: figueira301 ($2.04 in chips) 
Seat 3: Kidmono ($0.92 in chips) 
Seat 4: ZEDawning ($2.10 in chips) 
Seat 5: Dorex2007 ($2.22 in chips) 
Seat 6: Ginnungagap7 ($1.75 in chips) 
Seat 8: astroREIptk ($0.80 in chips) 
Seat 9: CestLavie95 ($3.50 in chips) 
CestLavie95: posts small blind $0.01
JKLMsypalky: posts big blind $0.02
*** HOLE CARDS ***
Dealt to Dorex2007 [6s Qs]
figueira301: folds 
Kidmono: folds 
ZEDawning: folds 
Dorex2007: folds 
Ginnungagap7: folds 
astroREIptk: calls $0.02
CestLavie95: folds 
JKLMsypalky: checks 
*** FLOP *** [3d Qh 7h]
JKLMsypalky: checks 
astroREIptk: checks 
*** TURN *** [3d Qh 7h] [9h]
JKLMsypalky: checks 
astroREIptk: checks 
*** RIVER *** [3d Qh 7h 9h] [2c]
JKLMsypalky: checks 
astroREIptk: bets $0.05
JKLMsypalky: calls $0.05
*** SHOW DOWN ***
astroREIptk: shows [2d 5c] (a pair of Deuces)
JKLMsypalky: shows [7s 6d] (a pair of Sevens)
JKLMsypalky collected $0.14 from pot
*** SUMMARY ***
Total pot $0.15 | Rake $0.01 
Board [3d Qh 7h 9h 2c]
Seat 1: JKLMsypalky (big blind) showed [7s 6d] and won ($0.14) with a pair of Sevens
Seat 2: figueira301 folded before Flop (didn't bet)
Seat 3: Kidmono folded before Flop (didn't bet)
Seat 4: ZEDawning folded before Flop (didn't bet)
Seat 5: Dorex2007 folded before Flop (didn't bet)
Seat 6: Ginnungagap7 folded before Flop (didn't bet)
Seat 8: astroREIptk (button) showed [2d 5c] and lost with a pair of Deuces
Seat 9: CestLavie95 (small blind) folded before Flop



PokerStars Hand #237938836015:  Hold'em No Limit ($0.01/$0.02 USD) - 2022/08/11 21:45:56 PT [2022/08/12 0:45:56 ET]
Table 'Eduarda II' 9-max Seat #9 is the button
Seat 1: JKLMsypalky ($3.05 in chips) 
Seat 2: figueira301 ($2.04 in chips) 
Seat 3: Kidmono ($0.92 in chips) 
Seat 4: ZEDawning ($2.10 in chips) 
Seat 5: Dorex2007 ($2.22 in chips) 
Seat 6: Ginnungagap7 ($1.75 in chips) 
Seat 7: riverfox888 ($3.35 in chips) 
Seat 8: astroREIptk ($0.73 in chips) 
Seat 9: CestLavie95 ($3.49 in chips) 
JKLMsypalky: posts small blind $0.01
figueira301: posts big blind $0.02
*** HOLE CARDS ***
Dealt to Dorex2007 [Qh 6c]
Kidmono: folds 
ZEDawning: raises $0.04 to $0.06
Dorex2007: folds 
Ginnungagap7: folds 
riverfox888: folds 
astroREIptk: folds 
CestLavie95: folds 
JKLMsypalky: folds 
figueira301: folds 
Uncalled bet ($0.04) returned to ZEDawning
ZEDawning collected $0.05 from pot
ZEDawning: doesn't show hand 
*** SUMMARY ***
Total pot $0.05 | Rake $0 
Seat 1: JKLMsypalky (small blind) folded before Flop
Seat 2: figueira301 (big blind) folded before Flop
Seat 3: Kidmono folded before Flop (didn't bet)
Seat 4: ZEDawning collected ($0.05)
Seat 5: Dorex2007 folded before Flop (didn't bet)
Seat 6: Ginnungagap7 folded before Flop (didn't bet)
Seat 7: riverfox888 folded before Flop (didn't bet)
Seat 8: astroREIptk folded before Flop (didn't bet)
Seat 9: CestLavie95 (button) folded before Flop (didn't bet)



