PokerStars Hand #237995948832:  Hold'em No Limit ($0.01/$0.02 USD) - 2022/08/14 17:18:39 PT [2022/08/14 20:18:39 ET]
Table 'Begonia III' 9-max Seat #9 is the button
Seat 1: bonuswm ($4.69 in chips) 
Seat 2: Dorex2007 ($2 in chips) 
Seat 4: Tonebewa ($0.64 in chips) 
Seat 5: MajorZK ($0.88 in chips) 
Seat 7: Hammerr2 ($1.55 in chips) 
Seat 8: vanelul ($2.83 in chips) 
Seat 9: kishiken ($2.45 in chips) 
bonuswm: posts small blind $0.01
Dorex2007: posts big blind $0.02
BrenoVns: sits out 
ztiposacul: sits out 
*** HOLE CARDS ***
Dealt to Dorex2007 [Td 5d]
Tonebewa: folds 
MajorZK: calls $0.02
Hammerr2: folds 
vanelul: folds 
kishiken: calls $0.02
bonuswm: calls $0.01
Dorex2007: checks 
*** FLOP *** [3d 8s 7d]
bonuswm: checks 
ztiposacul leaves the table
Dorex2007: checks 
MajorZK: checks 
kishiken: bets $0.04
bonuswm: folds 
Dorex2007: calls $0.04
MajorZK: calls $0.04
*** TURN *** [3d 8s 7d] [4c]
Dorex2007: checks 
MajorZK: checks 
kishiken: checks 
*** RIVER *** [3d 8s 7d 4c] [7s]
Dorex2007: checks 
MajorZK: checks 
kishiken: checks 
*** SHOW DOWN ***
Dorex2007: shows [Td 5d] (a pair of Sevens)
MajorZK: shows [As Ts] (a pair of Sevens - Ace kicker)
kishiken: shows [Ac Jh] (a pair of Sevens - Ace+Jack kicker)
kishiken collected $0.19 from pot
*** SUMMARY ***
Total pot $0.20 | Rake $0.01 
Board [3d 8s 7d 4c 7s]
Seat 1: bonuswm (small blind) folded on the Flop
Seat 2: Dorex2007 (big blind) showed [Td 5d] and lost with a pair of Sevens
Seat 4: Tonebewa folded before Flop (didn't bet)
Seat 5: MajorZK showed [As Ts] and lost with a pair of Sevens
Seat 7: Hammerr2 folded before Flop (didn't bet)
Seat 8: vanelul folded before Flop (didn't bet)
Seat 9: kishiken (button) showed [Ac Jh] and won ($0.19) with a pair of Sevens



PokerStars Hand #237995970806:  Hold'em No Limit ($0.01/$0.02 USD) - 2022/08/14 17:20:13 PT [2022/08/14 20:20:13 ET]
Table 'Begonia III' 9-max Seat #1 is the button
Seat 1: bonuswm ($4.67 in chips) 
Seat 2: Dorex2007 ($2 in chips) 
Seat 3: BrenoVns ($4.35 in chips) 
Seat 4: Tonebewa ($0.64 in chips) 
Seat 5: MajorZK ($0.82 in chips) 
Seat 7: Hammerr2 ($1.55 in chips) 
Seat 8: vanelul ($2.83 in chips) 
Seat 9: kishiken ($2.58 in chips) 
Dorex2007: posts small blind $0.01
BrenoVns: posts big blind $0.02
*** HOLE CARDS ***
Dealt to Dorex2007 [8s Js]
Tonebewa: calls $0.02
MajorZK: calls $0.02
Hammerr2: folds 
vanelul: folds 
kishiken: folds 
bonuswm: folds 
Dorex2007: calls $0.01
BrenoVns: checks 
*** FLOP *** [2s 5c Th]
Dorex2007: checks 
BrenoVns: checks 
Tonebewa: checks 
MajorZK: checks 
*** TURN *** [2s 5c Th] [Qh]
Dorex2007: checks 
BrenoVns: checks 
Tonebewa: checks 
MajorZK: checks 
*** RIVER *** [2s 5c Th Qh] [Qd]
Dorex2007: checks 
BrenoVns: checks 
Tonebewa: checks 
MajorZK: checks 
*** SHOW DOWN ***
Dorex2007: shows [8s Js] (a pair of Queens)
BrenoVns: mucks hand 
Tonebewa: shows [8d Ks] (a pair of Queens - King kicker)
MajorZK: shows [7d As] (a pair of Queens - Ace kicker)
MajorZK collected $0.08 from pot
*** SUMMARY ***
Total pot $0.08 | Rake $0 
Board [2s 5c Th Qh Qd]
Seat 1: bonuswm (button) folded before Flop (didn't bet)
Seat 2: Dorex2007 (small blind) showed [8s Js] and lost with a pair of Queens
Seat 3: BrenoVns (big blind) mucked [9s 7c]
Seat 4: Tonebewa showed [8d Ks] and lost with a pair of Queens
Seat 5: MajorZK showed [7d As] and won ($0.08) with a pair of Queens
Seat 7: Hammerr2 folded before Flop (didn't bet)
Seat 8: vanelul folded before Flop (didn't bet)
Seat 9: kishiken folded before Flop (didn't bet)



PokerStars Hand #237995990565:  Hold'em No Limit ($0.01/$0.02 USD) - 2022/08/14 17:21:39 PT [2022/08/14 20:21:39 ET]
Table 'Begonia III' 9-max Seat #2 is the button
Seat 1: bonuswm ($4.67 in chips) 
Seat 2: Dorex2007 ($2 in chips) 
Seat 3: BrenoVns ($4.33 in chips) 
Seat 4: Tonebewa ($0.62 in chips) 
Seat 5: MajorZK ($0.88 in chips) 
Seat 7: Hammerr2 ($1.55 in chips) 
Seat 8: vanelul ($2.83 in chips) 
Seat 9: kishiken ($2.58 in chips) 
BrenoVns: posts small blind $0.01
Tonebewa: posts big blind $0.02
*** HOLE CARDS ***
Dealt to Dorex2007 [5s 8s]
MajorZK: folds 
Hammerr2: folds 
vanelul: folds 
kishiken: raises $0.03 to $0.05
bonuswm: folds 
Dorex2007: folds 
BrenoVns: folds 
Tonebewa: calls $0.03
*** FLOP *** [5h 7h 3c]
Tonebewa: bets $0.04
kishiken: calls $0.04
*** TURN *** [5h 7h 3c] [2c]
Tonebewa: bets $0.04
kishiken: calls $0.04
*** RIVER *** [5h 7h 3c 2c] [9s]
Tonebewa: bets $0.04
kishiken: calls $0.04
*** SHOW DOWN ***
Tonebewa: shows [Ks Td] (high card King)
kishiken: shows [As 7s] (a pair of Sevens)
kishiken collected $0.34 from pot
*** SUMMARY ***
Total pot $0.35 | Rake $0.01 
Board [5h 7h 3c 2c 9s]
Seat 1: bonuswm folded before Flop (didn't bet)
Seat 2: Dorex2007 (button) folded before Flop (didn't bet)
Seat 3: BrenoVns (small blind) folded before Flop
Seat 4: Tonebewa (big blind) showed [Ks Td] and lost with high card King
Seat 5: MajorZK folded before Flop (didn't bet)
Seat 7: Hammerr2 folded before Flop (didn't bet)
Seat 8: vanelul folded before Flop (didn't bet)
Seat 9: kishiken showed [As 7s] and won ($0.34) with a pair of Sevens



PokerStars Hand #237996002034:  Hold'em No Limit ($0.01/$0.02 USD) - 2022/08/14 17:22:29 PT [2022/08/14 20:22:29 ET]
Table 'Begonia III' 9-max Seat #3 is the button
Seat 1: bonuswm ($4.67 in chips) 
Seat 2: Dorex2007 ($2 in chips) 
Seat 3: BrenoVns ($4.32 in chips) 
Seat 4: Tonebewa ($0.45 in chips) 
Seat 5: MajorZK ($0.88 in chips) 
Seat 7: Hammerr2 ($1.55 in chips) 
Seat 8: vanelul ($2.83 in chips) 
Seat 9: kishiken ($2.75 in chips) 
Tonebewa: posts small blind $0.01
MajorZK: posts big blind $0.02
*** HOLE CARDS ***
Dealt to Dorex2007 [As Kh]
Hammerr2: folds 
vanelul: folds 
kishiken: folds 
bonuswm: raises $0.04 to $0.06
Dorex2007: calls $0.06
BrenoVns: folds 
Tonebewa: calls $0.05
MajorZK: folds 
*** FLOP *** [4s Jh 8s]
Tonebewa: bets $0.02
bonuswm: raises $0.04 to $0.06
Dorex2007: calls $0.06
Tonebewa: calls $0.04
*** TURN *** [4s Jh 8s] [Tc]
Tonebewa: bets $0.10
bonuswm: calls $0.10
Dorex2007: folds 
*** RIVER *** [4s Jh 8s Tc] [6d]
Tonebewa: bets $0.10
bonuswm: folds 
Uncalled bet ($0.10) returned to Tonebewa
Tonebewa collected $0.56 from pot
*** SUMMARY ***
Total pot $0.58 | Rake $0.02 
Board [4s Jh 8s Tc 6d]
Seat 1: bonuswm folded on the River
Seat 2: Dorex2007 folded on the Turn
Seat 3: BrenoVns (button) folded before Flop (didn't bet)
Seat 4: Tonebewa (small blind) collected ($0.56)
Seat 5: MajorZK (big blind) folded before Flop
Seat 7: Hammerr2 folded before Flop (didn't bet)
Seat 8: vanelul folded before Flop (didn't bet)
Seat 9: kishiken folded before Flop (didn't bet)



PokerStars Hand #237996015590:  Hold'em No Limit ($0.01/$0.02 USD) - 2022/08/14 17:23:29 PT [2022/08/14 20:23:29 ET]
Table 'Begonia III' 9-max Seat #4 is the button
Seat 1: bonuswm ($4.45 in chips) 
Seat 2: Dorex2007 ($2 in chips) 
Seat 3: BrenoVns ($4.32 in chips) 
Seat 4: Tonebewa ($0.79 in chips) 
Seat 5: MajorZK ($0.86 in chips) 
Seat 7: Hammerr2 ($1.55 in chips) 
Seat 8: vanelul ($2.83 in chips) 
Seat 9: kishiken ($2.75 in chips) 
MajorZK: posts small blind $0.01
Hammerr2: posts big blind $0.02
*** HOLE CARDS ***
Dealt to Dorex2007 [9h 4h]
vanelul: folds 
kishiken: raises $0.03 to $0.05
bonuswm: folds 
Dorex2007: folds 
BrenoVns: folds 
Tonebewa: calls $0.05
MajorZK: calls $0.04
Hammerr2: folds 
*** FLOP *** [3d 5c 7d]
MajorZK: checks 
kishiken: checks 
Tonebewa: bets $0.06
MajorZK: folds 
kishiken: calls $0.06
*** TURN *** [3d 5c 7d] [9s]
kishiken: checks 
Tonebewa: bets $0.06
kishiken: calls $0.06
*** RIVER *** [3d 5c 7d 9s] [4d]
kishiken: checks 
Tonebewa: bets $0.10
kishiken: raises $0.22 to $0.32
Tonebewa: calls $0.22
*** SHOW DOWN ***
kishiken: shows [Ac Qs] (high card Ace)
Tonebewa: shows [Kh Ks] (a pair of Kings)
Tonebewa collected $1.01 from pot
*** SUMMARY ***
Total pot $1.05 | Rake $0.04 
Board [3d 5c 7d 9s 4d]
Seat 1: bonuswm folded before Flop (didn't bet)
Seat 2: Dorex2007 folded before Flop (didn't bet)
Seat 3: BrenoVns folded before Flop (didn't bet)
Seat 4: Tonebewa (button) showed [Kh Ks] and won ($1.01) with a pair of Kings
Seat 5: MajorZK (small blind) folded on the Flop
Seat 7: Hammerr2 (big blind) folded before Flop
Seat 8: vanelul folded before Flop (didn't bet)
Seat 9: kishiken showed [Ac Qs] and lost with high card Ace



PokerStars Hand #237996036372:  Hold'em No Limit ($0.01/$0.02 USD) - 2022/08/14 17:24:25 PT [2022/08/14 20:24:25 ET]
Table 'Begonia III' 9-max Seat #5 is the button
Seat 1: bonuswm ($4.45 in chips) 
Seat 2: Dorex2007 ($2 in chips) 
Seat 3: BrenoVns ($4.32 in chips) 
Seat 4: Tonebewa ($1.31 in chips) 
Seat 5: MajorZK ($0.81 in chips) 
Seat 7: Hammerr2 ($1.53 in chips) 
Seat 8: vanelul ($2.83 in chips) 
Seat 9: kishiken ($2.26 in chips) 
Hammerr2: posts small blind $0.01
vanelul: posts big blind $0.02
*** HOLE CARDS ***
Dealt to Dorex2007 [Th 7h]
kishiken: raises $0.03 to $0.05
bonuswm: folds 
Dorex2007: folds 
BrenoVns: folds 
Tonebewa: calls $0.05
MajorZK: folds 
Hammerr2: calls $0.04
vanelul: calls $0.03
*** FLOP *** [2s 3c 6h]
Hammerr2: checks 
vanelul: checks 
kishiken: bets $0.06
Tonebewa: calls $0.06
Hammerr2: folds 
vanelul: folds 
*** TURN *** [2s 3c 6h] [9d]
kishiken: bets $0.25
Tonebewa: folds 
Uncalled bet ($0.25) returned to kishiken
kishiken collected $0.31 from pot
kishiken: doesn't show hand 
*** SUMMARY ***
Total pot $0.32 | Rake $0.01 
Board [2s 3c 6h 9d]
Seat 1: bonuswm folded before Flop (didn't bet)
Seat 2: Dorex2007 folded before Flop (didn't bet)
Seat 3: BrenoVns folded before Flop (didn't bet)
Seat 4: Tonebewa folded on the Turn
Seat 5: MajorZK (button) folded before Flop (didn't bet)
Seat 7: Hammerr2 (small blind) folded on the Flop
Seat 8: vanelul (big blind) folded on the Flop
Seat 9: kishiken collected ($0.31)



PokerStars Hand #237996044883:  Hold'em No Limit ($0.01/$0.02 USD) - 2022/08/14 17:25:03 PT [2022/08/14 20:25:03 ET]
Table 'Begonia III' 9-max Seat #7 is the button
Seat 1: bonuswm ($4.45 in chips) 
Seat 2: Dorex2007 ($2 in chips) 
Seat 3: BrenoVns ($4.32 in chips) 
Seat 4: Tonebewa ($1.20 in chips) 
Seat 5: MajorZK ($0.81 in chips) 
Seat 7: Hammerr2 ($1.48 in chips) 
Seat 8: vanelul ($2.78 in chips) 
Seat 9: kishiken ($2.46 in chips) 
Rudy Raveyts joins the table at seat #6 
vanelul: posts small blind $0.01
kishiken: posts big blind $0.02
*** HOLE CARDS ***
Dealt to Dorex2007 [5d 7s]
bonuswm: raises $0.04 to $0.06
Dorex2007: folds 
BrenoVns: folds 
Tonebewa: folds 
MajorZK: calls $0.06
Hammerr2: calls $0.06
vanelul: folds 
kishiken: calls $0.04
*** FLOP *** [6c 2h Kc]
kishiken: checks 
bonuswm: checks 
MajorZK: checks 
Hammerr2: bets $0.10
kishiken: calls $0.10
bonuswm: folds 
MajorZK: folds 
*** TURN *** [6c 2h Kc] [Jh]
kishiken: checks 
Hammerr2: bets $0.10
kishiken: calls $0.10
*** RIVER *** [6c 2h Kc Jh] [Kd]
kishiken: checks 
Hammerr2: bets $0.12
kishiken: calls $0.12
*** SHOW DOWN ***
Hammerr2: shows [Td Ts] (two pair, Kings and Tens)
kishiken: shows [Jc 5c] (two pair, Kings and Jacks)
kishiken collected $0.86 from pot
*** SUMMARY ***
Total pot $0.89 | Rake $0.03 
Board [6c 2h Kc Jh Kd]
Seat 1: bonuswm folded on the Flop
Seat 2: Dorex2007 folded before Flop (didn't bet)
Seat 3: BrenoVns folded before Flop (didn't bet)
Seat 4: Tonebewa folded before Flop (didn't bet)
Seat 5: MajorZK folded on the Flop
Seat 7: Hammerr2 (button) showed [Td Ts] and lost with two pair, Kings and Tens
Seat 8: vanelul (small blind) folded before Flop
Seat 9: kishiken (big blind) showed [Jc 5c] and won ($0.86) with two pair, Kings and Jacks



PokerStars Hand #237996056612:  Hold'em No Limit ($0.01/$0.02 USD) - 2022/08/14 17:25:54 PT [2022/08/14 20:25:54 ET]
Table 'Begonia III' 9-max Seat #8 is the button
Seat 1: bonuswm ($4.39 in chips) 
Seat 2: Dorex2007 ($2 in chips) 
Seat 3: BrenoVns ($4.32 in chips) 
Seat 4: Tonebewa ($1.20 in chips) 
Seat 5: MajorZK ($0.75 in chips) 
Seat 7: Hammerr2 ($1.10 in chips) 
Seat 8: vanelul ($2.77 in chips) 
Seat 9: kishiken ($2.94 in chips) 
kishiken: posts small blind $0.01
bonuswm: posts big blind $0.02
Rudy Raveyts: sits out 
*** HOLE CARDS ***
Dealt to Dorex2007 [Qc 2d]
Dorex2007: folds 
BrenoVns: folds 
Tonebewa: calls $0.02
MajorZK: folds 
Hammerr2: calls $0.02
vanelul: folds 
kishiken: folds 
bonuswm: checks 
*** FLOP *** [8s Qh Kd]
bonuswm: checks 
Tonebewa: bets $0.10
Hammerr2: folds 
bonuswm: folds 
Uncalled bet ($0.10) returned to Tonebewa
Tonebewa collected $0.07 from pot
*** SUMMARY ***
Total pot $0.07 | Rake $0 
Board [8s Qh Kd]
Seat 1: bonuswm (big blind) folded on the Flop
Seat 2: Dorex2007 folded before Flop (didn't bet)
Seat 3: BrenoVns folded before Flop (didn't bet)
Seat 4: Tonebewa collected ($0.07)
Seat 5: MajorZK folded before Flop (didn't bet)
Seat 7: Hammerr2 folded on the Flop
Seat 8: vanelul (button) folded before Flop (didn't bet)
Seat 9: kishiken (small blind) folded before Flop



PokerStars Hand #237996065743:  Hold'em No Limit ($0.01/$0.02 USD) - 2022/08/14 17:26:35 PT [2022/08/14 20:26:35 ET]
Table 'Begonia III' 9-max Seat #9 is the button
Seat 1: bonuswm ($4.37 in chips) 
Seat 2: Dorex2007 ($2 in chips) 
Seat 3: BrenoVns ($4.32 in chips) 
Seat 4: Tonebewa ($1.25 in chips) 
Seat 5: MajorZK ($0.75 in chips) 
Seat 7: Hammerr2 ($1.08 in chips) 
Seat 8: vanelul ($2.77 in chips) 
Seat 9: kishiken ($2.93 in chips) 
bonuswm: posts small blind $0.01
Dorex2007: posts big blind $0.02
Rudy Raveyts: sits out 
*** HOLE CARDS ***
Dealt to Dorex2007 [4d 2s]
BrenoVns: folds 
Tonebewa: folds 
MajorZK: folds 
Hammerr2: folds 
vanelul: folds 
kishiken: raises $0.03 to $0.05
bonuswm: raises $0.13 to $0.18
Dorex2007: folds 
kishiken: folds 
Uncalled bet ($0.13) returned to bonuswm
bonuswm collected $0.12 from pot
bonuswm: doesn't show hand 
*** SUMMARY ***
Total pot $0.12 | Rake $0 
Seat 1: bonuswm (small blind) collected ($0.12)
Seat 2: Dorex2007 (big blind) folded before Flop
Seat 3: BrenoVns folded before Flop (didn't bet)
Seat 4: Tonebewa folded before Flop (didn't bet)
Seat 5: MajorZK folded before Flop (didn't bet)
Seat 7: Hammerr2 folded before Flop (didn't bet)
Seat 8: vanelul folded before Flop (didn't bet)
Seat 9: kishiken (button) folded before Flop



PokerStars Hand #237996070892:  Hold'em No Limit ($0.01/$0.02 USD) - 2022/08/14 17:26:58 PT [2022/08/14 20:26:58 ET]
Table 'Begonia III' 9-max Seat #1 is the button
Seat 1: bonuswm ($4.44 in chips) 
Seat 2: Dorex2007 ($2 in chips) 
Seat 3: BrenoVns ($4.32 in chips) 
Seat 4: Tonebewa ($1.25 in chips) 
Seat 5: MajorZK ($0.75 in chips) 
Seat 7: Hammerr2 ($1.08 in chips) 
Seat 8: vanelul ($2.77 in chips) 
Seat 9: kishiken ($2.88 in chips) 
Dorex2007: posts small blind $0.01
BrenoVns: posts big blind $0.02
Rudy Raveyts: sits out 
*** HOLE CARDS ***
Dealt to Dorex2007 [6c As]
Tonebewa: raises $0.02 to $0.04
MajorZK: calls $0.04
Hammerr2: folds 
vanelul: folds 
kishiken: folds 
bonuswm: calls $0.04
Dorex2007: folds 
BrenoVns: calls $0.02
*** FLOP *** [6s 3s 3c]
BrenoVns: checks 
Tonebewa: bets $0.04
MajorZK: folds 
bonuswm: folds 
BrenoVns: calls $0.04
*** TURN *** [6s 3s 3c] [2d]
BrenoVns: checks 
Tonebewa: bets $0.04
BrenoVns: calls $0.04
*** RIVER *** [6s 3s 3c 2d] [Qc]
BrenoVns: checks 
Tonebewa: bets $0.04
BrenoVns: calls $0.04
*** SHOW DOWN ***
Tonebewa: shows [6d Ad] (two pair, Sixes and Threes)
BrenoVns: mucks hand 
Tonebewa collected $0.40 from pot
*** SUMMARY ***
Total pot $0.41 | Rake $0.01 
Board [6s 3s 3c 2d Qc]
Seat 1: bonuswm (button) folded on the Flop
Seat 2: Dorex2007 (small blind) folded before Flop
Seat 3: BrenoVns (big blind) mucked [4s 4c]
Seat 4: Tonebewa showed [6d Ad] and won ($0.40) with two pair, Sixes and Threes
Seat 5: MajorZK folded on the Flop
Seat 7: Hammerr2 folded before Flop (didn't bet)
Seat 8: vanelul folded before Flop (didn't bet)
Seat 9: kishiken folded before Flop (didn't bet)



PokerStars Hand #237996085744:  Hold'em No Limit ($0.01/$0.02 USD) - 2022/08/14 17:28:05 PT [2022/08/14 20:28:05 ET]
Table 'Begonia III' 9-max Seat #2 is the button
Seat 1: bonuswm ($4.40 in chips) 
Seat 2: Dorex2007 ($2 in chips) 
Seat 3: BrenoVns ($4.16 in chips) 
Seat 4: Tonebewa ($1.49 in chips) 
Seat 5: MajorZK ($0.71 in chips) 
Seat 7: Hammerr2 ($1.08 in chips) 
Seat 8: vanelul ($2.77 in chips) 
Seat 9: kishiken ($2.88 in chips) 
BrenoVns: posts small blind $0.01
Tonebewa: posts big blind $0.02
Rudy Raveyts: sits out 
*** HOLE CARDS ***
Dealt to Dorex2007 [7h 2c]
MajorZK: calls $0.02
Hammerr2: folds 
vanelul: folds 
kishiken: raises $0.03 to $0.05
bonuswm: calls $0.05
Dorex2007: folds 
BrenoVns: folds 
Tonebewa: calls $0.03
MajorZK: calls $0.03
*** FLOP *** [5s 6d 8c]
Tonebewa: checks 
MajorZK: checks 
kishiken: checks 
bonuswm: checks 
*** TURN *** [5s 6d 8c] [Ts]
Tonebewa: bets $0.04
MajorZK: folds 
kishiken: folds 
bonuswm: raises $0.14 to $0.18
Tonebewa: folds 
Uncalled bet ($0.14) returned to bonuswm
bonuswm collected $0.28 from pot
bonuswm: doesn't show hand 
*** SUMMARY ***
Total pot $0.29 | Rake $0.01 
Board [5s 6d 8c Ts]
Seat 1: bonuswm collected ($0.28)
Seat 2: Dorex2007 (button) folded before Flop (didn't bet)
Seat 3: BrenoVns (small blind) folded before Flop
Seat 4: Tonebewa (big blind) folded on the Turn
Seat 5: MajorZK folded on the Turn
Seat 7: Hammerr2 folded before Flop (didn't bet)
Seat 8: vanelul folded before Flop (didn't bet)
Seat 9: kishiken folded on the Turn



PokerStars Hand #237996101874:  Hold'em No Limit ($0.01/$0.02 USD) - 2022/08/14 17:29:17 PT [2022/08/14 20:29:17 ET]
Table 'Begonia III' 9-max Seat #3 is the button
Seat 1: bonuswm ($4.59 in chips) 
Seat 2: Dorex2007 ($2 in chips) 
Seat 3: BrenoVns ($4.15 in chips) 
Seat 4: Tonebewa ($1.40 in chips) 
Seat 5: MajorZK ($0.66 in chips) 
Seat 7: Hammerr2 ($1.08 in chips) 
Seat 8: vanelul ($2.77 in chips) 
Seat 9: kishiken ($2.83 in chips) 
Tonebewa: posts small blind $0.01
MajorZK: posts big blind $0.02
Rudy Raveyts: sits out 
*** HOLE CARDS ***
Dealt to Dorex2007 [Td 7d]
Hammerr2: folds 
vanelul: folds 
kishiken: folds 
bonuswm: raises $0.04 to $0.06
Dorex2007: folds 
BrenoVns: folds 
Tonebewa: folds 
MajorZK: calls $0.04
*** FLOP *** [Jh 2d 4c]
MajorZK: checks 
bonuswm: bets $0.06
MajorZK: calls $0.06
*** TURN *** [Jh 2d 4c] [9d]
MajorZK: checks 
bonuswm: checks 
*** RIVER *** [Jh 2d 4c 9d] [5s]
MajorZK: checks 
bonuswm: checks 
*** SHOW DOWN ***
MajorZK: shows [Kc 4h] (a pair of Fours)
bonuswm: mucks hand 
MajorZK collected $0.24 from pot
*** SUMMARY ***
Total pot $0.25 | Rake $0.01 
Board [Jh 2d 4c 9d 5s]
Seat 1: bonuswm mucked [Qs As]
Seat 2: Dorex2007 folded before Flop (didn't bet)
Seat 3: BrenoVns (button) folded before Flop (didn't bet)
Seat 4: Tonebewa (small blind) folded before Flop
Seat 5: MajorZK (big blind) showed [Kc 4h] and won ($0.24) with a pair of Fours
Seat 7: Hammerr2 folded before Flop (didn't bet)
Seat 8: vanelul folded before Flop (didn't bet)
Seat 9: kishiken folded before Flop (didn't bet)



PokerStars Hand #237996113200:  Hold'em No Limit ($0.01/$0.02 USD) - 2022/08/14 17:30:07 PT [2022/08/14 20:30:07 ET]
Table 'Begonia III' 9-max Seat #4 is the button
Seat 1: bonuswm ($4.47 in chips) 
Seat 2: Dorex2007 ($2 in chips) 
Seat 3: BrenoVns ($4.15 in chips) 
Seat 4: Tonebewa ($1.39 in chips) 
Seat 5: MajorZK ($0.78 in chips) 
Seat 6: Rudy Raveyts ($2 in chips) 
Seat 7: Hammerr2 ($1.08 in chips) 
Seat 8: vanelul ($2.77 in chips) 
Seat 9: kishiken ($2.83 in chips) 
MajorZK: posts small blind $0.01
Rudy Raveyts: posts big blind $0.02
*** HOLE CARDS ***
Dealt to Dorex2007 [Jh 3c]
Hammerr2: folds 
vanelul: folds 
kishiken: folds 
bonuswm: folds 
Dorex2007: folds 
BrenoVns: folds 
Tonebewa: folds 
MajorZK: calls $0.01
Rudy Raveyts: checks 
*** FLOP *** [Tc 5s 8s]
MajorZK: bets $0.02
Rudy Raveyts: folds 
Uncalled bet ($0.02) returned to MajorZK
MajorZK collected $0.04 from pot
MajorZK: doesn't show hand 
*** SUMMARY ***
Total pot $0.04 | Rake $0 
Board [Tc 5s 8s]
Seat 1: bonuswm folded before Flop (didn't bet)
Seat 2: Dorex2007 folded before Flop (didn't bet)
Seat 3: BrenoVns folded before Flop (didn't bet)
Seat 4: Tonebewa (button) folded before Flop (didn't bet)
Seat 5: MajorZK (small blind) collected ($0.04)
Seat 6: Rudy Raveyts (big blind) folded on the Flop
Seat 7: Hammerr2 folded before Flop (didn't bet)
Seat 8: vanelul folded before Flop (didn't bet)
Seat 9: kishiken folded before Flop (didn't bet)



PokerStars Hand #237996122732:  Hold'em No Limit ($0.01/$0.02 USD) - 2022/08/14 17:30:36 PT [2022/08/14 20:30:36 ET]
Table 'Begonia III' 9-max Seat #5 is the button
Seat 1: bonuswm ($4.47 in chips) 
Seat 2: Dorex2007 ($2 in chips) 
Seat 3: BrenoVns ($4.15 in chips) 
Seat 4: Tonebewa ($1.39 in chips) 
Seat 5: MajorZK ($0.80 in chips) 
Seat 6: Rudy Raveyts ($1.98 in chips) 
Seat 7: Hammerr2 ($1.08 in chips) 
Seat 8: vanelul ($2.77 in chips) 
Seat 9: kishiken ($2.83 in chips) 
Rudy Raveyts: posts small blind $0.01
Hammerr2: posts big blind $0.02
*** HOLE CARDS ***
Dealt to Dorex2007 [3h 6d]
vanelul: raises $0.04 to $0.06
kishiken: folds 
bonuswm: calls $0.06
Dorex2007: folds 
BrenoVns: folds 
Tonebewa: folds 
MajorZK: folds 
Rudy Raveyts: folds 
Hammerr2: folds 
*** FLOP *** [9s 6h 9c]
vanelul: bets $0.14
bonuswm: folds 
Uncalled bet ($0.14) returned to vanelul
vanelul collected $0.14 from pot
vanelul: doesn't show hand 
*** SUMMARY ***
Total pot $0.15 | Rake $0.01 
Board [9s 6h 9c]
Seat 1: bonuswm folded on the Flop
Seat 2: Dorex2007 folded before Flop (didn't bet)
Seat 3: BrenoVns folded before Flop (didn't bet)
Seat 4: Tonebewa folded before Flop (didn't bet)
Seat 5: MajorZK (button) folded before Flop (didn't bet)
Seat 6: Rudy Raveyts (small blind) folded before Flop
Seat 7: Hammerr2 (big blind) folded before Flop
Seat 8: vanelul collected ($0.14)
Seat 9: kishiken folded before Flop (didn't bet)



PokerStars Hand #237996132340:  Hold'em No Limit ($0.01/$0.02 USD) - 2022/08/14 17:31:06 PT [2022/08/14 20:31:06 ET]
Table 'Begonia III' 9-max Seat #6 is the button
Seat 1: bonuswm ($4.41 in chips) 
Seat 2: Dorex2007 ($2 in chips) 
Seat 3: BrenoVns ($4.15 in chips) 
Seat 4: Tonebewa ($1.39 in chips) 
Seat 5: MajorZK ($0.80 in chips) 
Seat 6: Rudy Raveyts ($1.97 in chips) 
Seat 7: Hammerr2 ($1.06 in chips) 
Seat 8: vanelul ($2.85 in chips) 
Seat 9: kishiken ($2.83 in chips) 
Hammerr2: posts small blind $0.01
vanelul: posts big blind $0.02
*** HOLE CARDS ***
Dealt to Dorex2007 [6s Th]
kishiken: folds 
bonuswm: folds 
Dorex2007: folds 
BrenoVns: folds 
Tonebewa has timed out
Tonebewa: folds 
MajorZK: folds 
Rudy Raveyts: raises $0.03 to $0.05
Hammerr2: folds 
vanelul: folds 
Uncalled bet ($0.03) returned to Rudy Raveyts
Rudy Raveyts collected $0.05 from pot
*** SUMMARY ***
Total pot $0.05 | Rake $0 
Seat 1: bonuswm folded before Flop (didn't bet)
Seat 2: Dorex2007 folded before Flop (didn't bet)
Seat 3: BrenoVns folded before Flop (didn't bet)
Seat 4: Tonebewa folded before Flop (didn't bet)
Seat 5: MajorZK folded before Flop (didn't bet)
Seat 6: Rudy Raveyts (button) collected ($0.05)
Seat 7: Hammerr2 (small blind) folded before Flop
Seat 8: vanelul (big blind) folded before Flop
Seat 9: kishiken folded before Flop (didn't bet)



PokerStars Hand #237996139091:  Hold'em No Limit ($0.01/$0.02 USD) - 2022/08/14 17:31:37 PT [2022/08/14 20:31:37 ET]
Table 'Begonia III' 9-max Seat #7 is the button
Seat 1: bonuswm ($4.41 in chips) 
Seat 2: Dorex2007 ($2 in chips) 
Seat 3: BrenoVns ($4.15 in chips) 
Seat 5: MajorZK ($0.80 in chips) 
Seat 6: Rudy Raveyts ($2 in chips) 
Seat 7: Hammerr2 ($1.05 in chips) 
Seat 8: vanelul ($2.83 in chips) 
Seat 9: kishiken ($2.83 in chips) 
vanelul: posts small blind $0.01
kishiken: posts big blind $0.02
*** HOLE CARDS ***
Dealt to Dorex2007 [2d 5s]
bonuswm: folds 
Dorex2007: folds 
BrenoVns: folds 
MajorZK: calls $0.02
Rudy Raveyts: folds 
Hammerr2: calls $0.02
vanelul: raises $0.12 to $0.14
kishiken: calls $0.12
MajorZK: folds 
Hammerr2: folds 
*** FLOP *** [3s 2c Qh]
vanelul: bets $0.20
kishiken: folds 
Uncalled bet ($0.20) returned to vanelul
vanelul collected $0.31 from pot
vanelul: doesn't show hand 
*** SUMMARY ***
Total pot $0.32 | Rake $0.01 
Board [3s 2c Qh]
Seat 1: bonuswm folded before Flop (didn't bet)
Seat 2: Dorex2007 folded before Flop (didn't bet)
Seat 3: BrenoVns folded before Flop (didn't bet)
Seat 5: MajorZK folded before Flop
Seat 6: Rudy Raveyts folded before Flop (didn't bet)
Seat 7: Hammerr2 (button) folded before Flop
Seat 8: vanelul (small blind) collected ($0.31)
Seat 9: kishiken (big blind) folded on the Flop



PokerStars Hand #237996149379:  Hold'em No Limit ($0.01/$0.02 USD) - 2022/08/14 17:32:23 PT [2022/08/14 20:32:23 ET]
Table 'Begonia III' 9-max Seat #8 is the button
Seat 1: bonuswm ($4.41 in chips) 
Seat 2: Dorex2007 ($2 in chips) 
Seat 3: BrenoVns ($4.15 in chips) 
Seat 4: Tonebewa ($1.39 in chips) 
Seat 5: MajorZK ($0.78 in chips) 
Seat 6: Rudy Raveyts ($2 in chips) 
Seat 7: Hammerr2 ($1.03 in chips) 
Seat 8: vanelul ($3 in chips) 
Seat 9: kishiken ($2.69 in chips) 
kishiken: posts small blind $0.01
bonuswm: posts big blind $0.02
*** HOLE CARDS ***
Dealt to Dorex2007 [4c 2s]
Dorex2007: folds 
BrenoVns: folds 
Tonebewa: calls $0.02
MajorZK: folds 
Rudy Raveyts: folds 
Hammerr2: calls $0.02
vanelul: folds 
kishiken: calls $0.01
bonuswm: checks 
*** FLOP *** [3c Kc 5d]
kishiken: checks 
bonuswm: checks 
Tonebewa: checks 
Hammerr2: bets $0.04
kishiken: folds 
bonuswm: folds 
Tonebewa: folds 
Uncalled bet ($0.04) returned to Hammerr2
Hammerr2 collected $0.08 from pot
*** SUMMARY ***
Total pot $0.08 | Rake $0 
Board [3c Kc 5d]
Seat 1: bonuswm (big blind) folded on the Flop
Seat 2: Dorex2007 folded before Flop (didn't bet)
Seat 3: BrenoVns folded before Flop (didn't bet)
Seat 4: Tonebewa folded on the Flop
Seat 5: MajorZK folded before Flop (didn't bet)
Seat 6: Rudy Raveyts folded before Flop (didn't bet)
Seat 7: Hammerr2 collected ($0.08)
Seat 8: vanelul (button) folded before Flop (didn't bet)
Seat 9: kishiken (small blind) folded on the Flop



PokerStars Hand #237996158192:  Hold'em No Limit ($0.01/$0.02 USD) - 2022/08/14 17:33:03 PT [2022/08/14 20:33:03 ET]
Table 'Begonia III' 9-max Seat #9 is the button
Seat 1: bonuswm ($4.39 in chips) 
Seat 2: Dorex2007 ($2 in chips) 
Seat 3: BrenoVns ($4.15 in chips) 
Seat 4: Tonebewa ($1.37 in chips) 
Seat 5: MajorZK ($0.78 in chips) 
Seat 6: Rudy Raveyts ($2 in chips) 
Seat 7: Hammerr2 ($1.09 in chips) 
Seat 8: vanelul ($3 in chips) 
Seat 9: kishiken ($2.67 in chips) 
bonuswm: posts small blind $0.01
Dorex2007: posts big blind $0.02
*** HOLE CARDS ***
Dealt to Dorex2007 [7h 3c]
BrenoVns: folds 
Tonebewa: folds 
MajorZK: calls $0.02
Rudy Raveyts: folds 
Hammerr2: calls $0.02
vanelul: calls $0.02
kishiken: calls $0.02
bonuswm: calls $0.01
Dorex2007: checks 
*** FLOP *** [9d Qd 4h]
bonuswm: checks 
Dorex2007: checks 
MajorZK: checks 
Hammerr2: checks 
vanelul: bets $0.09
kishiken: folds 
bonuswm: folds 
Dorex2007: folds 
MajorZK: calls $0.09
Hammerr2: folds 
*** TURN *** [9d Qd 4h] [2h]
MajorZK: checks 
vanelul: bets $0.18
MajorZK: folds 
Uncalled bet ($0.18) returned to vanelul
vanelul collected $0.29 from pot
vanelul: doesn't show hand 
*** SUMMARY ***
Total pot $0.30 | Rake $0.01 
Board [9d Qd 4h 2h]
Seat 1: bonuswm (small blind) folded on the Flop
Seat 2: Dorex2007 (big blind) folded on the Flop
Seat 3: BrenoVns folded before Flop (didn't bet)
Seat 4: Tonebewa folded before Flop (didn't bet)
Seat 5: MajorZK folded on the Turn
Seat 6: Rudy Raveyts folded before Flop (didn't bet)
Seat 7: Hammerr2 folded on the Flop
Seat 8: vanelul collected ($0.29)
Seat 9: kishiken (button) folded on the Flop



PokerStars Hand #237996171271:  Hold'em No Limit ($0.01/$0.02 USD) - 2022/08/14 17:34:02 PT [2022/08/14 20:34:02 ET]
Table 'Begonia III' 9-max Seat #1 is the button
Seat 1: bonuswm ($4.37 in chips) 
Seat 2: Dorex2007 ($2 in chips) 
Seat 3: BrenoVns ($4.15 in chips) 
Seat 4: Tonebewa ($1.37 in chips) 
Seat 5: MajorZK ($0.67 in chips) 
Seat 6: Rudy Raveyts ($2 in chips) 
Seat 7: Hammerr2 ($1.07 in chips) 
Seat 8: vanelul ($3.18 in chips) 
Seat 9: kishiken ($2.65 in chips) 
Dorex2007: posts small blind $0.01
BrenoVns: posts big blind $0.02
*** HOLE CARDS ***
Dealt to Dorex2007 [As Kc]
Tonebewa: calls $0.02
MajorZK: folds 
Rudy Raveyts: calls $0.02
Hammerr2: folds 
vanelul: calls $0.02
kishiken: folds 
bonuswm: raises $0.04 to $0.06
Dorex2007: raises $0.20 to $0.26
BrenoVns: folds 
Tonebewa: folds 
Rudy Raveyts: folds 
vanelul: folds 
bonuswm: folds 
Uncalled bet ($0.20) returned to Dorex2007
Dorex2007 collected $0.20 from pot
Dorex2007: doesn't show hand 
*** SUMMARY ***
Total pot $0.20 | Rake $0 
Seat 1: bonuswm (button) folded before Flop
Seat 2: Dorex2007 (small blind) collected ($0.20)
Seat 3: BrenoVns (big blind) folded before Flop
Seat 4: Tonebewa folded before Flop
Seat 5: MajorZK folded before Flop (didn't bet)
Seat 6: Rudy Raveyts folded before Flop
Seat 7: Hammerr2 folded before Flop (didn't bet)
Seat 8: vanelul folded before Flop
Seat 9: kishiken folded before Flop (didn't bet)



PokerStars Hand #237996178280:  Hold'em No Limit ($0.01/$0.02 USD) - 2022/08/14 17:34:34 PT [2022/08/14 20:34:34 ET]
Table 'Begonia III' 9-max Seat #2 is the button
Seat 1: bonuswm ($4.31 in chips) 
Seat 2: Dorex2007 ($2.14 in chips) 
Seat 3: BrenoVns ($4.13 in chips) 
Seat 4: Tonebewa ($1.35 in chips) 
Seat 5: MajorZK ($0.67 in chips) 
Seat 6: Rudy Raveyts ($1.98 in chips) 
Seat 7: Hammerr2 ($1.07 in chips) 
Seat 8: vanelul ($3.16 in chips) 
Seat 9: kishiken ($2.65 in chips) 
BrenoVns: posts small blind $0.01
Tonebewa: posts big blind $0.02
*** HOLE CARDS ***
Dealt to Dorex2007 [Ah 9d]
MajorZK: calls $0.02
Rudy Raveyts: folds 
Hammerr2: folds 
vanelul: folds 
kishiken: raises $0.06 to $0.08
bonuswm: folds 
Dorex2007: folds 
BrenoVns: folds 
Tonebewa: folds 
MajorZK: folds 
Uncalled bet ($0.06) returned to kishiken
kishiken collected $0.07 from pot
kishiken: doesn't show hand 
*** SUMMARY ***
Total pot $0.07 | Rake $0 
Seat 1: bonuswm folded before Flop (didn't bet)
Seat 2: Dorex2007 (button) folded before Flop (didn't bet)
Seat 3: BrenoVns (small blind) folded before Flop
Seat 4: Tonebewa (big blind) folded before Flop
Seat 5: MajorZK folded before Flop
Seat 6: Rudy Raveyts folded before Flop (didn't bet)
Seat 7: Hammerr2 folded before Flop (didn't bet)
Seat 8: vanelul folded before Flop (didn't bet)
Seat 9: kishiken collected ($0.07)



PokerStars Hand #237996185785:  Hold'em No Limit ($0.01/$0.02 USD) - 2022/08/14 17:35:08 PT [2022/08/14 20:35:08 ET]
Table 'Begonia III' 9-max Seat #3 is the button
Seat 1: bonuswm ($4.31 in chips) 
Seat 2: Dorex2007 ($2.14 in chips) 
Seat 3: BrenoVns ($4.12 in chips) 
Seat 4: Tonebewa ($1.33 in chips) 
Seat 5: MajorZK ($0.65 in chips) 
Seat 6: Rudy Raveyts ($1.98 in chips) 
Seat 7: Hammerr2 ($1.07 in chips) 
Seat 8: vanelul ($3.16 in chips) 
Seat 9: kishiken ($2.70 in chips) 
Tonebewa: posts small blind $0.01
MajorZK: posts big blind $0.02
*** HOLE CARDS ***
Dealt to Dorex2007 [Js 6h]
Rudy Raveyts: folds 
Hammerr2: folds 
vanelul: folds 
kishiken: raises $0.03 to $0.05
bonuswm: calls $0.05
Dorex2007: folds 
BrenoVns: folds 
Tonebewa: folds 
MajorZK: folds 
*** FLOP *** [Th Kh Qd]
kishiken: bets $0.04
bonuswm: folds 
Uncalled bet ($0.04) returned to kishiken
kishiken collected $0.13 from pot
kishiken: doesn't show hand 
*** SUMMARY ***
Total pot $0.13 | Rake $0 
Board [Th Kh Qd]
Seat 1: bonuswm folded on the Flop
Seat 2: Dorex2007 folded before Flop (didn't bet)
Seat 3: BrenoVns (button) folded before Flop (didn't bet)
Seat 4: Tonebewa (small blind) folded before Flop
Seat 5: MajorZK (big blind) folded before Flop
Seat 6: Rudy Raveyts folded before Flop (didn't bet)
Seat 7: Hammerr2 folded before Flop (didn't bet)
Seat 8: vanelul folded before Flop (didn't bet)
Seat 9: kishiken collected ($0.13)



PokerStars Hand #237996192876:  Hold'em No Limit ($0.01/$0.02 USD) - 2022/08/14 17:35:40 PT [2022/08/14 20:35:40 ET]
Table 'Begonia III' 9-max Seat #4 is the button
Seat 1: bonuswm ($4.26 in chips) 
Seat 2: Dorex2007 ($2.14 in chips) 
Seat 3: BrenoVns ($4.12 in chips) 
Seat 4: Tonebewa ($1.32 in chips) 
Seat 5: MajorZK ($0.63 in chips) 
Seat 6: Rudy Raveyts ($1.98 in chips) 
Seat 7: Hammerr2 ($1.07 in chips) 
Seat 8: vanelul ($3.16 in chips) 
Seat 9: kishiken ($2.78 in chips) 
MajorZK: posts small blind $0.01
Rudy Raveyts: posts big blind $0.02
*** HOLE CARDS ***
Dealt to Dorex2007 [9d 6s]
Hammerr2: folds 
vanelul: folds 
kishiken: folds 
bonuswm: folds 
Dorex2007: folds 
BrenoVns: folds 
Tonebewa: calls $0.02
MajorZK: calls $0.01
Rudy Raveyts: checks 
*** FLOP *** [9s Tc Td]
MajorZK: checks 
Rudy Raveyts: checks 
Tonebewa: checks 
*** TURN *** [9s Tc Td] [3c]
MajorZK: bets $0.03
Rudy Raveyts: folds 
Tonebewa: calls $0.03
*** RIVER *** [9s Tc Td 3c] [Kd]
MajorZK: checks 
vanelul leaves the table
Tonebewa: bets $0.02
MajorZK: calls $0.02
*** SHOW DOWN ***
Tonebewa: shows [5d 3d] (two pair, Tens and Threes)
MajorZK: shows [Qs 3s] (two pair, Tens and Threes)
Rex Dansy joins the table at seat #8 
MajorZK collected $0.08 from pot
Tonebewa collected $0.07 from pot
*** SUMMARY ***
Total pot $0.16 | Rake $0.01 
Board [9s Tc Td 3c Kd]
Seat 1: bonuswm folded before Flop (didn't bet)
Seat 2: Dorex2007 folded before Flop (didn't bet)
Seat 3: BrenoVns folded before Flop (didn't bet)
Seat 4: Tonebewa (button) showed [5d 3d] and won ($0.07) with two pair, Tens and Threes
Seat 5: MajorZK (small blind) showed [Qs 3s] and won ($0.08) with two pair, Tens and Threes
Seat 6: Rudy Raveyts (big blind) folded on the Turn
Seat 7: Hammerr2 folded before Flop (didn't bet)
Seat 8: vanelul folded before Flop (didn't bet)
Seat 9: kishiken folded before Flop (didn't bet)



PokerStars Hand #237996215654:  Hold'em No Limit ($0.01/$0.02 USD) - 2022/08/14 17:36:56 PT [2022/08/14 20:36:56 ET]
Table 'Begonia III' 9-max Seat #5 is the button
Seat 1: bonuswm ($4.26 in chips) 
Seat 2: Dorex2007 ($2.14 in chips) 
Seat 3: BrenoVns ($4.12 in chips) 
Seat 4: Tonebewa ($1.32 in chips) 
Seat 5: MajorZK ($0.64 in chips) 
Seat 6: Rudy Raveyts ($1.96 in chips) 
Seat 7: Hammerr2 ($1.07 in chips) 
Seat 9: kishiken ($2.78 in chips) 
Rudy Raveyts: posts small blind $0.01
Hammerr2: posts big blind $0.02
Rex Dansy: sits out 
*** HOLE CARDS ***
Dealt to Dorex2007 [2s Kd]
kishiken: folds 
bonuswm: raises $0.04 to $0.06
Dorex2007: folds 
BrenoVns: raises $0.12 to $0.18
Tonebewa: folds 
MajorZK: folds 
Rudy Raveyts: calls $0.17
Hammerr2: folds 
bonuswm: calls $0.12
*** FLOP *** [Ks 3c 7s]
Rudy Raveyts: checks 
bonuswm: checks 
BrenoVns: checks 
*** TURN *** [Ks 3c 7s] [6h]
Rudy Raveyts: bets $0.54
bonuswm: folds 
BrenoVns: folds 
Uncalled bet ($0.54) returned to Rudy Raveyts
Rudy Raveyts collected $0.54 from pot
*** SUMMARY ***
Total pot $0.56 | Rake $0.02 
Board [Ks 3c 7s 6h]
Seat 1: bonuswm folded on the Turn
Seat 2: Dorex2007 folded before Flop (didn't bet)
Seat 3: BrenoVns folded on the Turn
Seat 4: Tonebewa folded before Flop (didn't bet)
Seat 5: MajorZK (button) folded before Flop (didn't bet)
Seat 6: Rudy Raveyts (small blind) collected ($0.54)
Seat 7: Hammerr2 (big blind) folded before Flop
Seat 9: kishiken folded before Flop (didn't bet)



PokerStars Hand #237996228624:  Hold'em No Limit ($0.01/$0.02 USD) - 2022/08/14 17:37:55 PT [2022/08/14 20:37:55 ET]
Table 'Begonia III' 9-max Seat #6 is the button
Seat 1: bonuswm ($4.08 in chips) 
Seat 2: Dorex2007 ($2.14 in chips) 
Seat 3: BrenoVns ($3.94 in chips) 
Seat 4: Tonebewa ($1.32 in chips) 
Seat 5: MajorZK ($0.64 in chips) 
Seat 6: Rudy Raveyts ($2.32 in chips) 
Seat 7: Hammerr2 ($1.05 in chips) 
Seat 8: Rex Dansy ($0.80 in chips) 
Seat 9: kishiken ($2.78 in chips) 
Hammerr2: posts small blind $0.01
Rex Dansy: posts big blind $0.02
*** HOLE CARDS ***
Dealt to Dorex2007 [2c 8h]
kishiken: folds 
bonuswm: raises $0.04 to $0.06
Dorex2007: folds 
BrenoVns: folds 
Tonebewa: calls $0.06
MajorZK: calls $0.06
Rudy Raveyts: folds 
Hammerr2: folds 
Rex Dansy: folds 
*** FLOP *** [Jd 2s Ad]
bonuswm: checks 
Tonebewa: checks 
MajorZK: checks 
*** TURN *** [Jd 2s Ad] [Ah]
bonuswm: checks 
Tonebewa: bets $0.04
MajorZK: raises $0.04 to $0.08
bonuswm: folds 
Tonebewa: calls $0.04
*** RIVER *** [Jd 2s Ad Ah] [5d]
Tonebewa: bets $0.04
MajorZK: raises $0.46 to $0.50 and is all-in
Tonebewa: calls $0.46
*** SHOW DOWN ***
MajorZK: shows [Ac 9d] (three of a kind, Aces)
Tonebewa: shows [4h 2h] (two pair, Aces and Deuces)
MajorZK collected $1.32 from pot
*** SUMMARY ***
Total pot $1.37 | Rake $0.05 
Board [Jd 2s Ad Ah 5d]
Seat 1: bonuswm folded on the Turn
Seat 2: Dorex2007 folded before Flop (didn't bet)
Seat 3: BrenoVns folded before Flop (didn't bet)
Seat 4: Tonebewa showed [4h 2h] and lost with two pair, Aces and Deuces
Seat 5: MajorZK showed [Ac 9d] and won ($1.32) with three of a kind, Aces
Seat 6: Rudy Raveyts (button) folded before Flop (didn't bet)
Seat 7: Hammerr2 (small blind) folded before Flop
Seat 8: Rex Dansy (big blind) folded before Flop
Seat 9: kishiken folded before Flop (didn't bet)



PokerStars Hand #237996240733:  Hold'em No Limit ($0.01/$0.02 USD) - 2022/08/14 17:38:49 PT [2022/08/14 20:38:49 ET]
Table 'Begonia III' 9-max Seat #7 is the button
Seat 1: bonuswm ($4.02 in chips) 
Seat 2: Dorex2007 ($2.14 in chips) 
Seat 3: BrenoVns ($3.94 in chips) 
Seat 4: Tonebewa ($0.68 in chips) 
Seat 5: MajorZK ($1.32 in chips) 
Seat 6: Rudy Raveyts ($2.32 in chips) 
Seat 7: Hammerr2 ($1.04 in chips) 
Seat 8: Rex Dansy ($0.78 in chips) 
Seat 9: kishiken ($2.78 in chips) 
Rex Dansy: posts small blind $0.01
kishiken: posts big blind $0.02
*** HOLE CARDS ***
Dealt to Dorex2007 [6c 3h]
bonuswm: folds 
Dorex2007: folds 
BrenoVns: folds 
Tonebewa: folds 
MajorZK: folds 
Rudy Raveyts: folds 
Hammerr2: calls $0.02
Rex Dansy: folds 
kishiken: checks 
*** FLOP *** [Td As Tc]
kishiken: checks 
Hammerr2: bets $0.04
kishiken: folds 
Uncalled bet ($0.04) returned to Hammerr2
Hammerr2 collected $0.05 from pot
*** SUMMARY ***
Total pot $0.05 | Rake $0 
Board [Td As Tc]
Seat 1: bonuswm folded before Flop (didn't bet)
Seat 2: Dorex2007 folded before Flop (didn't bet)
Seat 3: BrenoVns folded before Flop (didn't bet)
Seat 4: Tonebewa folded before Flop (didn't bet)
Seat 5: MajorZK folded before Flop (didn't bet)
Seat 6: Rudy Raveyts folded before Flop (didn't bet)
Seat 7: Hammerr2 (button) collected ($0.05)
Seat 8: Rex Dansy (small blind) folded before Flop
Seat 9: kishiken (big blind) folded on the Flop



PokerStars Hand #237996247108:  Hold'em No Limit ($0.01/$0.02 USD) - 2022/08/14 17:39:18 PT [2022/08/14 20:39:18 ET]
Table 'Begonia III' 9-max Seat #8 is the button
Seat 1: bonuswm ($4.02 in chips) 
Seat 2: Dorex2007 ($2.14 in chips) 
Seat 3: BrenoVns ($3.94 in chips) 
Seat 4: Tonebewa ($0.68 in chips) 
Seat 5: MajorZK ($1.32 in chips) 
Seat 6: Rudy Raveyts ($2.32 in chips) 
Seat 7: Hammerr2 ($1.07 in chips) 
Seat 8: Rex Dansy ($0.77 in chips) 
Seat 9: kishiken ($2.76 in chips) 
kishiken: posts small blind $0.01
bonuswm: posts big blind $0.02
*** HOLE CARDS ***
Dealt to Dorex2007 [5d 7d]
Dorex2007: folds 
BrenoVns: folds 
Tonebewa: calls $0.02
MajorZK: calls $0.02
Rudy Raveyts: folds 
Hammerr2: folds 
Rex Dansy: calls $0.02
kishiken: folds 
bonuswm: checks 
*** FLOP *** [2d 5c Kh]
bonuswm: checks 
Tonebewa: bets $0.02
MajorZK: calls $0.02
Rex Dansy: calls $0.02
bonuswm: calls $0.02
*** TURN *** [2d 5c Kh] [Qs]
bonuswm: checks 
Tonebewa: bets $0.02
MajorZK: calls $0.02
Rex Dansy: calls $0.02
bonuswm: calls $0.02
*** RIVER *** [2d 5c Kh Qs] [Jd]
bonuswm: checks 
Tonebewa: bets $0.24
MajorZK: folds 
Rex Dansy: folds 
bonuswm: folds 
Uncalled bet ($0.24) returned to Tonebewa
Tonebewa collected $0.24 from pot
*** SUMMARY ***
Total pot $0.25 | Rake $0.01 
Board [2d 5c Kh Qs Jd]
Seat 1: bonuswm (big blind) folded on the River
Seat 2: Dorex2007 folded before Flop (didn't bet)
Seat 3: BrenoVns folded before Flop (didn't bet)
Seat 4: Tonebewa collected ($0.24)
Seat 5: MajorZK folded on the River
Seat 6: Rudy Raveyts folded before Flop (didn't bet)
Seat 7: Hammerr2 folded before Flop (didn't bet)
Seat 8: Rex Dansy (button) folded on the River
Seat 9: kishiken (small blind) folded before Flop



PokerStars Hand #237996263430:  Hold'em No Limit ($0.01/$0.02 USD) - 2022/08/14 17:40:33 PT [2022/08/14 20:40:33 ET]
Table 'Begonia III' 9-max Seat #9 is the button
Seat 1: bonuswm ($3.96 in chips) 
Seat 2: Dorex2007 ($2.14 in chips) 
Seat 3: BrenoVns ($3.94 in chips) 
Seat 4: Tonebewa ($0.86 in chips) 
Seat 5: MajorZK ($1.26 in chips) 
Seat 6: Rudy Raveyts ($2.32 in chips) 
Seat 7: Hammerr2 ($1.07 in chips) 
Seat 8: Rex Dansy ($0.71 in chips) 
Seat 9: kishiken ($2.75 in chips) 
bonuswm: posts small blind $0.01
Dorex2007: posts big blind $0.02
*** HOLE CARDS ***
Dealt to Dorex2007 [Kc Jd]
BrenoVns: folds 
Tonebewa: calls $0.02
MajorZK: folds 
Rudy Raveyts: folds 
Hammerr2: calls $0.02
Rex Dansy: folds 
kishiken: folds 
bonuswm: folds 
Dorex2007: checks 
*** FLOP *** [4d Ks 8s]
Dorex2007: checks 
Tonebewa: checks 
Hammerr2: checks 
*** TURN *** [4d Ks 8s] [5c]
Dorex2007: bets $0.05
Tonebewa: calls $0.05
Hammerr2: folds 
*** RIVER *** [4d Ks 8s 5c] [3s]
Dorex2007: bets $0.08
Tonebewa: folds 
Uncalled bet ($0.08) returned to Dorex2007
Dorex2007 collected $0.16 from pot
Dorex2007: doesn't show hand 
*** SUMMARY ***
Total pot $0.17 | Rake $0.01 
Board [4d Ks 8s 5c 3s]
Seat 1: bonuswm (small blind) folded before Flop
Seat 2: Dorex2007 (big blind) collected ($0.16)
Seat 3: BrenoVns folded before Flop (didn't bet)
Seat 4: Tonebewa folded on the River
Seat 5: MajorZK folded before Flop (didn't bet)
Seat 6: Rudy Raveyts folded before Flop (didn't bet)
Seat 7: Hammerr2 folded on the Turn
Seat 8: Rex Dansy folded before Flop (didn't bet)
Seat 9: kishiken (button) folded before Flop (didn't bet)



PokerStars Hand #237996278827:  Hold'em No Limit ($0.01/$0.02 USD) - 2022/08/14 17:41:17 PT [2022/08/14 20:41:17 ET]
Table 'Begonia III' 9-max Seat #1 is the button
Seat 1: bonuswm ($3.95 in chips) 
Seat 2: Dorex2007 ($2.23 in chips) 
Seat 3: BrenoVns ($3.94 in chips) 
Seat 4: Tonebewa ($0.79 in chips) 
Seat 5: MajorZK ($1.26 in chips) 
Seat 6: Rudy Raveyts ($2.32 in chips) 
Seat 7: Hammerr2 ($1.05 in chips) 
Seat 8: Rex Dansy ($0.71 in chips) 
Seat 9: kishiken ($2.75 in chips) 
Dorex2007: posts small blind $0.01
BrenoVns: posts big blind $0.02
*** HOLE CARDS ***
Dealt to Dorex2007 [5s 4h]
Tonebewa: folds 
MajorZK: folds 
Rudy Raveyts: folds 
Hammerr2: calls $0.02
Rex Dansy: folds 
kishiken: folds 
bonuswm: raises $0.04 to $0.06
Dorex2007: folds 
BrenoVns: folds 
Hammerr2: calls $0.04
*** FLOP *** [8d 8s 9s]
Hammerr2: checks 
bonuswm: checks 
*** TURN *** [8d 8s 9s] [6h]
Hammerr2: checks 
bonuswm: bets $0.07
Hammerr2: calls $0.07
*** RIVER *** [8d 8s 9s 6h] [4s]
Hammerr2: checks 
bonuswm: checks 
*** SHOW DOWN ***
Hammerr2: shows [Ts Qd] (a pair of Eights)
bonuswm: shows [Ac 5c] (a pair of Eights - Ace kicker)
bonuswm collected $0.28 from pot
*** SUMMARY ***
Total pot $0.29 | Rake $0.01 
Board [8d 8s 9s 6h 4s]
Seat 1: bonuswm (button) showed [Ac 5c] and won ($0.28) with a pair of Eights
Seat 2: Dorex2007 (small blind) folded before Flop
Seat 3: BrenoVns (big blind) folded before Flop
Seat 4: Tonebewa folded before Flop (didn't bet)
Seat 5: MajorZK folded before Flop (didn't bet)
Seat 6: Rudy Raveyts folded before Flop (didn't bet)
Seat 7: Hammerr2 showed [Ts Qd] and lost with a pair of Eights
Seat 8: Rex Dansy folded before Flop (didn't bet)
Seat 9: kishiken folded before Flop (didn't bet)



PokerStars Hand #237996288053:  Hold'em No Limit ($0.01/$0.02 USD) - 2022/08/14 17:42:01 PT [2022/08/14 20:42:01 ET]
Table 'Begonia III' 9-max Seat #2 is the button
Seat 1: bonuswm ($4.10 in chips) 
Seat 2: Dorex2007 ($2.22 in chips) 
Seat 3: BrenoVns ($3.92 in chips) 
Seat 4: Tonebewa ($0.79 in chips) 
Seat 5: MajorZK ($1.26 in chips) 
Seat 6: Rudy Raveyts ($2.32 in chips) 
Seat 7: Hammerr2 ($0.92 in chips) 
Seat 8: Rex Dansy ($0.71 in chips) 
Seat 9: kishiken ($2.75 in chips) 
BrenoVns: posts small blind $0.01
Tonebewa: posts big blind $0.02
*** HOLE CARDS ***
Dealt to Dorex2007 [Th Ad]
MajorZK: folds 
Rudy Raveyts: folds 
Hammerr2: folds 
Rex Dansy: folds 
kishiken: folds 
bonuswm: folds 
Dorex2007: raises $0.04 to $0.06
BrenoVns: folds 
Tonebewa: calls $0.04
*** FLOP *** [4s As Kc]
Tonebewa: bets $0.04
Dorex2007: raises $0.04 to $0.08
Tonebewa: calls $0.04
*** TURN *** [4s As Kc] [Ah]
Tonebewa: bets $0.04
Dorex2007: calls $0.04
*** RIVER *** [4s As Kc Ah] [7c]
Tonebewa: bets $0.08
Dorex2007: raises $0.12 to $0.20
Tonebewa: folds 
Uncalled bet ($0.12) returned to Dorex2007
Dorex2007 collected $0.51 from pot
Dorex2007: doesn't show hand 
*** SUMMARY ***
Total pot $0.53 | Rake $0.02 
Board [4s As Kc Ah 7c]
Seat 1: bonuswm folded before Flop (didn't bet)
Seat 2: Dorex2007 (button) collected ($0.51)
Seat 3: BrenoVns (small blind) folded before Flop
Seat 4: Tonebewa (big blind) folded on the River
Seat 5: MajorZK folded before Flop (didn't bet)
Seat 6: Rudy Raveyts folded before Flop (didn't bet)
Seat 7: Hammerr2 folded before Flop (didn't bet)
Seat 8: Rex Dansy folded before Flop (didn't bet)
Seat 9: kishiken folded before Flop (didn't bet)



PokerStars Hand #237996302684:  Hold'em No Limit ($0.01/$0.02 USD) - 2022/08/14 17:43:08 PT [2022/08/14 20:43:08 ET]
Table 'Begonia III' 9-max Seat #3 is the button
Seat 1: bonuswm ($4.10 in chips) 
Seat 2: Dorex2007 ($2.47 in chips) 
Seat 3: BrenoVns ($3.91 in chips) 
Seat 4: Tonebewa ($0.53 in chips) 
Seat 5: MajorZK ($1.26 in chips) 
Seat 6: Rudy Raveyts ($2.32 in chips) 
Seat 7: Hammerr2 ($0.92 in chips) 
Seat 8: Rex Dansy ($0.71 in chips) 
Seat 9: kishiken ($2.75 in chips) 
Tonebewa: posts small blind $0.01
MajorZK: posts big blind $0.02
*** HOLE CARDS ***
Dealt to Dorex2007 [8c 7s]
Rudy Raveyts: folds 
Hammerr2: calls $0.02
Rex Dansy: folds 
kishiken: folds 
bonuswm: folds 
Dorex2007: folds 
BrenoVns: folds 
Tonebewa: calls $0.01
MajorZK: checks 
*** FLOP *** [4d Js Qd]
Tonebewa: bets $0.04
MajorZK: calls $0.04
Hammerr2: calls $0.04
*** TURN *** [4d Js Qd] [6s]
Tonebewa: bets $0.06
MajorZK: calls $0.06
Hammerr2: calls $0.06
*** RIVER *** [4d Js Qd 6s] [Qs]
Tonebewa: bets $0.06
MajorZK: raises $0.24 to $0.30
Hammerr2: raises $0.50 to $0.80 and is all-in
Tonebewa: calls $0.35 and is all-in
MajorZK: calls $0.50
*** SHOW DOWN ***
Hammerr2: shows [Ah As] (two pair, Aces and Queens)
MajorZK: shows [Qc 5d] (three of a kind, Queens)
MajorZK collected $0.76 from side pot
Tonebewa: shows [Kd Kc] (two pair, Kings and Queens)
MajorZK collected $1.53 from main pot
*** SUMMARY ***
Total pot $2.37 Main pot $1.53. Side pot $0.76. | Rake $0.08 
Board [4d Js Qd 6s Qs]
Seat 1: bonuswm folded before Flop (didn't bet)
Seat 2: Dorex2007 folded before Flop (didn't bet)
Seat 3: BrenoVns (button) folded before Flop (didn't bet)
Seat 4: Tonebewa (small blind) showed [Kd Kc] and lost with two pair, Kings and Queens
Seat 5: MajorZK (big blind) showed [Qc 5d] and won ($2.29) with three of a kind, Queens
Seat 6: Rudy Raveyts folded before Flop (didn't bet)
Seat 7: Hammerr2 showed [Ah As] and lost with two pair, Aces and Queens
Seat 8: Rex Dansy folded before Flop (didn't bet)
Seat 9: kishiken folded before Flop (didn't bet)



PokerStars Hand #237996321213:  Hold'em No Limit ($0.01/$0.02 USD) - 2022/08/14 17:44:34 PT [2022/08/14 20:44:34 ET]
Table 'Begonia III' 9-max Seat #5 is the button
Seat 1: bonuswm ($4.10 in chips) 
Seat 2: Dorex2007 ($2.47 in chips) 
Seat 3: BrenoVns ($3.91 in chips) 
Seat 5: MajorZK ($2.63 in chips) 
Seat 6: Rudy Raveyts ($2.32 in chips) 
Seat 8: Rex Dansy ($0.71 in chips) 
Seat 9: kishiken ($2.75 in chips) 
Rudy Raveyts: posts small blind $0.01
Rex Dansy: posts big blind $0.02
*** HOLE CARDS ***
Dealt to Dorex2007 [3h Ad]
kishiken: folds 
bonuswm: folds 
Dorex2007: folds 
Hammerr2 leaves the table
BrenoVns: raises $0.03 to $0.05
MajorZK: calls $0.05
Rudy Raveyts: folds 
Rex Dansy: calls $0.03
*** FLOP *** [4d 5h 3s]
Rex Dansy: checks 
BrenoVns: checks 
MajorZK: checks 
*** TURN *** [4d 5h 3s] [Kc]
Tonebewa leaves the table
Rex Dansy: bets $0.04
BrenoVns: folds 
MajorZK: calls $0.04
*** RIVER *** [4d 5h 3s Kc] [8h]
Rex Dansy: bets $0.04
MajorZK: calls $0.04
*** SHOW DOWN ***
Rex Dansy: shows [5c 5s] (three of a kind, Fives)
MajorZK: mucks hand 
Rex Dansy collected $0.31 from pot
*** SUMMARY ***
Total pot $0.32 | Rake $0.01 
Board [4d 5h 3s Kc 8h]
Seat 1: bonuswm folded before Flop (didn't bet)
Seat 2: Dorex2007 folded before Flop (didn't bet)
Seat 3: BrenoVns folded on the Turn
Seat 5: MajorZK (button) mucked [Jd Jc]
Seat 6: Rudy Raveyts (small blind) folded before Flop
Seat 8: Rex Dansy (big blind) showed [5c 5s] and won ($0.31) with three of a kind, Fives
Seat 9: kishiken folded before Flop (didn't bet)



PokerStars Hand #237996334125:  Hold'em No Limit ($0.01/$0.02 USD) - 2022/08/14 17:45:34 PT [2022/08/14 20:45:34 ET]
Table 'Begonia III' 9-max Seat #6 is the button
Seat 1: bonuswm ($4.10 in chips) 
Seat 2: Dorex2007 ($2.47 in chips) 
Seat 3: BrenoVns ($3.86 in chips) 
Seat 5: MajorZK ($2.50 in chips) 
Seat 6: Rudy Raveyts ($2.31 in chips) 
Seat 8: Rex Dansy ($0.89 in chips) 
Seat 9: kishiken ($2.75 in chips) 
Rex Dansy: posts small blind $0.01
kishiken: posts big blind $0.02
*** HOLE CARDS ***
Dealt to Dorex2007 [7d 4c]
bonuswm: folds 
Dorex2007: folds 
BrenoVns: raises $0.03 to $0.05
MajorZK: folds 
Rudy Raveyts: calls $0.05
Rex Dansy: folds 
kishiken: calls $0.03
*** FLOP *** [9d Kc 4d]
kishiken: checks 
BrenoVns: bets $0.05
Rudy Raveyts: calls $0.05
kishiken: calls $0.05
*** TURN *** [9d Kc 4d] [Kh]
kishiken: checks 
BrenoVns: bets $0.09
Rudy Raveyts: calls $0.09
kishiken: folds 
*** RIVER *** [9d Kc 4d Kh] [Qh]
BrenoVns: bets $0.23
Rudy Raveyts: raises $0.23 to $0.46
BrenoVns: folds 
Uncalled bet ($0.23) returned to Rudy Raveyts
Rudy Raveyts collected $0.92 from pot
*** SUMMARY ***
Total pot $0.95 | Rake $0.03 
Board [9d Kc 4d Kh Qh]
Seat 1: bonuswm folded before Flop (didn't bet)
Seat 2: Dorex2007 folded before Flop (didn't bet)
Seat 3: BrenoVns folded on the River
Seat 5: MajorZK folded before Flop (didn't bet)
Seat 6: Rudy Raveyts (button) collected ($0.92)
Seat 8: Rex Dansy (small blind) folded before Flop
Seat 9: kishiken (big blind) folded on the Turn



PokerStars Hand #237996364103:  Hold'em No Limit ($0.01/$0.02 USD) - 2022/08/14 17:47:09 PT [2022/08/14 20:47:09 ET]
Table 'Begonia III' 9-max Seat #8 is the button
Seat 1: bonuswm ($4.10 in chips) 
Seat 2: Dorex2007 ($2.47 in chips) 
Seat 3: BrenoVns ($3.44 in chips) 
Seat 5: MajorZK ($2.50 in chips) 
Seat 6: Rudy Raveyts ($2.81 in chips) 
Seat 8: Rex Dansy ($0.88 in chips) 
Seat 9: kishiken ($2.65 in chips) 
kishiken: posts small blind $0.01
bonuswm: posts big blind $0.02
*** HOLE CARDS ***
Dealt to Dorex2007 [Ts Qs]
Dorex2007: raises $0.04 to $0.06
BrenoVns: folds 
MajorZK: folds 
Rudy Raveyts: folds 
Rex Dansy: folds 
kishiken: calls $0.05
bonuswm: calls $0.04
*** FLOP *** [5s 3d Kc]
kishiken: checks 
bonuswm: checks 
Dorex2007: checks 
*** TURN *** [5s 3d Kc] [9d]
kishiken: bets $0.06
bonuswm: raises $0.12 to $0.18
Dorex2007: folds 
kishiken: calls $0.12
*** RIVER *** [5s 3d Kc 9d] [Tc]
kishiken: checks 
bonuswm: checks 
*** SHOW DOWN ***
kishiken: shows [Ac 9s] (a pair of Nines)
bonuswm: mucks hand 
kishiken collected $0.52 from pot
*** SUMMARY ***
Total pot $0.54 | Rake $0.02 
Board [5s 3d Kc 9d Tc]
Seat 1: bonuswm (big blind) mucked [Ad 2d]
Seat 2: Dorex2007 folded on the Turn
Seat 3: BrenoVns folded before Flop (didn't bet)
Seat 5: MajorZK folded before Flop (didn't bet)
Seat 6: Rudy Raveyts folded before Flop (didn't bet)
Seat 8: Rex Dansy (button) folded before Flop (didn't bet)
Seat 9: kishiken (small blind) showed [Ac 9s] and won ($0.52) with a pair of Nines



PokerStars Hand #237996374974:  Hold'em No Limit ($0.01/$0.02 USD) - 2022/08/14 17:48:01 PT [2022/08/14 20:48:01 ET]
Table 'Begonia III' 9-max Seat #9 is the button
Seat 1: bonuswm ($3.86 in chips) 
Seat 2: Dorex2007 ($2.41 in chips) 
Seat 3: BrenoVns ($3.44 in chips) 
Seat 5: MajorZK ($2.50 in chips) 
Seat 6: Rudy Raveyts ($2.81 in chips) 
Seat 8: Rex Dansy ($0.88 in chips) 
Seat 9: kishiken ($2.93 in chips) 
bonuswm: posts small blind $0.01
Dorex2007: posts big blind $0.02
*** HOLE CARDS ***
Dealt to Dorex2007 [4d 2s]
BrenoVns: folds 
MajorZK: calls $0.02
Rudy Raveyts: folds 
Rex Dansy: folds 
kishiken: folds 
bonuswm: calls $0.01
Dorex2007: checks 
*** FLOP *** [3c 8h Qs]
bonuswm: bets $0.04
Dorex2007: folds 
MajorZK: folds 
Uncalled bet ($0.04) returned to bonuswm
bonuswm collected $0.06 from pot
bonuswm: doesn't show hand 
*** SUMMARY ***
Total pot $0.06 | Rake $0 
Board [3c 8h Qs]
Seat 1: bonuswm (small blind) collected ($0.06)
Seat 2: Dorex2007 (big blind) folded on the Flop
Seat 3: BrenoVns folded before Flop (didn't bet)
Seat 5: MajorZK folded on the Flop
Seat 6: Rudy Raveyts folded before Flop (didn't bet)
Seat 8: Rex Dansy folded before Flop (didn't bet)
Seat 9: kishiken (button) folded before Flop (didn't bet)



PokerStars Hand #237996380513:  Hold'em No Limit ($0.01/$0.02 USD) - 2022/08/14 17:48:27 PT [2022/08/14 20:48:27 ET]
Table 'Begonia III' 9-max Seat #1 is the button
Seat 1: bonuswm ($3.90 in chips) 
Seat 2: Dorex2007 ($2.39 in chips) 
Seat 3: BrenoVns ($3.44 in chips) 
Seat 5: MajorZK ($2.48 in chips) 
Seat 6: Rudy Raveyts ($2.81 in chips) 
Seat 8: Rex Dansy ($0.88 in chips) 
Seat 9: kishiken ($2.93 in chips) 
Dorex2007: posts small blind $0.01
BrenoVns: posts big blind $0.02
*** HOLE CARDS ***
Dealt to Dorex2007 [8c 6c]
MajorZK: folds 
Rudy Raveyts: folds 
Rex Dansy: folds 
kishiken: raises $0.03 to $0.05
bonuswm: calls $0.05
Dorex2007: folds 
BrenoVns: folds 
*** FLOP *** [Th 7s 8d]
kishiken: checks 
bonuswm: checks 
*** TURN *** [Th 7s 8d] [As]
kishiken: bets $0.04
bonuswm: folds 
Uncalled bet ($0.04) returned to kishiken
kishiken collected $0.13 from pot
kishiken: doesn't show hand 
*** SUMMARY ***
Total pot $0.13 | Rake $0 
Board [Th 7s 8d As]
Seat 1: bonuswm (button) folded on the Turn
Seat 2: Dorex2007 (small blind) folded before Flop
Seat 3: BrenoVns (big blind) folded before Flop
Seat 5: MajorZK folded before Flop (didn't bet)
Seat 6: Rudy Raveyts folded before Flop (didn't bet)
Seat 8: Rex Dansy folded before Flop (didn't bet)
Seat 9: kishiken collected ($0.13)



PokerStars Hand #237996389584:  Hold'em No Limit ($0.01/$0.02 USD) - 2022/08/14 17:49:10 PT [2022/08/14 20:49:10 ET]
Table 'Begonia III' 9-max Seat #2 is the button
Seat 1: bonuswm ($3.85 in chips) 
Seat 2: Dorex2007 ($2.38 in chips) 
Seat 3: BrenoVns ($3.42 in chips) 
Seat 5: MajorZK ($2.48 in chips) 
Seat 6: Rudy Raveyts ($2.81 in chips) 
Seat 8: Rex Dansy ($0.88 in chips) 
Seat 9: kishiken ($3.01 in chips) 
BrenoVns: posts small blind $0.01
MajorZK: posts big blind $0.02
*** HOLE CARDS ***
Dealt to Dorex2007 [5c Jc]
Rudy Raveyts: raises $0.04 to $0.06
Rex Dansy: folds 
kishiken: calls $0.06
bonuswm: folds 
Dorex2007: folds 
BrenoVns: folds 
MajorZK: folds 
*** FLOP *** [3d 8d As]
Rudy Raveyts: checks 
kishiken: checks 
*** TURN *** [3d 8d As] [3c]
Rudy Raveyts: checks 
kishiken: bets $0.05
Rudy Raveyts: calls $0.05
*** RIVER *** [3d 8d As 3c] [Jd]
Rudy Raveyts: checks 
kishiken: checks 
*** SHOW DOWN ***
Rudy Raveyts: shows [Ac Ad] (a full house, Aces full of Threes)
kishiken: mucks hand 
Rudy Raveyts collected $0.24 from pot
*** SUMMARY ***
Total pot $0.25 | Rake $0.01 
Board [3d 8d As 3c Jd]
Seat 1: bonuswm folded before Flop (didn't bet)
Seat 2: Dorex2007 (button) folded before Flop (didn't bet)
Seat 3: BrenoVns (small blind) folded before Flop
Seat 5: MajorZK (big blind) folded before Flop
Seat 6: Rudy Raveyts showed [Ac Ad] and won ($0.24) with a full house, Aces full of Threes
Seat 8: Rex Dansy folded before Flop (didn't bet)
Seat 9: kishiken mucked [8h Ah]



PokerStars Hand #237996397685:  Hold'em No Limit ($0.01/$0.02 USD) - 2022/08/14 17:49:48 PT [2022/08/14 20:49:48 ET]
Table 'Begonia III' 9-max Seat #3 is the button
Seat 1: bonuswm ($3.85 in chips) 
Seat 2: Dorex2007 ($2.38 in chips) 
Seat 3: BrenoVns ($3.41 in chips) 
Seat 5: MajorZK ($2.46 in chips) 
MajorZK: posts small blind $0.01
Rudy Raveyts: is sitting out 
Rex Dansy: is sitting out 
kishiken: is sitting out 
bonuswm: posts big blind $0.02
*** HOLE CARDS ***
Dealt to Dorex2007 [Js 9c]
Dorex2007: folds 
kishiken leaves the table
BrenoVns: folds 
Rex Dansy leaves the table
MajorZK: calls $0.01
Rudy Raveyts leaves the table
bonuswm: checks 
*** FLOP *** [4c 8d 6c]
MajorZK: checks 
bonuswm: checks 
*** TURN *** [4c 8d 6c] [2c]
MajorZK: bets $0.04
bonuswm: folds 
Uncalled bet ($0.04) returned to MajorZK
MajorZK collected $0.04 from pot
MajorZK: doesn't show hand 
*** SUMMARY ***
Total pot $0.04 | Rake $0 
Board [4c 8d 6c 2c]
Seat 1: bonuswm (big blind) folded on the Turn
Seat 2: Dorex2007 folded before Flop (didn't bet)
Seat 3: BrenoVns (button) folded before Flop (didn't bet)
Seat 5: MajorZK (small blind) collected ($0.04)



PokerStars Hand #237996404505:  Hold'em No Limit ($0.01/$0.02 USD) - 2022/08/14 17:50:20 PT [2022/08/14 20:50:20 ET]
Table 'Begonia III' 9-max Seat #5 is the button
Seat 1: bonuswm ($3.83 in chips) 
Seat 2: Dorex2007 ($2.38 in chips) 
Seat 3: BrenoVns ($3.41 in chips) 
Seat 5: MajorZK ($2.48 in chips) 
bonuswm: posts small blind $0.01
Dorex2007: posts big blind $0.02
*** HOLE CARDS ***
Dealt to Dorex2007 [Kh 9d]
BrenoVns: folds 
MajorZK: raises $0.02 to $0.04
bonuswm: folds 
Dorex2007: folds 
Uncalled bet ($0.02) returned to MajorZK
MajorZK collected $0.05 from pot
MajorZK: doesn't show hand 
*** SUMMARY ***
Total pot $0.05 | Rake $0 
Seat 1: bonuswm (small blind) folded before Flop
Seat 2: Dorex2007 (big blind) folded before Flop
Seat 3: BrenoVns folded before Flop (didn't bet)
Seat 5: MajorZK (button) collected ($0.05)



