PokerStars Hand #237110069901:  Hold'em No Limit ($0.01/$0.02 USD) - 2022/07/01 23:19:02 PT [2022/07/02 2:19:02 ET]
Table 'Zanaih III' 9-max Seat #1 is the button
Seat 1: exhilarancy ($4.62 in chips) 
Seat 2: Dago1984 ($2.06 in chips) 
Seat 3: ampersand&3 ($2 in chips) 
Seat 4: ondawarpaf ($1.58 in chips) 
Seat 5: SSRxAK89 ($1.08 in chips) 
Seat 6: JasonT36 ($2.46 in chips) 
Seat 7: Dorex2007 ($2 in chips) 
Dago1984: posts small blind $0.01
ampersand&3: posts big blind $0.02
Dorex2007: posts big blind $0.02
Ethomikse: sits out 
*** HOLE CARDS ***
Dealt to Dorex2007 [3d 8h]
ondawarpaf: folds 
SSRxAK89: folds 
JasonT36: raises $0.03 to $0.05
Dorex2007: folds 
exhilarancy: folds 
Dago1984: calls $0.04
ampersand&3: folds 
*** FLOP *** [Ad 4h 7s]
Dago1984: bets $0.06
JasonT36: folds 
Uncalled bet ($0.06) returned to Dago1984
Dago1984 collected $0.14 from pot
*** SUMMARY ***
Total pot $0.14 | Rake $0 
Board [Ad 4h 7s]
Seat 1: exhilarancy (button) folded before Flop (didn't bet)
Seat 2: Dago1984 (small blind) collected ($0.14)
Seat 3: ampersand&3 (big blind) folded before Flop
Seat 4: ondawarpaf folded before Flop (didn't bet)
Seat 5: SSRxAK89 folded before Flop (didn't bet)
Seat 6: JasonT36 folded on the Flop
Seat 7: Dorex2007 folded before Flop (didn't bet)



PokerStars Hand #237110073080:  Hold'em No Limit ($0.01/$0.02 USD) - 2022/07/01 23:19:29 PT [2022/07/02 2:19:29 ET]
Table 'Zanaih III' 9-max Seat #2 is the button
Seat 1: exhilarancy ($4.62 in chips) 
Seat 2: Dago1984 ($2.15 in chips) 
Seat 3: ampersand&3 ($1.98 in chips) 
Seat 4: ondawarpaf ($1.58 in chips) 
Seat 5: SSRxAK89 ($1.08 in chips) 
Seat 6: JasonT36 ($2.41 in chips) 
Seat 7: Dorex2007 ($2 in chips) 
Seat 8: ZergXVI ($0.82 in chips) 
ampersand&3: posts small blind $0.01
ondawarpaf: posts big blind $0.02
Ethomikse: sits out 
*** HOLE CARDS ***
Dealt to Dorex2007 [5c 3d]
SSRxAK89: folds 
JasonT36: folds 
Dorex2007: folds 
ZergXVI: folds 
exhilarancy: raises $0.03 to $0.05
Dago1984: folds 
ampersand&3: folds 
ondawarpaf: calls $0.03
*** FLOP *** [Qh 7h 9h]
ondawarpaf: checks 
exhilarancy: checks 
*** TURN *** [Qh 7h 9h] [Ac]
ondawarpaf: checks 
exhilarancy: checks 
*** RIVER *** [Qh 7h 9h Ac] [Ts]
ondawarpaf: checks 
exhilarancy: checks 
*** SHOW DOWN ***
ondawarpaf: shows [Kd 9d] (a pair of Nines)
exhilarancy: mucks hand 
ondawarpaf collected $0.11 from pot
*** SUMMARY ***
Total pot $0.11 | Rake $0 
Board [Qh 7h 9h Ac Ts]
Seat 1: exhilarancy mucked [4h 4d]
Seat 2: Dago1984 (button) folded before Flop (didn't bet)
Seat 3: ampersand&3 (small blind) folded before Flop
Seat 4: ondawarpaf (big blind) showed [Kd 9d] and won ($0.11) with a pair of Nines
Seat 5: SSRxAK89 folded before Flop (didn't bet)
Seat 6: JasonT36 folded before Flop (didn't bet)
Seat 7: Dorex2007 folded before Flop (didn't bet)
Seat 8: ZergXVI folded before Flop (didn't bet)



PokerStars Hand #237110077345:  Hold'em No Limit ($0.01/$0.02 USD) - 2022/07/01 23:20:06 PT [2022/07/02 2:20:06 ET]
Table 'Zanaih III' 9-max Seat #3 is the button
Seat 1: exhilarancy ($4.57 in chips) 
Seat 2: Dago1984 ($2.15 in chips) 
Seat 3: ampersand&3 ($1.97 in chips) 
Seat 4: ondawarpaf ($1.64 in chips) 
Seat 5: SSRxAK89 ($1.08 in chips) 
Seat 6: JasonT36 ($2.41 in chips) 
Seat 7: Dorex2007 ($2 in chips) 
Seat 8: ZergXVI ($0.82 in chips) 
ondawarpaf: posts small blind $0.01
SSRxAK89: posts big blind $0.02
Ethomikse: sits out 
*** HOLE CARDS ***
Dealt to Dorex2007 [4d 7h]
JasonT36: folds 
Dorex2007: folds 
ZergXVI: calls $0.02
exhilarancy: folds 
Dago1984: folds 
ampersand&3: folds 
ondawarpaf: calls $0.01
SSRxAK89: checks 
*** FLOP *** [9d Ac 3d]
ondawarpaf: checks 
SSRxAK89: checks 
ZergXVI: checks 
*** TURN *** [9d Ac 3d] [Jh]
ondawarpaf: bets $0.04
SSRxAK89: folds 
ZergXVI: calls $0.04
*** RIVER *** [9d Ac 3d Jh] [Js]
ondawarpaf: bets $0.11
ZergXVI: raises $0.11 to $0.22
ondawarpaf: folds 
Uncalled bet ($0.11) returned to ZergXVI
ZergXVI collected $0.35 from pot
*** SUMMARY ***
Total pot $0.36 | Rake $0.01 
Board [9d Ac 3d Jh Js]
Seat 1: exhilarancy folded before Flop (didn't bet)
Seat 2: Dago1984 folded before Flop (didn't bet)
Seat 3: ampersand&3 (button) folded before Flop (didn't bet)
Seat 4: ondawarpaf (small blind) folded on the River
Seat 5: SSRxAK89 (big blind) folded on the Turn
Seat 6: JasonT36 folded before Flop (didn't bet)
Seat 7: Dorex2007 folded before Flop (didn't bet)
Seat 8: ZergXVI collected ($0.35)



PokerStars Hand #237110083802:  Hold'em No Limit ($0.01/$0.02 USD) - 2022/07/01 23:21:03 PT [2022/07/02 2:21:03 ET]
Table 'Zanaih III' 9-max Seat #4 is the button
Seat 1: exhilarancy ($4.57 in chips) 
Seat 2: Dago1984 ($2.15 in chips) 
Seat 3: ampersand&3 ($1.97 in chips) 
Seat 4: ondawarpaf ($1.47 in chips) 
Seat 5: SSRxAK89 ($1.06 in chips) 
Seat 6: JasonT36 ($2.41 in chips) 
Seat 7: Dorex2007 ($2 in chips) 
Seat 8: ZergXVI ($1 in chips) 
SSRxAK89: posts small blind $0.01
JasonT36: posts big blind $0.02
Ethomikse: sits out 
*** HOLE CARDS ***
Dealt to Dorex2007 [3c Js]
Dorex2007: folds 
ZergXVI: folds 
exhilarancy: raises $0.02 to $0.04
Dago1984: calls $0.04
ampersand&3: folds 
ondawarpaf: folds 
SSRxAK89: folds 
JasonT36: folds 
*** FLOP *** [5h Qh 9s]
exhilarancy: bets $0.05
Dago1984: calls $0.05
*** TURN *** [5h Qh 9s] [4h]
exhilarancy: bets $0.09
Dago1984: calls $0.09
*** RIVER *** [5h Qh 9s 4h] [2h]
exhilarancy: bets $4.39 and is all-in
Dago1984: folds 
Uncalled bet ($4.39) returned to exhilarancy
exhilarancy collected $0.38 from pot
*** SUMMARY ***
Total pot $0.39 | Rake $0.01 
Board [5h Qh 9s 4h 2h]
Seat 1: exhilarancy collected ($0.38)
Seat 2: Dago1984 folded on the River
Seat 3: ampersand&3 folded before Flop (didn't bet)
Seat 4: ondawarpaf (button) folded before Flop (didn't bet)
Seat 5: SSRxAK89 (small blind) folded before Flop
Seat 6: JasonT36 (big blind) folded before Flop
Seat 7: Dorex2007 folded before Flop (didn't bet)
Seat 8: ZergXVI folded before Flop (didn't bet)



PokerStars Hand #237110090242:  Hold'em No Limit ($0.01/$0.02 USD) - 2022/07/01 23:21:58 PT [2022/07/02 2:21:58 ET]
Table 'Zanaih III' 9-max Seat #5 is the button
Seat 1: exhilarancy ($4.77 in chips) 
Seat 2: Dago1984 ($1.97 in chips) 
Seat 3: ampersand&3 ($1.97 in chips) 
Seat 4: ondawarpaf ($1.47 in chips) 
Seat 5: SSRxAK89 ($1.05 in chips) 
Seat 6: JasonT36 ($2.39 in chips) 
Seat 7: Dorex2007 ($2 in chips) 
Seat 8: ZergXVI ($1 in chips) 
JasonT36: posts small blind $0.01
Dorex2007: posts big blind $0.02
Ethomikse: sits out 
*** HOLE CARDS ***
Dealt to Dorex2007 [Ad 3c]
ZergXVI has timed out
ZergXVI: folds 
exhilarancy: raises $0.03 to $0.05
Dago1984: folds 
ampersand&3: folds 
ondawarpaf: folds 
SSRxAK89: folds 
JasonT36: folds 
Dorex2007: folds 
Uncalled bet ($0.03) returned to exhilarancy
exhilarancy collected $0.05 from pot
*** SUMMARY ***
Total pot $0.05 | Rake $0 
Seat 1: exhilarancy collected ($0.05)
Seat 2: Dago1984 folded before Flop (didn't bet)
Seat 3: ampersand&3 folded before Flop (didn't bet)
Seat 4: ondawarpaf folded before Flop (didn't bet)
Seat 5: SSRxAK89 (button) folded before Flop (didn't bet)
Seat 6: JasonT36 (small blind) folded before Flop
Seat 7: Dorex2007 (big blind) folded before Flop
Seat 8: ZergXVI folded before Flop (didn't bet)



PokerStars Hand #237110092989:  Hold'em No Limit ($0.01/$0.02 USD) - 2022/07/01 23:22:22 PT [2022/07/02 2:22:22 ET]
Table 'Zanaih III' 9-max Seat #6 is the button
Seat 1: exhilarancy ($4.80 in chips) 
Seat 2: Dago1984 ($1.97 in chips) 
Seat 3: ampersand&3 ($1.97 in chips) 
Seat 4: ondawarpaf ($1.47 in chips) 
Seat 5: SSRxAK89 ($1.05 in chips) 
Seat 6: JasonT36 ($2.38 in chips) 
Seat 7: Dorex2007 ($2 in chips) 
Seat 9: Ethomikse ($2 in chips) 
Dorex2007: posts small blind $0.01
Ethomikse: posts big blind $0.02
*** HOLE CARDS ***
Dealt to Dorex2007 [5h Ah]
exhilarancy: folds 
Dago1984: raises $0.02 to $0.04
ampersand&3: folds 
ondawarpaf: folds 
SSRxAK89: folds 
JasonT36: folds 
Dorex2007: calls $0.03
Ethomikse: folds 
*** FLOP *** [As 4d 3c]
Dorex2007: bets $0.05
Dago1984: folds 
Uncalled bet ($0.05) returned to Dorex2007
Dorex2007 collected $0.10 from pot
*** SUMMARY ***
Total pot $0.10 | Rake $0 
Board [As 4d 3c]
Seat 1: exhilarancy folded before Flop (didn't bet)
Seat 2: Dago1984 folded on the Flop
Seat 3: ampersand&3 folded before Flop (didn't bet)
Seat 4: ondawarpaf folded before Flop (didn't bet)
Seat 5: SSRxAK89 folded before Flop (didn't bet)
Seat 6: JasonT36 (button) folded before Flop (didn't bet)
Seat 7: Dorex2007 (small blind) collected ($0.10)
Seat 9: Ethomikse (big blind) folded before Flop



PokerStars Hand #237110096109:  Hold'em No Limit ($0.01/$0.02 USD) - 2022/07/01 23:22:49 PT [2022/07/02 2:22:49 ET]
Table 'Zanaih III' 9-max Seat #7 is the button
Seat 1: exhilarancy ($4.80 in chips) 
Seat 2: Dago1984 ($1.93 in chips) 
Seat 3: ampersand&3 ($1.97 in chips) 
Seat 4: ondawarpaf ($1.47 in chips) 
Seat 5: SSRxAK89 ($1.05 in chips) 
Seat 6: JasonT36 ($2.38 in chips) 
Seat 7: Dorex2007 ($2.06 in chips) 
Seat 9: Ethomikse ($2 in chips) 
Ethomikse: posts small blind $0.01
exhilarancy: posts big blind $0.02
*** HOLE CARDS ***
Dealt to Dorex2007 [Qd 4h]
Dago1984: folds 
ampersand&3: folds 
ondawarpaf: folds 
SSRxAK89: folds 
JasonT36: folds 
Dorex2007: folds 
Ethomikse: folds 
Uncalled bet ($0.01) returned to exhilarancy
exhilarancy collected $0.02 from pot
*** SUMMARY ***
Total pot $0.02 | Rake $0 
Seat 1: exhilarancy (big blind) collected ($0.02)
Seat 2: Dago1984 folded before Flop (didn't bet)
Seat 3: ampersand&3 folded before Flop (didn't bet)
Seat 4: ondawarpaf folded before Flop (didn't bet)
Seat 5: SSRxAK89 folded before Flop (didn't bet)
Seat 6: JasonT36 folded before Flop (didn't bet)
Seat 7: Dorex2007 (button) folded before Flop (didn't bet)
Seat 9: Ethomikse (small blind) folded before Flop



PokerStars Hand #237110097524:  Hold'em No Limit ($0.01/$0.02 USD) - 2022/07/01 23:23:01 PT [2022/07/02 2:23:01 ET]
Table 'Zanaih III' 9-max Seat #9 is the button
Seat 1: exhilarancy ($4.81 in chips) 
Seat 2: Dago1984 ($1.93 in chips) 
Seat 3: ampersand&3 ($1.97 in chips) 
Seat 4: ondawarpaf ($1.47 in chips) 
Seat 5: SSRxAK89 ($1.05 in chips) 
Seat 6: JasonT36 ($2.38 in chips) 
Seat 7: Dorex2007 ($2.06 in chips) 
Seat 9: Ethomikse ($2 in chips) 
exhilarancy: posts small blind $0.01
Dago1984: posts big blind $0.02
*** HOLE CARDS ***
Dealt to Dorex2007 [Kc 2s]
ampersand&3: folds 
ondawarpaf: calls $0.02
SSRxAK89: folds 
JasonT36: folds 
Dorex2007: folds 
Ethomikse: folds 
exhilarancy: raises $0.06 to $0.08
Dago1984: folds 
ondawarpaf: calls $0.06
*** FLOP *** [4h Qd Jd]
exhilarancy: bets $0.07
ondawarpaf: calls $0.07
*** TURN *** [4h Qd Jd] [6h]
exhilarancy: checks 
ondawarpaf: bets $0.25
exhilarancy: folds 
Uncalled bet ($0.25) returned to ondawarpaf
ondawarpaf collected $0.31 from pot
*** SUMMARY ***
Total pot $0.32 | Rake $0.01 
Board [4h Qd Jd 6h]
Seat 1: exhilarancy (small blind) folded on the Turn
Seat 2: Dago1984 (big blind) folded before Flop
Seat 3: ampersand&3 folded before Flop (didn't bet)
Seat 4: ondawarpaf collected ($0.31)
Seat 5: SSRxAK89 folded before Flop (didn't bet)
Seat 6: JasonT36 folded before Flop (didn't bet)
Seat 7: Dorex2007 folded before Flop (didn't bet)
Seat 9: Ethomikse (button) folded before Flop (didn't bet)



PokerStars Hand #237110104089:  Hold'em No Limit ($0.01/$0.02 USD) - 2022/07/01 23:23:57 PT [2022/07/02 2:23:57 ET]
Table 'Zanaih III' 9-max Seat #1 is the button
Seat 1: exhilarancy ($4.66 in chips) 
Seat 2: Dago1984 ($1.91 in chips) 
Seat 3: ampersand&3 ($1.97 in chips) 
Seat 4: ondawarpaf ($1.63 in chips) 
Seat 5: SSRxAK89 ($1.05 in chips) 
Seat 6: JasonT36 ($2.38 in chips) 
Seat 7: Dorex2007 ($2.06 in chips) 
Seat 8: ZergXVI ($1 in chips) 
Seat 9: Ethomikse ($2 in chips) 
Dago1984: posts small blind $0.01
ampersand&3: posts big blind $0.02
ZergXVI: posts small & big blinds $0.03
*** HOLE CARDS ***
Dealt to Dorex2007 [9h Qs]
ondawarpaf: calls $0.02
SSRxAK89: folds 
JasonT36: calls $0.02
Dorex2007: folds 
ZergXVI: raises $0.02 to $0.04
Ethomikse: folds 
exhilarancy: folds 
Dago1984: folds 
ampersand&3: calls $0.02
ondawarpaf: calls $0.02
JasonT36: calls $0.02
*** FLOP *** [Th 3d 7h]
ampersand&3: checks 
ondawarpaf: checks 
JasonT36: checks 
ZergXVI: checks 
*** TURN *** [Th 3d 7h] [8h]
ampersand&3: bets $0.06
ondawarpaf: calls $0.06
JasonT36: calls $0.06
ZergXVI: folds 
*** RIVER *** [Th 3d 7h 8h] [6h]
ampersand&3: checks 
ondawarpaf: checks 
JasonT36: checks 
*** SHOW DOWN ***
ampersand&3: shows [3s 3h] (a flush, Ten high)
ondawarpaf: shows [Kh Qh] (a flush, King high)
JasonT36: mucks hand 
ondawarpaf collected $0.35 from pot
*** SUMMARY ***
Total pot $0.36 | Rake $0.01 
Board [Th 3d 7h 8h 6h]
Seat 1: exhilarancy (button) folded before Flop (didn't bet)
Seat 2: Dago1984 (small blind) folded before Flop
Seat 3: ampersand&3 (big blind) showed [3s 3h] and lost with a flush, Ten high
Seat 4: ondawarpaf showed [Kh Qh] and won ($0.35) with a flush, King high
Seat 5: SSRxAK89 folded before Flop (didn't bet)
Seat 6: JasonT36 mucked [8d Td]
Seat 7: Dorex2007 folded before Flop (didn't bet)
Seat 8: ZergXVI folded on the Turn
Seat 9: Ethomikse folded before Flop (didn't bet)



PokerStars Hand #237110111262:  Hold'em No Limit ($0.01/$0.02 USD) - 2022/07/01 23:25:00 PT [2022/07/02 2:25:00 ET]
Table 'Zanaih III' 9-max Seat #2 is the button
Seat 1: exhilarancy ($4.66 in chips) 
Seat 2: Dago1984 ($1.90 in chips) 
Seat 3: ampersand&3 ($1.87 in chips) 
Seat 4: ondawarpaf ($1.88 in chips) 
Seat 5: SSRxAK89 ($1.05 in chips) 
Seat 6: JasonT36 ($2.28 in chips) 
Seat 7: Dorex2007 ($2.06 in chips) 
Seat 8: ZergXVI ($0.95 in chips) 
Seat 9: Ethomikse ($2 in chips) 
ampersand&3: posts small blind $0.01
ondawarpaf: posts big blind $0.02
*** HOLE CARDS ***
Dealt to Dorex2007 [3d Ts]
SSRxAK89: raises $0.03 to $0.05
JasonT36: folds 
Dorex2007: folds 
ZergXVI: folds 
Ethomikse: folds 
exhilarancy: folds 
Dago1984: folds 
ampersand&3: raises $0.05 to $0.10
ondawarpaf: folds 
SSRxAK89: calls $0.05
*** FLOP *** [6s 5s 7s]
ampersand&3: bets $0.10
SSRxAK89: calls $0.10
*** TURN *** [6s 5s 7s] [6d]
ampersand&3: bets $0.10
SSRxAK89: raises $0.10 to $0.20
ampersand&3: folds 
Uncalled bet ($0.10) returned to SSRxAK89
SSRxAK89 collected $0.60 from pot
*** SUMMARY ***
Total pot $0.62 | Rake $0.02 
Board [6s 5s 7s 6d]
Seat 1: exhilarancy folded before Flop (didn't bet)
Seat 2: Dago1984 (button) folded before Flop (didn't bet)
Seat 3: ampersand&3 (small blind) folded on the Turn
Seat 4: ondawarpaf (big blind) folded before Flop
Seat 5: SSRxAK89 collected ($0.60)
Seat 6: JasonT36 folded before Flop (didn't bet)
Seat 7: Dorex2007 folded before Flop (didn't bet)
Seat 8: ZergXVI folded before Flop (didn't bet)
Seat 9: Ethomikse folded before Flop (didn't bet)



PokerStars Hand #237110118560:  Hold'em No Limit ($0.01/$0.02 USD) - 2022/07/01 23:26:04 PT [2022/07/02 2:26:04 ET]
Table 'Zanaih III' 9-max Seat #3 is the button
Seat 1: exhilarancy ($4.66 in chips) 
Seat 3: ampersand&3 ($1.57 in chips) 
Seat 4: ondawarpaf ($1.86 in chips) 
Seat 5: SSRxAK89 ($1.35 in chips) 
Seat 6: JasonT36 ($2.28 in chips) 
Seat 7: Dorex2007 ($2.06 in chips) 
Seat 8: ZergXVI ($0.95 in chips) 
Seat 9: Ethomikse ($2 in chips) 
ondawarpaf: posts small blind $0.01
SSRxAK89: posts big blind $0.02
*** HOLE CARDS ***
Dealt to Dorex2007 [7c Jc]
JasonT36: folds 
Dorex2007: folds 
ZergXVI: calls $0.02
Ethomikse: folds 
exhilarancy: folds 
ampersand&3: calls $0.02
ondawarpaf: calls $0.01
SSRxAK89: checks 
*** FLOP *** [8d 9d Ad]
ondawarpaf: checks 
SSRxAK89: checks 
ZergXVI: checks 
ampersand&3: bets $0.04
ondawarpaf: calls $0.04
SSRxAK89: calls $0.04
ZergXVI: folds 
*** TURN *** [8d 9d Ad] [As]
ondawarpaf: checks 
SSRxAK89: checks 
ampersand&3: bets $0.09
ondawarpaf: calls $0.09
SSRxAK89: folds 
*** RIVER *** [8d 9d Ad As] [Qs]
ondawarpaf: checks 
ampersand&3: bets $0.37
ondawarpaf: calls $0.37
*** SHOW DOWN ***
ampersand&3: shows [3d Ac] (three of a kind, Aces)
ondawarpaf: mucks hand 
ampersand&3 collected $1.08 from pot
*** SUMMARY ***
Total pot $1.12 | Rake $0.04 
Board [8d 9d Ad As Qs]
Seat 1: exhilarancy folded before Flop (didn't bet)
Seat 3: ampersand&3 (button) showed [3d Ac] and won ($1.08) with three of a kind, Aces
Seat 4: ondawarpaf (small blind) mucked [Jh Qd]
Seat 5: SSRxAK89 (big blind) folded on the Turn
Seat 6: JasonT36 folded before Flop (didn't bet)
Seat 7: Dorex2007 folded before Flop (didn't bet)
Seat 8: ZergXVI folded on the Flop
Seat 9: Ethomikse folded before Flop (didn't bet)



PokerStars Hand #237110125357:  Hold'em No Limit ($0.01/$0.02 USD) - 2022/07/01 23:27:03 PT [2022/07/02 2:27:03 ET]
Table 'Zanaih III' 9-max Seat #4 is the button
Seat 1: exhilarancy ($4.66 in chips) 
Seat 3: ampersand&3 ($2.13 in chips) 
Seat 4: ondawarpaf ($1.34 in chips) 
Seat 5: SSRxAK89 ($1.29 in chips) 
Seat 6: JasonT36 ($2.28 in chips) 
Seat 7: Dorex2007 ($2.06 in chips) 
Seat 8: ZergXVI ($0.93 in chips) 
Seat 9: Ethomikse ($2 in chips) 
SSRxAK89: posts small blind $0.01
JasonT36: posts big blind $0.02
*** HOLE CARDS ***
Dealt to Dorex2007 [Ah 6h]
Dorex2007: folds 
ZergXVI: folds 
Ethomikse: folds 
exhilarancy: raises $0.03 to $0.05
ampersand&3: calls $0.05
ondawarpaf: folds 
SSRxAK89: folds 
JasonT36: folds 
*** FLOP *** [6s Qd 7h]
exhilarancy: bets $0.08
ampersand&3: calls $0.08
*** TURN *** [6s Qd 7h] [Ts]
exhilarancy: bets $0.14
ampersand&3: folds 
Uncalled bet ($0.14) returned to exhilarancy
exhilarancy collected $0.28 from pot
*** SUMMARY ***
Total pot $0.29 | Rake $0.01 
Board [6s Qd 7h Ts]
Seat 1: exhilarancy collected ($0.28)
Seat 3: ampersand&3 folded on the Turn
Seat 4: ondawarpaf (button) folded before Flop (didn't bet)
Seat 5: SSRxAK89 (small blind) folded before Flop
Seat 6: JasonT36 (big blind) folded before Flop
Seat 7: Dorex2007 folded before Flop (didn't bet)
Seat 8: ZergXVI folded before Flop (didn't bet)
Seat 9: Ethomikse folded before Flop (didn't bet)



PokerStars Hand #237110130524:  Hold'em No Limit ($0.01/$0.02 USD) - 2022/07/01 23:27:47 PT [2022/07/02 2:27:47 ET]
Table 'Zanaih III' 9-max Seat #5 is the button
Seat 1: exhilarancy ($4.81 in chips) 
Seat 3: ampersand&3 ($2 in chips) 
Seat 4: ondawarpaf ($1.34 in chips) 
Seat 5: SSRxAK89 ($1.28 in chips) 
Seat 6: JasonT36 ($2.26 in chips) 
Seat 7: Dorex2007 ($2.06 in chips) 
Seat 8: ZergXVI ($0.93 in chips) 
Seat 9: Ethomikse ($2 in chips) 
JasonT36: posts small blind $0.01
Dorex2007: posts big blind $0.02
*** HOLE CARDS ***
Dealt to Dorex2007 [8h Kh]
ZergXVI: folds 
Ethomikse: folds 
exhilarancy: folds 
ampersand&3: folds 
ondawarpaf: folds 
SSRxAK89: folds 
JasonT36: raises $0.04 to $0.06
Dorex2007: calls $0.04
*** FLOP *** [Qh 2s 9d]
JasonT36: bets $0.06
Dorex2007: folds 
Uncalled bet ($0.06) returned to JasonT36
JasonT36 collected $0.12 from pot
*** SUMMARY ***
Total pot $0.12 | Rake $0 
Board [Qh 2s 9d]
Seat 1: exhilarancy folded before Flop (didn't bet)
Seat 3: ampersand&3 folded before Flop (didn't bet)
Seat 4: ondawarpaf folded before Flop (didn't bet)
Seat 5: SSRxAK89 (button) folded before Flop (didn't bet)
Seat 6: JasonT36 (small blind) collected ($0.12)
Seat 7: Dorex2007 (big blind) folded on the Flop
Seat 8: ZergXVI folded before Flop (didn't bet)
Seat 9: Ethomikse folded before Flop (didn't bet)



PokerStars Hand #237110133897:  Hold'em No Limit ($0.01/$0.02 USD) - 2022/07/01 23:28:17 PT [2022/07/02 2:28:17 ET]
Table 'Zanaih III' 9-max Seat #6 is the button
Seat 1: exhilarancy ($4.81 in chips) 
Seat 3: ampersand&3 ($2 in chips) 
Seat 4: ondawarpaf ($1.34 in chips) 
Seat 5: SSRxAK89 ($1.28 in chips) 
Seat 6: JasonT36 ($2.32 in chips) 
Seat 7: Dorex2007 ($2 in chips) 
Seat 8: ZergXVI ($0.93 in chips) 
Seat 9: Ethomikse ($2 in chips) 
Dorex2007: posts small blind $0.01
ZergXVI: posts big blind $0.02
*** HOLE CARDS ***
Dealt to Dorex2007 [Tc Jh]
Ethomikse: folds 
exhilarancy: folds 
ampersand&3: folds 
ondawarpaf: folds 
SSRxAK89: folds 
JasonT36: raises $0.03 to $0.05
Dorex2007: folds 
ZergXVI: folds 
Uncalled bet ($0.03) returned to JasonT36
JasonT36 collected $0.05 from pot
*** SUMMARY ***
Total pot $0.05 | Rake $0 
Seat 1: exhilarancy folded before Flop (didn't bet)
Seat 3: ampersand&3 folded before Flop (didn't bet)
Seat 4: ondawarpaf folded before Flop (didn't bet)
Seat 5: SSRxAK89 folded before Flop (didn't bet)
Seat 6: JasonT36 (button) collected ($0.05)
Seat 7: Dorex2007 (small blind) folded before Flop
Seat 8: ZergXVI (big blind) folded before Flop
Seat 9: Ethomikse folded before Flop (didn't bet)



PokerStars Hand #237110136364:  Hold'em No Limit ($0.01/$0.02 USD) - 2022/07/01 23:28:38 PT [2022/07/02 2:28:38 ET]
Table 'Zanaih III' 9-max Seat #7 is the button
Seat 1: exhilarancy ($4.81 in chips) 
Seat 3: ampersand&3 ($2 in chips) 
Seat 4: ondawarpaf ($1.34 in chips) 
Seat 5: SSRxAK89 ($1.28 in chips) 
Seat 6: JasonT36 ($2.35 in chips) 
Seat 7: Dorex2007 ($2 in chips) 
Seat 8: ZergXVI ($0.91 in chips) 
Seat 9: Ethomikse ($2 in chips) 
ZergXVI: posts small blind $0.01
Ethomikse: posts big blind $0.02
*** HOLE CARDS ***
Dealt to Dorex2007 [2d 9d]
exhilarancy: folds 
ampersand&3: calls $0.02
ondawarpaf: folds 
SSRxAK89: folds 
JasonT36: calls $0.02
Dorex2007: folds 
ZergXVI: folds 
Ethomikse: checks 
*** FLOP *** [9s 3c 5s]
Ethomikse: checks 
ampersand&3: checks 
JasonT36: bets $0.03
Ethomikse: folds 
ampersand&3: calls $0.03
*** TURN *** [9s 3c 5s] [Qh]
ampersand&3: checks 
JasonT36: checks 
*** RIVER *** [9s 3c 5s Qh] [6d]
ampersand&3: checks 
JasonT36: bets $0.04
ampersand&3: calls $0.04
*** SHOW DOWN ***
JasonT36: shows [8h 8s] (a pair of Eights)
ampersand&3: mucks hand 
JasonT36 collected $0.20 from pot
*** SUMMARY ***
Total pot $0.21 | Rake $0.01 
Board [9s 3c 5s Qh 6d]
Seat 1: exhilarancy folded before Flop (didn't bet)
Seat 3: ampersand&3 mucked [4d 4s]
Seat 4: ondawarpaf folded before Flop (didn't bet)
Seat 5: SSRxAK89 folded before Flop (didn't bet)
Seat 6: JasonT36 showed [8h 8s] and won ($0.20) with a pair of Eights
Seat 7: Dorex2007 (button) folded before Flop (didn't bet)
Seat 8: ZergXVI (small blind) folded before Flop
Seat 9: Ethomikse (big blind) folded on the Flop



PokerStars Hand #237110141853:  Hold'em No Limit ($0.01/$0.02 USD) - 2022/07/01 23:29:26 PT [2022/07/02 2:29:26 ET]
Table 'Zanaih III' 9-max Seat #8 is the button
Seat 1: exhilarancy ($4.81 in chips) 
Seat 2: Dago1984 ($1.90 in chips) 
Seat 3: ampersand&3 ($1.91 in chips) 
Seat 4: ondawarpaf ($1.34 in chips) 
Seat 5: SSRxAK89 ($1.28 in chips) 
Seat 6: JasonT36 ($2.46 in chips) 
Seat 7: Dorex2007 ($2 in chips) 
Seat 8: ZergXVI ($0.90 in chips) 
Seat 9: Ethomikse ($2 in chips) 
Ethomikse: posts small blind $0.01
exhilarancy: posts big blind $0.02
*** HOLE CARDS ***
Dealt to Dorex2007 [8c Jh]
Dago1984: folds 
ampersand&3: raises $0.04 to $0.06
ondawarpaf: folds 
SSRxAK89: folds 
JasonT36: folds 
Dorex2007: folds 
ZergXVI: folds 
Ethomikse: folds 
exhilarancy: calls $0.04
*** FLOP *** [7c Tc 4d]
exhilarancy: bets $0.06
ampersand&3: folds 
Uncalled bet ($0.06) returned to exhilarancy
exhilarancy collected $0.13 from pot
*** SUMMARY ***
Total pot $0.13 | Rake $0 
Board [7c Tc 4d]
Seat 1: exhilarancy (big blind) collected ($0.13)
Seat 2: Dago1984 folded before Flop (didn't bet)
Seat 3: ampersand&3 folded on the Flop
Seat 4: ondawarpaf folded before Flop (didn't bet)
Seat 5: SSRxAK89 folded before Flop (didn't bet)
Seat 6: JasonT36 folded before Flop (didn't bet)
Seat 7: Dorex2007 folded before Flop (didn't bet)
Seat 8: ZergXVI (button) folded before Flop (didn't bet)
Seat 9: Ethomikse (small blind) folded before Flop



PokerStars Hand #237110145631:  Hold'em No Limit ($0.01/$0.02 USD) - 2022/07/01 23:29:59 PT [2022/07/02 2:29:59 ET]
Table 'Zanaih III' 9-max Seat #9 is the button
Seat 1: exhilarancy ($4.88 in chips) 
Seat 2: Dago1984 ($1.90 in chips) 
Seat 3: ampersand&3 ($1.85 in chips) 
Seat 4: ondawarpaf ($1.34 in chips) 
Seat 5: SSRxAK89 ($1.28 in chips) 
Seat 6: JasonT36 ($2.46 in chips) 
Seat 7: Dorex2007 ($2 in chips) 
Seat 8: ZergXVI ($0.90 in chips) 
Seat 9: Ethomikse ($2 in chips) 
exhilarancy: posts small blind $0.01
Dago1984: posts big blind $0.02
*** HOLE CARDS ***
Dealt to Dorex2007 [8c 4s]
ampersand&3: folds 
ondawarpaf: folds 
SSRxAK89: folds 
JasonT36: folds 
Dorex2007: folds 
ZergXVI: calls $0.02
Ethomikse: raises $0.07 to $0.09
exhilarancy: folds 
Dago1984: folds 
ZergXVI: calls $0.07
*** FLOP *** [Td 9s 3d]
ZergXVI: checks 
Ethomikse: bets $0.10
ZergXVI: calls $0.10
*** TURN *** [Td 9s 3d] [8s]
ZergXVI: checks 
Ethomikse: checks 
*** RIVER *** [Td 9s 3d 8s] [2s]
ZergXVI: bets $0.40
Ethomikse: folds 
Uncalled bet ($0.40) returned to ZergXVI
ZergXVI collected $0.40 from pot
*** SUMMARY ***
Total pot $0.41 | Rake $0.01 
Board [Td 9s 3d 8s 2s]
Seat 1: exhilarancy (small blind) folded before Flop
Seat 2: Dago1984 (big blind) folded before Flop
Seat 3: ampersand&3 folded before Flop (didn't bet)
Seat 4: ondawarpaf folded before Flop (didn't bet)
Seat 5: SSRxAK89 folded before Flop (didn't bet)
Seat 6: JasonT36 folded before Flop (didn't bet)
Seat 7: Dorex2007 folded before Flop (didn't bet)
Seat 8: ZergXVI collected ($0.40)
Seat 9: Ethomikse (button) folded on the River



PokerStars Hand #237110152158:  Hold'em No Limit ($0.01/$0.02 USD) - 2022/07/01 23:30:43 PT [2022/07/02 2:30:43 ET]
Table 'Zanaih III' 9-max Seat #1 is the button
Seat 1: exhilarancy ($4.87 in chips) 
Seat 2: Dago1984 ($1.88 in chips) 
Seat 3: ampersand&3 ($1.85 in chips) 
Seat 4: ondawarpaf ($1.34 in chips) 
Seat 5: SSRxAK89 ($1.28 in chips) 
Seat 6: JasonT36 ($2.46 in chips) 
Seat 7: Dorex2007 ($2 in chips) 
Seat 8: ZergXVI ($1.11 in chips) 
Seat 9: Ethomikse ($2 in chips) 
Dago1984: posts small blind $0.01
ampersand&3: posts big blind $0.02
*** HOLE CARDS ***
Dealt to Dorex2007 [9h 8d]
ondawarpaf: folds 
SSRxAK89: folds 
JasonT36: folds 
Dorex2007: folds 
ZergXVI: folds 
Ethomikse: calls $0.02
exhilarancy: raises $0.06 to $0.08
Dago1984: folds 
ampersand&3: folds 
Ethomikse: calls $0.06
*** FLOP *** [6h 2c 5c]
Ethomikse: checks 
exhilarancy: bets $0.08
Ethomikse: calls $0.08
*** TURN *** [6h 2c 5c] [6s]
Ethomikse: checks 
exhilarancy: checks 
*** RIVER *** [6h 2c 5c 6s] [4d]
Ethomikse: bets $1.84 and is all-in
exhilarancy: folds 
Uncalled bet ($1.84) returned to Ethomikse
Ethomikse collected $0.34 from pot
*** SUMMARY ***
Total pot $0.35 | Rake $0.01 
Board [6h 2c 5c 6s 4d]
Seat 1: exhilarancy (button) folded on the River
Seat 2: Dago1984 (small blind) folded before Flop
Seat 3: ampersand&3 (big blind) folded before Flop
Seat 4: ondawarpaf folded before Flop (didn't bet)
Seat 5: SSRxAK89 folded before Flop (didn't bet)
Seat 6: JasonT36 folded before Flop (didn't bet)
Seat 7: Dorex2007 folded before Flop (didn't bet)
Seat 8: ZergXVI folded before Flop (didn't bet)
Seat 9: Ethomikse collected ($0.34)



PokerStars Hand #237110160099:  Hold'em No Limit ($0.01/$0.02 USD) - 2022/07/01 23:31:52 PT [2022/07/02 2:31:52 ET]
Table 'Zanaih III' 9-max Seat #2 is the button
Seat 1: exhilarancy ($4.71 in chips) 
Seat 2: Dago1984 ($1.87 in chips) 
Seat 3: ampersand&3 ($1.83 in chips) 
Seat 4: ondawarpaf ($1.34 in chips) 
Seat 5: SSRxAK89 ($1.28 in chips) 
Seat 6: JasonT36 ($2.46 in chips) 
Seat 7: Dorex2007 ($2 in chips) 
Seat 8: ZergXVI ($1.11 in chips) 
Seat 9: Ethomikse ($2.18 in chips) 
ampersand&3: posts small blind $0.01
ondawarpaf: posts big blind $0.02
*** HOLE CARDS ***
Dealt to Dorex2007 [Ts Kh]
SSRxAK89: raises $0.03 to $0.05
JasonT36: folds 
Dorex2007: folds 
ZergXVI: folds 
Ethomikse: folds 
exhilarancy: folds 
Dago1984: folds 
ampersand&3: folds 
ondawarpaf: calls $0.03
*** FLOP *** [Ah 9c 7h]
ondawarpaf: checks 
SSRxAK89: bets $0.06
ondawarpaf: folds 
Uncalled bet ($0.06) returned to SSRxAK89
SSRxAK89 collected $0.11 from pot
*** SUMMARY ***
Total pot $0.11 | Rake $0 
Board [Ah 9c 7h]
Seat 1: exhilarancy folded before Flop (didn't bet)
Seat 2: Dago1984 (button) folded before Flop (didn't bet)
Seat 3: ampersand&3 (small blind) folded before Flop
Seat 4: ondawarpaf (big blind) folded on the Flop
Seat 5: SSRxAK89 collected ($0.11)
Seat 6: JasonT36 folded before Flop (didn't bet)
Seat 7: Dorex2007 folded before Flop (didn't bet)
Seat 8: ZergXVI folded before Flop (didn't bet)
Seat 9: Ethomikse folded before Flop (didn't bet)



PokerStars Hand #237110163995:  Hold'em No Limit ($0.01/$0.02 USD) - 2022/07/01 23:32:26 PT [2022/07/02 2:32:26 ET]
Table 'Zanaih III' 9-max Seat #3 is the button
Seat 1: exhilarancy ($4.71 in chips) 
Seat 2: Dago1984 ($1.87 in chips) 
Seat 3: ampersand&3 ($1.82 in chips) 
Seat 4: ondawarpaf ($1.29 in chips) 
Seat 5: SSRxAK89 ($1.34 in chips) 
Seat 6: JasonT36 ($2.46 in chips) 
Seat 7: Dorex2007 ($2 in chips) 
Seat 8: ZergXVI ($1.11 in chips) 
Seat 9: Ethomikse ($2.18 in chips) 
ondawarpaf: posts small blind $0.01
SSRxAK89: posts big blind $0.02
*** HOLE CARDS ***
Dealt to Dorex2007 [Kc Jc]
JasonT36: folds 
Dorex2007: calls $0.02
ZergXVI: folds 
Ethomikse: folds 
exhilarancy: folds 
Dago1984: folds 
ampersand&3: folds 
ondawarpaf: folds 
SSRxAK89: checks 
*** FLOP *** [Ah 5h Qc]
SSRxAK89: checks 
Dorex2007: checks 
*** TURN *** [Ah 5h Qc] [7h]
SSRxAK89: checks 
Dorex2007: bets $0.03
SSRxAK89: folds 
Uncalled bet ($0.03) returned to Dorex2007
Dorex2007 collected $0.05 from pot
*** SUMMARY ***
Total pot $0.05 | Rake $0 
Board [Ah 5h Qc 7h]
Seat 1: exhilarancy folded before Flop (didn't bet)
Seat 2: Dago1984 folded before Flop (didn't bet)
Seat 3: ampersand&3 (button) folded before Flop (didn't bet)
Seat 4: ondawarpaf (small blind) folded before Flop
Seat 5: SSRxAK89 (big blind) folded on the Turn
Seat 6: JasonT36 folded before Flop (didn't bet)
Seat 7: Dorex2007 collected ($0.05)
Seat 8: ZergXVI folded before Flop (didn't bet)
Seat 9: Ethomikse folded before Flop (didn't bet)



PokerStars Hand #237110167831:  Hold'em No Limit ($0.01/$0.02 USD) - 2022/07/01 23:33:00 PT [2022/07/02 2:33:00 ET]
Table 'Zanaih III' 9-max Seat #4 is the button
Seat 1: exhilarancy ($4.71 in chips) 
Seat 2: Dago1984 ($1.87 in chips) 
Seat 3: ampersand&3 ($1.82 in chips) 
Seat 4: ondawarpaf ($1.28 in chips) 
Seat 5: SSRxAK89 ($1.32 in chips) 
Seat 6: JasonT36 ($2.46 in chips) 
Seat 7: Dorex2007 ($2.03 in chips) 
Seat 8: ZergXVI ($1.11 in chips) 
Seat 9: Ethomikse ($2.18 in chips) 
SSRxAK89: posts small blind $0.01
JasonT36: posts big blind $0.02
*** HOLE CARDS ***
Dealt to Dorex2007 [Ah Kh]
Dorex2007: calls $0.02
ZergXVI: folds 
Ethomikse: folds 
exhilarancy: folds 
Dago1984: folds 
ampersand&3: raises $0.04 to $0.06
ondawarpaf: folds 
SSRxAK89: folds 
JasonT36: calls $0.04
Dorex2007: calls $0.04
*** FLOP *** [9s 6c Jd]
JasonT36: checks 
Dorex2007: checks 
ampersand&3: bets $0.09
JasonT36: calls $0.09
Dorex2007: folds 
*** TURN *** [9s 6c Jd] [5s]
JasonT36: checks 
ampersand&3: bets $0.18
JasonT36: folds 
Uncalled bet ($0.18) returned to ampersand&3
ampersand&3 collected $0.36 from pot
*** SUMMARY ***
Total pot $0.37 | Rake $0.01 
Board [9s 6c Jd 5s]
Seat 1: exhilarancy folded before Flop (didn't bet)
Seat 2: Dago1984 folded before Flop (didn't bet)
Seat 3: ampersand&3 collected ($0.36)
Seat 4: ondawarpaf (button) folded before Flop (didn't bet)
Seat 5: SSRxAK89 (small blind) folded before Flop
Seat 6: JasonT36 (big blind) folded on the Turn
Seat 7: Dorex2007 folded on the Flop
Seat 8: ZergXVI folded before Flop (didn't bet)
Seat 9: Ethomikse folded before Flop (didn't bet)



PokerStars Hand #237110174302:  Hold'em No Limit ($0.01/$0.02 USD) - 2022/07/01 23:33:56 PT [2022/07/02 2:33:56 ET]
Table 'Zanaih III' 9-max Seat #5 is the button
Seat 1: exhilarancy ($4.71 in chips) 
Seat 2: Dago1984 ($1.87 in chips) 
Seat 3: ampersand&3 ($2.03 in chips) 
Seat 4: ondawarpaf ($1.28 in chips) 
Seat 5: SSRxAK89 ($1.31 in chips) 
Seat 6: JasonT36 ($2.31 in chips) 
Seat 7: Dorex2007 ($2 in chips) 
Seat 8: ZergXVI ($1.11 in chips) 
Seat 9: Ethomikse ($2.18 in chips) 
JasonT36: posts small blind $0.01
Dorex2007: posts big blind $0.02
*** HOLE CARDS ***
Dealt to Dorex2007 [8s Ad]
ZergXVI: calls $0.02
Ethomikse: folds 
exhilarancy: folds 
Dago1984: calls $0.02
ampersand&3: folds 
ondawarpaf: folds 
ondawarpaf leaves the table
SSRxAK89: calls $0.02
JasonT36: calls $0.01
Dorex2007: checks 
*** FLOP *** [Jh 5d 7c]
JasonT36: checks 
Dorex2007: checks 
ZergXVI: checks 
Dago1984: bets $0.04
SSRxAK89: folds 
JasonT36: calls $0.04
Dorex2007: folds 
Hannelore900 joins the table at seat #4 
ZergXVI: folds 
*** TURN *** [Jh 5d 7c] [Jc]
JasonT36: checks 
Dago1984: bets $0.06
JasonT36: folds 
Uncalled bet ($0.06) returned to Dago1984
Dago1984 collected $0.17 from pot
*** SUMMARY ***
Total pot $0.18 | Rake $0.01 
Board [Jh 5d 7c Jc]
Seat 1: exhilarancy folded before Flop (didn't bet)
Seat 2: Dago1984 collected ($0.17)
Seat 3: ampersand&3 folded before Flop (didn't bet)
Seat 4: ondawarpaf folded before Flop (didn't bet)
Seat 5: SSRxAK89 (button) folded on the Flop
Seat 6: JasonT36 (small blind) folded on the Turn
Seat 7: Dorex2007 (big blind) folded on the Flop
Seat 8: ZergXVI folded on the Flop
Seat 9: Ethomikse folded before Flop (didn't bet)



PokerStars Hand #237110181554:  Hold'em No Limit ($0.01/$0.02 USD) - 2022/07/01 23:35:00 PT [2022/07/02 2:35:00 ET]
Table 'Zanaih III' 9-max Seat #6 is the button
Seat 1: exhilarancy ($4.71 in chips) 
Seat 2: Dago1984 ($1.98 in chips) 
Seat 3: ampersand&3 ($2.03 in chips) 
Seat 4: Hannelore900 ($1.60 in chips) 
Seat 5: SSRxAK89 ($1.29 in chips) 
Seat 6: JasonT36 ($2.25 in chips) 
Seat 7: Dorex2007 ($2 in chips) 
Seat 8: ZergXVI ($1.09 in chips) 
Seat 9: Ethomikse ($2.18 in chips) 
Dorex2007: posts small blind $0.01
ZergXVI: posts big blind $0.02
Hannelore900: posts big blind $0.02
*** HOLE CARDS ***
Dealt to Dorex2007 [3h 8h]
Ethomikse: folds 
exhilarancy: folds 
Dago1984: calls $0.02
ampersand&3: folds 
Hannelore900: checks 
SSRxAK89: calls $0.02
JasonT36: raises $0.04 to $0.06
Dorex2007: folds 
ZergXVI: folds 
Dago1984: calls $0.04
Hannelore900: folds 
SSRxAK89: calls $0.04
*** FLOP *** [7h 2h Js]
Dago1984: checks 
SSRxAK89: checks 
JasonT36: checks 
*** TURN *** [7h 2h Js] [3s]
Dago1984: bets $0.12
SSRxAK89: folds 
JasonT36: folds 
Uncalled bet ($0.12) returned to Dago1984
Dago1984 collected $0.22 from pot
*** SUMMARY ***
Total pot $0.23 | Rake $0.01 
Board [7h 2h Js 3s]
Seat 1: exhilarancy folded before Flop (didn't bet)
Seat 2: Dago1984 collected ($0.22)
Seat 3: ampersand&3 folded before Flop (didn't bet)
Seat 4: Hannelore900 folded before Flop (didn't bet)
Seat 5: SSRxAK89 folded on the Turn
Seat 6: JasonT36 (button) folded on the Turn
Seat 7: Dorex2007 (small blind) folded before Flop
Seat 8: ZergXVI (big blind) folded before Flop
Seat 9: Ethomikse folded before Flop (didn't bet)



