PokerStars Hand #237239172465:  Hold'em No Limit ($0.01/$0.02 USD) - 2022/07/08 12:35:03 PT [2022/07/08 15:35:03 ET]
Table 'Siberia' 9-max Seat #3 is the button
Seat 1: HE0123 ($2.40 in chips) 
Seat 2: Dorex2007 ($2 in chips) 
Seat 3: Al_pkr_plyr ($2.59 in chips) 
Seat 4: olioli264 ($1.82 in chips) 
Seat 5: Schdoerrchen ($2 in chips) 
Seat 6: Floki1337 ($9.08 in chips) 
Seat 7: ExQuisit1987 ($3.92 in chips) 
Seat 9: RGeroyev ($1.11 in chips) 
olioli264: posts small blind $0.01
Schdoerrchen: posts big blind $0.02
Kid_Polton: sits out 
Dorex2007: posts big blind $0.02
*** HOLE CARDS ***
Dealt to Dorex2007 [4h 7h]
Floki1337: folds 
ExQuisit1987: calls $0.02
RGeroyev: calls $0.02
HE0123: folds 
Dorex2007: checks 
Al_pkr_plyr: raises $0.09 to $0.11
olioli264: folds 
Schdoerrchen: calls $0.09
ExQuisit1987: calls $0.09
RGeroyev: folds 
Dorex2007: folds 
*** FLOP *** [7d As 4c]
Schdoerrchen: checks 
ExQuisit1987: checks 
Al_pkr_plyr: checks 
*** TURN *** [7d As 4c] [Ts]
Schdoerrchen: checks 
ExQuisit1987: checks 
Al_pkr_plyr: bets $0.18
Schdoerrchen: folds 
ExQuisit1987: folds 
Uncalled bet ($0.18) returned to Al_pkr_plyr
Al_pkr_plyr collected $0.37 from pot
*** SUMMARY ***
Total pot $0.38 | Rake $0.01 
Board [7d As 4c Ts]
Seat 1: HE0123 folded before Flop (didn't bet)
Seat 2: Dorex2007 folded before Flop (didn't bet)
Seat 3: Al_pkr_plyr (button) collected ($0.37)
Seat 4: olioli264 (small blind) folded before Flop
Seat 5: Schdoerrchen (big blind) folded on the Turn
Seat 6: Floki1337 folded before Flop (didn't bet)
Seat 7: ExQuisit1987 folded on the Turn
Seat 9: RGeroyev folded before Flop



PokerStars Hand #237239199524:  Hold'em No Limit ($0.01/$0.02 USD) - 2022/07/08 12:36:18 PT [2022/07/08 15:36:18 ET]
Table 'Siberia' 9-max Seat #4 is the button
Seat 1: HE0123 ($2.40 in chips) 
Seat 2: Dorex2007 ($2 in chips) 
Seat 3: Al_pkr_plyr ($2.85 in chips) 
Seat 4: olioli264 ($1.81 in chips) 
Seat 5: Schdoerrchen ($2 in chips) 
Seat 6: Floki1337 ($9.08 in chips) 
Seat 7: ExQuisit1987 ($3.81 in chips) 
Seat 9: RGeroyev ($1.09 in chips) 
Schdoerrchen: posts small blind $0.01
Floki1337: posts big blind $0.02
Kid_Polton: sits out 
*** HOLE CARDS ***
Dealt to Dorex2007 [6d 6h]
ExQuisit1987: folds 
RGeroyev: folds 
HE0123: folds 
Dorex2007: calls $0.02
Al_pkr_plyr: folds 
olioli264: calls $0.02
Schdoerrchen: calls $0.01
Floki1337: checks 
*** FLOP *** [5h 5d 4d]
Schdoerrchen: checks 
Floki1337: bets $0.04
Dorex2007: calls $0.04
olioli264: calls $0.04
Schdoerrchen: folds 
*** TURN *** [5h 5d 4d] [Qs]
Floki1337: bets $0.09
Dorex2007: folds 
olioli264: calls $0.09
*** RIVER *** [5h 5d 4d Qs] [Td]
Floki1337: bets $0.18
olioli264: calls $0.18
*** SHOW DOWN ***
Floki1337: shows [Qd 4h] (two pair, Queens and Fives)
olioli264: shows [Kh Qh] (two pair, Queens and Fives - King kicker)
olioli264 collected $0.71 from pot
*** SUMMARY ***
Total pot $0.74 | Rake $0.03 
Board [5h 5d 4d Qs Td]
Seat 1: HE0123 folded before Flop (didn't bet)
Seat 2: Dorex2007 folded on the Turn
Seat 3: Al_pkr_plyr folded before Flop (didn't bet)
Seat 4: olioli264 (button) showed [Kh Qh] and won ($0.71) with two pair, Queens and Fives
Seat 5: Schdoerrchen (small blind) folded on the Flop
Seat 6: Floki1337 (big blind) showed [Qd 4h] and lost with two pair, Queens and Fives
Seat 7: ExQuisit1987 folded before Flop (didn't bet)
Seat 9: RGeroyev folded before Flop (didn't bet)



PokerStars Hand #237239223641:  Hold'em No Limit ($0.01/$0.02 USD) - 2022/07/08 12:37:26 PT [2022/07/08 15:37:26 ET]
Table 'Siberia' 9-max Seat #5 is the button
Seat 1: HE0123 ($2.40 in chips) 
Seat 2: Dorex2007 ($2 in chips) 
Seat 3: Al_pkr_plyr ($2.85 in chips) 
Seat 4: olioli264 ($2.19 in chips) 
Seat 5: Schdoerrchen ($2 in chips) 
Seat 6: Floki1337 ($8.75 in chips) 
Seat 7: ExQuisit1987 ($3.81 in chips) 
Seat 9: RGeroyev ($1.09 in chips) 
Floki1337: posts small blind $0.01
ExQuisit1987: posts big blind $0.02
Kid_Polton: sits out 
*** HOLE CARDS ***
Dealt to Dorex2007 [8c Qd]
RGeroyev: folds 
HE0123: folds 
Dorex2007: folds 
Al_pkr_plyr: raises $0.04 to $0.06
olioli264: folds 
Schdoerrchen: folds 
Floki1337: calls $0.05
ExQuisit1987: calls $0.04
*** FLOP *** [9c Ks 3c]
Floki1337: checks 
ExQuisit1987: bets $0.08
Al_pkr_plyr: folds 
Floki1337: calls $0.08
*** TURN *** [9c Ks 3c] [6d]
Floki1337: checks 
ExQuisit1987: bets $0.12
Floki1337: calls $0.12
*** RIVER *** [9c Ks 3c 6d] [As]
Floki1337: checks 
ExQuisit1987: checks 
*** SHOW DOWN ***
Floki1337: shows [Jd 9d] (a pair of Nines)
ExQuisit1987: shows [Kd 4h] (a pair of Kings)
ExQuisit1987 collected $0.56 from pot
*** SUMMARY ***
Total pot $0.58 | Rake $0.02 
Board [9c Ks 3c 6d As]
Seat 1: HE0123 folded before Flop (didn't bet)
Seat 2: Dorex2007 folded before Flop (didn't bet)
Seat 3: Al_pkr_plyr folded on the Flop
Seat 4: olioli264 folded before Flop (didn't bet)
Seat 5: Schdoerrchen (button) folded before Flop (didn't bet)
Seat 6: Floki1337 (small blind) showed [Jd 9d] and lost with a pair of Nines
Seat 7: ExQuisit1987 (big blind) showed [Kd 4h] and won ($0.56) with a pair of Kings
Seat 9: RGeroyev folded before Flop (didn't bet)



PokerStars Hand #237239242235:  Hold'em No Limit ($0.01/$0.02 USD) - 2022/07/08 12:38:17 PT [2022/07/08 15:38:17 ET]
Table 'Siberia' 9-max Seat #6 is the button
Seat 1: HE0123 ($2.40 in chips) 
Seat 2: Dorex2007 ($2 in chips) 
Seat 3: Al_pkr_plyr ($2.79 in chips) 
Seat 4: olioli264 ($2.19 in chips) 
Seat 5: Schdoerrchen ($2 in chips) 
Seat 6: Floki1337 ($8.49 in chips) 
Seat 7: ExQuisit1987 ($4.11 in chips) 
Seat 8: Kid_Polton ($3.24 in chips) 
Seat 9: RGeroyev ($1.09 in chips) 
ExQuisit1987: posts small blind $0.01
Kid_Polton: posts big blind $0.02
*** HOLE CARDS ***
Dealt to Dorex2007 [As 6h]
RGeroyev: folds 
HE0123: folds 
Dorex2007: folds 
Al_pkr_plyr: folds 
olioli264: calls $0.02
Schdoerrchen: folds 
Floki1337: folds 
ExQuisit1987: calls $0.01
Kid_Polton: checks 
*** FLOP *** [Js 2h Ad]
ExQuisit1987: checks 
Kid_Polton: checks 
olioli264: checks 
*** TURN *** [Js 2h Ad] [4d]
ExQuisit1987: checks 
Kid_Polton: checks 
olioli264: checks 
*** RIVER *** [Js 2h Ad 4d] [Qc]
ExQuisit1987: bets $0.04
Kid_Polton: folds 
olioli264: raises $0.14 to $0.18
ExQuisit1987: folds 
Uncalled bet ($0.14) returned to olioli264
olioli264 collected $0.14 from pot
*** SUMMARY ***
Total pot $0.14 | Rake $0 
Board [Js 2h Ad 4d Qc]
Seat 1: HE0123 folded before Flop (didn't bet)
Seat 2: Dorex2007 folded before Flop (didn't bet)
Seat 3: Al_pkr_plyr folded before Flop (didn't bet)
Seat 4: olioli264 collected ($0.14)
Seat 5: Schdoerrchen folded before Flop (didn't bet)
Seat 6: Floki1337 (button) folded before Flop (didn't bet)
Seat 7: ExQuisit1987 (small blind) folded on the River
Seat 8: Kid_Polton (big blind) folded on the River
Seat 9: RGeroyev folded before Flop (didn't bet)



PokerStars Hand #237239269774:  Hold'em No Limit ($0.01/$0.02 USD) - 2022/07/08 12:39:31 PT [2022/07/08 15:39:31 ET]
Table 'Siberia' 9-max Seat #7 is the button
Seat 1: HE0123 ($2.40 in chips) 
Seat 2: Dorex2007 ($2 in chips) 
Seat 3: Al_pkr_plyr ($2.79 in chips) 
Seat 4: olioli264 ($2.27 in chips) 
Seat 5: Schdoerrchen ($2 in chips) 
Seat 6: Floki1337 ($8.49 in chips) 
Seat 7: ExQuisit1987 ($4.05 in chips) 
Seat 8: Kid_Polton ($3.22 in chips) 
Seat 9: RGeroyev ($1.09 in chips) 
Kid_Polton: posts small blind $0.01
RGeroyev: posts big blind $0.02
*** HOLE CARDS ***
Dealt to Dorex2007 [Ad Jh]
HE0123: folds 
Dorex2007: raises $0.04 to $0.06
Al_pkr_plyr: folds 
olioli264: calls $0.06
Schdoerrchen: folds 
Floki1337: calls $0.06
ExQuisit1987: calls $0.06
Kid_Polton: calls $0.05
RGeroyev: folds 
*** FLOP *** [7h Qh 7d]
Kid_Polton: checks 
Dorex2007: checks 
olioli264: checks 
Floki1337: bets $0.23
ExQuisit1987: folds 
Kid_Polton: folds 
Dorex2007: folds 
olioli264: folds 
Uncalled bet ($0.23) returned to Floki1337
Floki1337 collected $0.31 from pot
*** SUMMARY ***
Total pot $0.32 | Rake $0.01 
Board [7h Qh 7d]
Seat 1: HE0123 folded before Flop (didn't bet)
Seat 2: Dorex2007 folded on the Flop
Seat 3: Al_pkr_plyr folded before Flop (didn't bet)
Seat 4: olioli264 folded on the Flop
Seat 5: Schdoerrchen folded before Flop (didn't bet)
Seat 6: Floki1337 collected ($0.31)
Seat 7: ExQuisit1987 (button) folded on the Flop
Seat 8: Kid_Polton (small blind) folded on the Flop
Seat 9: RGeroyev (big blind) folded before Flop



PokerStars Hand #237239288487:  Hold'em No Limit ($0.01/$0.02 USD) - 2022/07/08 12:40:24 PT [2022/07/08 15:40:24 ET]
Table 'Siberia' 9-max Seat #8 is the button
Seat 1: HE0123 ($2.40 in chips) 
Seat 2: Dorex2007 ($2 in chips) 
Seat 3: Al_pkr_plyr ($2.79 in chips) 
Seat 4: olioli264 ($2.21 in chips) 
Seat 5: Schdoerrchen ($2 in chips) 
Seat 6: Floki1337 ($8.74 in chips) 
Seat 7: ExQuisit1987 ($3.99 in chips) 
Seat 8: Kid_Polton ($3.16 in chips) 
Seat 9: RGeroyev ($1.07 in chips) 
RGeroyev: posts small blind $0.01
HE0123: posts big blind $0.02
*** HOLE CARDS ***
Dealt to Dorex2007 [7s Ah]
Dorex2007: folds 
Al_pkr_plyr: folds 
olioli264: folds 
Schdoerrchen: folds 
Floki1337: folds 
ExQuisit1987: raises $0.02 to $0.04
Kid_Polton: raises $0.11 to $0.15
RGeroyev: folds 
HE0123: folds 
ExQuisit1987: calls $0.11
*** FLOP *** [9s 6c 3d]
ExQuisit1987: checks 
Kid_Polton: checks 
*** TURN *** [9s 6c 3d] [Kd]
ExQuisit1987: checks 
Kid_Polton: checks 
*** RIVER *** [9s 6c 3d Kd] [6s]
ExQuisit1987: checks 
Kid_Polton: checks 
*** SHOW DOWN ***
ExQuisit1987: shows [Qd Kh] (two pair, Kings and Sixes)
Kid_Polton: mucks hand 
ExQuisit1987 collected $0.32 from pot
*** SUMMARY ***
Total pot $0.33 | Rake $0.01 
Board [9s 6c 3d Kd 6s]
Seat 1: HE0123 (big blind) folded before Flop
Seat 2: Dorex2007 folded before Flop (didn't bet)
Seat 3: Al_pkr_plyr folded before Flop (didn't bet)
Seat 4: olioli264 folded before Flop (didn't bet)
Seat 5: Schdoerrchen folded before Flop (didn't bet)
Seat 6: Floki1337 folded before Flop (didn't bet)
Seat 7: ExQuisit1987 showed [Qd Kh] and won ($0.32) with two pair, Kings and Sixes
Seat 8: Kid_Polton (button) mucked [Ac Qc]
Seat 9: RGeroyev (small blind) folded before Flop



PokerStars Hand #237239308699:  Hold'em No Limit ($0.01/$0.02 USD) - 2022/07/08 12:41:20 PT [2022/07/08 15:41:20 ET]
Table 'Siberia' 9-max Seat #9 is the button
Seat 1: HE0123 ($2.38 in chips) 
Seat 2: Dorex2007 ($2 in chips) 
Seat 3: Al_pkr_plyr ($2.79 in chips) 
Seat 4: olioli264 ($2.21 in chips) 
Seat 5: Schdoerrchen ($2 in chips) 
Seat 6: Floki1337 ($8.74 in chips) 
Seat 7: ExQuisit1987 ($4.16 in chips) 
Seat 8: Kid_Polton ($3.01 in chips) 
Seat 9: RGeroyev ($1.06 in chips) 
HE0123: posts small blind $0.01
Dorex2007: posts big blind $0.02
*** HOLE CARDS ***
Dealt to Dorex2007 [Qc 9h]
Al_pkr_plyr: raises $0.04 to $0.06
olioli264: folds 
Schdoerrchen: raises $0.15 to $0.21
Floki1337: folds 
ExQuisit1987: folds 
Kid_Polton: folds 
RGeroyev: folds 
HE0123: folds 
Dorex2007: folds 
Al_pkr_plyr: folds 
Uncalled bet ($0.15) returned to Schdoerrchen
Schdoerrchen collected $0.15 from pot
*** SUMMARY ***
Total pot $0.15 | Rake $0 
Seat 1: HE0123 (small blind) folded before Flop
Seat 2: Dorex2007 (big blind) folded before Flop
Seat 3: Al_pkr_plyr folded before Flop
Seat 4: olioli264 folded before Flop (didn't bet)
Seat 5: Schdoerrchen collected ($0.15)
Seat 6: Floki1337 folded before Flop (didn't bet)
Seat 7: ExQuisit1987 folded before Flop (didn't bet)
Seat 8: Kid_Polton folded before Flop (didn't bet)
Seat 9: RGeroyev (button) folded before Flop (didn't bet)



PokerStars Hand #237239320192:  Hold'em No Limit ($0.01/$0.02 USD) - 2022/07/08 12:41:52 PT [2022/07/08 15:41:52 ET]
Table 'Siberia' 9-max Seat #1 is the button
Seat 1: HE0123 ($2.37 in chips) 
Seat 2: Dorex2007 ($2 in chips) 
Seat 3: Al_pkr_plyr ($2.73 in chips) 
Seat 4: olioli264 ($2.21 in chips) 
Seat 5: Schdoerrchen ($2.09 in chips) 
Seat 6: Floki1337 ($8.74 in chips) 
Seat 7: ExQuisit1987 ($4.16 in chips) 
Seat 8: Kid_Polton ($3.01 in chips) 
Seat 9: RGeroyev ($1.06 in chips) 
Dorex2007: posts small blind $0.01
Al_pkr_plyr: posts big blind $0.02
*** HOLE CARDS ***
Dealt to Dorex2007 [6s 2c]
olioli264: folds 
Schdoerrchen: folds 
Floki1337: folds 
ExQuisit1987: calls $0.02
Kid_Polton: raises $0.06 to $0.08
RGeroyev: folds 
HE0123: folds 
Dorex2007: folds 
Al_pkr_plyr: folds 
ExQuisit1987: calls $0.06
*** FLOP *** [5s 6d Ts]
ExQuisit1987: checks 
Kid_Polton: checks 
*** TURN *** [5s 6d Ts] [9c]
ExQuisit1987: checks 
Kid_Polton: checks 
*** RIVER *** [5s 6d Ts 9c] [Ad]
ExQuisit1987: bets $0.09
Kid_Polton: folds 
Uncalled bet ($0.09) returned to ExQuisit1987
ExQuisit1987 collected $0.18 from pot
*** SUMMARY ***
Total pot $0.19 | Rake $0.01 
Board [5s 6d Ts 9c Ad]
Seat 1: HE0123 (button) folded before Flop (didn't bet)
Seat 2: Dorex2007 (small blind) folded before Flop
Seat 3: Al_pkr_plyr (big blind) folded before Flop
Seat 4: olioli264 folded before Flop (didn't bet)
Seat 5: Schdoerrchen folded before Flop (didn't bet)
Seat 6: Floki1337 folded before Flop (didn't bet)
Seat 7: ExQuisit1987 collected ($0.18)
Seat 8: Kid_Polton folded on the River
Seat 9: RGeroyev folded before Flop (didn't bet)



PokerStars Hand #237239340750:  Hold'em No Limit ($0.01/$0.02 USD) - 2022/07/08 12:42:49 PT [2022/07/08 15:42:49 ET]
Table 'Siberia' 9-max Seat #2 is the button
Seat 1: HE0123 ($2.37 in chips) 
Seat 2: Dorex2007 ($2 in chips) 
Seat 3: Al_pkr_plyr ($2.71 in chips) 
Seat 4: olioli264 ($2.21 in chips) 
Seat 5: Schdoerrchen ($2.09 in chips) 
Seat 6: Floki1337 ($8.74 in chips) 
Seat 7: ExQuisit1987 ($4.26 in chips) 
Seat 8: Kid_Polton ($2.93 in chips) 
Seat 9: RGeroyev ($1.06 in chips) 
Al_pkr_plyr: posts small blind $0.01
olioli264: posts big blind $0.02
*** HOLE CARDS ***
Dealt to Dorex2007 [7c 2h]
Schdoerrchen has timed out
Schdoerrchen: folds 
Floki1337: folds 
Schdoerrchen leaves the table
ExQuisit1987: calls $0.02
Kid_Polton: folds 
RGeroyev: folds 
HE0123: raises $0.06 to $0.08
Dorex2007: folds 
Al_pkr_plyr: folds 
olioli264: calls $0.06
AndyJohn663 joins the table at seat #5 
ExQuisit1987: calls $0.06
*** FLOP *** [Js 5h 8d]
olioli264: checks 
ExQuisit1987: checks 
HE0123: checks 
*** TURN *** [Js 5h 8d] [Ac]
olioli264: checks 
ExQuisit1987: checks 
HE0123: bets $0.10
olioli264: calls $0.10
ExQuisit1987: folds 
*** RIVER *** [Js 5h 8d Ac] [5d]
olioli264: checks 
HE0123: checks 
*** SHOW DOWN ***
olioli264: shows [As Kd] (two pair, Aces and Fives)
HE0123: mucks hand 
olioli264 collected $0.43 from pot
*** SUMMARY ***
Total pot $0.45 | Rake $0.02 
Board [Js 5h 8d Ac 5d]
Seat 1: HE0123 mucked [Qc Ts]
Seat 2: Dorex2007 (button) folded before Flop (didn't bet)
Seat 3: Al_pkr_plyr (small blind) folded before Flop
Seat 4: olioli264 (big blind) showed [As Kd] and won ($0.43) with two pair, Aces and Fives
Seat 5: Schdoerrchen folded before Flop (didn't bet)
Seat 6: Floki1337 folded before Flop (didn't bet)
Seat 7: ExQuisit1987 folded on the Turn
Seat 8: Kid_Polton folded before Flop (didn't bet)
Seat 9: RGeroyev folded before Flop (didn't bet)



PokerStars Hand #237239362773:  Hold'em No Limit ($0.01/$0.02 USD) - 2022/07/08 12:43:51 PT [2022/07/08 15:43:51 ET]
Table 'Siberia' 9-max Seat #3 is the button
Seat 1: HE0123 ($2.19 in chips) 
Seat 2: Dorex2007 ($2 in chips) 
Seat 3: Al_pkr_plyr ($2.70 in chips) 
Seat 4: olioli264 ($2.46 in chips) 
Seat 5: AndyJohn663 ($2 in chips) 
Seat 6: Floki1337 ($8.74 in chips) 
Seat 7: ExQuisit1987 ($4.18 in chips) 
Seat 8: Kid_Polton ($2.93 in chips) 
Seat 9: RGeroyev ($1.06 in chips) 
olioli264: posts small blind $0.01
AndyJohn663: posts big blind $0.02
*** HOLE CARDS ***
Dealt to Dorex2007 [2d As]
Floki1337: folds 
ExQuisit1987: folds 
Kid_Polton: folds 
RGeroyev: folds 
HE0123: folds 
Dorex2007: folds 
Al_pkr_plyr: raises $0.04 to $0.06
olioli264: folds 
AndyJohn663: folds 
Uncalled bet ($0.04) returned to Al_pkr_plyr
Al_pkr_plyr collected $0.05 from pot
*** SUMMARY ***
Total pot $0.05 | Rake $0 
Seat 1: HE0123 folded before Flop (didn't bet)
Seat 2: Dorex2007 folded before Flop (didn't bet)
Seat 3: Al_pkr_plyr (button) collected ($0.05)
Seat 4: olioli264 (small blind) folded before Flop
Seat 5: AndyJohn663 (big blind) folded before Flop
Seat 6: Floki1337 folded before Flop (didn't bet)
Seat 7: ExQuisit1987 folded before Flop (didn't bet)
Seat 8: Kid_Polton folded before Flop (didn't bet)
Seat 9: RGeroyev folded before Flop (didn't bet)



PokerStars Hand #237239370203:  Hold'em No Limit ($0.01/$0.02 USD) - 2022/07/08 12:44:11 PT [2022/07/08 15:44:11 ET]
Table 'Siberia' 9-max Seat #4 is the button
Seat 1: HE0123 ($2.19 in chips) 
Seat 2: Dorex2007 ($2 in chips) 
Seat 3: Al_pkr_plyr ($2.73 in chips) 
Seat 4: olioli264 ($2.45 in chips) 
Seat 5: AndyJohn663 ($1.98 in chips) 
Seat 6: Floki1337 ($8.74 in chips) 
Seat 7: ExQuisit1987 ($4.18 in chips) 
Seat 8: Kid_Polton ($2.93 in chips) 
Seat 9: RGeroyev ($1.06 in chips) 
AndyJohn663: posts small blind $0.01
Floki1337: posts big blind $0.02
*** HOLE CARDS ***
Dealt to Dorex2007 [8c 2s]
ExQuisit1987: folds 
Kid_Polton: folds 
RGeroyev: calls $0.02
HE0123: folds 
Dorex2007: folds 
Al_pkr_plyr has timed out
Al_pkr_plyr: folds 
olioli264: folds 
AndyJohn663: calls $0.01
Floki1337: checks 
*** FLOP *** [6c Ks 4c]
AndyJohn663: checks 
Floki1337: checks 
RGeroyev: checks 
*** TURN *** [6c Ks 4c] [3s]
AndyJohn663: bets $0.04
Floki1337: calls $0.04
RGeroyev: folds 
*** RIVER *** [6c Ks 4c 3s] [Jc]
AndyJohn663: bets $0.07
Floki1337: raises $0.14 to $0.21
AndyJohn663: folds 
Uncalled bet ($0.14) returned to Floki1337
Floki1337 collected $0.27 from pot
*** SUMMARY ***
Total pot $0.28 | Rake $0.01 
Board [6c Ks 4c 3s Jc]
Seat 1: HE0123 folded before Flop (didn't bet)
Seat 2: Dorex2007 folded before Flop (didn't bet)
Seat 3: Al_pkr_plyr folded before Flop (didn't bet)
Seat 4: olioli264 (button) folded before Flop (didn't bet)
Seat 5: AndyJohn663 (small blind) folded on the River
Seat 6: Floki1337 (big blind) collected ($0.27)
Seat 7: ExQuisit1987 folded before Flop (didn't bet)
Seat 8: Kid_Polton folded before Flop (didn't bet)
Seat 9: RGeroyev folded on the Turn



PokerStars Hand #237239400498:  Hold'em No Limit ($0.01/$0.02 USD) - 2022/07/08 12:45:21 PT [2022/07/08 15:45:21 ET]
Table 'Siberia' 9-max Seat #5 is the button
Seat 1: HE0123 ($2.19 in chips) 
Seat 2: Dorex2007 ($2 in chips) 
Seat 3: Al_pkr_plyr ($2.73 in chips) 
Seat 4: olioli264 ($2.45 in chips) 
Seat 5: AndyJohn663 ($1.85 in chips) 
Seat 6: Floki1337 ($8.88 in chips) 
Seat 7: ExQuisit1987 ($4.18 in chips) 
Seat 8: Kid_Polton ($2.93 in chips) 
Seat 9: RGeroyev ($1.04 in chips) 
Floki1337: posts small blind $0.01
ExQuisit1987: posts big blind $0.02
*** HOLE CARDS ***
Dealt to Dorex2007 [6d 5s]
Kid_Polton: folds 
RGeroyev: folds 
HE0123: folds 
Dorex2007: folds 
Al_pkr_plyr: folds 
olioli264: folds 
AndyJohn663: folds 
Floki1337: folds 
Uncalled bet ($0.01) returned to ExQuisit1987
ExQuisit1987 collected $0.02 from pot
*** SUMMARY ***
Total pot $0.02 | Rake $0 
Seat 1: HE0123 folded before Flop (didn't bet)
Seat 2: Dorex2007 folded before Flop (didn't bet)
Seat 3: Al_pkr_plyr folded before Flop (didn't bet)
Seat 4: olioli264 folded before Flop (didn't bet)
Seat 5: AndyJohn663 (button) folded before Flop (didn't bet)
Seat 6: Floki1337 (small blind) folded before Flop
Seat 7: ExQuisit1987 (big blind) collected ($0.02)
Seat 8: Kid_Polton folded before Flop (didn't bet)
Seat 9: RGeroyev folded before Flop (didn't bet)



PokerStars Hand #237239409515:  Hold'em No Limit ($0.01/$0.02 USD) - 2022/07/08 12:45:46 PT [2022/07/08 15:45:46 ET]
Table 'Siberia' 9-max Seat #6 is the button
Seat 1: HE0123 ($2.19 in chips) 
Seat 2: Dorex2007 ($2 in chips) 
Seat 3: Al_pkr_plyr ($2.73 in chips) 
Seat 4: olioli264 ($2.45 in chips) 
Seat 5: AndyJohn663 ($1.85 in chips) 
Seat 6: Floki1337 ($8.87 in chips) 
Seat 7: ExQuisit1987 ($4.19 in chips) 
Seat 8: Kid_Polton ($2.93 in chips) 
Seat 9: RGeroyev ($1.04 in chips) 
ExQuisit1987: posts small blind $0.01
Kid_Polton: posts big blind $0.02
*** HOLE CARDS ***
Dealt to Dorex2007 [3s As]
RGeroyev: raises $0.02 to $0.04
HE0123: folds 
Dorex2007: calls $0.04
Al_pkr_plyr: folds 
olioli264: folds 
AndyJohn663: folds 
Floki1337: calls $0.04
ExQuisit1987: folds 
Kid_Polton: folds 
*** FLOP *** [Tc 4s Td]
RGeroyev: checks 
Dorex2007: checks 
Floki1337: checks 
*** TURN *** [Tc 4s Td] [2h]
RGeroyev: checks 
Dorex2007: bets $0.07
Floki1337: folds 
RGeroyev: folds 
Uncalled bet ($0.07) returned to Dorex2007
Dorex2007 collected $0.14 from pot
*** SUMMARY ***
Total pot $0.15 | Rake $0.01 
Board [Tc 4s Td 2h]
Seat 1: HE0123 folded before Flop (didn't bet)
Seat 2: Dorex2007 collected ($0.14)
Seat 3: Al_pkr_plyr folded before Flop (didn't bet)
Seat 4: olioli264 folded before Flop (didn't bet)
Seat 5: AndyJohn663 folded before Flop (didn't bet)
Seat 6: Floki1337 (button) folded on the Turn
Seat 7: ExQuisit1987 (small blind) folded before Flop
Seat 8: Kid_Polton (big blind) folded before Flop
Seat 9: RGeroyev folded on the Turn



PokerStars Hand #237239422406:  Hold'em No Limit ($0.01/$0.02 USD) - 2022/07/08 12:46:22 PT [2022/07/08 15:46:22 ET]
Table 'Siberia' 9-max Seat #7 is the button
Seat 1: HE0123 ($2.19 in chips) 
Seat 2: Dorex2007 ($2.10 in chips) 
Seat 3: Al_pkr_plyr ($2.73 in chips) 
Seat 4: olioli264 ($2.45 in chips) 
Seat 5: AndyJohn663 ($1.85 in chips) 
Seat 6: Floki1337 ($8.83 in chips) 
Seat 7: ExQuisit1987 ($4.18 in chips) 
Seat 8: Kid_Polton ($2.91 in chips) 
Seat 9: RGeroyev ($1 in chips) 
Kid_Polton: posts small blind $0.01
RGeroyev: posts big blind $0.02
*** HOLE CARDS ***
Dealt to Dorex2007 [Kd Td]
HE0123: folds 
Dorex2007: calls $0.02
Al_pkr_plyr: folds 
olioli264: folds 
AndyJohn663: folds 
Floki1337: folds 
ExQuisit1987: folds 
Kid_Polton: folds 
RGeroyev: checks 
*** FLOP *** [7s Ad Kh]
RGeroyev: checks 
Dorex2007: bets $0.05
ExQuisit1987 leaves the table
09cmadden joins the table at seat #7 
RGeroyev: folds 
Uncalled bet ($0.05) returned to Dorex2007
Dorex2007 collected $0.05 from pot
*** SUMMARY ***
Total pot $0.05 | Rake $0 
Board [7s Ad Kh]
Seat 1: HE0123 folded before Flop (didn't bet)
Seat 2: Dorex2007 collected ($0.05)
Seat 3: Al_pkr_plyr folded before Flop (didn't bet)
Seat 4: olioli264 folded before Flop (didn't bet)
Seat 5: AndyJohn663 folded before Flop (didn't bet)
Seat 6: Floki1337 folded before Flop (didn't bet)
Seat 7: ExQuisit1987 (button) folded before Flop (didn't bet)
Seat 8: Kid_Polton (small blind) folded before Flop
Seat 9: RGeroyev (big blind) folded on the Flop



PokerStars Hand #237239432361:  Hold'em No Limit ($0.01/$0.02 USD) - 2022/07/08 12:46:50 PT [2022/07/08 15:46:50 ET]
Table 'Siberia' 9-max Seat #8 is the button
Seat 1: HE0123 ($2.19 in chips) 
Seat 2: Dorex2007 ($2.13 in chips) 
Seat 3: Al_pkr_plyr ($2.73 in chips) 
Seat 4: olioli264 ($2.45 in chips) 
Seat 5: AndyJohn663 ($1.85 in chips) 
Seat 6: Floki1337 ($8.83 in chips) 
Seat 8: Kid_Polton ($2.90 in chips) 
Seat 9: RGeroyev ($0.98 in chips) 
RGeroyev: posts small blind $0.01
HE0123: posts big blind $0.02
09cmadden: sits out 
*** HOLE CARDS ***
Dealt to Dorex2007 [6d 3s]
Dorex2007: folds 
Al_pkr_plyr: raises $0.04 to $0.06
olioli264: folds 
AndyJohn663: raises $1.79 to $1.85 and is all-in
Floki1337: folds 
Kid_Polton: folds 
RGeroyev: folds 
HE0123: folds 
Al_pkr_plyr: folds 
Uncalled bet ($1.79) returned to AndyJohn663
AndyJohn663 collected $0.15 from pot
*** SUMMARY ***
Total pot $0.15 | Rake $0 
Seat 1: HE0123 (big blind) folded before Flop
Seat 2: Dorex2007 folded before Flop (didn't bet)
Seat 3: Al_pkr_plyr folded before Flop
Seat 4: olioli264 folded before Flop (didn't bet)
Seat 5: AndyJohn663 collected ($0.15)
Seat 6: Floki1337 folded before Flop (didn't bet)
Seat 8: Kid_Polton (button) folded before Flop (didn't bet)
Seat 9: RGeroyev (small blind) folded before Flop



PokerStars Hand #237239445532:  Hold'em No Limit ($0.01/$0.02 USD) - 2022/07/08 12:47:26 PT [2022/07/08 15:47:26 ET]
Table 'Siberia' 9-max Seat #9 is the button
Seat 1: HE0123 ($2.17 in chips) 
Seat 2: Dorex2007 ($2.13 in chips) 
Seat 3: Al_pkr_plyr ($2.67 in chips) 
Seat 4: olioli264 ($2.45 in chips) 
Seat 5: AndyJohn663 ($1.94 in chips) 
Seat 6: Floki1337 ($8.83 in chips) 
Seat 8: Kid_Polton ($2.90 in chips) 
Seat 9: RGeroyev ($0.97 in chips) 
HE0123: posts small blind $0.01
Dorex2007: posts big blind $0.02
09cmadden: sits out 
*** HOLE CARDS ***
Dealt to Dorex2007 [Kd Ks]
Al_pkr_plyr: folds 
olioli264: calls $0.02
AndyJohn663: folds 
Floki1337: folds 
Kid_Polton: folds 
RGeroyev: folds 
HE0123: raises $0.08 to $0.10
Dorex2007: raises $0.14 to $0.24
olioli264: folds 
HE0123: folds 
Uncalled bet ($0.14) returned to Dorex2007
Dorex2007 collected $0.22 from pot
*** SUMMARY ***
Total pot $0.22 | Rake $0 
Seat 1: HE0123 (small blind) folded before Flop
Seat 2: Dorex2007 (big blind) collected ($0.22)
Seat 3: Al_pkr_plyr folded before Flop (didn't bet)
Seat 4: olioli264 folded before Flop
Seat 5: AndyJohn663 folded before Flop (didn't bet)
Seat 6: Floki1337 folded before Flop (didn't bet)
Seat 8: Kid_Polton folded before Flop (didn't bet)
Seat 9: RGeroyev (button) folded before Flop (didn't bet)



PokerStars Hand #237239453495:  Hold'em No Limit ($0.01/$0.02 USD) - 2022/07/08 12:47:49 PT [2022/07/08 15:47:49 ET]
Table 'Siberia' 9-max Seat #1 is the button
Seat 1: HE0123 ($2.07 in chips) 
Seat 2: Dorex2007 ($2.25 in chips) 
Seat 3: Al_pkr_plyr ($2.67 in chips) 
Seat 4: olioli264 ($2.43 in chips) 
Seat 5: AndyJohn663 ($1.94 in chips) 
Seat 6: Floki1337 ($8.83 in chips) 
Seat 8: Kid_Polton ($2.90 in chips) 
Seat 9: RGeroyev ($0.97 in chips) 
Dorex2007: posts small blind $0.01
Al_pkr_plyr: posts big blind $0.02
09cmadden: sits out 
*** HOLE CARDS ***
Dealt to Dorex2007 [As 7c]
olioli264: folds 
AndyJohn663: folds 
Floki1337: folds 
Kid_Polton: folds 
RGeroyev: folds 
HE0123: raises $0.04 to $0.06
Dorex2007: folds 
Al_pkr_plyr: raises $0.13 to $0.19
HE0123: folds 
Uncalled bet ($0.13) returned to Al_pkr_plyr
Al_pkr_plyr collected $0.13 from pot
*** SUMMARY ***
Total pot $0.13 | Rake $0 
Seat 1: HE0123 (button) folded before Flop
Seat 2: Dorex2007 (small blind) folded before Flop
Seat 3: Al_pkr_plyr (big blind) collected ($0.13)
Seat 4: olioli264 folded before Flop (didn't bet)
Seat 5: AndyJohn663 folded before Flop (didn't bet)
Seat 6: Floki1337 folded before Flop (didn't bet)
Seat 8: Kid_Polton folded before Flop (didn't bet)
Seat 9: RGeroyev folded before Flop (didn't bet)



PokerStars Hand #237239465262:  Hold'em No Limit ($0.01/$0.02 USD) - 2022/07/08 12:48:22 PT [2022/07/08 15:48:22 ET]
Table 'Siberia' 9-max Seat #2 is the button
Seat 1: HE0123 ($2.01 in chips) 
Seat 2: Dorex2007 ($2.24 in chips) 
Seat 3: Al_pkr_plyr ($2.74 in chips) 
Seat 4: olioli264 ($2.43 in chips) 
Seat 5: AndyJohn663 ($1.94 in chips) 
Seat 6: Floki1337 ($8.83 in chips) 
Seat 8: Kid_Polton ($2.90 in chips) 
Seat 9: RGeroyev ($0.97 in chips) 
Al_pkr_plyr: posts small blind $0.01
olioli264: posts big blind $0.02
09cmadden: sits out 
*** HOLE CARDS ***
Dealt to Dorex2007 [2h Ac]
AndyJohn663: folds 
Floki1337: raises $0.04 to $0.06
Kid_Polton: folds 
RGeroyev: folds 
HE0123: folds 
Dorex2007: folds 
Al_pkr_plyr: folds 
olioli264: folds 
Uncalled bet ($0.04) returned to Floki1337
Floki1337 collected $0.05 from pot
*** SUMMARY ***
Total pot $0.05 | Rake $0 
Seat 1: HE0123 folded before Flop (didn't bet)
Seat 2: Dorex2007 (button) folded before Flop (didn't bet)
Seat 3: Al_pkr_plyr (small blind) folded before Flop
Seat 4: olioli264 (big blind) folded before Flop
Seat 5: AndyJohn663 folded before Flop (didn't bet)
Seat 6: Floki1337 collected ($0.05)
Seat 8: Kid_Polton folded before Flop (didn't bet)
Seat 9: RGeroyev folded before Flop (didn't bet)



PokerStars Hand #237239474755:  Hold'em No Limit ($0.01/$0.02 USD) - 2022/07/08 12:48:48 PT [2022/07/08 15:48:48 ET]
Table 'Siberia' 9-max Seat #3 is the button
Seat 1: HE0123 ($2.01 in chips) 
Seat 2: Dorex2007 ($2.24 in chips) 
Seat 3: Al_pkr_plyr ($2.73 in chips) 
Seat 4: olioli264 ($2.41 in chips) 
Seat 5: AndyJohn663 ($1.94 in chips) 
Seat 6: Floki1337 ($8.86 in chips) 
Seat 8: Kid_Polton ($2.90 in chips) 
Seat 9: RGeroyev ($0.97 in chips) 
olioli264: posts small blind $0.01
AndyJohn663: posts big blind $0.02
09cmadden: sits out 
*** HOLE CARDS ***
Dealt to Dorex2007 [Ad 7s]
Floki1337: folds 
Kid_Polton: folds 
RGeroyev: folds 
HE0123: folds 
Dorex2007: folds 
Al_pkr_plyr: folds 
olioli264: raises $0.02 to $0.04
AndyJohn663: folds 
Uncalled bet ($0.02) returned to olioli264
olioli264 collected $0.04 from pot
*** SUMMARY ***
Total pot $0.04 | Rake $0 
Seat 1: HE0123 folded before Flop (didn't bet)
Seat 2: Dorex2007 folded before Flop (didn't bet)
Seat 3: Al_pkr_plyr (button) folded before Flop (didn't bet)
Seat 4: olioli264 (small blind) collected ($0.04)
Seat 5: AndyJohn663 (big blind) folded before Flop
Seat 6: Floki1337 folded before Flop (didn't bet)
Seat 8: Kid_Polton folded before Flop (didn't bet)
Seat 9: RGeroyev folded before Flop (didn't bet)



PokerStars Hand #237239483879:  Hold'em No Limit ($0.01/$0.02 USD) - 2022/07/08 12:49:14 PT [2022/07/08 15:49:14 ET]
Table 'Siberia' 9-max Seat #4 is the button
Seat 1: HE0123 ($2.01 in chips) 
Seat 2: Dorex2007 ($2.24 in chips) 
Seat 3: Al_pkr_plyr ($2.73 in chips) 
Seat 4: olioli264 ($2.43 in chips) 
Seat 5: AndyJohn663 ($1.92 in chips) 
Seat 6: Floki1337 ($8.86 in chips) 
Seat 8: Kid_Polton ($2.90 in chips) 
Seat 9: RGeroyev ($0.97 in chips) 
AndyJohn663: posts small blind $0.01
Floki1337: posts big blind $0.02
09cmadden: sits out 
*** HOLE CARDS ***
Dealt to Dorex2007 [3s Jc]
Kid_Polton: folds 
RGeroyev: folds 
HE0123: folds 
Dorex2007: folds 
Al_pkr_plyr: raises $0.04 to $0.06
olioli264: folds 
AndyJohn663: folds 
Floki1337: folds 
Uncalled bet ($0.04) returned to Al_pkr_plyr
Al_pkr_plyr collected $0.05 from pot
*** SUMMARY ***
Total pot $0.05 | Rake $0 
Seat 1: HE0123 folded before Flop (didn't bet)
Seat 2: Dorex2007 folded before Flop (didn't bet)
Seat 3: Al_pkr_plyr collected ($0.05)
Seat 4: olioli264 (button) folded before Flop (didn't bet)
Seat 5: AndyJohn663 (small blind) folded before Flop
Seat 6: Floki1337 (big blind) folded before Flop
Seat 8: Kid_Polton folded before Flop (didn't bet)
Seat 9: RGeroyev folded before Flop (didn't bet)



PokerStars Hand #237239490763:  Hold'em No Limit ($0.01/$0.02 USD) - 2022/07/08 12:49:33 PT [2022/07/08 15:49:33 ET]
Table 'Siberia' 9-max Seat #5 is the button
Seat 1: HE0123 ($2.01 in chips) 
Seat 2: Dorex2007 ($2.24 in chips) 
Seat 3: Al_pkr_plyr ($2.76 in chips) 
Seat 4: olioli264 ($2.43 in chips) 
Seat 5: AndyJohn663 ($1.91 in chips) 
Seat 6: Floki1337 ($8.84 in chips) 
Seat 7: 09cmadden ($2 in chips) 
Seat 8: Kid_Polton ($2.90 in chips) 
Seat 9: RGeroyev ($0.97 in chips) 
Floki1337: posts small blind $0.01
09cmadden: posts big blind $0.02
*** HOLE CARDS ***
Dealt to Dorex2007 [3c 4h]
Kid_Polton: folds 
RGeroyev: folds 
HE0123: folds 
Dorex2007: folds 
Al_pkr_plyr: raises $0.04 to $0.06
olioli264: folds 
AndyJohn663: folds 
Floki1337: calls $0.05
09cmadden: calls $0.04
*** FLOP *** [6d 5s 9d]
Floki1337: checks 
09cmadden: bets $0.10
Al_pkr_plyr: folds 
Floki1337: folds 
Uncalled bet ($0.10) returned to 09cmadden
09cmadden collected $0.17 from pot
*** SUMMARY ***
Total pot $0.18 | Rake $0.01 
Board [6d 5s 9d]
Seat 1: HE0123 folded before Flop (didn't bet)
Seat 2: Dorex2007 folded before Flop (didn't bet)
Seat 3: Al_pkr_plyr folded on the Flop
Seat 4: olioli264 folded before Flop (didn't bet)
Seat 5: AndyJohn663 (button) folded before Flop (didn't bet)
Seat 6: Floki1337 (small blind) folded on the Flop
Seat 7: 09cmadden (big blind) collected ($0.17)
Seat 8: Kid_Polton folded before Flop (didn't bet)
Seat 9: RGeroyev folded before Flop (didn't bet)



PokerStars Hand #237239509490:  Hold'em No Limit ($0.01/$0.02 USD) - 2022/07/08 12:50:26 PT [2022/07/08 15:50:26 ET]
Table 'Siberia' 9-max Seat #6 is the button
Seat 1: HE0123 ($2.01 in chips) 
Seat 2: Dorex2007 ($2.24 in chips) 
Seat 3: Al_pkr_plyr ($2.70 in chips) 
Seat 4: olioli264 ($2.43 in chips) 
Seat 5: AndyJohn663 ($1.91 in chips) 
Seat 6: Floki1337 ($8.78 in chips) 
Seat 7: 09cmadden ($2.11 in chips) 
Seat 8: Kid_Polton ($2.90 in chips) 
Seat 9: RGeroyev ($0.97 in chips) 
09cmadden: posts small blind $0.01
Kid_Polton: posts big blind $0.02
*** HOLE CARDS ***
Dealt to Dorex2007 [8d Qh]
RGeroyev: raises $0.02 to $0.04
HE0123: folds 
Dorex2007: folds 
Al_pkr_plyr: folds 
olioli264: calls $0.04
AndyJohn663: folds 
Floki1337: folds 
09cmadden: raises $0.12 to $0.16
Kid_Polton: folds 
RGeroyev: folds 
olioli264: folds 
Uncalled bet ($0.12) returned to 09cmadden
09cmadden collected $0.14 from pot
*** SUMMARY ***
Total pot $0.14 | Rake $0 
Seat 1: HE0123 folded before Flop (didn't bet)
Seat 2: Dorex2007 folded before Flop (didn't bet)
Seat 3: Al_pkr_plyr folded before Flop (didn't bet)
Seat 4: olioli264 folded before Flop
Seat 5: AndyJohn663 folded before Flop (didn't bet)
Seat 6: Floki1337 (button) folded before Flop (didn't bet)
Seat 7: 09cmadden (small blind) collected ($0.14)
Seat 8: Kid_Polton (big blind) folded before Flop
Seat 9: RGeroyev folded before Flop



PokerStars Hand #237239519672:  Hold'em No Limit ($0.01/$0.02 USD) - 2022/07/08 12:50:54 PT [2022/07/08 15:50:54 ET]
Table 'Siberia' 9-max Seat #7 is the button
Seat 1: HE0123 ($2.01 in chips) 
Seat 2: Dorex2007 ($2.24 in chips) 
Seat 3: Al_pkr_plyr ($2.70 in chips) 
Seat 4: olioli264 ($2.39 in chips) 
Seat 5: AndyJohn663 ($1.91 in chips) 
Seat 6: Floki1337 ($8.78 in chips) 
Seat 7: 09cmadden ($2.21 in chips) 
Seat 8: Kid_Polton ($2.88 in chips) 
Seat 9: RGeroyev ($0.93 in chips) 
Kid_Polton: posts small blind $0.01
RGeroyev: posts big blind $0.02
*** HOLE CARDS ***
Dealt to Dorex2007 [7s Kd]
HE0123 has timed out
HE0123: folds 
Dorex2007: folds 
Al_pkr_plyr: folds 
olioli264: folds 
AndyJohn663 has timed out
AndyJohn663: folds 
Floki1337: folds 
09cmadden: raises $0.04 to $0.06
Kid_Polton: folds 
RGeroyev: folds 
Uncalled bet ($0.04) returned to 09cmadden
09cmadden collected $0.05 from pot
*** SUMMARY ***
Total pot $0.05 | Rake $0 
Seat 1: HE0123 folded before Flop (didn't bet)
Seat 2: Dorex2007 folded before Flop (didn't bet)
Seat 3: Al_pkr_plyr folded before Flop (didn't bet)
Seat 4: olioli264 folded before Flop (didn't bet)
Seat 5: AndyJohn663 folded before Flop (didn't bet)
Seat 6: Floki1337 folded before Flop (didn't bet)
Seat 7: 09cmadden (button) collected ($0.05)
Seat 8: Kid_Polton (small blind) folded before Flop
Seat 9: RGeroyev (big blind) folded before Flop



PokerStars Hand #237239533001:  Hold'em No Limit ($0.01/$0.02 USD) - 2022/07/08 12:51:31 PT [2022/07/08 15:51:31 ET]
Table 'Siberia' 9-max Seat #8 is the button
Seat 1: HE0123 ($2.01 in chips) 
Seat 2: Dorex2007 ($2.24 in chips) 
Seat 3: Al_pkr_plyr ($2.70 in chips) 
Seat 4: olioli264 ($2.39 in chips) 
Seat 6: Floki1337 ($8.78 in chips) 
Seat 7: 09cmadden ($2.24 in chips) 
Seat 8: Kid_Polton ($2.87 in chips) 
Seat 9: RGeroyev ($0.91 in chips) 
RGeroyev: posts small blind $0.01
HE0123: posts big blind $0.02
*** HOLE CARDS ***
Dealt to Dorex2007 [3c 5c]
Dorex2007: folds 
Al_pkr_plyr: folds 
olioli264: folds 
Floki1337: folds 
09cmadden: raises $0.04 to $0.06
Kid_Polton: folds 
RGeroyev: folds 
HE0123: folds 
Uncalled bet ($0.04) returned to 09cmadden
09cmadden collected $0.05 from pot
*** SUMMARY ***
Total pot $0.05 | Rake $0 
Seat 1: HE0123 (big blind) folded before Flop
Seat 2: Dorex2007 folded before Flop (didn't bet)
Seat 3: Al_pkr_plyr folded before Flop (didn't bet)
Seat 4: olioli264 folded before Flop (didn't bet)
Seat 6: Floki1337 folded before Flop (didn't bet)
Seat 7: 09cmadden collected ($0.05)
Seat 8: Kid_Polton (button) folded before Flop (didn't bet)
Seat 9: RGeroyev (small blind) folded before Flop



PokerStars Hand #237239538850:  Hold'em No Limit ($0.01/$0.02 USD) - 2022/07/08 12:51:47 PT [2022/07/08 15:51:47 ET]
Table 'Siberia' 9-max Seat #9 is the button
Seat 1: HE0123 ($2 in chips) 
Seat 2: Dorex2007 ($2.24 in chips) 
Seat 3: Al_pkr_plyr ($2.70 in chips) 
Seat 4: olioli264 ($2.39 in chips) 
Seat 5: AndyJohn663 ($1.91 in chips) 
Seat 6: Floki1337 ($8.78 in chips) 
Seat 7: 09cmadden ($2.27 in chips) 
Seat 8: Kid_Polton ($2.87 in chips) 
Seat 9: RGeroyev ($0.90 in chips) 
HE0123: posts small blind $0.01
Dorex2007: posts big blind $0.02
*** HOLE CARDS ***
Dealt to Dorex2007 [Ks Jd]
Al_pkr_plyr: folds 
olioli264: folds 
AndyJohn663: folds 
Floki1337: folds 
09cmadden: folds 
Kid_Polton: folds 
RGeroyev: raises $0.02 to $0.04
HE0123: folds 
Dorex2007: calls $0.02
*** FLOP *** [Qh 2c 4d]
Dorex2007: checks 
RGeroyev: bets $0.04
Dorex2007: folds 
Uncalled bet ($0.04) returned to RGeroyev
RGeroyev collected $0.09 from pot
*** SUMMARY ***
Total pot $0.09 | Rake $0 
Board [Qh 2c 4d]
Seat 1: HE0123 (small blind) folded before Flop
Seat 2: Dorex2007 (big blind) folded on the Flop
Seat 3: Al_pkr_plyr folded before Flop (didn't bet)
Seat 4: olioli264 folded before Flop (didn't bet)
Seat 5: AndyJohn663 folded before Flop (didn't bet)
Seat 6: Floki1337 folded before Flop (didn't bet)
Seat 7: 09cmadden folded before Flop (didn't bet)
Seat 8: Kid_Polton folded before Flop (didn't bet)
Seat 9: RGeroyev (button) collected ($0.09)



PokerStars Hand #237239557558:  Hold'em No Limit ($0.01/$0.02 USD) - 2022/07/08 12:52:39 PT [2022/07/08 15:52:39 ET]
Table 'Siberia' 9-max Seat #1 is the button
Seat 1: HE0123 ($2 in chips) 
Seat 2: Dorex2007 ($2.20 in chips) 
Seat 3: Al_pkr_plyr ($2.70 in chips) 
Seat 4: olioli264 ($2.39 in chips) 
Seat 5: AndyJohn663 ($1.91 in chips) 
Seat 6: Floki1337 ($8.78 in chips) 
Seat 7: 09cmadden ($2.27 in chips) 
Seat 8: Kid_Polton ($2.87 in chips) 
Seat 9: RGeroyev ($0.95 in chips) 
Dorex2007: posts small blind $0.01
Al_pkr_plyr: posts big blind $0.02
*** HOLE CARDS ***
Dealt to Dorex2007 [As Jh]
olioli264: calls $0.02
AndyJohn663: folds 
Floki1337: folds 
09cmadden: calls $0.02
Kid_Polton: folds 
RGeroyev: folds 
HE0123: folds 
Dorex2007: calls $0.01
Al_pkr_plyr: checks 
*** FLOP *** [3s Ts 7h]
Dorex2007: checks 
Al_pkr_plyr: checks 
olioli264: checks 
09cmadden: checks 
*** TURN *** [3s Ts 7h] [Qs]
Dorex2007: checks 
Al_pkr_plyr: checks 
olioli264: checks 
09cmadden: bets $0.06
Dorex2007: folds 
Al_pkr_plyr: folds 
olioli264: folds 
Uncalled bet ($0.06) returned to 09cmadden
09cmadden collected $0.08 from pot
*** SUMMARY ***
Total pot $0.08 | Rake $0 
Board [3s Ts 7h Qs]
Seat 1: HE0123 (button) folded before Flop (didn't bet)
Seat 2: Dorex2007 (small blind) folded on the Turn
Seat 3: Al_pkr_plyr (big blind) folded on the Turn
Seat 4: olioli264 folded on the Turn
Seat 5: AndyJohn663 folded before Flop (didn't bet)
Seat 6: Floki1337 folded before Flop (didn't bet)
Seat 7: 09cmadden collected ($0.08)
Seat 8: Kid_Polton folded before Flop (didn't bet)
Seat 9: RGeroyev folded before Flop (didn't bet)



PokerStars Hand #237239575361:  Hold'em No Limit ($0.01/$0.02 USD) - 2022/07/08 12:53:30 PT [2022/07/08 15:53:30 ET]
Table 'Siberia' 9-max Seat #2 is the button
Seat 1: HE0123 ($2 in chips) 
Seat 2: Dorex2007 ($2.18 in chips) 
Seat 3: Al_pkr_plyr ($2.68 in chips) 
Seat 4: olioli264 ($2.37 in chips) 
Seat 5: AndyJohn663 ($1.91 in chips) 
Seat 6: Floki1337 ($8.78 in chips) 
Seat 7: 09cmadden ($2.33 in chips) 
Seat 8: Kid_Polton ($2.87 in chips) 
Seat 9: RGeroyev ($0.95 in chips) 
Al_pkr_plyr: posts small blind $0.01
olioli264: posts big blind $0.02
*** HOLE CARDS ***
Dealt to Dorex2007 [3c 9d]
AndyJohn663: folds 
Floki1337: folds 
09cmadden: folds 
Kid_Polton: folds 
RGeroyev: calls $0.02
HE0123: folds 
Dorex2007: folds 
Al_pkr_plyr: folds 
olioli264: checks 
*** FLOP *** [Ac 5h Tc]
olioli264: checks 
RGeroyev: checks 
*** TURN *** [Ac 5h Tc] [4s]
olioli264: checks 
RGeroyev: checks 
*** RIVER *** [Ac 5h Tc 4s] [9h]
olioli264: checks 
RGeroyev: checks 
*** SHOW DOWN ***
olioli264: shows [6d Qs] (high card Ace)
RGeroyev: shows [3h 3s] (a pair of Threes)
RGeroyev collected $0.05 from pot
*** SUMMARY ***
Total pot $0.05 | Rake $0 
Board [Ac 5h Tc 4s 9h]
Seat 1: HE0123 folded before Flop (didn't bet)
Seat 2: Dorex2007 (button) folded before Flop (didn't bet)
Seat 3: Al_pkr_plyr (small blind) folded before Flop
Seat 4: olioli264 (big blind) showed [6d Qs] and lost with high card Ace
Seat 5: AndyJohn663 folded before Flop (didn't bet)
Seat 6: Floki1337 folded before Flop (didn't bet)
Seat 7: 09cmadden folded before Flop (didn't bet)
Seat 8: Kid_Polton folded before Flop (didn't bet)
Seat 9: RGeroyev showed [3h 3s] and won ($0.05) with a pair of Threes



PokerStars Hand #237239598873:  Hold'em No Limit ($0.01/$0.02 USD) - 2022/07/08 12:54:17 PT [2022/07/08 15:54:17 ET]
Table 'Siberia' 9-max Seat #3 is the button
Seat 1: HE0123 ($2 in chips) 
Seat 2: Dorex2007 ($2.18 in chips) 
Seat 3: Al_pkr_plyr ($2.67 in chips) 
Seat 4: olioli264 ($2.35 in chips) 
Seat 5: AndyJohn663 ($1.91 in chips) 
Seat 6: Floki1337 ($8.78 in chips) 
Seat 7: 09cmadden ($2.33 in chips) 
Seat 8: Kid_Polton ($2.87 in chips) 
Seat 9: RGeroyev ($0.98 in chips) 
olioli264: posts small blind $0.01
AndyJohn663: posts big blind $0.02
*** HOLE CARDS ***
Dealt to Dorex2007 [Kh 8d]
Floki1337: folds 
09cmadden: folds 
Kid_Polton: folds 
RGeroyev: raises $0.04 to $0.06
HE0123: folds 
Dorex2007: folds 
Al_pkr_plyr: folds 
olioli264: folds 
AndyJohn663: folds 
Uncalled bet ($0.04) returned to RGeroyev
RGeroyev collected $0.05 from pot
*** SUMMARY ***
Total pot $0.05 | Rake $0 
Seat 1: HE0123 folded before Flop (didn't bet)
Seat 2: Dorex2007 folded before Flop (didn't bet)
Seat 3: Al_pkr_plyr (button) folded before Flop (didn't bet)
Seat 4: olioli264 (small blind) folded before Flop
Seat 5: AndyJohn663 (big blind) folded before Flop
Seat 6: Floki1337 folded before Flop (didn't bet)
Seat 7: 09cmadden folded before Flop (didn't bet)
Seat 8: Kid_Polton folded before Flop (didn't bet)
Seat 9: RGeroyev collected ($0.05)



PokerStars Hand #237239609324:  Hold'em No Limit ($0.01/$0.02 USD) - 2022/07/08 12:54:46 PT [2022/07/08 15:54:46 ET]
Table 'Siberia' 9-max Seat #4 is the button
Seat 1: HE0123 ($2 in chips) 
Seat 2: Dorex2007 ($2.18 in chips) 
Seat 3: Al_pkr_plyr ($2.67 in chips) 
Seat 4: olioli264 ($2.34 in chips) 
Seat 5: AndyJohn663 ($1.89 in chips) 
Seat 6: Floki1337 ($8.78 in chips) 
Seat 7: 09cmadden ($2.33 in chips) 
Seat 8: Kid_Polton ($2.87 in chips) 
Seat 9: RGeroyev ($1.01 in chips) 
AndyJohn663: posts small blind $0.01
Floki1337: posts big blind $0.02
*** HOLE CARDS ***
Dealt to Dorex2007 [2c Ks]
09cmadden: folds 
Kid_Polton: raises $0.04 to $0.06
RGeroyev: folds 
HE0123: folds 
Dorex2007: folds 
Al_pkr_plyr: folds 
olioli264: folds 
AndyJohn663: folds 
Floki1337: folds 
Uncalled bet ($0.04) returned to Kid_Polton
Kid_Polton collected $0.05 from pot
*** SUMMARY ***
Total pot $0.05 | Rake $0 
Seat 1: HE0123 folded before Flop (didn't bet)
Seat 2: Dorex2007 folded before Flop (didn't bet)
Seat 3: Al_pkr_plyr folded before Flop (didn't bet)
Seat 4: olioli264 (button) folded before Flop (didn't bet)
Seat 5: AndyJohn663 (small blind) folded before Flop
Seat 6: Floki1337 (big blind) folded before Flop
Seat 7: 09cmadden folded before Flop (didn't bet)
Seat 8: Kid_Polton collected ($0.05)
Seat 9: RGeroyev folded before Flop (didn't bet)



PokerStars Hand #237239616862:  Hold'em No Limit ($0.01/$0.02 USD) - 2022/07/08 12:55:07 PT [2022/07/08 15:55:07 ET]
Table 'Siberia' 9-max Seat #5 is the button
Seat 1: HE0123 ($2 in chips) 
Seat 2: Dorex2007 ($2.18 in chips) 
Seat 3: Al_pkr_plyr ($2.67 in chips) 
Seat 4: olioli264 ($2.34 in chips) 
Seat 5: AndyJohn663 ($1.88 in chips) 
Seat 6: Floki1337 ($8.76 in chips) 
Seat 7: 09cmadden ($2.33 in chips) 
Seat 8: Kid_Polton ($2.90 in chips) 
Seat 9: RGeroyev ($1.01 in chips) 
Floki1337: posts small blind $0.01
09cmadden: posts big blind $0.02
*** HOLE CARDS ***
Dealt to Dorex2007 [5h Tc]
Kid_Polton: folds 
RGeroyev: folds 
HE0123: folds 
Dorex2007: folds 
Al_pkr_plyr: folds 
olioli264: raises $0.02 to $0.04
AndyJohn663: folds 
Floki1337: folds 
09cmadden: raises $0.10 to $0.14
olioli264: folds 
Uncalled bet ($0.10) returned to 09cmadden
09cmadden collected $0.09 from pot
*** SUMMARY ***
Total pot $0.09 | Rake $0 
Seat 1: HE0123 folded before Flop (didn't bet)
Seat 2: Dorex2007 folded before Flop (didn't bet)
Seat 3: Al_pkr_plyr folded before Flop (didn't bet)
Seat 4: olioli264 folded before Flop
Seat 5: AndyJohn663 (button) folded before Flop (didn't bet)
Seat 6: Floki1337 (small blind) folded before Flop
Seat 7: 09cmadden (big blind) collected ($0.09)
Seat 8: Kid_Polton folded before Flop (didn't bet)
Seat 9: RGeroyev folded before Flop (didn't bet)



PokerStars Hand #237239624522:  Hold'em No Limit ($0.01/$0.02 USD) - 2022/07/08 12:55:33 PT [2022/07/08 15:55:33 ET]
Table 'Siberia' 9-max Seat #6 is the button
Seat 1: HE0123 ($2 in chips) 
Seat 2: Dorex2007 ($2.18 in chips) 
Seat 3: Al_pkr_plyr ($2.67 in chips) 
Seat 4: olioli264 ($2.30 in chips) 
Seat 5: AndyJohn663 ($1.88 in chips) 
Seat 6: Floki1337 ($8.75 in chips) 
Seat 7: 09cmadden ($2.38 in chips) 
Seat 8: Kid_Polton ($2.90 in chips) 
Seat 9: RGeroyev ($1.01 in chips) 
09cmadden: posts small blind $0.01
Kid_Polton: posts big blind $0.02
*** HOLE CARDS ***
Dealt to Dorex2007 [7s Qs]
RGeroyev: folds 
HE0123: folds 
Dorex2007: folds 
Al_pkr_plyr: raises $0.04 to $0.06
olioli264: calls $0.06
AndyJohn663: folds 
Floki1337: calls $0.06
09cmadden: raises $0.24 to $0.30
Kid_Polton: folds 
Al_pkr_plyr: calls $0.24
olioli264: folds 
Floki1337: folds 
*** FLOP *** [6d 3s 4s]
09cmadden: bets $2.08 and is all-in
Al_pkr_plyr: folds 
Uncalled bet ($2.08) returned to 09cmadden
09cmadden collected $0.71 from pot
*** SUMMARY ***
Total pot $0.74 | Rake $0.03 
Board [6d 3s 4s]
Seat 1: HE0123 folded before Flop (didn't bet)
Seat 2: Dorex2007 folded before Flop (didn't bet)
Seat 3: Al_pkr_plyr folded on the Flop
Seat 4: olioli264 folded before Flop
Seat 5: AndyJohn663 folded before Flop (didn't bet)
Seat 6: Floki1337 (button) folded before Flop
Seat 7: 09cmadden (small blind) collected ($0.71)
Seat 8: Kid_Polton (big blind) folded before Flop
Seat 9: RGeroyev folded before Flop (didn't bet)



PokerStars Hand #237239637962:  Hold'em No Limit ($0.01/$0.02 USD) - 2022/07/08 12:56:25 PT [2022/07/08 15:56:25 ET]
Table 'Siberia' 9-max Seat #7 is the button
Seat 1: HE0123 ($2 in chips) 
Seat 2: Dorex2007 ($2.18 in chips) 
Seat 3: Al_pkr_plyr ($2.37 in chips) 
Seat 4: olioli264 ($2.24 in chips) 
Seat 5: AndyJohn663 ($1.88 in chips) 
Seat 6: Floki1337 ($8.69 in chips) 
Seat 7: 09cmadden ($2.79 in chips) 
Seat 8: Kid_Polton ($2.88 in chips) 
Seat 9: RGeroyev ($1.01 in chips) 
Kid_Polton: posts small blind $0.01
RGeroyev: posts big blind $0.02
*** HOLE CARDS ***
Dealt to Dorex2007 [2h 5h]
HE0123: folds 
Dorex2007: folds 
Al_pkr_plyr: folds 
olioli264: folds 
AndyJohn663: folds 
Floki1337: folds 
09cmadden: calls $0.02
Kid_Polton: folds 
RGeroyev: checks 
*** FLOP *** [7d Qc Ts]
RGeroyev: checks 
09cmadden: checks 
*** TURN *** [7d Qc Ts] [6s]
RGeroyev: checks 
09cmadden: checks 
*** RIVER *** [7d Qc Ts 6s] [4c]
RGeroyev: checks 
09cmadden: bets $0.02
RGeroyev: folds 
Uncalled bet ($0.02) returned to 09cmadden
09cmadden collected $0.05 from pot
*** SUMMARY ***
Total pot $0.05 | Rake $0 
Board [7d Qc Ts 6s 4c]
Seat 1: HE0123 folded before Flop (didn't bet)
Seat 2: Dorex2007 folded before Flop (didn't bet)
Seat 3: Al_pkr_plyr folded before Flop (didn't bet)
Seat 4: olioli264 folded before Flop (didn't bet)
Seat 5: AndyJohn663 folded before Flop (didn't bet)
Seat 6: Floki1337 folded before Flop (didn't bet)
Seat 7: 09cmadden (button) collected ($0.05)
Seat 8: Kid_Polton (small blind) folded before Flop
Seat 9: RGeroyev (big blind) folded on the River



PokerStars Hand #237239644303:  Hold'em No Limit ($0.01/$0.02 USD) - 2022/07/08 12:56:49 PT [2022/07/08 15:56:49 ET]
Table 'Siberia' 9-max Seat #8 is the button
Seat 1: HE0123 ($2 in chips) 
Seat 2: Dorex2007 ($2.18 in chips) 
Seat 3: Al_pkr_plyr ($2.37 in chips) 
Seat 4: olioli264 ($2.24 in chips) 
Seat 5: AndyJohn663 ($1.88 in chips) 
Seat 6: Floki1337 ($8.69 in chips) 
Seat 7: 09cmadden ($2.82 in chips) 
Seat 8: Kid_Polton ($2.87 in chips) 
Seat 9: RGeroyev ($0.99 in chips) 
RGeroyev: posts small blind $0.01
HE0123: posts big blind $0.02
*** HOLE CARDS ***
Dealt to Dorex2007 [5c Ac]
Dorex2007: folds 
Al_pkr_plyr: folds 
olioli264: folds 
AndyJohn663: folds 
Floki1337: folds 
09cmadden has timed out
09cmadden: folds 
Kid_Polton: folds 
RGeroyev: folds 
Uncalled bet ($0.01) returned to HE0123
HE0123 collected $0.02 from pot
*** SUMMARY ***
Total pot $0.02 | Rake $0 
Seat 1: HE0123 (big blind) collected ($0.02)
Seat 2: Dorex2007 folded before Flop (didn't bet)
Seat 3: Al_pkr_plyr folded before Flop (didn't bet)
Seat 4: olioli264 folded before Flop (didn't bet)
Seat 5: AndyJohn663 folded before Flop (didn't bet)
Seat 6: Floki1337 folded before Flop (didn't bet)
Seat 7: 09cmadden folded before Flop (didn't bet)
Seat 8: Kid_Polton (button) folded before Flop (didn't bet)
Seat 9: RGeroyev (small blind) folded before Flop



PokerStars Hand #237239652418:  Hold'em No Limit ($0.01/$0.02 USD) - 2022/07/08 12:57:20 PT [2022/07/08 15:57:20 ET]
Table 'Siberia' 9-max Seat #9 is the button
Seat 1: HE0123 ($2.01 in chips) 
Seat 2: Dorex2007 ($2.18 in chips) 
Seat 3: Al_pkr_plyr ($2.37 in chips) 
Seat 4: olioli264 ($2.24 in chips) 
Seat 5: AndyJohn663 ($1.88 in chips) 
Seat 6: Floki1337 ($8.69 in chips) 
Seat 7: 09cmadden ($2.82 in chips) 
Seat 8: Kid_Polton ($2.87 in chips) 
Seat 9: RGeroyev ($0.98 in chips) 
HE0123: posts small blind $0.01
Dorex2007: posts big blind $0.02
*** HOLE CARDS ***
Dealt to Dorex2007 [7h Tc]
Al_pkr_plyr: folds 
olioli264: folds 
AndyJohn663: folds 
Floki1337: folds 
09cmadden: folds 
Kid_Polton: folds 
RGeroyev: calls $0.02
HE0123: folds 
Dorex2007: checks 
*** FLOP *** [4h 3h 5d]
Dorex2007: checks 
RGeroyev: bets $0.04
Dorex2007: folds 
Uncalled bet ($0.04) returned to RGeroyev
RGeroyev collected $0.05 from pot
*** SUMMARY ***
Total pot $0.05 | Rake $0 
Board [4h 3h 5d]
Seat 1: HE0123 (small blind) folded before Flop
Seat 2: Dorex2007 (big blind) folded on the Flop
Seat 3: Al_pkr_plyr folded before Flop (didn't bet)
Seat 4: olioli264 folded before Flop (didn't bet)
Seat 5: AndyJohn663 folded before Flop (didn't bet)
Seat 6: Floki1337 folded before Flop (didn't bet)
Seat 7: 09cmadden folded before Flop (didn't bet)
Seat 8: Kid_Polton folded before Flop (didn't bet)
Seat 9: RGeroyev (button) collected ($0.05)



PokerStars Hand #237239658506:  Hold'em No Limit ($0.01/$0.02 USD) - 2022/07/08 12:57:43 PT [2022/07/08 15:57:43 ET]
Table 'Siberia' 9-max Seat #1 is the button
Seat 1: HE0123 ($2 in chips) 
Seat 2: Dorex2007 ($2.16 in chips) 
Seat 3: Al_pkr_plyr ($2.37 in chips) 
Seat 4: olioli264 ($2.24 in chips) 
Seat 5: AndyJohn663 ($1.88 in chips) 
Seat 6: Floki1337 ($8.69 in chips) 
Seat 7: 09cmadden ($2.82 in chips) 
Seat 8: Kid_Polton ($2.87 in chips) 
Seat 9: RGeroyev ($1.01 in chips) 
Dorex2007: posts small blind $0.01
Al_pkr_plyr: posts big blind $0.02
*** HOLE CARDS ***
Dealt to Dorex2007 [5s 2c]
olioli264: folds 
AndyJohn663: folds 
olioli264 leaves the table
Floki1337: folds 
09cmadden: folds 
Kid_Polton: folds 
RGeroyev: folds 
HE0123: folds 
Dorex2007: folds 
Uncalled bet ($0.01) returned to Al_pkr_plyr
Al_pkr_plyr collected $0.02 from pot
*** SUMMARY ***
Total pot $0.02 | Rake $0 
Seat 1: HE0123 (button) folded before Flop (didn't bet)
Seat 2: Dorex2007 (small blind) folded before Flop
Seat 3: Al_pkr_plyr (big blind) collected ($0.02)
Seat 4: olioli264 folded before Flop (didn't bet)
Seat 5: AndyJohn663 folded before Flop (didn't bet)
Seat 6: Floki1337 folded before Flop (didn't bet)
Seat 7: 09cmadden folded before Flop (didn't bet)
Seat 8: Kid_Polton folded before Flop (didn't bet)
Seat 9: RGeroyev folded before Flop (didn't bet)



PokerStars Hand #237239662635:  Hold'em No Limit ($0.01/$0.02 USD) - 2022/07/08 12:57:58 PT [2022/07/08 15:57:58 ET]
Table 'Siberia' 9-max Seat #2 is the button
Seat 1: HE0123 ($2 in chips) 
Seat 2: Dorex2007 ($2.15 in chips) 
Seat 3: Al_pkr_plyr ($2.38 in chips) 
Seat 5: AndyJohn663 ($1.88 in chips) 
Seat 6: Floki1337 ($8.69 in chips) 
Seat 7: 09cmadden ($2.82 in chips) 
Seat 8: Kid_Polton ($2.87 in chips) 
Seat 9: RGeroyev ($1.01 in chips) 
Al_pkr_plyr: posts small blind $0.01
AndyJohn663: posts big blind $0.02
*** HOLE CARDS ***
Dealt to Dorex2007 [5d Ks]
Floki1337: folds 
09cmadden: raises $0.04 to $0.06
Kid_Polton: folds 
RGeroyev: folds 
HE0123: folds 
Dorex2007: folds 
Al_pkr_plyr: folds 
AndyJohn663: folds 
Uncalled bet ($0.04) returned to 09cmadden
09cmadden collected $0.05 from pot
*** SUMMARY ***
Total pot $0.05 | Rake $0 
Seat 1: HE0123 folded before Flop (didn't bet)
Seat 2: Dorex2007 (button) folded before Flop (didn't bet)
Seat 3: Al_pkr_plyr (small blind) folded before Flop
Seat 5: AndyJohn663 (big blind) folded before Flop
Seat 6: Floki1337 folded before Flop (didn't bet)
Seat 7: 09cmadden collected ($0.05)
Seat 8: Kid_Polton folded before Flop (didn't bet)
Seat 9: RGeroyev folded before Flop (didn't bet)



PokerStars Hand #237239668118:  Hold'em No Limit ($0.01/$0.02 USD) - 2022/07/08 12:58:19 PT [2022/07/08 15:58:19 ET]
Table 'Siberia' 9-max Seat #3 is the button
Seat 1: HE0123 ($2 in chips) 
Seat 2: Dorex2007 ($2.15 in chips) 
Seat 3: Al_pkr_plyr ($2.37 in chips) 
Seat 5: AndyJohn663 ($1.86 in chips) 
Seat 6: Floki1337 ($8.69 in chips) 
Seat 7: 09cmadden ($2.85 in chips) 
Seat 8: Kid_Polton ($2.87 in chips) 
Seat 9: RGeroyev ($1.01 in chips) 
AndyJohn663: posts small blind $0.01
Floki1337: posts big blind $0.02
*** HOLE CARDS ***
Dealt to Dorex2007 [9c 4c]
09cmadden: folds 
Kid_Polton: folds 
RGeroyev: folds 
HE0123: folds 
Dorex2007: folds 
Al_pkr_plyr has timed out
Al_pkr_plyr: folds 
AndyJohn663: calls $0.01
Floki1337: checks 
*** FLOP *** [Qh Kh 8h]
AndyJohn663: checks 
Floki1337: bets $0.02
JoseM1709 joins the table at seat #4 
AndyJohn663: folds 
Uncalled bet ($0.02) returned to Floki1337
Floki1337 collected $0.04 from pot
*** SUMMARY ***
Total pot $0.04 | Rake $0 
Board [Qh Kh 8h]
Seat 1: HE0123 folded before Flop (didn't bet)
Seat 2: Dorex2007 folded before Flop (didn't bet)
Seat 3: Al_pkr_plyr (button) folded before Flop (didn't bet)
Seat 5: AndyJohn663 (small blind) folded on the Flop
Seat 6: Floki1337 (big blind) collected ($0.04)
Seat 7: 09cmadden folded before Flop (didn't bet)
Seat 8: Kid_Polton folded before Flop (didn't bet)
Seat 9: RGeroyev folded before Flop (didn't bet)



PokerStars Hand #237239676648:  Hold'em No Limit ($0.01/$0.02 USD) - 2022/07/08 12:58:51 PT [2022/07/08 15:58:51 ET]
Table 'Siberia' 9-max Seat #5 is the button
Seat 1: HE0123 ($2 in chips) 
Seat 2: Dorex2007 ($2.15 in chips) 
Seat 3: Al_pkr_plyr ($2.37 in chips) 
Seat 5: AndyJohn663 ($1.84 in chips) 
Seat 6: Floki1337 ($8.71 in chips) 
Seat 7: 09cmadden ($2.85 in chips) 
Seat 8: Kid_Polton ($2.87 in chips) 
Seat 9: RGeroyev ($1.01 in chips) 
Floki1337: posts small blind $0.01
09cmadden: posts big blind $0.02
JoseM1709: sits out 
*** HOLE CARDS ***
Dealt to Dorex2007 [As 9s]
Kid_Polton: folds 
RGeroyev: folds 
HE0123: folds 
Dorex2007: raises $0.04 to $0.06
Al_pkr_plyr: folds 
AndyJohn663: folds 
Floki1337: calls $0.05
09cmadden: calls $0.04
*** FLOP *** [5c 4h Qd]
Floki1337: bets $0.13
09cmadden: folds 
Dorex2007: folds 
Uncalled bet ($0.13) returned to Floki1337
Floki1337 collected $0.17 from pot
*** SUMMARY ***
Total pot $0.18 | Rake $0.01 
Board [5c 4h Qd]
Seat 1: HE0123 folded before Flop (didn't bet)
Seat 2: Dorex2007 folded on the Flop
Seat 3: Al_pkr_plyr folded before Flop (didn't bet)
Seat 5: AndyJohn663 (button) folded before Flop (didn't bet)
Seat 6: Floki1337 (small blind) collected ($0.17)
Seat 7: 09cmadden (big blind) folded on the Flop
Seat 8: Kid_Polton folded before Flop (didn't bet)
Seat 9: RGeroyev folded before Flop (didn't bet)



PokerStars Hand #237239683522:  Hold'em No Limit ($0.01/$0.02 USD) - 2022/07/08 12:59:17 PT [2022/07/08 15:59:17 ET]
Table 'Siberia' 9-max Seat #6 is the button
Seat 1: HE0123 ($2 in chips) 
Seat 2: Dorex2007 ($2.09 in chips) 
Seat 3: Al_pkr_plyr ($2.37 in chips) 
Seat 5: AndyJohn663 ($1.84 in chips) 
Seat 6: Floki1337 ($8.82 in chips) 
Seat 7: 09cmadden ($2.79 in chips) 
Seat 8: Kid_Polton ($2.87 in chips) 
Seat 9: RGeroyev ($1.01 in chips) 
09cmadden: posts small blind $0.01
Kid_Polton: posts big blind $0.02
JoseM1709: sits out 
*** HOLE CARDS ***
Dealt to Dorex2007 [Kc 3h]
RGeroyev: calls $0.02
HE0123: folds 
Dorex2007: folds 
Al_pkr_plyr: folds 
AndyJohn663: folds 
Floki1337: folds 
09cmadden: calls $0.01
Kid_Polton: checks 
*** FLOP *** [9h As 2h]
09cmadden: checks 
Kid_Polton: checks 
RGeroyev: checks 
*** TURN *** [9h As 2h] [7s]
09cmadden: checks 
Kid_Polton: checks 
RGeroyev: bets $0.03
09cmadden: folds 
Kid_Polton: folds 
Uncalled bet ($0.03) returned to RGeroyev
RGeroyev collected $0.06 from pot
*** SUMMARY ***
Total pot $0.06 | Rake $0 
Board [9h As 2h 7s]
Seat 1: HE0123 folded before Flop (didn't bet)
Seat 2: Dorex2007 folded before Flop (didn't bet)
Seat 3: Al_pkr_plyr folded before Flop (didn't bet)
Seat 5: AndyJohn663 folded before Flop (didn't bet)
Seat 6: Floki1337 (button) folded before Flop (didn't bet)
Seat 7: 09cmadden (small blind) folded on the Turn
Seat 8: Kid_Polton (big blind) folded on the Turn
Seat 9: RGeroyev collected ($0.06)



PokerStars Hand #237239699116:  Hold'em No Limit ($0.01/$0.02 USD) - 2022/07/08 13:00:15 PT [2022/07/08 16:00:15 ET]
Table 'Siberia' 9-max Seat #7 is the button
Seat 1: HE0123 ($2 in chips) 
Seat 2: Dorex2007 ($2.09 in chips) 
Seat 3: Al_pkr_plyr ($2.37 in chips) 
Seat 5: AndyJohn663 ($1.84 in chips) 
Seat 6: Floki1337 ($8.82 in chips) 
Seat 7: 09cmadden ($2.77 in chips) 
Seat 8: Kid_Polton ($2.85 in chips) 
Seat 9: RGeroyev ($1.05 in chips) 
Kid_Polton: posts small blind $0.01
RGeroyev: posts big blind $0.02
JoseM1709: sits out 
*** HOLE CARDS ***
Dealt to Dorex2007 [2c Tc]
HE0123: raises $0.04 to $0.06
Dorex2007: folds 
Al_pkr_plyr: folds 
AndyJohn663: folds 
Floki1337: folds 
09cmadden: folds 
Kid_Polton: folds 
RGeroyev: calls $0.04
*** FLOP *** [9s 8s 8h]
RGeroyev: checks 
HE0123: bets $0.07
RGeroyev: calls $0.07
*** TURN *** [9s 8s 8h] [Kd]
RGeroyev: checks 
HE0123: bets $0.13
RGeroyev: calls $0.13
*** RIVER *** [9s 8s 8h Kd] [Th]
RGeroyev: checks 
HE0123: checks 
*** SHOW DOWN ***
RGeroyev: shows [Ks Kh] (a full house, Kings full of Eights)
HE0123: mucks hand 
RGeroyev collected $0.51 from pot
*** SUMMARY ***
Total pot $0.53 | Rake $0.02 
Board [9s 8s 8h Kd Th]
Seat 1: HE0123 mucked [Jc Jd]
Seat 2: Dorex2007 folded before Flop (didn't bet)
Seat 3: Al_pkr_plyr folded before Flop (didn't bet)
Seat 5: AndyJohn663 folded before Flop (didn't bet)
Seat 6: Floki1337 folded before Flop (didn't bet)
Seat 7: 09cmadden (button) folded before Flop (didn't bet)
Seat 8: Kid_Polton (small blind) folded before Flop
Seat 9: RGeroyev (big blind) showed [Ks Kh] and won ($0.51) with a full house, Kings full of Eights



PokerStars Hand #237239714394:  Hold'em No Limit ($0.01/$0.02 USD) - 2022/07/08 13:01:08 PT [2022/07/08 16:01:08 ET]
Table 'Siberia' 9-max Seat #8 is the button
Seat 1: HE0123 ($2 in chips) 
Seat 2: Dorex2007 ($2.09 in chips) 
Seat 3: Al_pkr_plyr ($2.37 in chips) 
Seat 5: AndyJohn663 ($1.84 in chips) 
Seat 6: Floki1337 ($8.82 in chips) 
Seat 7: 09cmadden ($2.77 in chips) 
Seat 8: Kid_Polton ($2.84 in chips) 
Seat 9: RGeroyev ($1.30 in chips) 
RGeroyev: posts small blind $0.01
HE0123: posts big blind $0.02
JoseM1709: sits out 
*** HOLE CARDS ***
Dealt to Dorex2007 [6s 5h]
Dorex2007: folds 
Al_pkr_plyr: folds 
AndyJohn663: calls $0.02
Floki1337: raises $0.06 to $0.08
09cmadden: folds 
Kid_Polton: folds 
RGeroyev: calls $0.07
HE0123: folds 
AndyJohn663: calls $0.06
*** FLOP *** [6h 9s Jd]
RGeroyev: checks 
AndyJohn663: checks 
Floki1337: bets $0.12
RGeroyev: calls $0.12
AndyJohn663: raises $1.64 to $1.76 and is all-in
Floki1337: folds 
RGeroyev: folds 
Uncalled bet ($1.64) returned to AndyJohn663
AndyJohn663 collected $0.60 from pot
*** SUMMARY ***
Total pot $0.62 | Rake $0.02 
Board [6h 9s Jd]
Seat 1: HE0123 (big blind) folded before Flop
Seat 2: Dorex2007 folded before Flop (didn't bet)
Seat 3: Al_pkr_plyr folded before Flop (didn't bet)
Seat 5: AndyJohn663 collected ($0.60)
Seat 6: Floki1337 folded on the Flop
Seat 7: 09cmadden folded before Flop (didn't bet)
Seat 8: Kid_Polton (button) folded before Flop (didn't bet)
Seat 9: RGeroyev (small blind) folded on the Flop



PokerStars Hand #237239731354:  Hold'em No Limit ($0.01/$0.02 USD) - 2022/07/08 13:01:59 PT [2022/07/08 16:01:59 ET]
Table 'Siberia' 9-max Seat #9 is the button
Seat 1: HE0123 ($2 in chips) 
Seat 2: Dorex2007 ($2.09 in chips) 
Seat 3: Al_pkr_plyr ($2.37 in chips) 
Seat 5: AndyJohn663 ($2.24 in chips) 
Seat 6: Floki1337 ($8.62 in chips) 
Seat 7: 09cmadden ($2.77 in chips) 
Seat 8: Kid_Polton ($2.84 in chips) 
Seat 9: RGeroyev ($1.10 in chips) 
HE0123: posts small blind $0.01
Dorex2007: posts big blind $0.02
JoseM1709: sits out 
*** HOLE CARDS ***
Dealt to Dorex2007 [9d 2h]
Al_pkr_plyr: folds 
AndyJohn663: folds 
Floki1337: folds 
Al_pkr_plyr leaves the table
09cmadden: folds 
Kid_Polton: raises $0.04 to $0.06
RGeroyev: folds 
HE0123: calls $0.05
Dorex2007: folds 
*** FLOP *** [9s Tc 3d]
HE0123: checks 
Kid_Polton: bets $0.09
HE0123: calls $0.09
*** TURN *** [9s Tc 3d] [Ts]
HE0123: checks 
Kid_Polton: checks 
*** RIVER *** [9s Tc 3d Ts] [3c]
HE0123: checks 
Kid_Polton: checks 
*** SHOW DOWN ***
HE0123: shows [6s 6d] (two pair, Tens and Sixes)
Kid_Polton: mucks hand 
HE0123 collected $0.31 from pot
*** SUMMARY ***
Total pot $0.32 | Rake $0.01 
Board [9s Tc 3d Ts 3c]
Seat 1: HE0123 (small blind) showed [6s 6d] and won ($0.31) with two pair, Tens and Sixes
Seat 2: Dorex2007 (big blind) folded before Flop
Seat 3: Al_pkr_plyr folded before Flop (didn't bet)
Seat 5: AndyJohn663 folded before Flop (didn't bet)
Seat 6: Floki1337 folded before Flop (didn't bet)
Seat 7: 09cmadden folded before Flop (didn't bet)
Seat 8: Kid_Polton mucked [Ks As]
Seat 9: RGeroyev (button) folded before Flop (didn't bet)



PokerStars Hand #237239748195:  Hold'em No Limit ($0.01/$0.02 USD) - 2022/07/08 13:02:47 PT [2022/07/08 16:02:47 ET]
Table 'Siberia' 9-max Seat #1 is the button
Seat 1: HE0123 ($2.16 in chips) 
Seat 2: Dorex2007 ($2.07 in chips) 
Seat 4: JoseM1709 ($2 in chips) 
Seat 5: AndyJohn663 ($2.24 in chips) 
Seat 6: Floki1337 ($8.62 in chips) 
Seat 7: 09cmadden ($2.77 in chips) 
Seat 8: Kid_Polton ($2.69 in chips) 
Seat 9: RGeroyev ($1.10 in chips) 
Dorex2007: posts small blind $0.01
JoseM1709: posts big blind $0.02
*** HOLE CARDS ***
Dealt to Dorex2007 [7s 8h]
AndyJohn663: folds 
Floki1337: folds 
09cmadden: folds 
Kid_Polton: folds 
RGeroyev: raises $0.02 to $0.04
HE0123: folds 
Dorex2007: folds 
bmwmann8 joins the table at seat #3 
JoseM1709: calls $0.02
*** FLOP *** [4d Qh Th]
JoseM1709: checks 
RGeroyev: bets $0.02
JoseM1709: calls $0.02
*** TURN *** [4d Qh Th] [2s]
JoseM1709: checks 
RGeroyev: checks 
*** RIVER *** [4d Qh Th 2s] [4h]
JoseM1709: checks 
RGeroyev: checks 
*** SHOW DOWN ***
JoseM1709: shows [9s Ac] (a pair of Fours)
RGeroyev: shows [Qs Jh] (two pair, Queens and Fours)
RGeroyev collected $0.13 from pot
*** SUMMARY ***
Total pot $0.13 | Rake $0 
Board [4d Qh Th 2s 4h]
Seat 1: HE0123 (button) folded before Flop (didn't bet)
Seat 2: Dorex2007 (small blind) folded before Flop
Seat 4: JoseM1709 (big blind) showed [9s Ac] and lost with a pair of Fours
Seat 5: AndyJohn663 folded before Flop (didn't bet)
Seat 6: Floki1337 folded before Flop (didn't bet)
Seat 7: 09cmadden folded before Flop (didn't bet)
Seat 8: Kid_Polton folded before Flop (didn't bet)
Seat 9: RGeroyev showed [Qs Jh] and won ($0.13) with two pair, Queens and Fours



PokerStars Hand #237239780329:  Hold'em No Limit ($0.01/$0.02 USD) - 2022/07/08 13:03:52 PT [2022/07/08 16:03:52 ET]
Table 'Siberia' 9-max Seat #2 is the button
Seat 1: HE0123 ($2.16 in chips) 
Seat 2: Dorex2007 ($2.06 in chips) 
Seat 4: JoseM1709 ($1.94 in chips) 
Seat 5: AndyJohn663 ($2.24 in chips) 
Seat 6: Floki1337 ($8.62 in chips) 
Seat 7: 09cmadden ($2.77 in chips) 
Seat 8: Kid_Polton ($2.69 in chips) 
JoseM1709: posts small blind $0.01
AndyJohn663: posts big blind $0.02
*** HOLE CARDS ***
Dealt to Dorex2007 [3h 8h]
Floki1337: folds 
09cmadden: folds 
Kid_Polton: folds 
HE0123: raises $0.04 to $0.06
Dorex2007: folds 
JoseM1709: folds 
AndyJohn663: folds 
Uncalled bet ($0.04) returned to HE0123
HE0123 collected $0.05 from pot
*** SUMMARY ***
Total pot $0.05 | Rake $0 
Seat 1: HE0123 collected ($0.05)
Seat 2: Dorex2007 (button) folded before Flop (didn't bet)
Seat 4: JoseM1709 (small blind) folded before Flop
Seat 5: AndyJohn663 (big blind) folded before Flop
Seat 6: Floki1337 folded before Flop (didn't bet)
Seat 7: 09cmadden folded before Flop (didn't bet)
Seat 8: Kid_Polton folded before Flop (didn't bet)



PokerStars Hand #237239790651:  Hold'em No Limit ($0.01/$0.02 USD) - 2022/07/08 13:04:21 PT [2022/07/08 16:04:21 ET]
Table 'Siberia' 9-max Seat #4 is the button
Seat 1: HE0123 ($2.19 in chips) 
Seat 2: Dorex2007 ($2.06 in chips) 
Seat 3: bmwmann8 ($2 in chips) 
Seat 4: JoseM1709 ($1.93 in chips) 
Seat 5: AndyJohn663 ($2.22 in chips) 
Seat 6: Floki1337 ($8.62 in chips) 
Seat 7: 09cmadden ($2.77 in chips) 
Seat 8: Kid_Polton ($2.69 in chips) 
AndyJohn663: posts small blind $0.01
Floki1337: posts big blind $0.02
bmwmann8: posts big blind $0.02
*** HOLE CARDS ***
Dealt to Dorex2007 [Tc 4c]
09cmadden: folds 
Kid_Polton: raises $0.06 to $0.08
HE0123: calls $0.08
Dorex2007: folds 
bmwmann8: folds 
JoseM1709: folds 
AndyJohn663: folds 
Floki1337: calls $0.06
*** FLOP *** [Ad 2s 9h]
Floki1337: checks 
Kid_Polton: bets $0.19
HE0123: calls $0.19
Floki1337: folds 
*** TURN *** [Ad 2s 9h] [9d]
RGeroyev leaves the table
Kid_Polton: bets $0.45
HE0123: calls $0.45
*** RIVER *** [Ad 2s 9h 9d] [Kd]
Kid_Polton: bets $1.08
HE0123: calls $1.08
*** SHOW DOWN ***
Kid_Polton: shows [Ac Qs] (two pair, Aces and Nines)
HE0123: shows [2d 2c] (a full house, Deuces full of Nines)
HE0123 collected $3.58 from pot
*** SUMMARY ***
Total pot $3.71 | Rake $0.13 
Board [Ad 2s 9h 9d Kd]
Seat 1: HE0123 showed [2d 2c] and won ($3.58) with a full house, Deuces full of Nines
Seat 2: Dorex2007 folded before Flop (didn't bet)
Seat 3: bmwmann8 folded before Flop (didn't bet)
Seat 4: JoseM1709 (button) folded before Flop (didn't bet)
Seat 5: AndyJohn663 (small blind) folded before Flop
Seat 6: Floki1337 (big blind) folded on the Flop
Seat 7: 09cmadden folded before Flop (didn't bet)
Seat 8: Kid_Polton showed [Ac Qs] and lost with two pair, Aces and Nines



PokerStars Hand #237239813897:  Hold'em No Limit ($0.01/$0.02 USD) - 2022/07/08 13:05:25 PT [2022/07/08 16:05:25 ET]
Table 'Siberia' 9-max Seat #5 is the button
Seat 1: HE0123 ($3.97 in chips) 
Seat 2: Dorex2007 ($2.06 in chips) 
Seat 3: bmwmann8 ($1.98 in chips) 
Seat 4: JoseM1709 ($1.93 in chips) 
Seat 5: AndyJohn663 ($2.21 in chips) 
Seat 6: Floki1337 ($8.54 in chips) 
Seat 7: 09cmadden ($2.77 in chips) 
Seat 8: Kid_Polton ($2 in chips) 
Floki1337: posts small blind $0.01
09cmadden: posts big blind $0.02
*** HOLE CARDS ***
Dealt to Dorex2007 [Ah 3s]
Kid_Polton: folds 
HE0123: folds 
Dorex2007: folds 
bmwmann8: calls $0.02
JoseM1709: folds 
AndyJohn663: folds 
Floki1337: calls $0.01
fischkopp7O joins the table at seat #9 
09cmadden: checks 
*** FLOP *** [5s 9h Kh]
Floki1337: bets $0.05
Kid_Polton leaves the table
09cmadden: calls $0.05
bmwmann8: folds 
*** TURN *** [5s 9h Kh] [Th]
Floki1337: bets $0.07
09cmadden: folds 
Uncalled bet ($0.07) returned to Floki1337
Floki1337 collected $0.15 from pot
*** SUMMARY ***
Total pot $0.16 | Rake $0.01 
Board [5s 9h Kh Th]
Seat 1: HE0123 folded before Flop (didn't bet)
Seat 2: Dorex2007 folded before Flop (didn't bet)
Seat 3: bmwmann8 folded on the Flop
Seat 4: JoseM1709 folded before Flop (didn't bet)
Seat 5: AndyJohn663 (button) folded before Flop (didn't bet)
Seat 6: Floki1337 (small blind) collected ($0.15)
Seat 7: 09cmadden (big blind) folded on the Turn
Seat 8: Kid_Polton folded before Flop (didn't bet)



PokerStars Hand #237239838192:  Hold'em No Limit ($0.01/$0.02 USD) - 2022/07/08 13:06:32 PT [2022/07/08 16:06:32 ET]
Table 'Siberia' 9-max Seat #6 is the button
Seat 1: HE0123 ($3.97 in chips) 
Seat 2: Dorex2007 ($2.06 in chips) 
Seat 3: bmwmann8 ($1.96 in chips) 
Seat 4: JoseM1709 ($1.93 in chips) 
Seat 5: AndyJohn663 ($2.21 in chips) 
Seat 6: Floki1337 ($8.62 in chips) 
Seat 7: 09cmadden ($2.70 in chips) 
Seat 9: fischkopp7O ($0.80 in chips) 
09cmadden: posts small blind $0.01
fischkopp7O: posts big blind $0.02
*** HOLE CARDS ***
Dealt to Dorex2007 [7h 9c]
HE0123: folds 
Dorex2007: folds 
bmwmann8: folds 
JoseM1709: raises $0.03 to $0.05
AndyJohn663: folds 
Floki1337: folds 
09cmadden: folds 
fischkopp7O: calls $0.03
*** FLOP *** [Jd 8d Kh]
fischkopp7O: checks 
JoseM1709: checks 
*** TURN *** [Jd 8d Kh] [Ah]
fischkopp7O: bets $0.11
JoseM1709: calls $0.11
*** RIVER *** [Jd 8d Kh Ah] [5d]
fischkopp7O: checks 
JoseM1709: checks 
*** SHOW DOWN ***
fischkopp7O: shows [As 5h] (two pair, Aces and Fives)
JoseM1709: mucks hand 
fischkopp7O collected $0.32 from pot
*** SUMMARY ***
Total pot $0.33 | Rake $0.01 
Board [Jd 8d Kh Ah 5d]
Seat 1: HE0123 folded before Flop (didn't bet)
Seat 2: Dorex2007 folded before Flop (didn't bet)
Seat 3: bmwmann8 folded before Flop (didn't bet)
Seat 4: JoseM1709 mucked [2s Ks]
Seat 5: AndyJohn663 folded before Flop (didn't bet)
Seat 6: Floki1337 (button) folded before Flop (didn't bet)
Seat 7: 09cmadden (small blind) folded before Flop
Seat 9: fischkopp7O (big blind) showed [As 5h] and won ($0.32) with two pair, Aces and Fives



PokerStars Hand #237239857955:  Hold'em No Limit ($0.01/$0.02 USD) - 2022/07/08 13:07:27 PT [2022/07/08 16:07:27 ET]
Table 'Siberia' 9-max Seat #7 is the button
Seat 1: HE0123 ($3.97 in chips) 
Seat 2: Dorex2007 ($2.06 in chips) 
Seat 3: bmwmann8 ($1.96 in chips) 
Seat 4: JoseM1709 ($2 in chips) 
Seat 5: AndyJohn663 ($2.21 in chips) 
Seat 6: Floki1337 ($8.62 in chips) 
Seat 7: 09cmadden ($2.69 in chips) 
Seat 9: fischkopp7O ($0.96 in chips) 
fischkopp7O: posts small blind $0.01
HE0123: posts big blind $0.02
*** HOLE CARDS ***
Dealt to Dorex2007 [Jh Qc]
Dorex2007: folds 
bmwmann8: folds 
JoseM1709: folds 
AndyJohn663: folds 
Floki1337: raises $0.04 to $0.06
09cmadden has timed out
09cmadden: folds 
fischkopp7O: calls $0.05
HE0123: folds 
*** FLOP *** [Qs Tc 9s]
fischkopp7O: checks 
Floki1337: checks 
*** TURN *** [Qs Tc 9s] [Ks]
zackamundo joins the table at seat #8 
fischkopp7O: checks 
Floki1337: checks 
*** RIVER *** [Qs Tc 9s Ks] [6h]
fischkopp7O: checks 
Floki1337: bets $0.11
fischkopp7O: calls $0.11
*** SHOW DOWN ***
Floki1337: shows [6c 6d] (three of a kind, Sixes)
fischkopp7O: mucks hand 
Floki1337 collected $0.35 from pot
*** SUMMARY ***
Total pot $0.36 | Rake $0.01 
Board [Qs Tc 9s Ks 6h]
Seat 1: HE0123 (big blind) folded before Flop
Seat 2: Dorex2007 folded before Flop (didn't bet)
Seat 3: bmwmann8 folded before Flop (didn't bet)
Seat 4: JoseM1709 folded before Flop (didn't bet)
Seat 5: AndyJohn663 folded before Flop (didn't bet)
Seat 6: Floki1337 showed [6c 6d] and won ($0.35) with three of a kind, Sixes
Seat 7: 09cmadden (button) folded before Flop (didn't bet)
Seat 9: fischkopp7O (small blind) mucked [Ad Qh]



PokerStars Hand #237239885781:  Hold'em No Limit ($0.01/$0.02 USD) - 2022/07/08 13:08:44 PT [2022/07/08 16:08:44 ET]
Table 'Siberia' 9-max Seat #9 is the button
Seat 1: HE0123 ($3.95 in chips) 
Seat 2: Dorex2007 ($2.06 in chips) 
Seat 3: bmwmann8 ($1.96 in chips) 
Seat 4: JoseM1709 ($2 in chips) 
Seat 5: AndyJohn663 ($2.21 in chips) 
Seat 6: Floki1337 ($8.80 in chips) 
Seat 7: 09cmadden ($2.69 in chips) 
Seat 8: zackamundo ($1.60 in chips) 
Seat 9: fischkopp7O ($0.79 in chips) 
HE0123: posts small blind $0.01
Dorex2007: posts big blind $0.02
zackamundo: posts big blind $0.02
*** HOLE CARDS ***
Dealt to Dorex2007 [Ts Kd]
bmwmann8 has timed out
bmwmann8: folds 
JoseM1709: folds 
AndyJohn663: folds 
Floki1337: raises $0.06 to $0.08
09cmadden: folds 
zackamundo: folds 
fischkopp7O: folds 
HE0123: folds 
Dorex2007: folds 
Uncalled bet ($0.06) returned to Floki1337
Floki1337 collected $0.07 from pot
*** SUMMARY ***
Total pot $0.07 | Rake $0 
Seat 1: HE0123 (small blind) folded before Flop
Seat 2: Dorex2007 (big blind) folded before Flop
Seat 3: bmwmann8 folded before Flop (didn't bet)
Seat 4: JoseM1709 folded before Flop (didn't bet)
Seat 5: AndyJohn663 folded before Flop (didn't bet)
Seat 6: Floki1337 collected ($0.07)
Seat 7: 09cmadden folded before Flop (didn't bet)
Seat 8: zackamundo folded before Flop (didn't bet)
Seat 9: fischkopp7O (button) folded before Flop (didn't bet)



PokerStars Hand #237239898744:  Hold'em No Limit ($0.01/$0.02 USD) - 2022/07/08 13:09:21 PT [2022/07/08 16:09:21 ET]
Table 'Siberia' 9-max Seat #1 is the button
Seat 1: HE0123 ($3.94 in chips) 
Seat 2: Dorex2007 ($2.04 in chips) 
Seat 3: bmwmann8 ($1.96 in chips) 
Seat 4: JoseM1709 ($2 in chips) 
Seat 5: AndyJohn663 ($2.21 in chips) 
Seat 6: Floki1337 ($8.85 in chips) 
Seat 7: 09cmadden ($2.69 in chips) 
Seat 8: zackamundo ($1.58 in chips) 
Seat 9: fischkopp7O ($0.79 in chips) 
Dorex2007: posts small blind $0.01
bmwmann8: posts big blind $0.02
*** HOLE CARDS ***
Dealt to Dorex2007 [Td Ah]
JoseM1709: folds 
AndyJohn663: folds 
Floki1337: folds 
09cmadden has timed out
09cmadden: folds 
zackamundo: folds 
fischkopp7O: calls $0.02
HE0123: folds 
Dorex2007: calls $0.01
bmwmann8: checks 
*** FLOP *** [5s 8d Ks]
Dorex2007: checks 
bmwmann8: checks 
fischkopp7O: checks 
*** TURN *** [5s 8d Ks] [9h]
Dorex2007: checks 
bmwmann8: checks 
fischkopp7O: bets $0.06
Dorex2007: folds 
bmwmann8: folds 
Uncalled bet ($0.06) returned to fischkopp7O
fischkopp7O collected $0.06 from pot
*** SUMMARY ***
Total pot $0.06 | Rake $0 
Board [5s 8d Ks 9h]
Seat 1: HE0123 (button) folded before Flop (didn't bet)
Seat 2: Dorex2007 (small blind) folded on the Turn
Seat 3: bmwmann8 (big blind) folded on the Turn
Seat 4: JoseM1709 folded before Flop (didn't bet)
Seat 5: AndyJohn663 folded before Flop (didn't bet)
Seat 6: Floki1337 folded before Flop (didn't bet)
Seat 7: 09cmadden folded before Flop (didn't bet)
Seat 8: zackamundo folded before Flop (didn't bet)
Seat 9: fischkopp7O collected ($0.06)



PokerStars Hand #237239925371:  Hold'em No Limit ($0.01/$0.02 USD) - 2022/07/08 13:10:34 PT [2022/07/08 16:10:34 ET]
Table 'Siberia' 9-max Seat #2 is the button
Seat 1: HE0123 ($3.94 in chips) 
Seat 2: Dorex2007 ($2.02 in chips) 
Seat 3: bmwmann8 ($1.94 in chips) 
Seat 4: JoseM1709 ($2 in chips) 
Seat 5: AndyJohn663 ($2.21 in chips) 
Seat 6: Floki1337 ($8.85 in chips) 
Seat 7: 09cmadden ($2.69 in chips) 
Seat 8: zackamundo ($1.58 in chips) 
Seat 9: fischkopp7O ($0.83 in chips) 
bmwmann8: posts small blind $0.01
JoseM1709: posts big blind $0.02
*** HOLE CARDS ***
Dealt to Dorex2007 [7c 6s]
AndyJohn663: folds 
Floki1337: raises $0.04 to $0.06
09cmadden: folds 
zackamundo: calls $0.06
fischkopp7O: folds 
HE0123: folds 
Dorex2007: folds 
bmwmann8: folds 
JoseM1709: folds 
*** FLOP *** [Qh 7s 8h]
Floki1337: bets $0.07
zackamundo: folds 
Uncalled bet ($0.07) returned to Floki1337
Floki1337 collected $0.14 from pot
*** SUMMARY ***
Total pot $0.15 | Rake $0.01 
Board [Qh 7s 8h]
Seat 1: HE0123 folded before Flop (didn't bet)
Seat 2: Dorex2007 (button) folded before Flop (didn't bet)
Seat 3: bmwmann8 (small blind) folded before Flop
Seat 4: JoseM1709 (big blind) folded before Flop
Seat 5: AndyJohn663 folded before Flop (didn't bet)
Seat 6: Floki1337 collected ($0.14)
Seat 7: 09cmadden folded before Flop (didn't bet)
Seat 8: zackamundo folded on the Flop
Seat 9: fischkopp7O folded before Flop (didn't bet)



PokerStars Hand #237239935447:  Hold'em No Limit ($0.01/$0.02 USD) - 2022/07/08 13:11:02 PT [2022/07/08 16:11:02 ET]
Table 'Siberia' 9-max Seat #3 is the button
Seat 1: HE0123 ($3.94 in chips) 
Seat 2: Dorex2007 ($2.02 in chips) 
Seat 3: bmwmann8 ($1.93 in chips) 
Seat 4: JoseM1709 ($1.98 in chips) 
Seat 5: AndyJohn663 ($2.21 in chips) 
Seat 6: Floki1337 ($8.93 in chips) 
Seat 7: 09cmadden ($2.69 in chips) 
Seat 8: zackamundo ($1.52 in chips) 
Seat 9: fischkopp7O ($0.83 in chips) 
JoseM1709: posts small blind $0.01
AndyJohn663: posts big blind $0.02
*** HOLE CARDS ***
Dealt to Dorex2007 [Ac 6h]
Floki1337: folds 
09cmadden: folds 
zackamundo: folds 
fischkopp7O has timed out
fischkopp7O: folds 
HE0123: folds 
Dorex2007: folds 
bmwmann8: folds 
JoseM1709: calls $0.01
AndyJohn663: checks 
*** FLOP *** [Qs Js 7d]
JoseM1709: checks 
AndyJohn663: checks 
*** TURN *** [Qs Js 7d] [8d]
JoseM1709: checks 
AndyJohn663: checks 
*** RIVER *** [Qs Js 7d 8d] [2c]
JoseM1709: bets $1.96 and is all-in
AndyJohn663: folds 
Uncalled bet ($1.96) returned to JoseM1709
JoseM1709 collected $0.04 from pot
*** SUMMARY ***
Total pot $0.04 | Rake $0 
Board [Qs Js 7d 8d 2c]
Seat 1: HE0123 folded before Flop (didn't bet)
Seat 2: Dorex2007 folded before Flop (didn't bet)
Seat 3: bmwmann8 (button) folded before Flop (didn't bet)
Seat 4: JoseM1709 (small blind) collected ($0.04)
Seat 5: AndyJohn663 (big blind) folded on the River
Seat 6: Floki1337 folded before Flop (didn't bet)
Seat 7: 09cmadden folded before Flop (didn't bet)
Seat 8: zackamundo folded before Flop (didn't bet)
Seat 9: fischkopp7O folded before Flop (didn't bet)



PokerStars Hand #237239951636:  Hold'em No Limit ($0.01/$0.02 USD) - 2022/07/08 13:11:47 PT [2022/07/08 16:11:47 ET]
Table 'Siberia' 9-max Seat #4 is the button
Seat 1: HE0123 ($3.94 in chips) 
Seat 2: Dorex2007 ($2.02 in chips) 
Seat 3: bmwmann8 ($1.93 in chips) 
Seat 4: JoseM1709 ($2 in chips) 
Seat 5: AndyJohn663 ($2.19 in chips) 
Seat 6: Floki1337 ($8.93 in chips) 
Seat 7: 09cmadden ($2.69 in chips) 
Seat 8: zackamundo ($1.52 in chips) 
Seat 9: fischkopp7O ($0.83 in chips) 
AndyJohn663: posts small blind $0.01
Floki1337: posts big blind $0.02
*** HOLE CARDS ***
Dealt to Dorex2007 [Ac 6d]
09cmadden: folds 
zackamundo: folds 
fischkopp7O: folds 
HE0123: folds 
Dorex2007: folds 
bmwmann8: folds 
JoseM1709: calls $0.02
AndyJohn663: folds 
Floki1337: checks 
*** FLOP *** [Js 7d Qh]
Floki1337: checks 
JoseM1709: checks 
*** TURN *** [Js 7d Qh] [3c]
Floki1337: checks 
JoseM1709: checks 
*** RIVER *** [Js 7d Qh 3c] [7c]
Floki1337: checks 
JoseM1709: bets $0.03
Floki1337: folds 
Uncalled bet ($0.03) returned to JoseM1709
JoseM1709 collected $0.05 from pot
*** SUMMARY ***
Total pot $0.05 | Rake $0 
Board [Js 7d Qh 3c 7c]
Seat 1: HE0123 folded before Flop (didn't bet)
Seat 2: Dorex2007 folded before Flop (didn't bet)
Seat 3: bmwmann8 folded before Flop (didn't bet)
Seat 4: JoseM1709 (button) collected ($0.05)
Seat 5: AndyJohn663 (small blind) folded before Flop
Seat 6: Floki1337 (big blind) folded on the River
Seat 7: 09cmadden folded before Flop (didn't bet)
Seat 8: zackamundo folded before Flop (didn't bet)
Seat 9: fischkopp7O folded before Flop (didn't bet)



PokerStars Hand #237239963902:  Hold'em No Limit ($0.01/$0.02 USD) - 2022/07/08 13:12:21 PT [2022/07/08 16:12:21 ET]
Table 'Siberia' 9-max Seat #5 is the button
Seat 1: HE0123 ($3.94 in chips) 
Seat 2: Dorex2007 ($2.02 in chips) 
Seat 3: bmwmann8 ($1.93 in chips) 
Seat 4: JoseM1709 ($2.03 in chips) 
Seat 5: AndyJohn663 ($2.18 in chips) 
Seat 6: Floki1337 ($8.91 in chips) 
Seat 7: 09cmadden ($2.69 in chips) 
Seat 8: zackamundo ($1.52 in chips) 
Seat 9: fischkopp7O ($0.83 in chips) 
Floki1337: posts small blind $0.01
09cmadden: posts big blind $0.02
*** HOLE CARDS ***
Dealt to Dorex2007 [2d Qc]
zackamundo: folds 
fischkopp7O: calls $0.02
HE0123: folds 
Dorex2007: folds 
bmwmann8: folds 
JoseM1709: folds 
AndyJohn663: folds 
Floki1337: folds 
09cmadden: checks 
*** FLOP *** [Qs 7c 7h]
09cmadden: checks 
fischkopp7O: checks 
*** TURN *** [Qs 7c 7h] [3s]
09cmadden: checks 
fischkopp7O: bets $0.04
09cmadden: folds 
Uncalled bet ($0.04) returned to fischkopp7O
fischkopp7O collected $0.05 from pot
*** SUMMARY ***
Total pot $0.05 | Rake $0 
Board [Qs 7c 7h 3s]
Seat 1: HE0123 folded before Flop (didn't bet)
Seat 2: Dorex2007 folded before Flop (didn't bet)
Seat 3: bmwmann8 folded before Flop (didn't bet)
Seat 4: JoseM1709 folded before Flop (didn't bet)
Seat 5: AndyJohn663 (button) folded before Flop (didn't bet)
Seat 6: Floki1337 (small blind) folded before Flop
Seat 7: 09cmadden (big blind) folded on the Turn
Seat 8: zackamundo folded before Flop (didn't bet)
Seat 9: fischkopp7O collected ($0.05)



PokerStars Hand #237239982447:  Hold'em No Limit ($0.01/$0.02 USD) - 2022/07/08 13:13:12 PT [2022/07/08 16:13:12 ET]
Table 'Siberia' 9-max Seat #6 is the button
Seat 1: HE0123 ($3.94 in chips) 
Seat 2: Dorex2007 ($2.02 in chips) 
Seat 3: bmwmann8 ($1.93 in chips) 
Seat 4: JoseM1709 ($2.03 in chips) 
Seat 5: AndyJohn663 ($2.18 in chips) 
Seat 6: Floki1337 ($8.90 in chips) 
Seat 7: 09cmadden ($2.67 in chips) 
Seat 8: zackamundo ($1.52 in chips) 
Seat 9: fischkopp7O ($0.86 in chips) 
09cmadden: posts small blind $0.01
zackamundo: posts big blind $0.02
*** HOLE CARDS ***
Dealt to Dorex2007 [6s 3d]
fischkopp7O: folds 
HE0123: folds 
Dorex2007: folds 
bmwmann8: folds 
JoseM1709: folds 
AndyJohn663: folds 
bmwmann8 leaves the table
Floki1337: raises $0.04 to $0.06
berrypair joins the table at seat #3 
09cmadden: raises $0.14 to $0.20
zackamundo: folds 
Floki1337: folds 
Uncalled bet ($0.14) returned to 09cmadden
09cmadden collected $0.14 from pot
*** SUMMARY ***
Total pot $0.14 | Rake $0 
Seat 1: HE0123 folded before Flop (didn't bet)
Seat 2: Dorex2007 folded before Flop (didn't bet)
Seat 3: bmwmann8 folded before Flop (didn't bet)
Seat 4: JoseM1709 folded before Flop (didn't bet)
Seat 5: AndyJohn663 folded before Flop (didn't bet)
Seat 6: Floki1337 (button) folded before Flop
Seat 7: 09cmadden (small blind) collected ($0.14)
Seat 8: zackamundo (big blind) folded before Flop
Seat 9: fischkopp7O folded before Flop (didn't bet)



PokerStars Hand #237239993273:  Hold'em No Limit ($0.01/$0.02 USD) - 2022/07/08 13:13:43 PT [2022/07/08 16:13:43 ET]
Table 'Siberia' 9-max Seat #7 is the button
Seat 1: HE0123 ($3.94 in chips) 
Seat 2: Dorex2007 ($2.02 in chips) 
Seat 3: berrypair ($1 in chips) 
Seat 4: JoseM1709 ($2.03 in chips) 
Seat 5: AndyJohn663 ($2.18 in chips) 
Seat 6: Floki1337 ($8.84 in chips) 
Seat 7: 09cmadden ($2.75 in chips) 
Seat 8: zackamundo ($1.50 in chips) 
Seat 9: fischkopp7O ($0.86 in chips) 
zackamundo: posts small blind $0.01
fischkopp7O: posts big blind $0.02
berrypair: posts big blind $0.02
*** HOLE CARDS ***
Dealt to Dorex2007 [5s 4s]
HE0123: folds 
HE0123 leaves the table
Dorex2007: folds 
Blaulillie joins the table at seat #1 
berrypair: checks 
JoseM1709: raises $0.03 to $0.05
AndyJohn663: folds 
Floki1337: folds 
09cmadden: folds 
zackamundo: folds 
fischkopp7O: calls $0.03
berrypair: folds 
*** FLOP *** [5h 8s As]
fischkopp7O: checks 
JoseM1709: checks 
*** TURN *** [5h 8s As] [2d]
fischkopp7O: checks 
JoseM1709: bets $0.08
zackamundo leaves the table
fischkopp7O: folds 
Uncalled bet ($0.08) returned to JoseM1709
JoseM1709 collected $0.13 from pot
*** SUMMARY ***
Total pot $0.13 | Rake $0 
Board [5h 8s As 2d]
Seat 1: HE0123 folded before Flop (didn't bet)
Seat 2: Dorex2007 folded before Flop (didn't bet)
Seat 3: berrypair folded before Flop (didn't bet)
Seat 4: JoseM1709 collected ($0.13)
Seat 5: AndyJohn663 folded before Flop (didn't bet)
Seat 6: Floki1337 folded before Flop (didn't bet)
Seat 7: 09cmadden (button) folded before Flop (didn't bet)
Seat 8: zackamundo (small blind) folded before Flop
Seat 9: fischkopp7O (big blind) folded on the Turn



PokerStars Hand #237240029502:  Hold'em No Limit ($0.01/$0.02 USD) - 2022/07/08 13:15:22 PT [2022/07/08 16:15:22 ET]
Table 'Siberia' 9-max Seat #9 is the button
Seat 2: Dorex2007 ($2.02 in chips) 
Seat 3: berrypair ($0.98 in chips) 
Seat 4: JoseM1709 ($2.11 in chips) 
Seat 5: AndyJohn663 ($2.18 in chips) 
Seat 6: Floki1337 ($8.84 in chips) 
Seat 7: 09cmadden ($2.75 in chips) 
Seat 9: fischkopp7O ($0.81 in chips) 
Dorex2007: posts small blind $0.01
berrypair: posts big blind $0.02
*** HOLE CARDS ***
Dealt to Dorex2007 [5c Tc]
bob4tier joins the table at seat #8 
JoseM1709: calls $0.02
AndyJohn663: folds 
Floki1337: folds 
09cmadden: calls $0.02
fischkopp7O: calls $0.02
Dorex2007: folds 
berrypair: checks 
*** FLOP *** [Kc Ac 7h]
berrypair: checks 
JoseM1709: checks 
09cmadden: checks 
fischkopp7O: checks 
*** TURN *** [Kc Ac 7h] [Kh]
berrypair: checks 
JoseM1709: checks 
09cmadden: checks 
fischkopp7O: checks 
*** RIVER *** [Kc Ac 7h Kh] [Qs]
bob4tier leaves the table
berrypair: checks 
JoseM1709: checks 
09cmadden: checks 
fischkopp7O: checks 
*** SHOW DOWN ***
berrypair: shows [3s 7d] (two pair, Kings and Sevens)
JoseM1709: mucks hand 
09cmadden: mucks hand 
fischkopp7O: mucks hand 
berrypair collected $0.09 from pot
*** SUMMARY ***
Total pot $0.09 | Rake $0 
Board [Kc Ac 7h Kh Qs]
Seat 2: Dorex2007 (small blind) folded before Flop
Seat 3: berrypair (big blind) showed [3s 7d] and won ($0.09) with two pair, Kings and Sevens
Seat 4: JoseM1709 mucked [Th 9s]
Seat 5: AndyJohn663 folded before Flop (didn't bet)
Seat 6: Floki1337 folded before Flop (didn't bet)
Seat 7: 09cmadden mucked [9c 8d]
Seat 9: fischkopp7O (button) mucked [2d Jd]



PokerStars Hand #237240080946:  Hold'em No Limit ($0.01/$0.02 USD) - 2022/07/08 13:17:39 PT [2022/07/08 16:17:39 ET]
Table 'Siberia' 9-max Seat #2 is the button
Seat 1: Blaulillie ($2 in chips) 
Seat 2: Dorex2007 ($2.01 in chips) 
Seat 3: berrypair ($1.05 in chips) 
Seat 4: JoseM1709 ($2.09 in chips) 
Seat 5: AndyJohn663 ($2.18 in chips) 
Seat 6: Floki1337 ($8.84 in chips) 
Seat 7: 09cmadden ($2.73 in chips) 
Seat 9: fischkopp7O ($0.79 in chips) 
berrypair: posts small blind $0.01
JoseM1709: posts big blind $0.02
Blaulillie: posts big blind $0.02
*** HOLE CARDS ***
Dealt to Dorex2007 [3d 9h]
AndyJohn663: folds 
Floki1337: folds 
09cmadden: raises $0.08 to $0.10
fischkopp7O: calls $0.10
Blaulillie: calls $0.08
Dorex2007: folds 
berrypair: folds 
JoseM1709: folds 
*** FLOP *** [6s 9d Td]
09cmadden: checks 
fischkopp7O: bets $0.16
Blaulillie: folds 
09cmadden: calls $0.16
*** TURN *** [6s 9d Td] [3c]
09cmadden: checks 
fischkopp7O: checks 
*** RIVER *** [6s 9d Td 3c] [4s]
09cmadden: checks 
fischkopp7O: checks 
*** SHOW DOWN ***
09cmadden: shows [As Qs] (high card Ace)
fischkopp7O: mucks hand 
09cmadden collected $0.63 from pot
*** SUMMARY ***
Total pot $0.65 | Rake $0.02 
Board [6s 9d Td 3c 4s]
Seat 1: Blaulillie folded on the Flop
Seat 2: Dorex2007 (button) folded before Flop (didn't bet)
Seat 3: berrypair (small blind) folded before Flop
Seat 4: JoseM1709 (big blind) folded before Flop
Seat 5: AndyJohn663 folded before Flop (didn't bet)
Seat 6: Floki1337 folded before Flop (didn't bet)
Seat 7: 09cmadden showed [As Qs] and won ($0.63) with high card Ace
Seat 9: fischkopp7O mucked [Ks Qd]



PokerStars Hand #237240110909:  Hold'em No Limit ($0.01/$0.02 USD) - 2022/07/08 13:18:59 PT [2022/07/08 16:18:59 ET]
Table 'Siberia' 9-max Seat #3 is the button
Seat 1: Blaulillie ($1.90 in chips) 
Seat 2: Dorex2007 ($2.01 in chips) 
Seat 3: berrypair ($1.04 in chips) 
Seat 4: JoseM1709 ($2.07 in chips) 
Seat 5: AndyJohn663 ($2.18 in chips) 
Seat 6: Floki1337 ($8.84 in chips) 
Seat 7: 09cmadden ($3.10 in chips) 
Seat 9: fischkopp7O ($0.53 in chips) 
JoseM1709: posts small blind $0.01
AndyJohn663: posts big blind $0.02
*** HOLE CARDS ***
Dealt to Dorex2007 [Jc Qc]
Floki1337: folds 
09cmadden: folds 
fischkopp7O: folds 
Blaulillie: raises $0.04 to $0.06
Dorex2007: folds 
berrypair: folds 
MeruokBA joins the table at seat #8 
JoseM1709: folds 
AndyJohn663: folds 
Uncalled bet ($0.04) returned to Blaulillie
Blaulillie collected $0.05 from pot
*** SUMMARY ***
Total pot $0.05 | Rake $0 
Seat 1: Blaulillie collected ($0.05)
Seat 2: Dorex2007 folded before Flop (didn't bet)
Seat 3: berrypair (button) folded before Flop (didn't bet)
Seat 4: JoseM1709 (small blind) folded before Flop
Seat 5: AndyJohn663 (big blind) folded before Flop
Seat 6: Floki1337 folded before Flop (didn't bet)
Seat 7: 09cmadden folded before Flop (didn't bet)
Seat 9: fischkopp7O folded before Flop (didn't bet)



PokerStars Hand #237240123944:  Hold'em No Limit ($0.01/$0.02 USD) - 2022/07/08 13:19:17 PT [2022/07/08 16:19:17 ET]
Table 'Siberia' 9-max Seat #4 is the button
Seat 1: Blaulillie ($1.93 in chips) 
Seat 2: Dorex2007 ($2.01 in chips) 
Seat 3: berrypair ($1.04 in chips) 
Seat 4: JoseM1709 ($2.06 in chips) 
Seat 5: AndyJohn663 ($2.16 in chips) 
Seat 6: Floki1337 ($8.84 in chips) 
Seat 7: 09cmadden ($3.10 in chips) 
Seat 9: fischkopp7O ($0.53 in chips) 
AndyJohn663: posts small blind $0.01
Floki1337: posts big blind $0.02
MeruokBA: sits out 
*** HOLE CARDS ***
Dealt to Dorex2007 [5h 7h]
09cmadden: folds 
fischkopp7O: raises $0.08 to $0.10
Blaulillie: folds 
Dorex2007: folds 
berrypair: folds 
JoseM1709: raises $0.20 to $0.30
AndyJohn663: folds 
Floki1337: folds 
fischkopp7O: calls $0.20
*** FLOP *** [8h Kc 9d]
fischkopp7O: checks 
JoseM1709: checks 
*** TURN *** [8h Kc 9d] [2s]
fischkopp7O: bets $0.23 and is all-in
JoseM1709: folds 
Uncalled bet ($0.23) returned to fischkopp7O
fischkopp7O collected $0.61 from pot
*** SUMMARY ***
Total pot $0.63 | Rake $0.02 
Board [8h Kc 9d 2s]
Seat 1: Blaulillie folded before Flop (didn't bet)
Seat 2: Dorex2007 folded before Flop (didn't bet)
Seat 3: berrypair folded before Flop (didn't bet)
Seat 4: JoseM1709 (button) folded on the Turn
Seat 5: AndyJohn663 (small blind) folded before Flop
Seat 6: Floki1337 (big blind) folded before Flop
Seat 7: 09cmadden folded before Flop (didn't bet)
Seat 9: fischkopp7O collected ($0.61)



PokerStars Hand #237240152386:  Hold'em No Limit ($0.01/$0.02 USD) - 2022/07/08 13:20:33 PT [2022/07/08 16:20:33 ET]
Table 'Siberia' 9-max Seat #5 is the button
Seat 1: Blaulillie ($1.93 in chips) 
Seat 2: Dorex2007 ($2.01 in chips) 
Seat 3: berrypair ($1.04 in chips) 
Seat 4: JoseM1709 ($2 in chips) 
Seat 5: AndyJohn663 ($2.15 in chips) 
Seat 6: Floki1337 ($8.82 in chips) 
Seat 7: 09cmadden ($3.10 in chips) 
Seat 9: fischkopp7O ($0.84 in chips) 
Floki1337: posts small blind $0.01
09cmadden: posts big blind $0.02
MeruokBA: sits out 
*** HOLE CARDS ***
Dealt to Dorex2007 [5c 4d]
fischkopp7O: calls $0.02
Blaulillie: calls $0.02
Dorex2007: folds 
berrypair: raises $0.04 to $0.06
JoseM1709: raises $0.10 to $0.16
AndyJohn663: folds 
Floki1337: folds 
09cmadden: folds 
fischkopp7O: calls $0.14
Blaulillie: folds 
berrypair: calls $0.10
*** FLOP *** [5h Jh 6c]
fischkopp7O: bets $0.68 and is all-in
berrypair: folds 
JoseM1709: calls $0.68
*** TURN *** [5h Jh 6c] [8d]
*** RIVER *** [5h Jh 6c 8d] [Th]
*** SHOW DOWN ***
fischkopp7O: shows [Ah 9h] (a flush, Ace high)
JoseM1709: shows [As 5s] (a pair of Fives)
fischkopp7O cashed out the hand for $0.86 | Cash Out Fee $0.01
*** SUMMARY ***
Total pot $1.89 | Rake $0.07 
Board [5h Jh 6c 8d Th]
Seat 1: Blaulillie folded before Flop
Seat 2: Dorex2007 folded before Flop (didn't bet)
Seat 3: berrypair folded on the Flop
Seat 4: JoseM1709 showed [As 5s] and lost with a pair of Fives
Seat 5: AndyJohn663 (button) folded before Flop (didn't bet)
Seat 6: Floki1337 (small blind) folded before Flop
Seat 7: 09cmadden (big blind) folded before Flop
Seat 9: fischkopp7O showed [Ah 9h] and won ($1.82) with a flush, Ace high (pot not awarded as player cashed out)



PokerStars Hand #237240180366:  Hold'em No Limit ($0.01/$0.02 USD) - 2022/07/08 13:21:46 PT [2022/07/08 16:21:46 ET]
Table 'Siberia' 9-max Seat #6 is the button
Seat 1: Blaulillie ($1.91 in chips) 
Seat 2: Dorex2007 ($2.01 in chips) 
Seat 3: berrypair ($0.88 in chips) 
Seat 4: JoseM1709 ($2 in chips) 
Seat 5: AndyJohn663 ($2.15 in chips) 
Seat 6: Floki1337 ($8.81 in chips) 
Seat 7: 09cmadden ($3.08 in chips) 
Seat 8: MeruokBA ($2 in chips) 
Seat 9: fischkopp7O ($0.86 in chips) 
09cmadden: posts small blind $0.01
MeruokBA: posts big blind $0.02
*** HOLE CARDS ***
Dealt to Dorex2007 [6c As]
fischkopp7O: calls $0.02
Blaulillie: folds 
Dorex2007 has timed out
Dorex2007: folds 
berrypair: calls $0.02
JoseM1709: folds 
AndyJohn663: folds 
Floki1337: raises $0.08 to $0.10
09cmadden: folds 
MeruokBA: folds 
fischkopp7O: folds 
berrypair: folds 
Uncalled bet ($0.08) returned to Floki1337
Floki1337 collected $0.09 from pot
*** SUMMARY ***
Total pot $0.09 | Rake $0 
Seat 1: Blaulillie folded before Flop (didn't bet)
Seat 2: Dorex2007 folded before Flop (didn't bet)
Seat 3: berrypair folded before Flop
Seat 4: JoseM1709 folded before Flop (didn't bet)
Seat 5: AndyJohn663 folded before Flop (didn't bet)
Seat 6: Floki1337 (button) collected ($0.09)
Seat 7: 09cmadden (small blind) folded before Flop
Seat 8: MeruokBA (big blind) folded before Flop
Seat 9: fischkopp7O folded before Flop



PokerStars Hand #237240203004:  Hold'em No Limit ($0.01/$0.02 USD) - 2022/07/08 13:22:46 PT [2022/07/08 16:22:46 ET]
Table 'Siberia' 9-max Seat #7 is the button
Seat 1: Blaulillie ($1.91 in chips) 
Seat 2: Dorex2007 ($2.01 in chips) 
Seat 3: berrypair ($0.86 in chips) 
Seat 4: JoseM1709 ($2 in chips) 
Seat 5: AndyJohn663 ($2.15 in chips) 
Seat 6: Floki1337 ($8.88 in chips) 
Seat 7: 09cmadden ($3.07 in chips) 
Seat 8: MeruokBA ($1.98 in chips) 
Seat 9: fischkopp7O ($0.84 in chips) 
MeruokBA: posts small blind $0.01
fischkopp7O: posts big blind $0.02
*** HOLE CARDS ***
Dealt to Dorex2007 [7s 7h]
Blaulillie: raises $0.04 to $0.06
Dorex2007: calls $0.06
berrypair: folds 
JoseM1709: calls $0.06
AndyJohn663: folds 
Floki1337: calls $0.06
09cmadden: calls $0.06
MeruokBA: folds 
fischkopp7O: calls $0.04
*** FLOP *** [8h 7d As]
fischkopp7O: bets $0.02
Blaulillie: calls $0.02
Dorex2007: calls $0.02
JoseM1709: calls $0.02
Floki1337: raises $0.33 to $0.35
09cmadden: folds 
fischkopp7O: folds 
Blaulillie: calls $0.33
Dorex2007: raises $0.62 to $0.97
JoseM1709: folds 
Floki1337: raises $7.85 to $8.82 and is all-in
Blaulillie: calls $1.50 and is all-in
Dorex2007: calls $0.98 and is all-in
Uncalled bet ($6.87) returned to Floki1337
*** TURN *** [8h 7d As] [3c]
*** RIVER *** [8h 7d As 3c] [Kc]
*** SHOW DOWN ***
Dorex2007: shows [7s 7h] (three of a kind, Sevens)
Floki1337: shows [Ad Qc] (a pair of Aces)
Blaulillie: shows [Qh Ac] (a pair of Aces)
Dorex2007 cashed out the hand for $5.83 | Cash Out Fee $0.06
*** SUMMARY ***
Total pot $6.16 Main pot $5.75. Side pot $0.19. | Rake $0.22 
Board [8h 7d As 3c Kc]
Seat 1: Blaulillie showed [Qh Ac] and lost with a pair of Aces
Seat 2: Dorex2007 showed [7s 7h] and won ($5.94) with three of a kind, Sevens (pot not awarded as player cashed out)
Seat 3: berrypair folded before Flop (didn't bet)
Seat 4: JoseM1709 folded on the Flop
Seat 5: AndyJohn663 folded before Flop (didn't bet)
Seat 6: Floki1337 showed [Ad Qc] and lost with a pair of Aces
Seat 7: 09cmadden (button) folded on the Flop
Seat 8: MeruokBA (small blind) folded before Flop
Seat 9: fischkopp7O (big blind) folded on the Flop



PokerStars Hand #237240247252:  Hold'em No Limit ($0.01/$0.02 USD) - 2022/07/08 13:24:20 PT [2022/07/08 16:24:20 ET]
Table 'Siberia' 9-max Seat #8 is the button
Seat 2: Dorex2007 ($5.83 in chips) 
Seat 3: berrypair ($0.86 in chips) 
Seat 4: JoseM1709 ($1.92 in chips) 
Seat 5: AndyJohn663 ($2.15 in chips) 
Seat 6: Floki1337 ($6.87 in chips) 
Seat 7: 09cmadden ($3.01 in chips) 
Seat 8: MeruokBA ($1.97 in chips) 
Seat 9: fischkopp7O ($0.76 in chips) 
fischkopp7O: posts small blind $0.01
Dorex2007: posts big blind $0.02
*** HOLE CARDS ***
Dealt to Dorex2007 [4h Qh]
berrypair: calls $0.02
Blaulillie leaves the table
JoseM1709: calls $0.02
AndyJohn663: folds 
Floki1337: folds 
09cmadden: folds 
MeruokBA: folds 
fischkopp7O: calls $0.01
ErickHartwig joins the table at seat #1 
Dorex2007: checks 
*** FLOP *** [2c 4s 2s]
fischkopp7O: checks 
Dorex2007: checks 
berrypair: bets $0.08
JoseM1709: folds 
fischkopp7O: folds 
Dorex2007: folds 
Uncalled bet ($0.08) returned to berrypair
berrypair collected $0.08 from pot
*** SUMMARY ***
Total pot $0.08 | Rake $0 
Board [2c 4s 2s]
Seat 2: Dorex2007 (big blind) folded on the Flop
Seat 3: berrypair collected ($0.08)
Seat 4: JoseM1709 folded on the Flop
Seat 5: AndyJohn663 folded before Flop (didn't bet)
Seat 6: Floki1337 folded before Flop (didn't bet)
Seat 7: 09cmadden folded before Flop (didn't bet)
Seat 8: MeruokBA (button) folded before Flop (didn't bet)
Seat 9: fischkopp7O (small blind) folded on the Flop



PokerStars Hand #237240269609:  Hold'em No Limit ($0.01/$0.02 USD) - 2022/07/08 13:25:19 PT [2022/07/08 16:25:19 ET]
Table 'Siberia' 9-max Seat #9 is the button
Seat 2: Dorex2007 ($5.81 in chips) 
Seat 3: berrypair ($0.92 in chips) 
Seat 4: JoseM1709 ($1.90 in chips) 
Seat 5: AndyJohn663 ($2.15 in chips) 
Seat 6: Floki1337 ($6.87 in chips) 
Seat 7: 09cmadden ($3.01 in chips) 
Seat 8: MeruokBA ($1.97 in chips) 
Seat 9: fischkopp7O ($0.74 in chips) 
Dorex2007: posts small blind $0.01
berrypair: posts big blind $0.02
*** HOLE CARDS ***
Dealt to Dorex2007 [6h 5h]
JoseM1709: folds 
AndyJohn663: folds 
Floki1337: folds 
09cmadden: folds 
MeruokBA: folds 
fischkopp7O: calls $0.02
Dorex2007: calls $0.01
berrypair: checks 
*** FLOP *** [2d Qd 2h]
Dorex2007: checks 
berrypair: checks 
fischkopp7O: bets $0.06
Dorex2007: folds 
berrypair: folds 
Uncalled bet ($0.06) returned to fischkopp7O
fischkopp7O collected $0.06 from pot
*** SUMMARY ***
Total pot $0.06 | Rake $0 
Board [2d Qd 2h]
Seat 2: Dorex2007 (small blind) folded on the Flop
Seat 3: berrypair (big blind) folded on the Flop
Seat 4: JoseM1709 folded before Flop (didn't bet)
Seat 5: AndyJohn663 folded before Flop (didn't bet)
Seat 6: Floki1337 folded before Flop (didn't bet)
Seat 7: 09cmadden folded before Flop (didn't bet)
Seat 8: MeruokBA folded before Flop (didn't bet)
Seat 9: fischkopp7O (button) collected ($0.06)



PokerStars Hand #237240288127:  Hold'em No Limit ($0.01/$0.02 USD) - 2022/07/08 13:26:08 PT [2022/07/08 16:26:08 ET]
Table 'Siberia' 9-max Seat #2 is the button
Seat 2: Dorex2007 ($5.79 in chips) 
Seat 3: berrypair ($0.90 in chips) 
Seat 4: JoseM1709 ($1.90 in chips) 
Seat 5: AndyJohn663 ($2.15 in chips) 
Seat 6: Floki1337 ($6.87 in chips) 
Seat 7: 09cmadden ($3.01 in chips) 
Seat 8: MeruokBA ($1.97 in chips) 
Seat 9: fischkopp7O ($0.78 in chips) 
berrypair: posts small blind $0.01
JoseM1709: posts big blind $0.02
ErickHartwig: sits out 
*** HOLE CARDS ***
Dealt to Dorex2007 [9d 2c]
AndyJohn663: folds 
Floki1337: folds 
09cmadden: raises $0.04 to $0.06
MeruokBA: folds 
fischkopp7O: calls $0.06
Dorex2007: folds 
berrypair: calls $0.05
JoseM1709: calls $0.04
*** FLOP *** [Td Ah 5c]
berrypair: checks 
JoseM1709: checks 
09cmadden: bets $0.16
fischkopp7O: calls $0.16
berrypair: folds 
JoseM1709: calls $0.16
*** TURN *** [Td Ah 5c] [3h]
JoseM1709: checks 
09cmadden: checks 
fischkopp7O: bets $0.16
JoseM1709: folds 
09cmadden: folds 
Uncalled bet ($0.16) returned to fischkopp7O
fischkopp7O collected $0.68 from pot
*** SUMMARY ***
Total pot $0.72 | Rake $0.04 
Board [Td Ah 5c 3h]
Seat 2: Dorex2007 (button) folded before Flop (didn't bet)
Seat 3: berrypair (small blind) folded on the Flop
Seat 4: JoseM1709 (big blind) folded on the Turn
Seat 5: AndyJohn663 folded before Flop (didn't bet)
Seat 6: Floki1337 folded before Flop (didn't bet)
Seat 7: 09cmadden folded on the Turn
Seat 8: MeruokBA folded before Flop (didn't bet)
Seat 9: fischkopp7O collected ($0.68)



PokerStars Hand #237240320643:  Hold'em No Limit ($0.01/$0.02 USD) - 2022/07/08 13:27:35 PT [2022/07/08 16:27:35 ET]
Table 'Siberia' 9-max Seat #3 is the button
Seat 1: ErickHartwig ($2 in chips) 
Seat 2: Dorex2007 ($5.79 in chips) 
Seat 3: berrypair ($0.84 in chips) 
Seat 4: JoseM1709 ($2 in chips) 
Seat 5: AndyJohn663 ($2.15 in chips) 
Seat 6: Floki1337 ($6.87 in chips) 
Seat 7: 09cmadden ($2.79 in chips) 
Seat 8: MeruokBA ($1.97 in chips) 
Seat 9: fischkopp7O ($1.24 in chips) 
JoseM1709: posts small blind $0.01
AndyJohn663: posts big blind $0.02
ErickHartwig: posts big blind $0.02
*** HOLE CARDS ***
Dealt to Dorex2007 [2c 4d]
Floki1337: raises $0.07 to $0.09
09cmadden: calls $0.09
MeruokBA: calls $0.09
fischkopp7O has timed out
fischkopp7O: folds 
ErickHartwig has timed out
ErickHartwig: folds 
Dorex2007: folds 
berrypair: folds 
JoseM1709: folds 
AndyJohn663: folds 
*** FLOP *** [Kc 6h Td]
Floki1337: bets $0.15
09cmadden: calls $0.15
ErickHartwig is disconnected 
MeruokBA: calls $0.15
*** TURN *** [Kc 6h Td] [Kh]
Floki1337: bets $0.30
09cmadden: calls $0.30
MeruokBA: calls $0.30
*** RIVER *** [Kc 6h Td Kh] [Tc]
Floki1337: checks 
09cmadden: checks 
MeruokBA: checks 
*** SHOW DOWN ***
Floki1337: shows [Jd Js] (two pair, Kings and Jacks)
09cmadden: mucks hand 
MeruokBA: mucks hand 
Floki1337 collected $1.59 from pot
*** SUMMARY ***
Total pot $1.67 | Rake $0.08 
Board [Kc 6h Td Kh Tc]
Seat 1: ErickHartwig folded before Flop (didn't bet)
Seat 2: Dorex2007 folded before Flop (didn't bet)
Seat 3: berrypair (button) folded before Flop (didn't bet)
Seat 4: JoseM1709 (small blind) folded before Flop
Seat 5: AndyJohn663 (big blind) folded before Flop
Seat 6: Floki1337 showed [Jd Js] and won ($1.59) with two pair, Kings and Jacks
Seat 7: 09cmadden mucked [Ah Jh]
Seat 8: MeruokBA mucked [8h 9h]
Seat 9: fischkopp7O folded before Flop (didn't bet)



PokerStars Hand #237240361360:  Hold'em No Limit ($0.01/$0.02 USD) - 2022/07/08 13:29:23 PT [2022/07/08 16:29:23 ET]
Table 'Siberia' 9-max Seat #4 is the button
Seat 1: ErickHartwig ($1.98 in chips) 
Seat 2: Dorex2007 ($5.79 in chips) 
Seat 3: berrypair ($0.84 in chips) 
Seat 4: JoseM1709 ($1.99 in chips) 
Seat 5: AndyJohn663 ($2.13 in chips) 
Seat 6: Floki1337 ($7.92 in chips) 
Seat 7: 09cmadden ($2.25 in chips) 
Seat 8: MeruokBA ($1.43 in chips) 
Seat 9: fischkopp7O ($1.24 in chips) 
AndyJohn663: posts small blind $0.01
Floki1337: posts big blind $0.02
*** HOLE CARDS ***
Dealt to Dorex2007 [6d Qc]
09cmadden: calls $0.02
MeruokBA: folds 
fischkopp7O has timed out
fischkopp7O: folds 
ErickHartwig: folds 
Dorex2007: folds 
berrypair: folds 
JoseM1709: raises $0.03 to $0.05
AndyJohn663: folds 
Floki1337: folds 
09cmadden: calls $0.03
*** FLOP *** [Kh Ad 4s]
09cmadden: checks 
JoseM1709: checks 
*** TURN *** [Kh Ad 4s] [Jc]
09cmadden: checks 
JoseM1709: bets $0.08
09cmadden: raises $0.29 to $0.37
JoseM1709: calls $0.29
*** RIVER *** [Kh Ad 4s Jc] [Ks]
09cmadden: bets $1.83 and is all-in
JoseM1709: calls $1.57 and is all-in
Uncalled bet ($0.26) returned to 09cmadden
*** SHOW DOWN ***
09cmadden: shows [7s 7c] (two pair, Kings and Sevens)
JoseM1709: shows [As Jh] (two pair, Aces and Kings)
JoseM1709 collected $3.87 from pot
*** SUMMARY ***
Total pot $4.01 | Rake $0.14 
Board [Kh Ad 4s Jc Ks]
Seat 1: ErickHartwig folded before Flop (didn't bet)
Seat 2: Dorex2007 folded before Flop (didn't bet)
Seat 3: berrypair folded before Flop (didn't bet)
Seat 4: JoseM1709 (button) showed [As Jh] and won ($3.87) with two pair, Aces and Kings
Seat 5: AndyJohn663 (small blind) folded before Flop
Seat 6: Floki1337 (big blind) folded before Flop
Seat 7: 09cmadden showed [7s 7c] and lost with two pair, Kings and Sevens
Seat 8: MeruokBA folded before Flop (didn't bet)
Seat 9: fischkopp7O folded before Flop (didn't bet)



PokerStars Hand #237240389023:  Hold'em No Limit ($0.01/$0.02 USD) - 2022/07/08 13:30:36 PT [2022/07/08 16:30:36 ET]
Table 'Siberia' 9-max Seat #5 is the button
Seat 1: ErickHartwig ($1.98 in chips) 
Seat 2: Dorex2007 ($5.79 in chips) 
Seat 3: berrypair ($0.84 in chips) 
Seat 4: JoseM1709 ($3.87 in chips) 
Seat 5: AndyJohn663 ($2.12 in chips) 
Seat 6: Floki1337 ($7.90 in chips) 
Seat 7: 09cmadden ($0.26 in chips) 
Seat 8: MeruokBA ($2 in chips) 
Seat 9: fischkopp7O ($1.24 in chips) 
Floki1337: posts small blind $0.01
09cmadden: posts big blind $0.02
*** HOLE CARDS ***
Dealt to Dorex2007 [As Ah]
MeruokBA: raises $0.03 to $0.05
fischkopp7O has timed out
fischkopp7O: folds 
ErickHartwig has timed out
ErickHartwig: folds 
Dorex2007: raises $0.05 to $0.10
berrypair: folds 
JoseM1709: folds 
AndyJohn663: folds 
Floki1337: folds 
09cmadden: folds 
MeruokBA: calls $0.05
*** FLOP *** [8c 9c 6d]
09cmadden leaves the table
MeruokBA: checks 
Dorex2007: bets $0.22
MeruokBA: calls $0.22
*** TURN *** [8c 9c 6d] [Qd]
MeruokBA: checks 
Dorex2007: bets $0.32
MeruokBA: calls $0.32
*** RIVER *** [8c 9c 6d Qd] [4d]
MeruokBA: checks 
Dorex2007: checks 
*** SHOW DOWN ***
MeruokBA: shows [7s 6s] (a pair of Sixes)
Dorex2007: shows [As Ah] (a pair of Aces)
Dorex2007 collected $1.26 from pot
*** SUMMARY ***
Total pot $1.31 | Rake $0.05 
Board [8c 9c 6d Qd 4d]
Seat 1: ErickHartwig folded before Flop (didn't bet)
Seat 2: Dorex2007 showed [As Ah] and won ($1.26) with a pair of Aces
Seat 3: berrypair folded before Flop (didn't bet)
Seat 4: JoseM1709 folded before Flop (didn't bet)
Seat 5: AndyJohn663 (button) folded before Flop (didn't bet)
Seat 6: Floki1337 (small blind) folded before Flop
Seat 7: 09cmadden (big blind) folded before Flop
Seat 8: MeruokBA showed [7s 6s] and lost with a pair of Sixes
Seat 9: fischkopp7O folded before Flop (didn't bet)



PokerStars Hand #237240416716:  Hold'em No Limit ($0.01/$0.02 USD) - 2022/07/08 13:31:50 PT [2022/07/08 16:31:50 ET]
Table 'Siberia' 9-max Seat #6 is the button
Seat 2: Dorex2007 ($6.41 in chips) 
Seat 3: berrypair ($0.84 in chips) 
Seat 4: JoseM1709 ($3.87 in chips) 
Seat 5: AndyJohn663 ($2.12 in chips) 
Seat 6: Floki1337 ($7.89 in chips) 
Seat 8: MeruokBA ($1.36 in chips) 
Seat 9: fischkopp7O ($1.24 in chips) 
MeruokBA: posts small blind $0.01
fischkopp7O: posts big blind $0.02
*** HOLE CARDS ***
Dealt to Dorex2007 [Qd 9d]
LukJak72 joins the table at seat #7 
Dorex2007: folds 
berrypair: calls $0.02
JoseM1709: calls $0.02
AndyJohn663: folds 
Floki1337: raises $0.08 to $0.10
MeruokBA: folds 
fischkopp7O: folds 
berrypair: folds 
JoseM1709: folds 
Uncalled bet ($0.08) returned to Floki1337
Floki1337 collected $0.09 from pot
*** SUMMARY ***
Total pot $0.09 | Rake $0 
Seat 2: Dorex2007 folded before Flop (didn't bet)
Seat 3: berrypair folded before Flop
Seat 4: JoseM1709 folded before Flop
Seat 5: AndyJohn663 folded before Flop (didn't bet)
Seat 6: Floki1337 (button) collected ($0.09)
Seat 8: MeruokBA (small blind) folded before Flop
Seat 9: fischkopp7O (big blind) folded before Flop



PokerStars Hand #237240432344:  Hold'em No Limit ($0.01/$0.02 USD) - 2022/07/08 13:32:31 PT [2022/07/08 16:32:31 ET]
Table 'Siberia' 9-max Seat #8 is the button
Seat 1: ErickHartwig ($1.98 in chips) 
Seat 2: Dorex2007 ($6.41 in chips) 
Seat 3: berrypair ($0.82 in chips) 
Seat 4: JoseM1709 ($3.85 in chips) 
Seat 5: AndyJohn663 ($2.12 in chips) 
Seat 6: Floki1337 ($7.96 in chips) 
Seat 7: LukJak72 ($2 in chips) 
Seat 8: MeruokBA ($2 in chips) 
Seat 9: fischkopp7O ($1.22 in chips) 
fischkopp7O: posts small blind $0.01
ErickHartwig: posts big blind $0.02
LukJak72: posts big blind $0.02
*** HOLE CARDS ***
Dealt to Dorex2007 [Ts 8d]
Dorex2007: folds 
berrypair: folds 
JoseM1709: folds 
AndyJohn663: folds 
Floki1337: folds 
LukJak72: raises $0.05 to $0.07
MeruokBA: raises $0.15 to $0.22
fischkopp7O: folds 
ErickHartwig: folds 
LukJak72: raises $0.50 to $0.72
MeruokBA: raises $1.28 to $2 and is all-in
LukJak72: calls $1.28 and is all-in
*** FLOP *** [7c 9h 5d]
*** TURN *** [7c 9h 5d] [2d]
*** RIVER *** [7c 9h 5d 2d] [Jc]
*** SHOW DOWN ***
LukJak72: shows [Tc Jh] (a pair of Jacks)
MeruokBA: shows [Qh Qs] (a pair of Queens)
MeruokBA collected $3.89 from pot
*** SUMMARY ***
Total pot $4.03 | Rake $0.14 
Board [7c 9h 5d 2d Jc]
Seat 1: ErickHartwig (big blind) folded before Flop
Seat 2: Dorex2007 folded before Flop (didn't bet)
Seat 3: berrypair folded before Flop (didn't bet)
Seat 4: JoseM1709 folded before Flop (didn't bet)
Seat 5: AndyJohn663 folded before Flop (didn't bet)
Seat 6: Floki1337 folded before Flop (didn't bet)
Seat 7: LukJak72 showed [Tc Jh] and lost with a pair of Jacks
Seat 8: MeruokBA (button) showed [Qh Qs] and won ($3.89) with a pair of Queens
Seat 9: fischkopp7O (small blind) folded before Flop



PokerStars Hand #237240474961:  Hold'em No Limit ($0.01/$0.02 USD) - 2022/07/08 13:34:25 PT [2022/07/08 16:34:25 ET]
Table 'Siberia' 9-max Seat #9 is the button
Seat 1: ErickHartwig ($1.96 in chips) 
Seat 2: Dorex2007 ($6.41 in chips) 
Seat 3: berrypair ($0.82 in chips) 
Seat 4: JoseM1709 ($3.85 in chips) 
Seat 5: AndyJohn663 ($2.12 in chips) 
Seat 6: Floki1337 ($7.96 in chips) 
Seat 8: MeruokBA ($3.89 in chips) 
Seat 9: fischkopp7O ($1.21 in chips) 
ErickHartwig: posts small blind $0.01
Dorex2007: posts big blind $0.02
*** HOLE CARDS ***
Dealt to Dorex2007 [As Ts]
berrypair: folds 
JoseM1709: folds 
AndyJohn663: calls $0.02
Floki1337: folds 
MeruokBA: folds 
fischkopp7O: folds 
LukJak72 leaves the table
ErickHartwig: calls $0.01
Dorex2007: checks 
*** FLOP *** [8c 3h Qs]
ErickHartwig: checks 
Dorex2007: checks 
AndyJohn663: checks 
*** TURN *** [8c 3h Qs] [7d]
ErickHartwig: checks 
Dorex2007: checks 
AndyJohn663: bets $0.03
ErickHartwig: folds 
Dorex2007: folds 
Uncalled bet ($0.03) returned to AndyJohn663
AndyJohn663 collected $0.06 from pot
*** SUMMARY ***
Total pot $0.06 | Rake $0 
Board [8c 3h Qs 7d]
Seat 1: ErickHartwig (small blind) folded on the Turn
Seat 2: Dorex2007 (big blind) folded on the Turn
Seat 3: berrypair folded before Flop (didn't bet)
Seat 4: JoseM1709 folded before Flop (didn't bet)
Seat 5: AndyJohn663 collected ($0.06)
Seat 6: Floki1337 folded before Flop (didn't bet)
Seat 8: MeruokBA folded before Flop (didn't bet)
Seat 9: fischkopp7O (button) folded before Flop (didn't bet)



PokerStars Hand #237240495750:  Hold'em No Limit ($0.01/$0.02 USD) - 2022/07/08 13:35:21 PT [2022/07/08 16:35:21 ET]
Table 'Siberia' 9-max Seat #1 is the button
Seat 1: ErickHartwig ($1.94 in chips) 
Seat 2: Dorex2007 ($6.39 in chips) 
Seat 3: berrypair ($0.82 in chips) 
Seat 4: JoseM1709 ($3.85 in chips) 
Seat 5: AndyJohn663 ($2.16 in chips) 
Seat 6: Floki1337 ($7.96 in chips) 
Seat 8: MeruokBA ($3.89 in chips) 
Seat 9: fischkopp7O ($1.21 in chips) 
Dorex2007: posts small blind $0.01
berrypair: posts big blind $0.02
*** HOLE CARDS ***
Dealt to Dorex2007 [4d 3h]
JoseM1709: folds 
AndyJohn663: folds 
Floki1337: folds 
MeruokBA: folds 
fischkopp7O: folds 
ErickHartwig: calls $0.02
Dorex2007: folds 
marc1374 joins the table at seat #7 
berrypair has timed out
berrypair: checks 
*** FLOP *** [Tc Qs 9h]
berrypair: checks 
ErickHartwig: bets $0.02
berrypair: folds 
Uncalled bet ($0.02) returned to ErickHartwig
ErickHartwig collected $0.05 from pot
*** SUMMARY ***
Total pot $0.05 | Rake $0 
Board [Tc Qs 9h]
Seat 1: ErickHartwig (button) collected ($0.05)
Seat 2: Dorex2007 (small blind) folded before Flop
Seat 3: berrypair (big blind) folded on the Flop
Seat 4: JoseM1709 folded before Flop (didn't bet)
Seat 5: AndyJohn663 folded before Flop (didn't bet)
Seat 6: Floki1337 folded before Flop (didn't bet)
Seat 8: MeruokBA folded before Flop (didn't bet)
Seat 9: fischkopp7O folded before Flop (didn't bet)



PokerStars Hand #237240513434:  Hold'em No Limit ($0.01/$0.02 USD) - 2022/07/08 13:36:08 PT [2022/07/08 16:36:08 ET]
Table 'Siberia' 9-max Seat #2 is the button
Seat 1: ErickHartwig ($1.97 in chips) 
Seat 2: Dorex2007 ($6.38 in chips) 
Seat 3: berrypair ($0.80 in chips) 
Seat 5: AndyJohn663 ($2.16 in chips) 
Seat 6: Floki1337 ($7.96 in chips) 
Seat 8: MeruokBA ($3.89 in chips) 
Seat 9: fischkopp7O ($1.21 in chips) 
berrypair: posts small blind $0.01
JoseM1709: is sitting out 
AndyJohn663: posts big blind $0.02
marc1374: sits out 
*** HOLE CARDS ***
Dealt to Dorex2007 [2c 8d]
Floki1337: raises $0.04 to $0.06
MeruokBA: folds 
fischkopp7O: folds 
ErickHartwig: folds 
Dorex2007: folds 
berrypair has timed out
berrypair: folds 
AndyJohn663: folds 
Uncalled bet ($0.04) returned to Floki1337
Floki1337 collected $0.05 from pot
*** SUMMARY ***
Total pot $0.05 | Rake $0 
Seat 1: ErickHartwig folded before Flop (didn't bet)
Seat 2: Dorex2007 (button) folded before Flop (didn't bet)
Seat 3: berrypair (small blind) folded before Flop
Seat 5: AndyJohn663 (big blind) folded before Flop
Seat 6: Floki1337 collected ($0.05)
Seat 8: MeruokBA folded before Flop (didn't bet)
Seat 9: fischkopp7O folded before Flop (didn't bet)



PokerStars Hand #237240526814:  Hold'em No Limit ($0.01/$0.02 USD) - 2022/07/08 13:36:44 PT [2022/07/08 16:36:44 ET]
Table 'Siberia' 9-max Seat #5 is the button
Seat 1: ErickHartwig ($1.97 in chips) 
Seat 2: Dorex2007 ($6.38 in chips) 
Seat 5: AndyJohn663 ($2.14 in chips) 
Seat 6: Floki1337 ($7.99 in chips) 
Seat 7: marc1374 ($1.69 in chips) 
Seat 8: MeruokBA ($3.89 in chips) 
Seat 9: fischkopp7O ($1.21 in chips) 
Floki1337: posts small blind $0.01
marc1374: posts big blind $0.02
*** HOLE CARDS ***
Dealt to Dorex2007 [Kc 6s]
MeruokBA: folds 
fischkopp7O: folds 
ErickHartwig: calls $0.02
Dorex2007: folds 
AndyJohn663: folds 
Floki1337: folds 
marc1374: checks 
*** FLOP *** [2h 6h Ks]
marc1374: checks 
ErickHartwig: checks 
*** TURN *** [2h 6h Ks] [2s]
marc1374: checks 
ErickHartwig: bets $0.02
marc1374: calls $0.02
*** RIVER *** [2h 6h Ks 2s] [Kd]
berrypair leaves the table
marc1374: checks 
Il0vebear joins the table at seat #3 
ErickHartwig: bets $0.06
marc1374: folds 
Uncalled bet ($0.06) returned to ErickHartwig
ErickHartwig collected $0.09 from pot
*** SUMMARY ***
Total pot $0.09 | Rake $0 
Board [2h 6h Ks 2s Kd]
Seat 1: ErickHartwig collected ($0.09)
Seat 2: Dorex2007 folded before Flop (didn't bet)
Seat 5: AndyJohn663 (button) folded before Flop (didn't bet)
Seat 6: Floki1337 (small blind) folded before Flop
Seat 7: marc1374 (big blind) folded on the River
Seat 8: MeruokBA folded before Flop (didn't bet)
Seat 9: fischkopp7O folded before Flop (didn't bet)



PokerStars Hand #237240543337:  Hold'em No Limit ($0.01/$0.02 USD) - 2022/07/08 13:37:28 PT [2022/07/08 16:37:28 ET]
Table 'Siberia' 9-max Seat #6 is the button
Seat 1: ErickHartwig ($2.02 in chips) 
Seat 2: Dorex2007 ($6.38 in chips) 
Seat 5: AndyJohn663 ($2.14 in chips) 
Seat 6: Floki1337 ($7.98 in chips) 
Seat 7: marc1374 ($1.65 in chips) 
Seat 8: MeruokBA ($3.89 in chips) 
Seat 9: fischkopp7O ($1.21 in chips) 
marc1374: posts small blind $0.01
MeruokBA: posts big blind $0.02
Il0vebear: sits out 
*** HOLE CARDS ***
Dealt to Dorex2007 [Ts Qd]
fischkopp7O: raises $0.08 to $0.10
ErickHartwig: folds 
Dorex2007: folds 
AndyJohn663: folds 
Floki1337: folds 
marc1374: folds 
MeruokBA: folds 
Uncalled bet ($0.08) returned to fischkopp7O
fischkopp7O collected $0.05 from pot
*** SUMMARY ***
Total pot $0.05 | Rake $0 
Seat 1: ErickHartwig folded before Flop (didn't bet)
Seat 2: Dorex2007 folded before Flop (didn't bet)
Seat 5: AndyJohn663 folded before Flop (didn't bet)
Seat 6: Floki1337 (button) folded before Flop (didn't bet)
Seat 7: marc1374 (small blind) folded before Flop
Seat 8: MeruokBA (big blind) folded before Flop
Seat 9: fischkopp7O collected ($0.05)



PokerStars Hand #237240554185:  Hold'em No Limit ($0.01/$0.02 USD) - 2022/07/08 13:37:57 PT [2022/07/08 16:37:57 ET]
Table 'Siberia' 9-max Seat #7 is the button
Seat 1: ErickHartwig ($2.02 in chips) 
Seat 2: Dorex2007 ($6.38 in chips) 
Seat 5: AndyJohn663 ($2.14 in chips) 
Seat 6: Floki1337 ($7.98 in chips) 
Seat 7: marc1374 ($1.64 in chips) 
Seat 8: MeruokBA ($3.87 in chips) 
Seat 9: fischkopp7O ($1.24 in chips) 
MeruokBA: posts small blind $0.01
fischkopp7O: posts big blind $0.02
Il0vebear: sits out 
JoseM1709: sits out 
*** HOLE CARDS ***
Dealt to Dorex2007 [9d 7s]
ErickHartwig: calls $0.02
Dorex2007: folds 
AndyJohn663: folds 
Floki1337: folds 
marc1374: calls $0.02
MeruokBA: calls $0.01
fischkopp7O: checks 
*** FLOP *** [6s Qh 9s]
MeruokBA: checks 
fischkopp7O: checks 
ErickHartwig: checks 
marc1374: checks 
*** TURN *** [6s Qh 9s] [4h]
MeruokBA: bets $0.04
fischkopp7O: folds 
ErickHartwig: calls $0.04
marc1374: calls $0.04
*** RIVER *** [6s Qh 9s 4h] [Ts]
MeruokBA: checks 
ErickHartwig: bets $0.16
marc1374: folds 
MeruokBA: folds 
Uncalled bet ($0.16) returned to ErickHartwig
ErickHartwig collected $0.19 from pot
*** SUMMARY ***
Total pot $0.20 | Rake $0.01 
Board [6s Qh 9s 4h Ts]
Seat 1: ErickHartwig collected ($0.19)
Seat 2: Dorex2007 folded before Flop (didn't bet)
Seat 5: AndyJohn663 folded before Flop (didn't bet)
Seat 6: Floki1337 folded before Flop (didn't bet)
Seat 7: marc1374 (button) folded on the River
Seat 8: MeruokBA (small blind) folded on the River
Seat 9: fischkopp7O (big blind) folded on the Turn



PokerStars Hand #237240584999:  Hold'em No Limit ($0.01/$0.02 USD) - 2022/07/08 13:39:02 PT [2022/07/08 16:39:02 ET]
Table 'Siberia' 9-max Seat #8 is the button
Seat 1: ErickHartwig ($2.15 in chips) 
Seat 2: Dorex2007 ($6.38 in chips) 
Seat 5: AndyJohn663 ($2.14 in chips) 
Seat 6: Floki1337 ($7.98 in chips) 
Seat 7: marc1374 ($1.58 in chips) 
Seat 8: MeruokBA ($3.81 in chips) 
Seat 9: fischkopp7O ($1.22 in chips) 
fischkopp7O: posts small blind $0.01
ErickHartwig: posts big blind $0.02
Il0vebear: sits out 
JoseM1709: sits out 
*** HOLE CARDS ***
Dealt to Dorex2007 [Td Ah]
Dorex2007: folds 
AndyJohn663: folds 
Floki1337: folds 
marc1374: folds 
MeruokBA: folds 
fischkopp7O: calls $0.01
ErickHartwig: checks 
*** FLOP *** [5s 6s Kd]
fischkopp7O: bets $0.04
ErickHartwig: folds 
Uncalled bet ($0.04) returned to fischkopp7O
fischkopp7O collected $0.04 from pot
*** SUMMARY ***
Total pot $0.04 | Rake $0 
Board [5s 6s Kd]
Seat 1: ErickHartwig (big blind) folded on the Flop
Seat 2: Dorex2007 folded before Flop (didn't bet)
Seat 5: AndyJohn663 folded before Flop (didn't bet)
Seat 6: Floki1337 folded before Flop (didn't bet)
Seat 7: marc1374 folded before Flop (didn't bet)
Seat 8: MeruokBA (button) folded before Flop (didn't bet)
Seat 9: fischkopp7O (small blind) collected ($0.04)



PokerStars Hand #237240594989:  Hold'em No Limit ($0.01/$0.02 USD) - 2022/07/08 13:39:28 PT [2022/07/08 16:39:28 ET]
Table 'Siberia' 9-max Seat #9 is the button
Seat 1: ErickHartwig ($2.13 in chips) 
Seat 2: Dorex2007 ($6.38 in chips) 
Seat 5: AndyJohn663 ($2.14 in chips) 
Seat 6: Floki1337 ($7.98 in chips) 
Seat 7: marc1374 ($1.58 in chips) 
Seat 8: MeruokBA ($3.81 in chips) 
Seat 9: fischkopp7O ($1.24 in chips) 
ErickHartwig: posts small blind $0.01
Dorex2007: posts big blind $0.02
Il0vebear: sits out 
JoseM1709: sits out 
*** HOLE CARDS ***
Dealt to Dorex2007 [9h 7s]
AndyJohn663: folds 
Floki1337: folds 
marc1374: folds 
MeruokBA: folds 
fischkopp7O: folds 
ErickHartwig: calls $0.01
Dorex2007: checks 
*** FLOP *** [4d Jd Qc]
ErickHartwig: checks 
Dorex2007: checks 
*** TURN *** [4d Jd Qc] [5d]
ErickHartwig: checks 
Dorex2007: checks 
*** RIVER *** [4d Jd Qc 5d] [As]
ErickHartwig: bets $0.06
Dorex2007: folds 
Uncalled bet ($0.06) returned to ErickHartwig
ErickHartwig collected $0.04 from pot
*** SUMMARY ***
Total pot $0.04 | Rake $0 
Board [4d Jd Qc 5d As]
Seat 1: ErickHartwig (small blind) collected ($0.04)
Seat 2: Dorex2007 (big blind) folded on the River
Seat 5: AndyJohn663 folded before Flop (didn't bet)
Seat 6: Floki1337 folded before Flop (didn't bet)
Seat 7: marc1374 folded before Flop (didn't bet)
Seat 8: MeruokBA folded before Flop (didn't bet)
Seat 9: fischkopp7O (button) folded before Flop (didn't bet)



PokerStars Hand #237240608595:  Hold'em No Limit ($0.01/$0.02 USD) - 2022/07/08 13:40:05 PT [2022/07/08 16:40:05 ET]
Table 'Siberia' 9-max Seat #1 is the button
Seat 1: ErickHartwig ($2.15 in chips) 
Seat 2: Dorex2007 ($6.36 in chips) 
Seat 3: Il0vebear ($2 in chips) 
Seat 5: AndyJohn663 ($2.14 in chips) 
Seat 6: Floki1337 ($7.98 in chips) 
Seat 7: marc1374 ($1.58 in chips) 
Seat 8: MeruokBA ($3.81 in chips) 
Seat 9: fischkopp7O ($1.24 in chips) 
Dorex2007: posts small blind $0.01
Il0vebear: posts big blind $0.02
JoseM1709: sits out 
*** HOLE CARDS ***
Dealt to Dorex2007 [Qs 9d]
AndyJohn663: folds 
Floki1337: folds 
marc1374: calls $0.02
MeruokBA: calls $0.02
fischkopp7O: calls $0.02
ErickHartwig: calls $0.02
Dorex2007: folds 
Il0vebear: checks 
*** FLOP *** [5c 9c Jd]
Il0vebear: checks 
marc1374: checks 
MeruokBA: bets $0.04
fischkopp7O: raises $0.10 to $0.14
ErickHartwig: calls $0.14
Il0vebear: folds 
marc1374: calls $0.14
MeruokBA: calls $0.10
*** TURN *** [5c 9c Jd] [Js]
marc1374: checks 
MeruokBA: checks 
fischkopp7O: checks 
ErickHartwig: bets $0.30
marc1374: folds 
MeruokBA: folds 
fischkopp7O: calls $0.30
*** RIVER *** [5c 9c Jd Js] [5s]
fischkopp7O: checks 
ErickHartwig: bets $1.20
fischkopp7O: folds 
Uncalled bet ($1.20) returned to ErickHartwig
ErickHartwig collected $1.23 from pot
*** SUMMARY ***
Total pot $1.27 | Rake $0.04 
Board [5c 9c Jd Js 5s]
Seat 1: ErickHartwig (button) collected ($1.23)
Seat 2: Dorex2007 (small blind) folded before Flop
Seat 3: Il0vebear (big blind) folded on the Flop
Seat 5: AndyJohn663 folded before Flop (didn't bet)
Seat 6: Floki1337 folded before Flop (didn't bet)
Seat 7: marc1374 folded on the Turn
Seat 8: MeruokBA folded on the Turn
Seat 9: fischkopp7O folded on the River



PokerStars Hand #237240667621:  Hold'em No Limit ($0.01/$0.02 USD) - 2022/07/08 13:42:44 PT [2022/07/08 16:42:44 ET]
Table 'Siberia' 9-max Seat #2 is the button
Seat 1: ErickHartwig ($2.92 in chips) 
Seat 2: Dorex2007 ($6.35 in chips) 
Seat 3: Il0vebear ($2 in chips) 
Seat 4: JoseM1709 ($3.85 in chips) 
Seat 5: AndyJohn663 ($2.14 in chips) 
Seat 6: Floki1337 ($7.98 in chips) 
Seat 7: marc1374 ($1.42 in chips) 
Seat 8: MeruokBA ($3.65 in chips) 
Seat 9: fischkopp7O ($0.78 in chips) 
Il0vebear: posts small blind $0.01
JoseM1709: posts big blind $0.02
*** HOLE CARDS ***
Dealt to Dorex2007 [9s 5c]
AndyJohn663: folds 
Floki1337: folds 
marc1374: raises $0.02 to $0.04
MeruokBA: folds 
fischkopp7O: folds 
ErickHartwig: folds 
Dorex2007: folds 
Il0vebear: folds 
JoseM1709: calls $0.02
*** FLOP *** [Kh 4c 7h]
JoseM1709: checks 
marc1374: bets $0.09
JoseM1709: folds 
Uncalled bet ($0.09) returned to marc1374
marc1374 collected $0.09 from pot
*** SUMMARY ***
Total pot $0.09 | Rake $0 
Board [Kh 4c 7h]
Seat 1: ErickHartwig folded before Flop (didn't bet)
Seat 2: Dorex2007 (button) folded before Flop (didn't bet)
Seat 3: Il0vebear (small blind) folded before Flop
Seat 4: JoseM1709 (big blind) folded on the Flop
Seat 5: AndyJohn663 folded before Flop (didn't bet)
Seat 6: Floki1337 folded before Flop (didn't bet)
Seat 7: marc1374 collected ($0.09)
Seat 8: MeruokBA folded before Flop (didn't bet)
Seat 9: fischkopp7O folded before Flop (didn't bet)



PokerStars Hand #237240681294:  Hold'em No Limit ($0.01/$0.02 USD) - 2022/07/08 13:43:21 PT [2022/07/08 16:43:21 ET]
Table 'Siberia' 9-max Seat #3 is the button
Seat 1: ErickHartwig ($2.92 in chips) 
Seat 2: Dorex2007 ($6.35 in chips) 
Seat 3: Il0vebear ($2 in chips) 
Seat 4: JoseM1709 ($3.81 in chips) 
Seat 5: AndyJohn663 ($2.14 in chips) 
Seat 6: Floki1337 ($7.98 in chips) 
Seat 7: marc1374 ($1.47 in chips) 
Seat 8: MeruokBA ($3.65 in chips) 
Seat 9: fischkopp7O ($0.78 in chips) 
JoseM1709: posts small blind $0.01
AndyJohn663: posts big blind $0.02
*** HOLE CARDS ***
Dealt to Dorex2007 [2d Th]
Floki1337: folds 
marc1374: folds 
MeruokBA: folds 
fischkopp7O: folds 
ErickHartwig: calls $0.02
Dorex2007: folds 
Il0vebear: folds 
JoseM1709: calls $0.01
AndyJohn663: checks 
*** FLOP *** [Kd Qd 5s]
JoseM1709: bets $0.04
AndyJohn663: folds 
ErickHartwig: folds 
Uncalled bet ($0.04) returned to JoseM1709
JoseM1709 collected $0.06 from pot
*** SUMMARY ***
Total pot $0.06 | Rake $0 
Board [Kd Qd 5s]
Seat 1: ErickHartwig folded on the Flop
Seat 2: Dorex2007 folded before Flop (didn't bet)
Seat 3: Il0vebear (button) folded before Flop (didn't bet)
Seat 4: JoseM1709 (small blind) collected ($0.06)
Seat 5: AndyJohn663 (big blind) folded on the Flop
Seat 6: Floki1337 folded before Flop (didn't bet)
Seat 7: marc1374 folded before Flop (didn't bet)
Seat 8: MeruokBA folded before Flop (didn't bet)
Seat 9: fischkopp7O folded before Flop (didn't bet)



PokerStars Hand #237240692429:  Hold'em No Limit ($0.01/$0.02 USD) - 2022/07/08 13:43:52 PT [2022/07/08 16:43:52 ET]
Table 'Siberia' 9-max Seat #4 is the button
Seat 1: ErickHartwig ($2.90 in chips) 
Seat 2: Dorex2007 ($6.35 in chips) 
Seat 3: Il0vebear ($2 in chips) 
Seat 4: JoseM1709 ($3.85 in chips) 
Seat 5: AndyJohn663 ($2.12 in chips) 
Seat 7: marc1374 ($1.47 in chips) 
Seat 8: MeruokBA ($3.65 in chips) 
Seat 9: fischkopp7O ($0.78 in chips) 
AndyJohn663: posts small blind $0.01
Floki1337: is sitting out 
marc1374: posts big blind $0.02
*** HOLE CARDS ***
Dealt to Dorex2007 [3h 3d]
Floki1337 leaves the table
MeruokBA: folds 
fischkopp7O: calls $0.02
ErickHartwig: calls $0.02
Dorex2007: folds 
Il0vebear: folds 
JoseM1709: calls $0.02
AndyJohn663: calls $0.01
marc1374: checks 
*** FLOP *** [Jd 4s Kc]
AndyJohn663: checks 
marc1374: checks 
fischkopp7O: bets $0.10
ErickHartwig: folds 
JoseM1709: calls $0.10
AndyJohn663: folds 
marc1374: folds 
*** TURN *** [Jd 4s Kc] [2s]
fischkopp7O: checks 
JoseM1709: checks 
*** RIVER *** [Jd 4s Kc 2s] [4c]
fischkopp7O: checks 
JoseM1709: checks 
*** SHOW DOWN ***
fischkopp7O: shows [9s Jh] (two pair, Jacks and Fours)
JoseM1709: shows [6d Kh] (two pair, Kings and Fours)
JoseM1709 collected $0.29 from pot
*** SUMMARY ***
Total pot $0.30 | Rake $0.01 
Board [Jd 4s Kc 2s 4c]
Seat 1: ErickHartwig folded on the Flop
Seat 2: Dorex2007 folded before Flop (didn't bet)
Seat 3: Il0vebear folded before Flop (didn't bet)
Seat 4: JoseM1709 (button) showed [6d Kh] and won ($0.29) with two pair, Kings and Fours
Seat 5: AndyJohn663 (small blind) folded on the Flop
Seat 7: marc1374 (big blind) folded on the Flop
Seat 8: MeruokBA folded before Flop (didn't bet)
Seat 9: fischkopp7O showed [9s Jh] and lost with two pair, Jacks and Fours



PokerStars Hand #237240712055:  Hold'em No Limit ($0.01/$0.02 USD) - 2022/07/08 13:44:46 PT [2022/07/08 16:44:46 ET]
Table 'Siberia' 9-max Seat #5 is the button
Seat 1: ErickHartwig ($2.88 in chips) 
Seat 2: Dorex2007 ($6.35 in chips) 
Seat 3: Il0vebear ($2 in chips) 
Seat 4: JoseM1709 ($4.02 in chips) 
Seat 5: AndyJohn663 ($2.10 in chips) 
Seat 7: marc1374 ($1.45 in chips) 
Seat 8: MeruokBA ($3.65 in chips) 
Seat 9: fischkopp7O ($0.66 in chips) 
marc1374: posts small blind $0.01
MeruokBA: posts big blind $0.02
*** HOLE CARDS ***
Dealt to Dorex2007 [7c 4d]
cubicroot joins the table at seat #6 
fischkopp7O: calls $0.02
ErickHartwig: folds 
Dorex2007: folds 
Il0vebear has timed out
Il0vebear: folds 
JoseM1709: raises $0.03 to $0.05
AndyJohn663: folds 
marc1374: folds 
MeruokBA: calls $0.03
fischkopp7O: raises $0.19 to $0.24
JoseM1709: folds 
MeruokBA: folds 
Uncalled bet ($0.19) returned to fischkopp7O
fischkopp7O collected $0.16 from pot
*** SUMMARY ***
Total pot $0.16 | Rake $0 
Seat 1: ErickHartwig folded before Flop (didn't bet)
Seat 2: Dorex2007 folded before Flop (didn't bet)
Seat 3: Il0vebear folded before Flop (didn't bet)
Seat 4: JoseM1709 folded before Flop
Seat 5: AndyJohn663 (button) folded before Flop (didn't bet)
Seat 7: marc1374 (small blind) folded before Flop
Seat 8: MeruokBA (big blind) folded before Flop
Seat 9: fischkopp7O collected ($0.16)



PokerStars Hand #237240730146:  Hold'em No Limit ($0.01/$0.02 USD) - 2022/07/08 13:45:34 PT [2022/07/08 16:45:34 ET]
Table 'Siberia' 9-max Seat #7 is the button
Seat 1: ErickHartwig ($2.88 in chips) 
Seat 2: Dorex2007 ($6.35 in chips) 
Seat 3: Il0vebear ($2 in chips) 
Seat 4: JoseM1709 ($3.97 in chips) 
Seat 5: AndyJohn663 ($2.10 in chips) 
Seat 7: marc1374 ($1.44 in chips) 
Seat 8: MeruokBA ($3.60 in chips) 
Seat 9: fischkopp7O ($0.77 in chips) 
MeruokBA: posts small blind $0.01
fischkopp7O: posts big blind $0.02
cubicroot: sits out 
*** HOLE CARDS ***
Dealt to Dorex2007 [Ad 2d]
ErickHartwig: calls $0.02
Dorex2007: calls $0.02
Il0vebear: folds 
JoseM1709: folds 
AndyJohn663: folds 
marc1374: folds 
MeruokBA: folds 
fischkopp7O: checks 
*** FLOP *** [6c 8h Jh]
fischkopp7O: checks 
ErickHartwig: checks 
Dorex2007: checks 
*** TURN *** [6c 8h Jh] [Ah]
fischkopp7O: checks 
ErickHartwig: checks 
Dorex2007: bets $0.07
fischkopp7O: folds 
ErickHartwig: calls $0.07
*** RIVER *** [6c 8h Jh Ah] [2s]
ErickHartwig: checks 
Dorex2007: checks 
*** SHOW DOWN ***
ErickHartwig: shows [Qd Td] (high card Ace)
Dorex2007: shows [Ad 2d] (two pair, Aces and Deuces)
Dorex2007 collected $0.20 from pot
*** SUMMARY ***
Total pot $0.21 | Rake $0.01 
Board [6c 8h Jh Ah 2s]
Seat 1: ErickHartwig showed [Qd Td] and lost with high card Ace
Seat 2: Dorex2007 showed [Ad 2d] and won ($0.20) with two pair, Aces and Deuces
Seat 3: Il0vebear folded before Flop (didn't bet)
Seat 4: JoseM1709 folded before Flop (didn't bet)
Seat 5: AndyJohn663 folded before Flop (didn't bet)
Seat 7: marc1374 (button) folded before Flop (didn't bet)
Seat 8: MeruokBA (small blind) folded before Flop
Seat 9: fischkopp7O (big blind) folded on the Turn



PokerStars Hand #237240746761:  Hold'em No Limit ($0.01/$0.02 USD) - 2022/07/08 13:46:18 PT [2022/07/08 16:46:18 ET]
Table 'Siberia' 9-max Seat #8 is the button
Seat 1: ErickHartwig ($2.79 in chips) 
Seat 2: Dorex2007 ($6.46 in chips) 
Seat 3: Il0vebear ($2 in chips) 
Seat 4: JoseM1709 ($3.97 in chips) 
Seat 5: AndyJohn663 ($2.10 in chips) 
Seat 7: marc1374 ($1.44 in chips) 
Seat 8: MeruokBA ($3.59 in chips) 
Seat 9: fischkopp7O ($0.75 in chips) 
fischkopp7O: posts small blind $0.01
ErickHartwig: posts big blind $0.02
cubicroot: sits out 
*** HOLE CARDS ***
Dealt to Dorex2007 [7d 3d]
Dorex2007: folds 
Il0vebear: folds 
JoseM1709: folds 
AndyJohn663 has timed out
AndyJohn663: folds 
marc1374: raises $0.02 to $0.04
MeruokBA: folds 
fischkopp7O: calls $0.03
ErickHartwig: calls $0.02
*** FLOP *** [9d Qc 8d]
fischkopp7O: checks 
ErickHartwig: checks 
marc1374: bets $0.06
fischkopp7O: calls $0.06
ErickHartwig: folds 
*** TURN *** [9d Qc 8d] [Js]
fischkopp7O: checks 
marc1374: checks 
*** RIVER *** [9d Qc 8d Js] [Qs]
fischkopp7O: bets $0.12
marc1374: raises $0.18 to $0.30
fischkopp7O: raises $0.35 to $0.65 and is all-in
marc1374: calls $0.35
*** SHOW DOWN ***
fischkopp7O: shows [9c Th] (a straight, Eight to Queen)
marc1374: shows [Qh Jc] (a full house, Queens full of Jacks)
marc1374 collected $1.48 from pot
*** SUMMARY ***
Total pot $1.54 | Rake $0.06 
Board [9d Qc 8d Js Qs]
Seat 1: ErickHartwig (big blind) folded on the Flop
Seat 2: Dorex2007 folded before Flop (didn't bet)
Seat 3: Il0vebear folded before Flop (didn't bet)
Seat 4: JoseM1709 folded before Flop (didn't bet)
Seat 5: AndyJohn663 folded before Flop (didn't bet)
Seat 7: marc1374 showed [Qh Jc] and won ($1.48) with a full house, Queens full of Jacks
Seat 8: MeruokBA (button) folded before Flop (didn't bet)
Seat 9: fischkopp7O (small blind) showed [9c Th] and lost with a straight, Eight to Queen



PokerStars Hand #237240784432:  Hold'em No Limit ($0.01/$0.02 USD) - 2022/07/08 13:47:59 PT [2022/07/08 16:47:59 ET]
Table 'Siberia' 9-max Seat #1 is the button
Seat 1: ErickHartwig ($2.75 in chips) 
Seat 2: Dorex2007 ($6.46 in chips) 
Seat 3: Il0vebear ($2 in chips) 
Seat 4: JoseM1709 ($3.97 in chips) 
Seat 5: AndyJohn663 ($2.10 in chips) 
Seat 7: marc1374 ($2.17 in chips) 
Seat 8: MeruokBA ($3.59 in chips) 
Dorex2007: posts small blind $0.01
Il0vebear: posts big blind $0.02
cubicroot: sits out 
*** HOLE CARDS ***
Dealt to Dorex2007 [2h 7h]
JoseM1709: folds 
AndyJohn663: folds 
marc1374: folds 
MeruokBA: folds 
ErickHartwig: folds 
fischkopp7O leaves the table
Dorex2007: raises $0.02 to $0.04
Il0vebear: calls $0.02
*** FLOP *** [Qc Qs 3h]
Dorex2007: checks 
Il0vebear: checks 
*** TURN *** [Qc Qs 3h] [6s]
dempseyCZ joins the table at seat #9 
Dorex2007: checks 
Il0vebear: checks 
*** RIVER *** [Qc Qs 3h 6s] [Ah]
Dorex2007: checks 
Il0vebear: checks 
*** SHOW DOWN ***
Dorex2007: shows [2h 7h] (a pair of Queens)
Il0vebear: shows [Jd Kc] (a pair of Queens - Ace+King kicker)
Il0vebear collected $0.08 from pot
*** SUMMARY ***
Total pot $0.08 | Rake $0 
Board [Qc Qs 3h 6s Ah]
Seat 1: ErickHartwig (button) folded before Flop (didn't bet)
Seat 2: Dorex2007 (small blind) showed [2h 7h] and lost with a pair of Queens
Seat 3: Il0vebear (big blind) showed [Jd Kc] and won ($0.08) with a pair of Queens
Seat 4: JoseM1709 folded before Flop (didn't bet)
Seat 5: AndyJohn663 folded before Flop (didn't bet)
Seat 7: marc1374 folded before Flop (didn't bet)
Seat 8: MeruokBA folded before Flop (didn't bet)



PokerStars Hand #237240798564:  Hold'em No Limit ($0.01/$0.02 USD) - 2022/07/08 13:48:37 PT [2022/07/08 16:48:37 ET]
Table 'Siberia' 9-max Seat #2 is the button
Seat 1: ErickHartwig ($2.75 in chips) 
Seat 2: Dorex2007 ($6.42 in chips) 
Seat 3: Il0vebear ($2.04 in chips) 
Seat 4: JoseM1709 ($3.97 in chips) 
Seat 5: AndyJohn663 ($2.10 in chips) 
Seat 7: marc1374 ($2.17 in chips) 
Seat 8: MeruokBA ($3.59 in chips) 
Il0vebear: posts small blind $0.01
JoseM1709: posts big blind $0.02
cubicroot: sits out 
dempseyCZ: sits out 
*** HOLE CARDS ***
Dealt to Dorex2007 [Qs 6c]
AndyJohn663: folds 
marc1374: raises $0.02 to $0.04
MeruokBA: raises $0.10 to $0.14
ErickHartwig: calls $0.14
Dorex2007: folds 
Il0vebear: folds 
JoseM1709: calls $0.12
marc1374: calls $0.10
*** FLOP *** [8h Qd As]
JoseM1709: checks 
marc1374: checks 
MeruokBA: bets $0.36
ErickHartwig: folds 
JoseM1709: folds 
marc1374: folds 
Uncalled bet ($0.36) returned to MeruokBA
MeruokBA collected $0.55 from pot
*** SUMMARY ***
Total pot $0.57 | Rake $0.02 
Board [8h Qd As]
Seat 1: ErickHartwig folded on the Flop
Seat 2: Dorex2007 (button) folded before Flop (didn't bet)
Seat 3: Il0vebear (small blind) folded before Flop
Seat 4: JoseM1709 (big blind) folded on the Flop
Seat 5: AndyJohn663 folded before Flop (didn't bet)
Seat 7: marc1374 folded on the Flop
Seat 8: MeruokBA collected ($0.55)



PokerStars Hand #237240812965:  Hold'em No Limit ($0.01/$0.02 USD) - 2022/07/08 13:49:16 PT [2022/07/08 16:49:16 ET]
Table 'Siberia' 9-max Seat #3 is the button
Seat 1: ErickHartwig ($2.61 in chips) 
Seat 2: Dorex2007 ($6.42 in chips) 
Seat 3: Il0vebear ($2.03 in chips) 
Seat 4: JoseM1709 ($3.83 in chips) 
Seat 5: AndyJohn663 ($2.10 in chips) 
Seat 7: marc1374 ($2.03 in chips) 
Seat 8: MeruokBA ($4 in chips) 
Seat 9: dempseyCZ ($2 in chips) 
JoseM1709: posts small blind $0.01
AndyJohn663: posts big blind $0.02
cubicroot: sits out 
dempseyCZ: posts big blind $0.02
*** HOLE CARDS ***
Dealt to Dorex2007 [6d Jh]
marc1374: folds 
MeruokBA: folds 
dempseyCZ: checks 
ErickHartwig: calls $0.02
Dorex2007: folds 
Il0vebear: folds 
JoseM1709: folds 
AndyJohn663: checks 
*** FLOP *** [3c 2c Ts]
AndyJohn663: checks 
dempseyCZ: bets $0.04
ErickHartwig: calls $0.04
AndyJohn663: folds 
*** TURN *** [3c 2c Ts] [Ah]
dempseyCZ: checks 
ErickHartwig: checks 
*** RIVER *** [3c 2c Ts Ah] [8h]
dempseyCZ: checks 
ErickHartwig: checks 
*** SHOW DOWN ***
dempseyCZ: shows [8c 6c] (a pair of Eights)
ErickHartwig: shows [Th 5d] (a pair of Tens)
ErickHartwig collected $0.14 from pot
*** SUMMARY ***
Total pot $0.15 | Rake $0.01 
Board [3c 2c Ts Ah 8h]
Seat 1: ErickHartwig showed [Th 5d] and won ($0.14) with a pair of Tens
Seat 2: Dorex2007 folded before Flop (didn't bet)
Seat 3: Il0vebear (button) folded before Flop (didn't bet)
Seat 4: JoseM1709 (small blind) folded before Flop
Seat 5: AndyJohn663 (big blind) folded on the Flop
Seat 7: marc1374 folded before Flop (didn't bet)
Seat 8: MeruokBA folded before Flop (didn't bet)
Seat 9: dempseyCZ showed [8c 6c] and lost with a pair of Eights



PokerStars Hand #237240837174:  Hold'em No Limit ($0.01/$0.02 USD) - 2022/07/08 13:50:21 PT [2022/07/08 16:50:21 ET]
Table 'Siberia' 9-max Seat #4 is the button
Seat 1: ErickHartwig ($2.69 in chips) 
Seat 2: Dorex2007 ($6.42 in chips) 
Seat 3: Il0vebear ($2.03 in chips) 
Seat 4: JoseM1709 ($3.82 in chips) 
Seat 5: AndyJohn663 ($2.08 in chips) 
Seat 6: cubicroot ($2 in chips) 
Seat 7: marc1374 ($2.03 in chips) 
Seat 8: MeruokBA ($4 in chips) 
Seat 9: dempseyCZ ($1.94 in chips) 
AndyJohn663: posts small blind $0.01
cubicroot: posts big blind $0.02
*** HOLE CARDS ***
Dealt to Dorex2007 [Tc 3d]
marc1374: raises $0.02 to $0.04
MeruokBA: folds 
dempseyCZ: folds 
ErickHartwig: calls $0.04
Dorex2007: folds 
Il0vebear: folds 
JoseM1709: folds 
AndyJohn663: folds 
cubicroot: calls $0.02
*** FLOP *** [Jh 3c 4s]
cubicroot: checks 
marc1374: checks 
ErickHartwig: checks 
*** TURN *** [Jh 3c 4s] [Ks]
cubicroot: checks 
marc1374: checks 
ErickHartwig: checks 
*** RIVER *** [Jh 3c 4s Ks] [4c]
cubicroot: bets $0.06
marc1374: folds 
ErickHartwig: folds 
Uncalled bet ($0.06) returned to cubicroot
cubicroot collected $0.13 from pot
*** SUMMARY ***
Total pot $0.13 | Rake $0 
Board [Jh 3c 4s Ks 4c]
Seat 1: ErickHartwig folded on the River
Seat 2: Dorex2007 folded before Flop (didn't bet)
Seat 3: Il0vebear folded before Flop (didn't bet)
Seat 4: JoseM1709 (button) folded before Flop (didn't bet)
Seat 5: AndyJohn663 (small blind) folded before Flop
Seat 6: cubicroot (big blind) collected ($0.13)
Seat 7: marc1374 folded on the River
Seat 8: MeruokBA folded before Flop (didn't bet)
Seat 9: dempseyCZ folded before Flop (didn't bet)



PokerStars Hand #237240868806:  Hold'em No Limit ($0.01/$0.02 USD) - 2022/07/08 13:51:46 PT [2022/07/08 16:51:46 ET]
Table 'Siberia' 9-max Seat #5 is the button
Seat 1: ErickHartwig ($2.65 in chips) 
Seat 2: Dorex2007 ($6.42 in chips) 
Seat 3: Il0vebear ($2.03 in chips) 
Seat 4: JoseM1709 ($3.82 in chips) 
Seat 5: AndyJohn663 ($2.07 in chips) 
Seat 6: cubicroot ($2.09 in chips) 
Seat 7: marc1374 ($1.99 in chips) 
Seat 8: MeruokBA ($4 in chips) 
Seat 9: dempseyCZ ($1.94 in chips) 
cubicroot: posts small blind $0.01
marc1374: posts big blind $0.02
*** HOLE CARDS ***
Dealt to Dorex2007 [4h Js]
MeruokBA: folds 
dempseyCZ: raises $0.06 to $0.08
ErickHartwig: calls $0.08
Dorex2007: folds 
Il0vebear: folds 
JoseM1709: raises $0.12 to $0.20
AndyJohn663: folds 
cubicroot: folds 
marc1374: folds 
dempseyCZ: raises $0.51 to $0.71
ErickHartwig: calls $0.63
JoseM1709: raises $3.11 to $3.82 and is all-in
dempseyCZ: calls $1.23 and is all-in
ErickHartwig: calls $1.94 and is all-in
Uncalled bet ($1.17) returned to JoseM1709
*** FLOP *** [Kd 8s 5s]
*** TURN *** [Kd 8s 5s] [3s]
*** RIVER *** [Kd 8s 5s 3s] [9h]
*** SHOW DOWN ***
ErickHartwig: shows [Jh Tc] (high card King)
JoseM1709: shows [Ac Kc] (a pair of Kings)
JoseM1709 collected $1.37 from side pot
dempseyCZ: shows [Qd Qc] (a pair of Queens)
JoseM1709 collected $5.65 from main pot
*** SUMMARY ***
Total pot $7.27 Main pot $5.65. Side pot $1.37. | Rake $0.25 
Board [Kd 8s 5s 3s 9h]
Seat 1: ErickHartwig showed [Jh Tc] and lost with high card King
Seat 2: Dorex2007 folded before Flop (didn't bet)
Seat 3: Il0vebear folded before Flop (didn't bet)
Seat 4: JoseM1709 showed [Ac Kc] and won ($7.02) with a pair of Kings
Seat 5: AndyJohn663 (button) folded before Flop (didn't bet)
Seat 6: cubicroot (small blind) folded before Flop
Seat 7: marc1374 (big blind) folded before Flop
Seat 8: MeruokBA folded before Flop (didn't bet)
Seat 9: dempseyCZ showed [Qd Qc] and lost with a pair of Queens



PokerStars Hand #237240891276:  Hold'em No Limit ($0.01/$0.02 USD) - 2022/07/08 13:52:47 PT [2022/07/08 16:52:47 ET]
Table 'Siberia' 9-max Seat #6 is the button
Seat 2: Dorex2007 ($6.42 in chips) 
Seat 3: Il0vebear ($2.03 in chips) 
Seat 4: JoseM1709 ($8.19 in chips) 
Seat 5: AndyJohn663 ($2.07 in chips) 
Seat 6: cubicroot ($2.08 in chips) 
Seat 7: marc1374 ($1.97 in chips) 
Seat 8: MeruokBA ($4 in chips) 
marc1374: posts small blind $0.01
MeruokBA: posts big blind $0.02
*** HOLE CARDS ***
Dealt to Dorex2007 [7h 9h]
Dorex2007: folds 
Il0vebear: folds 
JoseM1709: calls $0.02
AndyJohn663: folds 
cubicroot: calls $0.02
marc1374: calls $0.01
MeruokBA: checks 
*** FLOP *** [8s 7d 9s]
marc1374: checks 
MeruokBA: checks 
JoseM1709: checks 
cubicroot: checks 
*** TURN *** [8s 7d 9s] [Ts]
marc1374: checks 
MeruokBA: bets $0.08
JoseM1709: calls $0.08
cubicroot: folds 
marc1374: folds 
*** RIVER *** [8s 7d 9s Ts] [3d]
MeruokBA: bets $0.15
JoseM1709: calls $0.15
*** SHOW DOWN ***
MeruokBA: shows [Jd 6h] (a straight, Seven to Jack)
JoseM1709: shows [Jh Qc] (a straight, Eight to Queen)
JoseM1709 collected $0.52 from pot
*** SUMMARY ***
Total pot $0.54 | Rake $0.02 
Board [8s 7d 9s Ts 3d]
Seat 2: Dorex2007 folded before Flop (didn't bet)
Seat 3: Il0vebear folded before Flop (didn't bet)
Seat 4: JoseM1709 showed [Jh Qc] and won ($0.52) with a straight, Eight to Queen
Seat 5: AndyJohn663 folded before Flop (didn't bet)
Seat 6: cubicroot (button) folded on the Turn
Seat 7: marc1374 (small blind) folded on the Turn
Seat 8: MeruokBA (big blind) showed [Jd 6h] and lost with a straight, Seven to Jack



PokerStars Hand #237240917542:  Hold'em No Limit ($0.01/$0.02 USD) - 2022/07/08 13:53:58 PT [2022/07/08 16:53:58 ET]
Table 'Siberia' 9-max Seat #7 is the button
Seat 1: ErickHartwig ($2 in chips) 
Seat 2: Dorex2007 ($6.42 in chips) 
Seat 3: Il0vebear ($2.03 in chips) 
Seat 4: JoseM1709 ($8.46 in chips) 
Seat 5: AndyJohn663 ($2.07 in chips) 
Seat 6: cubicroot ($2.06 in chips) 
Seat 7: marc1374 ($1.95 in chips) 
Seat 8: MeruokBA ($3.75 in chips) 
Seat 9: dempseyCZ ($2 in chips) 
MeruokBA: posts small blind $0.01
dempseyCZ: posts big blind $0.02
*** HOLE CARDS ***
Dealt to Dorex2007 [Th 9c]
ErickHartwig: calls $0.02
Dorex2007: folds 
Il0vebear: folds 
JoseM1709: folds 
AndyJohn663: calls $0.02
cubicroot: folds 
marc1374: folds 
MeruokBA: raises $0.10 to $0.12
dempseyCZ: folds 
ErickHartwig: calls $0.10
AndyJohn663: folds 
*** FLOP *** [4c Qc 4s]
MeruokBA: bets $0.07
ErickHartwig: folds 
Uncalled bet ($0.07) returned to MeruokBA
MeruokBA collected $0.27 from pot
*** SUMMARY ***
Total pot $0.28 | Rake $0.01 
Board [4c Qc 4s]
Seat 1: ErickHartwig folded on the Flop
Seat 2: Dorex2007 folded before Flop (didn't bet)
Seat 3: Il0vebear folded before Flop (didn't bet)
Seat 4: JoseM1709 folded before Flop (didn't bet)
Seat 5: AndyJohn663 folded before Flop
Seat 6: cubicroot folded before Flop (didn't bet)
Seat 7: marc1374 (button) folded before Flop (didn't bet)
Seat 8: MeruokBA (small blind) collected ($0.27)
Seat 9: dempseyCZ (big blind) folded before Flop



PokerStars Hand #237240935275:  Hold'em No Limit ($0.01/$0.02 USD) - 2022/07/08 13:54:46 PT [2022/07/08 16:54:46 ET]
Table 'Siberia' 9-max Seat #8 is the button
Seat 1: ErickHartwig ($1.88 in chips) 
Seat 2: Dorex2007 ($6.42 in chips) 
Seat 3: Il0vebear ($2.03 in chips) 
Seat 4: JoseM1709 ($8.46 in chips) 
Seat 5: AndyJohn663 ($2.05 in chips) 
Seat 6: cubicroot ($2.06 in chips) 
Seat 7: marc1374 ($1.95 in chips) 
Seat 8: MeruokBA ($3.90 in chips) 
Seat 9: dempseyCZ ($1.98 in chips) 
dempseyCZ: posts small blind $0.01
ErickHartwig: posts big blind $0.02
*** HOLE CARDS ***
Dealt to Dorex2007 [5c As]
Dorex2007: folds 
Il0vebear: folds 
JoseM1709: raises $0.03 to $0.05
AndyJohn663: folds 
cubicroot: calls $0.05
marc1374: folds 
marc1374 leaves the table
MeruokBA: calls $0.05
dempseyCZ: folds 
ErickHartwig: calls $0.03
*** FLOP *** [2c 2h 9s]
ErickHartwig: checks 
JoseM1709: checks 
cubicroot: checks 
Eishockey47 joins the table at seat #7 
MeruokBA: checks 
*** TURN *** [2c 2h 9s] [3d]
ErickHartwig: checks 
JoseM1709: checks 
cubicroot: checks 
MeruokBA: bets $0.13
ErickHartwig: folds 
JoseM1709: folds 
cubicroot: calls $0.13
*** RIVER *** [2c 2h 9s 3d] [5h]
cubicroot: checks 
MeruokBA: bets $0.34
cubicroot: calls $0.34
*** SHOW DOWN ***
MeruokBA: shows [4c Ac] (a straight, Ace to Five)
cubicroot: mucks hand 
MeruokBA collected $1.11 from pot
*** SUMMARY ***
Total pot $1.15 | Rake $0.04 
Board [2c 2h 9s 3d 5h]
Seat 1: ErickHartwig (big blind) folded on the Turn
Seat 2: Dorex2007 folded before Flop (didn't bet)
Seat 3: Il0vebear folded before Flop (didn't bet)
Seat 4: JoseM1709 folded on the Turn
Seat 5: AndyJohn663 folded before Flop (didn't bet)
Seat 6: cubicroot mucked [5d 4d]
Seat 7: marc1374 folded before Flop (didn't bet)
Seat 8: MeruokBA (button) showed [4c Ac] and won ($1.11) with a straight, Ace to Five
Seat 9: dempseyCZ (small blind) folded before Flop



PokerStars Hand #237240965285:  Hold'em No Limit ($0.01/$0.02 USD) - 2022/07/08 13:56:23 PT [2022/07/08 16:56:23 ET]
Table 'Siberia' 9-max Seat #9 is the button
Seat 1: ErickHartwig ($1.83 in chips) 
Seat 2: Dorex2007 ($6.42 in chips) 
Seat 3: Il0vebear ($2.03 in chips) 
Seat 4: JoseM1709 ($8.41 in chips) 
Seat 5: AndyJohn663 ($2.05 in chips) 
Seat 6: cubicroot ($1.54 in chips) 
Seat 7: Eishockey47 ($0.80 in chips) 
Seat 8: MeruokBA ($4.49 in chips) 
Seat 9: dempseyCZ ($1.97 in chips) 
ErickHartwig: posts small blind $0.01
Dorex2007: posts big blind $0.02
Eishockey47: posts big blind $0.02
*** HOLE CARDS ***
Dealt to Dorex2007 [8h 2d]
Il0vebear: folds 
JoseM1709: folds 
AndyJohn663: folds 
Il0vebear leaves the table
cubicroot: calls $0.02
Eishockey47: checks 
MeruokBA: folds 
dempseyCZ: folds 
ErickHartwig: folds 
Dorex2007: checks 
*** FLOP *** [Ad Jd 9s]
Dorex2007: checks 
cubicroot: checks 
Eishockey47: checks 
*** TURN *** [Ad Jd 9s] [3c]
Dorex2007: checks 
cubicroot: checks 
Eishockey47: checks 
*** RIVER *** [Ad Jd 9s 3c] [Td]
Dorex2007: bets $0.02
cubicroot: folds 
Eishockey47: calls $0.02
*** SHOW DOWN ***
Dorex2007: shows [8h 2d] (high card Ace)
Eishockey47: shows [Kd Ts] (a pair of Tens)
Eishockey47 collected $0.11 from pot
*** SUMMARY ***
Total pot $0.11 | Rake $0 
Board [Ad Jd 9s 3c Td]
Seat 1: ErickHartwig (small blind) folded before Flop
Seat 2: Dorex2007 (big blind) showed [8h 2d] and lost with high card Ace
Seat 3: Il0vebear folded before Flop (didn't bet)
Seat 4: JoseM1709 folded before Flop (didn't bet)
Seat 5: AndyJohn663 folded before Flop (didn't bet)
Seat 6: cubicroot folded on the River
Seat 7: Eishockey47 showed [Kd Ts] and won ($0.11) with a pair of Tens
Seat 8: MeruokBA folded before Flop (didn't bet)
Seat 9: dempseyCZ (button) folded before Flop (didn't bet)



PokerStars Hand #237240983140:  Hold'em No Limit ($0.01/$0.02 USD) - 2022/07/08 13:57:26 PT [2022/07/08 16:57:26 ET]
Table 'Siberia' 9-max Seat #1 is the button
Seat 1: ErickHartwig ($1.82 in chips) 
Seat 2: Dorex2007 ($6.38 in chips) 
Seat 4: JoseM1709 ($8.41 in chips) 
Seat 5: AndyJohn663 ($2.05 in chips) 
Seat 6: cubicroot ($1.52 in chips) 
Seat 7: Eishockey47 ($0.87 in chips) 
Seat 8: MeruokBA ($4.49 in chips) 
Seat 9: dempseyCZ ($1.97 in chips) 
Dorex2007: posts small blind $0.01
JoseM1709: posts big blind $0.02
*** HOLE CARDS ***
Dealt to Dorex2007 [6s 8c]
Greg Pak joins the table at seat #3 
AndyJohn663: folds 
cubicroot: folds 
Eishockey47: folds 
MeruokBA: folds 
dempseyCZ: raises $0.06 to $0.08
ErickHartwig: calls $0.08
Dorex2007: folds 
JoseM1709: folds 
*** FLOP *** [Kh 2s 7s]
dempseyCZ: bets $0.10
ErickHartwig: calls $0.10
*** TURN *** [Kh 2s 7s] [5d]
dempseyCZ: bets $0.28
ErickHartwig: calls $0.28
*** RIVER *** [Kh 2s 7s 5d] [3h]
dempseyCZ: bets $0.62
ErickHartwig: calls $0.62
*** SHOW DOWN ***
dempseyCZ: shows [As Ah] (a pair of Aces)
ErickHartwig: shows [3s Ks] (two pair, Kings and Threes)
ErickHartwig collected $2.11 from pot
*** SUMMARY ***
Total pot $2.19 | Rake $0.08 
Board [Kh 2s 7s 5d 3h]
Seat 1: ErickHartwig (button) showed [3s Ks] and won ($2.11) with two pair, Kings and Threes
Seat 2: Dorex2007 (small blind) folded before Flop
Seat 4: JoseM1709 (big blind) folded before Flop
Seat 5: AndyJohn663 folded before Flop (didn't bet)
Seat 6: cubicroot folded before Flop (didn't bet)
Seat 7: Eishockey47 folded before Flop (didn't bet)
Seat 8: MeruokBA folded before Flop (didn't bet)
Seat 9: dempseyCZ showed [As Ah] and lost with a pair of Aces



PokerStars Hand #237240996794:  Hold'em No Limit ($0.01/$0.02 USD) - 2022/07/08 13:58:14 PT [2022/07/08 16:58:14 ET]
Table 'Siberia' 9-max Seat #2 is the button
Seat 1: ErickHartwig ($2.85 in chips) 
Seat 2: Dorex2007 ($6.37 in chips) 
Seat 4: JoseM1709 ($8.39 in chips) 
Seat 5: AndyJohn663 ($2.05 in chips) 
Seat 6: cubicroot ($1.52 in chips) 
Seat 7: Eishockey47 ($0.87 in chips) 
Seat 8: MeruokBA ($4.49 in chips) 
Seat 9: dempseyCZ ($0.89 in chips) 
JoseM1709: posts small blind $0.01
AndyJohn663: posts big blind $0.02
*** HOLE CARDS ***
Dealt to Dorex2007 [6c Ad]
cubicroot: calls $0.02
Eishockey47: folds 
MeruokBA: raises $0.06 to $0.08
dempseyCZ: folds 
ErickHartwig: calls $0.08
Dorex2007: folds 
JoseM1709: raises $0.12 to $0.20
AndyJohn663: folds 
cubicroot: folds 
MeruokBA: raises $0.70 to $0.90
ErickHartwig: folds 
JoseM1709: calls $0.70
*** FLOP *** [9d Th Jd]
JoseM1709: checks 
MeruokBA: bets $0.70
JoseM1709: calls $0.70
*** TURN *** [9d Th Jd] [8d]
JoseM1709: checks 
MeruokBA: bets $1.30
JoseM1709: calls $1.30
*** RIVER *** [9d Th Jd 8d] [Ts]
JoseM1709: checks 
MeruokBA: checks 
*** SHOW DOWN ***
JoseM1709: shows [Kc Kh] (two pair, Kings and Tens)
MeruokBA: shows [Qc Qd] (a straight, Eight to Queen)
MeruokBA collected $5.71 from pot
*** SUMMARY ***
Total pot $5.92 | Rake $0.21 
Board [9d Th Jd 8d Ts]
Seat 1: ErickHartwig folded before Flop
Seat 2: Dorex2007 (button) folded before Flop (didn't bet)
Seat 4: JoseM1709 (small blind) showed [Kc Kh] and lost with two pair, Kings and Tens
Seat 5: AndyJohn663 (big blind) folded before Flop
Seat 6: cubicroot folded before Flop
Seat 7: Eishockey47 folded before Flop (didn't bet)
Seat 8: MeruokBA showed [Qc Qd] and won ($5.71) with a straight, Eight to Queen
Seat 9: dempseyCZ folded before Flop (didn't bet)



PokerStars Hand #237241018003:  Hold'em No Limit ($0.01/$0.02 USD) - 2022/07/08 13:59:29 PT [2022/07/08 16:59:29 ET]
Table 'Siberia' 9-max Seat #4 is the button
Seat 1: ErickHartwig ($2.77 in chips) 
Seat 2: Dorex2007 ($6.37 in chips) 
Seat 4: JoseM1709 ($5.49 in chips) 
Seat 5: AndyJohn663 ($2.03 in chips) 
Seat 6: cubicroot ($1.50 in chips) 
Seat 7: Eishockey47 ($0.87 in chips) 
Seat 8: MeruokBA ($7.30 in chips) 
Seat 9: dempseyCZ ($0.89 in chips) 
AndyJohn663: posts small blind $0.01
cubicroot: posts big blind $0.02
Greg Pak: sits out 
*** HOLE CARDS ***
Dealt to Dorex2007 [2h Kd]
Eishockey47: folds 
MeruokBA: folds 
dempseyCZ: raises $0.04 to $0.06
ErickHartwig: calls $0.06
Dorex2007: folds 
JoseM1709: folds 
AndyJohn663: calls $0.05
cubicroot: folds 
*** FLOP *** [6c 2d 4c]
AndyJohn663: checks 
dempseyCZ: bets $0.10
ErickHartwig: folds 
AndyJohn663: folds 
Uncalled bet ($0.10) returned to dempseyCZ
dempseyCZ collected $0.19 from pot
*** SUMMARY ***
Total pot $0.20 | Rake $0.01 
Board [6c 2d 4c]
Seat 1: ErickHartwig folded on the Flop
Seat 2: Dorex2007 folded before Flop (didn't bet)
Seat 4: JoseM1709 (button) folded before Flop (didn't bet)
Seat 5: AndyJohn663 (small blind) folded on the Flop
Seat 6: cubicroot (big blind) folded before Flop
Seat 7: Eishockey47 folded before Flop (didn't bet)
Seat 8: MeruokBA folded before Flop (didn't bet)
Seat 9: dempseyCZ collected ($0.19)



PokerStars Hand #237241037497:  Hold'em No Limit ($0.01/$0.02 USD) - 2022/07/08 14:00:36 PT [2022/07/08 17:00:36 ET]
Table 'Siberia' 9-max Seat #5 is the button
Seat 1: ErickHartwig ($2.71 in chips) 
Seat 2: Dorex2007 ($6.37 in chips) 
Seat 4: JoseM1709 ($5.49 in chips) 
Seat 5: AndyJohn663 ($1.97 in chips) 
Seat 6: cubicroot ($1.48 in chips) 
Seat 7: Eishockey47 ($0.87 in chips) 
Seat 8: MeruokBA ($7.30 in chips) 
Seat 9: dempseyCZ ($1.02 in chips) 
cubicroot: posts small blind $0.01
Eishockey47: posts big blind $0.02
Greg Pak: sits out 
*** HOLE CARDS ***
Dealt to Dorex2007 [3s 8d]
MeruokBA: folds 
dempseyCZ: folds 
ErickHartwig: calls $0.02
Dorex2007: folds 
JoseM1709: folds 
AndyJohn663: folds 
cubicroot: calls $0.01
Eishockey47: checks 
*** FLOP *** [Ac 8h 3d]
cubicroot: checks 
Eishockey47: checks 
ErickHartwig: checks 
*** TURN *** [Ac 8h 3d] [Ah]
cubicroot: checks 
Eishockey47: checks 
ErickHartwig: bets $0.02
cubicroot: calls $0.02
Eishockey47: folds 
*** RIVER *** [Ac 8h 3d Ah] [9c]
cubicroot: checks 
ErickHartwig: bets $0.02
cubicroot: folds 
Uncalled bet ($0.02) returned to ErickHartwig
ErickHartwig collected $0.10 from pot
*** SUMMARY ***
Total pot $0.10 | Rake $0 
Board [Ac 8h 3d Ah 9c]
Seat 1: ErickHartwig collected ($0.10)
Seat 2: Dorex2007 folded before Flop (didn't bet)
Seat 4: JoseM1709 folded before Flop (didn't bet)
Seat 5: AndyJohn663 (button) folded before Flop (didn't bet)
Seat 6: cubicroot (small blind) folded on the River
Seat 7: Eishockey47 (big blind) folded on the Turn
Seat 8: MeruokBA folded before Flop (didn't bet)
Seat 9: dempseyCZ folded before Flop (didn't bet)



PokerStars Hand #237241051071:  Hold'em No Limit ($0.01/$0.02 USD) - 2022/07/08 14:01:10 PT [2022/07/08 17:01:10 ET]
Table 'Siberia' 9-max Seat #6 is the button
Seat 1: ErickHartwig ($2.77 in chips) 
Seat 2: Dorex2007 ($6.37 in chips) 
Seat 4: JoseM1709 ($5.49 in chips) 
Seat 5: AndyJohn663 ($1.97 in chips) 
Seat 6: cubicroot ($1.44 in chips) 
Seat 7: Eishockey47 ($0.85 in chips) 
Seat 8: MeruokBA ($7.30 in chips) 
Seat 9: dempseyCZ ($1.02 in chips) 
Eishockey47: posts small blind $0.01
MeruokBA: posts big blind $0.02
Greg Pak: sits out 
*** HOLE CARDS ***
Dealt to Dorex2007 [6c 9d]
dempseyCZ: raises $0.04 to $0.06
ErickHartwig: calls $0.06
Dorex2007: folds 
JoseM1709: folds 
AndyJohn663: folds 
cubicroot: folds 
Eishockey47: folds 
MeruokBA: calls $0.04
*** FLOP *** [Js 7s 6h]
MeruokBA: checks 
dempseyCZ: bets $0.10
ErickHartwig: folds 
MeruokBA: raises $0.18 to $0.28
dempseyCZ: calls $0.18
*** TURN *** [Js 7s 6h] [As]
MeruokBA: bets $0.28
dempseyCZ: calls $0.28
*** RIVER *** [Js 7s 6h As] [9h]
MeruokBA: bets $0.40
dempseyCZ: calls $0.40 and is all-in
*** SHOW DOWN ***
MeruokBA: shows [8s Ts] (a flush, Ace high)
dempseyCZ: shows [Jd Kh] (a pair of Jacks)
MeruokBA collected $2.04 from pot
*** SUMMARY ***
Total pot $2.11 | Rake $0.07 
Board [Js 7s 6h As 9h]
Seat 1: ErickHartwig folded on the Flop
Seat 2: Dorex2007 folded before Flop (didn't bet)
Seat 4: JoseM1709 folded before Flop (didn't bet)
Seat 5: AndyJohn663 folded before Flop (didn't bet)
Seat 6: cubicroot (button) folded before Flop (didn't bet)
Seat 7: Eishockey47 (small blind) folded before Flop
Seat 8: MeruokBA (big blind) showed [8s Ts] and won ($2.04) with a flush, Ace high
Seat 9: dempseyCZ showed [Jd Kh] and lost with a pair of Jacks



PokerStars Hand #237241070731:  Hold'em No Limit ($0.01/$0.02 USD) - 2022/07/08 14:02:07 PT [2022/07/08 17:02:07 ET]
Table 'Siberia' 9-max Seat #7 is the button
Seat 1: ErickHartwig ($2.71 in chips) 
Seat 2: Dorex2007 ($6.37 in chips) 
Seat 4: JoseM1709 ($5.49 in chips) 
Seat 5: AndyJohn663 ($1.97 in chips) 
Seat 6: cubicroot ($1.44 in chips) 
Seat 7: Eishockey47 ($0.84 in chips) 
Seat 8: MeruokBA ($8.32 in chips) 
MeruokBA: posts small blind $0.01
ErickHartwig: posts big blind $0.02
Greg Pak: sits out 
*** HOLE CARDS ***
Dealt to Dorex2007 [6c 5c]
Dorex2007: folds 
JoseM1709: folds 
AndyJohn663: folds 
cubicroot: folds 
Eishockey47: folds 
MeruokBA: folds 
Uncalled bet ($0.01) returned to ErickHartwig
ErickHartwig collected $0.02 from pot
*** SUMMARY ***
Total pot $0.02 | Rake $0 
Seat 1: ErickHartwig (big blind) collected ($0.02)
Seat 2: Dorex2007 folded before Flop (didn't bet)
Seat 4: JoseM1709 folded before Flop (didn't bet)
Seat 5: AndyJohn663 folded before Flop (didn't bet)
Seat 6: cubicroot folded before Flop (didn't bet)
Seat 7: Eishockey47 (button) folded before Flop (didn't bet)
Seat 8: MeruokBA (small blind) folded before Flop



PokerStars Hand #237241074082:  Hold'em No Limit ($0.01/$0.02 USD) - 2022/07/08 14:02:16 PT [2022/07/08 17:02:16 ET]
Table 'Siberia' 9-max Seat #8 is the button
Seat 1: ErickHartwig ($2.72 in chips) 
Seat 2: Dorex2007 ($6.37 in chips) 
Seat 4: JoseM1709 ($5.49 in chips) 
Seat 5: AndyJohn663 ($1.97 in chips) 
Seat 6: cubicroot ($1.44 in chips) 
Seat 7: Eishockey47 ($0.84 in chips) 
Seat 8: MeruokBA ($8.31 in chips) 
ErickHartwig: posts small blind $0.01
Dorex2007: posts big blind $0.02
Greg Pak: sits out 
*** HOLE CARDS ***
Dealt to Dorex2007 [Th Qs]
JoseM1709: folds 
AndyJohn663: folds 
cubicroot: calls $0.02
Eishockey47: folds 
MeruokBA: folds 
ErickHartwig: calls $0.01
Dorex2007: checks 
*** FLOP *** [Kh 3h Ts]
ErickHartwig: checks 
Dorex2007: bets $0.06
cubicroot: folds 
ErickHartwig: calls $0.06
*** TURN *** [Kh 3h Ts] [4s]
ErickHartwig: checks 
Dorex2007: checks 
*** RIVER *** [Kh 3h Ts 4s] [Js]
ErickHartwig: checks 
Dorex2007: checks 
*** SHOW DOWN ***
ErickHartwig: shows [6h 8h] (high card King)
Dorex2007: shows [Th Qs] (a pair of Tens)
Dorex2007 collected $0.17 from pot
*** SUMMARY ***
Total pot $0.18 | Rake $0.01 
Board [Kh 3h Ts 4s Js]
Seat 1: ErickHartwig (small blind) showed [6h 8h] and lost with high card King
Seat 2: Dorex2007 (big blind) showed [Th Qs] and won ($0.17) with a pair of Tens
Seat 4: JoseM1709 folded before Flop (didn't bet)
Seat 5: AndyJohn663 folded before Flop (didn't bet)
Seat 6: cubicroot folded on the Flop
Seat 7: Eishockey47 folded before Flop (didn't bet)
Seat 8: MeruokBA (button) folded before Flop (didn't bet)



