PokerStars Hand #233931553326:  Hold'em No Limit ($0.01/$0.02 USD) - 2022/02/09 15:44:10 PT [2022/02/09 18:44:10 ET]
Table 'Epimetheus III' 9-max Seat #1 is the button
Seat 1: lukaszn69 ($2.86 in chips) 
Seat 3: Zelenski37 ($2.83 in chips) 
Seat 4: bcknkd966 ($0.40 in chips) 
Seat 5: PedaleurdeCharm ($5.56 in chips) 
Seat 6: loyola2211 ($2.11 in chips) 
Seat 7: Dorex2007 ($2 in chips) 
Zelenski37: posts small blind $0.01
bcknkd966: posts big blind $0.02
Dorex2007: posts big blind $0.02
*** HOLE CARDS ***
Dealt to Dorex2007 [Ts 5c]
PedaleurdeCharm: folds 
loyola2211: folds 
Dorex2007: checks 
lukaszn69: folds 
Zelenski37: calls $0.01
bcknkd966: checks 
*** FLOP *** [7s 6h Ah]
Zelenski37: checks 
bcknkd966: checks 
Dorex2007: checks 
*** TURN *** [7s 6h Ah] [4h]
Zelenski37: bets $0.04
bcknkd966: calls $0.04
Dorex2007: folds 
*** RIVER *** [7s 6h Ah 4h] [7c]
Zelenski37: bets $0.10
bcknkd966: calls $0.10
*** SHOW DOWN ***
Zelenski37: shows [4d Kh] (two pair, Sevens and Fours)
bcknkd966: shows [7d Kc] (three of a kind, Sevens)
bcknkd966 collected $0.33 from pot
*** SUMMARY ***
Total pot $0.34 | Rake $0.01 
Board [7s 6h Ah 4h 7c]
Seat 1: lukaszn69 (button) folded before Flop (didn't bet)
Seat 3: Zelenski37 (small blind) showed [4d Kh] and lost with two pair, Sevens and Fours
Seat 4: bcknkd966 (big blind) showed [7d Kc] and won ($0.33) with three of a kind, Sevens
Seat 5: PedaleurdeCharm folded before Flop (didn't bet)
Seat 6: loyola2211 folded before Flop (didn't bet)
Seat 7: Dorex2007 folded on the Turn (didn't bet)



PokerStars Hand #233931574839:  Hold'em No Limit ($0.01/$0.02 USD) - 2022/02/09 15:45:05 PT [2022/02/09 18:45:05 ET]
Table 'Epimetheus III' 9-max Seat #3 is the button
Seat 1: lukaszn69 ($2.86 in chips) 
Seat 3: Zelenski37 ($2.67 in chips) 
Seat 4: bcknkd966 ($0.57 in chips) 
Seat 5: PedaleurdeCharm ($5.56 in chips) 
Seat 6: loyola2211 ($2.11 in chips) 
Seat 7: Dorex2007 ($2 in chips) 
bcknkd966: posts small blind $0.01
PedaleurdeCharm: posts big blind $0.02
Metaponti: sits out 
Sunpower333: sits out 
*** HOLE CARDS ***
Dealt to Dorex2007 [Jh 4c]
loyola2211: folds 
Dorex2007: folds 
lukaszn69: raises $0.04 to $0.06
Zelenski37: calls $0.06
bcknkd966: folds 
PedaleurdeCharm: folds 
*** FLOP *** [Kh Qh 3c]
lukaszn69: checks 
Zelenski37: checks 
*** TURN *** [Kh Qh 3c] [8s]
lukaszn69: checks 
Zelenski37: bets $0.08
lukaszn69: folds 
Uncalled bet ($0.08) returned to Zelenski37
Zelenski37 collected $0.14 from pot
Zelenski37: doesn't show hand 
*** SUMMARY ***
Total pot $0.15 | Rake $0.01 
Board [Kh Qh 3c 8s]
Seat 1: lukaszn69 folded on the Turn
Seat 3: Zelenski37 (button) collected ($0.14)
Seat 4: bcknkd966 (small blind) folded before Flop
Seat 5: PedaleurdeCharm (big blind) folded before Flop
Seat 6: loyola2211 folded before Flop (didn't bet)
Seat 7: Dorex2007 folded before Flop (didn't bet)



PokerStars Hand #233931600218:  Hold'em No Limit ($0.01/$0.02 USD) - 2022/02/09 15:46:11 PT [2022/02/09 18:46:11 ET]
Table 'Epimetheus III' 9-max Seat #4 is the button
Seat 1: lukaszn69 ($2.80 in chips) 
Seat 3: Zelenski37 ($2.75 in chips) 
Seat 4: bcknkd966 ($0.56 in chips) 
Seat 5: PedaleurdeCharm ($5.54 in chips) 
Seat 7: Dorex2007 ($2 in chips) 
PedaleurdeCharm: posts small blind $0.01
loyola2211: is sitting out 
Dorex2007: posts big blind $0.02
Metaponti: sits out 
Sunpower333: sits out 
*** HOLE CARDS ***
Dealt to Dorex2007 [Qd Ts]
lukaszn69: raises $0.04 to $0.06
Zelenski37: calls $0.06
bcknkd966: folds 
PedaleurdeCharm: folds 
Dorex2007: folds 
*** FLOP *** [Js 9d Qs]
lukaszn69: bets $0.07
Zelenski37: folds 
Uncalled bet ($0.07) returned to lukaszn69
lukaszn69 collected $0.14 from pot
lukaszn69: doesn't show hand 
*** SUMMARY ***
Total pot $0.15 | Rake $0.01 
Board [Js 9d Qs]
Seat 1: lukaszn69 collected ($0.14)
Seat 3: Zelenski37 folded on the Flop
Seat 4: bcknkd966 (button) folded before Flop (didn't bet)
Seat 5: PedaleurdeCharm (small blind) folded before Flop
Seat 7: Dorex2007 (big blind) folded before Flop



PokerStars Hand #233931610724:  Hold'em No Limit ($0.01/$0.02 USD) - 2022/02/09 15:46:39 PT [2022/02/09 18:46:39 ET]
Table 'Epimetheus III' 9-max Seat #5 is the button
Seat 1: lukaszn69 ($2.88 in chips) 
Seat 3: Zelenski37 ($2.69 in chips) 
Seat 4: bcknkd966 ($0.56 in chips) 
Seat 5: PedaleurdeCharm ($5.53 in chips) 
Seat 7: Dorex2007 ($2 in chips) 
Seat 8: Metaponti ($4.45 in chips) 
Dorex2007: posts small blind $0.01
Metaponti: posts big blind $0.02
Sunpower333: sits out 
*** HOLE CARDS ***
Dealt to Dorex2007 [Qs Qd]
lukaszn69: folds 
Zelenski37: calls $0.02
bcknkd966: folds 
PedaleurdeCharm: folds 
Dorex2007: raises $0.04 to $0.06
Metaponti: raises $0.12 to $0.18
Zelenski37: calls $0.16
Dorex2007: calls $0.12
*** FLOP *** [Qc 7s 6d]
Dorex2007: checks 
Metaponti: bets $0.18
Zelenski37: calls $0.18
Dorex2007: raises $1.64 to $1.82 and is all-in
Metaponti: calls $1.64
Zelenski37: folds 
*** TURN *** [Qc 7s 6d] [Jc]
*** RIVER *** [Qc 7s 6d Jc] [Qh]
*** SHOW DOWN ***
Dorex2007: shows [Qs Qd] (four of a kind, Queens)
Metaponti: shows [Ah Ad] (two pair, Aces and Queens)
Dorex2007 cashed out the hand for $3.81 | Cash Out Fee $0.04
*** SUMMARY ***
Total pot $4.36 | Rake $0.15 
Board [Qc 7s 6d Jc Qh]
Seat 1: lukaszn69 folded before Flop (didn't bet)
Seat 3: Zelenski37 folded on the Flop
Seat 4: bcknkd966 folded before Flop (didn't bet)
Seat 5: PedaleurdeCharm (button) folded before Flop (didn't bet)
Seat 7: Dorex2007 (small blind) showed [Qs Qd] and won ($4.21) with four of a kind, Queens (pot not awarded as player cashed out)
Seat 8: Metaponti (big blind) showed [Ah Ad] and lost with two pair, Aces and Queens



PokerStars Hand #233931630410:  Hold'em No Limit ($0.01/$0.02 USD) - 2022/02/09 15:47:30 PT [2022/02/09 18:47:30 ET]
Table 'Epimetheus III' 9-max Seat #7 is the button
Seat 1: lukaszn69 ($2.88 in chips) 
Seat 3: Zelenski37 ($2.33 in chips) 
Seat 4: bcknkd966 ($0.56 in chips) 
Seat 5: PedaleurdeCharm ($5.53 in chips) 
Seat 7: Dorex2007 ($3.81 in chips) 
Seat 8: Metaponti ($2.45 in chips) 
Metaponti: posts small blind $0.01
lukaszn69: posts big blind $0.02
Sunpower333: sits out 
*** HOLE CARDS ***
Dealt to Dorex2007 [Ts Ah]
bcknkd966 said, "ouch"
Zelenski37: calls $0.02
bcknkd966: folds 
bcknkd966 said, "pocket A's the worst"
PedaleurdeCharm: calls $0.02
lukaszn69 said, "nh"
Dorex2007: folds 
Metaponti: folds 
lukaszn69: checks 
*** FLOP *** [Qs 9c Tc]
lukaszn69: checks 
Zelenski37: checks 
PedaleurdeCharm: bets $0.04
lukaszn69: folds 
Zelenski37: calls $0.04
*** TURN *** [Qs 9c Tc] [Jh]
Zelenski37: checks 
PedaleurdeCharm: bets $0.14
Zelenski37: calls $0.14
*** RIVER *** [Qs 9c Tc Jh] [As]
Zelenski37: bets $0.20
PedaleurdeCharm: folds 
Uncalled bet ($0.20) returned to Zelenski37
Zelenski37 collected $0.41 from pot
Zelenski37: doesn't show hand 
*** SUMMARY ***
Total pot $0.43 | Rake $0.02 
Board [Qs 9c Tc Jh As]
Seat 1: lukaszn69 (big blind) folded on the Flop
Seat 3: Zelenski37 collected ($0.41)
Seat 4: bcknkd966 folded before Flop (didn't bet)
Seat 5: PedaleurdeCharm folded on the River
Seat 7: Dorex2007 (button) folded before Flop (didn't bet)
Seat 8: Metaponti (small blind) folded before Flop



PokerStars Hand #233931659835:  Hold'em No Limit ($0.01/$0.02 USD) - 2022/02/09 15:48:47 PT [2022/02/09 18:48:47 ET]
Table 'Epimetheus III' 9-max Seat #8 is the button
Seat 1: lukaszn69 ($2.86 in chips) 
Seat 2: Sunpower333 ($1.42 in chips) 
Seat 3: Zelenski37 ($2.54 in chips) 
Seat 4: bcknkd966 ($0.56 in chips) 
Seat 5: PedaleurdeCharm ($5.33 in chips) 
Seat 7: Dorex2007 ($3.81 in chips) 
Seat 8: Metaponti ($2.44 in chips) 
lukaszn69: posts small blind $0.01
Sunpower333: posts big blind $0.02
*** HOLE CARDS ***
Dealt to Dorex2007 [4d Jh]
Zelenski37: calls $0.02
bcknkd966: calls $0.02
PedaleurdeCharm: folds 
Dorex2007: folds 
Metaponti: raises $0.10 to $0.12
lukaszn69: calls $0.11
Sunpower333: folds 
Zelenski37: calls $0.10
bcknkd966: folds 
*** FLOP *** [Js 5d Kc]
lukaszn69: checks 
Zelenski37: checks 
Metaponti: bets $0.20
lukaszn69: calls $0.20
Zelenski37: calls $0.20
*** TURN *** [Js 5d Kc] [Ad]
lukaszn69: checks 
Zelenski37: checks 
Metaponti: bets $0.34
lukaszn69: folds 
Zelenski37: calls $0.34
*** RIVER *** [Js 5d Kc Ad] [2c]
Zelenski37: checks 
Metaponti: checks 
*** SHOW DOWN ***
Zelenski37: shows [5h Jd] (two pair, Jacks and Fives)
Metaponti: mucks hand 
Zelenski37 collected $1.62 from pot
*** SUMMARY ***
Total pot $1.68 | Rake $0.06 
Board [Js 5d Kc Ad 2c]
Seat 1: lukaszn69 (small blind) folded on the Turn
Seat 2: Sunpower333 (big blind) folded before Flop
Seat 3: Zelenski37 showed [5h Jd] and won ($1.62) with two pair, Jacks and Fives
Seat 4: bcknkd966 folded before Flop
Seat 5: PedaleurdeCharm folded before Flop (didn't bet)
Seat 7: Dorex2007 folded before Flop (didn't bet)
Seat 8: Metaponti (button) mucked [Jc Qd]



PokerStars Hand #233931691461:  Hold'em No Limit ($0.01/$0.02 USD) - 2022/02/09 15:50:10 PT [2022/02/09 18:50:10 ET]
Table 'Epimetheus III' 9-max Seat #1 is the button
Seat 1: lukaszn69 ($2.54 in chips) 
Seat 2: Sunpower333 ($1.40 in chips) 
Seat 3: Zelenski37 ($3.50 in chips) 
Seat 4: bcknkd966 ($0.54 in chips) 
Seat 5: PedaleurdeCharm ($5.33 in chips) 
Seat 7: Dorex2007 ($3.81 in chips) 
Seat 8: Metaponti ($2 in chips) 
Sunpower333: posts small blind $0.01
Zelenski37: posts big blind $0.02
*** HOLE CARDS ***
Dealt to Dorex2007 [Qh Td]
bcknkd966: calls $0.02
PedaleurdeCharm has timed out
PedaleurdeCharm: folds 
Dorex2007: folds 
Metaponti: folds 
lukaszn69: calls $0.02
Sunpower333: folds 
Zelenski37: checks 
*** FLOP *** [9c Qs 6c]
Zelenski37: checks 
bcknkd966: checks 
lukaszn69: bets $0.06
Zelenski37: folds 
bcknkd966: folds 
Uncalled bet ($0.06) returned to lukaszn69
lukaszn69 collected $0.07 from pot
lukaszn69: doesn't show hand 
*** SUMMARY ***
Total pot $0.07 | Rake $0 
Board [9c Qs 6c]
Seat 1: lukaszn69 (button) collected ($0.07)
Seat 2: Sunpower333 (small blind) folded before Flop
Seat 3: Zelenski37 (big blind) folded on the Flop
Seat 4: bcknkd966 folded on the Flop
Seat 5: PedaleurdeCharm folded before Flop (didn't bet)
Seat 7: Dorex2007 folded before Flop (didn't bet)
Seat 8: Metaponti folded before Flop (didn't bet)



PokerStars Hand #233931704606:  Hold'em No Limit ($0.01/$0.02 USD) - 2022/02/09 15:50:45 PT [2022/02/09 18:50:45 ET]
Table 'Epimetheus III' 9-max Seat #2 is the button
Seat 1: lukaszn69 ($2.59 in chips) 
Seat 2: Sunpower333 ($1.39 in chips) 
Seat 3: Zelenski37 ($3.48 in chips) 
Seat 4: bcknkd966 ($0.52 in chips) 
Seat 5: PedaleurdeCharm ($5.33 in chips) 
Seat 7: Dorex2007 ($3.81 in chips) 
Seat 8: Metaponti ($2 in chips) 
Zelenski37: posts small blind $0.01
bcknkd966: posts big blind $0.02
*** HOLE CARDS ***
Dealt to Dorex2007 [2s 7h]
PedaleurdeCharm: folds 
Dorex2007: folds 
Metaponti: raises $0.04 to $0.06
lukaszn69: calls $0.06
Sunpower333: folds 
Zelenski37: calls $0.05
bcknkd966: folds 
*** FLOP *** [Kd Qs Qc]
Zelenski37: checks 
Metaponti: bets $0.10
lukaszn69: calls $0.10
Zelenski37: folds 
*** TURN *** [Kd Qs Qc] [8c]
Metaponti: bets $0.14
lukaszn69: calls $0.14
*** RIVER *** [Kd Qs Qc 8c] [8d]
Metaponti: bets $0.23
lukaszn69: raises $0.23 to $0.46
Metaponti: calls $0.23
*** SHOW DOWN ***
lukaszn69: shows [Js Ac] (two pair, Queens and Eights)
Metaponti: shows [Jh Kh] (two pair, Kings and Queens)
Metaponti collected $1.54 from pot
*** SUMMARY ***
Total pot $1.60 | Rake $0.06 
Board [Kd Qs Qc 8c 8d]
Seat 1: lukaszn69 showed [Js Ac] and lost with two pair, Queens and Eights
Seat 2: Sunpower333 (button) folded before Flop (didn't bet)
Seat 3: Zelenski37 (small blind) folded on the Flop
Seat 4: bcknkd966 (big blind) folded before Flop
Seat 5: PedaleurdeCharm folded before Flop (didn't bet)
Seat 7: Dorex2007 folded before Flop (didn't bet)
Seat 8: Metaponti showed [Jh Kh] and won ($1.54) with two pair, Kings and Queens



PokerStars Hand #233931725528:  Hold'em No Limit ($0.01/$0.02 USD) - 2022/02/09 15:51:41 PT [2022/02/09 18:51:41 ET]
Table 'Epimetheus III' 9-max Seat #3 is the button
Seat 1: lukaszn69 ($1.83 in chips) 
Seat 2: Sunpower333 ($1.39 in chips) 
Seat 3: Zelenski37 ($3.42 in chips) 
Seat 4: bcknkd966 ($0.50 in chips) 
Seat 5: PedaleurdeCharm ($5.33 in chips) 
Seat 7: Dorex2007 ($3.81 in chips) 
Seat 8: Metaponti ($2.78 in chips) 
bcknkd966: posts small blind $0.01
PedaleurdeCharm: posts big blind $0.02
loyola2211: sits out 
*** HOLE CARDS ***
Dealt to Dorex2007 [8h 3c]
Dorex2007: folds 
Metaponti: folds 
lukaszn69: folds 
Sunpower333: folds 
Zelenski37: calls $0.02
bcknkd966: calls $0.01
PedaleurdeCharm: checks 
*** FLOP *** [Ks 5c 7c]
bcknkd966: checks 
PedaleurdeCharm: bets $0.03
Zelenski37: calls $0.03
bcknkd966: folds 
*** TURN *** [Ks 5c 7c] [7s]
PedaleurdeCharm: bets $0.12
Zelenski37: calls $0.12
*** RIVER *** [Ks 5c 7c 7s] [7d]
PedaleurdeCharm: bets $0.35
Zelenski37: raises $1.65 to $2
PedaleurdeCharm: folds 
Uncalled bet ($1.65) returned to Zelenski37
Zelenski37 collected $1.02 from pot
Zelenski37: doesn't show hand 
*** SUMMARY ***
Total pot $1.06 | Rake $0.04 
Board [Ks 5c 7c 7s 7d]
Seat 1: lukaszn69 folded before Flop (didn't bet)
Seat 2: Sunpower333 folded before Flop (didn't bet)
Seat 3: Zelenski37 (button) collected ($1.02)
Seat 4: bcknkd966 (small blind) folded on the Flop
Seat 5: PedaleurdeCharm (big blind) folded on the River
Seat 7: Dorex2007 folded before Flop (didn't bet)
Seat 8: Metaponti folded before Flop (didn't bet)



PokerStars Hand #233931751984:  Hold'em No Limit ($0.01/$0.02 USD) - 2022/02/09 15:52:52 PT [2022/02/09 18:52:52 ET]
Table 'Epimetheus III' 9-max Seat #4 is the button
Seat 1: lukaszn69 ($1.83 in chips) 
Seat 2: Sunpower333 ($1.39 in chips) 
Seat 3: Zelenski37 ($3.92 in chips) 
Seat 4: bcknkd966 ($0.48 in chips) 
Seat 5: PedaleurdeCharm ($4.81 in chips) 
Seat 6: loyola2211 ($2.11 in chips) 
Seat 7: Dorex2007 ($3.81 in chips) 
Seat 8: Metaponti ($2.78 in chips) 
PedaleurdeCharm: posts small blind $0.01
loyola2211: posts big blind $0.02
*** HOLE CARDS ***
Dealt to Dorex2007 [6h Qc]
Dorex2007: folds 
Metaponti: folds 
lukaszn69: raises $0.04 to $0.06
Sunpower333: folds 
Zelenski37: calls $0.06
bcknkd966: folds 
PedaleurdeCharm: folds 
loyola2211: calls $0.04
*** FLOP *** [2h 9h 8c]
loyola2211: bets $0.04
lukaszn69: raises $0.26 to $0.30
Zelenski37: folds 
loyola2211: folds 
Uncalled bet ($0.26) returned to lukaszn69
lukaszn69 collected $0.26 from pot
lukaszn69: doesn't show hand 
*** SUMMARY ***
Total pot $0.27 | Rake $0.01 
Board [2h 9h 8c]
Seat 1: lukaszn69 collected ($0.26)
Seat 2: Sunpower333 folded before Flop (didn't bet)
Seat 3: Zelenski37 folded on the Flop
Seat 4: bcknkd966 (button) folded before Flop (didn't bet)
Seat 5: PedaleurdeCharm (small blind) folded before Flop
Seat 6: loyola2211 (big blind) folded on the Flop
Seat 7: Dorex2007 folded before Flop (didn't bet)
Seat 8: Metaponti folded before Flop (didn't bet)



PokerStars Hand #233931764520:  Hold'em No Limit ($0.01/$0.02 USD) - 2022/02/09 15:53:26 PT [2022/02/09 18:53:26 ET]
Table 'Epimetheus III' 9-max Seat #5 is the button
Seat 1: lukaszn69 ($1.99 in chips) 
Seat 2: Sunpower333 ($1.39 in chips) 
Seat 3: Zelenski37 ($3.86 in chips) 
Seat 4: bcknkd966 ($0.48 in chips) 
Seat 5: PedaleurdeCharm ($4.80 in chips) 
Seat 6: loyola2211 ($2.01 in chips) 
Seat 7: Dorex2007 ($3.81 in chips) 
Seat 8: Metaponti ($2.78 in chips) 
loyola2211: posts small blind $0.01
Dorex2007: posts big blind $0.02
*** HOLE CARDS ***
Dealt to Dorex2007 [7h 9h]
Aleksey13081988 leaves the table
Metaponti: folds 
lukaszn69: folds 
Sunpower333: folds 
Zelenski37: calls $0.02
bcknkd966: folds 
DiscoDerek joins the table at seat #9 
PedaleurdeCharm: folds 
loyola2211: folds 
Dorex2007: checks 
*** FLOP *** [9c 7s 3s]
Dorex2007: bets $0.08
Zelenski37: calls $0.08
*** TURN *** [9c 7s 3s] [8h]
Dorex2007: bets $0.44
Zelenski37: folds 
Uncalled bet ($0.44) returned to Dorex2007
Dorex2007 collected $0.20 from pot
Dorex2007: doesn't show hand 
*** SUMMARY ***
Total pot $0.21 | Rake $0.01 
Board [9c 7s 3s 8h]
Seat 1: lukaszn69 folded before Flop (didn't bet)
Seat 2: Sunpower333 folded before Flop (didn't bet)
Seat 3: Zelenski37 folded on the Turn
Seat 4: bcknkd966 folded before Flop (didn't bet)
Seat 5: PedaleurdeCharm (button) folded before Flop (didn't bet)
Seat 6: loyola2211 (small blind) folded before Flop
Seat 7: Dorex2007 (big blind) collected ($0.20)
Seat 8: Metaponti folded before Flop (didn't bet)



PokerStars Hand #233931784925:  Hold'em No Limit ($0.01/$0.02 USD) - 2022/02/09 15:54:21 PT [2022/02/09 18:54:21 ET]
Table 'Epimetheus III' 9-max Seat #6 is the button
Seat 1: lukaszn69 ($1.99 in chips) 
Seat 2: Sunpower333 ($1.39 in chips) 
Seat 3: Zelenski37 ($3.76 in chips) 
Seat 4: bcknkd966 ($0.48 in chips) 
Seat 5: PedaleurdeCharm ($4.80 in chips) 
Seat 6: loyola2211 ($2 in chips) 
Seat 7: Dorex2007 ($3.91 in chips) 
Seat 9: DiscoDerek ($1.36 in chips) 
Dorex2007: posts small blind $0.01
Metaponti: is sitting out 
DiscoDerek: posts big blind $0.02
*** HOLE CARDS ***
Dealt to Dorex2007 [5h 6h]
Metaponti leaves the table
lukaszn69: folds 
Sunpower333: folds 
Zelenski37: calls $0.02
bcknkd966: calls $0.02
PedaleurdeCharm: folds 
iEagleOne joins the table at seat #8 
loyola2211: folds 
Dorex2007: calls $0.01
DiscoDerek: checks 
*** FLOP *** [5s 3c 8d]
lukaszn69 leaves the table
Dorex2007: checks 
DiscoDerek: checks 
Zelenski37: checks 
bcknkd966: checks 
*** TURN *** [5s 3c 8d] [5d]
Dorex2007: bets $0.14
d.moura88 joins the table at seat #1 
DiscoDerek: folds 
Zelenski37: raises $0.14 to $0.28
DiscoDerek leaves the table
bcknkd966: folds 
Dorex2007: calls $0.14
*** RIVER *** [5s 3c 8d 5d] [Jc]
TJMAAD joins the table at seat #9 
Dorex2007: bets $0.62
Zelenski37: calls $0.62
*** SHOW DOWN ***
Dorex2007: shows [5h 6h] (three of a kind, Fives)
Zelenski37: shows [Td 5c] (three of a kind, Fives - Jack+Ten kicker)
Zelenski37 collected $1.81 from pot
*** SUMMARY ***
Total pot $1.88 | Rake $0.07 
Board [5s 3c 8d 5d Jc]
Seat 1: lukaszn69 folded before Flop (didn't bet)
Seat 2: Sunpower333 folded before Flop (didn't bet)
Seat 3: Zelenski37 showed [Td 5c] and won ($1.81) with three of a kind, Fives
Seat 4: bcknkd966 folded on the Turn
Seat 5: PedaleurdeCharm folded before Flop (didn't bet)
Seat 6: loyola2211 (button) folded before Flop (didn't bet)
Seat 7: Dorex2007 (small blind) showed [5h 6h] and lost with three of a kind, Fives
Seat 9: DiscoDerek (big blind) folded on the Turn



PokerStars Hand #233931809449:  Hold'em No Limit ($0.01/$0.02 USD) - 2022/02/09 15:55:32 PT [2022/02/09 18:55:32 ET]
Table 'Epimetheus III' 9-max Seat #7 is the button
Seat 2: Sunpower333 ($1.39 in chips) 
Seat 3: Zelenski37 ($4.65 in chips) 
Seat 4: bcknkd966 ($0.46 in chips) 
Seat 5: PedaleurdeCharm ($4.80 in chips) 
Seat 6: loyola2211 ($2 in chips) 
Seat 7: Dorex2007 ($2.99 in chips) 
Sunpower333: posts small blind $0.01
Zelenski37: posts big blind $0.02
*** HOLE CARDS ***
Dealt to Dorex2007 [Qc 7s]
bcknkd966: folds 
PedaleurdeCharm: folds 
loyola2211: raises $0.02 to $0.04
Dorex2007: folds 
Sunpower333: folds 
Zelenski37: calls $0.02
*** FLOP *** [4s 4d 5h]
Zelenski37: checks 
loyola2211: checks 
*** TURN *** [4s 4d 5h] [2c]
Zelenski37: checks 
loyola2211: checks 
*** RIVER *** [4s 4d 5h 2c] [6c]
Zelenski37: checks 
loyola2211: checks 
*** SHOW DOWN ***
Zelenski37: shows [Qs Ks] (a pair of Fours)
loyola2211: shows [Th Ad] (a pair of Fours - Ace kicker)
loyola2211 collected $0.09 from pot
*** SUMMARY ***
Total pot $0.09 | Rake $0 
Board [4s 4d 5h 2c 6c]
Seat 2: Sunpower333 (small blind) folded before Flop
Seat 3: Zelenski37 (big blind) showed [Qs Ks] and lost with a pair of Fours
Seat 4: bcknkd966 folded before Flop (didn't bet)
Seat 5: PedaleurdeCharm folded before Flop (didn't bet)
Seat 6: loyola2211 showed [Th Ad] and won ($0.09) with a pair of Fours
Seat 7: Dorex2007 (button) folded before Flop (didn't bet)



PokerStars Hand #233931824297:  Hold'em No Limit ($0.01/$0.02 USD) - 2022/02/09 15:56:22 PT [2022/02/09 18:56:22 ET]
Table 'Epimetheus III' 9-max Seat #2 is the button
Seat 2: Sunpower333 ($1.38 in chips) 
Seat 3: Zelenski37 ($4.61 in chips) 
Seat 4: bcknkd966 ($0.46 in chips) 
Seat 5: PedaleurdeCharm ($4.80 in chips) 
Seat 6: loyola2211 ($2.05 in chips) 
Seat 7: Dorex2007 ($2.99 in chips) 
Seat 8: iEagleOne ($1.60 in chips) 
Seat 9: TJMAAD ($1.98 in chips) 
Zelenski37: posts small blind $0.01
bcknkd966: posts big blind $0.02
iEagleOne: posts big blind $0.02
TJMAAD: posts big blind $0.02
d.moura88: sits out 
*** HOLE CARDS ***
Dealt to Dorex2007 [9d 4h]
PedaleurdeCharm: folds 
loyola2211: calls $0.02
Dorex2007: folds 
iEagleOne: checks 
TJMAAD: checks 
Sunpower333: calls $0.02
Zelenski37: calls $0.01
bcknkd966: checks 
*** FLOP *** [Qs 5c 9h]
Zelenski37: checks 
bcknkd966: checks 
loyola2211: bets $0.02
iEagleOne: calls $0.02
TJMAAD: folds 
Sunpower333: folds 
Zelenski37: folds 
bcknkd966: folds 
*** TURN *** [Qs 5c 9h] [Kd]
loyola2211: bets $0.08
iEagleOne: folds 
Uncalled bet ($0.08) returned to loyola2211
loyola2211 collected $0.15 from pot
*** SUMMARY ***
Total pot $0.16 | Rake $0.01 
Board [Qs 5c 9h Kd]
Seat 2: Sunpower333 (button) folded on the Flop
Seat 3: Zelenski37 (small blind) folded on the Flop
Seat 4: bcknkd966 (big blind) folded on the Flop
Seat 5: PedaleurdeCharm folded before Flop (didn't bet)
Seat 6: loyola2211 collected ($0.15)
Seat 7: Dorex2007 folded before Flop (didn't bet)
Seat 8: iEagleOne folded on the Turn
Seat 9: TJMAAD folded on the Flop (didn't bet)



PokerStars Hand #233931838426:  Hold'em No Limit ($0.01/$0.02 USD) - 2022/02/09 15:57:09 PT [2022/02/09 18:57:09 ET]
Table 'Epimetheus III' 9-max Seat #3 is the button
Seat 2: Sunpower333 ($1.36 in chips) 
Seat 3: Zelenski37 ($4.59 in chips) 
Seat 4: bcknkd966 ($0.44 in chips) 
Seat 5: PedaleurdeCharm ($4.80 in chips) 
Seat 6: loyola2211 ($2.16 in chips) 
Seat 7: Dorex2007 ($2.99 in chips) 
Seat 8: iEagleOne ($1.56 in chips) 
Seat 9: TJMAAD ($1.96 in chips) 
bcknkd966: posts small blind $0.01
PedaleurdeCharm: posts big blind $0.02
d.moura88: sits out 
*** HOLE CARDS ***
Dealt to Dorex2007 [Js 2h]
loyola2211: folds 
Dorex2007: folds 
iEagleOne: calls $0.02
TJMAAD: folds 
Sunpower333: folds 
Zelenski37: calls $0.02
bcknkd966: calls $0.01
PedaleurdeCharm: checks 
*** FLOP *** [2s Qs Qc]
bcknkd966: bets $0.02
PedaleurdeCharm: folds 
iEagleOne: calls $0.02
Zelenski37: calls $0.02
*** TURN *** [2s Qs Qc] [6s]
TJMAAD leaves the table
bcknkd966: bets $0.02
iEagleOne: raises $0.02 to $0.04
Zelenski37: calls $0.04
bcknkd966: calls $0.02
*** RIVER *** [2s Qs Qc 6s] [6d]
surbarun joins the table at seat #9 
bcknkd966: bets $0.10
iEagleOne: raises $1.38 to $1.48 and is all-in
Zelenski37: folds 
bcknkd966: calls $0.26 and is all-in
Uncalled bet ($1.12) returned to iEagleOne
*** SHOW DOWN ***
iEagleOne: shows [Th 6c] (a full house, Sixes full of Queens)
bcknkd966: shows [9d Qd] (a full house, Queens full of Sixes)
bcknkd966 collected $0.95 from pot
*** SUMMARY ***
Total pot $0.98 | Rake $0.03 
Board [2s Qs Qc 6s 6d]
Seat 2: Sunpower333 folded before Flop (didn't bet)
Seat 3: Zelenski37 (button) folded on the River
Seat 4: bcknkd966 (small blind) showed [9d Qd] and won ($0.95) with a full house, Queens full of Sixes
Seat 5: PedaleurdeCharm (big blind) folded on the Flop
Seat 6: loyola2211 folded before Flop (didn't bet)
Seat 7: Dorex2007 folded before Flop (didn't bet)
Seat 8: iEagleOne showed [Th 6c] and lost with a full house, Sixes full of Queens
Seat 9: TJMAAD folded before Flop (didn't bet)



PokerStars Hand #233931853260:  Hold'em No Limit ($0.01/$0.02 USD) - 2022/02/09 15:58:00 PT [2022/02/09 18:58:00 ET]
Table 'Epimetheus III' 9-max Seat #4 is the button
Seat 2: Sunpower333 ($1.36 in chips) 
Seat 3: Zelenski37 ($4.51 in chips) 
Seat 4: bcknkd966 ($0.95 in chips) 
Seat 5: PedaleurdeCharm ($4.78 in chips) 
Seat 6: loyola2211 ($2.16 in chips) 
Seat 7: Dorex2007 ($2.99 in chips) 
Seat 8: iEagleOne ($1.12 in chips) 
PedaleurdeCharm: posts small blind $0.01
loyola2211: posts big blind $0.02
surbarun: sits out 
d.moura88: sits out 
*** HOLE CARDS ***
Dealt to Dorex2007 [Th 7h]
Dorex2007: folds 
iEagleOne has timed out
iEagleOne: folds 
Sunpower333: folds 
Zelenski37: calls $0.02
bcknkd966: calls $0.02
PedaleurdeCharm: folds 
loyola2211: checks 
*** FLOP *** [4s 7s 5d]
iEagleOne leaves the table
loyola2211: checks 
Zelenski37: bets $0.04
bcknkd966: calls $0.04
loyola2211: folds 
*** TURN *** [4s 7s 5d] [7c]
Zelenski37: bets $0.20
bcknkd966: folds 
Uncalled bet ($0.20) returned to Zelenski37
Zelenski37 collected $0.14 from pot
Zelenski37: doesn't show hand 
*** SUMMARY ***
Total pot $0.15 | Rake $0.01 
Board [4s 7s 5d 7c]
Seat 2: Sunpower333 folded before Flop (didn't bet)
Seat 3: Zelenski37 collected ($0.14)
Seat 4: bcknkd966 (button) folded on the Turn
Seat 5: PedaleurdeCharm (small blind) folded before Flop
Seat 6: loyola2211 (big blind) folded on the Flop
Seat 7: Dorex2007 folded before Flop (didn't bet)
Seat 8: iEagleOne folded before Flop (didn't bet)



PokerStars Hand #233931869236:  Hold'em No Limit ($0.01/$0.02 USD) - 2022/02/09 15:58:54 PT [2022/02/09 18:58:54 ET]
Table 'Epimetheus III' 9-max Seat #5 is the button
Seat 2: Sunpower333 ($1.36 in chips) 
Seat 3: Zelenski37 ($4.59 in chips) 
Seat 4: bcknkd966 ($0.89 in chips) 
Seat 5: PedaleurdeCharm ($4.77 in chips) 
Seat 6: loyola2211 ($2.14 in chips) 
Seat 7: Dorex2007 ($2.99 in chips) 
loyola2211: posts small blind $0.01
Dorex2007: posts big blind $0.02
surbarun: sits out 
d.moura88: sits out 
*** HOLE CARDS ***
Dealt to Dorex2007 [4d 8h]
Sunpower333: folds 
Zelenski37: calls $0.02
bcknkd966: folds 
PedaleurdeCharm: raises $0.06 to $0.08
BrVenger joins the table at seat #8 
loyola2211: folds 
Dorex2007: folds 
Zelenski37: calls $0.06
*** FLOP *** [9c Qs 9s]
Zelenski37: checks 
PedaleurdeCharm: bets $0.10
Zelenski37: calls $0.10
*** TURN *** [9c Qs 9s] [2d]
Zelenski37: checks 
PedaleurdeCharm: bets $0.38
Zelenski37: calls $0.38
*** RIVER *** [9c Qs 9s 2d] [2s]
Zelenski37: checks 
PedaleurdeCharm: checks 
*** SHOW DOWN ***
Zelenski37: shows [7s 9h] (a full house, Nines full of Deuces)
PedaleurdeCharm: mucks hand 
Zelenski37 collected $1.11 from pot
*** SUMMARY ***
Total pot $1.15 | Rake $0.04 
Board [9c Qs 9s 2d 2s]
Seat 2: Sunpower333 folded before Flop (didn't bet)
Seat 3: Zelenski37 showed [7s 9h] and won ($1.11) with a full house, Nines full of Deuces
Seat 4: bcknkd966 folded before Flop (didn't bet)
Seat 5: PedaleurdeCharm (button) mucked [5c 5s]
Seat 6: loyola2211 (small blind) folded before Flop
Seat 7: Dorex2007 (big blind) folded before Flop



PokerStars Hand #233931889811:  Hold'em No Limit ($0.01/$0.02 USD) - 2022/02/09 16:00:04 PT [2022/02/09 19:00:04 ET]
Table 'Epimetheus III' 9-max Seat #6 is the button
Seat 2: Sunpower333 ($1.36 in chips) 
Seat 3: Zelenski37 ($5.14 in chips) 
Seat 4: bcknkd966 ($0.89 in chips) 
Seat 5: PedaleurdeCharm ($4.21 in chips) 
Seat 6: loyola2211 ($2.13 in chips) 
Seat 7: Dorex2007 ($2.97 in chips) 
Seat 8: BrVenger ($2 in chips) 
Dorex2007: posts small blind $0.01
BrVenger: posts big blind $0.02
surbarun: sits out 
d.moura88: sits out 
*** HOLE CARDS ***
Dealt to Dorex2007 [Ah Th]
Sunpower333: folds 
Zelenski37: calls $0.02
bcknkd966: raises $0.02 to $0.04
PedaleurdeCharm: folds 
loyola2211: folds 
Dorex2007: calls $0.03
BrVenger: calls $0.02
Zelenski37: calls $0.02
*** FLOP *** [3h 8h 3s]
Dorex2007: bets $0.15
BrVenger: folds 
Zelenski37: folds 
bcknkd966: calls $0.15
*** TURN *** [3h 8h 3s] [Qs]
Dorex2007: bets $0.22
bcknkd966: raises $0.22 to $0.44
Dorex2007: calls $0.22
*** RIVER *** [3h 8h 3s Qs] [Kd]
Dorex2007: bets $0.65
bcknkd966: calls $0.26 and is all-in
Uncalled bet ($0.39) returned to Dorex2007
*** SHOW DOWN ***
Dorex2007: shows [Ah Th] (a pair of Threes)
bcknkd966: shows [Qh Qd] (a full house, Queens full of Threes)
bcknkd966 collected $1.79 from pot
*** SUMMARY ***
Total pot $1.86 | Rake $0.07 
Board [3h 8h 3s Qs Kd]
Seat 2: Sunpower333 folded before Flop (didn't bet)
Seat 3: Zelenski37 folded on the Flop
Seat 4: bcknkd966 showed [Qh Qd] and won ($1.79) with a full house, Queens full of Threes
Seat 5: PedaleurdeCharm folded before Flop (didn't bet)
Seat 6: loyola2211 (button) folded before Flop (didn't bet)
Seat 7: Dorex2007 (small blind) showed [Ah Th] and lost with a pair of Threes
Seat 8: BrVenger (big blind) folded on the Flop



PokerStars Hand #233931907608:  Hold'em No Limit ($0.01/$0.02 USD) - 2022/02/09 16:00:57 PT [2022/02/09 19:00:57 ET]
Table 'Epimetheus III' 9-max Seat #7 is the button
Seat 2: Sunpower333 ($1.36 in chips) 
Seat 3: Zelenski37 ($5.10 in chips) 
Seat 4: bcknkd966 ($1.79 in chips) 
Seat 5: PedaleurdeCharm ($4.21 in chips) 
Seat 6: loyola2211 ($2.13 in chips) 
Seat 7: Dorex2007 ($2.08 in chips) 
Seat 8: BrVenger ($1.96 in chips) 
Seat 9: surbarun ($0.80 in chips) 
BrVenger: posts small blind $0.01
surbarun: posts big blind $0.02
d.moura88: sits out 
*** HOLE CARDS ***
Dealt to Dorex2007 [Qh 6d]
Sunpower333: folds 
Zelenski37: calls $0.02
bcknkd966: folds 
bcknkd966 said, "ty"
PedaleurdeCharm: folds 
loyola2211: calls $0.02
Dorex2007 said, "you won a hand, don't make a deal about it"
Dorex2007 has timed out
Dorex2007: folds 
BrVenger: calls $0.01
surbarun: raises $0.09 to $0.11
Zelenski37: calls $0.09
loyola2211: folds 
BrVenger: folds 
*** FLOP *** [Ah 9c 3d]
bcknkd966 said, "screw u"
surbarun: bets $0.09
Zelenski37: calls $0.09
*** TURN *** [Ah 9c 3d] [4c]
surbarun: checks 
Zelenski37: checks 
*** RIVER *** [Ah 9c 3d 4c] [Ac]
surbarun: checks 
Zelenski37: checks 
*** SHOW DOWN ***
surbarun: shows [Kd Js] (a pair of Aces)
Zelenski37: shows [5d 4h] (two pair, Aces and Fours)
Zelenski37 collected $0.42 from pot
*** SUMMARY ***
Total pot $0.44 | Rake $0.02 
Board [Ah 9c 3d 4c Ac]
Seat 2: Sunpower333 folded before Flop (didn't bet)
Seat 3: Zelenski37 showed [5d 4h] and won ($0.42) with two pair, Aces and Fours
Seat 4: bcknkd966 folded before Flop (didn't bet)
Seat 5: PedaleurdeCharm folded before Flop (didn't bet)
Seat 6: loyola2211 folded before Flop
Seat 7: Dorex2007 (button) folded before Flop (didn't bet)
Seat 8: BrVenger (small blind) folded before Flop
Seat 9: surbarun (big blind) showed [Kd Js] and lost with a pair of Aces



PokerStars Hand #233931929363:  Hold'em No Limit ($0.01/$0.02 USD) - 2022/02/09 16:01:59 PT [2022/02/09 19:01:59 ET]
Table 'Epimetheus III' 9-max Seat #8 is the button
Seat 1: d.moura88 ($2 in chips) 
Seat 2: Sunpower333 ($1.36 in chips) 
Seat 3: Zelenski37 ($5.32 in chips) 
Seat 4: bcknkd966 ($1.79 in chips) 
Seat 5: PedaleurdeCharm ($4.21 in chips) 
Seat 6: loyola2211 ($2.11 in chips) 
Seat 7: Dorex2007 ($2.08 in chips) 
Seat 8: BrVenger ($1.94 in chips) 
Seat 9: surbarun ($0.60 in chips) 
surbarun: posts small blind $0.01
d.moura88: posts big blind $0.02
*** HOLE CARDS ***
Dealt to Dorex2007 [6c Ah]
Sunpower333: folds 
Zelenski37: calls $0.02
bcknkd966: calls $0.02
PedaleurdeCharm: folds 
loyola2211: raises $0.02 to $0.04
Dorex2007: folds 
BrVenger: folds 
surbarun: calls $0.03
d.moura88: folds 
Zelenski37: calls $0.02
bcknkd966: calls $0.02
*** FLOP *** [3d 2s Kh]
surbarun: checks 
Zelenski37: checks 
bcknkd966: checks 
loyola2211: checks 
*** TURN *** [3d 2s Kh] [7c]
surbarun: checks 
Zelenski37: checks 
bcknkd966: checks 
loyola2211: checks 
*** RIVER *** [3d 2s Kh 7c] [8c]
surbarun: checks 
Zelenski37: checks 
bcknkd966: checks 
loyola2211: checks 
*** SHOW DOWN ***
surbarun: shows [Qd Jd] (high card King)
Zelenski37: mucks hand 
bcknkd966: mucks hand 
loyola2211: shows [As 7d] (a pair of Sevens)
loyola2211 collected $0.17 from pot
*** SUMMARY ***
Total pot $0.18 | Rake $0.01 
Board [3d 2s Kh 7c 8c]
Seat 1: d.moura88 (big blind) folded before Flop
Seat 2: Sunpower333 folded before Flop (didn't bet)
Seat 3: Zelenski37 mucked [4c 9c]
Seat 4: bcknkd966 mucked [4s Ts]
Seat 5: PedaleurdeCharm folded before Flop (didn't bet)
Seat 6: loyola2211 showed [As 7d] and won ($0.17) with a pair of Sevens
Seat 7: Dorex2007 folded before Flop (didn't bet)
Seat 8: BrVenger (button) folded before Flop (didn't bet)
Seat 9: surbarun (small blind) showed [Qd Jd] and lost with high card King



PokerStars Hand #233931957853:  Hold'em No Limit ($0.01/$0.02 USD) - 2022/02/09 16:03:18 PT [2022/02/09 19:03:18 ET]
Table 'Epimetheus III' 9-max Seat #9 is the button
Seat 1: d.moura88 ($1.98 in chips) 
Seat 2: Sunpower333 ($1.36 in chips) 
Seat 3: Zelenski37 ($5.28 in chips) 
Seat 4: bcknkd966 ($1.75 in chips) 
Seat 5: PedaleurdeCharm ($4.21 in chips) 
Seat 6: loyola2211 ($2.24 in chips) 
Seat 7: Dorex2007 ($2.08 in chips) 
Seat 8: BrVenger ($1.94 in chips) 
Seat 9: surbarun ($0.56 in chips) 
d.moura88: posts small blind $0.01
Sunpower333: posts big blind $0.02
*** HOLE CARDS ***
Dealt to Dorex2007 [Qs 2h]
Zelenski37: calls $0.02
bcknkd966: folds 
PedaleurdeCharm: folds 
loyola2211: folds 
Dorex2007: folds 
BrVenger: folds 
surbarun: folds 
d.moura88: folds 
Sunpower333: checks 
*** FLOP *** [2d 6h Js]
Sunpower333: checks 
Zelenski37: checks 
*** TURN *** [2d 6h Js] [Ad]
Sunpower333: checks 
Zelenski37: checks 
*** RIVER *** [2d 6h Js Ad] [Qc]
Sunpower333: checks 
Zelenski37: bets $0.10
Sunpower333: folds 
Uncalled bet ($0.10) returned to Zelenski37
Zelenski37 collected $0.05 from pot
Zelenski37: doesn't show hand 
*** SUMMARY ***
Total pot $0.05 | Rake $0 
Board [2d 6h Js Ad Qc]
Seat 1: d.moura88 (small blind) folded before Flop
Seat 2: Sunpower333 (big blind) folded on the River
Seat 3: Zelenski37 collected ($0.05)
Seat 4: bcknkd966 folded before Flop (didn't bet)
Seat 5: PedaleurdeCharm folded before Flop (didn't bet)
Seat 6: loyola2211 folded before Flop (didn't bet)
Seat 7: Dorex2007 folded before Flop (didn't bet)
Seat 8: BrVenger folded before Flop (didn't bet)
Seat 9: surbarun (button) folded before Flop (didn't bet)



PokerStars Hand #233931974785:  Hold'em No Limit ($0.01/$0.02 USD) - 2022/02/09 16:04:00 PT [2022/02/09 19:04:00 ET]
Table 'Epimetheus III' 9-max Seat #1 is the button
Seat 1: d.moura88 ($1.97 in chips) 
Seat 2: Sunpower333 ($1.34 in chips) 
Seat 3: Zelenski37 ($5.31 in chips) 
Seat 4: bcknkd966 ($1.75 in chips) 
Seat 5: PedaleurdeCharm ($4.21 in chips) 
Seat 6: loyola2211 ($2.24 in chips) 
Seat 7: Dorex2007 ($2.08 in chips) 
Seat 8: BrVenger ($1.94 in chips) 
Seat 9: surbarun ($0.56 in chips) 
Sunpower333: posts small blind $0.01
Zelenski37: posts big blind $0.02
*** HOLE CARDS ***
Dealt to Dorex2007 [5d Jh]
bcknkd966: calls $0.02
PedaleurdeCharm: calls $0.02
loyola2211: folds 
Dorex2007: folds 
BrVenger: folds 
surbarun has timed out
surbarun: folds 
d.moura88: folds 
Sunpower333: folds 
Zelenski37: checks 
*** FLOP *** [4h 3d 2c]
Zelenski37: checks 
bcknkd966: checks 
PedaleurdeCharm: bets $0.04
Zelenski37: calls $0.04
bcknkd966: calls $0.04
*** TURN *** [4h 3d 2c] [7s]
Zelenski37: checks 
bcknkd966: checks 
PedaleurdeCharm: bets $0.02
Zelenski37: calls $0.02
bcknkd966: calls $0.02
*** RIVER *** [4h 3d 2c 7s] [Ah]
Zelenski37: checks 
bcknkd966: checks 
PedaleurdeCharm: checks 
*** SHOW DOWN ***
Zelenski37: shows [2s 2h] (three of a kind, Deuces)
bcknkd966: mucks hand 
PedaleurdeCharm: mucks hand 
Zelenski37 collected $0.24 from pot
*** SUMMARY ***
Total pot $0.25 | Rake $0.01 
Board [4h 3d 2c 7s Ah]
Seat 1: d.moura88 (button) folded before Flop (didn't bet)
Seat 2: Sunpower333 (small blind) folded before Flop
Seat 3: Zelenski37 (big blind) showed [2s 2h] and won ($0.24) with three of a kind, Deuces
Seat 4: bcknkd966 mucked [4d Ad]
Seat 5: PedaleurdeCharm mucked [Kh Jc]
Seat 6: loyola2211 folded before Flop (didn't bet)
Seat 7: Dorex2007 folded before Flop (didn't bet)
Seat 8: BrVenger folded before Flop (didn't bet)
Seat 9: surbarun folded before Flop (didn't bet)



PokerStars Hand #233931997897:  Hold'em No Limit ($0.01/$0.02 USD) - 2022/02/09 16:05:04 PT [2022/02/09 19:05:04 ET]
Table 'Epimetheus III' 9-max Seat #2 is the button
Seat 1: d.moura88 ($1.97 in chips) 
Seat 2: Sunpower333 ($1.33 in chips) 
Seat 3: Zelenski37 ($5.47 in chips) 
Seat 4: bcknkd966 ($1.67 in chips) 
Seat 5: PedaleurdeCharm ($4.13 in chips) 
Seat 6: loyola2211 ($2.24 in chips) 
Seat 7: Dorex2007 ($2.08 in chips) 
Seat 8: BrVenger ($1.94 in chips) 
Seat 9: surbarun ($0.56 in chips) 
Zelenski37: posts small blind $0.01
bcknkd966: posts big blind $0.02
*** HOLE CARDS ***
Dealt to Dorex2007 [4s 7c]
bcknkd966 said, "vn"
PedaleurdeCharm: folds 
loyola2211: calls $0.02
Dorex2007: folds 
BrVenger: folds 
bcknkd966 said, "those 2's never come in"
surbarun: folds 
d.moura88: raises $0.07 to $0.09
Sunpower333: folds 
Zelenski37: calls $0.08
bcknkd966: folds 
loyola2211: folds 
*** FLOP *** [5c 5s 6h]
Zelenski37: checks 
d.moura88: checks 
*** TURN *** [5c 5s 6h] [As]
Zelenski37: checks 
d.moura88: bets $0.08
Zelenski37: calls $0.08
*** RIVER *** [5c 5s 6h As] [2c]
Zelenski37: checks 
d.moura88: bets $0.15
Zelenski37: raises $0.55 to $0.70
d.moura88 has timed out
d.moura88: folds 
Uncalled bet ($0.55) returned to Zelenski37
Zelenski37 collected $0.66 from pot
Zelenski37: doesn't show hand 
*** SUMMARY ***
Total pot $0.68 | Rake $0.02 
Board [5c 5s 6h As 2c]
Seat 1: d.moura88 folded on the River
Seat 2: Sunpower333 (button) folded before Flop (didn't bet)
Seat 3: Zelenski37 (small blind) collected ($0.66)
Seat 4: bcknkd966 (big blind) folded before Flop
Seat 5: PedaleurdeCharm folded before Flop (didn't bet)
Seat 6: loyola2211 folded before Flop
Seat 7: Dorex2007 folded before Flop (didn't bet)
Seat 8: BrVenger folded before Flop (didn't bet)
Seat 9: surbarun folded before Flop (didn't bet)



PokerStars Hand #233932034588:  Hold'em No Limit ($0.01/$0.02 USD) - 2022/02/09 16:06:48 PT [2022/02/09 19:06:48 ET]
Table 'Epimetheus III' 9-max Seat #3 is the button
Seat 1: d.moura88 ($1.65 in chips) 
Seat 2: Sunpower333 ($1.33 in chips) 
Seat 3: Zelenski37 ($5.81 in chips) 
Seat 4: bcknkd966 ($1.65 in chips) 
Seat 5: PedaleurdeCharm ($4.13 in chips) 
Seat 6: loyola2211 ($2.22 in chips) 
Seat 7: Dorex2007 ($2.08 in chips) 
Seat 8: BrVenger ($1.94 in chips) 
Seat 9: surbarun ($0.56 in chips) 
bcknkd966: posts small blind $0.01
PedaleurdeCharm: posts big blind $0.02
*** HOLE CARDS ***
Dealt to Dorex2007 [Ts 8c]
loyola2211: folds 
Dorex2007: folds 
BrVenger: calls $0.02
surbarun: folds 
d.moura88: folds 
Sunpower333: folds 
Zelenski37: calls $0.02
bcknkd966: calls $0.01
PedaleurdeCharm: checks 
*** FLOP *** [Kc 5d 4h]
bcknkd966: checks 
PedaleurdeCharm: checks 
BrVenger: checks 
Zelenski37: checks 
*** TURN *** [Kc 5d 4h] [4c]
bcknkd966: checks 
PedaleurdeCharm: checks 
BrVenger: checks 
Zelenski37: checks 
*** RIVER *** [Kc 5d 4h 4c] [Js]
bcknkd966: checks 
PedaleurdeCharm: checks 
BrVenger: checks 
Zelenski37: checks 
*** SHOW DOWN ***
bcknkd966: shows [9s 8h] (a pair of Fours)
PedaleurdeCharm: shows [3h 9h] (a pair of Fours)
BrVenger: shows [8d As] (a pair of Fours - Ace kicker)
Zelenski37: shows [Ad Th] (a pair of Fours)
BrVenger collected $0.04 from pot
Zelenski37 collected $0.04 from pot
*** SUMMARY ***
Total pot $0.08 | Rake $0 
Board [Kc 5d 4h 4c Js]
Seat 1: d.moura88 folded before Flop (didn't bet)
Seat 2: Sunpower333 folded before Flop (didn't bet)
Seat 3: Zelenski37 (button) showed [Ad Th] and won ($0.04) with a pair of Fours
Seat 4: bcknkd966 (small blind) showed [9s 8h] and lost with a pair of Fours
Seat 5: PedaleurdeCharm (big blind) showed [3h 9h] and lost with a pair of Fours
Seat 6: loyola2211 folded before Flop (didn't bet)
Seat 7: Dorex2007 folded before Flop (didn't bet)
Seat 8: BrVenger showed [8d As] and won ($0.04) with a pair of Fours
Seat 9: surbarun folded before Flop (didn't bet)



PokerStars Hand #233932060747:  Hold'em No Limit ($0.01/$0.02 USD) - 2022/02/09 16:07:44 PT [2022/02/09 19:07:44 ET]
Table 'Epimetheus III' 9-max Seat #4 is the button
Seat 1: d.moura88 ($2 in chips) 
Seat 2: Sunpower333 ($1.33 in chips) 
Seat 3: Zelenski37 ($5.83 in chips) 
Seat 4: bcknkd966 ($1.63 in chips) 
Seat 5: PedaleurdeCharm ($4.11 in chips) 
Seat 6: loyola2211 ($2.22 in chips) 
Seat 7: Dorex2007 ($2.08 in chips) 
Seat 8: BrVenger ($1.96 in chips) 
Seat 9: surbarun ($0.56 in chips) 
PedaleurdeCharm: posts small blind $0.01
loyola2211: posts big blind $0.02
*** HOLE CARDS ***
Dealt to Dorex2007 [6c 9c]
Dorex2007: folds 
BrVenger: folds 
surbarun: folds 
d.moura88: folds 
Sunpower333: folds 
Zelenski37: calls $0.02
bcknkd966: calls $0.02
PedaleurdeCharm: calls $0.01
loyola2211: checks 
*** FLOP *** [9s 3h Qs]
PedaleurdeCharm: checks 
loyola2211: checks 
Zelenski37: checks 
bcknkd966: checks 
*** TURN *** [9s 3h Qs] [Qd]
PedaleurdeCharm: checks 
loyola2211: checks 
Zelenski37: checks 
bcknkd966: checks 
*** RIVER *** [9s 3h Qs Qd] [7d]
PedaleurdeCharm: checks 
loyola2211: checks 
Zelenski37: checks 
bcknkd966: checks 
*** SHOW DOWN ***
PedaleurdeCharm: shows [Tc 4c] (a pair of Queens)
loyola2211: shows [Ts 8d] (a pair of Queens - Ten+Nine+Eight kicker)
Zelenski37: mucks hand 
bcknkd966: shows [As 5c] (a pair of Queens - Ace kicker)
bcknkd966 collected $0.08 from pot
*** SUMMARY ***
Total pot $0.08 | Rake $0 
Board [9s 3h Qs Qd 7d]
Seat 1: d.moura88 folded before Flop (didn't bet)
Seat 2: Sunpower333 folded before Flop (didn't bet)
Seat 3: Zelenski37 mucked [6h 8h]
Seat 4: bcknkd966 (button) showed [As 5c] and won ($0.08) with a pair of Queens
Seat 5: PedaleurdeCharm (small blind) showed [Tc 4c] and lost with a pair of Queens
Seat 6: loyola2211 (big blind) showed [Ts 8d] and lost with a pair of Queens
Seat 7: Dorex2007 folded before Flop (didn't bet)
Seat 8: BrVenger folded before Flop (didn't bet)
Seat 9: surbarun folded before Flop (didn't bet)



PokerStars Hand #233932081700:  Hold'em No Limit ($0.01/$0.02 USD) - 2022/02/09 16:08:44 PT [2022/02/09 19:08:44 ET]
Table 'Epimetheus III' 9-max Seat #5 is the button
Seat 1: d.moura88 ($2 in chips) 
Seat 2: Sunpower333 ($1.33 in chips) 
Seat 3: Zelenski37 ($5.81 in chips) 
Seat 4: bcknkd966 ($1.69 in chips) 
Seat 5: PedaleurdeCharm ($4.09 in chips) 
Seat 6: loyola2211 ($2.20 in chips) 
Seat 7: Dorex2007 ($2.08 in chips) 
Seat 8: BrVenger ($1.96 in chips) 
Seat 9: surbarun ($0.56 in chips) 
loyola2211: posts small blind $0.01
Dorex2007: posts big blind $0.02
*** HOLE CARDS ***
Dealt to Dorex2007 [7d Jc]
BrVenger: folds 
surbarun: folds 
d.moura88: folds 
Sunpower333: folds 
Zelenski37: calls $0.02
bcknkd966: folds 
PedaleurdeCharm: calls $0.02
loyola2211: calls $0.01
Dorex2007: checks 
*** FLOP *** [2c 4c 7c]
loyola2211: checks 
Dorex2007: checks 
Zelenski37: checks 
PedaleurdeCharm: checks 
*** TURN *** [2c 4c 7c] [Js]
loyola2211: checks 
Dorex2007: bets $0.48
Zelenski37: folds 
PedaleurdeCharm: folds 
loyola2211: folds 
Uncalled bet ($0.48) returned to Dorex2007
Dorex2007 collected $0.08 from pot
Dorex2007: doesn't show hand 
*** SUMMARY ***
Total pot $0.08 | Rake $0 
Board [2c 4c 7c Js]
Seat 1: d.moura88 folded before Flop (didn't bet)
Seat 2: Sunpower333 folded before Flop (didn't bet)
Seat 3: Zelenski37 folded on the Turn
Seat 4: bcknkd966 folded before Flop (didn't bet)
Seat 5: PedaleurdeCharm (button) folded on the Turn
Seat 6: loyola2211 (small blind) folded on the Turn
Seat 7: Dorex2007 (big blind) collected ($0.08)
Seat 8: BrVenger folded before Flop (didn't bet)
Seat 9: surbarun folded before Flop (didn't bet)



PokerStars Hand #233932097221:  Hold'em No Limit ($0.01/$0.02 USD) - 2022/02/09 16:09:28 PT [2022/02/09 19:09:28 ET]
Table 'Epimetheus III' 9-max Seat #6 is the button
Seat 1: d.moura88 ($2 in chips) 
Seat 2: Sunpower333 ($1.33 in chips) 
Seat 3: Zelenski37 ($5.79 in chips) 
Seat 4: bcknkd966 ($1.69 in chips) 
Seat 5: PedaleurdeCharm ($4.07 in chips) 
Seat 6: loyola2211 ($2.18 in chips) 
Seat 7: Dorex2007 ($2.14 in chips) 
Seat 8: BrVenger ($1.96 in chips) 
Seat 9: surbarun ($0.56 in chips) 
Dorex2007: posts small blind $0.01
BrVenger: posts big blind $0.02
*** HOLE CARDS ***
Dealt to Dorex2007 [3d 8h]
surbarun: folds 
d.moura88: raises $0.05 to $0.07
Sunpower333: folds 
Zelenski37: calls $0.07
bcknkd966: calls $0.07
PedaleurdeCharm: folds 
loyola2211: folds 
Dorex2007: folds 
BrVenger: folds 
*** FLOP *** [Kh 7s Qd]
d.moura88: checks 
Zelenski37: checks 
bcknkd966: bets $0.12
d.moura88: folds 
Zelenski37: folds 
Uncalled bet ($0.12) returned to bcknkd966
bcknkd966 collected $0.23 from pot
bcknkd966: doesn't show hand 
*** SUMMARY ***
Total pot $0.24 | Rake $0.01 
Board [Kh 7s Qd]
Seat 1: d.moura88 folded on the Flop
Seat 2: Sunpower333 folded before Flop (didn't bet)
Seat 3: Zelenski37 folded on the Flop
Seat 4: bcknkd966 collected ($0.23)
Seat 5: PedaleurdeCharm folded before Flop (didn't bet)
Seat 6: loyola2211 (button) folded before Flop (didn't bet)
Seat 7: Dorex2007 (small blind) folded before Flop
Seat 8: BrVenger (big blind) folded before Flop
Seat 9: surbarun folded before Flop (didn't bet)



PokerStars Hand #233932114635:  Hold'em No Limit ($0.01/$0.02 USD) - 2022/02/09 16:10:17 PT [2022/02/09 19:10:17 ET]
Table 'Epimetheus III' 9-max Seat #7 is the button
Seat 1: d.moura88 ($2 in chips) 
Seat 2: Sunpower333 ($1.33 in chips) 
Seat 3: Zelenski37 ($5.72 in chips) 
Seat 4: bcknkd966 ($1.85 in chips) 
Seat 5: PedaleurdeCharm ($4.07 in chips) 
Seat 6: loyola2211 ($2.18 in chips) 
Seat 7: Dorex2007 ($2.13 in chips) 
Seat 8: BrVenger ($1.94 in chips) 
Seat 9: surbarun ($0.56 in chips) 
BrVenger: posts small blind $0.01
surbarun: posts big blind $0.02
*** HOLE CARDS ***
Dealt to Dorex2007 [Jd Ad]
d.moura88: folds 
Sunpower333: folds 
Zelenski37: calls $0.02
bcknkd966: folds 
PedaleurdeCharm: folds 
loyola2211: folds 
Dorex2007: raises $0.04 to $0.06
BrVenger: raises $0.16 to $0.22
surbarun: folds 
Zelenski37: folds 
Dorex2007: folds 
Uncalled bet ($0.16) returned to BrVenger
BrVenger collected $0.16 from pot
*** SUMMARY ***
Total pot $0.16 | Rake $0 
Seat 1: d.moura88 folded before Flop (didn't bet)
Seat 2: Sunpower333 folded before Flop (didn't bet)
Seat 3: Zelenski37 folded before Flop
Seat 4: bcknkd966 folded before Flop (didn't bet)
Seat 5: PedaleurdeCharm folded before Flop (didn't bet)
Seat 6: loyola2211 folded before Flop (didn't bet)
Seat 7: Dorex2007 (button) folded before Flop
Seat 8: BrVenger (small blind) collected ($0.16)
Seat 9: surbarun (big blind) folded before Flop



PokerStars Hand #233932129783:  Hold'em No Limit ($0.01/$0.02 USD) - 2022/02/09 16:11:01 PT [2022/02/09 19:11:01 ET]
Table 'Epimetheus III' 9-max Seat #8 is the button
Seat 1: d.moura88 ($2 in chips) 
Seat 2: Sunpower333 ($1.33 in chips) 
Seat 3: Zelenski37 ($5.70 in chips) 
Seat 4: bcknkd966 ($1.85 in chips) 
Seat 5: PedaleurdeCharm ($4.07 in chips) 
Seat 6: loyola2211 ($2.18 in chips) 
Seat 7: Dorex2007 ($2.07 in chips) 
Seat 8: BrVenger ($2.04 in chips) 
Seat 9: surbarun ($0.54 in chips) 
surbarun: posts small blind $0.01
d.moura88: posts big blind $0.02
*** HOLE CARDS ***
Dealt to Dorex2007 [2d Ah]
Sunpower333: folds 
Zelenski37: calls $0.02
bcknkd966: folds 
PedaleurdeCharm: folds 
loyola2211: folds 
Dorex2007: folds 
BrVenger: raises $0.04 to $0.06
surbarun: folds 
d.moura88: folds 
Zelenski37: calls $0.04
*** FLOP *** [8c 8d Jc]
Zelenski37: checks 
BrVenger: checks 
*** TURN *** [8c 8d Jc] [Qd]
Zelenski37: checks 
BrVenger: bets $0.06
Zelenski37: calls $0.06
*** RIVER *** [8c 8d Jc Qd] [7d]
Zelenski37: checks 
BrVenger: bets $0.16
Zelenski37: folds 
Uncalled bet ($0.16) returned to BrVenger
BrVenger collected $0.26 from pot
*** SUMMARY ***
Total pot $0.27 | Rake $0.01 
Board [8c 8d Jc Qd 7d]
Seat 1: d.moura88 (big blind) folded before Flop
Seat 2: Sunpower333 folded before Flop (didn't bet)
Seat 3: Zelenski37 folded on the River
Seat 4: bcknkd966 folded before Flop (didn't bet)
Seat 5: PedaleurdeCharm folded before Flop (didn't bet)
Seat 6: loyola2211 folded before Flop (didn't bet)
Seat 7: Dorex2007 folded before Flop (didn't bet)
Seat 8: BrVenger (button) collected ($0.26)
Seat 9: surbarun (small blind) folded before Flop



PokerStars Hand #233932159929:  Hold'em No Limit ($0.01/$0.02 USD) - 2022/02/09 16:12:00 PT [2022/02/09 19:12:00 ET]
Table 'Epimetheus III' 9-max Seat #9 is the button
Seat 1: d.moura88 ($2 in chips) 
Seat 2: Sunpower333 ($1.33 in chips) 
Seat 3: Zelenski37 ($5.58 in chips) 
Seat 4: bcknkd966 ($1.85 in chips) 
Seat 5: PedaleurdeCharm ($4.07 in chips) 
Seat 6: loyola2211 ($2.18 in chips) 
Seat 7: Dorex2007 ($2.07 in chips) 
Seat 8: BrVenger ($2.18 in chips) 
Seat 9: surbarun ($0.53 in chips) 
d.moura88: posts small blind $0.01
Sunpower333: posts big blind $0.02
*** HOLE CARDS ***
Dealt to Dorex2007 [3d 5c]
Zelenski37: calls $0.02
bcknkd966: folds 
PedaleurdeCharm: folds 
loyola2211: folds 
Dorex2007: folds 
BrVenger: folds 
surbarun: raises $0.04 to $0.06
d.moura88: folds 
Sunpower333: folds 
Zelenski37: calls $0.04
*** FLOP *** [9d 6c Ad]
Zelenski37: checks 
surbarun: checks 
*** TURN *** [9d 6c Ad] [9h]
Zelenski37: checks 
surbarun: bets $0.06
Zelenski37: calls $0.06
*** RIVER *** [9d 6c Ad 9h] [3s]
Zelenski37: checks 
surbarun: checks 
*** SHOW DOWN ***
Zelenski37: shows [Qh 7s] (a pair of Nines)
surbarun: shows [Kh Kc] (two pair, Kings and Nines)
surbarun collected $0.26 from pot
*** SUMMARY ***
Total pot $0.27 | Rake $0.01 
Board [9d 6c Ad 9h 3s]
Seat 1: d.moura88 (small blind) folded before Flop
Seat 2: Sunpower333 (big blind) folded before Flop
Seat 3: Zelenski37 showed [Qh 7s] and lost with a pair of Nines
Seat 4: bcknkd966 folded before Flop (didn't bet)
Seat 5: PedaleurdeCharm folded before Flop (didn't bet)
Seat 6: loyola2211 folded before Flop (didn't bet)
Seat 7: Dorex2007 folded before Flop (didn't bet)
Seat 8: BrVenger folded before Flop (didn't bet)
Seat 9: surbarun (button) showed [Kh Kc] and won ($0.26) with two pair, Kings and Nines



PokerStars Hand #233932174256:  Hold'em No Limit ($0.01/$0.02 USD) - 2022/02/09 16:12:41 PT [2022/02/09 19:12:41 ET]
Table 'Epimetheus III' 9-max Seat #1 is the button
Seat 1: d.moura88 ($2 in chips) 
Seat 2: Sunpower333 ($1.31 in chips) 
Seat 3: Zelenski37 ($5.46 in chips) 
Seat 4: bcknkd966 ($1.85 in chips) 
Seat 5: PedaleurdeCharm ($4.07 in chips) 
Seat 6: loyola2211 ($2.18 in chips) 
Seat 7: Dorex2007 ($2.07 in chips) 
Seat 8: BrVenger ($2.18 in chips) 
Seat 9: surbarun ($0.67 in chips) 
Sunpower333: posts small blind $0.01
Zelenski37: posts big blind $0.02
*** HOLE CARDS ***
Dealt to Dorex2007 [3h Kd]
bcknkd966: folds 
PedaleurdeCharm: folds 
loyola2211: folds 
Dorex2007: folds 
BrVenger: folds 
surbarun: folds 
d.moura88: folds 
Sunpower333: folds 
Uncalled bet ($0.01) returned to Zelenski37
Zelenski37 collected $0.02 from pot
Zelenski37: doesn't show hand 
*** SUMMARY ***
Total pot $0.02 | Rake $0 
Seat 1: d.moura88 (button) folded before Flop (didn't bet)
Seat 2: Sunpower333 (small blind) folded before Flop
Seat 3: Zelenski37 (big blind) collected ($0.02)
Seat 4: bcknkd966 folded before Flop (didn't bet)
Seat 5: PedaleurdeCharm folded before Flop (didn't bet)
Seat 6: loyola2211 folded before Flop (didn't bet)
Seat 7: Dorex2007 folded before Flop (didn't bet)
Seat 8: BrVenger folded before Flop (didn't bet)
Seat 9: surbarun folded before Flop (didn't bet)



PokerStars Hand #233932181044:  Hold'em No Limit ($0.01/$0.02 USD) - 2022/02/09 16:13:00 PT [2022/02/09 19:13:00 ET]
Table 'Epimetheus III' 9-max Seat #2 is the button
Seat 1: d.moura88 ($2 in chips) 
Seat 2: Sunpower333 ($1.30 in chips) 
Seat 4: bcknkd966 ($1.85 in chips) 
Seat 5: PedaleurdeCharm ($4.07 in chips) 
Seat 6: loyola2211 ($2.18 in chips) 
Seat 7: Dorex2007 ($2.07 in chips) 
Seat 8: BrVenger ($2.18 in chips) 
Seat 9: surbarun ($0.67 in chips) 
bcknkd966: posts small blind $0.01
PedaleurdeCharm: posts big blind $0.02
*** HOLE CARDS ***
Dealt to Dorex2007 [9s 3h]
loyola2211: folds 
Dorex2007: folds 
BrVenger: raises $0.04 to $0.06
surbarun: folds 
d.moura88: folds 
Sunpower333: folds 
bcknkd966: calls $0.05
PedaleurdeCharm: folds 
*** FLOP *** [5c 5h 3d]
bcknkd966: checks 
BrVenger: checks 
*** TURN *** [5c 5h 3d] [Tc]
bcknkd966: checks 
BrVenger: checks 
*** RIVER *** [5c 5h 3d Tc] [4c]
bcknkd966: checks 
BrVenger: checks 
*** SHOW DOWN ***
bcknkd966: shows [Jh Kh] (a pair of Fives)
BrVenger: shows [Ks Js] (a pair of Fives)
bcknkd966 collected $0.07 from pot
BrVenger collected $0.07 from pot
*** SUMMARY ***
Total pot $0.14 | Rake $0 
Board [5c 5h 3d Tc 4c]
Seat 1: d.moura88 folded before Flop (didn't bet)
Seat 2: Sunpower333 (button) folded before Flop (didn't bet)
Seat 4: bcknkd966 (small blind) showed [Jh Kh] and won ($0.07) with a pair of Fives
Seat 5: PedaleurdeCharm (big blind) folded before Flop
Seat 6: loyola2211 folded before Flop (didn't bet)
Seat 7: Dorex2007 folded before Flop (didn't bet)
Seat 8: BrVenger showed [Ks Js] and won ($0.07) with a pair of Fives
Seat 9: surbarun folded before Flop (didn't bet)



PokerStars Hand #233932193841:  Hold'em No Limit ($0.01/$0.02 USD) - 2022/02/09 16:13:28 PT [2022/02/09 19:13:28 ET]
Table 'Epimetheus III' 9-max Seat #4 is the button
Seat 1: d.moura88 ($2 in chips) 
Seat 2: Sunpower333 ($1.30 in chips) 
Seat 4: bcknkd966 ($1.86 in chips) 
Seat 5: PedaleurdeCharm ($4.05 in chips) 
Seat 6: loyola2211 ($2.18 in chips) 
Seat 7: Dorex2007 ($2.07 in chips) 
Seat 8: BrVenger ($2.19 in chips) 
Seat 9: surbarun ($0.67 in chips) 
PedaleurdeCharm: posts small blind $0.01
loyola2211: posts big blind $0.02
*** HOLE CARDS ***
Dealt to Dorex2007 [6c Qc]
bcknkd966 said, "lol"
Dorex2007 has timed out
Dorex2007: folds 
BrVenger: raises $0.04 to $0.06
surbarun: folds 
d.moura88: folds 
Sunpower333: folds 
bcknkd966: calls $0.06
PedaleurdeCharm: calls $0.05
loyola2211: folds 
*** FLOP *** [4c 4s 2s]
PedaleurdeCharm: bets $0.14
BrVenger: folds 
bcknkd966: folds 
Uncalled bet ($0.14) returned to PedaleurdeCharm
PedaleurdeCharm collected $0.19 from pot
*** SUMMARY ***
Total pot $0.20 | Rake $0.01 
Board [4c 4s 2s]
Seat 1: d.moura88 folded before Flop (didn't bet)
Seat 2: Sunpower333 folded before Flop (didn't bet)
Seat 4: bcknkd966 (button) folded on the Flop
Seat 5: PedaleurdeCharm (small blind) collected ($0.19)
Seat 6: loyola2211 (big blind) folded before Flop
Seat 7: Dorex2007 folded before Flop (didn't bet)
Seat 8: BrVenger folded on the Flop
Seat 9: surbarun folded before Flop (didn't bet)



PokerStars Hand #233932208897:  Hold'em No Limit ($0.01/$0.02 USD) - 2022/02/09 16:14:12 PT [2022/02/09 19:14:12 ET]
Table 'Epimetheus III' 9-max Seat #5 is the button
Seat 1: d.moura88 ($2 in chips) 
Seat 2: Sunpower333 ($1.30 in chips) 
Seat 4: bcknkd966 ($1.80 in chips) 
Seat 5: PedaleurdeCharm ($4.18 in chips) 
Seat 6: loyola2211 ($2.16 in chips) 
Seat 7: Dorex2007 ($2.07 in chips) 
Seat 8: BrVenger ($2.13 in chips) 
Seat 9: surbarun ($0.67 in chips) 
loyola2211: posts small blind $0.01
Dorex2007: posts big blind $0.02
*** HOLE CARDS ***
Dealt to Dorex2007 [4d 5s]
BrVenger: folds 
surbarun: folds 
d.moura88: folds 
Sunpower333: folds 
bcknkd966: calls $0.02
PedaleurdeCharm: calls $0.02
THE PORPS joins the table at seat #3 
loyola2211: raises $0.04 to $0.06
Dorex2007: folds 
bcknkd966: calls $0.04
PedaleurdeCharm: calls $0.04
*** FLOP *** [6c Ts Jd]
loyola2211: bets $0.06
bcknkd966: calls $0.06
PedaleurdeCharm: calls $0.06
*** TURN *** [6c Ts Jd] [Kh]
loyola2211: checks 
bcknkd966: bets $0.19
PedaleurdeCharm: folds 
loyola2211: folds 
Uncalled bet ($0.19) returned to bcknkd966
bcknkd966 collected $0.37 from pot
bcknkd966: doesn't show hand 
*** SUMMARY ***
Total pot $0.38 | Rake $0.01 
Board [6c Ts Jd Kh]
Seat 1: d.moura88 folded before Flop (didn't bet)
Seat 2: Sunpower333 folded before Flop (didn't bet)
Seat 4: bcknkd966 collected ($0.37)
Seat 5: PedaleurdeCharm (button) folded on the Turn
Seat 6: loyola2211 (small blind) folded on the Turn
Seat 7: Dorex2007 (big blind) folded before Flop
Seat 8: BrVenger folded before Flop (didn't bet)
Seat 9: surbarun folded before Flop (didn't bet)



PokerStars Hand #233932229148:  Hold'em No Limit ($0.01/$0.02 USD) - 2022/02/09 16:15:11 PT [2022/02/09 19:15:11 ET]
Table 'Epimetheus III' 9-max Seat #6 is the button
Seat 1: d.moura88 ($2 in chips) 
Seat 2: Sunpower333 ($1.30 in chips) 
Seat 3: THE PORPS ($2 in chips) 
Seat 4: bcknkd966 ($2.05 in chips) 
Seat 5: PedaleurdeCharm ($4.06 in chips) 
Seat 6: loyola2211 ($2.04 in chips) 
Seat 7: Dorex2007 ($2.05 in chips) 
Seat 8: BrVenger ($2.13 in chips) 
Seat 9: surbarun ($0.67 in chips) 
Dorex2007: posts small blind $0.01
BrVenger: posts big blind $0.02
THE PORPS: posts big blind $0.02
*** HOLE CARDS ***
Dealt to Dorex2007 [Ks Ad]
surbarun: folds 
d.moura88: folds 
Sunpower333: folds 
THE PORPS: checks 
bcknkd966: folds 
PedaleurdeCharm: folds 
loyola2211: folds 
Dorex2007: raises $0.08 to $0.10
BrVenger: folds 
THE PORPS: folds 
Uncalled bet ($0.08) returned to Dorex2007
Dorex2007 collected $0.06 from pot
Dorex2007: doesn't show hand 
*** SUMMARY ***
Total pot $0.06 | Rake $0 
Seat 1: d.moura88 folded before Flop (didn't bet)
Seat 2: Sunpower333 folded before Flop (didn't bet)
Seat 3: THE PORPS folded before Flop (didn't bet)
Seat 4: bcknkd966 folded before Flop (didn't bet)
Seat 5: PedaleurdeCharm folded before Flop (didn't bet)
Seat 6: loyola2211 (button) folded before Flop (didn't bet)
Seat 7: Dorex2007 (small blind) collected ($0.06)
Seat 8: BrVenger (big blind) folded before Flop
Seat 9: surbarun folded before Flop (didn't bet)



PokerStars Hand #233932246734:  Hold'em No Limit ($0.01/$0.02 USD) - 2022/02/09 16:16:02 PT [2022/02/09 19:16:02 ET]
Table 'Epimetheus III' 9-max Seat #7 is the button
Seat 1: d.moura88 ($2 in chips) 
Seat 2: Sunpower333 ($1.30 in chips) 
Seat 3: THE PORPS ($1.98 in chips) 
Seat 4: bcknkd966 ($2.05 in chips) 
Seat 5: PedaleurdeCharm ($4.06 in chips) 
Seat 6: loyola2211 ($2.04 in chips) 
Seat 7: Dorex2007 ($2.09 in chips) 
Seat 8: BrVenger ($2.11 in chips) 
Seat 9: surbarun ($0.67 in chips) 
BrVenger: posts small blind $0.01
surbarun: posts big blind $0.02
*** HOLE CARDS ***
Dealt to Dorex2007 [5h 3s]
d.moura88: folds 
Sunpower333: folds 
THE PORPS: calls $0.02
bcknkd966: folds 
PedaleurdeCharm: raises $0.04 to $0.06
loyola2211: folds 
Dorex2007: folds 
BrVenger: folds 
surbarun: calls $0.04
THE PORPS: calls $0.04
*** FLOP *** [5d 7s 5s]
surbarun: bets $0.08
THE PORPS: calls $0.08
PedaleurdeCharm: folds 
*** TURN *** [5d 7s 5s] [2h]
surbarun: bets $0.53 and is all-in
THE PORPS: folds [8s 4s]
Uncalled bet ($0.53) returned to surbarun
surbarun collected $0.34 from pot
surbarun: doesn't show hand 
*** SUMMARY ***
Total pot $0.35 | Rake $0.01 
Board [5d 7s 5s 2h]
Seat 1: d.moura88 folded before Flop (didn't bet)
Seat 2: Sunpower333 folded before Flop (didn't bet)
Seat 3: THE PORPS folded on the Turn
Seat 4: bcknkd966 folded before Flop (didn't bet)
Seat 5: PedaleurdeCharm folded on the Flop
Seat 6: loyola2211 folded before Flop (didn't bet)
Seat 7: Dorex2007 (button) folded before Flop (didn't bet)
Seat 8: BrVenger (small blind) folded before Flop
Seat 9: surbarun (big blind) collected ($0.34)



PokerStars Hand #233932266666:  Hold'em No Limit ($0.01/$0.02 USD) - 2022/02/09 16:17:01 PT [2022/02/09 19:17:01 ET]
Table 'Epimetheus III' 9-max Seat #8 is the button
Seat 1: d.moura88 ($2 in chips) 
Seat 2: Sunpower333 ($1.30 in chips) 
Seat 3: THE PORPS ($1.84 in chips) 
Seat 4: bcknkd966 ($2.05 in chips) 
Seat 5: PedaleurdeCharm ($4 in chips) 
Seat 6: loyola2211 ($2.04 in chips) 
Seat 7: Dorex2007 ($2.09 in chips) 
Seat 8: BrVenger ($2.10 in chips) 
Seat 9: surbarun ($0.87 in chips) 
surbarun: posts small blind $0.01
d.moura88: posts big blind $0.02
*** HOLE CARDS ***
Dealt to Dorex2007 [Qd Jc]
Sunpower333: folds 
THE PORPS: folds 
bcknkd966: raises $0.02 to $0.04
PedaleurdeCharm: folds 
loyola2211: calls $0.04
Dorex2007: calls $0.04
BrVenger: folds 
surbarun: folds 
d.moura88: folds 
*** FLOP *** [Qc Tc 4d]
bcknkd966: checks 
loyola2211: bets $0.06
Dorex2007: calls $0.06
bcknkd966: calls $0.06
*** TURN *** [Qc Tc 4d] [8d]
bcknkd966: checks 
loyola2211: checks 
Dorex2007: bets $0.21
bcknkd966: folds 
loyola2211: folds 
Uncalled bet ($0.21) returned to Dorex2007
Dorex2007 collected $0.32 from pot
Dorex2007: doesn't show hand 
*** SUMMARY ***
Total pot $0.33 | Rake $0.01 
Board [Qc Tc 4d 8d]
Seat 1: d.moura88 (big blind) folded before Flop
Seat 2: Sunpower333 folded before Flop (didn't bet)
Seat 3: THE PORPS folded before Flop (didn't bet)
Seat 4: bcknkd966 folded on the Turn
Seat 5: PedaleurdeCharm folded before Flop (didn't bet)
Seat 6: loyola2211 folded on the Turn
Seat 7: Dorex2007 collected ($0.32)
Seat 8: BrVenger (button) folded before Flop (didn't bet)
Seat 9: surbarun (small blind) folded before Flop



PokerStars Hand #233932282307:  Hold'em No Limit ($0.01/$0.02 USD) - 2022/02/09 16:17:46 PT [2022/02/09 19:17:46 ET]
Table 'Epimetheus III' 9-max Seat #9 is the button
Seat 1: d.moura88 ($2 in chips) 
Seat 2: Sunpower333 ($1.30 in chips) 
Seat 3: THE PORPS ($1.84 in chips) 
Seat 4: bcknkd966 ($1.95 in chips) 
Seat 5: PedaleurdeCharm ($4 in chips) 
Seat 6: loyola2211 ($1.94 in chips) 
Seat 7: Dorex2007 ($2.31 in chips) 
Seat 8: BrVenger ($2.10 in chips) 
Seat 9: surbarun ($0.86 in chips) 
d.moura88: posts small blind $0.01
Sunpower333: posts big blind $0.02
*** HOLE CARDS ***
Dealt to Dorex2007 [5d 4s]
THE PORPS: calls $0.02
bcknkd966: folds 
PedaleurdeCharm: folds 
loyola2211: raises $0.07 to $0.09
Dorex2007: folds 
BrVenger: folds 
surbarun: folds 
d.moura88: folds 
Sunpower333: folds 
THE PORPS: calls $0.07
*** FLOP *** [5c Qs As]
THE PORPS: checks 
loyola2211: bets $0.10
THE PORPS: folds 
Uncalled bet ($0.10) returned to loyola2211
loyola2211 collected $0.20 from pot
*** SUMMARY ***
Total pot $0.21 | Rake $0.01 
Board [5c Qs As]
Seat 1: d.moura88 (small blind) folded before Flop
Seat 2: Sunpower333 (big blind) folded before Flop
Seat 3: THE PORPS folded on the Flop
Seat 4: bcknkd966 folded before Flop (didn't bet)
Seat 5: PedaleurdeCharm folded before Flop (didn't bet)
Seat 6: loyola2211 collected ($0.20)
Seat 7: Dorex2007 folded before Flop (didn't bet)
Seat 8: BrVenger folded before Flop (didn't bet)
Seat 9: surbarun (button) folded before Flop (didn't bet)



PokerStars Hand #233932295613:  Hold'em No Limit ($0.01/$0.02 USD) - 2022/02/09 16:18:25 PT [2022/02/09 19:18:25 ET]
Table 'Epimetheus III' 9-max Seat #1 is the button
Seat 1: d.moura88 ($2 in chips) 
Seat 2: Sunpower333 ($1.28 in chips) 
Seat 3: THE PORPS ($1.75 in chips) 
Seat 4: bcknkd966 ($1.95 in chips) 
Seat 5: PedaleurdeCharm ($4 in chips) 
Seat 6: loyola2211 ($2.05 in chips) 
Seat 7: Dorex2007 ($2.31 in chips) 
Seat 8: BrVenger ($2.10 in chips) 
Seat 9: surbarun ($0.86 in chips) 
Sunpower333: posts small blind $0.01
THE PORPS: posts big blind $0.02
*** HOLE CARDS ***
Dealt to Dorex2007 [8d 5d]
bcknkd966: calls $0.02
PedaleurdeCharm: calls $0.02
loyola2211: folds 
Dorex2007: folds 
BrVenger: raises $0.04 to $0.06
surbarun: folds 
d.moura88: folds 
Sunpower333: folds 
THE PORPS: folds 
bcknkd966: calls $0.04
PedaleurdeCharm: calls $0.04
*** FLOP *** [Ts 2s Jc]
bcknkd966: bets $0.10
PedaleurdeCharm: folds 
BrVenger: folds 
Uncalled bet ($0.10) returned to bcknkd966
bcknkd966 collected $0.20 from pot
bcknkd966: doesn't show hand 
*** SUMMARY ***
Total pot $0.21 | Rake $0.01 
Board [Ts 2s Jc]
Seat 1: d.moura88 (button) folded before Flop (didn't bet)
Seat 2: Sunpower333 (small blind) folded before Flop
Seat 3: THE PORPS (big blind) folded before Flop
Seat 4: bcknkd966 collected ($0.20)
Seat 5: PedaleurdeCharm folded on the Flop
Seat 6: loyola2211 folded before Flop (didn't bet)
Seat 7: Dorex2007 folded before Flop (didn't bet)
Seat 8: BrVenger folded on the Flop
Seat 9: surbarun folded before Flop (didn't bet)



PokerStars Hand #233932309928:  Hold'em No Limit ($0.01/$0.02 USD) - 2022/02/09 16:19:08 PT [2022/02/09 19:19:08 ET]
Table 'Epimetheus III' 9-max Seat #2 is the button
Seat 1: d.moura88 ($2 in chips) 
Seat 2: Sunpower333 ($1.27 in chips) 
Seat 3: THE PORPS ($1.73 in chips) 
Seat 4: bcknkd966 ($2.09 in chips) 
Seat 5: PedaleurdeCharm ($3.94 in chips) 
Seat 6: loyola2211 ($2.05 in chips) 
Seat 7: Dorex2007 ($2.31 in chips) 
Seat 8: BrVenger ($2.04 in chips) 
Seat 9: surbarun ($0.86 in chips) 
THE PORPS: posts small blind $0.01
bcknkd966: posts big blind $0.02
*** HOLE CARDS ***
Dealt to Dorex2007 [6h 7s]
PedaleurdeCharm: folds 
loyola2211: folds 
Dorex2007: folds 
BrVenger: folds 
surbarun: folds 
d.moura88: folds 
Sunpower333: folds 
THE PORPS: calls $0.01
bcknkd966: checks 
*** FLOP *** [Kh 9h Th]
THE PORPS: bets $0.02
bcknkd966: folds 
Uncalled bet ($0.02) returned to THE PORPS
THE PORPS collected $0.04 from pot
THE PORPS: doesn't show hand 
*** SUMMARY ***
Total pot $0.04 | Rake $0 
Board [Kh 9h Th]
Seat 1: d.moura88 folded before Flop (didn't bet)
Seat 2: Sunpower333 (button) folded before Flop (didn't bet)
Seat 3: THE PORPS (small blind) collected ($0.04)
Seat 4: bcknkd966 (big blind) folded on the Flop
Seat 5: PedaleurdeCharm folded before Flop (didn't bet)
Seat 6: loyola2211 folded before Flop (didn't bet)
Seat 7: Dorex2007 folded before Flop (didn't bet)
Seat 8: BrVenger folded before Flop (didn't bet)
Seat 9: surbarun folded before Flop (didn't bet)



PokerStars Hand #233932316708:  Hold'em No Limit ($0.01/$0.02 USD) - 2022/02/09 16:19:28 PT [2022/02/09 19:19:28 ET]
Table 'Epimetheus III' 9-max Seat #3 is the button
Seat 1: d.moura88 ($2 in chips) 
Seat 2: Sunpower333 ($1.27 in chips) 
Seat 3: THE PORPS ($1.75 in chips) 
Seat 4: bcknkd966 ($2.07 in chips) 
Seat 5: PedaleurdeCharm ($3.94 in chips) 
Seat 6: loyola2211 ($2.05 in chips) 
Seat 7: Dorex2007 ($2.31 in chips) 
Seat 8: BrVenger ($2.04 in chips) 
Seat 9: surbarun ($0.86 in chips) 
bcknkd966: posts small blind $0.01
PedaleurdeCharm: posts big blind $0.02
*** HOLE CARDS ***
Dealt to Dorex2007 [9s 6s]
loyola2211: raises $0.02 to $0.04
Dorex2007: folds 
BrVenger: folds 
surbarun: folds 
d.moura88: folds 
Sunpower333: folds 
THE PORPS: raises $0.06 to $0.10
bcknkd966: folds 
PedaleurdeCharm: folds 
loyola2211: calls $0.06
*** FLOP *** [5s 6h Ts]
loyola2211: checks 
THE PORPS: bets $0.14
loyola2211: folds 
Uncalled bet ($0.14) returned to THE PORPS
THE PORPS collected $0.22 from pot
THE PORPS: doesn't show hand 
*** SUMMARY ***
Total pot $0.23 | Rake $0.01 
Board [5s 6h Ts]
Seat 1: d.moura88 folded before Flop (didn't bet)
Seat 2: Sunpower333 folded before Flop (didn't bet)
Seat 3: THE PORPS (button) collected ($0.22)
Seat 4: bcknkd966 (small blind) folded before Flop
Seat 5: PedaleurdeCharm (big blind) folded before Flop
Seat 6: loyola2211 folded on the Flop
Seat 7: Dorex2007 folded before Flop (didn't bet)
Seat 8: BrVenger folded before Flop (didn't bet)
Seat 9: surbarun folded before Flop (didn't bet)



PokerStars Hand #233932326637:  Hold'em No Limit ($0.01/$0.02 USD) - 2022/02/09 16:19:57 PT [2022/02/09 19:19:57 ET]
Table 'Epimetheus III' 9-max Seat #4 is the button
Seat 1: d.moura88 ($2 in chips) 
Seat 2: Sunpower333 ($1.27 in chips) 
Seat 3: THE PORPS ($1.87 in chips) 
Seat 4: bcknkd966 ($2.06 in chips) 
Seat 5: PedaleurdeCharm ($3.92 in chips) 
Seat 7: Dorex2007 ($2.31 in chips) 
Seat 8: BrVenger ($2.04 in chips) 
Seat 9: surbarun ($0.86 in chips) 
PedaleurdeCharm: posts small blind $0.01
loyola2211: is sitting out 
Dorex2007: posts big blind $0.02
*** HOLE CARDS ***
Dealt to Dorex2007 [Ts Jc]
BrVenger: folds 
loyola2211 leaves the table
BrVenger leaves the table
surbarun: folds 
d.moura88: raises $0.03 to $0.05
Sunpower333: folds 
THE PORPS: calls $0.05
bcknkd966: folds 
PedaleurdeCharm: folds 
Dorex2007: calls $0.03
*** FLOP *** [Jh 2c 9s]
Dorex2007: checks 
d.moura88: bets $0.02
THE PORPS: calls $0.02
Dorex2007: raises $0.11 to $0.13
d.moura88: folds 
THE PORPS: folds 
Uncalled bet ($0.11) returned to Dorex2007
Dorex2007 collected $0.21 from pot
Dorex2007: doesn't show hand 
*** SUMMARY ***
Total pot $0.22 | Rake $0.01 
Board [Jh 2c 9s]
Seat 1: d.moura88 folded on the Flop
Seat 2: Sunpower333 folded before Flop (didn't bet)
Seat 3: THE PORPS folded on the Flop
Seat 4: bcknkd966 (button) folded before Flop (didn't bet)
Seat 5: PedaleurdeCharm (small blind) folded before Flop
Seat 7: Dorex2007 (big blind) collected ($0.21)
Seat 8: BrVenger folded before Flop (didn't bet)
Seat 9: surbarun folded before Flop (didn't bet)



PokerStars Hand #233932349468:  Hold'em No Limit ($0.01/$0.02 USD) - 2022/02/09 16:21:05 PT [2022/02/09 19:21:05 ET]
Table 'Epimetheus III' 9-max Seat #5 is the button
Seat 1: d.moura88 ($2 in chips) 
Seat 2: Sunpower333 ($1.27 in chips) 
Seat 3: THE PORPS ($1.80 in chips) 
Seat 4: bcknkd966 ($2.06 in chips) 
Seat 5: PedaleurdeCharm ($3.91 in chips) 
Seat 7: Dorex2007 ($2.45 in chips) 
Seat 9: surbarun ($0.86 in chips) 
Dorex2007: posts small blind $0.01
racunpoison joins the table at seat #8 
surbarun: posts big blind $0.02
*** HOLE CARDS ***
Dealt to Dorex2007 [Kh 8d]
d.moura88: folds 
Sunpower333: folds 
THE PORPS: calls $0.02
bcknkd966: calls $0.02
PedaleurdeCharm: folds 
Dorex2007: folds 
surbarun: checks 
*** FLOP *** [Ks Qc 4c]
Roberto_Souza81 joins the table at seat #6 
surbarun: checks 
THE PORPS: bets $0.02
bcknkd966: folds 
surbarun: calls $0.02
*** TURN *** [Ks Qc 4c] [2h]
surbarun: checks 
THE PORPS: bets $0.02
surbarun: calls $0.02
*** RIVER *** [Ks Qc 4c 2h] [5s]
surbarun: checks 
THE PORPS: bets $0.07
surbarun: calls $0.07
*** SHOW DOWN ***
THE PORPS: shows [6d 6c] (a pair of Sixes)
surbarun: shows [Qs 6s] (a pair of Queens)
surbarun collected $0.28 from pot
*** SUMMARY ***
Total pot $0.29 | Rake $0.01 
Board [Ks Qc 4c 2h 5s]
Seat 1: d.moura88 folded before Flop (didn't bet)
Seat 2: Sunpower333 folded before Flop (didn't bet)
Seat 3: THE PORPS showed [6d 6c] and lost with a pair of Sixes
Seat 4: bcknkd966 folded on the Flop
Seat 5: PedaleurdeCharm (button) folded before Flop (didn't bet)
Seat 7: Dorex2007 (small blind) folded before Flop
Seat 9: surbarun (big blind) showed [Qs 6s] and won ($0.28) with a pair of Queens



PokerStars Hand #233932373949:  Hold'em No Limit ($0.01/$0.02 USD) - 2022/02/09 16:21:53 PT [2022/02/09 19:21:53 ET]
Table 'Epimetheus III' 9-max Seat #7 is the button
Seat 1: d.moura88 ($2 in chips) 
Seat 2: Sunpower333 ($1.27 in chips) 
Seat 3: THE PORPS ($1.67 in chips) 
Seat 4: bcknkd966 ($2.04 in chips) 
Seat 5: PedaleurdeCharm ($3.91 in chips) 
Seat 6: Roberto_Souza81 ($0.80 in chips) 
Seat 7: Dorex2007 ($2.44 in chips) 
Seat 9: surbarun ($1.01 in chips) 
surbarun: posts small blind $0.01
d.moura88: posts big blind $0.02
Roberto_Souza81: posts big blind $0.02
*** HOLE CARDS ***
Dealt to Dorex2007 [Ah As]
Sunpower333: folds 
THE PORPS: calls $0.02
bcknkd966: folds 
PedaleurdeCharm: folds 
Roberto_Souza81: checks 
Dorex2007: raises $0.08 to $0.10
surbarun: folds 
d.moura88: folds 
THE PORPS: raises $0.16 to $0.26
Roberto_Souza81: folds 
Dorex2007: raises $2.18 to $2.44 and is all-in
THE PORPS: calls $1.41 and is all-in
Uncalled bet ($0.77) returned to Dorex2007
*** FLOP *** [2c Qs 2s]
*** TURN *** [2c Qs 2s] [6s]
*** RIVER *** [2c Qs 2s 6s] [Qd]
*** SHOW DOWN ***
THE PORPS: shows [Js Kc] (two pair, Queens and Deuces)
Dorex2007: shows [Ah As] (two pair, Aces and Queens)
Dorex2007 cashed out the hand for $2.80 | Cash Out Fee $0.03
*** SUMMARY ***
Total pot $3.39 | Rake $0.12 
Board [2c Qs 2s 6s Qd]
Seat 1: d.moura88 (big blind) folded before Flop
Seat 2: Sunpower333 folded before Flop (didn't bet)
Seat 3: THE PORPS showed [Js Kc] and lost with two pair, Queens and Deuces
Seat 4: bcknkd966 folded before Flop (didn't bet)
Seat 5: PedaleurdeCharm folded before Flop (didn't bet)
Seat 6: Roberto_Souza81 folded before Flop (didn't bet)
Seat 7: Dorex2007 (button) showed [Ah As] and won ($3.27) with two pair, Aces and Queens (pot not awarded as player cashed out)
Seat 9: surbarun (small blind) folded before Flop



PokerStars Hand #233932387723:  Hold'em No Limit ($0.01/$0.02 USD) - 2022/02/09 16:22:34 PT [2022/02/09 19:22:34 ET]
Table 'Epimetheus III' 9-max Seat #9 is the button
Seat 1: d.moura88 ($2 in chips) 
Seat 2: Sunpower333 ($1.27 in chips) 
Seat 4: bcknkd966 ($2.04 in chips) 
Seat 5: PedaleurdeCharm ($3.91 in chips) 
Seat 6: Roberto_Souza81 ($0.78 in chips) 
Seat 7: Dorex2007 ($3.57 in chips) 
Seat 8: racunpoison ($2 in chips) 
Seat 9: surbarun ($1 in chips) 
d.moura88: posts small blind $0.01
Sunpower333: posts big blind $0.02
racunpoison: posts big blind $0.02
*** HOLE CARDS ***
Dealt to Dorex2007 [8h 2s]
bcknkd966: calls $0.02
PedaleurdeCharm: folds 
Roberto_Souza81: folds 
THE PORPS leaves the table
Dorex2007: folds 
racunpoison: checks 
surbarun: folds 
d.moura88: folds 
Sunpower333: checks 
*** FLOP *** [8c 5s 2d]
gutterpuncharms joins the table at seat #3 
Sunpower333: checks 
bcknkd966: checks 
racunpoison: checks 
*** TURN *** [8c 5s 2d] [Qc]
Sunpower333: checks 
bcknkd966: checks 
racunpoison: checks 
*** RIVER *** [8c 5s 2d Qc] [9d]
gutterpuncharms leaves the table
Sunpower333: checks 
bcknkd966: checks 
racunpoison: checks 
*** SHOW DOWN ***
Sunpower333: shows [7d 7s] (a pair of Sevens)
bcknkd966: shows [Kd 9c] (a pair of Nines)
racunpoison: mucks hand 
bcknkd966 collected $0.07 from pot
*** SUMMARY ***
Total pot $0.07 | Rake $0 
Board [8c 5s 2d Qc 9d]
Seat 1: d.moura88 (small blind) folded before Flop
Seat 2: Sunpower333 (big blind) showed [7d 7s] and lost with a pair of Sevens
Seat 4: bcknkd966 showed [Kd 9c] and won ($0.07) with a pair of Nines
Seat 5: PedaleurdeCharm folded before Flop (didn't bet)
Seat 6: Roberto_Souza81 folded before Flop (didn't bet)
Seat 7: Dorex2007 folded before Flop (didn't bet)
Seat 8: racunpoison mucked [5d 4h]
Seat 9: surbarun (button) folded before Flop (didn't bet)



PokerStars Hand #233932402761:  Hold'em No Limit ($0.01/$0.02 USD) - 2022/02/09 16:23:18 PT [2022/02/09 19:23:18 ET]
Table 'Epimetheus III' 9-max Seat #1 is the button
Seat 1: d.moura88 ($2 in chips) 
Seat 2: Sunpower333 ($1.25 in chips) 
Seat 4: bcknkd966 ($2.09 in chips) 
Seat 5: PedaleurdeCharm ($3.91 in chips) 
Seat 6: Roberto_Souza81 ($0.78 in chips) 
Seat 7: Dorex2007 ($3.57 in chips) 
Seat 8: racunpoison ($1.98 in chips) 
Seat 9: surbarun ($1 in chips) 
Sunpower333: posts small blind $0.01
bcknkd966: posts big blind $0.02
*** HOLE CARDS ***
Dealt to Dorex2007 [3s Js]
PedaleurdeCharm: folds 
Roberto_Souza81: folds 
Dorex2007: folds 
racunpoison: folds 
surbarun: folds 
d.moura88: folds 
Sunpower333: calls $0.01
bcknkd966: checks 
*** FLOP *** [Qs Qh 9s]
Sunpower333: checks 
bcknkd966: checks 
*** TURN *** [Qs Qh 9s] [Td]
Sunpower333: checks 
bcknkd966: checks 
*** RIVER *** [Qs Qh 9s Td] [Kh]
Sunpower333: checks 
bcknkd966: checks 
*** SHOW DOWN ***
Sunpower333: shows [2c Ah] (a pair of Queens)
bcknkd966: shows [6d Ks] (two pair, Kings and Queens)
bcknkd966 collected $0.04 from pot
*** SUMMARY ***
Total pot $0.04 | Rake $0 
Board [Qs Qh 9s Td Kh]
Seat 1: d.moura88 (button) folded before Flop (didn't bet)
Seat 2: Sunpower333 (small blind) showed [2c Ah] and lost with a pair of Queens
Seat 4: bcknkd966 (big blind) showed [6d Ks] and won ($0.04) with two pair, Kings and Queens
Seat 5: PedaleurdeCharm folded before Flop (didn't bet)
Seat 6: Roberto_Souza81 folded before Flop (didn't bet)
Seat 7: Dorex2007 folded before Flop (didn't bet)
Seat 8: racunpoison folded before Flop (didn't bet)
Seat 9: surbarun folded before Flop (didn't bet)



PokerStars Hand #233932410042:  Hold'em No Limit ($0.01/$0.02 USD) - 2022/02/09 16:23:40 PT [2022/02/09 19:23:40 ET]
Table 'Epimetheus III' 9-max Seat #2 is the button
Seat 1: d.moura88 ($2 in chips) 
Seat 2: Sunpower333 ($1.23 in chips) 
Seat 4: bcknkd966 ($2.11 in chips) 
Seat 5: PedaleurdeCharm ($3.91 in chips) 
Seat 6: Roberto_Souza81 ($0.78 in chips) 
Seat 7: Dorex2007 ($3.57 in chips) 
Seat 8: racunpoison ($1.98 in chips) 
Seat 9: surbarun ($1 in chips) 
bcknkd966: posts small blind $0.01
PedaleurdeCharm: posts big blind $0.02
*** HOLE CARDS ***
Dealt to Dorex2007 [Jc As]
bree161616 joins the table at seat #3 
Roberto_Souza81: folds 
Dorex2007: raises $0.02 to $0.04
racunpoison: folds 
surbarun: folds 
d.moura88: folds 
Sunpower333: folds 
bcknkd966: folds 
PedaleurdeCharm: calls $0.02
*** FLOP *** [7h 6d 3s]
PedaleurdeCharm: bets $0.05
Dorex2007: calls $0.05
*** TURN *** [7h 6d 3s] [Ac]
PedaleurdeCharm: checks 
Dorex2007: bets $0.12
PedaleurdeCharm: folds 
Uncalled bet ($0.12) returned to Dorex2007
Dorex2007 collected $0.18 from pot
Dorex2007: doesn't show hand 
*** SUMMARY ***
Total pot $0.19 | Rake $0.01 
Board [7h 6d 3s Ac]
Seat 1: d.moura88 folded before Flop (didn't bet)
Seat 2: Sunpower333 (button) folded before Flop (didn't bet)
Seat 4: bcknkd966 (small blind) folded before Flop
Seat 5: PedaleurdeCharm (big blind) folded on the Turn
Seat 6: Roberto_Souza81 folded before Flop (didn't bet)
Seat 7: Dorex2007 collected ($0.18)
Seat 8: racunpoison folded before Flop (didn't bet)
Seat 9: surbarun folded before Flop (didn't bet)



PokerStars Hand #233932424464:  Hold'em No Limit ($0.01/$0.02 USD) - 2022/02/09 16:24:23 PT [2022/02/09 19:24:23 ET]
Table 'Epimetheus III' 9-max Seat #4 is the button
Seat 1: d.moura88 ($2 in chips) 
Seat 2: Sunpower333 ($1.23 in chips) 
Seat 3: bree161616 ($1.60 in chips) 
Seat 4: bcknkd966 ($2.10 in chips) 
Seat 5: PedaleurdeCharm ($3.82 in chips) 
Seat 6: Roberto_Souza81 ($0.78 in chips) 
Seat 7: Dorex2007 ($3.66 in chips) 
Seat 8: racunpoison ($1.98 in chips) 
Seat 9: surbarun ($1 in chips) 
PedaleurdeCharm: posts small blind $0.01
Roberto_Souza81: posts big blind $0.02
bree161616: posts big blind $0.02
*** HOLE CARDS ***
Dealt to Dorex2007 [Qd 6h]
Dorex2007: folds 
racunpoison: raises $0.04 to $0.06
surbarun: folds 
d.moura88: folds 
Sunpower333: folds 
bree161616: calls $0.04
bcknkd966: folds 
PedaleurdeCharm: folds 
Roberto_Souza81: folds 
*** FLOP *** [Jc Kh Th]
racunpoison: checks 
bree161616: checks 
*** TURN *** [Jc Kh Th] [Kc]
racunpoison: checks 
bree161616: checks 
*** RIVER *** [Jc Kh Th Kc] [Ac]
racunpoison: bets $0.14
bree161616: calls $0.14
*** SHOW DOWN ***
racunpoison: shows [Jd 9h] (two pair, Kings and Jacks)
bree161616: shows [Ad 8c] (two pair, Aces and Kings)
bree161616 collected $0.41 from pot
*** SUMMARY ***
Total pot $0.43 | Rake $0.02 
Board [Jc Kh Th Kc Ac]
Seat 1: d.moura88 folded before Flop (didn't bet)
Seat 2: Sunpower333 folded before Flop (didn't bet)
Seat 3: bree161616 showed [Ad 8c] and won ($0.41) with two pair, Aces and Kings
Seat 4: bcknkd966 (button) folded before Flop (didn't bet)
Seat 5: PedaleurdeCharm (small blind) folded before Flop
Seat 6: Roberto_Souza81 (big blind) folded before Flop
Seat 7: Dorex2007 folded before Flop (didn't bet)
Seat 8: racunpoison showed [Jd 9h] and lost with two pair, Kings and Jacks
Seat 9: surbarun folded before Flop (didn't bet)



PokerStars Hand #233932435171:  Hold'em No Limit ($0.01/$0.02 USD) - 2022/02/09 16:24:55 PT [2022/02/09 19:24:55 ET]
Table 'Epimetheus III' 9-max Seat #5 is the button
Seat 1: d.moura88 ($2 in chips) 
Seat 2: Sunpower333 ($1.23 in chips) 
Seat 3: bree161616 ($1.81 in chips) 
Seat 4: bcknkd966 ($2.10 in chips) 
Seat 5: PedaleurdeCharm ($3.81 in chips) 
Seat 6: Roberto_Souza81 ($0.76 in chips) 
Seat 7: Dorex2007 ($3.66 in chips) 
Seat 8: racunpoison ($1.78 in chips) 
Seat 9: surbarun ($1 in chips) 
Roberto_Souza81: posts small blind $0.01
Dorex2007: posts big blind $0.02
*** HOLE CARDS ***
Dealt to Dorex2007 [Ts 6h]
racunpoison: raises $0.04 to $0.06
surbarun: folds 
d.moura88: folds 
Sunpower333: folds 
bree161616: folds 
bcknkd966: calls $0.06
PedaleurdeCharm: folds 
Roberto_Souza81: calls $0.05
Dorex2007: folds 
*** FLOP *** [7h 5h 9d]
Roberto_Souza81: checks 
racunpoison: checks 
bcknkd966: bets $0.10
Roberto_Souza81: folds 
racunpoison: calls $0.10
*** TURN *** [7h 5h 9d] [Jc]
racunpoison: checks 
bcknkd966: checks 
*** RIVER *** [7h 5h 9d Jc] [3d]
racunpoison: checks 
bcknkd966: checks 
*** SHOW DOWN ***
racunpoison: shows [8s As] (high card Ace)
bcknkd966: mucks hand 
racunpoison collected $0.39 from pot
*** SUMMARY ***
Total pot $0.40 | Rake $0.01 
Board [7h 5h 9d Jc 3d]
Seat 1: d.moura88 folded before Flop (didn't bet)
Seat 2: Sunpower333 folded before Flop (didn't bet)
Seat 3: bree161616 folded before Flop (didn't bet)
Seat 4: bcknkd966 mucked [2s Ac]
Seat 5: PedaleurdeCharm (button) folded before Flop (didn't bet)
Seat 6: Roberto_Souza81 (small blind) folded on the Flop
Seat 7: Dorex2007 (big blind) folded before Flop
Seat 8: racunpoison showed [8s As] and won ($0.39) with high card Ace
Seat 9: surbarun folded before Flop (didn't bet)



PokerStars Hand #233932448945:  Hold'em No Limit ($0.01/$0.02 USD) - 2022/02/09 16:25:37 PT [2022/02/09 19:25:37 ET]
Table 'Epimetheus III' 9-max Seat #6 is the button
Seat 1: d.moura88 ($2 in chips) 
Seat 2: Sunpower333 ($1.23 in chips) 
Seat 3: bree161616 ($1.81 in chips) 
Seat 4: bcknkd966 ($1.94 in chips) 
Seat 5: PedaleurdeCharm ($3.81 in chips) 
Seat 6: Roberto_Souza81 ($0.70 in chips) 
Seat 7: Dorex2007 ($3.64 in chips) 
Seat 8: racunpoison ($2.01 in chips) 
Seat 9: surbarun ($1 in chips) 
Dorex2007: posts small blind $0.01
racunpoison: posts big blind $0.02
*** HOLE CARDS ***
Dealt to Dorex2007 [Kc 9d]
surbarun: folds 
d.moura88: folds 
Sunpower333: folds 
bree161616: folds 
bcknkd966: calls $0.02
PedaleurdeCharm: folds 
Roberto_Souza81: folds 
Dorex2007: folds 
racunpoison: raises $0.04 to $0.06
bcknkd966: calls $0.04
*** FLOP *** [Jd 9c Ts]
racunpoison: bets $0.13
bcknkd966: folds 
Uncalled bet ($0.13) returned to racunpoison
racunpoison collected $0.13 from pot
*** SUMMARY ***
Total pot $0.13 | Rake $0 
Board [Jd 9c Ts]
Seat 1: d.moura88 folded before Flop (didn't bet)
Seat 2: Sunpower333 folded before Flop (didn't bet)
Seat 3: bree161616 folded before Flop (didn't bet)
Seat 4: bcknkd966 folded on the Flop
Seat 5: PedaleurdeCharm folded before Flop (didn't bet)
Seat 6: Roberto_Souza81 (button) folded before Flop (didn't bet)
Seat 7: Dorex2007 (small blind) folded before Flop
Seat 8: racunpoison (big blind) collected ($0.13)
Seat 9: surbarun folded before Flop (didn't bet)



PokerStars Hand #233932458685:  Hold'em No Limit ($0.01/$0.02 USD) - 2022/02/09 16:26:06 PT [2022/02/09 19:26:06 ET]
Table 'Epimetheus III' 9-max Seat #7 is the button
Seat 1: d.moura88 ($2 in chips) 
Seat 2: Sunpower333 ($1.23 in chips) 
Seat 3: bree161616 ($1.81 in chips) 
Seat 4: bcknkd966 ($1.88 in chips) 
Seat 5: PedaleurdeCharm ($3.81 in chips) 
Seat 6: Roberto_Souza81 ($0.70 in chips) 
Seat 7: Dorex2007 ($3.63 in chips) 
Seat 8: racunpoison ($2.08 in chips) 
Seat 9: surbarun ($1 in chips) 
racunpoison: posts small blind $0.01
surbarun: posts big blind $0.02
*** HOLE CARDS ***
Dealt to Dorex2007 [3c 8c]
d.moura88: folds 
Sunpower333: folds 
bree161616: folds 
bcknkd966: calls $0.02
PedaleurdeCharm: folds 
Roberto_Souza81: calls $0.02
Dorex2007: folds 
racunpoison: calls $0.01
surbarun: checks 
*** FLOP *** [Jh Qc Kh]
racunpoison: checks 
surbarun: checks 
bcknkd966: checks 
Roberto_Souza81: checks 
*** TURN *** [Jh Qc Kh] [2s]
racunpoison: checks 
surbarun: bets $0.13
bcknkd966: calls $0.13
Roberto_Souza81: folds 
racunpoison: folds 
*** RIVER *** [Jh Qc Kh 2s] [3d]
surbarun: bets $0.21
bcknkd966: calls $0.21
*** SHOW DOWN ***
surbarun: shows [9d Td] (a straight, Nine to King)
bcknkd966: mucks hand 
surbarun collected $0.73 from pot
*** SUMMARY ***
Total pot $0.76 | Rake $0.03 
Board [Jh Qc Kh 2s 3d]
Seat 1: d.moura88 folded before Flop (didn't bet)
Seat 2: Sunpower333 folded before Flop (didn't bet)
Seat 3: bree161616 folded before Flop (didn't bet)
Seat 4: bcknkd966 mucked [2c 2h]
Seat 5: PedaleurdeCharm folded before Flop (didn't bet)
Seat 6: Roberto_Souza81 folded on the Turn
Seat 7: Dorex2007 (button) folded before Flop (didn't bet)
Seat 8: racunpoison (small blind) folded on the Turn
Seat 9: surbarun (big blind) showed [9d Td] and won ($0.73) with a straight, Nine to King



PokerStars Hand #233932477295:  Hold'em No Limit ($0.01/$0.02 USD) - 2022/02/09 16:27:02 PT [2022/02/09 19:27:02 ET]
Table 'Epimetheus III' 9-max Seat #8 is the button
Seat 1: d.moura88 ($2 in chips) 
Seat 2: Sunpower333 ($1.23 in chips) 
Seat 3: bree161616 ($1.81 in chips) 
Seat 4: bcknkd966 ($1.52 in chips) 
Seat 5: PedaleurdeCharm ($3.81 in chips) 
Seat 6: Roberto_Souza81 ($0.68 in chips) 
Seat 7: Dorex2007 ($3.63 in chips) 
Seat 8: racunpoison ($2.06 in chips) 
Seat 9: surbarun ($1.37 in chips) 
surbarun: posts small blind $0.01
d.moura88: posts big blind $0.02
*** HOLE CARDS ***
Dealt to Dorex2007 [Qh 5s]
Sunpower333: folds 
bree161616: folds 
bcknkd966: folds 
PedaleurdeCharm: raises $0.04 to $0.06
Roberto_Souza81: folds 
Dorex2007: folds 
racunpoison: folds 
surbarun: calls $0.05
d.moura88: calls $0.04
*** FLOP *** [Ac 5h Ks]
surbarun: checks 
d.moura88: checks 
PedaleurdeCharm: bets $0.12
surbarun: folds 
d.moura88: folds 
Uncalled bet ($0.12) returned to PedaleurdeCharm
PedaleurdeCharm collected $0.17 from pot
*** SUMMARY ***
Total pot $0.18 | Rake $0.01 
Board [Ac 5h Ks]
Seat 1: d.moura88 (big blind) folded on the Flop
Seat 2: Sunpower333 folded before Flop (didn't bet)
Seat 3: bree161616 folded before Flop (didn't bet)
Seat 4: bcknkd966 folded before Flop (didn't bet)
Seat 5: PedaleurdeCharm collected ($0.17)
Seat 6: Roberto_Souza81 folded before Flop (didn't bet)
Seat 7: Dorex2007 folded before Flop (didn't bet)
Seat 8: racunpoison (button) folded before Flop (didn't bet)
Seat 9: surbarun (small blind) folded on the Flop



PokerStars Hand #233932490687:  Hold'em No Limit ($0.01/$0.02 USD) - 2022/02/09 16:27:43 PT [2022/02/09 19:27:43 ET]
Table 'Epimetheus III' 9-max Seat #9 is the button
Seat 1: d.moura88 ($2 in chips) 
Seat 2: Sunpower333 ($1.23 in chips) 
Seat 3: bree161616 ($1.81 in chips) 
Seat 4: bcknkd966 ($1.52 in chips) 
Seat 5: PedaleurdeCharm ($3.92 in chips) 
Seat 6: Roberto_Souza81 ($0.68 in chips) 
Seat 7: Dorex2007 ($3.63 in chips) 
Seat 8: racunpoison ($2.06 in chips) 
Seat 9: surbarun ($1.31 in chips) 
d.moura88: posts small blind $0.01
Sunpower333: posts big blind $0.02
*** HOLE CARDS ***
Dealt to Dorex2007 [8d Jh]
bree161616: folds 
bcknkd966: raises $0.02 to $0.04
PedaleurdeCharm: raises $0.02 to $0.06
Roberto_Souza81: folds 
Dorex2007: folds 
racunpoison: calls $0.06
surbarun: raises $1.25 to $1.31 and is all-in
d.moura88: folds 
Sunpower333: folds 
bcknkd966: folds 
PedaleurdeCharm: folds 
racunpoison: folds 
Uncalled bet ($1.25) returned to surbarun
surbarun collected $0.25 from pot
surbarun: doesn't show hand 
*** SUMMARY ***
Total pot $0.25 | Rake $0 
Seat 1: d.moura88 (small blind) folded before Flop
Seat 2: Sunpower333 (big blind) folded before Flop
Seat 3: bree161616 folded before Flop (didn't bet)
Seat 4: bcknkd966 folded before Flop
Seat 5: PedaleurdeCharm folded before Flop
Seat 6: Roberto_Souza81 folded before Flop (didn't bet)
Seat 7: Dorex2007 folded before Flop (didn't bet)
Seat 8: racunpoison folded before Flop
Seat 9: surbarun (button) collected ($0.25)



PokerStars Hand #233932499725:  Hold'em No Limit ($0.01/$0.02 USD) - 2022/02/09 16:28:11 PT [2022/02/09 19:28:11 ET]
Table 'Epimetheus III' 9-max Seat #1 is the button
Seat 1: d.moura88 ($2 in chips) 
Seat 2: Sunpower333 ($1.21 in chips) 
Seat 3: bree161616 ($1.81 in chips) 
Seat 4: bcknkd966 ($1.48 in chips) 
Seat 5: PedaleurdeCharm ($3.86 in chips) 
Seat 6: Roberto_Souza81 ($0.68 in chips) 
Seat 7: Dorex2007 ($3.63 in chips) 
Seat 8: racunpoison ($2 in chips) 
Seat 9: surbarun ($1.50 in chips) 
Sunpower333: posts small blind $0.01
bree161616: posts big blind $0.02
*** HOLE CARDS ***
Dealt to Dorex2007 [Th Ad]
bcknkd966: folds 
PedaleurdeCharm: folds 
Roberto_Souza81: folds 
Dorex2007: folds 
racunpoison: folds 
surbarun: folds 
d.moura88: folds 
Sunpower333: folds 
Uncalled bet ($0.01) returned to bree161616
bree161616 collected $0.02 from pot
*** SUMMARY ***
Total pot $0.02 | Rake $0 
Seat 1: d.moura88 (button) folded before Flop (didn't bet)
Seat 2: Sunpower333 (small blind) folded before Flop
Seat 3: bree161616 (big blind) collected ($0.02)
Seat 4: bcknkd966 folded before Flop (didn't bet)
Seat 5: PedaleurdeCharm folded before Flop (didn't bet)
Seat 6: Roberto_Souza81 folded before Flop (didn't bet)
Seat 7: Dorex2007 folded before Flop (didn't bet)
Seat 8: racunpoison folded before Flop (didn't bet)
Seat 9: surbarun folded before Flop (didn't bet)



PokerStars Hand #233932504234:  Hold'em No Limit ($0.01/$0.02 USD) - 2022/02/09 16:28:25 PT [2022/02/09 19:28:25 ET]
Table 'Epimetheus III' 9-max Seat #2 is the button
Seat 1: d.moura88 ($2 in chips) 
Seat 2: Sunpower333 ($1.20 in chips) 
Seat 3: bree161616 ($1.82 in chips) 
Seat 4: bcknkd966 ($1.48 in chips) 
Seat 5: PedaleurdeCharm ($3.86 in chips) 
Seat 6: Roberto_Souza81 ($0.68 in chips) 
Seat 7: Dorex2007 ($3.63 in chips) 
Seat 8: racunpoison ($2 in chips) 
Seat 9: surbarun ($1.50 in chips) 
bree161616: posts small blind $0.01
bcknkd966: posts big blind $0.02
*** HOLE CARDS ***
Dealt to Dorex2007 [Qc Ac]
PedaleurdeCharm: calls $0.02
Roberto_Souza81: folds 
Dorex2007: raises $0.02 to $0.04
racunpoison: folds 
surbarun: folds 
d.moura88: folds 
Sunpower333: folds 
bree161616: folds 
bcknkd966: calls $0.02
PedaleurdeCharm: calls $0.02
*** FLOP *** [Jd 5s 8h]
bcknkd966: checks 
PedaleurdeCharm: bets $0.10
Dorex2007: folds 
bcknkd966: folds 
Uncalled bet ($0.10) returned to PedaleurdeCharm
PedaleurdeCharm collected $0.13 from pot
*** SUMMARY ***
Total pot $0.13 | Rake $0 
Board [Jd 5s 8h]
Seat 1: d.moura88 folded before Flop (didn't bet)
Seat 2: Sunpower333 (button) folded before Flop (didn't bet)
Seat 3: bree161616 (small blind) folded before Flop
Seat 4: bcknkd966 (big blind) folded on the Flop
Seat 5: PedaleurdeCharm collected ($0.13)
Seat 6: Roberto_Souza81 folded before Flop (didn't bet)
Seat 7: Dorex2007 folded on the Flop
Seat 8: racunpoison folded before Flop (didn't bet)
Seat 9: surbarun folded before Flop (didn't bet)



PokerStars Hand #233932516467:  Hold'em No Limit ($0.01/$0.02 USD) - 2022/02/09 16:29:02 PT [2022/02/09 19:29:02 ET]
Table 'Epimetheus III' 9-max Seat #3 is the button
Seat 1: d.moura88 ($2 in chips) 
Seat 2: Sunpower333 ($1.20 in chips) 
Seat 3: bree161616 ($1.81 in chips) 
Seat 4: bcknkd966 ($1.44 in chips) 
Seat 5: PedaleurdeCharm ($3.95 in chips) 
Seat 6: Roberto_Souza81 ($0.68 in chips) 
Seat 7: Dorex2007 ($3.59 in chips) 
Seat 8: racunpoison ($2 in chips) 
Seat 9: surbarun ($1.50 in chips) 
bcknkd966: posts small blind $0.01
PedaleurdeCharm: posts big blind $0.02
*** HOLE CARDS ***
Dealt to Dorex2007 [8h Qh]
Roberto_Souza81: folds 
Dorex2007: folds 
racunpoison: folds 
surbarun: raises $0.03 to $0.05
d.moura88: folds 
Sunpower333: folds 
bree161616: folds 
bcknkd966: calls $0.04
PedaleurdeCharm: folds 
*** FLOP *** [Jh Qc 4d]
bcknkd966: checks 
surbarun: checks 
*** TURN *** [Jh Qc 4d] [3c]
bcknkd966: checks 
surbarun: bets $0.05
bcknkd966: calls $0.05
*** RIVER *** [Jh Qc 4d 3c] [9d]
bcknkd966: checks 
surbarun: checks 
*** SHOW DOWN ***
bcknkd966: shows [3h As] (a pair of Threes)
surbarun: shows [Th Ts] (a pair of Tens)
surbarun collected $0.21 from pot
*** SUMMARY ***
Total pot $0.22 | Rake $0.01 
Board [Jh Qc 4d 3c 9d]
Seat 1: d.moura88 folded before Flop (didn't bet)
Seat 2: Sunpower333 folded before Flop (didn't bet)
Seat 3: bree161616 (button) folded before Flop (didn't bet)
Seat 4: bcknkd966 (small blind) showed [3h As] and lost with a pair of Threes
Seat 5: PedaleurdeCharm (big blind) folded before Flop
Seat 6: Roberto_Souza81 folded before Flop (didn't bet)
Seat 7: Dorex2007 folded before Flop (didn't bet)
Seat 8: racunpoison folded before Flop (didn't bet)
Seat 9: surbarun showed [Th Ts] and won ($0.21) with a pair of Tens



PokerStars Hand #233932526213:  Hold'em No Limit ($0.01/$0.02 USD) - 2022/02/09 16:29:32 PT [2022/02/09 19:29:32 ET]
Table 'Epimetheus III' 9-max Seat #4 is the button
Seat 1: d.moura88 ($2 in chips) 
Seat 2: Sunpower333 ($1.20 in chips) 
Seat 3: bree161616 ($1.81 in chips) 
Seat 4: bcknkd966 ($1.34 in chips) 
Seat 5: PedaleurdeCharm ($3.93 in chips) 
Seat 6: Roberto_Souza81 ($0.68 in chips) 
Seat 7: Dorex2007 ($3.59 in chips) 
Seat 8: racunpoison ($2 in chips) 
Seat 9: surbarun ($1.61 in chips) 
PedaleurdeCharm: posts small blind $0.01
Roberto_Souza81: posts big blind $0.02
*** HOLE CARDS ***
Dealt to Dorex2007 [2h Qs]
Dorex2007: folds 
racunpoison: raises $0.04 to $0.06
surbarun: folds 
d.moura88: folds 
Sunpower333: folds 
bree161616: calls $0.06
bcknkd966: folds 
PedaleurdeCharm: folds 
Roberto_Souza81: folds 
*** FLOP *** [2c 8c 7c]
racunpoison: bets $0.07
bree161616: calls $0.07
*** TURN *** [2c 8c 7c] [Kc]
racunpoison: bets $0.14
bree161616: calls $0.14
*** RIVER *** [2c 8c 7c Kc] [Kh]
racunpoison: bets $0.55
bree161616: calls $0.55
*** SHOW DOWN ***
racunpoison: shows [Ac 3c] (a flush, Ace high)
bree161616: mucks hand 
racunpoison collected $1.61 from pot
*** SUMMARY ***
Total pot $1.67 | Rake $0.06 
Board [2c 8c 7c Kc Kh]
Seat 1: d.moura88 folded before Flop (didn't bet)
Seat 2: Sunpower333 folded before Flop (didn't bet)
Seat 3: bree161616 mucked [9c 8s]
Seat 4: bcknkd966 (button) folded before Flop (didn't bet)
Seat 5: PedaleurdeCharm (small blind) folded before Flop
Seat 6: Roberto_Souza81 (big blind) folded before Flop
Seat 7: Dorex2007 folded before Flop (didn't bet)
Seat 8: racunpoison showed [Ac 3c] and won ($1.61) with a flush, Ace high
Seat 9: surbarun folded before Flop (didn't bet)



PokerStars Hand #233932540010:  Hold'em No Limit ($0.01/$0.02 USD) - 2022/02/09 16:30:14 PT [2022/02/09 19:30:14 ET]
Table 'Epimetheus III' 9-max Seat #5 is the button
Seat 1: d.moura88 ($2 in chips) 
Seat 2: Sunpower333 ($1.20 in chips) 
Seat 3: bree161616 ($0.99 in chips) 
Seat 4: bcknkd966 ($1.34 in chips) 
Seat 5: PedaleurdeCharm ($3.92 in chips) 
Seat 6: Roberto_Souza81 ($0.66 in chips) 
Seat 7: Dorex2007 ($3.59 in chips) 
Seat 8: racunpoison ($2.79 in chips) 
Seat 9: surbarun ($1.61 in chips) 
Roberto_Souza81: posts small blind $0.01
Dorex2007: posts big blind $0.02
*** HOLE CARDS ***
Dealt to Dorex2007 [4d 7d]
racunpoison: raises $0.04 to $0.06
surbarun: folds 
d.moura88: folds 
Sunpower333: folds 
bree161616: calls $0.06
bcknkd966: calls $0.06
PedaleurdeCharm: folds 
Roberto_Souza81: folds 
Dorex2007: folds 
*** FLOP *** [2d Qc 2c]
racunpoison: checks 
bree161616: checks 
bcknkd966: checks 
*** TURN *** [2d Qc 2c] [3c]
racunpoison: checks 
bree161616: checks 
bcknkd966: bets $0.06
racunpoison: folds 
bree161616: folds 
Uncalled bet ($0.06) returned to bcknkd966
bcknkd966 collected $0.20 from pot
bcknkd966: doesn't show hand 
*** SUMMARY ***
Total pot $0.21 | Rake $0.01 
Board [2d Qc 2c 3c]
Seat 1: d.moura88 folded before Flop (didn't bet)
Seat 2: Sunpower333 folded before Flop (didn't bet)
Seat 3: bree161616 folded on the Turn
Seat 4: bcknkd966 collected ($0.20)
Seat 5: PedaleurdeCharm (button) folded before Flop (didn't bet)
Seat 6: Roberto_Souza81 (small blind) folded before Flop
Seat 7: Dorex2007 (big blind) folded before Flop
Seat 8: racunpoison folded on the Turn
Seat 9: surbarun folded before Flop (didn't bet)



PokerStars Hand #233932552192:  Hold'em No Limit ($0.01/$0.02 USD) - 2022/02/09 16:30:52 PT [2022/02/09 19:30:52 ET]
Table 'Epimetheus III' 9-max Seat #6 is the button
Seat 1: d.moura88 ($2 in chips) 
Seat 2: Sunpower333 ($1.20 in chips) 
Seat 3: bree161616 ($0.93 in chips) 
Seat 4: bcknkd966 ($1.48 in chips) 
Seat 5: PedaleurdeCharm ($3.92 in chips) 
Seat 6: Roberto_Souza81 ($0.65 in chips) 
Seat 7: Dorex2007 ($3.57 in chips) 
Seat 8: racunpoison ($2.73 in chips) 
Seat 9: surbarun ($1.61 in chips) 
Dorex2007: posts small blind $0.01
racunpoison: posts big blind $0.02
*** HOLE CARDS ***
Dealt to Dorex2007 [3s Ah]
surbarun: folds 
d.moura88: folds 
Sunpower333: folds 
bree161616: folds 
bcknkd966: folds 
PedaleurdeCharm: folds 
Roberto_Souza81: folds 
Dorex2007: folds 
Uncalled bet ($0.01) returned to racunpoison
racunpoison collected $0.02 from pot
surbarun leaves the table
*** SUMMARY ***
Total pot $0.02 | Rake $0 
Seat 1: d.moura88 folded before Flop (didn't bet)
Seat 2: Sunpower333 folded before Flop (didn't bet)
Seat 3: bree161616 folded before Flop (didn't bet)
Seat 4: bcknkd966 folded before Flop (didn't bet)
Seat 5: PedaleurdeCharm folded before Flop (didn't bet)
Seat 6: Roberto_Souza81 (button) folded before Flop (didn't bet)
Seat 7: Dorex2007 (small blind) folded before Flop
Seat 8: racunpoison (big blind) collected ($0.02)
Seat 9: surbarun folded before Flop (didn't bet)



PokerStars Hand #233932556623:  Hold'em No Limit ($0.01/$0.02 USD) - 2022/02/09 16:31:06 PT [2022/02/09 19:31:06 ET]
Table 'Epimetheus III' 9-max Seat #7 is the button
Seat 1: d.moura88 ($2 in chips) 
Seat 2: Sunpower333 ($1.20 in chips) 
Seat 3: bree161616 ($0.93 in chips) 
Seat 4: bcknkd966 ($1.48 in chips) 
Seat 5: PedaleurdeCharm ($3.92 in chips) 
Seat 6: Roberto_Souza81 ($0.65 in chips) 
Seat 7: Dorex2007 ($3.56 in chips) 
Seat 8: racunpoison ($2.74 in chips) 
racunpoison: posts small blind $0.01
d.moura88: posts big blind $0.02
*** HOLE CARDS ***
Dealt to Dorex2007 [2h 8s]
Sunpower333: folds 
bree161616: folds 
bcknkd966: folds 
PedaleurdeCharm: folds 
Roberto_Souza81: calls $0.02
Dorex2007: folds 
racunpoison: calls $0.01
d.moura88: checks 
*** FLOP *** [Jd Js Tc]
racunpoison: checks 
d.moura88: checks 
Roberto_Souza81: checks 
*** TURN *** [Jd Js Tc] [Kh]
racunpoison: bets $0.06
d.moura88: folds 
Pepono101 joins the table at seat #9 
Roberto_Souza81: raises $0.06 to $0.12
racunpoison: calls $0.06
*** RIVER *** [Jd Js Tc Kh] [2c]
racunpoison: checks 
Roberto_Souza81: bets $0.20
racunpoison: calls $0.20
*** SHOW DOWN ***
Roberto_Souza81: shows [Jh Ts] (a full house, Jacks full of Tens)
racunpoison: mucks hand 
Roberto_Souza81 collected $0.68 from pot
*** SUMMARY ***
Total pot $0.70 | Rake $0.02 
Board [Jd Js Tc Kh 2c]
Seat 1: d.moura88 (big blind) folded on the Turn
Seat 2: Sunpower333 folded before Flop (didn't bet)
Seat 3: bree161616 folded before Flop (didn't bet)
Seat 4: bcknkd966 folded before Flop (didn't bet)
Seat 5: PedaleurdeCharm folded before Flop (didn't bet)
Seat 6: Roberto_Souza81 showed [Jh Ts] and won ($0.68) with a full house, Jacks full of Tens
Seat 7: Dorex2007 (button) folded before Flop (didn't bet)
Seat 8: racunpoison (small blind) mucked [Kd 5c]



PokerStars Hand #233932582356:  Hold'em No Limit ($0.01/$0.02 USD) - 2022/02/09 16:32:25 PT [2022/02/09 19:32:25 ET]
Table 'Epimetheus III' 9-max Seat #8 is the button
Seat 1: d.moura88 ($2 in chips) 
Seat 2: Sunpower333 ($1.20 in chips) 
Seat 3: bree161616 ($0.93 in chips) 
Seat 4: bcknkd966 ($1.48 in chips) 
Seat 5: PedaleurdeCharm ($3.92 in chips) 
Seat 6: Roberto_Souza81 ($0.99 in chips) 
Seat 7: Dorex2007 ($3.56 in chips) 
Seat 8: racunpoison ($2.40 in chips) 
d.moura88: posts small blind $0.01
Sunpower333: posts big blind $0.02
*** HOLE CARDS ***
Dealt to Dorex2007 [Td 3h]
bree161616: folds 
bcknkd966: folds 
PedaleurdeCharm: calls $0.02
Roberto_Souza81: folds 
Dorex2007: folds 
racunpoison: folds 
d.moura88: raises $0.06 to $0.08
Sunpower333: folds 
PedaleurdeCharm: calls $0.06
*** FLOP *** [As Qc Kd]
d.moura88: bets $0.14
PedaleurdeCharm: folds 
Uncalled bet ($0.14) returned to d.moura88
d.moura88 collected $0.17 from pot
d.moura88: doesn't show hand 
*** SUMMARY ***
Total pot $0.18 | Rake $0.01 
Board [As Qc Kd]
Seat 1: d.moura88 (small blind) collected ($0.17)
Seat 2: Sunpower333 (big blind) folded before Flop
Seat 3: bree161616 folded before Flop (didn't bet)
Seat 4: bcknkd966 folded before Flop (didn't bet)
Seat 5: PedaleurdeCharm folded on the Flop
Seat 6: Roberto_Souza81 folded before Flop (didn't bet)
Seat 7: Dorex2007 folded before Flop (didn't bet)
Seat 8: racunpoison (button) folded before Flop (didn't bet)



PokerStars Hand #233932596671:  Hold'em No Limit ($0.01/$0.02 USD) - 2022/02/09 16:33:10 PT [2022/02/09 19:33:10 ET]
Table 'Epimetheus III' 9-max Seat #1 is the button
Seat 1: d.moura88 ($2.09 in chips) 
Seat 2: Sunpower333 ($1.18 in chips) 
Seat 3: bree161616 ($0.93 in chips) 
Seat 4: bcknkd966 ($1.48 in chips) 
Seat 5: PedaleurdeCharm ($3.84 in chips) 
Seat 6: Roberto_Souza81 ($0.99 in chips) 
Seat 7: Dorex2007 ($3.56 in chips) 
Seat 8: racunpoison ($2.40 in chips) 
Seat 9: Pepono101 ($2 in chips) 
Sunpower333: posts small blind $0.01
bree161616: posts big blind $0.02
Pepono101: posts big blind $0.02
*** HOLE CARDS ***
Dealt to Dorex2007 [Kd 3c]
bcknkd966: calls $0.02
PedaleurdeCharm: folds 
Roberto_Souza81: folds 
Dorex2007: folds 
racunpoison: raises $0.04 to $0.06
Pepono101: folds 
d.moura88: folds 
Sunpower333: folds 
bree161616: folds 
bcknkd966: calls $0.04
*** FLOP *** [6c Jh Ad]
bcknkd966: checks 
racunpoison: bets $0.16
bcknkd966: folds 
Uncalled bet ($0.16) returned to racunpoison
racunpoison collected $0.16 from pot
*** SUMMARY ***
Total pot $0.17 | Rake $0.01 
Board [6c Jh Ad]
Seat 1: d.moura88 (button) folded before Flop (didn't bet)
Seat 2: Sunpower333 (small blind) folded before Flop
Seat 3: bree161616 (big blind) folded before Flop
Seat 4: bcknkd966 folded on the Flop
Seat 5: PedaleurdeCharm folded before Flop (didn't bet)
Seat 6: Roberto_Souza81 folded before Flop (didn't bet)
Seat 7: Dorex2007 folded before Flop (didn't bet)
Seat 8: racunpoison collected ($0.16)
Seat 9: Pepono101 folded before Flop (didn't bet)



PokerStars Hand #233932605317:  Hold'em No Limit ($0.01/$0.02 USD) - 2022/02/09 16:33:37 PT [2022/02/09 19:33:37 ET]
Table 'Epimetheus III' 9-max Seat #2 is the button
Seat 1: d.moura88 ($2.09 in chips) 
Seat 2: Sunpower333 ($1.17 in chips) 
Seat 3: bree161616 ($0.91 in chips) 
Seat 4: bcknkd966 ($1.42 in chips) 
Seat 5: PedaleurdeCharm ($3.84 in chips) 
Seat 6: Roberto_Souza81 ($0.99 in chips) 
Seat 7: Dorex2007 ($3.56 in chips) 
Seat 8: racunpoison ($2.50 in chips) 
Seat 9: Pepono101 ($1.98 in chips) 
bree161616: posts small blind $0.01
bcknkd966: posts big blind $0.02
*** HOLE CARDS ***
Dealt to Dorex2007 [2c Ks]
PedaleurdeCharm: folds 
Roberto_Souza81: folds 
Dorex2007: folds 
racunpoison: folds 
Pepono101: folds 
d.moura88: raises $0.05 to $0.07
Sunpower333: folds 
bree161616: calls $0.06
bcknkd966: folds 
*** FLOP *** [3d Qs 3s]
bree161616: bets $0.08
d.moura88 has timed out
d.moura88: folds 
Uncalled bet ($0.08) returned to bree161616
bree161616 collected $0.15 from pot
*** SUMMARY ***
Total pot $0.16 | Rake $0.01 
Board [3d Qs 3s]
Seat 1: d.moura88 folded on the Flop
Seat 2: Sunpower333 (button) folded before Flop (didn't bet)
Seat 3: bree161616 (small blind) collected ($0.15)
Seat 4: bcknkd966 (big blind) folded before Flop
Seat 5: PedaleurdeCharm folded before Flop (didn't bet)
Seat 6: Roberto_Souza81 folded before Flop (didn't bet)
Seat 7: Dorex2007 folded before Flop (didn't bet)
Seat 8: racunpoison folded before Flop (didn't bet)
Seat 9: Pepono101 folded before Flop (didn't bet)



PokerStars Hand #233932624346:  Hold'em No Limit ($0.01/$0.02 USD) - 2022/02/09 16:34:36 PT [2022/02/09 19:34:36 ET]
Table 'Epimetheus III' 9-max Seat #3 is the button
Seat 1: d.moura88 ($2.02 in chips) 
Seat 2: Sunpower333 ($1.17 in chips) 
Seat 3: bree161616 ($0.99 in chips) 
Seat 4: bcknkd966 ($1.40 in chips) 
Seat 5: PedaleurdeCharm ($3.84 in chips) 
Seat 6: Roberto_Souza81 ($0.99 in chips) 
Seat 7: Dorex2007 ($3.56 in chips) 
Seat 8: racunpoison ($2.50 in chips) 
Seat 9: Pepono101 ($1.98 in chips) 
bcknkd966: posts small blind $0.01
PedaleurdeCharm: posts big blind $0.02
*** HOLE CARDS ***
Dealt to Dorex2007 [4c Tc]
Roberto_Souza81: calls $0.02
Dorex2007: folds 
bcknkd966 said, "idiot"
racunpoison: folds 
Pepono101: folds 
d.moura88: folds 
Sunpower333: folds 
bree161616: folds 
bcknkd966: raises $0.02 to $0.04
PedaleurdeCharm: calls $0.02
Roberto_Souza81: calls $0.02
*** FLOP *** [Qs 8h 8d]
bcknkd966: bets $0.12
PedaleurdeCharm: folds 
Roberto_Souza81: folds 
Uncalled bet ($0.12) returned to bcknkd966
bcknkd966 collected $0.12 from pot
bcknkd966: doesn't show hand 
*** SUMMARY ***
Total pot $0.12 | Rake $0 
Board [Qs 8h 8d]
Seat 1: d.moura88 folded before Flop (didn't bet)
Seat 2: Sunpower333 folded before Flop (didn't bet)
Seat 3: bree161616 (button) folded before Flop (didn't bet)
Seat 4: bcknkd966 (small blind) collected ($0.12)
Seat 5: PedaleurdeCharm (big blind) folded on the Flop
Seat 6: Roberto_Souza81 folded on the Flop
Seat 7: Dorex2007 folded before Flop (didn't bet)
Seat 8: racunpoison folded before Flop (didn't bet)
Seat 9: Pepono101 folded before Flop (didn't bet)



PokerStars Hand #233932635070:  Hold'em No Limit ($0.01/$0.02 USD) - 2022/02/09 16:35:10 PT [2022/02/09 19:35:10 ET]
Table 'Epimetheus III' 9-max Seat #4 is the button
Seat 1: d.moura88 ($2.02 in chips) 
Seat 2: Sunpower333 ($1.17 in chips) 
Seat 3: bree161616 ($0.99 in chips) 
Seat 4: bcknkd966 ($1.48 in chips) 
Seat 5: PedaleurdeCharm ($3.80 in chips) 
Seat 6: Roberto_Souza81 ($0.95 in chips) 
Seat 7: Dorex2007 ($3.56 in chips) 
Seat 8: racunpoison ($2.50 in chips) 
Seat 9: Pepono101 ($1.98 in chips) 
PedaleurdeCharm: posts small blind $0.01
Roberto_Souza81: posts big blind $0.02
*** HOLE CARDS ***
Dealt to Dorex2007 [9s 6h]
Dorex2007: folds 
racunpoison: raises $0.04 to $0.06
Pepono101: folds 
d.moura88: folds 
Sunpower333: folds 
bree161616: folds 
bcknkd966: folds 
PedaleurdeCharm: folds 
Roberto_Souza81: calls $0.04
*** FLOP *** [4s Th 5s]
Roberto_Souza81: checks 
racunpoison: checks 
*** TURN *** [4s Th 5s] [Jc]
Roberto_Souza81: checks 
racunpoison: bets $0.13
Roberto_Souza81: folds 
Uncalled bet ($0.13) returned to racunpoison
racunpoison collected $0.13 from pot
*** SUMMARY ***
Total pot $0.13 | Rake $0 
Board [4s Th 5s Jc]
Seat 1: d.moura88 folded before Flop (didn't bet)
Seat 2: Sunpower333 folded before Flop (didn't bet)
Seat 3: bree161616 folded before Flop (didn't bet)
Seat 4: bcknkd966 (button) folded before Flop (didn't bet)
Seat 5: PedaleurdeCharm (small blind) folded before Flop
Seat 6: Roberto_Souza81 (big blind) folded on the Turn
Seat 7: Dorex2007 folded before Flop (didn't bet)
Seat 8: racunpoison collected ($0.13)
Seat 9: Pepono101 folded before Flop (didn't bet)



PokerStars Hand #233932645906:  Hold'em No Limit ($0.01/$0.02 USD) - 2022/02/09 16:35:44 PT [2022/02/09 19:35:44 ET]
Table 'Epimetheus III' 9-max Seat #5 is the button
Seat 1: d.moura88 ($2.02 in chips) 
Seat 2: Sunpower333 ($1.17 in chips) 
Seat 3: bree161616 ($0.99 in chips) 
Seat 4: bcknkd966 ($1.48 in chips) 
Seat 5: PedaleurdeCharm ($3.79 in chips) 
Seat 6: Roberto_Souza81 ($0.89 in chips) 
Seat 7: Dorex2007 ($3.56 in chips) 
Seat 8: racunpoison ($2.57 in chips) 
Seat 9: Pepono101 ($1.98 in chips) 
Roberto_Souza81: posts small blind $0.01
Dorex2007: posts big blind $0.02
*** HOLE CARDS ***
Dealt to Dorex2007 [4d Ad]
racunpoison: raises $0.04 to $0.06
Pepono101: folds 
d.moura88: folds 
Sunpower333: folds 
bree161616: raises $0.15 to $0.21
bcknkd966: folds 
PedaleurdeCharm: folds 
Roberto_Souza81: folds 
Dorex2007: folds 
racunpoison: calls $0.15
*** FLOP *** [3c 4s Qd]
racunpoison: bets $2.36 and is all-in
bree161616: calls $0.78 and is all-in
Uncalled bet ($1.58) returned to racunpoison
Pepono101 leaves the table
*** TURN *** [3c 4s Qd] [Jd]
*** RIVER *** [3c 4s Qd Jd] [4c]
*** SHOW DOWN ***
racunpoison: shows [Ks Tc] (a pair of Fours)
bree161616: shows [Ah Jh] (two pair, Jacks and Fours)
bree161616 cashed out the hand for $1.47 | Cash Out Fee $0.01
*** SUMMARY ***
Total pot $2.01 | Rake $0.07 
Board [3c 4s Qd Jd 4c]
Seat 1: d.moura88 folded before Flop (didn't bet)
Seat 2: Sunpower333 folded before Flop (didn't bet)
Seat 3: bree161616 showed [Ah Jh] and won ($1.94) with two pair, Jacks and Fours (pot not awarded as player cashed out)
Seat 4: bcknkd966 folded before Flop (didn't bet)
Seat 5: PedaleurdeCharm (button) folded before Flop (didn't bet)
Seat 6: Roberto_Souza81 (small blind) folded before Flop
Seat 7: Dorex2007 (big blind) folded before Flop
Seat 8: racunpoison showed [Ks Tc] and lost with a pair of Fours
Seat 9: Pepono101 folded before Flop (didn't bet)



PokerStars Hand #233932660158:  Hold'em No Limit ($0.01/$0.02 USD) - 2022/02/09 16:36:28 PT [2022/02/09 19:36:28 ET]
Table 'Epimetheus III' 9-max Seat #6 is the button
Seat 1: d.moura88 ($2.02 in chips) 
Seat 2: Sunpower333 ($1.17 in chips) 
Seat 3: bree161616 ($1.47 in chips) 
Seat 4: bcknkd966 ($1.48 in chips) 
Seat 5: PedaleurdeCharm ($3.79 in chips) 
Seat 6: Roberto_Souza81 ($0.88 in chips) 
Seat 7: Dorex2007 ($3.54 in chips) 
Seat 8: racunpoison ($1.58 in chips) 
Dorex2007: posts small blind $0.01
racunpoison: posts big blind $0.02
*** HOLE CARDS ***
Dealt to Dorex2007 [5h 5s]
d.moura88: folds 
Sunpower333: folds 
bree161616: folds 
bcknkd966: folds 
bcknkd966 leaves the table
PedaleurdeCharm: raises $0.04 to $0.06
Roberto_Souza81: folds 
Dorex2007: calls $0.05
racunpoison: raises $0.18 to $0.24
PedaleurdeCharm: calls $0.18
Dorex2007: folds 
*** FLOP *** [As 9h 3c]
racunpoison: bets $1.34 and is all-in
PedaleurdeCharm: folds 
Uncalled bet ($1.34) returned to racunpoison
racunpoison collected $0.52 from pot
*** SUMMARY ***
Total pot $0.54 | Rake $0.02 
Board [As 9h 3c]
Seat 1: d.moura88 folded before Flop (didn't bet)
Seat 2: Sunpower333 folded before Flop (didn't bet)
Seat 3: bree161616 folded before Flop (didn't bet)
Seat 4: bcknkd966 folded before Flop (didn't bet)
Seat 5: PedaleurdeCharm folded on the Flop
Seat 6: Roberto_Souza81 (button) folded before Flop (didn't bet)
Seat 7: Dorex2007 (small blind) folded before Flop
Seat 8: racunpoison (big blind) collected ($0.52)



PokerStars Hand #233932672500:  Hold'em No Limit ($0.01/$0.02 USD) - 2022/02/09 16:37:04 PT [2022/02/09 19:37:04 ET]
Table 'Epimetheus III' 9-max Seat #7 is the button
Seat 1: d.moura88 ($2.02 in chips) 
Seat 2: Sunpower333 ($1.17 in chips) 
Seat 3: bree161616 ($1.47 in chips) 
Seat 5: PedaleurdeCharm ($3.55 in chips) 
Seat 6: Roberto_Souza81 ($0.88 in chips) 
Seat 7: Dorex2007 ($3.48 in chips) 
Seat 8: racunpoison ($1.86 in chips) 
racunpoison: posts small blind $0.01
d.moura88: posts big blind $0.02
*** HOLE CARDS ***
Dealt to Dorex2007 [9s 7d]
Sunpower333: folds 
bree161616: folds 
PedaleurdeCharm: folds 
Roberto_Souza81: folds 
Dorex2007: folds 
racunpoison: calls $0.01
d.moura88: checks 
*** FLOP *** [Qc 6c Qd]
racunpoison: checks 
d.moura88: checks 
*** TURN *** [Qc 6c Qd] [4c]
racunpoison: checks 
d.moura88: checks 
*** RIVER *** [Qc 6c Qd 4c] [5h]
coretmi joins the table at seat #9 
racunpoison: bets $0.04
d.moura88: folds 
Uncalled bet ($0.04) returned to racunpoison
racunpoison collected $0.04 from pot
*** SUMMARY ***
Total pot $0.04 | Rake $0 
Board [Qc 6c Qd 4c 5h]
Seat 1: d.moura88 (big blind) folded on the River
Seat 2: Sunpower333 folded before Flop (didn't bet)
Seat 3: bree161616 folded before Flop (didn't bet)
Seat 5: PedaleurdeCharm folded before Flop (didn't bet)
Seat 6: Roberto_Souza81 folded before Flop (didn't bet)
Seat 7: Dorex2007 (button) folded before Flop (didn't bet)
Seat 8: racunpoison (small blind) collected ($0.04)



PokerStars Hand #233932683760:  Hold'em No Limit ($0.01/$0.02 USD) - 2022/02/09 16:37:39 PT [2022/02/09 19:37:39 ET]
Table 'Epimetheus III' 9-max Seat #8 is the button
Seat 1: d.moura88 ($2 in chips) 
Seat 2: Sunpower333 ($1.17 in chips) 
Seat 3: bree161616 ($1.47 in chips) 
Seat 5: PedaleurdeCharm ($3.55 in chips) 
Seat 6: Roberto_Souza81 ($0.88 in chips) 
Seat 7: Dorex2007 ($3.48 in chips) 
Seat 8: racunpoison ($1.88 in chips) 
d.moura88: posts small blind $0.01
Sunpower333: posts big blind $0.02
*** HOLE CARDS ***
Dealt to Dorex2007 [9c Qs]
bree161616: folds 
PedaleurdeCharm: raises $0.02 to $0.04
Roberto_Souza81: calls $0.04
Dorex2007: folds 
ulia75432 joins the table at seat #4 
racunpoison: raises $0.08 to $0.12
d.moura88: folds 
Sunpower333: folds 
ulia75432 leaves the table
PedaleurdeCharm: calls $0.08
ulia75432 joins the table at seat #4 
Roberto_Souza81: calls $0.08
*** FLOP *** [6c Kd 9h]
PedaleurdeCharm: bets $0.19
ulia75432 leaves the table
Roberto_Souza81: folds 
racunpoison: raises $0.41 to $0.60
PedaleurdeCharm: folds 
Uncalled bet ($0.41) returned to racunpoison
racunpoison collected $0.74 from pot
*** SUMMARY ***
Total pot $0.77 | Rake $0.03 
Board [6c Kd 9h]
Seat 1: d.moura88 (small blind) folded before Flop
Seat 2: Sunpower333 (big blind) folded before Flop
Seat 3: bree161616 folded before Flop (didn't bet)
Seat 5: PedaleurdeCharm folded on the Flop
Seat 6: Roberto_Souza81 folded on the Flop
Seat 7: Dorex2007 folded before Flop (didn't bet)
Seat 8: racunpoison (button) collected ($0.74)



PokerStars Hand #233932702643:  Hold'em No Limit ($0.01/$0.02 USD) - 2022/02/09 16:38:40 PT [2022/02/09 19:38:40 ET]
Table 'Epimetheus III' 9-max Seat #1 is the button
Seat 1: d.moura88 ($2 in chips) 
Seat 2: Sunpower333 ($1.15 in chips) 
Seat 3: bree161616 ($1.47 in chips) 
Seat 5: PedaleurdeCharm ($3.24 in chips) 
Seat 6: Roberto_Souza81 ($0.76 in chips) 
Seat 7: Dorex2007 ($3.48 in chips) 
Seat 8: racunpoison ($2.31 in chips) 
Seat 9: coretmi ($2 in chips) 
Sunpower333: posts small blind $0.01
bree161616: posts big blind $0.02
coretmi: posts big blind $0.02
*** HOLE CARDS ***
Dealt to Dorex2007 [4d 5s]
PedaleurdeCharm: folds 
Roberto_Souza81: folds 
Dorex2007: folds 
racunpoison: folds 
coretmi: raises $0.02 to $0.04
d.moura88: folds 
Sunpower333: folds 
bree161616: calls $0.02
*** FLOP *** [3d Jh 2s]
scar0001 joins the table at seat #4 
bree161616: bets $0.02
coretmi: calls $0.02
*** TURN *** [3d Jh 2s] [5h]
bree161616: bets $0.02
coretmi: calls $0.02
*** RIVER *** [3d Jh 2s 5h] [6h]
bree161616: bets $0.02
coretmi: raises $0.44 to $0.46
bree161616: folds 
Uncalled bet ($0.44) returned to coretmi
coretmi collected $0.20 from pot
*** SUMMARY ***
Total pot $0.21 | Rake $0.01 
Board [3d Jh 2s 5h 6h]
Seat 1: d.moura88 (button) folded before Flop (didn't bet)
Seat 2: Sunpower333 (small blind) folded before Flop
Seat 3: bree161616 (big blind) folded on the River
Seat 5: PedaleurdeCharm folded before Flop (didn't bet)
Seat 6: Roberto_Souza81 folded before Flop (didn't bet)
Seat 7: Dorex2007 folded before Flop (didn't bet)
Seat 8: racunpoison folded before Flop (didn't bet)
Seat 9: coretmi collected ($0.20)



PokerStars Hand #233932720306:  Hold'em No Limit ($0.01/$0.02 USD) - 2022/02/09 16:39:34 PT [2022/02/09 19:39:34 ET]
Table 'Epimetheus III' 9-max Seat #2 is the button
Seat 1: d.moura88 ($2 in chips) 
Seat 2: Sunpower333 ($1.14 in chips) 
Seat 3: bree161616 ($1.37 in chips) 
Seat 4: scar0001 ($1.60 in chips) 
Seat 5: PedaleurdeCharm ($3.24 in chips) 
Seat 6: Roberto_Souza81 ($0.76 in chips) 
Seat 7: Dorex2007 ($3.48 in chips) 
Seat 8: racunpoison ($2.31 in chips) 
Seat 9: coretmi ($2.10 in chips) 
bree161616: posts small blind $0.01
scar0001: posts big blind $0.02
*** HOLE CARDS ***
Dealt to Dorex2007 [Jd Qs]
PedaleurdeCharm: calls $0.02
Roberto_Souza81 has timed out
Roberto_Souza81: folds 
Dorex2007: folds 
racunpoison: folds 
coretmi: folds 
d.moura88: folds 
Sunpower333: folds 
bree161616: raises $0.06 to $0.08
scar0001: folds 
PedaleurdeCharm: calls $0.06
*** FLOP *** [Tc 9d 8s]
bree161616: checks 
PedaleurdeCharm: bets $0.12
bree161616: calls $0.12
*** TURN *** [Tc 9d 8s] [6h]
bree161616: checks 
PedaleurdeCharm: bets $0.41
bree161616: calls $0.41
*** RIVER *** [Tc 9d 8s 6h] [5s]
bree161616: bets $0.60
PedaleurdeCharm: calls $0.60
*** SHOW DOWN ***
bree161616: shows [Jc Qc] (a straight, Eight to Queen)
PedaleurdeCharm: mucks hand 
bree161616 collected $2.35 from pot
*** SUMMARY ***
Total pot $2.44 | Rake $0.09 
Board [Tc 9d 8s 6h 5s]
Seat 1: d.moura88 folded before Flop (didn't bet)
Seat 2: Sunpower333 (button) folded before Flop (didn't bet)
Seat 3: bree161616 (small blind) showed [Jc Qc] and won ($2.35) with a straight, Eight to Queen
Seat 4: scar0001 (big blind) folded before Flop
Seat 5: PedaleurdeCharm mucked [Th Ks]
Seat 6: Roberto_Souza81 folded before Flop (didn't bet)
Seat 7: Dorex2007 folded before Flop (didn't bet)
Seat 8: racunpoison folded before Flop (didn't bet)
Seat 9: coretmi folded before Flop (didn't bet)



PokerStars Hand #233932752811:  Hold'em No Limit ($0.01/$0.02 USD) - 2022/02/09 16:40:51 PT [2022/02/09 19:40:51 ET]
Table 'Epimetheus III' 9-max Seat #3 is the button
Seat 1: d.moura88 ($2 in chips) 
Seat 2: Sunpower333 ($1.14 in chips) 
Seat 3: bree161616 ($2.51 in chips) 
Seat 4: scar0001 ($1.58 in chips) 
Seat 5: PedaleurdeCharm ($2.03 in chips) 
Seat 6: Roberto_Souza81 ($0.76 in chips) 
Seat 7: Dorex2007 ($3.48 in chips) 
Seat 8: racunpoison ($2.31 in chips) 
Seat 9: coretmi ($2.10 in chips) 
scar0001: posts small blind $0.01
PedaleurdeCharm: posts big blind $0.02
*** HOLE CARDS ***
Dealt to Dorex2007 [Ts 6h]
Roberto_Souza81: folds 
Dorex2007: folds 
racunpoison: raises $0.02 to $0.04
coretmi has timed out
coretmi: folds 
d.moura88: folds 
Sunpower333: folds 
bree161616: raises $0.11 to $0.15
scar0001: folds 
PedaleurdeCharm: folds 
racunpoison: calls $0.11
*** FLOP *** [5d 7s Ad]
racunpoison: checks 
bree161616: bets $0.16
racunpoison: calls $0.16
*** TURN *** [5d 7s Ad] [3c]
racunpoison: checks 
bree161616: bets $0.32
racunpoison: calls $0.32
*** RIVER *** [5d 7s Ad 3c] [Js]
racunpoison: bets $0.80
bree161616: calls $0.80
*** SHOW DOWN ***
racunpoison: shows [Jh Ac] (two pair, Aces and Jacks)
bree161616: mucks hand 
racunpoison collected $2.79 from pot
*** SUMMARY ***
Total pot $2.89 | Rake $0.10 
Board [5d 7s Ad 3c Js]
Seat 1: d.moura88 folded before Flop (didn't bet)
Seat 2: Sunpower333 folded before Flop (didn't bet)
Seat 3: bree161616 (button) mucked [9s 9d]
Seat 4: scar0001 (small blind) folded before Flop
Seat 5: PedaleurdeCharm (big blind) folded before Flop
Seat 6: Roberto_Souza81 folded before Flop (didn't bet)
Seat 7: Dorex2007 folded before Flop (didn't bet)
Seat 8: racunpoison showed [Jh Ac] and won ($2.79) with two pair, Aces and Jacks
Seat 9: coretmi folded before Flop (didn't bet)



PokerStars Hand #233932784315:  Hold'em No Limit ($0.01/$0.02 USD) - 2022/02/09 16:42:12 PT [2022/02/09 19:42:12 ET]
Table 'Epimetheus III' 9-max Seat #4 is the button
Seat 1: d.moura88 ($2 in chips) 
Seat 2: Sunpower333 ($1.14 in chips) 
Seat 3: bree161616 ($1.08 in chips) 
Seat 4: scar0001 ($1.57 in chips) 
Seat 5: PedaleurdeCharm ($2.01 in chips) 
Seat 6: Roberto_Souza81 ($0.76 in chips) 
Seat 7: Dorex2007 ($3.48 in chips) 
Seat 8: racunpoison ($3.67 in chips) 
Seat 9: coretmi ($2.10 in chips) 
PedaleurdeCharm: posts small blind $0.01
Roberto_Souza81: posts big blind $0.02
*** HOLE CARDS ***
Dealt to Dorex2007 [9h 6c]
Dorex2007: folds 
racunpoison: folds 
coretmi: raises $0.02 to $0.04
d.moura88: folds 
Sunpower333: folds 
bree161616: folds 
scar0001: folds 
PedaleurdeCharm: folds 
Roberto_Souza81: calls $0.02
*** FLOP *** [Td 6d 9s]
Roberto_Souza81: checks 
coretmi: bets $0.50
Roberto_Souza81: folds 
Uncalled bet ($0.50) returned to coretmi
coretmi collected $0.09 from pot
*** SUMMARY ***
Total pot $0.09 | Rake $0 
Board [Td 6d 9s]
Seat 1: d.moura88 folded before Flop (didn't bet)
Seat 2: Sunpower333 folded before Flop (didn't bet)
Seat 3: bree161616 folded before Flop (didn't bet)
Seat 4: scar0001 (button) folded before Flop (didn't bet)
Seat 5: PedaleurdeCharm (small blind) folded before Flop
Seat 6: Roberto_Souza81 (big blind) folded on the Flop
Seat 7: Dorex2007 folded before Flop (didn't bet)
Seat 8: racunpoison folded before Flop (didn't bet)
Seat 9: coretmi collected ($0.09)



PokerStars Hand #233932798342:  Hold'em No Limit ($0.01/$0.02 USD) - 2022/02/09 16:42:57 PT [2022/02/09 19:42:57 ET]
Table 'Epimetheus III' 9-max Seat #5 is the button
Seat 1: d.moura88 ($2 in chips) 
Seat 3: bree161616 ($1.08 in chips) 
Seat 4: scar0001 ($1.57 in chips) 
Seat 5: PedaleurdeCharm ($2 in chips) 
Seat 6: Roberto_Souza81 ($0.72 in chips) 
Seat 7: Dorex2007 ($3.48 in chips) 
Seat 8: racunpoison ($3.67 in chips) 
Seat 9: coretmi ($2.15 in chips) 
Roberto_Souza81: posts small blind $0.01
Dorex2007: posts big blind $0.02
*** HOLE CARDS ***
Dealt to Dorex2007 [Kd 5c]
racunpoison: folds 
coretmi: calls $0.02
d.moura88: folds 
bree161616: folds 
scar0001: calls $0.02
PedaleurdeCharm: folds 
Roberto_Souza81: folds 
Dorex2007: checks 
*** FLOP *** [2h 3h 8h]
Dorex2007: checks 
coretmi: bets $0.08
scar0001: folds 
Dorex2007: folds 
Uncalled bet ($0.08) returned to coretmi
coretmi collected $0.07 from pot
*** SUMMARY ***
Total pot $0.07 | Rake $0 
Board [2h 3h 8h]
Seat 1: d.moura88 folded before Flop (didn't bet)
Seat 3: bree161616 folded before Flop (didn't bet)
Seat 4: scar0001 folded on the Flop
Seat 5: PedaleurdeCharm (button) folded before Flop (didn't bet)
Seat 6: Roberto_Souza81 (small blind) folded before Flop
Seat 7: Dorex2007 (big blind) folded on the Flop
Seat 8: racunpoison folded before Flop (didn't bet)
Seat 9: coretmi collected ($0.07)



PokerStars Hand #233932816826:  Hold'em No Limit ($0.01/$0.02 USD) - 2022/02/09 16:43:58 PT [2022/02/09 19:43:58 ET]
Table 'Epimetheus III' 9-max Seat #6 is the button
Seat 1: d.moura88 ($2 in chips) 
Seat 3: bree161616 ($1.08 in chips) 
Seat 4: scar0001 ($1.55 in chips) 
Seat 5: PedaleurdeCharm ($2 in chips) 
Seat 6: Roberto_Souza81 ($0.71 in chips) 
Seat 7: Dorex2007 ($3.46 in chips) 
Seat 8: racunpoison ($3.67 in chips) 
Seat 9: coretmi ($2.20 in chips) 
Dorex2007: posts small blind $0.01
racunpoison: posts big blind $0.02
*** HOLE CARDS ***
Dealt to Dorex2007 [4s Qh]
coretmi: raises $0.02 to $0.04
d.moura88: folds 
bree161616: calls $0.04
scar0001: folds 
PedaleurdeCharm: folds 
Roberto_Souza81: folds 
Dorex2007: folds 
racunpoison: calls $0.02
*** FLOP *** [Js 7h 4c]
racunpoison: checks 
coretmi: checks 
bree161616: checks 
*** TURN *** [Js 7h 4c] [5s]
racunpoison: bets $0.13
coretmi: folds 
bree161616: folds 
Uncalled bet ($0.13) returned to racunpoison
racunpoison collected $0.13 from pot
*** SUMMARY ***
Total pot $0.13 | Rake $0 
Board [Js 7h 4c 5s]
Seat 1: d.moura88 folded before Flop (didn't bet)
Seat 3: bree161616 folded on the Turn
Seat 4: scar0001 folded before Flop (didn't bet)
Seat 5: PedaleurdeCharm folded before Flop (didn't bet)
Seat 6: Roberto_Souza81 (button) folded before Flop (didn't bet)
Seat 7: Dorex2007 (small blind) folded before Flop
Seat 8: racunpoison (big blind) collected ($0.13)
Seat 9: coretmi folded on the Turn



PokerStars Hand #233932832485:  Hold'em No Limit ($0.01/$0.02 USD) - 2022/02/09 16:44:48 PT [2022/02/09 19:44:48 ET]
Table 'Epimetheus III' 9-max Seat #7 is the button
Seat 1: d.moura88 ($2 in chips) 
Seat 3: bree161616 ($1.04 in chips) 
Seat 4: scar0001 ($1.55 in chips) 
Seat 5: PedaleurdeCharm ($2 in chips) 
Seat 6: Roberto_Souza81 ($0.71 in chips) 
Seat 7: Dorex2007 ($3.45 in chips) 
Seat 8: racunpoison ($3.76 in chips) 
Seat 9: coretmi ($2.16 in chips) 
racunpoison: posts small blind $0.01
coretmi: posts big blind $0.02
*** HOLE CARDS ***
Dealt to Dorex2007 [9d Kh]
d.moura88: folds 
bree161616: calls $0.02
scar0001: calls $0.02
PedaleurdeCharm: folds 
Roberto_Souza81: folds 
Dorex2007: folds 
racunpoison: folds 
coretmi: checks 
*** FLOP *** [7h 7c 3d]
coretmi: checks 
bree161616: checks 
scar0001: bets $0.02
coretmi: calls $0.02
bree161616: calls $0.02
*** TURN *** [7h 7c 3d] [4h]
coretmi: checks 
bree161616: checks 
scar0001: bets $0.02
coretmi: calls $0.02
bree161616: folds 
*** RIVER *** [7h 7c 3d 4h] [Ks]
coretmi: checks 
scar0001: checks 
*** SHOW DOWN ***
coretmi: shows [As 5h] (a pair of Sevens)
scar0001: shows [Jd Jh] (two pair, Jacks and Sevens)
scar0001 collected $0.16 from pot
*** SUMMARY ***
Total pot $0.17 | Rake $0.01 
Board [7h 7c 3d 4h Ks]
Seat 1: d.moura88 folded before Flop (didn't bet)
Seat 3: bree161616 folded on the Turn
Seat 4: scar0001 showed [Jd Jh] and won ($0.16) with two pair, Jacks and Sevens
Seat 5: PedaleurdeCharm folded before Flop (didn't bet)
Seat 6: Roberto_Souza81 folded before Flop (didn't bet)
Seat 7: Dorex2007 (button) folded before Flop (didn't bet)
Seat 8: racunpoison (small blind) folded before Flop
Seat 9: coretmi (big blind) showed [As 5h] and lost with a pair of Sevens



PokerStars Hand #233932852515:  Hold'em No Limit ($0.01/$0.02 USD) - 2022/02/09 16:45:38 PT [2022/02/09 19:45:38 ET]
Table 'Epimetheus III' 9-max Seat #8 is the button
Seat 1: d.moura88 ($2 in chips) 
Seat 3: bree161616 ($1 in chips) 
Seat 4: scar0001 ($1.65 in chips) 
Seat 5: PedaleurdeCharm ($2 in chips) 
Seat 6: Roberto_Souza81 ($0.71 in chips) 
Seat 7: Dorex2007 ($3.45 in chips) 
Seat 8: racunpoison ($3.75 in chips) 
Seat 9: coretmi ($2.10 in chips) 
coretmi: posts small blind $0.01
d.moura88: posts big blind $0.02
*** HOLE CARDS ***
Dealt to Dorex2007 [Ah Jh]
bree161616: folds 
scar0001: calls $0.02
PedaleurdeCharm: calls $0.02
Roberto_Souza81: folds 
Dorex2007: raises $0.10 to $0.12
racunpoison: calls $0.12
coretmi: folds 
d.moura88: folds 
scar0001: folds 
PedaleurdeCharm: calls $0.10
*** FLOP *** [6s 3d 9d]
PedaleurdeCharm: checks 
Dorex2007: bets $0.40
racunpoison: raises $3.23 to $3.63 and is all-in
PedaleurdeCharm: folds 
Dorex2007: folds 
Uncalled bet ($3.23) returned to racunpoison
racunpoison collected $1.17 from pot
*** SUMMARY ***
Total pot $1.21 | Rake $0.04 
Board [6s 3d 9d]
Seat 1: d.moura88 (big blind) folded before Flop
Seat 3: bree161616 folded before Flop (didn't bet)
Seat 4: scar0001 folded before Flop
Seat 5: PedaleurdeCharm folded on the Flop
Seat 6: Roberto_Souza81 folded before Flop (didn't bet)
Seat 7: Dorex2007 folded on the Flop
Seat 8: racunpoison (button) collected ($1.17)
Seat 9: coretmi (small blind) folded before Flop



PokerStars Hand #233932870176:  Hold'em No Limit ($0.01/$0.02 USD) - 2022/02/09 16:46:36 PT [2022/02/09 19:46:36 ET]
Table 'Epimetheus III' 9-max Seat #9 is the button
Seat 1: d.moura88 ($2 in chips) 
Seat 2: Sunpower333 ($1.14 in chips) 
Seat 3: bree161616 ($1 in chips) 
Seat 4: scar0001 ($1.63 in chips) 
Seat 5: PedaleurdeCharm ($1.88 in chips) 
Seat 6: Roberto_Souza81 ($0.71 in chips) 
Seat 7: Dorex2007 ($2.93 in chips) 
Seat 8: racunpoison ($4.40 in chips) 
Seat 9: coretmi ($2.09 in chips) 
d.moura88: posts small blind $0.01
Sunpower333: posts big blind $0.02
*** HOLE CARDS ***
Dealt to Dorex2007 [Jh 9c]
bree161616: folds 
scar0001: folds 
PedaleurdeCharm: folds 
Roberto_Souza81: folds 
Dorex2007: folds 
racunpoison: folds 
coretmi: calls $0.02
d.moura88: calls $0.01
Sunpower333: checks 
*** FLOP *** [Qh 6s 5h]
d.moura88: checks 
Sunpower333: checks 
coretmi: checks 
*** TURN *** [Qh 6s 5h] [8c]
d.moura88: checks 
Sunpower333: bets $0.03
coretmi: calls $0.03
d.moura88 has timed out
d.moura88: folds 
*** RIVER *** [Qh 6s 5h 8c] [9d]
Sunpower333: bets $0.28
coretmi: calls $0.28
*** SHOW DOWN ***
Sunpower333: shows [7d 4s] (a straight, Five to Nine)
coretmi: mucks hand 
Sunpower333 collected $0.66 from pot
*** SUMMARY ***
Total pot $0.68 | Rake $0.02 
Board [Qh 6s 5h 8c 9d]
Seat 1: d.moura88 (small blind) folded on the Turn
Seat 2: Sunpower333 (big blind) showed [7d 4s] and won ($0.66) with a straight, Five to Nine
Seat 3: bree161616 folded before Flop (didn't bet)
Seat 4: scar0001 folded before Flop (didn't bet)
Seat 5: PedaleurdeCharm folded before Flop (didn't bet)
Seat 6: Roberto_Souza81 folded before Flop (didn't bet)
Seat 7: Dorex2007 folded before Flop (didn't bet)
Seat 8: racunpoison folded before Flop (didn't bet)
Seat 9: coretmi (button) mucked [Th 8d]



PokerStars Hand #233932899287:  Hold'em No Limit ($0.01/$0.02 USD) - 2022/02/09 16:48:12 PT [2022/02/09 19:48:12 ET]
Table 'Epimetheus III' 9-max Seat #1 is the button
Seat 1: d.moura88 ($2 in chips) 
Seat 2: Sunpower333 ($1.47 in chips) 
Seat 3: bree161616 ($1 in chips) 
Seat 4: scar0001 ($1.63 in chips) 
Seat 5: PedaleurdeCharm ($1.88 in chips) 
Seat 6: Roberto_Souza81 ($0.71 in chips) 
Seat 7: Dorex2007 ($2.93 in chips) 
Seat 8: racunpoison ($4.40 in chips) 
Seat 9: coretmi ($1.76 in chips) 
Sunpower333: posts small blind $0.01
bree161616: posts big blind $0.02
*** HOLE CARDS ***
Dealt to Dorex2007 [4s 3h]
scar0001: calls $0.02
PedaleurdeCharm: folds 
Roberto_Souza81: calls $0.02
Dorex2007: folds 
racunpoison: folds 
coretmi: folds 
d.moura88: folds 
Sunpower333: folds 
bree161616: raises $0.07 to $0.09
scar0001: calls $0.07
Roberto_Souza81: calls $0.07
*** FLOP *** [4c Kc 9s]
bree161616: bets $0.14
scar0001: folds 
Roberto_Souza81: raises $0.14 to $0.28
bree161616: calls $0.14
*** TURN *** [4c Kc 9s] [3s]
bree161616: checks 
Roberto_Souza81: bets $0.34 and is all-in
bree161616: calls $0.34
*** RIVER *** [4c Kc 9s 3s] [6h]
*** SHOW DOWN ***
bree161616: shows [Qd Qs] (a pair of Queens)
Roberto_Souza81: shows [9d Ah] (a pair of Nines)
bree161616 collected $1.47 from pot
*** SUMMARY ***
Total pot $1.52 | Rake $0.05 
Board [4c Kc 9s 3s 6h]
Seat 1: d.moura88 (button) folded before Flop (didn't bet)
Seat 2: Sunpower333 (small blind) folded before Flop
Seat 3: bree161616 (big blind) showed [Qd Qs] and won ($1.47) with a pair of Queens
Seat 4: scar0001 folded on the Flop
Seat 5: PedaleurdeCharm folded before Flop (didn't bet)
Seat 6: Roberto_Souza81 showed [9d Ah] and lost with a pair of Nines
Seat 7: Dorex2007 folded before Flop (didn't bet)
Seat 8: racunpoison folded before Flop (didn't bet)
Seat 9: coretmi folded before Flop (didn't bet)



PokerStars Hand #233932924154:  Hold'em No Limit ($0.01/$0.02 USD) - 2022/02/09 16:49:34 PT [2022/02/09 19:49:34 ET]
Table 'Epimetheus III' 9-max Seat #2 is the button
Seat 1: d.moura88 ($2 in chips) 
Seat 2: Sunpower333 ($1.46 in chips) 
Seat 3: bree161616 ($1.76 in chips) 
Seat 4: scar0001 ($1.54 in chips) 
Seat 5: PedaleurdeCharm ($1.88 in chips) 
Seat 7: Dorex2007 ($2.93 in chips) 
Seat 8: racunpoison ($4.40 in chips) 
Seat 9: coretmi ($1.76 in chips) 
bree161616: posts small blind $0.01
scar0001: posts big blind $0.02
*** HOLE CARDS ***
Dealt to Dorex2007 [Tc Ah]
PedaleurdeCharm has timed out
PedaleurdeCharm: folds 
Dorex2007: folds 
racunpoison: raises $0.04 to $0.06
coretmi: calls $0.06
d.moura88: folds 
Sunpower333: folds 
bree161616: folds 
scar0001: calls $0.04
*** FLOP *** [Qs 6h 4h]
scar0001: checks 
racunpoison: bets $0.18
coretmi: calls $0.18
scar0001: calls $0.18
*** TURN *** [Qs 6h 4h] [8d]
scar0001: checks 
racunpoison: checks 
coretmi: bets $0.12
scar0001: calls $0.12
racunpoison: calls $0.12
*** RIVER *** [Qs 6h 4h 8d] [8c]
scar0001: checks 
racunpoison: checks 
coretmi: bets $0.12
scar0001: folds 
racunpoison: folds 
Uncalled bet ($0.12) returned to coretmi
coretmi collected $1.05 from pot
*** SUMMARY ***
Total pot $1.09 | Rake $0.04 
Board [Qs 6h 4h 8d 8c]
Seat 1: d.moura88 folded before Flop (didn't bet)
Seat 2: Sunpower333 (button) folded before Flop (didn't bet)
Seat 3: bree161616 (small blind) folded before Flop
Seat 4: scar0001 (big blind) folded on the River
Seat 5: PedaleurdeCharm folded before Flop (didn't bet)
Seat 7: Dorex2007 folded before Flop (didn't bet)
Seat 8: racunpoison folded on the River
Seat 9: coretmi collected ($1.05)



PokerStars Hand #233932950335:  Hold'em No Limit ($0.01/$0.02 USD) - 2022/02/09 16:51:01 PT [2022/02/09 19:51:01 ET]
Table 'Epimetheus III' 9-max Seat #3 is the button
Seat 1: d.moura88 ($2 in chips) 
Seat 2: Sunpower333 ($1.46 in chips) 
Seat 3: bree161616 ($1.75 in chips) 
Seat 4: scar0001 ($1.18 in chips) 
Seat 5: PedaleurdeCharm ($1.88 in chips) 
Seat 6: Roberto_Souza81 ($0.80 in chips) 
Seat 7: Dorex2007 ($2.93 in chips) 
Seat 8: racunpoison ($4.04 in chips) 
Seat 9: coretmi ($2.45 in chips) 
scar0001: posts small blind $0.01
PedaleurdeCharm: posts big blind $0.02
*** HOLE CARDS ***
Dealt to Dorex2007 [Jc 9c]
Roberto_Souza81: calls $0.02
Dorex2007: folds 
racunpoison: folds 
coretmi: raises $0.02 to $0.04
d.moura88: folds 
Sunpower333: folds 
bree161616: raises $0.13 to $0.17
scar0001: folds 
PedaleurdeCharm: folds 
Roberto_Souza81: calls $0.15
coretmi: calls $0.13
*** FLOP *** [6s As Td]
Roberto_Souza81: checks 
coretmi: checks 
bree161616: bets $0.26
Roberto_Souza81: raises $0.37 to $0.63 and is all-in
coretmi: calls $0.63
bree161616: calls $0.37
*** TURN *** [6s As Td] [7d]
coretmi: checks 
bree161616: checks 
*** RIVER *** [6s As Td 7d] [2d]
coretmi: bets $0.56
bree161616: raises $0.39 to $0.95 and is all-in
coretmi: calls $0.39
*** SHOW DOWN ***
bree161616: shows [Ad Kd] (a flush, Ace high)
coretmi: shows [6d 6h] (three of a kind, Sixes)
bree161616 collected $1.84 from side pot
Roberto_Souza81: shows [Qc Tc] (a pair of Tens)
bree161616 collected $2.34 from main pot
*** SUMMARY ***
Total pot $4.33 Main pot $2.34. Side pot $1.84. | Rake $0.15 
Board [6s As Td 7d 2d]
Seat 1: d.moura88 folded before Flop (didn't bet)
Seat 2: Sunpower333 folded before Flop (didn't bet)
Seat 3: bree161616 (button) showed [Ad Kd] and won ($4.18) with a flush, Ace high
Seat 4: scar0001 (small blind) folded before Flop
Seat 5: PedaleurdeCharm (big blind) folded before Flop
Seat 6: Roberto_Souza81 showed [Qc Tc] and lost with a pair of Tens
Seat 7: Dorex2007 folded before Flop (didn't bet)
Seat 8: racunpoison folded before Flop (didn't bet)
Seat 9: coretmi showed [6d 6h] and lost with three of a kind, Sixes



PokerStars Hand #233932976817:  Hold'em No Limit ($0.01/$0.02 USD) - 2022/02/09 16:52:28 PT [2022/02/09 19:52:28 ET]
Table 'Epimetheus III' 9-max Seat #4 is the button
Seat 1: d.moura88 ($2 in chips) 
Seat 2: Sunpower333 ($1.46 in chips) 
Seat 3: bree161616 ($4.18 in chips) 
Seat 4: scar0001 ($1.17 in chips) 
Seat 5: PedaleurdeCharm ($1.86 in chips) 
Seat 7: Dorex2007 ($2.93 in chips) 
Seat 8: racunpoison ($4.04 in chips) 
Seat 9: coretmi ($0.70 in chips) 
PedaleurdeCharm: posts small blind $0.01
Dorex2007: posts big blind $0.02
*** HOLE CARDS ***
Dealt to Dorex2007 [7h Qd]
racunpoison: raises $0.04 to $0.06
coretmi: folds 
d.moura88: folds 
Sunpower333: folds 
bree161616: folds 
scar0001: calls $0.06
PedaleurdeCharm: folds 
Dorex2007: folds 
*** FLOP *** [3d 8d 3s]
racunpoison: bets $0.07
scar0001: folds 
Uncalled bet ($0.07) returned to racunpoison
racunpoison collected $0.14 from pot
*** SUMMARY ***
Total pot $0.15 | Rake $0.01 
Board [3d 8d 3s]
Seat 1: d.moura88 folded before Flop (didn't bet)
Seat 2: Sunpower333 folded before Flop (didn't bet)
Seat 3: bree161616 folded before Flop (didn't bet)
Seat 4: scar0001 (button) folded on the Flop
Seat 5: PedaleurdeCharm (small blind) folded before Flop
Seat 7: Dorex2007 (big blind) folded before Flop
Seat 8: racunpoison collected ($0.14)
Seat 9: coretmi folded before Flop (didn't bet)



PokerStars Hand #233932989430:  Hold'em No Limit ($0.01/$0.02 USD) - 2022/02/09 16:53:10 PT [2022/02/09 19:53:10 ET]
Table 'Epimetheus III' 9-max Seat #5 is the button
Seat 1: d.moura88 ($2 in chips) 
Seat 2: Sunpower333 ($1.46 in chips) 
Seat 3: bree161616 ($4.18 in chips) 
Seat 4: scar0001 ($1.11 in chips) 
Seat 5: PedaleurdeCharm ($1.85 in chips) 
Seat 7: Dorex2007 ($2.91 in chips) 
Seat 8: racunpoison ($4.12 in chips) 
Seat 9: coretmi ($2 in chips) 
Dorex2007: posts small blind $0.01
racunpoison: posts big blind $0.02
*** HOLE CARDS ***
Dealt to Dorex2007 [6d Kd]
coretmi: raises $0.02 to $0.04
d.moura88: folds 
Sunpower333: folds 
bree161616: folds 
scar0001: calls $0.04
PedaleurdeCharm: folds 
Dorex2007: calls $0.03
racunpoison: calls $0.02
*** FLOP *** [3s 9h 8h]
Dorex2007: checks 
racunpoison: bets $0.08
coretmi: raises $0.08 to $0.16
scar0001: calls $0.16
Dorex2007: folds 
racunpoison: calls $0.08
*** TURN *** [3s 9h 8h] [7h]
racunpoison: checks 
coretmi: checks 
scar0001: checks 
*** RIVER *** [3s 9h 8h 7h] [4c]
racunpoison: bets $3.92 and is all-in
coretmi: folds 
scar0001: folds 
Uncalled bet ($3.92) returned to racunpoison
racunpoison collected $0.62 from pot
*** SUMMARY ***
Total pot $0.64 | Rake $0.02 
Board [3s 9h 8h 7h 4c]
Seat 1: d.moura88 folded before Flop (didn't bet)
Seat 2: Sunpower333 folded before Flop (didn't bet)
Seat 3: bree161616 folded before Flop (didn't bet)
Seat 4: scar0001 folded on the River
Seat 5: PedaleurdeCharm (button) folded before Flop (didn't bet)
Seat 7: Dorex2007 (small blind) folded on the Flop
Seat 8: racunpoison (big blind) collected ($0.62)
Seat 9: coretmi folded on the River



PokerStars Hand #233933014950:  Hold'em No Limit ($0.01/$0.02 USD) - 2022/02/09 16:54:37 PT [2022/02/09 19:54:37 ET]
Table 'Epimetheus III' 9-max Seat #7 is the button
Seat 1: d.moura88 ($2 in chips) 
Seat 2: Sunpower333 ($1.46 in chips) 
Seat 3: bree161616 ($4.18 in chips) 
Seat 4: scar0001 ($0.91 in chips) 
Seat 5: PedaleurdeCharm ($1.85 in chips) 
Seat 6: Roberto_Souza81 ($0.80 in chips) 
Seat 7: Dorex2007 ($2.87 in chips) 
Seat 8: racunpoison ($4.54 in chips) 
Seat 9: coretmi ($1.80 in chips) 
racunpoison: posts small blind $0.01
coretmi: posts big blind $0.02
Roberto_Souza81: posts small & big blinds $0.03
*** HOLE CARDS ***
Dealt to Dorex2007 [8s Qh]
d.moura88: folds 
Sunpower333: folds 
bree161616: folds 
scar0001: calls $0.02
PedaleurdeCharm: folds 
Roberto_Souza81: checks 
Dorex2007: folds 
racunpoison: raises $0.08 to $0.10
coretmi: calls $0.08
scar0001: calls $0.08
Roberto_Souza81: folds 
*** FLOP *** [Qd Kh 2s]
racunpoison: checks 
coretmi: bets $0.44
scar0001: calls $0.44
racunpoison: folds 
*** TURN *** [Qd Kh 2s] [Qc]
coretmi: bets $1.26 and is all-in
scar0001: calls $0.37 and is all-in
Uncalled bet ($0.89) returned to coretmi
coretmi has timed out
*** RIVER *** [Qd Kh 2s Qc] [5d]
*** SHOW DOWN ***
coretmi: shows [3c 3s] (two pair, Queens and Threes)
scar0001: shows [Qs 9s] (three of a kind, Queens)
scar0001 collected $1.88 from pot
*** SUMMARY ***
Total pot $1.95 | Rake $0.07 
Board [Qd Kh 2s Qc 5d]
Seat 1: d.moura88 folded before Flop (didn't bet)
Seat 2: Sunpower333 folded before Flop (didn't bet)
Seat 3: bree161616 folded before Flop (didn't bet)
Seat 4: scar0001 showed [Qs 9s] and won ($1.88) with three of a kind, Queens
Seat 5: PedaleurdeCharm folded before Flop (didn't bet)
Seat 6: Roberto_Souza81 folded before Flop (didn't bet)
Seat 7: Dorex2007 (button) folded before Flop (didn't bet)
Seat 8: racunpoison (small blind) folded on the Flop
Seat 9: coretmi (big blind) showed [3c 3s] and lost with two pair, Queens and Threes



PokerStars Hand #233933035991:  Hold'em No Limit ($0.01/$0.02 USD) - 2022/02/09 16:55:57 PT [2022/02/09 19:55:57 ET]
Table 'Epimetheus III' 9-max Seat #8 is the button
Seat 1: d.moura88 ($2 in chips) 
Seat 2: Sunpower333 ($1.46 in chips) 
Seat 3: bree161616 ($4.18 in chips) 
Seat 4: scar0001 ($1.88 in chips) 
Seat 5: PedaleurdeCharm ($1.85 in chips) 
Seat 6: Roberto_Souza81 ($0.77 in chips) 
Seat 7: Dorex2007 ($2.87 in chips) 
Seat 8: racunpoison ($4.44 in chips) 
Seat 9: coretmi ($0.89 in chips) 
coretmi: posts small blind $0.01
d.moura88: posts big blind $0.02
*** HOLE CARDS ***
Dealt to Dorex2007 [Td Ah]
Sunpower333: folds 
bree161616: folds 
scar0001: folds 
PedaleurdeCharm: folds 
Roberto_Souza81: folds 
Dorex2007: folds 
racunpoison: folds 
coretmi: calls $0.01
d.moura88: checks 
*** FLOP *** [9c 9s 2h]
coretmi: checks 
d.moura88: checks 
*** TURN *** [9c 9s 2h] [Jh]
coretmi: checks 
d.moura88: checks 
*** RIVER *** [9c 9s 2h Jh] [4s]
coretmi: checks 
d.moura88: checks 
*** SHOW DOWN ***
coretmi: shows [5s 6d] (a pair of Nines)
d.moura88: mucks hand 
coretmi collected $0.04 from pot
*** SUMMARY ***
Total pot $0.04 | Rake $0 
Board [9c 9s 2h Jh 4s]
Seat 1: d.moura88 (big blind) mucked [3h 5h]
Seat 2: Sunpower333 folded before Flop (didn't bet)
Seat 3: bree161616 folded before Flop (didn't bet)
Seat 4: scar0001 folded before Flop (didn't bet)
Seat 5: PedaleurdeCharm folded before Flop (didn't bet)
Seat 6: Roberto_Souza81 folded before Flop (didn't bet)
Seat 7: Dorex2007 folded before Flop (didn't bet)
Seat 8: racunpoison (button) folded before Flop (didn't bet)
Seat 9: coretmi (small blind) showed [5s 6d] and won ($0.04) with a pair of Nines



PokerStars Hand #233933045556:  Hold'em No Limit ($0.01/$0.02 USD) - 2022/02/09 16:56:37 PT [2022/02/09 19:56:37 ET]
Table 'Epimetheus III' 9-max Seat #9 is the button
Seat 1: d.moura88 ($2 in chips) 
Seat 2: Sunpower333 ($1.46 in chips) 
Seat 3: bree161616 ($4.18 in chips) 
Seat 4: scar0001 ($1.88 in chips) 
Seat 5: PedaleurdeCharm ($1.85 in chips) 
Seat 6: Roberto_Souza81 ($0.77 in chips) 
Seat 7: Dorex2007 ($2.87 in chips) 
Seat 8: racunpoison ($4.44 in chips) 
Seat 9: coretmi ($2 in chips) 
d.moura88: posts small blind $0.01
Sunpower333: posts big blind $0.02
*** HOLE CARDS ***
Dealt to Dorex2007 [Kd 5s]
bree161616: calls $0.02
scar0001: folds 
PedaleurdeCharm: folds 
Roberto_Souza81: calls $0.02
Dorex2007: folds 
racunpoison: folds 
coretmi: raises $0.02 to $0.04
d.moura88: raises $0.14 to $0.18
Sunpower333: folds 
bree161616: folds 
Roberto_Souza81: folds 
coretmi: calls $0.14
*** FLOP *** [Td Ac 8h]
d.moura88: bets $0.16
coretmi: calls $0.16
*** TURN *** [Td Ac 8h] [6c]
d.moura88: bets $0.28
coretmi: calls $0.28
*** RIVER *** [Td Ac 8h 6c] [5d]
d.moura88: bets $0.50
coretmi: raises $0.88 to $1.38 and is all-in
d.moura88 has timed out
d.moura88: folds 
Uncalled bet ($0.88) returned to coretmi
coretmi collected $2.22 from pot
*** SUMMARY ***
Total pot $2.30 | Rake $0.08 
Board [Td Ac 8h 6c 5d]
Seat 1: d.moura88 (small blind) folded on the River
Seat 2: Sunpower333 (big blind) folded before Flop
Seat 3: bree161616 folded before Flop
Seat 4: scar0001 folded before Flop (didn't bet)
Seat 5: PedaleurdeCharm folded before Flop (didn't bet)
Seat 6: Roberto_Souza81 folded before Flop
Seat 7: Dorex2007 folded before Flop (didn't bet)
Seat 8: racunpoison folded before Flop (didn't bet)
Seat 9: coretmi (button) collected ($2.22)



PokerStars Hand #233933072840:  Hold'em No Limit ($0.01/$0.02 USD) - 2022/02/09 16:58:29 PT [2022/02/09 19:58:29 ET]
Table 'Epimetheus III' 9-max Seat #1 is the button
Seat 1: d.moura88 ($2 in chips) 
Seat 2: Sunpower333 ($1.44 in chips) 
Seat 4: scar0001 ($1.88 in chips) 
Seat 5: PedaleurdeCharm ($1.85 in chips) 
Seat 6: Roberto_Souza81 ($0.75 in chips) 
Seat 7: Dorex2007 ($2.87 in chips) 
Seat 8: racunpoison ($4.44 in chips) 
Seat 9: coretmi ($3.10 in chips) 
Sunpower333: posts small blind $0.01
bree161616: is sitting out 
scar0001: posts big blind $0.02
*** HOLE CARDS ***
Dealt to Dorex2007 [Ac 7h]
PedaleurdeCharm: folds 
Roberto_Souza81: calls $0.02
Dorex2007: folds 
racunpoison: folds 
coretmi: folds 
bree161616 leaves the table
d.moura88: calls $0.02
Sunpower333: folds 
scar0001: checks 
*** FLOP *** [6h 8c Ks]
scar0001: checks 
Roberto_Souza81: checks 
your8 joins the table at seat #3 
d.moura88: checks 
*** TURN *** [6h 8c Ks] [2s]
scar0001: checks 
Roberto_Souza81: checks 
d.moura88 has timed out
d.moura88: checks 
*** RIVER *** [6h 8c Ks 2s] [2d]
scar0001: checks 
Roberto_Souza81: checks 
d.moura88: checks 
*** SHOW DOWN ***
scar0001: shows [Qc Th] (a pair of Deuces)
Roberto_Souza81: shows [Qd As] (a pair of Deuces - Ace kicker)
d.moura88: mucks hand 
Roberto_Souza81 collected $0.07 from pot
*** SUMMARY ***
Total pot $0.07 | Rake $0 
Board [6h 8c Ks 2s 2d]
Seat 1: d.moura88 (button) mucked [Qh Td]
Seat 2: Sunpower333 (small blind) folded before Flop
Seat 4: scar0001 (big blind) showed [Qc Th] and lost with a pair of Deuces
Seat 5: PedaleurdeCharm folded before Flop (didn't bet)
Seat 6: Roberto_Souza81 showed [Qd As] and won ($0.07) with a pair of Deuces
Seat 7: Dorex2007 folded before Flop (didn't bet)
Seat 8: racunpoison folded before Flop (didn't bet)
Seat 9: coretmi folded before Flop (didn't bet)



PokerStars Hand #233933098839:  Hold'em No Limit ($0.01/$0.02 USD) - 2022/02/09 16:59:52 PT [2022/02/09 19:59:52 ET]
Table 'Epimetheus III' 9-max Seat #2 is the button
Seat 1: d.moura88 ($2 in chips) 
Seat 2: Sunpower333 ($1.43 in chips) 
Seat 4: scar0001 ($1.86 in chips) 
Seat 5: PedaleurdeCharm ($1.85 in chips) 
Seat 6: Roberto_Souza81 ($0.80 in chips) 
Seat 7: Dorex2007 ($2.87 in chips) 
Seat 8: racunpoison ($4.44 in chips) 
Seat 9: coretmi ($3.10 in chips) 
scar0001: posts small blind $0.01
PedaleurdeCharm: posts big blind $0.02
*** HOLE CARDS ***
Dealt to Dorex2007 [2h 9s]
Roberto_Souza81: calls $0.02
Dorex2007: folds 
racunpoison: folds 
coretmi: folds 
d.moura88: folds 
Sunpower333: folds 
scar0001: folds 
PedaleurdeCharm: checks 
*** FLOP *** [Th 5s Jh]
PedaleurdeCharm: checks 
Roberto_Souza81: checks 
*** TURN *** [Th 5s Jh] [6h]
PedaleurdeCharm: checks 
Roberto_Souza81: bets $0.04
PedaleurdeCharm: calls $0.04
*** RIVER *** [Th 5s Jh 6h] [Td]
PedaleurdeCharm: checks 
Roberto_Souza81: bets $0.10
PedaleurdeCharm: folds 
Uncalled bet ($0.10) returned to Roberto_Souza81
Roberto_Souza81 collected $0.13 from pot
Roberto_Souza81: doesn't show hand 
*** SUMMARY ***
Total pot $0.13 | Rake $0 
Board [Th 5s Jh 6h Td]
Seat 1: d.moura88 folded before Flop (didn't bet)
Seat 2: Sunpower333 (button) folded before Flop (didn't bet)
Seat 4: scar0001 (small blind) folded before Flop
Seat 5: PedaleurdeCharm (big blind) folded on the River
Seat 6: Roberto_Souza81 collected ($0.13)
Seat 7: Dorex2007 folded before Flop (didn't bet)
Seat 8: racunpoison folded before Flop (didn't bet)
Seat 9: coretmi folded before Flop (didn't bet)



PokerStars Hand #233933113514:  Hold'em No Limit ($0.01/$0.02 USD) - 2022/02/09 17:00:49 PT [2022/02/09 20:00:49 ET]
Table 'Epimetheus III' 9-max Seat #4 is the button
Seat 1: d.moura88 ($2 in chips) 
Seat 2: Sunpower333 ($1.43 in chips) 
Seat 3: your8 ($2 in chips) 
Seat 4: scar0001 ($1.85 in chips) 
Seat 5: PedaleurdeCharm ($1.79 in chips) 
Seat 6: Roberto_Souza81 ($0.87 in chips) 
Seat 7: Dorex2007 ($2.87 in chips) 
Seat 8: racunpoison ($4.44 in chips) 
Seat 9: coretmi ($3.10 in chips) 
PedaleurdeCharm: posts small blind $0.01
Roberto_Souza81: posts big blind $0.02
your8: posts big blind $0.02
*** HOLE CARDS ***
Dealt to Dorex2007 [8h Ac]
Dorex2007: folds 
racunpoison: folds 
coretmi: calls $0.02
d.moura88: folds 
Sunpower333: folds 
your8: checks 
scar0001: calls $0.02
PedaleurdeCharm: folds 
Roberto_Souza81: checks 
*** FLOP *** [Qc 7c 9s]
Roberto_Souza81: checks 
coretmi: checks 
your8: checks 
scar0001: bets $0.02
Roberto_Souza81: folds 
coretmi: raises $0.02 to $0.04
your8: folds 
scar0001: calls $0.02
*** TURN *** [Qc 7c 9s] [2h]
coretmi: bets $0.04
scar0001: calls $0.04
*** RIVER *** [Qc 7c 9s 2h] [Jd]
coretmi: bets $0.04
scar0001: calls $0.04
*** SHOW DOWN ***
coretmi: shows [Qs Tc] (a pair of Queens)
scar0001: shows [Qh Ah] (a pair of Queens - Ace kicker)
scar0001 collected $0.32 from pot
*** SUMMARY ***
Total pot $0.33 | Rake $0.01 
Board [Qc 7c 9s 2h Jd]
Seat 1: d.moura88 folded before Flop (didn't bet)
Seat 2: Sunpower333 folded before Flop (didn't bet)
Seat 3: your8 folded on the Flop (didn't bet)
Seat 4: scar0001 (button) showed [Qh Ah] and won ($0.32) with a pair of Queens
Seat 5: PedaleurdeCharm (small blind) folded before Flop
Seat 6: Roberto_Souza81 (big blind) folded on the Flop
Seat 7: Dorex2007 folded before Flop (didn't bet)
Seat 8: racunpoison folded before Flop (didn't bet)
Seat 9: coretmi showed [Qs Tc] and lost with a pair of Queens



PokerStars Hand #233933132681:  Hold'em No Limit ($0.01/$0.02 USD) - 2022/02/09 17:01:57 PT [2022/02/09 20:01:57 ET]
Table 'Epimetheus III' 9-max Seat #5 is the button
Seat 1: d.moura88 ($2 in chips) 
Seat 2: Sunpower333 ($1.43 in chips) 
Seat 3: your8 ($1.98 in chips) 
Seat 4: scar0001 ($2.03 in chips) 
Seat 5: PedaleurdeCharm ($1.78 in chips) 
Seat 6: Roberto_Souza81 ($0.85 in chips) 
Seat 7: Dorex2007 ($2.87 in chips) 
Seat 8: racunpoison ($4.44 in chips) 
Seat 9: coretmi ($2.96 in chips) 
Roberto_Souza81: posts small blind $0.01
Dorex2007: posts big blind $0.02
*** HOLE CARDS ***
Dealt to Dorex2007 [4d 6d]
racunpoison: folds 
coretmi: calls $0.02
d.moura88: folds 
Sunpower333: folds 
your8: raises $0.04 to $0.06
scar0001: folds 
PedaleurdeCharm: folds 
Roberto_Souza81: folds 
Dorex2007: folds 
coretmi: calls $0.04
*** FLOP *** [6c Qh 2d]
coretmi: checks 
your8: bets $0.07
coretmi: calls $0.07
*** TURN *** [6c Qh 2d] [2s]
coretmi: checks 
your8: bets $0.14
coretmi: folds 
Uncalled bet ($0.14) returned to your8
your8 collected $0.28 from pot
your8: doesn't show hand 
*** SUMMARY ***
Total pot $0.29 | Rake $0.01 
Board [6c Qh 2d 2s]
Seat 1: d.moura88 folded before Flop (didn't bet)
Seat 2: Sunpower333 folded before Flop (didn't bet)
Seat 3: your8 collected ($0.28)
Seat 4: scar0001 folded before Flop (didn't bet)
Seat 5: PedaleurdeCharm (button) folded before Flop (didn't bet)
Seat 6: Roberto_Souza81 (small blind) folded before Flop
Seat 7: Dorex2007 (big blind) folded before Flop
Seat 8: racunpoison folded before Flop (didn't bet)
Seat 9: coretmi folded on the Turn



PokerStars Hand #233933142133:  Hold'em No Limit ($0.01/$0.02 USD) - 2022/02/09 17:02:29 PT [2022/02/09 20:02:29 ET]
Table 'Epimetheus III' 9-max Seat #6 is the button
Seat 1: d.moura88 ($2 in chips) 
Seat 2: Sunpower333 ($1.43 in chips) 
Seat 3: your8 ($2.13 in chips) 
Seat 4: scar0001 ($2.03 in chips) 
Seat 5: PedaleurdeCharm ($1.78 in chips) 
Seat 6: Roberto_Souza81 ($0.84 in chips) 
Seat 7: Dorex2007 ($2.85 in chips) 
Seat 8: racunpoison ($4.44 in chips) 
Seat 9: coretmi ($2.83 in chips) 
Dorex2007: posts small blind $0.01
racunpoison: posts big blind $0.02
*** HOLE CARDS ***
Dealt to Dorex2007 [4d Qc]
coretmi: folds 
d.moura88: folds 
Sunpower333: folds 
your8: folds 
scar0001: calls $0.02
PedaleurdeCharm: folds 
Roberto_Souza81: folds 
Dorex2007: folds 
racunpoison: checks 
*** FLOP *** [7s 4s 9d]
racunpoison: bets $0.05
scar0001: calls $0.05
*** TURN *** [7s 4s 9d] [2h]
racunpoison: bets $0.07
scar0001: calls $0.07
*** RIVER *** [7s 4s 9d 2h] [8c]
racunpoison: bets $0.28
scar0001: folds 
Uncalled bet ($0.28) returned to racunpoison
racunpoison collected $0.28 from pot
*** SUMMARY ***
Total pot $0.29 | Rake $0.01 
Board [7s 4s 9d 2h 8c]
Seat 1: d.moura88 folded before Flop (didn't bet)
Seat 2: Sunpower333 folded before Flop (didn't bet)
Seat 3: your8 folded before Flop (didn't bet)
Seat 4: scar0001 folded on the River
Seat 5: PedaleurdeCharm folded before Flop (didn't bet)
Seat 6: Roberto_Souza81 (button) folded before Flop (didn't bet)
Seat 7: Dorex2007 (small blind) folded before Flop
Seat 8: racunpoison (big blind) collected ($0.28)
Seat 9: coretmi folded before Flop (didn't bet)



PokerStars Hand #233933155836:  Hold'em No Limit ($0.01/$0.02 USD) - 2022/02/09 17:03:16 PT [2022/02/09 20:03:16 ET]
Table 'Epimetheus III' 9-max Seat #7 is the button
Seat 1: d.moura88 ($2 in chips) 
Seat 2: Sunpower333 ($1.43 in chips) 
Seat 3: your8 ($2.13 in chips) 
Seat 4: scar0001 ($1.89 in chips) 
Seat 5: PedaleurdeCharm ($1.78 in chips) 
Seat 6: Roberto_Souza81 ($0.84 in chips) 
Seat 7: Dorex2007 ($2.84 in chips) 
Seat 8: racunpoison ($4.58 in chips) 
Seat 9: coretmi ($2.83 in chips) 
racunpoison: posts small blind $0.01
coretmi: posts big blind $0.02
*** HOLE CARDS ***
Dealt to Dorex2007 [7s 3d]
d.moura88: folds 
Sunpower333: folds 
your8: raises $0.04 to $0.06
scar0001: folds 
PedaleurdeCharm: folds 
Roberto_Souza81: folds 
Dorex2007: folds 
racunpoison: raises $0.14 to $0.20
coretmi: folds 
your8: calls $0.14
*** FLOP *** [9h 6d 6c]
racunpoison: checks 
your8: checks 
*** TURN *** [9h 6d 6c] [Qh]
racunpoison: bets $0.30
your8: calls $0.30
*** RIVER *** [9h 6d 6c Qh] [Kh]
racunpoison: bets $0.75
your8: folds 
Uncalled bet ($0.75) returned to racunpoison
racunpoison collected $0.98 from pot
*** SUMMARY ***
Total pot $1.02 | Rake $0.04 
Board [9h 6d 6c Qh Kh]
Seat 1: d.moura88 folded before Flop (didn't bet)
Seat 2: Sunpower333 folded before Flop (didn't bet)
Seat 3: your8 folded on the River
Seat 4: scar0001 folded before Flop (didn't bet)
Seat 5: PedaleurdeCharm folded before Flop (didn't bet)
Seat 6: Roberto_Souza81 folded before Flop (didn't bet)
Seat 7: Dorex2007 (button) folded before Flop (didn't bet)
Seat 8: racunpoison (small blind) collected ($0.98)
Seat 9: coretmi (big blind) folded before Flop



PokerStars Hand #233933168545:  Hold'em No Limit ($0.01/$0.02 USD) - 2022/02/09 17:03:59 PT [2022/02/09 20:03:59 ET]
Table 'Epimetheus III' 9-max Seat #8 is the button
Seat 1: d.moura88 ($2 in chips) 
Seat 2: Sunpower333 ($1.43 in chips) 
Seat 3: your8 ($1.63 in chips) 
Seat 4: scar0001 ($1.89 in chips) 
Seat 5: PedaleurdeCharm ($1.78 in chips) 
Seat 6: Roberto_Souza81 ($0.84 in chips) 
Seat 7: Dorex2007 ($2.84 in chips) 
Seat 8: racunpoison ($5.06 in chips) 
Seat 9: coretmi ($2.81 in chips) 
coretmi: posts small blind $0.01
d.moura88: posts big blind $0.02
*** HOLE CARDS ***
Dealt to Dorex2007 [2s 8h]
Sunpower333: folds 
your8: folds 
scar0001: folds 
PedaleurdeCharm: folds 
Roberto_Souza81: calls $0.02
Dorex2007: folds 
racunpoison: calls $0.02
coretmi: folds 
d.moura88: checks 
*** FLOP *** [5s Ad Td]
d.moura88: checks 
Roberto_Souza81: checks 
racunpoison: checks 
*** TURN *** [5s Ad Td] [Ts]
d.moura88: bets $0.03
Roberto_Souza81: calls $0.03
racunpoison: folds 
*** RIVER *** [5s Ad Td Ts] [Kh]
d.moura88: bets $0.05
Roberto_Souza81: raises $0.19 to $0.24
d.moura88: calls $0.19
*** SHOW DOWN ***
Roberto_Souza81: shows [Ah Jh] (two pair, Aces and Tens)
d.moura88: shows [Th 7s] (three of a kind, Tens)
d.moura88 collected $0.59 from pot
*** SUMMARY ***
Total pot $0.61 | Rake $0.02 
Board [5s Ad Td Ts Kh]
Seat 1: d.moura88 (big blind) showed [Th 7s] and won ($0.59) with three of a kind, Tens
Seat 2: Sunpower333 folded before Flop (didn't bet)
Seat 3: your8 folded before Flop (didn't bet)
Seat 4: scar0001 folded before Flop (didn't bet)
Seat 5: PedaleurdeCharm folded before Flop (didn't bet)
Seat 6: Roberto_Souza81 showed [Ah Jh] and lost with two pair, Aces and Tens
Seat 7: Dorex2007 folded before Flop (didn't bet)
Seat 8: racunpoison (button) folded on the Turn
Seat 9: coretmi (small blind) folded before Flop



PokerStars Hand #233933188515:  Hold'em No Limit ($0.01/$0.02 USD) - 2022/02/09 17:05:07 PT [2022/02/09 20:05:07 ET]
Table 'Epimetheus III' 9-max Seat #9 is the button
Seat 1: d.moura88 ($2.30 in chips) 
Seat 2: Sunpower333 ($1.43 in chips) 
Seat 3: your8 ($1.63 in chips) 
Seat 4: scar0001 ($1.89 in chips) 
Seat 5: PedaleurdeCharm ($1.78 in chips) 
Seat 6: Roberto_Souza81 ($0.55 in chips) 
Seat 7: Dorex2007 ($2.84 in chips) 
Seat 8: racunpoison ($5.04 in chips) 
Seat 9: coretmi ($2.80 in chips) 
d.moura88: posts small blind $0.01
Sunpower333: posts big blind $0.02
*** HOLE CARDS ***
Dealt to Dorex2007 [9d 2s]
your8: raises $0.02 to $0.04
scar0001: folds 
PedaleurdeCharm: folds 
Roberto_Souza81: folds 
Dorex2007: folds 
racunpoison: folds 
coretmi: raises $0.02 to $0.06
d.moura88: folds 
Sunpower333: folds 
your8: calls $0.02
*** FLOP *** [Jh 2d Jd]
your8: bets $0.02
coretmi: calls $0.02
*** TURN *** [Jh 2d Jd] [7s]
your8: checks 
coretmi: bets $0.02
your8: calls $0.02
*** RIVER *** [Jh 2d Jd 7s] [9h]
your8: checks 
coretmi: bets $0.62
your8: calls $0.62
*** SHOW DOWN ***
coretmi: shows [Qc Jc] (three of a kind, Jacks)
your8: mucks hand 
coretmi collected $1.42 from pot
*** SUMMARY ***
Total pot $1.47 | Rake $0.05 
Board [Jh 2d Jd 7s 9h]
Seat 1: d.moura88 (small blind) folded before Flop
Seat 2: Sunpower333 (big blind) folded before Flop
Seat 3: your8 mucked [Ts Th]
Seat 4: scar0001 folded before Flop (didn't bet)
Seat 5: PedaleurdeCharm folded before Flop (didn't bet)
Seat 6: Roberto_Souza81 folded before Flop (didn't bet)
Seat 7: Dorex2007 folded before Flop (didn't bet)
Seat 8: racunpoison folded before Flop (didn't bet)
Seat 9: coretmi (button) showed [Qc Jc] and won ($1.42) with three of a kind, Jacks



PokerStars Hand #233933209101:  Hold'em No Limit ($0.01/$0.02 USD) - 2022/02/09 17:05:51 PT [2022/02/09 20:05:51 ET]
Table 'Epimetheus III' 9-max Seat #1 is the button
Seat 1: d.moura88 ($2.29 in chips) 
Seat 2: Sunpower333 ($1.41 in chips) 
Seat 3: your8 ($0.91 in chips) 
Seat 4: scar0001 ($1.89 in chips) 
Seat 5: PedaleurdeCharm ($1.78 in chips) 
Seat 6: Roberto_Souza81 ($0.55 in chips) 
Seat 7: Dorex2007 ($2.84 in chips) 
Seat 8: racunpoison ($5.04 in chips) 
Seat 9: coretmi ($3.50 in chips) 
Sunpower333: posts small blind $0.01
your8: posts big blind $0.02
*** HOLE CARDS ***
Dealt to Dorex2007 [Ts 2c]
scar0001: calls $0.02
PedaleurdeCharm: folds 
Roberto_Souza81: calls $0.02
Dorex2007: folds 
racunpoison: folds 
coretmi: calls $0.02
d.moura88: folds 
Sunpower333: folds 
your8: checks 
*** FLOP *** [4c 8c Jh]
your8: bets $0.02
scar0001: calls $0.02
Roberto_Souza81: folds 
coretmi: calls $0.02
*** TURN *** [4c 8c Jh] [3c]
your8: bets $0.02
scar0001: calls $0.02
coretmi: calls $0.02
*** RIVER *** [4c 8c Jh 3c] [Qc]
your8: checks 
scar0001: bets $0.06
coretmi: calls $0.06
your8: folds 
*** SHOW DOWN ***
scar0001: shows [Ac 5d] (a flush, Ace high)
coretmi: mucks hand 
scar0001 collected $0.32 from pot
*** SUMMARY ***
Total pot $0.33 | Rake $0.01 
Board [4c 8c Jh 3c Qc]
Seat 1: d.moura88 (button) folded before Flop (didn't bet)
Seat 2: Sunpower333 (small blind) folded before Flop
Seat 3: your8 (big blind) folded on the River
Seat 4: scar0001 showed [Ac 5d] and won ($0.32) with a flush, Ace high
Seat 5: PedaleurdeCharm folded before Flop (didn't bet)
Seat 6: Roberto_Souza81 folded on the Flop
Seat 7: Dorex2007 folded before Flop (didn't bet)
Seat 8: racunpoison folded before Flop (didn't bet)
Seat 9: coretmi mucked [As 6c]



PokerStars Hand #233933234753:  Hold'em No Limit ($0.01/$0.02 USD) - 2022/02/09 17:06:57 PT [2022/02/09 20:06:57 ET]
Table 'Epimetheus III' 9-max Seat #2 is the button
Seat 1: d.moura88 ($2.29 in chips) 
Seat 2: Sunpower333 ($1.40 in chips) 
Seat 3: your8 ($0.85 in chips) 
Seat 4: scar0001 ($2.09 in chips) 
Seat 5: PedaleurdeCharm ($1.78 in chips) 
Seat 6: Roberto_Souza81 ($0.53 in chips) 
Seat 7: Dorex2007 ($2.84 in chips) 
Seat 8: racunpoison ($5.04 in chips) 
Seat 9: coretmi ($3.38 in chips) 
your8: posts small blind $0.01
scar0001: posts big blind $0.02
*** HOLE CARDS ***
Dealt to Dorex2007 [3c Th]
PedaleurdeCharm: calls $0.02
Roberto_Souza81: folds 
Dorex2007: folds 
racunpoison: folds 
coretmi: calls $0.02
d.moura88: folds 
Sunpower333: raises $0.04 to $0.06
your8: folds 
scar0001: folds 
PedaleurdeCharm: calls $0.04
coretmi: calls $0.04
*** FLOP *** [8s Qh 6c]
PedaleurdeCharm: checks 
coretmi: checks 
Sunpower333: bets $0.10
PedaleurdeCharm: raises $0.40 to $0.50
coretmi: folds 
Sunpower333: folds 
Uncalled bet ($0.40) returned to PedaleurdeCharm
PedaleurdeCharm collected $0.40 from pot
*** SUMMARY ***
Total pot $0.41 | Rake $0.01 
Board [8s Qh 6c]
Seat 1: d.moura88 folded before Flop (didn't bet)
Seat 2: Sunpower333 (button) folded on the Flop
Seat 3: your8 (small blind) folded before Flop
Seat 4: scar0001 (big blind) folded before Flop
Seat 5: PedaleurdeCharm collected ($0.40)
Seat 6: Roberto_Souza81 folded before Flop (didn't bet)
Seat 7: Dorex2007 folded before Flop (didn't bet)
Seat 8: racunpoison folded before Flop (didn't bet)
Seat 9: coretmi folded on the Flop



PokerStars Hand #233933249596:  Hold'em No Limit ($0.01/$0.02 USD) - 2022/02/09 17:07:48 PT [2022/02/09 20:07:48 ET]
Table 'Epimetheus III' 9-max Seat #3 is the button
Seat 1: d.moura88 ($2.29 in chips) 
Seat 2: Sunpower333 ($1.24 in chips) 
Seat 3: your8 ($1.64 in chips) 
Seat 4: scar0001 ($2.07 in chips) 
Seat 5: PedaleurdeCharm ($2.02 in chips) 
Seat 6: Roberto_Souza81 ($0.53 in chips) 
Seat 7: Dorex2007 ($2.84 in chips) 
Seat 8: racunpoison ($5.04 in chips) 
Seat 9: coretmi ($3.32 in chips) 
scar0001: posts small blind $0.01
PedaleurdeCharm: posts big blind $0.02
*** HOLE CARDS ***
Dealt to Dorex2007 [4d Qc]
Roberto_Souza81: folds 
Dorex2007: folds 
racunpoison: folds 
coretmi: folds 
d.moura88: calls $0.02
Sunpower333: folds 
your8: raises $0.07 to $0.09
scar0001: folds 
PedaleurdeCharm: folds 
d.moura88: folds 
Uncalled bet ($0.07) returned to your8
PedaleurdeCharm leaves the table
your8 collected $0.07 from pot
your8: doesn't show hand 
*** SUMMARY ***
Total pot $0.07 | Rake $0 
Seat 1: d.moura88 folded before Flop
Seat 2: Sunpower333 folded before Flop (didn't bet)
Seat 3: your8 (button) collected ($0.07)
Seat 4: scar0001 (small blind) folded before Flop
Seat 5: PedaleurdeCharm (big blind) folded before Flop
Seat 6: Roberto_Souza81 folded before Flop (didn't bet)
Seat 7: Dorex2007 folded before Flop (didn't bet)
Seat 8: racunpoison folded before Flop (didn't bet)
Seat 9: coretmi folded before Flop (didn't bet)



PokerStars Hand #233933260870:  Hold'em No Limit ($0.01/$0.02 USD) - 2022/02/09 17:08:27 PT [2022/02/09 20:08:27 ET]
Table 'Epimetheus III' 9-max Seat #4 is the button
Seat 1: d.moura88 ($2.27 in chips) 
Seat 2: Sunpower333 ($1.24 in chips) 
Seat 3: your8 ($1.69 in chips) 
Seat 4: scar0001 ($2.06 in chips) 
Seat 6: Roberto_Souza81 ($0.53 in chips) 
Seat 7: Dorex2007 ($2.84 in chips) 
Seat 8: racunpoison ($5.04 in chips) 
Seat 9: coretmi ($3.32 in chips) 
Roberto_Souza81: posts small blind $0.01
Dorex2007: posts big blind $0.02
*** HOLE CARDS ***
Dealt to Dorex2007 [5c Jc]
dlolo30 joins the table at seat #5 
racunpoison: raises $0.04 to $0.06
coretmi: folds 
d.moura88: folds 
Sunpower333: raises $0.12 to $0.18
your8: calls $0.18
scar0001: folds 
scar0001 leaves the table
Roberto_Souza81: folds 
Dorex2007: folds 
racunpoison: calls $0.12
*** FLOP *** [8h Ts Ac]
racunpoison: checks 
Sunpower333: checks 
your8: bets $0.28
racunpoison: folds 
Sunpower333: calls $0.28
*** TURN *** [8h Ts Ac] [9d]
Sunpower333: checks 
your8: checks 
*** RIVER *** [8h Ts Ac 9d] [7h]
Sunpower333: bets $0.78 and is all-in
your8: calls $0.78
*** SHOW DOWN ***
Sunpower333: shows [Td Th] (three of a kind, Tens)
your8: shows [8c As] (two pair, Aces and Eights)
Sunpower333 collected $2.60 from pot
*** SUMMARY ***
Total pot $2.69 | Rake $0.09 
Board [8h Ts Ac 9d 7h]
Seat 1: d.moura88 folded before Flop (didn't bet)
Seat 2: Sunpower333 showed [Td Th] and won ($2.60) with three of a kind, Tens
Seat 3: your8 showed [8c As] and lost with two pair, Aces and Eights
Seat 4: scar0001 (button) folded before Flop (didn't bet)
Seat 6: Roberto_Souza81 (small blind) folded before Flop
Seat 7: Dorex2007 (big blind) folded before Flop
Seat 8: racunpoison folded on the Flop
Seat 9: coretmi folded before Flop (didn't bet)



PokerStars Hand #233933275403:  Hold'em No Limit ($0.01/$0.02 USD) - 2022/02/09 17:09:17 PT [2022/02/09 20:09:17 ET]
Table 'Epimetheus III' 9-max Seat #6 is the button
Seat 1: d.moura88 ($2.27 in chips) 
Seat 2: Sunpower333 ($2.60 in chips) 
Seat 3: your8 ($0.45 in chips) 
Seat 6: Roberto_Souza81 ($0.52 in chips) 
Seat 7: Dorex2007 ($2.82 in chips) 
Seat 8: racunpoison ($4.86 in chips) 
Seat 9: coretmi ($3.32 in chips) 
Dorex2007: posts small blind $0.01
racunpoison: posts big blind $0.02
dlolo30: sits out 
*** HOLE CARDS ***
Dealt to Dorex2007 [3c Ah]
coretmi: raises $0.02 to $0.04
d.moura88: folds 
Sunpower333: folds 
Sunpower333 said, "nh"
your8: calls $0.04
Roberto_Souza81: folds 
Dorex2007: folds 
racunpoison: calls $0.02
*** FLOP *** [8c Jh Kd]
racunpoison: checks 
your8 said, "<3"
coretmi: bets $0.04
your8: raises $0.04 to $0.08
racunpoison: raises $0.33 to $0.41
coretmi: calls $0.37
your8: calls $0.33 and is all-in
*** TURN *** [8c Jh Kd] [Tc]
racunpoison: bets $0.66
coretmi: raises $0.66 to $1.32
racunpoison: calls $0.66
*** RIVER *** [8c Jh Kd Tc] [Jc]
racunpoison: bets $3.09 and is all-in
coretmi: calls $1.55 and is all-in
Uncalled bet ($1.54) returned to racunpoison
*** SHOW DOWN ***
racunpoison: shows [Th Qs] (two pair, Jacks and Tens)
coretmi: shows [6h Kh] (two pair, Kings and Jacks)
coretmi collected $5.54 from side pot
your8: shows [Kc Js] (a full house, Jacks full of Kings)
your8 collected $1.31 from main pot
*** SUMMARY ***
Total pot $7.10 Main pot $1.31. Side pot $5.54. | Rake $0.25 
Board [8c Jh Kd Tc Jc]
Seat 1: d.moura88 folded before Flop (didn't bet)
Seat 2: Sunpower333 folded before Flop (didn't bet)
Seat 3: your8 showed [Kc Js] and won ($1.31) with a full house, Jacks full of Kings
Seat 6: Roberto_Souza81 (button) folded before Flop (didn't bet)
Seat 7: Dorex2007 (small blind) folded before Flop
Seat 8: racunpoison (big blind) showed [Th Qs] and lost with two pair, Jacks and Tens
Seat 9: coretmi showed [6h Kh] and won ($5.54) with two pair, Kings and Jacks



PokerStars Hand #233933303091:  Hold'em No Limit ($0.01/$0.02 USD) - 2022/02/09 17:10:53 PT [2022/02/09 20:10:53 ET]
Table 'Epimetheus III' 9-max Seat #7 is the button
Seat 1: d.moura88 ($2.27 in chips) 
Seat 3: your8 ($2 in chips) 
Seat 6: Roberto_Souza81 ($0.52 in chips) 
Seat 7: Dorex2007 ($2.81 in chips) 
Seat 8: racunpoison ($1.54 in chips) 
Seat 9: coretmi ($5.54 in chips) 
racunpoison: posts small blind $0.01
coretmi: posts big blind $0.02
dlolo30: sits out 
*** HOLE CARDS ***
Dealt to Dorex2007 [3h 7d]
Sunpower333 leaves the table
d.moura88: folds 
your8: folds 
Roberto_Souza81: calls $0.02
racunpoison said, ":X"
Dorex2007: folds 
racunpoison: raises $0.04 to $0.06
coretmi: folds 
Roberto_Souza81: calls $0.04
*** FLOP *** [Js Ad 3c]
racunpoison: checks 
Roberto_Souza81: checks 
*** TURN *** [Js Ad 3c] [Th]
racunpoison: checks 
Roberto_Souza81: bets $0.06
racunpoison: calls $0.06
*** RIVER *** [Js Ad 3c Th] [4c]
racunpoison: checks 
Roberto_Souza81: bets $0.10
racunpoison: calls $0.10
*** SHOW DOWN ***
Roberto_Souza81: shows [Qh Jh] (a pair of Jacks)
racunpoison: mucks hand 
Roberto_Souza81 collected $0.44 from pot
*** SUMMARY ***
Total pot $0.46 | Rake $0.02 
Board [Js Ad 3c Th 4c]
Seat 1: d.moura88 folded before Flop (didn't bet)
Seat 3: your8 folded before Flop (didn't bet)
Seat 6: Roberto_Souza81 showed [Qh Jh] and won ($0.44) with a pair of Jacks
Seat 7: Dorex2007 (button) folded before Flop (didn't bet)
Seat 8: racunpoison (small blind) mucked [4s 2s]
Seat 9: coretmi (big blind) folded before Flop



PokerStars Hand #233933320397:  Hold'em No Limit ($0.01/$0.02 USD) - 2022/02/09 17:11:53 PT [2022/02/09 20:11:53 ET]
Table 'Epimetheus III' 9-max Seat #8 is the button
Seat 1: d.moura88 ($2.27 in chips) 
Seat 3: your8 ($2 in chips) 
Seat 6: Roberto_Souza81 ($0.74 in chips) 
Seat 7: Dorex2007 ($2.81 in chips) 
Seat 8: racunpoison ($1.32 in chips) 
Seat 9: coretmi ($5.52 in chips) 
coretmi: posts small blind $0.01
d.moura88: posts big blind $0.02
dlolo30: sits out 
*** HOLE CARDS ***
Dealt to Dorex2007 [Ks Kc]
your8: folds 
Roberto_Souza81: folds 
Roberto_Souza81 leaves the table
Dorex2007 has timed out
Dorex2007: folds 
racunpoison: raises $0.04 to $0.06
coretmi: folds 
d.moura88: folds 
Uncalled bet ($0.04) returned to racunpoison
racunpoison collected $0.05 from pot
*** SUMMARY ***
Total pot $0.05 | Rake $0 
Seat 1: d.moura88 (big blind) folded before Flop
Seat 3: your8 folded before Flop (didn't bet)
Seat 6: Roberto_Souza81 folded before Flop (didn't bet)
Seat 7: Dorex2007 folded before Flop (didn't bet)
Seat 8: racunpoison (button) collected ($0.05)
Seat 9: coretmi (small blind) folded before Flop



PokerStars Hand #233933333445:  Hold'em No Limit ($0.01/$0.02 USD) - 2022/02/09 17:12:39 PT [2022/02/09 20:12:39 ET]
Table 'Epimetheus III' 9-max Seat #1 is the button
Seat 1: d.moura88 ($2.24 in chips) 
Seat 3: your8 ($1.94 in chips) 
Seat 5: dlolo30 ($2 in chips) 
Seat 7: Dorex2007 ($2.81 in chips) 
Seat 8: racunpoison ($1.42 in chips) 
Seat 9: coretmi ($5.51 in chips) 
your8: posts small blind $0.01
dlolo30: posts big blind $0.02
*** HOLE CARDS ***
Dealt to Dorex2007 [Th 3c]
Dorex2007: folds 
racunpoison: raises $0.04 to $0.06
coretmi: calls $0.06
d.moura88: folds 
your8: folds 
dlolo30: folds 
*** FLOP *** [Qs Ks As]
racunpoison: bets $0.14
coretmi: calls $0.14
*** TURN *** [Qs Ks As] [2s]
racunpoison: checks 
coretmi: bets $0.90
racunpoison: folds 
Uncalled bet ($0.90) returned to coretmi
coretmi collected $0.41 from pot
*** SUMMARY ***
Total pot $0.43 | Rake $0.02 
Board [Qs Ks As 2s]
Seat 1: d.moura88 (button) folded before Flop (didn't bet)
Seat 3: your8 (small blind) folded before Flop
Seat 5: dlolo30 (big blind) folded before Flop
Seat 7: Dorex2007 folded before Flop (didn't bet)
Seat 8: racunpoison folded on the Turn
Seat 9: coretmi collected ($0.41)



PokerStars Hand #233933347292:  Hold'em No Limit ($0.01/$0.02 USD) - 2022/02/09 17:13:27 PT [2022/02/09 20:13:27 ET]
Table 'Epimetheus III' 9-max Seat #3 is the button
Seat 1: d.moura88 ($2.24 in chips) 
Seat 3: your8 ($1.93 in chips) 
Seat 5: dlolo30 ($1.98 in chips) 
Seat 7: Dorex2007 ($2.81 in chips) 
Seat 8: racunpoison ($1.22 in chips) 
Seat 9: coretmi ($5.72 in chips) 
dlolo30: posts small blind $0.01
Dorex2007: posts big blind $0.02
*** HOLE CARDS ***
Dealt to Dorex2007 [8c Th]
racunpoison: folds 
coretmi: folds 
d.moura88: folds 
your8: raises $0.02 to $0.04
dlolo30: folds 
Dorex2007: folds 
Uncalled bet ($0.02) returned to your8
your8 collected $0.05 from pot
your8: doesn't show hand 
*** SUMMARY ***
Total pot $0.05 | Rake $0 
Seat 1: d.moura88 folded before Flop (didn't bet)
Seat 3: your8 (button) collected ($0.05)
Seat 5: dlolo30 (small blind) folded before Flop
Seat 7: Dorex2007 (big blind) folded before Flop
Seat 8: racunpoison folded before Flop (didn't bet)
Seat 9: coretmi folded before Flop (didn't bet)



PokerStars Hand #233933353709:  Hold'em No Limit ($0.01/$0.02 USD) - 2022/02/09 17:13:49 PT [2022/02/09 20:13:49 ET]
Table 'Epimetheus III' 9-max Seat #5 is the button
Seat 1: d.moura88 ($2.24 in chips) 
Seat 3: your8 ($1.96 in chips) 
Seat 5: dlolo30 ($1.97 in chips) 
Seat 7: Dorex2007 ($2.79 in chips) 
Seat 8: racunpoison ($1.22 in chips) 
Seat 9: coretmi ($5.72 in chips) 
Dorex2007: posts small blind $0.01
racunpoison: posts big blind $0.02
*** HOLE CARDS ***
Dealt to Dorex2007 [5s 7c]
coretmi: calls $0.02
d.moura88: folds 
your8: calls $0.02
d.moura88 leaves the table
dlolo30: folds 
Dorex2007: folds 
racunpoison: raises $1.20 to $1.22 and is all-in
coretmi: folds 
your8: folds 
Uncalled bet ($1.20) returned to racunpoison
racunpoison collected $0.07 from pot
*** SUMMARY ***
Total pot $0.07 | Rake $0 
Seat 1: d.moura88 folded before Flop (didn't bet)
Seat 3: your8 folded before Flop
Seat 5: dlolo30 (button) folded before Flop (didn't bet)
Seat 7: Dorex2007 (small blind) folded before Flop
Seat 8: racunpoison (big blind) collected ($0.07)
Seat 9: coretmi folded before Flop



