PokerStars Hand #238668968474:  Hold'em No Limit ($0.02/$0.05 USD) - 2022/09/16 13:01:12 PT [2022/09/16 16:01:12 ET]
Table 'Campania' 9-max Seat #3 is the button
Seat 2: Dorex2007 ($5 in chips) 
Seat 3: leocard83 ($3.38 in chips) 
Seat 4: gohan2015 ($13.34 in chips) 
Seat 5: noraemon ($5 in chips) 
Seat 6: WSOPchamp020 ($2.54 in chips) 
Seat 7: Azimusback ($5.32 in chips) 
Seat 8: Morells93 ($6.27 in chips) 
Seat 9: mumisber ($1.40 in chips) 
gohan2015: posts small blind $0.02
noraemon: posts big blind $0.05
Dorex2007: posts big blind $0.05
*** HOLE CARDS ***
Dealt to Dorex2007 [4h 7s]
WSOPchamp020: calls $0.05
Azimusback: raises $0.20 to $0.25
Morells93: folds 
mumisber: folds 
Dorex2007: folds 
leocard83: folds 
gohan2015: folds 
noraemon: folds 
WSOPchamp020: calls $0.20
*** FLOP *** [5c Kd Jc]
WSOPchamp020: checks 
Azimusback: bets $0.25
WSOPchamp020: folds 
Uncalled bet ($0.25) returned to Azimusback
Azimusback collected $0.59 from pot
Azimusback: doesn't show hand 
*** SUMMARY ***
Total pot $0.62 | Rake $0.03 
Board [5c Kd Jc]
Seat 2: Dorex2007 folded before Flop (didn't bet)
Seat 3: leocard83 (button) folded before Flop (didn't bet)
Seat 4: gohan2015 (small blind) folded before Flop
Seat 5: noraemon (big blind) folded before Flop
Seat 6: WSOPchamp020 folded on the Flop
Seat 7: Azimusback collected ($0.59)
Seat 8: Morells93 folded before Flop (didn't bet)
Seat 9: mumisber folded before Flop (didn't bet)



PokerStars Hand #238668983614:  Hold'em No Limit ($0.02/$0.05 USD) - 2022/09/16 13:01:49 PT [2022/09/16 16:01:49 ET]
Table 'Campania' 9-max Seat #4 is the button
Seat 2: Dorex2007 ($5 in chips) 
Seat 3: leocard83 ($3.38 in chips) 
Seat 4: gohan2015 ($13.32 in chips) 
Seat 5: noraemon ($5 in chips) 
Seat 6: WSOPchamp020 ($2.29 in chips) 
Seat 7: Azimusback ($5.66 in chips) 
Seat 8: Morells93 ($6.27 in chips) 
Seat 9: mumisber ($1.40 in chips) 
noraemon: posts small blind $0.02
WSOPchamp020: posts big blind $0.05
*** HOLE CARDS ***
Dealt to Dorex2007 [8d 3h]
Azimusback: folds 
Morells93: folds 
mumisber: folds 
Dorex2007: folds 
leocard83: folds 
gohan2015: folds 
noraemon: folds 
Uncalled bet ($0.03) returned to WSOPchamp020
WSOPchamp020 collected $0.04 from pot
WSOPchamp020: doesn't show hand 
*** SUMMARY ***
Total pot $0.04 | Rake $0 
Seat 2: Dorex2007 folded before Flop (didn't bet)
Seat 3: leocard83 folded before Flop (didn't bet)
Seat 4: gohan2015 (button) folded before Flop (didn't bet)
Seat 5: noraemon (small blind) folded before Flop
Seat 6: WSOPchamp020 (big blind) collected ($0.04)
Seat 7: Azimusback folded before Flop (didn't bet)
Seat 8: Morells93 folded before Flop (didn't bet)
Seat 9: mumisber folded before Flop (didn't bet)



PokerStars Hand #238668991850:  Hold'em No Limit ($0.02/$0.05 USD) - 2022/09/16 13:02:07 PT [2022/09/16 16:02:07 ET]
Table 'Campania' 9-max Seat #5 is the button
Seat 2: Dorex2007 ($5 in chips) 
Seat 3: leocard83 ($3.38 in chips) 
Seat 4: gohan2015 ($13.32 in chips) 
Seat 5: noraemon ($5 in chips) 
Seat 6: WSOPchamp020 ($2.31 in chips) 
Seat 7: Azimusback ($5.66 in chips) 
Seat 8: Morells93 ($6.27 in chips) 
Seat 9: mumisber ($1.40 in chips) 
WSOPchamp020: posts small blind $0.02
Azimusback: posts big blind $0.05
*** HOLE CARDS ***
Dealt to Dorex2007 [Kd Qc]
Morells93: folds 
mumisber: folds 
Dorex2007: raises $0.10 to $0.15
leocard83: folds 
gohan2015: raises $0.35 to $0.50
noraemon: folds 
WSOPchamp020: folds 
Azimusback: folds 
Dorex2007: folds 
Uncalled bet ($0.35) returned to gohan2015
gohan2015 collected $0.37 from pot
gohan2015: doesn't show hand 
*** SUMMARY ***
Total pot $0.37 | Rake $0 
Seat 2: Dorex2007 folded before Flop
Seat 3: leocard83 folded before Flop (didn't bet)
Seat 4: gohan2015 collected ($0.37)
Seat 5: noraemon (button) folded before Flop (didn't bet)
Seat 6: WSOPchamp020 (small blind) folded before Flop
Seat 7: Azimusback (big blind) folded before Flop
Seat 8: Morells93 folded before Flop (didn't bet)
Seat 9: mumisber folded before Flop (didn't bet)



PokerStars Hand #238669007529:  Hold'em No Limit ($0.02/$0.05 USD) - 2022/09/16 13:02:42 PT [2022/09/16 16:02:42 ET]
Table 'Campania' 9-max Seat #6 is the button
Seat 2: Dorex2007 ($5 in chips) 
Seat 3: leocard83 ($3.38 in chips) 
Seat 4: gohan2015 ($13.54 in chips) 
Seat 5: noraemon ($5 in chips) 
Seat 6: WSOPchamp020 ($2.29 in chips) 
Seat 7: Azimusback ($5.61 in chips) 
Seat 8: Morells93 ($6.27 in chips) 
Seat 9: mumisber ($1.40 in chips) 
Azimusback: posts small blind $0.02
Morells93: posts big blind $0.05
*** HOLE CARDS ***
Dealt to Dorex2007 [5c 5s]
mumisber: folds 
Dorex2007: calls $0.05
leocard83: raises $0.20 to $0.25
gohan2015: folds 
noraemon: folds 
WSOPchamp020: folds 
Azimusback: folds 
Morells93: calls $0.20
Dorex2007: folds 
*** FLOP *** [Ts 7d 7h]
Morells93: checks 
leocard83: bets $0.27
Morells93: raises $0.58 to $0.85
leocard83: folds 
Uncalled bet ($0.58) returned to Morells93
Morells93 collected $1.06 from pot
*** SUMMARY ***
Total pot $1.11 | Rake $0.05 
Board [Ts 7d 7h]
Seat 2: Dorex2007 folded before Flop
Seat 3: leocard83 folded on the Flop
Seat 4: gohan2015 folded before Flop (didn't bet)
Seat 5: noraemon folded before Flop (didn't bet)
Seat 6: WSOPchamp020 (button) folded before Flop (didn't bet)
Seat 7: Azimusback (small blind) folded before Flop
Seat 8: Morells93 (big blind) collected ($1.06)
Seat 9: mumisber folded before Flop (didn't bet)



PokerStars Hand #238669054472:  Hold'em No Limit ($0.02/$0.05 USD) - 2022/09/16 13:04:24 PT [2022/09/16 16:04:24 ET]
Table 'Campania' 9-max Seat #8 is the button
Seat 2: Dorex2007 ($5 in chips) 
Seat 3: leocard83 ($2.86 in chips) 
Seat 4: gohan2015 ($13.54 in chips) 
Seat 5: noraemon ($5 in chips) 
Seat 6: WSOPchamp020 ($2.29 in chips) 
Seat 8: Morells93 ($6.81 in chips) 
Seat 9: mumisber ($1.40 in chips) 
mumisber: posts small blind $0.02
Dorex2007: posts big blind $0.05
*** HOLE CARDS ***
Dealt to Dorex2007 [Tc Ts]
leocard83: folds 
gohan2015: folds 
noraemon: folds 
WSOPchamp020: folds 
Morells93: folds 
mumisber: folds 
Uncalled bet ($0.03) returned to Dorex2007
Dorex2007 collected $0.04 from pot
Dorex2007: doesn't show hand 
*** SUMMARY ***
Total pot $0.04 | Rake $0 
Seat 2: Dorex2007 (big blind) collected ($0.04)
Seat 3: leocard83 folded before Flop (didn't bet)
Seat 4: gohan2015 folded before Flop (didn't bet)
Seat 5: noraemon folded before Flop (didn't bet)
Seat 6: WSOPchamp020 folded before Flop (didn't bet)
Seat 8: Morells93 (button) folded before Flop (didn't bet)
Seat 9: mumisber (small blind) folded before Flop



PokerStars Hand #238669060438:  Hold'em No Limit ($0.02/$0.05 USD) - 2022/09/16 13:04:37 PT [2022/09/16 16:04:37 ET]
Table 'Campania' 9-max Seat #9 is the button
Seat 2: Dorex2007 ($5.02 in chips) 
Seat 3: leocard83 ($2.86 in chips) 
Seat 4: gohan2015 ($13.54 in chips) 
Seat 5: noraemon ($5 in chips) 
Seat 6: WSOPchamp020 ($2.29 in chips) 
Seat 8: Morells93 ($6.81 in chips) 
Seat 9: mumisber ($1.38 in chips) 
Dorex2007: posts small blind $0.02
leocard83: posts big blind $0.05
*** HOLE CARDS ***
Dealt to Dorex2007 [Ah 3h]
gohan2015: raises $0.05 to $0.10
noraemon: folds 
WSOPchamp020: calls $0.10
Morells93: folds 
mumisber: folds 
Dorex2007: folds 
leocard83: folds 
*** FLOP *** [6s 8h Qs]
gohan2015: bets $0.15
WSOPchamp020: folds 
Uncalled bet ($0.15) returned to gohan2015
gohan2015 collected $0.26 from pot
gohan2015: doesn't show hand 
*** SUMMARY ***
Total pot $0.27 | Rake $0.01 
Board [6s 8h Qs]
Seat 2: Dorex2007 (small blind) folded before Flop
Seat 3: leocard83 (big blind) folded before Flop
Seat 4: gohan2015 collected ($0.26)
Seat 5: noraemon folded before Flop (didn't bet)
Seat 6: WSOPchamp020 folded on the Flop
Seat 8: Morells93 folded before Flop (didn't bet)
Seat 9: mumisber (button) folded before Flop (didn't bet)



PokerStars Hand #238669077706:  Hold'em No Limit ($0.02/$0.05 USD) - 2022/09/16 13:05:14 PT [2022/09/16 16:05:14 ET]
Table 'Campania' 9-max Seat #2 is the button
Seat 2: Dorex2007 ($5 in chips) 
Seat 3: leocard83 ($2.81 in chips) 
Seat 4: gohan2015 ($13.70 in chips) 
Seat 5: noraemon ($5 in chips) 
Seat 6: WSOPchamp020 ($2.19 in chips) 
Seat 8: Morells93 ($6.81 in chips) 
Seat 9: mumisber ($1.38 in chips) 
leocard83: posts small blind $0.02
gohan2015: posts big blind $0.05
*** HOLE CARDS ***
Dealt to Dorex2007 [2h 3h]
noraemon: folds 
WSOPchamp020: raises $0.07 to $0.12
Morells93: folds 
mumisber: folds 
Dorex2007: folds 
leocard83: folds 
gohan2015: folds 
Uncalled bet ($0.07) returned to WSOPchamp020
WSOPchamp020 collected $0.12 from pot
WSOPchamp020: doesn't show hand 
*** SUMMARY ***
Total pot $0.12 | Rake $0 
Seat 2: Dorex2007 (button) folded before Flop (didn't bet)
Seat 3: leocard83 (small blind) folded before Flop
Seat 4: gohan2015 (big blind) folded before Flop
Seat 5: noraemon folded before Flop (didn't bet)
Seat 6: WSOPchamp020 collected ($0.12)
Seat 8: Morells93 folded before Flop (didn't bet)
Seat 9: mumisber folded before Flop (didn't bet)



PokerStars Hand #238669085845:  Hold'em No Limit ($0.02/$0.05 USD) - 2022/09/16 13:05:32 PT [2022/09/16 16:05:32 ET]
Table 'Campania' 9-max Seat #3 is the button
Seat 2: Dorex2007 ($5 in chips) 
Seat 3: leocard83 ($2.79 in chips) 
Seat 4: gohan2015 ($13.65 in chips) 
Seat 6: WSOPchamp020 ($2.26 in chips) 
Seat 7: Azimusback ($5.59 in chips) 
Seat 8: Morells93 ($6.81 in chips) 
Seat 9: mumisber ($1.38 in chips) 
gohan2015: posts small blind $0.02
noraemon: is sitting out 
WSOPchamp020: posts big blind $0.05
*** HOLE CARDS ***
Dealt to Dorex2007 [7c 5d]
noraemon leaves the table
Azimusback: folds 
Azimusback leaves the table
Morells93: folds 
mumisber: folds 
Dorex2007: folds 
leocard83: raises $0.10 to $0.15
gohan2015: folds 
WSOPchamp020: folds 
Uncalled bet ($0.10) returned to leocard83
leocard83 collected $0.12 from pot
leocard83: doesn't show hand 
*** SUMMARY ***
Total pot $0.12 | Rake $0 
Seat 2: Dorex2007 folded before Flop (didn't bet)
Seat 3: leocard83 (button) collected ($0.12)
Seat 4: gohan2015 (small blind) folded before Flop
Seat 6: WSOPchamp020 (big blind) folded before Flop
Seat 7: Azimusback folded before Flop (didn't bet)
Seat 8: Morells93 folded before Flop (didn't bet)
Seat 9: mumisber folded before Flop (didn't bet)



PokerStars Hand #238669094873:  Hold'em No Limit ($0.02/$0.05 USD) - 2022/09/16 13:05:51 PT [2022/09/16 16:05:51 ET]
Table 'Campania' 9-max Seat #4 is the button
Seat 2: Dorex2007 ($5 in chips) 
Seat 3: leocard83 ($2.86 in chips) 
Seat 4: gohan2015 ($13.63 in chips) 
Seat 6: WSOPchamp020 ($2.21 in chips) 
Seat 8: Morells93 ($6.81 in chips) 
Seat 9: mumisber ($1.38 in chips) 
WSOPchamp020: posts small blind $0.02
Morells93: posts big blind $0.05
*** HOLE CARDS ***
Dealt to Dorex2007 [6d 7s]
mumisber: folds 
Dorex2007: folds 
leocard83: raises $0.10 to $0.15
gohan2015: folds 
WSOPchamp020: calls $0.13
Morells93: folds 
*** FLOP *** [8h 6h Jc]
WSOPchamp020: checks 
leocard83: checks 
*** TURN *** [8h 6h Jc] [Ad]
WSOPchamp020: bets $0.11
leocard83: folds 
Uncalled bet ($0.11) returned to WSOPchamp020
WSOPchamp020 collected $0.34 from pot
WSOPchamp020: doesn't show hand 
*** SUMMARY ***
Total pot $0.35 | Rake $0.01 
Board [8h 6h Jc Ad]
Seat 2: Dorex2007 folded before Flop (didn't bet)
Seat 3: leocard83 folded on the Turn
Seat 4: gohan2015 (button) folded before Flop (didn't bet)
Seat 6: WSOPchamp020 (small blind) collected ($0.34)
Seat 8: Morells93 (big blind) folded before Flop
Seat 9: mumisber folded before Flop (didn't bet)



PokerStars Hand #238669116347:  Hold'em No Limit ($0.02/$0.05 USD) - 2022/09/16 13:06:38 PT [2022/09/16 16:06:38 ET]
Table 'Campania' 9-max Seat #6 is the button
Seat 2: Dorex2007 ($5 in chips) 
Seat 3: leocard83 ($2.71 in chips) 
Seat 4: gohan2015 ($13.63 in chips) 
Seat 6: WSOPchamp020 ($2.40 in chips) 
Seat 8: Morells93 ($6.76 in chips) 
Seat 9: mumisber ($1.38 in chips) 
Morells93: posts small blind $0.02
mumisber: posts big blind $0.05
*** HOLE CARDS ***
Dealt to Dorex2007 [5h Ac]
Dorex2007: folds 
leocard83: raises $0.10 to $0.15
gohan2015: folds 
WSOPchamp020: folds 
Morells93: folds 
mumisber: folds 
Uncalled bet ($0.10) returned to leocard83
leocard83 collected $0.12 from pot
leocard83: doesn't show hand 
*** SUMMARY ***
Total pot $0.12 | Rake $0 
Seat 2: Dorex2007 folded before Flop (didn't bet)
Seat 3: leocard83 collected ($0.12)
Seat 4: gohan2015 folded before Flop (didn't bet)
Seat 6: WSOPchamp020 (button) folded before Flop (didn't bet)
Seat 8: Morells93 (small blind) folded before Flop
Seat 9: mumisber (big blind) folded before Flop



PokerStars Hand #238669121508:  Hold'em No Limit ($0.02/$0.05 USD) - 2022/09/16 13:06:49 PT [2022/09/16 16:06:49 ET]
Table 'Campania' 9-max Seat #8 is the button
Seat 2: Dorex2007 ($5 in chips) 
Seat 3: leocard83 ($2.78 in chips) 
Seat 4: gohan2015 ($13.63 in chips) 
Seat 6: WSOPchamp020 ($2.40 in chips) 
Seat 8: Morells93 ($6.74 in chips) 
Seat 9: mumisber ($1.33 in chips) 
mumisber: posts small blind $0.02
Dorex2007: posts big blind $0.05
*** HOLE CARDS ***
Dealt to Dorex2007 [8c 7d]
leocard83: folds 
gohan2015: folds 
WSOPchamp020: folds 
Morells93: folds 
mumisber: calls $0.03
Dorex2007: checks 
*** FLOP *** [9c 6s 8h]
mumisber: checks 
Dorex2007: bets $0.05
mumisber: calls $0.05
*** TURN *** [9c 6s 8h] [Td]
mumisber: bets $0.25
Dorex2007: raises $0.69 to $0.94
mumisber: raises $0.29 to $1.23 and is all-in
Dorex2007: calls $0.29
*** RIVER *** [9c 6s 8h Td] [Jd]
*** SHOW DOWN ***
mumisber: shows [Ac 7c] (a straight, Seven to Jack)
Dorex2007: shows [8c 7d] (a straight, Seven to Jack)
mumisber collected $1.28 from pot
Dorex2007 collected $1.27 from pot
*** SUMMARY ***
Total pot $2.66 | Rake $0.11 
Board [9c 6s 8h Td Jd]
Seat 2: Dorex2007 (big blind) showed [8c 7d] and won ($1.27) with a straight, Seven to Jack
Seat 3: leocard83 folded before Flop (didn't bet)
Seat 4: gohan2015 folded before Flop (didn't bet)
Seat 6: WSOPchamp020 folded before Flop (didn't bet)
Seat 8: Morells93 (button) folded before Flop (didn't bet)
Seat 9: mumisber (small blind) showed [Ac 7c] and won ($1.28) with a straight, Seven to Jack



PokerStars Hand #238669155112:  Hold'em No Limit ($0.02/$0.05 USD) - 2022/09/16 13:08:03 PT [2022/09/16 16:08:03 ET]
Table 'Campania' 9-max Seat #9 is the button
Seat 2: Dorex2007 ($5 in chips) 
Seat 3: leocard83 ($2.78 in chips) 
Seat 4: gohan2015 ($13.63 in chips) 
Seat 6: WSOPchamp020 ($2.40 in chips) 
Seat 8: Morells93 ($6.74 in chips) 
Seat 9: mumisber ($1.28 in chips) 
Dorex2007: posts small blind $0.02
leocard83: posts big blind $0.05
*** HOLE CARDS ***
Dealt to Dorex2007 [7s 5c]
gohan2015: folds 
WSOPchamp020: folds 
Morells93: folds 
mumisber: folds 
Dorex2007: folds 
Uncalled bet ($0.03) returned to leocard83
leocard83 collected $0.04 from pot
leocard83: doesn't show hand 
*** SUMMARY ***
Total pot $0.04 | Rake $0 
Seat 2: Dorex2007 (small blind) folded before Flop
Seat 3: leocard83 (big blind) collected ($0.04)
Seat 4: gohan2015 folded before Flop (didn't bet)
Seat 6: WSOPchamp020 folded before Flop (didn't bet)
Seat 8: Morells93 folded before Flop (didn't bet)
Seat 9: mumisber (button) folded before Flop (didn't bet)



PokerStars Hand #238669161464:  Hold'em No Limit ($0.02/$0.05 USD) - 2022/09/16 13:08:16 PT [2022/09/16 16:08:16 ET]
Table 'Campania' 9-max Seat #2 is the button
Seat 2: Dorex2007 ($5 in chips) 
Seat 3: leocard83 ($2.80 in chips) 
Seat 6: WSOPchamp020 ($2.40 in chips) 
Seat 8: Morells93 ($6.74 in chips) 
Seat 9: mumisber ($1.28 in chips) 
leocard83: posts small blind $0.02
gohan2015: is sitting out 
WSOPchamp020: posts big blind $0.05
*** HOLE CARDS ***
Dealt to Dorex2007 [7s 3s]
Morells93: folds 
mumisber: raises $0.05 to $0.10
Dorex2007: folds 
leocard83: folds 
WSOPchamp020: calls $0.05
*** FLOP *** [Qh 7c 8d]
WSOPchamp020: checks 
mumisber: checks 
*** TURN *** [Qh 7c 8d] [5h]
gohan2015 leaves the table
WSOPchamp020: checks 
mumisber: bets $0.10
WSOPchamp020: folds 
Uncalled bet ($0.10) returned to mumisber
mumisber collected $0.21 from pot
*** SUMMARY ***
Total pot $0.22 | Rake $0.01 
Board [Qh 7c 8d 5h]
Seat 2: Dorex2007 (button) folded before Flop (didn't bet)
Seat 3: leocard83 (small blind) folded before Flop
Seat 6: WSOPchamp020 (big blind) folded on the Turn
Seat 8: Morells93 folded before Flop (didn't bet)
Seat 9: mumisber collected ($0.21)



PokerStars Hand #238669180525:  Hold'em No Limit ($0.02/$0.05 USD) - 2022/09/16 13:08:59 PT [2022/09/16 16:08:59 ET]
Table 'Campania' 9-max Seat #3 is the button
Seat 2: Dorex2007 ($5 in chips) 
Seat 3: leocard83 ($2.78 in chips) 
Seat 6: WSOPchamp020 ($2.30 in chips) 
Seat 8: Morells93 ($6.74 in chips) 
Seat 9: mumisber ($1.39 in chips) 
WSOPchamp020: posts small blind $0.02
Morells93: posts big blind $0.05
*** HOLE CARDS ***
Dealt to Dorex2007 [2h 4d]
mumisber: folds 
Dorex2007: folds 
leocard83: raises $0.10 to $0.15
WSOPchamp020: calls $0.13
Morells93: folds 
*** FLOP *** [4h Jc 3h]
WSOPchamp020: checks 
leocard83: bets $0.17
WSOPchamp020: folds 
Uncalled bet ($0.17) returned to leocard83
leocard83 collected $0.34 from pot
leocard83: doesn't show hand 
*** SUMMARY ***
Total pot $0.35 | Rake $0.01 
Board [4h Jc 3h]
Seat 2: Dorex2007 folded before Flop (didn't bet)
Seat 3: leocard83 (button) collected ($0.34)
Seat 6: WSOPchamp020 (small blind) folded on the Flop
Seat 8: Morells93 (big blind) folded before Flop
Seat 9: mumisber folded before Flop (didn't bet)



PokerStars Hand #238669190916:  Hold'em No Limit ($0.02/$0.05 USD) - 2022/09/16 13:09:22 PT [2022/09/16 16:09:22 ET]
Table 'Campania' 9-max Seat #6 is the button
Seat 2: Dorex2007 ($5 in chips) 
Seat 3: leocard83 ($2.97 in chips) 
Seat 6: WSOPchamp020 ($2.15 in chips) 
Seat 8: Morells93 ($6.69 in chips) 
Seat 9: mumisber ($1.39 in chips) 
Morells93: posts small blind $0.02
mumisber: posts big blind $0.05
*** HOLE CARDS ***
Dealt to Dorex2007 [5s 6s]
Dorex2007: folds 
leocard83: folds 
WSOPchamp020: folds 
Morells93: folds 
Uncalled bet ($0.03) returned to mumisber
mumisber collected $0.04 from pot
*** SUMMARY ***
Total pot $0.04 | Rake $0 
Seat 2: Dorex2007 folded before Flop (didn't bet)
Seat 3: leocard83 folded before Flop (didn't bet)
Seat 6: WSOPchamp020 (button) folded before Flop (didn't bet)
Seat 8: Morells93 (small blind) folded before Flop
Seat 9: mumisber (big blind) collected ($0.04)



PokerStars Hand #238669194505:  Hold'em No Limit ($0.02/$0.05 USD) - 2022/09/16 13:09:29 PT [2022/09/16 16:09:29 ET]
Table 'Campania' 9-max Seat #8 is the button
Seat 2: Dorex2007 ($5 in chips) 
Seat 3: leocard83 ($2.97 in chips) 
Seat 6: WSOPchamp020 ($2.15 in chips) 
Seat 8: Morells93 ($6.67 in chips) 
Seat 9: mumisber ($1.41 in chips) 
mumisber: posts small blind $0.02
Dorex2007: posts big blind $0.05
*** HOLE CARDS ***
Dealt to Dorex2007 [9s 6c]
leocard83: folds 
WSOPchamp020: folds 
Morells93: folds 
mumisber: folds 
Uncalled bet ($0.03) returned to Dorex2007
Dorex2007 collected $0.04 from pot
Dorex2007: doesn't show hand 
*** SUMMARY ***
Total pot $0.04 | Rake $0 
Seat 2: Dorex2007 (big blind) collected ($0.04)
Seat 3: leocard83 folded before Flop (didn't bet)
Seat 6: WSOPchamp020 folded before Flop (didn't bet)
Seat 8: Morells93 (button) folded before Flop (didn't bet)
Seat 9: mumisber (small blind) folded before Flop



PokerStars Hand #238669198981:  Hold'em No Limit ($0.02/$0.05 USD) - 2022/09/16 13:09:39 PT [2022/09/16 16:09:39 ET]
Table 'Campania' 9-max Seat #9 is the button
Seat 2: Dorex2007 ($5.02 in chips) 
Seat 3: leocard83 ($2.97 in chips) 
Seat 6: WSOPchamp020 ($2.15 in chips) 
Seat 8: Morells93 ($6.67 in chips) 
Seat 9: mumisber ($1.39 in chips) 
Dorex2007: posts small blind $0.02
leocard83: posts big blind $0.05
*** HOLE CARDS ***
Dealt to Dorex2007 [2d As]
WSOPchamp020: folds 
Morells93: folds 
mumisber: raises $0.05 to $0.10
Dorex2007: folds 
leocard83: folds 
Uncalled bet ($0.05) returned to mumisber
mumisber collected $0.12 from pot
*** SUMMARY ***
Total pot $0.12 | Rake $0 
Seat 2: Dorex2007 (small blind) folded before Flop
Seat 3: leocard83 (big blind) folded before Flop
Seat 6: WSOPchamp020 folded before Flop (didn't bet)
Seat 8: Morells93 folded before Flop (didn't bet)
Seat 9: mumisber (button) collected ($0.12)



