PokerStars Hand #232941961501:  Hold'em No Limit ($0.01/$0.02 USD) - 2022/01/08 11:04:52 PT [2022/01/08 14:04:52 ET]
Table 'Sarir' 9-max Seat #9 is the button
Seat 1: evil547 ($1.40 in chips) 
Seat 3: maksim-2003 ($3.05 in chips) 
Seat 4: Benny_M_13 ($2.92 in chips) 
Seat 5: Moleafs72 ($1.57 in chips) 
Seat 7: JTThomas99 ($1.91 in chips) 
Seat 8: Dorex2007 ($2 in chips) 
Seat 9: javucho_2011 ($1.27 in chips) 
evil547: posts small blind $0.01
maksim-2003: posts big blind $0.02
Dorex2007: posts big blind $0.02
*** HOLE CARDS ***
Dealt to Dorex2007 [6d 4h]
Benny_M_13: folds 
Moleafs72: folds 
volodya7624 joins the table at seat #2 
JTThomas99: folds 
Dorex2007: raises $0.04 to $0.06
javucho_2011: folds 
evil547: folds 
maksim-2003: folds 
Uncalled bet ($0.04) returned to Dorex2007
Dorex2007 collected $0.05 from pot
Dorex2007: doesn't show hand 
*** SUMMARY ***
Total pot $0.05 | Rake $0 
Seat 1: evil547 (small blind) folded before Flop
Seat 3: maksim-2003 (big blind) folded before Flop
Seat 4: Benny_M_13 folded before Flop (didn't bet)
Seat 5: Moleafs72 folded before Flop (didn't bet)
Seat 7: JTThomas99 folded before Flop (didn't bet)
Seat 8: Dorex2007 collected ($0.05)
Seat 9: javucho_2011 (button) folded before Flop (didn't bet)



PokerStars Hand #232941983087:  Hold'em No Limit ($0.01/$0.02 USD) - 2022/01/08 11:05:25 PT [2022/01/08 14:05:25 ET]
Table 'Sarir' 9-max Seat #1 is the button
Seat 1: evil547 ($1.39 in chips) 
Seat 3: maksim-2003 ($3.03 in chips) 
Seat 5: Moleafs72 ($1.57 in chips) 
Seat 7: JTThomas99 ($1.91 in chips) 
Seat 8: Dorex2007 ($2.03 in chips) 
Seat 9: javucho_2011 ($1.27 in chips) 
maksim-2003: posts small blind $0.01
Moleafs72: posts big blind $0.02
*** HOLE CARDS ***
Dealt to Dorex2007 [Ts As]
JTThomas99: folds 
Dorex2007: raises $0.04 to $0.06
Benny_M_13 leaves the table
javucho_2011: calls $0.06
evil547: folds 
maksim-2003: folds 
Moleafs72: calls $0.04
*** FLOP *** [Ah 2d 3d]
Moleafs72: checks 
Dorex2007: bets $0.12
javucho_2011: folds 
Moleafs72: folds 
Uncalled bet ($0.12) returned to Dorex2007
Dorex2007 collected $0.18 from pot
Dorex2007: doesn't show hand 
*** SUMMARY ***
Total pot $0.19 | Rake $0.01 
Board [Ah 2d 3d]
Seat 1: evil547 (button) folded before Flop (didn't bet)
Seat 3: maksim-2003 (small blind) folded before Flop
Seat 5: Moleafs72 (big blind) folded on the Flop
Seat 7: JTThomas99 folded before Flop (didn't bet)
Seat 8: Dorex2007 collected ($0.18)
Seat 9: javucho_2011 folded on the Flop



PokerStars Hand #232942010746:  Hold'em No Limit ($0.01/$0.02 USD) - 2022/01/08 11:06:07 PT [2022/01/08 14:06:07 ET]
Table 'Sarir' 9-max Seat #3 is the button
Seat 1: evil547 ($1.39 in chips) 
Seat 3: maksim-2003 ($3.02 in chips) 
Seat 5: Moleafs72 ($1.51 in chips) 
Seat 7: JTThomas99 ($1.91 in chips) 
Seat 8: Dorex2007 ($2.15 in chips) 
Seat 9: javucho_2011 ($1.21 in chips) 
Moleafs72: posts small blind $0.01
JTThomas99: posts big blind $0.02
volodya7624: sits out 
*** HOLE CARDS ***
Dealt to Dorex2007 [6s 3c]
Dorex2007: folds 
javucho_2011: folds 
evil547: raises $0.04 to $0.06
maksim-2003: folds 
Moleafs72: calls $0.05
JTThomas99: folds 
*** FLOP *** [4c 5h Qs]
Moleafs72: checks 
evil547: checks 
*** TURN *** [4c 5h Qs] [8s]
dreva8484 joins the table at seat #4 
Moleafs72: bets $0.04
evil547: calls $0.04
*** RIVER *** [4c 5h Qs 8s] [4s]
Moleafs72: bets $0.04
evil547: calls $0.04
*** SHOW DOWN ***
Moleafs72: shows [6c Ac] (a pair of Fours)
evil547: shows [Ad Kh] (a pair of Fours - Ace+King kicker)
evil547 collected $0.29 from pot
*** SUMMARY ***
Total pot $0.30 | Rake $0.01 
Board [4c 5h Qs 8s 4s]
Seat 1: evil547 showed [Ad Kh] and won ($0.29) with a pair of Fours
Seat 3: maksim-2003 (button) folded before Flop (didn't bet)
Seat 5: Moleafs72 (small blind) showed [6c Ac] and lost with a pair of Fours
Seat 7: JTThomas99 (big blind) folded before Flop
Seat 8: Dorex2007 folded before Flop (didn't bet)
Seat 9: javucho_2011 folded before Flop (didn't bet)



PokerStars Hand #232942059241:  Hold'em No Limit ($0.01/$0.02 USD) - 2022/01/08 11:07:11 PT [2022/01/08 14:07:11 ET]
Table 'Sarir' 9-max Seat #5 is the button
Seat 1: evil547 ($1.54 in chips) 
Seat 3: maksim-2003 ($3.02 in chips) 
Seat 4: dreva8484 ($0.80 in chips) 
Seat 5: Moleafs72 ($1.37 in chips) 
Seat 7: JTThomas99 ($1.89 in chips) 
Seat 8: Dorex2007 ($2.15 in chips) 
Seat 9: javucho_2011 ($1.21 in chips) 
JTThomas99: posts small blind $0.01
Dorex2007: posts big blind $0.02
volodya7624: sits out 
dreva8484: posts big blind $0.02
*** HOLE CARDS ***
Dealt to Dorex2007 [2h Ad]
javucho_2011: folds 
evil547: folds 
maksim-2003: calls $0.02
dreva8484: checks 
Moleafs72: calls $0.02
JTThomas99: raises $0.04 to $0.06
Dorex2007: folds 
maksim-2003: calls $0.04
dreva8484: folds 
Moleafs72: folds 
*** FLOP *** [7h Ts 3s]
JTThomas99: checks 
maksim-2003: bets $0.09
JTThomas99: calls $0.09
*** TURN *** [7h Ts 3s] [Ah]
JTThomas99: checks 
maksim-2003: checks 
*** RIVER *** [7h Ts 3s Ah] [Jc]
JTThomas99: checks 
maksim-2003: checks 
*** SHOW DOWN ***
JTThomas99: shows [5s 5h] (a pair of Fives)
maksim-2003: shows [Tc 8h] (a pair of Tens)
maksim-2003 collected $0.35 from pot
*** SUMMARY ***
Total pot $0.36 | Rake $0.01 
Board [7h Ts 3s Ah Jc]
Seat 1: evil547 folded before Flop (didn't bet)
Seat 3: maksim-2003 showed [Tc 8h] and won ($0.35) with a pair of Tens
Seat 4: dreva8484 folded before Flop (didn't bet)
Seat 5: Moleafs72 (button) folded before Flop
Seat 7: JTThomas99 (small blind) showed [5s 5h] and lost with a pair of Fives
Seat 8: Dorex2007 (big blind) folded before Flop
Seat 9: javucho_2011 folded before Flop (didn't bet)



PokerStars Hand #232942101089:  Hold'em No Limit ($0.01/$0.02 USD) - 2022/01/08 11:08:14 PT [2022/01/08 14:08:14 ET]
Table 'Sarir' 9-max Seat #7 is the button
Seat 1: evil547 ($1.54 in chips) 
Seat 3: maksim-2003 ($3.22 in chips) 
Seat 4: dreva8484 ($0.78 in chips) 
Seat 5: Moleafs72 ($1.35 in chips) 
Seat 7: JTThomas99 ($1.74 in chips) 
Seat 8: Dorex2007 ($2.13 in chips) 
Seat 9: javucho_2011 ($1.21 in chips) 
Dorex2007: posts small blind $0.01
javucho_2011: posts big blind $0.02
volodya7624: sits out 
*** HOLE CARDS ***
Dealt to Dorex2007 [3d 4s]
evil547 has timed out
evil547: folds 
maksim-2003: folds 
dreva8484: calls $0.02
Moleafs72: calls $0.02
JTThomas99: folds 
Dorex2007: folds 
javucho_2011: checks 
*** FLOP *** [Ac Kd Td]
javucho_2011: checks 
dreva8484: checks 
Moleafs72: checks 
*** TURN *** [Ac Kd Td] [4c]
javucho_2011: checks 
dreva8484: checks 
Moleafs72: bets $0.02
javucho_2011: folds 
Wichur8889 is disconnected 
dreva8484: folds 
Uncalled bet ($0.02) returned to Moleafs72
Moleafs72 collected $0.07 from pot
Moleafs72: doesn't show hand 
*** SUMMARY ***
Total pot $0.07 | Rake $0 
Board [Ac Kd Td 4c]
Seat 1: evil547 folded before Flop (didn't bet)
Seat 3: maksim-2003 folded before Flop (didn't bet)
Seat 4: dreva8484 folded on the Turn
Seat 5: Moleafs72 collected ($0.07)
Seat 7: JTThomas99 (button) folded before Flop (didn't bet)
Seat 8: Dorex2007 (small blind) folded before Flop
Seat 9: javucho_2011 (big blind) folded on the Turn



PokerStars Hand #232942132620:  Hold'em No Limit ($0.01/$0.02 USD) - 2022/01/08 11:09:03 PT [2022/01/08 14:09:03 ET]
Table 'Sarir' 9-max Seat #8 is the button
Seat 2: volodya7624 ($2 in chips) 
Seat 3: maksim-2003 ($3.22 in chips) 
Seat 4: dreva8484 ($0.76 in chips) 
Seat 5: Moleafs72 ($1.40 in chips) 
Seat 7: JTThomas99 ($1.74 in chips) 
Seat 8: Dorex2007 ($2.12 in chips) 
Seat 9: javucho_2011 ($1.19 in chips) 
javucho_2011: posts small blind $0.01
volodya7624: posts big blind $0.02
*** HOLE CARDS ***
Dealt to Dorex2007 [6s 2d]
maksim-2003: folds 
dreva8484: folds 
Moleafs72: folds 
JTThomas99: calls $0.02
Dorex2007: folds 
javucho_2011: calls $0.01
volodya7624: checks 
*** FLOP *** [5s Jh 8s]
javucho_2011: checks 
volodya7624: checks 
JTThomas99: bets $0.06
javucho_2011: folds 
volodya7624: calls $0.06
*** TURN *** [5s Jh 8s] [8d]
volodya7624: checks 
JTThomas99: bets $0.10
volodya7624: calls $0.10
*** RIVER *** [5s Jh 8s 8d] [Jd]
volodya7624: checks 
JTThomas99: checks 
*** SHOW DOWN ***
volodya7624: shows [Ks 9s] (two pair, Jacks and Eights)
JTThomas99: shows [8h Ac] (a full house, Eights full of Jacks)
JTThomas99 collected $0.37 from pot
*** SUMMARY ***
Total pot $0.38 | Rake $0.01 
Board [5s Jh 8s 8d Jd]
Seat 2: volodya7624 (big blind) showed [Ks 9s] and lost with two pair, Jacks and Eights
Seat 3: maksim-2003 folded before Flop (didn't bet)
Seat 4: dreva8484 folded before Flop (didn't bet)
Seat 5: Moleafs72 folded before Flop (didn't bet)
Seat 7: JTThomas99 showed [8h Ac] and won ($0.37) with a full house, Eights full of Jacks
Seat 8: Dorex2007 (button) folded before Flop (didn't bet)
Seat 9: javucho_2011 (small blind) folded on the Flop



PokerStars Hand #232942183794:  Hold'em No Limit ($0.01/$0.02 USD) - 2022/01/08 11:10:06 PT [2022/01/08 14:10:06 ET]
Table 'Sarir' 9-max Seat #9 is the button
Seat 2: volodya7624 ($1.82 in chips) 
Seat 3: maksim-2003 ($3.22 in chips) 
Seat 4: dreva8484 ($0.76 in chips) 
Seat 5: Moleafs72 ($1.40 in chips) 
Seat 7: JTThomas99 ($1.93 in chips) 
Seat 8: Dorex2007 ($2.12 in chips) 
Seat 9: javucho_2011 ($1.17 in chips) 
volodya7624: posts small blind $0.01
maksim-2003: posts big blind $0.02
*** HOLE CARDS ***
Dealt to Dorex2007 [Qc Jh]
dreva8484: folds 
Moleafs72: calls $0.02
JTThomas99: folds 
Dorex2007: calls $0.02
javucho_2011: calls $0.02
volodya7624: calls $0.01
maksim-2003: checks 
*** FLOP *** [9s 8d Qd]
volodya7624: checks 
maksim-2003: checks 
Moleafs72: checks 
Dorex2007: bets $0.07
javucho_2011: folds 
volodya7624: folds 
maksim-2003: folds 
Moleafs72: folds 
Uncalled bet ($0.07) returned to Dorex2007
Dorex2007 collected $0.10 from pot
Dorex2007: doesn't show hand 
*** SUMMARY ***
Total pot $0.10 | Rake $0 
Board [9s 8d Qd]
Seat 2: volodya7624 (small blind) folded on the Flop
Seat 3: maksim-2003 (big blind) folded on the Flop
Seat 4: dreva8484 folded before Flop (didn't bet)
Seat 5: Moleafs72 folded on the Flop
Seat 7: JTThomas99 folded before Flop (didn't bet)
Seat 8: Dorex2007 collected ($0.10)
Seat 9: javucho_2011 (button) folded on the Flop



PokerStars Hand #232942210353:  Hold'em No Limit ($0.01/$0.02 USD) - 2022/01/08 11:10:46 PT [2022/01/08 14:10:46 ET]
Table 'Sarir' 9-max Seat #2 is the button
Seat 2: volodya7624 ($1.80 in chips) 
Seat 3: maksim-2003 ($3.20 in chips) 
Seat 4: dreva8484 ($0.76 in chips) 
Seat 5: Moleafs72 ($1.38 in chips) 
Seat 7: JTThomas99 ($1.93 in chips) 
Seat 8: Dorex2007 ($2.20 in chips) 
Seat 9: javucho_2011 ($1.15 in chips) 
maksim-2003: posts small blind $0.01
dreva8484: posts big blind $0.02
*** HOLE CARDS ***
Dealt to Dorex2007 [2s 7d]
Moleafs72: calls $0.02
JTThomas99: calls $0.02
Dorex2007: folds 
javucho_2011: folds 
volodya7624: folds 
maksim-2003: calls $0.01
dreva8484: checks 
*** FLOP *** [2h 3h 3d]
maksim-2003: checks 
dreva8484: checks 
Moleafs72: checks 
JTThomas99: checks 
*** TURN *** [2h 3h 3d] [Ad]
maksim-2003: checks 
dreva8484: checks 
Moleafs72: bets $0.06
JTThomas99: folds 
maksim-2003: folds 
dreva8484: folds 
Uncalled bet ($0.06) returned to Moleafs72
Moleafs72 collected $0.08 from pot
Moleafs72: doesn't show hand 
*** SUMMARY ***
Total pot $0.08 | Rake $0 
Board [2h 3h 3d Ad]
Seat 2: volodya7624 (button) folded before Flop (didn't bet)
Seat 3: maksim-2003 (small blind) folded on the Turn
Seat 4: dreva8484 (big blind) folded on the Turn
Seat 5: Moleafs72 collected ($0.08)
Seat 7: JTThomas99 folded on the Turn
Seat 8: Dorex2007 folded before Flop (didn't bet)
Seat 9: javucho_2011 folded before Flop (didn't bet)



PokerStars Hand #232942253189:  Hold'em No Limit ($0.01/$0.02 USD) - 2022/01/08 11:11:51 PT [2022/01/08 14:11:51 ET]
Table 'Sarir' 9-max Seat #3 is the button
Seat 2: volodya7624 ($1.80 in chips) 
Seat 3: maksim-2003 ($3.18 in chips) 
Seat 4: dreva8484 ($0.74 in chips) 
Seat 5: Moleafs72 ($1.44 in chips) 
Seat 7: JTThomas99 ($1.91 in chips) 
Seat 8: Dorex2007 ($2.20 in chips) 
Seat 9: javucho_2011 ($1.15 in chips) 
dreva8484: posts small blind $0.01
Moleafs72: posts big blind $0.02
*** HOLE CARDS ***
Dealt to Dorex2007 [6h 5d]
JTThomas99: calls $0.02
Dorex2007: folds 
javucho_2011: folds 
volodya7624: folds 
maksim-2003: folds 
dreva8484: folds 
Moleafs72: raises $0.08 to $0.10
JTThomas99: folds 
Uncalled bet ($0.08) returned to Moleafs72
Moleafs72 collected $0.05 from pot
Moleafs72: doesn't show hand 
*** SUMMARY ***
Total pot $0.05 | Rake $0 
Seat 2: volodya7624 folded before Flop (didn't bet)
Seat 3: maksim-2003 (button) folded before Flop (didn't bet)
Seat 4: dreva8484 (small blind) folded before Flop
Seat 5: Moleafs72 (big blind) collected ($0.05)
Seat 7: JTThomas99 folded before Flop
Seat 8: Dorex2007 folded before Flop (didn't bet)
Seat 9: javucho_2011 folded before Flop (didn't bet)



PokerStars Hand #232942266056:  Hold'em No Limit ($0.01/$0.02 USD) - 2022/01/08 11:12:10 PT [2022/01/08 14:12:10 ET]
Table 'Sarir' 9-max Seat #4 is the button
Seat 2: volodya7624 ($1.80 in chips) 
Seat 3: maksim-2003 ($3.18 in chips) 
Seat 4: dreva8484 ($0.73 in chips) 
Seat 5: Moleafs72 ($1.47 in chips) 
Seat 7: JTThomas99 ($1.89 in chips) 
Seat 8: Dorex2007 ($2.20 in chips) 
Seat 9: javucho_2011 ($1.15 in chips) 
Moleafs72: posts small blind $0.01
JTThomas99: posts big blind $0.02
*** HOLE CARDS ***
Dealt to Dorex2007 [4c 4h]
Dorex2007: calls $0.02
javucho_2011: folds 
volodya7624: folds 
maksim-2003: folds 
dreva8484 has timed out
dreva8484: folds 
Moleafs72: calls $0.01
JTThomas99: checks 
*** FLOP *** [2d Jd 3d]
Moleafs72: checks 
JTThomas99: checks 
Dorex2007: checks 
*** TURN *** [2d Jd 3d] [8h]
Moleafs72: checks 
JTThomas99: bets $0.04
Dorex2007: folds 
Wichur8889 is disconnected 
Moleafs72: folds 
Uncalled bet ($0.04) returned to JTThomas99
JTThomas99 collected $0.06 from pot
JTThomas99: doesn't show hand 
*** SUMMARY ***
Total pot $0.06 | Rake $0 
Board [2d Jd 3d 8h]
Seat 2: volodya7624 folded before Flop (didn't bet)
Seat 3: maksim-2003 folded before Flop (didn't bet)
Seat 4: dreva8484 (button) folded before Flop (didn't bet)
Seat 5: Moleafs72 (small blind) folded on the Turn
Seat 7: JTThomas99 (big blind) collected ($0.06)
Seat 8: Dorex2007 folded on the Turn
Seat 9: javucho_2011 folded before Flop (didn't bet)



PokerStars Hand #232942303302:  Hold'em No Limit ($0.01/$0.02 USD) - 2022/01/08 11:13:07 PT [2022/01/08 14:13:07 ET]
Table 'Sarir' 9-max Seat #5 is the button
Seat 2: volodya7624 ($1.80 in chips) 
Seat 3: maksim-2003 ($3.18 in chips) 
Seat 4: dreva8484 ($0.73 in chips) 
Seat 5: Moleafs72 ($1.45 in chips) 
Seat 7: JTThomas99 ($1.93 in chips) 
Seat 8: Dorex2007 ($2.18 in chips) 
Seat 9: javucho_2011 ($1.15 in chips) 
JTThomas99: posts small blind $0.01
Dorex2007: posts big blind $0.02
*** HOLE CARDS ***
Dealt to Dorex2007 [Ad 6d]
javucho_2011: folds 
volodya7624: folds 
maksim-2003: folds 
dreva8484: folds 
Moleafs72: calls $0.02
JTThomas99: calls $0.01
Dorex2007: checks 
*** FLOP *** [9c Qc Kd]
JTThomas99: checks 
Dorex2007: checks 
Moleafs72: bets $0.02
JTThomas99: folds 
Dorex2007: folds 
Uncalled bet ($0.02) returned to Moleafs72
Moleafs72 collected $0.06 from pot
Moleafs72: doesn't show hand 
*** SUMMARY ***
Total pot $0.06 | Rake $0 
Board [9c Qc Kd]
Seat 2: volodya7624 folded before Flop (didn't bet)
Seat 3: maksim-2003 folded before Flop (didn't bet)
Seat 4: dreva8484 folded before Flop (didn't bet)
Seat 5: Moleafs72 (button) collected ($0.06)
Seat 7: JTThomas99 (small blind) folded on the Flop
Seat 8: Dorex2007 (big blind) folded on the Flop
Seat 9: javucho_2011 folded before Flop (didn't bet)



PokerStars Hand #232942322085:  Hold'em No Limit ($0.01/$0.02 USD) - 2022/01/08 11:13:37 PT [2022/01/08 14:13:37 ET]
Table 'Sarir' 9-max Seat #7 is the button
Seat 2: volodya7624 ($1.80 in chips) 
Seat 3: maksim-2003 ($3.18 in chips) 
Seat 4: dreva8484 ($0.73 in chips) 
Seat 5: Moleafs72 ($1.49 in chips) 
Seat 7: JTThomas99 ($1.91 in chips) 
Seat 8: Dorex2007 ($2.16 in chips) 
Seat 9: javucho_2011 ($1.15 in chips) 
Dorex2007: posts small blind $0.01
javucho_2011: posts big blind $0.02
*** HOLE CARDS ***
Dealt to Dorex2007 [5d 6s]
volodya7624: folds 
maksim-2003: folds 
dreva8484: folds 
Moleafs72: calls $0.02
JTThomas99: folds 
Dorex2007: folds 
javucho_2011: checks 
*** FLOP *** [3d 9h Kc]
javucho_2011: bets $0.04
Moleafs72: folds 
Uncalled bet ($0.04) returned to javucho_2011
javucho_2011 collected $0.05 from pot
javucho_2011: doesn't show hand 
*** SUMMARY ***
Total pot $0.05 | Rake $0 
Board [3d 9h Kc]
Seat 2: volodya7624 folded before Flop (didn't bet)
Seat 3: maksim-2003 folded before Flop (didn't bet)
Seat 4: dreva8484 folded before Flop (didn't bet)
Seat 5: Moleafs72 folded on the Flop
Seat 7: JTThomas99 (button) folded before Flop (didn't bet)
Seat 8: Dorex2007 (small blind) folded before Flop
Seat 9: javucho_2011 (big blind) collected ($0.05)



PokerStars Hand #232942340289:  Hold'em No Limit ($0.01/$0.02 USD) - 2022/01/08 11:14:04 PT [2022/01/08 14:14:04 ET]
Table 'Sarir' 9-max Seat #8 is the button
Seat 2: volodya7624 ($1.80 in chips) 
Seat 3: maksim-2003 ($3.18 in chips) 
Seat 4: dreva8484 ($0.73 in chips) 
Seat 5: Moleafs72 ($1.47 in chips) 
Seat 7: JTThomas99 ($1.91 in chips) 
Seat 8: Dorex2007 ($2.15 in chips) 
Seat 9: javucho_2011 ($1.18 in chips) 
javucho_2011: posts small blind $0.01
volodya7624: posts big blind $0.02
*** HOLE CARDS ***
Dealt to Dorex2007 [2c 2s]
maksim-2003: folds 
dreva8484: folds 
Moleafs72: calls $0.02
JTThomas99: calls $0.02
Dorex2007: calls $0.02
javucho_2011: folds 
volodya7624: checks 
*** FLOP *** [Ks 9s Tc]
volodya7624: checks 
Moleafs72: checks 
JTThomas99: bets $0.06
Dorex2007: folds 
volodya7624: folds 
Moleafs72: folds 
Uncalled bet ($0.06) returned to JTThomas99
JTThomas99 collected $0.09 from pot
JTThomas99: doesn't show hand 
*** SUMMARY ***
Total pot $0.09 | Rake $0 
Board [Ks 9s Tc]
Seat 2: volodya7624 (big blind) folded on the Flop
Seat 3: maksim-2003 folded before Flop (didn't bet)
Seat 4: dreva8484 folded before Flop (didn't bet)
Seat 5: Moleafs72 folded on the Flop
Seat 7: JTThomas99 collected ($0.09)
Seat 8: Dorex2007 (button) folded on the Flop
Seat 9: javucho_2011 (small blind) folded before Flop



PokerStars Hand #232942368947:  Hold'em No Limit ($0.01/$0.02 USD) - 2022/01/08 11:14:48 PT [2022/01/08 14:14:48 ET]
Table 'Sarir' 9-max Seat #9 is the button
Seat 2: volodya7624 ($1.78 in chips) 
Seat 3: maksim-2003 ($3.18 in chips) 
Seat 4: dreva8484 ($0.73 in chips) 
Seat 5: Moleafs72 ($1.45 in chips) 
Seat 7: JTThomas99 ($1.98 in chips) 
Seat 8: Dorex2007 ($2.13 in chips) 
Seat 9: javucho_2011 ($1.17 in chips) 
volodya7624: posts small blind $0.01
maksim-2003: posts big blind $0.02
*** HOLE CARDS ***
Dealt to Dorex2007 [9c 9h]
dreva8484: folds 
Moleafs72: folds 
JTThomas99: folds 
Dorex2007: raises $0.04 to $0.06
javucho_2011: folds 
volodya7624: folds 
maksim-2003: folds 
Uncalled bet ($0.04) returned to Dorex2007
Dorex2007 collected $0.05 from pot
Dorex2007: doesn't show hand 
*** SUMMARY ***
Total pot $0.05 | Rake $0 
Seat 2: volodya7624 (small blind) folded before Flop
Seat 3: maksim-2003 (big blind) folded before Flop
Seat 4: dreva8484 folded before Flop (didn't bet)
Seat 5: Moleafs72 folded before Flop (didn't bet)
Seat 7: JTThomas99 folded before Flop (didn't bet)
Seat 8: Dorex2007 collected ($0.05)
Seat 9: javucho_2011 (button) folded before Flop (didn't bet)



PokerStars Hand #232942380625:  Hold'em No Limit ($0.01/$0.02 USD) - 2022/01/08 11:15:05 PT [2022/01/08 14:15:05 ET]
Table 'Sarir' 9-max Seat #2 is the button
Seat 2: volodya7624 ($1.77 in chips) 
Seat 3: maksim-2003 ($3.16 in chips) 
Seat 4: dreva8484 ($0.73 in chips) 
Seat 5: Moleafs72 ($1.45 in chips) 
Seat 7: JTThomas99 ($1.98 in chips) 
Seat 8: Dorex2007 ($2.16 in chips) 
Seat 9: javucho_2011 ($1.17 in chips) 
maksim-2003: posts small blind $0.01
dreva8484: posts big blind $0.02
*** HOLE CARDS ***
Dealt to Dorex2007 [6d Jc]
Moleafs72: calls $0.02
JTThomas99: calls $0.02
Dorex2007: folds 
javucho_2011: raises $0.06 to $0.08
volodya7624: folds 
maksim-2003: folds 
dreva8484: folds 
Moleafs72: folds 
JTThomas99: calls $0.06
*** FLOP *** [5s 2h 6c]
JTThomas99: checks 
javucho_2011: checks 
*** TURN *** [5s 2h 6c] [4d]
JTThomas99: bets $0.06
javucho_2011: calls $0.06
*** RIVER *** [5s 2h 6c 4d] [8h]
JTThomas99: checks 
javucho_2011: checks 
*** SHOW DOWN ***
JTThomas99: shows [Qs Ah] (high card Ace)
javucho_2011: mucks hand 
JTThomas99 collected $0.32 from pot
*** SUMMARY ***
Total pot $0.33 | Rake $0.01 
Board [5s 2h 6c 4d 8h]
Seat 2: volodya7624 (button) folded before Flop (didn't bet)
Seat 3: maksim-2003 (small blind) folded before Flop
Seat 4: dreva8484 (big blind) folded before Flop
Seat 5: Moleafs72 folded before Flop
Seat 7: JTThomas99 showed [Qs Ah] and won ($0.32) with high card Ace
Seat 8: Dorex2007 folded before Flop (didn't bet)
Seat 9: javucho_2011 mucked [Jh Kd]



PokerStars Hand #232942427828:  Hold'em No Limit ($0.01/$0.02 USD) - 2022/01/08 11:16:17 PT [2022/01/08 14:16:17 ET]
Table 'Sarir' 9-max Seat #3 is the button
Seat 2: volodya7624 ($1.77 in chips) 
Seat 3: maksim-2003 ($3.15 in chips) 
Seat 4: dreva8484 ($0.71 in chips) 
Seat 5: Moleafs72 ($1.43 in chips) 
Seat 7: JTThomas99 ($2.16 in chips) 
Seat 8: Dorex2007 ($2.16 in chips) 
Seat 9: javucho_2011 ($1.03 in chips) 
dreva8484: posts small blind $0.01
Moleafs72: posts big blind $0.02
evil547: sits out 
*** HOLE CARDS ***
Dealt to Dorex2007 [Qc Ks]
JTThomas99: raises $0.02 to $0.04
Dorex2007: calls $0.04
javucho_2011: folds 
volodya7624: calls $0.04
maksim-2003: folds 
dreva8484: folds 
Moleafs72: calls $0.02
*** FLOP *** [4h 9d 9h]
Moleafs72: bets $0.02
JTThomas99: calls $0.02
Dorex2007: folds 
volodya7624: folds 
*** TURN *** [4h 9d 9h] [5d]
Moleafs72: bets $0.04
JTThomas99: raises $2.06 to $2.10 and is all-in
Moleafs72: calls $1.33 and is all-in
Uncalled bet ($0.73) returned to JTThomas99
*** RIVER *** [4h 9d 9h 5d] [Ah]
*** SHOW DOWN ***
Moleafs72: shows [4s Js] (two pair, Nines and Fours)
JTThomas99: shows [Ad 9s] (a full house, Nines full of Aces)
JTThomas99 collected $2.85 from pot
*** SUMMARY ***
Total pot $2.95 | Rake $0.10 
Board [4h 9d 9h 5d Ah]
Seat 2: volodya7624 folded on the Flop
Seat 3: maksim-2003 (button) folded before Flop (didn't bet)
Seat 4: dreva8484 (small blind) folded before Flop
Seat 5: Moleafs72 (big blind) showed [4s Js] and lost with two pair, Nines and Fours
Seat 7: JTThomas99 showed [Ad 9s] and won ($2.85) with a full house, Nines full of Aces
Seat 8: Dorex2007 folded on the Flop
Seat 9: javucho_2011 folded before Flop (didn't bet)



PokerStars Hand #232942471772:  Hold'em No Limit ($0.01/$0.02 USD) - 2022/01/08 11:17:23 PT [2022/01/08 14:17:23 ET]
Table 'Sarir' 9-max Seat #4 is the button
Seat 2: volodya7624 ($1.73 in chips) 
Seat 3: maksim-2003 ($3.15 in chips) 
Seat 4: dreva8484 ($0.70 in chips) 
Seat 7: JTThomas99 ($3.58 in chips) 
Seat 8: Dorex2007 ($2.12 in chips) 
Seat 9: javucho_2011 ($1.03 in chips) 
JTThomas99: posts small blind $0.01
Dorex2007: posts big blind $0.02
evil547: sits out 
*** HOLE CARDS ***
Dealt to Dorex2007 [Jh 2c]
javucho_2011: folds 
volodya7624: folds 
maksim-2003: folds 
dreva8484: calls $0.02
JTThomas99: folds 
Dorex2007: checks 
*** FLOP *** [9d 6h 8h]
Dorex2007: checks 
dreva8484: bets $0.02
Dorex2007: folds 
Uncalled bet ($0.02) returned to dreva8484
dreva8484 collected $0.05 from pot
*** SUMMARY ***
Total pot $0.05 | Rake $0 
Board [9d 6h 8h]
Seat 2: volodya7624 folded before Flop (didn't bet)
Seat 3: maksim-2003 folded before Flop (didn't bet)
Seat 4: dreva8484 (button) collected ($0.05)
Seat 7: JTThomas99 (small blind) folded before Flop
Seat 8: Dorex2007 (big blind) folded on the Flop
Seat 9: javucho_2011 folded before Flop (didn't bet)



PokerStars Hand #232942490261:  Hold'em No Limit ($0.01/$0.02 USD) - 2022/01/08 11:17:52 PT [2022/01/08 14:17:52 ET]
Table 'Sarir' 9-max Seat #7 is the button
Seat 2: volodya7624 ($1.73 in chips) 
Seat 3: maksim-2003 ($3.15 in chips) 
Seat 4: dreva8484 ($0.73 in chips) 
Seat 7: JTThomas99 ($3.57 in chips) 
Seat 8: Dorex2007 ($2.10 in chips) 
Seat 9: javucho_2011 ($1.03 in chips) 
Dorex2007: posts small blind $0.01
javucho_2011: posts big blind $0.02
evil547: sits out 
*** HOLE CARDS ***
Dealt to Dorex2007 [Kh Kd]
volodya7624: folds 
maksim-2003: folds 
dreva8484: folds 
JTThomas99: folds 
Dorex2007: raises $0.04 to $0.06
Moleafs72 leaves the table
javucho_2011: calls $0.04
*** FLOP *** [4d 7s 6d]
Dorex2007: bets $0.12
javucho_2011: folds 
Uncalled bet ($0.12) returned to Dorex2007
Dorex2007 collected $0.12 from pot
Dorex2007: doesn't show hand 
*** SUMMARY ***
Total pot $0.12 | Rake $0 
Board [4d 7s 6d]
Seat 2: volodya7624 folded before Flop (didn't bet)
Seat 3: maksim-2003 folded before Flop (didn't bet)
Seat 4: dreva8484 folded before Flop (didn't bet)
Seat 7: JTThomas99 (button) folded before Flop (didn't bet)
Seat 8: Dorex2007 (small blind) collected ($0.12)
Seat 9: javucho_2011 (big blind) folded on the Flop



PokerStars Hand #232942515714:  Hold'em No Limit ($0.01/$0.02 USD) - 2022/01/08 11:18:30 PT [2022/01/08 14:18:30 ET]
Table 'Sarir' 9-max Seat #8 is the button
Seat 1: evil547 ($1.54 in chips) 
Seat 2: volodya7624 ($1.73 in chips) 
Seat 3: maksim-2003 ($3.15 in chips) 
Seat 4: dreva8484 ($0.73 in chips) 
Seat 7: JTThomas99 ($3.57 in chips) 
Seat 8: Dorex2007 ($2.16 in chips) 
Seat 9: javucho_2011 ($0.97 in chips) 
javucho_2011: posts small blind $0.01
evil547: posts big blind $0.02
*** HOLE CARDS ***
Dealt to Dorex2007 [3h 4c]
volodya7624: calls $0.02
maksim-2003: folds 
dreva8484: calls $0.02
JTThomas99: folds 
Dorex2007: folds 
javucho_2011: folds 
evil547: checks 
*** FLOP *** [4h 9s Th]
evil547: bets $0.07
volodya7624: folds 
dreva8484: folds 
Uncalled bet ($0.07) returned to evil547
evil547 collected $0.07 from pot
evil547: doesn't show hand 
*** SUMMARY ***
Total pot $0.07 | Rake $0 
Board [4h 9s Th]
Seat 1: evil547 (big blind) collected ($0.07)
Seat 2: volodya7624 folded on the Flop
Seat 3: maksim-2003 folded before Flop (didn't bet)
Seat 4: dreva8484 folded on the Flop
Seat 7: JTThomas99 folded before Flop (didn't bet)
Seat 8: Dorex2007 (button) folded before Flop (didn't bet)
Seat 9: javucho_2011 (small blind) folded before Flop



PokerStars Hand #232942542330:  Hold'em No Limit ($0.01/$0.02 USD) - 2022/01/08 11:18:56 PT [2022/01/08 14:18:56 ET]
Table 'Sarir' 9-max Seat #9 is the button
Seat 1: evil547 ($1.59 in chips) 
Seat 2: volodya7624 ($1.71 in chips) 
Seat 3: maksim-2003 ($3.15 in chips) 
Seat 4: dreva8484 ($0.71 in chips) 
Seat 7: JTThomas99 ($3.57 in chips) 
Seat 8: Dorex2007 ($2.16 in chips) 
Seat 9: javucho_2011 ($0.96 in chips) 
evil547: posts small blind $0.01
volodya7624: posts big blind $0.02
*** HOLE CARDS ***
Dealt to Dorex2007 [4s 9s]
maksim-2003: raises $0.04 to $0.06
dreva8484: folds 
JTThomas99: folds 
Dorex2007: folds 
javucho_2011: folds 
evil547: folds 
volodya7624: folds 
Uncalled bet ($0.04) returned to maksim-2003
maksim-2003 collected $0.05 from pot
maksim-2003: doesn't show hand 
*** SUMMARY ***
Total pot $0.05 | Rake $0 
Seat 1: evil547 (small blind) folded before Flop
Seat 2: volodya7624 (big blind) folded before Flop
Seat 3: maksim-2003 collected ($0.05)
Seat 4: dreva8484 folded before Flop (didn't bet)
Seat 7: JTThomas99 folded before Flop (didn't bet)
Seat 8: Dorex2007 folded before Flop (didn't bet)
Seat 9: javucho_2011 (button) folded before Flop (didn't bet)



PokerStars Hand #232942554062:  Hold'em No Limit ($0.01/$0.02 USD) - 2022/01/08 11:19:14 PT [2022/01/08 14:19:14 ET]
Table 'Sarir' 9-max Seat #1 is the button
Seat 1: evil547 ($1.58 in chips) 
Seat 2: volodya7624 ($1.69 in chips) 
Seat 3: maksim-2003 ($3.18 in chips) 
Seat 4: dreva8484 ($0.71 in chips) 
Seat 7: JTThomas99 ($3.57 in chips) 
Seat 8: Dorex2007 ($2.16 in chips) 
Seat 9: javucho_2011 ($0.96 in chips) 
volodya7624: posts small blind $0.01
maksim-2003: posts big blind $0.02
*** HOLE CARDS ***
Dealt to Dorex2007 [Ac 2s]
Lukas_YZ250F joins the table at seat #5 
dreva8484: folds 
JTThomas99: calls $0.02
Dorex2007: folds 
javucho_2011: folds 
evil547: folds 
volodya7624: folds 
maksim-2003: checks 
*** FLOP *** [Kc 8s Td]
maksim-2003: checks 
JTThomas99: checks 
*** TURN *** [Kc 8s Td] [Ad]
maksim-2003: checks 
JTThomas99: bets $0.06
maksim-2003: folds 
Uncalled bet ($0.06) returned to JTThomas99
JTThomas99 collected $0.05 from pot
JTThomas99: doesn't show hand 
*** SUMMARY ***
Total pot $0.05 | Rake $0 
Board [Kc 8s Td Ad]
Seat 1: evil547 (button) folded before Flop (didn't bet)
Seat 2: volodya7624 (small blind) folded before Flop
Seat 3: maksim-2003 (big blind) folded on the Turn
Seat 4: dreva8484 folded before Flop (didn't bet)
Seat 7: JTThomas99 collected ($0.05)
Seat 8: Dorex2007 folded before Flop (didn't bet)
Seat 9: javucho_2011 folded before Flop (didn't bet)



PokerStars Hand #232942574160:  Hold'em No Limit ($0.01/$0.02 USD) - 2022/01/08 11:19:45 PT [2022/01/08 14:19:45 ET]
Table 'Sarir' 9-max Seat #2 is the button
Seat 1: evil547 ($1.58 in chips) 
Seat 2: volodya7624 ($1.68 in chips) 
Seat 3: maksim-2003 ($3.16 in chips) 
Seat 4: dreva8484 ($0.71 in chips) 
Seat 7: JTThomas99 ($3.60 in chips) 
Seat 8: Dorex2007 ($2.16 in chips) 
Seat 9: javucho_2011 ($0.96 in chips) 
maksim-2003: posts small blind $0.01
dreva8484: posts big blind $0.02
Lukas_YZ250F: sits out 
*** HOLE CARDS ***
Dealt to Dorex2007 [9s Th]
JTThomas99: folds 
Dorex2007: folds 
javucho_2011: folds 
evil547: folds 
volodya7624: folds 
maksim-2003: folds 
Uncalled bet ($0.01) returned to dreva8484
dreva8484 collected $0.02 from pot
*** SUMMARY ***
Total pot $0.02 | Rake $0 
Seat 1: evil547 folded before Flop (didn't bet)
Seat 2: volodya7624 (button) folded before Flop (didn't bet)
Seat 3: maksim-2003 (small blind) folded before Flop
Seat 4: dreva8484 (big blind) collected ($0.02)
Seat 7: JTThomas99 folded before Flop (didn't bet)
Seat 8: Dorex2007 folded before Flop (didn't bet)
Seat 9: javucho_2011 folded before Flop (didn't bet)



PokerStars Hand #232942579925:  Hold'em No Limit ($0.01/$0.02 USD) - 2022/01/08 11:19:53 PT [2022/01/08 14:19:53 ET]
Table 'Sarir' 9-max Seat #3 is the button
Seat 1: evil547 ($1.58 in chips) 
Seat 2: volodya7624 ($1.68 in chips) 
Seat 3: maksim-2003 ($3.15 in chips) 
Seat 4: dreva8484 ($0.72 in chips) 
Seat 5: Lukas_YZ250F ($1 in chips) 
Seat 7: JTThomas99 ($3.60 in chips) 
Seat 8: Dorex2007 ($2.16 in chips) 
Seat 9: javucho_2011 ($0.96 in chips) 
dreva8484: posts small blind $0.01
Lukas_YZ250F: posts big blind $0.02
*** HOLE CARDS ***
Dealt to Dorex2007 [2d 5d]
JTThomas99: folds 
Dorex2007: folds 
javucho_2011: folds 
evil547: folds 
volodya7624: folds 
maksim-2003: folds 
dreva8484: folds 
Uncalled bet ($0.01) returned to Lukas_YZ250F
Lukas_YZ250F collected $0.02 from pot
Lukas_YZ250F: doesn't show hand 
*** SUMMARY ***
Total pot $0.02 | Rake $0 
Seat 1: evil547 folded before Flop (didn't bet)
Seat 2: volodya7624 folded before Flop (didn't bet)
Seat 3: maksim-2003 (button) folded before Flop (didn't bet)
Seat 4: dreva8484 (small blind) folded before Flop
Seat 5: Lukas_YZ250F (big blind) collected ($0.02)
Seat 7: JTThomas99 folded before Flop (didn't bet)
Seat 8: Dorex2007 folded before Flop (didn't bet)
Seat 9: javucho_2011 folded before Flop (didn't bet)



PokerStars Hand #232942592099:  Hold'em No Limit ($0.01/$0.02 USD) - 2022/01/08 11:20:12 PT [2022/01/08 14:20:12 ET]
Table 'Sarir' 9-max Seat #4 is the button
Seat 1: evil547 ($1.58 in chips) 
Seat 2: volodya7624 ($1.68 in chips) 
Seat 3: maksim-2003 ($3.15 in chips) 
Seat 4: dreva8484 ($0.71 in chips) 
Seat 5: Lukas_YZ250F ($1.01 in chips) 
Seat 7: JTThomas99 ($3.60 in chips) 
Seat 8: Dorex2007 ($2.16 in chips) 
Seat 9: javucho_2011 ($0.96 in chips) 
Lukas_YZ250F: posts small blind $0.01
JTThomas99: posts big blind $0.02
*** HOLE CARDS ***
Dealt to Dorex2007 [2c Qs]
Dorex2007: folds 
javucho_2011: calls $0.02
evil547: folds 
volodya7624: folds 
maksim-2003: folds 
dreva8484: folds 
Lukas_YZ250F: folds 
JTThomas99: checks 
*** FLOP *** [3h 2d Ah]
JTThomas99: checks 
javucho_2011: checks 
*** TURN *** [3h 2d Ah] [8h]
JTThomas99: checks 
javucho_2011: bets $0.04
JTThomas99: folds 
Uncalled bet ($0.04) returned to javucho_2011
javucho_2011 collected $0.05 from pot
Wichur8889 leaves the table
javucho_2011: doesn't show hand 
*** SUMMARY ***
Total pot $0.05 | Rake $0 
Board [3h 2d Ah 8h]
Seat 1: evil547 folded before Flop (didn't bet)
Seat 2: volodya7624 folded before Flop (didn't bet)
Seat 3: maksim-2003 folded before Flop (didn't bet)
Seat 4: dreva8484 (button) folded before Flop (didn't bet)
Seat 5: Lukas_YZ250F (small blind) folded before Flop
Seat 7: JTThomas99 (big blind) folded on the Turn
Seat 8: Dorex2007 folded before Flop (didn't bet)
Seat 9: javucho_2011 collected ($0.05)



PokerStars Hand #232942617754:  Hold'em No Limit ($0.01/$0.02 USD) - 2022/01/08 11:20:51 PT [2022/01/08 14:20:51 ET]
Table 'Sarir' 9-max Seat #5 is the button
Seat 1: evil547 ($1.58 in chips) 
Seat 2: volodya7624 ($1.68 in chips) 
Seat 3: maksim-2003 ($3.15 in chips) 
Seat 4: dreva8484 ($0.71 in chips) 
Seat 5: Lukas_YZ250F ($1 in chips) 
Seat 7: JTThomas99 ($3.58 in chips) 
Seat 8: Dorex2007 ($2.16 in chips) 
Seat 9: javucho_2011 ($0.99 in chips) 
JTThomas99: posts small blind $0.01
Dorex2007: posts big blind $0.02
*** HOLE CARDS ***
Dealt to Dorex2007 [5s 3s]
javucho_2011: folds 
evil547: folds 
volodya7624: calls $0.02
maksim-2003: folds 
dreva8484: folds 
Lukas_YZ250F: folds 
JTThomas99: calls $0.01
Dorex2007: checks 
*** FLOP *** [Qh 2s 4s]
JTThomas99: checks 
Dorex2007: bets $0.04
volodya7624: calls $0.04
JTThomas99: folds 
*** TURN *** [Qh 2s 4s] [9c]
Dorex2007: checks 
volodya7624: bets $0.04
Dorex2007: calls $0.04
*** RIVER *** [Qh 2s 4s 9c] [Td]
Dorex2007: bets $0.11
volodya7624: calls $0.11
*** SHOW DOWN ***
Dorex2007: shows [5s 3s] (high card Queen)
volodya7624: shows [Qs Kc] (a pair of Queens)
volodya7624 collected $0.42 from pot
*** SUMMARY ***
Total pot $0.44 | Rake $0.02 
Board [Qh 2s 4s 9c Td]
Seat 1: evil547 folded before Flop (didn't bet)
Seat 2: volodya7624 showed [Qs Kc] and won ($0.42) with a pair of Queens
Seat 3: maksim-2003 folded before Flop (didn't bet)
Seat 4: dreva8484 folded before Flop (didn't bet)
Seat 5: Lukas_YZ250F (button) folded before Flop (didn't bet)
Seat 7: JTThomas99 (small blind) folded on the Flop
Seat 8: Dorex2007 (big blind) showed [5s 3s] and lost with high card Queen
Seat 9: javucho_2011 folded before Flop (didn't bet)



PokerStars Hand #232942655932:  Hold'em No Limit ($0.01/$0.02 USD) - 2022/01/08 11:21:50 PT [2022/01/08 14:21:50 ET]
Table 'Sarir' 9-max Seat #7 is the button
Seat 1: evil547 ($1.58 in chips) 
Seat 2: volodya7624 ($1.89 in chips) 
Seat 3: maksim-2003 ($3.15 in chips) 
Seat 4: dreva8484 ($0.71 in chips) 
Seat 5: Lukas_YZ250F ($1 in chips) 
Seat 7: JTThomas99 ($3.56 in chips) 
Seat 8: Dorex2007 ($2 in chips) 
Seat 9: javucho_2011 ($0.99 in chips) 
Dorex2007: posts small blind $0.01
Kudzu_Walker joins the table at seat #6 
javucho_2011: posts big blind $0.02
*** HOLE CARDS ***
Dealt to Dorex2007 [8h Ac]
evil547: folds 
volodya7624: folds 
maksim-2003: folds 
dreva8484: folds 
Lukas_YZ250F: folds 
JTThomas99: folds 
Dorex2007: raises $0.02 to $0.04
javucho_2011: calls $0.02
*** FLOP *** [7s 5h Qh]
Dorex2007: checks 
javucho_2011: checks 
*** TURN *** [7s 5h Qh] [Ks]
Dorex2007: checks 
javucho_2011: bets $0.08
Dorex2007: folds 
Uncalled bet ($0.08) returned to javucho_2011
javucho_2011 collected $0.08 from pot
javucho_2011: doesn't show hand 
*** SUMMARY ***
Total pot $0.08 | Rake $0 
Board [7s 5h Qh Ks]
Seat 1: evil547 folded before Flop (didn't bet)
Seat 2: volodya7624 folded before Flop (didn't bet)
Seat 3: maksim-2003 folded before Flop (didn't bet)
Seat 4: dreva8484 folded before Flop (didn't bet)
Seat 5: Lukas_YZ250F folded before Flop (didn't bet)
Seat 7: JTThomas99 (button) folded before Flop (didn't bet)
Seat 8: Dorex2007 (small blind) folded on the Turn
Seat 9: javucho_2011 (big blind) collected ($0.08)



PokerStars Hand #232942680870:  Hold'em No Limit ($0.01/$0.02 USD) - 2022/01/08 11:22:28 PT [2022/01/08 14:22:28 ET]
Table 'Sarir' 9-max Seat #8 is the button
Seat 1: evil547 ($1.58 in chips) 
Seat 2: volodya7624 ($1.89 in chips) 
Seat 3: maksim-2003 ($3.15 in chips) 
Seat 4: dreva8484 ($0.71 in chips) 
Seat 5: Lukas_YZ250F ($1 in chips) 
Seat 7: JTThomas99 ($3.56 in chips) 
Seat 8: Dorex2007 ($2 in chips) 
Seat 9: javucho_2011 ($1.03 in chips) 
javucho_2011: posts small blind $0.01
evil547: posts big blind $0.02
*** HOLE CARDS ***
Dealt to Dorex2007 [4h Th]
volodya7624: folds 
maksim-2003: folds 
dreva8484: folds 
Lukas_YZ250F: folds 
JTThomas99: calls $0.02
Dorex2007: folds 
javucho_2011: calls $0.01
evil547: checks 
*** FLOP *** [2s Td 5h]
javucho_2011: bets $0.04
evil547: raises $0.08 to $0.12
JTThomas99: folds 
JTThomas99 leaves the table
javucho_2011: folds 
Uncalled bet ($0.08) returned to evil547
evil547 collected $0.14 from pot
evil547: doesn't show hand 
*** SUMMARY ***
Total pot $0.14 | Rake $0 
Board [2s Td 5h]
Seat 1: evil547 (big blind) collected ($0.14)
Seat 2: volodya7624 folded before Flop (didn't bet)
Seat 3: maksim-2003 folded before Flop (didn't bet)
Seat 4: dreva8484 folded before Flop (didn't bet)
Seat 5: Lukas_YZ250F folded before Flop (didn't bet)
Seat 7: JTThomas99 folded on the Flop
Seat 8: Dorex2007 (button) folded before Flop (didn't bet)
Seat 9: javucho_2011 (small blind) folded on the Flop



PokerStars Hand #232942717539:  Hold'em No Limit ($0.01/$0.02 USD) - 2022/01/08 11:23:25 PT [2022/01/08 14:23:25 ET]
Table 'Sarir' 9-max Seat #9 is the button
Seat 1: evil547 ($1.66 in chips) 
Seat 2: volodya7624 ($1.89 in chips) 
Seat 3: maksim-2003 ($3.15 in chips) 
Seat 4: dreva8484 ($0.71 in chips) 
Seat 5: Lukas_YZ250F ($1 in chips) 
Seat 8: Dorex2007 ($2 in chips) 
Seat 9: javucho_2011 ($0.97 in chips) 
evil547: posts small blind $0.01
volodya7624: posts big blind $0.02
*** HOLE CARDS ***
Dealt to Dorex2007 [Kh 6h]
tim660000 joins the table at seat #7 
maksim-2003: folds 
dreva8484: calls $0.02
Lukas_YZ250F has timed out
Lukas_YZ250F: folds 
Dorex2007: folds 
javucho_2011: folds 
evil547: calls $0.01
volodya7624: checks 
*** FLOP *** [9c 7d As]
evil547: checks 
volodya7624: checks 
dreva8484: checks 
*** TURN *** [9c 7d As] [2s]
evil547: bets $0.06
volodya7624: folds 
dreva8484: folds 
Uncalled bet ($0.06) returned to evil547
evil547 collected $0.06 from pot
evil547: doesn't show hand 
*** SUMMARY ***
Total pot $0.06 | Rake $0 
Board [9c 7d As 2s]
Seat 1: evil547 (small blind) collected ($0.06)
Seat 2: volodya7624 (big blind) folded on the Turn
Seat 3: maksim-2003 folded before Flop (didn't bet)
Seat 4: dreva8484 folded on the Turn
Seat 5: Lukas_YZ250F folded before Flop (didn't bet)
Seat 8: Dorex2007 folded before Flop (didn't bet)
Seat 9: javucho_2011 (button) folded before Flop (didn't bet)



PokerStars Hand #232942740909:  Hold'em No Limit ($0.01/$0.02 USD) - 2022/01/08 11:24:01 PT [2022/01/08 14:24:01 ET]
Table 'Sarir' 9-max Seat #1 is the button
Seat 1: evil547 ($1.70 in chips) 
Seat 2: volodya7624 ($1.87 in chips) 
Seat 3: maksim-2003 ($3.15 in chips) 
Seat 4: dreva8484 ($0.69 in chips) 
Seat 5: Lukas_YZ250F ($1 in chips) 
Seat 8: Dorex2007 ($2 in chips) 
Seat 9: javucho_2011 ($0.97 in chips) 
volodya7624: posts small blind $0.01
maksim-2003: posts big blind $0.02
tim660000: sits out 
*** HOLE CARDS ***
Dealt to Dorex2007 [Ks 3h]
dreva8484 has timed out
dreva8484: folds 
Lukas_YZ250F: folds 
Dorex2007: folds 
javucho_2011: folds 
evil547: raises $0.04 to $0.06
volodya7624: folds 
maksim-2003: folds 
Uncalled bet ($0.04) returned to evil547
evil547 collected $0.05 from pot
evil547: doesn't show hand 
*** SUMMARY ***
Total pot $0.05 | Rake $0 
Seat 1: evil547 (button) collected ($0.05)
Seat 2: volodya7624 (small blind) folded before Flop
Seat 3: maksim-2003 (big blind) folded before Flop
Seat 4: dreva8484 folded before Flop (didn't bet)
Seat 5: Lukas_YZ250F folded before Flop (didn't bet)
Seat 8: Dorex2007 folded before Flop (didn't bet)
Seat 9: javucho_2011 folded before Flop (didn't bet)



PokerStars Hand #232942754836:  Hold'em No Limit ($0.01/$0.02 USD) - 2022/01/08 11:24:22 PT [2022/01/08 14:24:22 ET]
Table 'Sarir' 9-max Seat #2 is the button
Seat 1: evil547 ($1.73 in chips) 
Seat 2: volodya7624 ($1.86 in chips) 
Seat 3: maksim-2003 ($3.13 in chips) 
Seat 4: dreva8484 ($0.69 in chips) 
Seat 5: Lukas_YZ250F ($1 in chips) 
Seat 8: Dorex2007 ($2 in chips) 
Seat 9: javucho_2011 ($0.97 in chips) 
maksim-2003: posts small blind $0.01
dreva8484: posts big blind $0.02
tim660000: sits out 
*** HOLE CARDS ***
Dealt to Dorex2007 [Jc 2h]
Lukas_YZ250F: folds 
Dorex2007: folds 
javucho_2011: folds 
evil547: folds 
volodya7624: folds 
maksim-2003: folds 
Uncalled bet ($0.01) returned to dreva8484
dreva8484 collected $0.02 from pot
dreva8484: doesn't show hand 
*** SUMMARY ***
Total pot $0.02 | Rake $0 
Seat 1: evil547 folded before Flop (didn't bet)
Seat 2: volodya7624 (button) folded before Flop (didn't bet)
Seat 3: maksim-2003 (small blind) folded before Flop
Seat 4: dreva8484 (big blind) collected ($0.02)
Seat 5: Lukas_YZ250F folded before Flop (didn't bet)
Seat 8: Dorex2007 folded before Flop (didn't bet)
Seat 9: javucho_2011 folded before Flop (didn't bet)



PokerStars Hand #232942764393:  Hold'em No Limit ($0.01/$0.02 USD) - 2022/01/08 11:24:37 PT [2022/01/08 14:24:37 ET]
Table 'Sarir' 9-max Seat #3 is the button
Seat 1: evil547 ($1.73 in chips) 
Seat 2: volodya7624 ($1.86 in chips) 
Seat 3: maksim-2003 ($3.12 in chips) 
Seat 4: dreva8484 ($0.70 in chips) 
Seat 5: Lukas_YZ250F ($1 in chips) 
Seat 8: Dorex2007 ($2 in chips) 
Seat 9: javucho_2011 ($0.97 in chips) 
dreva8484: posts small blind $0.01
Lukas_YZ250F: posts big blind $0.02
tim660000: sits out 
*** HOLE CARDS ***
Dealt to Dorex2007 [Tc 6h]
Dorex2007: folds 
javucho_2011: folds 
evil547: folds 
volodya7624: folds 
maksim-2003: raises $0.05 to $0.07
dreva8484: folds 
Lukas_YZ250F: folds 
Uncalled bet ($0.05) returned to maksim-2003
maksim-2003 collected $0.05 from pot
maksim-2003: doesn't show hand 
*** SUMMARY ***
Total pot $0.05 | Rake $0 
Seat 1: evil547 folded before Flop (didn't bet)
Seat 2: volodya7624 folded before Flop (didn't bet)
Seat 3: maksim-2003 (button) collected ($0.05)
Seat 4: dreva8484 (small blind) folded before Flop
Seat 5: Lukas_YZ250F (big blind) folded before Flop
Seat 8: Dorex2007 folded before Flop (didn't bet)
Seat 9: javucho_2011 folded before Flop (didn't bet)



PokerStars Hand #232942777822:  Hold'em No Limit ($0.01/$0.02 USD) - 2022/01/08 11:24:58 PT [2022/01/08 14:24:58 ET]
Table 'Sarir' 9-max Seat #4 is the button
Seat 1: evil547 ($1.73 in chips) 
Seat 2: volodya7624 ($1.86 in chips) 
Seat 3: maksim-2003 ($3.15 in chips) 
Seat 4: dreva8484 ($0.69 in chips) 
Seat 5: Lukas_YZ250F ($0.98 in chips) 
Seat 7: tim660000 ($1.60 in chips) 
Seat 8: Dorex2007 ($2 in chips) 
Seat 9: javucho_2011 ($0.97 in chips) 
Lukas_YZ250F: posts small blind $0.01
tim660000: posts big blind $0.02
*** HOLE CARDS ***
Dealt to Dorex2007 [5c 8h]
Dorex2007: folds 
javucho_2011: folds 
evil547: folds 
volodya7624: folds 
maksim-2003: folds 
dreva8484: folds 
Lukas_YZ250F: raises $0.02 to $0.04
dreva8484 leaves the table
tim660000: calls $0.02
*** FLOP *** [5s Ad 2s]
Lukas_YZ250F: checks 
tim660000: bets $0.02
Lukas_YZ250F: raises $0.04 to $0.06
tim660000: folds 
Uncalled bet ($0.04) returned to Lukas_YZ250F
Lukas_YZ250F collected $0.12 from pot
Lukas_YZ250F: doesn't show hand 
*** SUMMARY ***
Total pot $0.12 | Rake $0 
Board [5s Ad 2s]
Seat 1: evil547 folded before Flop (didn't bet)
Seat 2: volodya7624 folded before Flop (didn't bet)
Seat 3: maksim-2003 folded before Flop (didn't bet)
Seat 4: dreva8484 (button) folded before Flop (didn't bet)
Seat 5: Lukas_YZ250F (small blind) collected ($0.12)
Seat 7: tim660000 (big blind) folded on the Flop
Seat 8: Dorex2007 folded before Flop (didn't bet)
Seat 9: javucho_2011 folded before Flop (didn't bet)



PokerStars Hand #232942808456:  Hold'em No Limit ($0.01/$0.02 USD) - 2022/01/08 11:25:46 PT [2022/01/08 14:25:46 ET]
Table 'Sarir' 9-max Seat #5 is the button
Seat 1: evil547 ($1.73 in chips) 
Seat 2: volodya7624 ($1.86 in chips) 
Seat 3: maksim-2003 ($3.15 in chips) 
Seat 5: Lukas_YZ250F ($1.04 in chips) 
Seat 7: tim660000 ($1.54 in chips) 
Seat 8: Dorex2007 ($2 in chips) 
Seat 9: javucho_2011 ($0.97 in chips) 
tim660000: posts small blind $0.01
Dorex2007: posts big blind $0.02
*** HOLE CARDS ***
Dealt to Dorex2007 [2d 5d]
javucho_2011: raises $0.04 to $0.06
evil547: folds 
volodya7624: folds 
maksim-2003: folds 
Lukas_YZ250F: raises $0.04 to $0.10
tim660000: folds 
Dorex2007: folds 
javucho_2011: calls $0.04
*** FLOP *** [Kd 2s 5s]
javucho_2011: checks 
Lukas_YZ250F: bets $0.14
Nhk50 joins the table at seat #4 
javucho_2011: folds 
Uncalled bet ($0.14) returned to Lukas_YZ250F
Lukas_YZ250F collected $0.22 from pot
Lukas_YZ250F: doesn't show hand 
*** SUMMARY ***
Total pot $0.23 | Rake $0.01 
Board [Kd 2s 5s]
Seat 1: evil547 folded before Flop (didn't bet)
Seat 2: volodya7624 folded before Flop (didn't bet)
Seat 3: maksim-2003 folded before Flop (didn't bet)
Seat 5: Lukas_YZ250F (button) collected ($0.22)
Seat 7: tim660000 (small blind) folded before Flop
Seat 8: Dorex2007 (big blind) folded before Flop
Seat 9: javucho_2011 folded on the Flop



PokerStars Hand #232942827183:  Hold'em No Limit ($0.01/$0.02 USD) - 2022/01/08 11:26:15 PT [2022/01/08 14:26:15 ET]
Table 'Sarir' 9-max Seat #7 is the button
Seat 1: evil547 ($1.73 in chips) 
Seat 2: volodya7624 ($1.86 in chips) 
Seat 3: maksim-2003 ($3.15 in chips) 
Seat 4: Nhk50 ($1.60 in chips) 
Seat 5: Lukas_YZ250F ($1.16 in chips) 
Seat 7: tim660000 ($1.53 in chips) 
Seat 8: Dorex2007 ($2 in chips) 
Seat 9: javucho_2011 ($0.87 in chips) 
Dorex2007: posts small blind $0.01
javucho_2011: posts big blind $0.02
Nhk50: posts big blind $0.02
*** HOLE CARDS ***
Dealt to Dorex2007 [2h 6d]
evil547: folds 
volodya7624: folds 
maksim-2003: folds 
Nhk50: raises $0.04 to $0.06
Lukas_YZ250F: folds 
tim660000: folds 
Dorex2007: folds 
javucho_2011: folds 
Uncalled bet ($0.04) returned to Nhk50
Nhk50 collected $0.05 from pot
*** SUMMARY ***
Total pot $0.05 | Rake $0 
Seat 1: evil547 folded before Flop (didn't bet)
Seat 2: volodya7624 folded before Flop (didn't bet)
Seat 3: maksim-2003 folded before Flop (didn't bet)
Seat 4: Nhk50 collected ($0.05)
Seat 5: Lukas_YZ250F folded before Flop (didn't bet)
Seat 7: tim660000 (button) folded before Flop (didn't bet)
Seat 8: Dorex2007 (small blind) folded before Flop
Seat 9: javucho_2011 (big blind) folded before Flop



PokerStars Hand #232942840672:  Hold'em No Limit ($0.01/$0.02 USD) - 2022/01/08 11:26:36 PT [2022/01/08 14:26:36 ET]
Table 'Sarir' 9-max Seat #8 is the button
Seat 1: evil547 ($1.73 in chips) 
Seat 2: volodya7624 ($1.86 in chips) 
Seat 3: maksim-2003 ($3.15 in chips) 
Seat 4: Nhk50 ($1.63 in chips) 
Seat 5: Lukas_YZ250F ($1.16 in chips) 
Seat 7: tim660000 ($1.53 in chips) 
Seat 8: Dorex2007 ($2 in chips) 
Seat 9: javucho_2011 ($0.85 in chips) 
javucho_2011: posts small blind $0.01
evil547: posts big blind $0.02
*** HOLE CARDS ***
Dealt to Dorex2007 [9h Js]
volodya7624: folds 
maksim-2003: folds 
Nhk50: calls $0.02
Lukas_YZ250F: folds 
volodya7624 leaves the table
tim660000: raises $0.02 to $0.04
Dorex2007: folds 
javucho_2011: folds 
Kudzu_Walker leaves the table
evil547: calls $0.02
Nhk50: calls $0.02
*** FLOP *** [7h 8c 9c]
evil547: checks 
Lymnhades joins the table at seat #6 
Nhk50: bets $0.07
tim660000: folds 
evil547: folds 
Uncalled bet ($0.07) returned to Nhk50
Nhk50 collected $0.13 from pot
carlos674820 joins the table at seat #2 
*** SUMMARY ***
Total pot $0.13 | Rake $0 
Board [7h 8c 9c]
Seat 1: evil547 (big blind) folded on the Flop
Seat 2: volodya7624 folded before Flop (didn't bet)
Seat 3: maksim-2003 folded before Flop (didn't bet)
Seat 4: Nhk50 collected ($0.13)
Seat 5: Lukas_YZ250F folded before Flop (didn't bet)
Seat 7: tim660000 folded on the Flop
Seat 8: Dorex2007 (button) folded before Flop (didn't bet)
Seat 9: javucho_2011 (small blind) folded before Flop



PokerStars Hand #232942864601:  Hold'em No Limit ($0.01/$0.02 USD) - 2022/01/08 11:27:14 PT [2022/01/08 14:27:14 ET]
Table 'Sarir' 9-max Seat #9 is the button
Seat 1: evil547 ($1.69 in chips) 
Seat 2: carlos674820 ($1.60 in chips) 
Seat 3: maksim-2003 ($3.15 in chips) 
Seat 4: Nhk50 ($1.72 in chips) 
Seat 5: Lukas_YZ250F ($1.16 in chips) 
Seat 7: tim660000 ($1.49 in chips) 
Seat 8: Dorex2007 ($2 in chips) 
Seat 9: javucho_2011 ($0.84 in chips) 
evil547: posts small blind $0.01
carlos674820: posts big blind $0.02
Lymnhades: sits out 
*** HOLE CARDS ***
Dealt to Dorex2007 [Ts 5h]
maksim-2003: calls $0.02
Nhk50: raises $0.08 to $0.10
Lukas_YZ250F: folds 
tim660000: folds 
Dorex2007: folds 
javucho_2011: folds 
evil547: folds 
carlos674820: folds 
maksim-2003: raises $0.23 to $0.33
Nhk50: folds 
Uncalled bet ($0.23) returned to maksim-2003
maksim-2003 collected $0.23 from pot
maksim-2003: doesn't show hand 
*** SUMMARY ***
Total pot $0.23 | Rake $0 
Seat 1: evil547 (small blind) folded before Flop
Seat 2: carlos674820 (big blind) folded before Flop
Seat 3: maksim-2003 collected ($0.23)
Seat 4: Nhk50 folded before Flop
Seat 5: Lukas_YZ250F folded before Flop (didn't bet)
Seat 7: tim660000 folded before Flop (didn't bet)
Seat 8: Dorex2007 folded before Flop (didn't bet)
Seat 9: javucho_2011 (button) folded before Flop (didn't bet)



PokerStars Hand #232942884989:  Hold'em No Limit ($0.01/$0.02 USD) - 2022/01/08 11:27:46 PT [2022/01/08 14:27:46 ET]
Table 'Sarir' 9-max Seat #1 is the button
Seat 1: evil547 ($1.68 in chips) 
Seat 2: carlos674820 ($1.58 in chips) 
Seat 3: maksim-2003 ($3.28 in chips) 
Seat 4: Nhk50 ($1.62 in chips) 
Seat 5: Lukas_YZ250F ($1.16 in chips) 
Seat 7: tim660000 ($1.49 in chips) 
Seat 8: Dorex2007 ($2 in chips) 
Seat 9: javucho_2011 ($0.84 in chips) 
carlos674820: posts small blind $0.01
maksim-2003: posts big blind $0.02
Lymnhades: sits out 
*** HOLE CARDS ***
Dealt to Dorex2007 [As 7c]
Nhk50: folds 
Lukas_YZ250F: folds 
tim660000: folds 
Dorex2007: folds 
javucho_2011: folds 
evil547: folds 
carlos674820: folds 
Uncalled bet ($0.01) returned to maksim-2003
maksim-2003 collected $0.02 from pot
maksim-2003: doesn't show hand 
*** SUMMARY ***
Total pot $0.02 | Rake $0 
Seat 1: evil547 (button) folded before Flop (didn't bet)
Seat 2: carlos674820 (small blind) folded before Flop
Seat 3: maksim-2003 (big blind) collected ($0.02)
Seat 4: Nhk50 folded before Flop (didn't bet)
Seat 5: Lukas_YZ250F folded before Flop (didn't bet)
Seat 7: tim660000 folded before Flop (didn't bet)
Seat 8: Dorex2007 folded before Flop (didn't bet)
Seat 9: javucho_2011 folded before Flop (didn't bet)



PokerStars Hand #232942893144:  Hold'em No Limit ($0.01/$0.02 USD) - 2022/01/08 11:27:59 PT [2022/01/08 14:27:59 ET]
Table 'Sarir' 9-max Seat #2 is the button
Seat 1: evil547 ($1.68 in chips) 
Seat 2: carlos674820 ($1.57 in chips) 
Seat 3: maksim-2003 ($3.29 in chips) 
Seat 4: Nhk50 ($1.62 in chips) 
Seat 5: Lukas_YZ250F ($1.16 in chips) 
Seat 7: tim660000 ($1.49 in chips) 
Seat 8: Dorex2007 ($2 in chips) 
Seat 9: javucho_2011 ($0.84 in chips) 
maksim-2003: posts small blind $0.01
Nhk50: posts big blind $0.02
Lymnhades: sits out 
*** HOLE CARDS ***
Dealt to Dorex2007 [9c 4c]
Lukas_YZ250F: folds 
tim660000: raises $0.02 to $0.04
Dorex2007: folds 
javucho_2011: folds 
evil547: folds 
carlos674820: folds 
maksim-2003: calls $0.03
Nhk50: calls $0.02
*** FLOP *** [6s Th Ks]
maksim-2003: checks 
Nhk50: checks 
tim660000: bets $0.06
maksim-2003: calls $0.06
Nhk50: folds 
*** TURN *** [6s Th Ks] [Qh]
maksim-2003: bets $0.15
tim660000: calls $0.15
*** RIVER *** [6s Th Ks Qh] [5s]
maksim-2003: bets $0.26
tim660000: calls $0.26
*** SHOW DOWN ***
maksim-2003: shows [6c 6d] (three of a kind, Sixes)
tim660000: shows [Qc Qd] (three of a kind, Queens)
tim660000 collected $1.02 from pot
*** SUMMARY ***
Total pot $1.06 | Rake $0.04 
Board [6s Th Ks Qh 5s]
Seat 1: evil547 folded before Flop (didn't bet)
Seat 2: carlos674820 (button) folded before Flop (didn't bet)
Seat 3: maksim-2003 (small blind) showed [6c 6d] and lost with three of a kind, Sixes
Seat 4: Nhk50 (big blind) folded on the Flop
Seat 5: Lukas_YZ250F folded before Flop (didn't bet)
Seat 7: tim660000 showed [Qc Qd] and won ($1.02) with three of a kind, Queens
Seat 8: Dorex2007 folded before Flop (didn't bet)
Seat 9: javucho_2011 folded before Flop (didn't bet)



PokerStars Hand #232942938962:  Hold'em No Limit ($0.01/$0.02 USD) - 2022/01/08 11:29:11 PT [2022/01/08 14:29:11 ET]
Table 'Sarir' 9-max Seat #3 is the button
Seat 1: evil547 ($1.68 in chips) 
Seat 2: carlos674820 ($1.57 in chips) 
Seat 3: maksim-2003 ($2.78 in chips) 
Seat 4: Nhk50 ($1.58 in chips) 
Seat 5: Lukas_YZ250F ($1.16 in chips) 
Seat 7: tim660000 ($2 in chips) 
Seat 8: Dorex2007 ($2 in chips) 
Seat 9: javucho_2011 ($0.84 in chips) 
Nhk50: posts small blind $0.01
Lukas_YZ250F: posts big blind $0.02
Lymnhades: sits out 
*** HOLE CARDS ***
Dealt to Dorex2007 [4s Kh]
tim660000: folds 
Dorex2007: folds 
javucho_2011: folds 
evil547: folds 
carlos674820: raises $0.04 to $0.06
maksim-2003: folds 
Nhk50: folds 
Lukas_YZ250F: calls $0.04
*** FLOP *** [8c Js 3s]
Lukas_YZ250F: checks 
carlos674820: bets $0.07
Lukas_YZ250F: folds 
Uncalled bet ($0.07) returned to carlos674820
carlos674820 collected $0.13 from pot
carlos674820: doesn't show hand 
*** SUMMARY ***
Total pot $0.13 | Rake $0 
Board [8c Js 3s]
Seat 1: evil547 folded before Flop (didn't bet)
Seat 2: carlos674820 collected ($0.13)
Seat 3: maksim-2003 (button) folded before Flop (didn't bet)
Seat 4: Nhk50 (small blind) folded before Flop
Seat 5: Lukas_YZ250F (big blind) folded on the Flop
Seat 7: tim660000 folded before Flop (didn't bet)
Seat 8: Dorex2007 folded before Flop (didn't bet)
Seat 9: javucho_2011 folded before Flop (didn't bet)



PokerStars Hand #232942961316:  Hold'em No Limit ($0.01/$0.02 USD) - 2022/01/08 11:29:46 PT [2022/01/08 14:29:46 ET]
Table 'Sarir' 9-max Seat #4 is the button
Seat 1: evil547 ($1.68 in chips) 
Seat 2: carlos674820 ($1.64 in chips) 
Seat 3: maksim-2003 ($2.78 in chips) 
Seat 4: Nhk50 ($1.57 in chips) 
Seat 5: Lukas_YZ250F ($1.10 in chips) 
Seat 6: Lymnhades ($2 in chips) 
Seat 7: tim660000 ($2 in chips) 
Seat 8: Dorex2007 ($2 in chips) 
Seat 9: javucho_2011 ($0.84 in chips) 
Lukas_YZ250F: posts small blind $0.01
Lymnhades: posts big blind $0.02
*** HOLE CARDS ***
Dealt to Dorex2007 [8d 9h]
tim660000: folds 
Dorex2007: folds 
javucho_2011: folds 
evil547: folds 
carlos674820: folds 
maksim-2003: folds 
Nhk50: calls $0.02
Lukas_YZ250F: calls $0.01
Lymnhades: checks 
*** FLOP *** [6d Td 2c]
Lukas_YZ250F: bets $0.04
Lymnhades: calls $0.04
Nhk50: folds 
*** TURN *** [6d Td 2c] [4c]
Lukas_YZ250F: checks 
Lymnhades: checks 
*** RIVER *** [6d Td 2c 4c] [Th]
Lukas_YZ250F: bets $0.08
Lymnhades: folds 
Uncalled bet ($0.08) returned to Lukas_YZ250F
Lukas_YZ250F collected $0.14 from pot
Lukas_YZ250F: doesn't show hand 
*** SUMMARY ***
Total pot $0.14 | Rake $0 
Board [6d Td 2c 4c Th]
Seat 1: evil547 folded before Flop (didn't bet)
Seat 2: carlos674820 folded before Flop (didn't bet)
Seat 3: maksim-2003 folded before Flop (didn't bet)
Seat 4: Nhk50 (button) folded on the Flop
Seat 5: Lukas_YZ250F (small blind) collected ($0.14)
Seat 6: Lymnhades (big blind) folded on the River
Seat 7: tim660000 folded before Flop (didn't bet)
Seat 8: Dorex2007 folded before Flop (didn't bet)
Seat 9: javucho_2011 folded before Flop (didn't bet)



PokerStars Hand #232942995413:  Hold'em No Limit ($0.01/$0.02 USD) - 2022/01/08 11:30:39 PT [2022/01/08 14:30:39 ET]
Table 'Sarir' 9-max Seat #5 is the button
Seat 1: evil547 ($1.68 in chips) 
Seat 2: carlos674820 ($1.64 in chips) 
Seat 3: maksim-2003 ($2.78 in chips) 
Seat 4: Nhk50 ($1.55 in chips) 
Seat 5: Lukas_YZ250F ($1.18 in chips) 
Seat 6: Lymnhades ($1.94 in chips) 
Seat 7: tim660000 ($2 in chips) 
Seat 8: Dorex2007 ($2 in chips) 
Seat 9: javucho_2011 ($0.84 in chips) 
Lymnhades: posts small blind $0.01
tim660000: posts big blind $0.02
*** HOLE CARDS ***
Dealt to Dorex2007 [4h 8h]
Dorex2007: folds 
javucho_2011: folds 
evil547: folds 
carlos674820: folds 
maksim-2003: folds 
Nhk50: folds 
Lukas_YZ250F: folds 
Lymnhades: folds 
Uncalled bet ($0.01) returned to tim660000
tim660000 collected $0.02 from pot
tim660000: doesn't show hand 
*** SUMMARY ***
Total pot $0.02 | Rake $0 
Seat 1: evil547 folded before Flop (didn't bet)
Seat 2: carlos674820 folded before Flop (didn't bet)
Seat 3: maksim-2003 folded before Flop (didn't bet)
Seat 4: Nhk50 folded before Flop (didn't bet)
Seat 5: Lukas_YZ250F (button) folded before Flop (didn't bet)
Seat 6: Lymnhades (small blind) folded before Flop
Seat 7: tim660000 (big blind) collected ($0.02)
Seat 8: Dorex2007 folded before Flop (didn't bet)
Seat 9: javucho_2011 folded before Flop (didn't bet)



PokerStars Hand #232943003650:  Hold'em No Limit ($0.01/$0.02 USD) - 2022/01/08 11:30:51 PT [2022/01/08 14:30:51 ET]
Table 'Sarir' 9-max Seat #6 is the button
Seat 1: evil547 ($1.68 in chips) 
Seat 2: carlos674820 ($1.64 in chips) 
Seat 3: maksim-2003 ($2.78 in chips) 
Seat 4: Nhk50 ($1.55 in chips) 
Seat 5: Lukas_YZ250F ($1.18 in chips) 
Seat 6: Lymnhades ($1.93 in chips) 
Seat 7: tim660000 ($2.01 in chips) 
Seat 8: Dorex2007 ($2 in chips) 
Seat 9: javucho_2011 ($0.84 in chips) 
tim660000: posts small blind $0.01
Dorex2007: posts big blind $0.02
*** HOLE CARDS ***
Dealt to Dorex2007 [9s Th]
javucho_2011: folds 
evil547: folds 
carlos674820: calls $0.02
maksim-2003: folds 
Nhk50: raises $0.04 to $0.06
Lukas_YZ250F: folds 
Lymnhades: folds 
tim660000: folds 
Dorex2007: folds 
carlos674820: calls $0.04
*** FLOP *** [6d 4d 3d]
carlos674820: checks 
Nhk50: checks 
*** TURN *** [6d 4d 3d] [4s]
carlos674820: checks 
Nhk50: checks 
*** RIVER *** [6d 4d 3d 4s] [4h]
carlos674820: checks 
Nhk50: checks 
*** SHOW DOWN ***
carlos674820: shows [3h 3s] (a full house, Fours full of Threes)
Nhk50: mucks hand 
carlos674820 collected $0.14 from pot
*** SUMMARY ***
Total pot $0.15 | Rake $0.01 
Board [6d 4d 3d 4s 4h]
Seat 1: evil547 folded before Flop (didn't bet)
Seat 2: carlos674820 showed [3h 3s] and won ($0.14) with a full house, Fours full of Threes
Seat 3: maksim-2003 folded before Flop (didn't bet)
Seat 4: Nhk50 mucked [Ah Ts]
Seat 5: Lukas_YZ250F folded before Flop (didn't bet)
Seat 6: Lymnhades (button) folded before Flop (didn't bet)
Seat 7: tim660000 (small blind) folded before Flop
Seat 8: Dorex2007 (big blind) folded before Flop
Seat 9: javucho_2011 folded before Flop (didn't bet)



PokerStars Hand #232943025493:  Hold'em No Limit ($0.01/$0.02 USD) - 2022/01/08 11:31:25 PT [2022/01/08 14:31:25 ET]
Table 'Sarir' 9-max Seat #7 is the button
Seat 1: evil547 ($1.68 in chips) 
Seat 2: carlos674820 ($1.72 in chips) 
Seat 3: maksim-2003 ($2.78 in chips) 
Seat 4: Nhk50 ($1.49 in chips) 
Seat 5: Lukas_YZ250F ($1.18 in chips) 
Seat 6: Lymnhades ($1.93 in chips) 
Seat 7: tim660000 ($2 in chips) 
Seat 8: Dorex2007 ($2 in chips) 
Seat 9: javucho_2011 ($0.84 in chips) 
Dorex2007: posts small blind $0.01
javucho_2011: posts big blind $0.02
*** HOLE CARDS ***
Dealt to Dorex2007 [3h 9c]
evil547: folds 
carlos674820: raises $0.04 to $0.06
maksim-2003: folds 
Nhk50: folds 
Lukas_YZ250F: folds 
Lymnhades: folds 
tim660000: calls $0.06
Dorex2007: folds 
javucho_2011: folds 
*** FLOP *** [Ad As 7h]
carlos674820: bets $0.07
tim660000: folds 
Uncalled bet ($0.07) returned to carlos674820
carlos674820 collected $0.14 from pot
carlos674820: doesn't show hand 
*** SUMMARY ***
Total pot $0.15 | Rake $0.01 
Board [Ad As 7h]
Seat 1: evil547 folded before Flop (didn't bet)
Seat 2: carlos674820 collected ($0.14)
Seat 3: maksim-2003 folded before Flop (didn't bet)
Seat 4: Nhk50 folded before Flop (didn't bet)
Seat 5: Lukas_YZ250F folded before Flop (didn't bet)
Seat 6: Lymnhades folded before Flop (didn't bet)
Seat 7: tim660000 (button) folded on the Flop
Seat 8: Dorex2007 (small blind) folded before Flop
Seat 9: javucho_2011 (big blind) folded before Flop



PokerStars Hand #232943049881:  Hold'em No Limit ($0.01/$0.02 USD) - 2022/01/08 11:32:03 PT [2022/01/08 14:32:03 ET]
Table 'Sarir' 9-max Seat #8 is the button
Seat 1: evil547 ($1.68 in chips) 
Seat 2: carlos674820 ($1.80 in chips) 
Seat 3: maksim-2003 ($2.78 in chips) 
Seat 4: Nhk50 ($1.49 in chips) 
Seat 5: Lukas_YZ250F ($1.18 in chips) 
Seat 6: Lymnhades ($1.93 in chips) 
Seat 7: tim660000 ($1.94 in chips) 
Seat 8: Dorex2007 ($2 in chips) 
Seat 9: javucho_2011 ($0.82 in chips) 
javucho_2011: posts small blind $0.01
evil547: posts big blind $0.02
*** HOLE CARDS ***
Dealt to Dorex2007 [7d 3c]
carlos674820: folds 
maksim-2003: folds 
Nhk50: calls $0.02
Lukas_YZ250F: folds 
Lymnhades: folds 
tim660000: folds 
Dorex2007: folds 
javucho_2011: raises $0.06 to $0.08
evil547: calls $0.06
Nhk50: folds 
*** FLOP *** [7c Jd 9h]
javucho_2011: bets $0.08
evil547: calls $0.08
*** TURN *** [7c Jd 9h] [Kc]
javucho_2011: bets $0.08
evil547: calls $0.08
*** RIVER *** [7c Jd 9h Kc] [2d]
javucho_2011: checks 
evil547: bets $0.24
javucho_2011: calls $0.24
*** SHOW DOWN ***
evil547: shows [Ts Kd] (a pair of Kings)
javucho_2011: mucks hand 
evil547 collected $0.94 from pot
*** SUMMARY ***
Total pot $0.98 | Rake $0.04 
Board [7c Jd 9h Kc 2d]
Seat 1: evil547 (big blind) showed [Ts Kd] and won ($0.94) with a pair of Kings
Seat 2: carlos674820 folded before Flop (didn't bet)
Seat 3: maksim-2003 folded before Flop (didn't bet)
Seat 4: Nhk50 folded before Flop
Seat 5: Lukas_YZ250F folded before Flop (didn't bet)
Seat 6: Lymnhades folded before Flop (didn't bet)
Seat 7: tim660000 folded before Flop (didn't bet)
Seat 8: Dorex2007 (button) folded before Flop (didn't bet)
Seat 9: javucho_2011 (small blind) mucked [Qh Qc]



PokerStars Hand #232943098040:  Hold'em No Limit ($0.01/$0.02 USD) - 2022/01/08 11:33:17 PT [2022/01/08 14:33:17 ET]
Table 'Sarir' 9-max Seat #9 is the button
Seat 1: evil547 ($2.14 in chips) 
Seat 2: carlos674820 ($1.80 in chips) 
Seat 3: maksim-2003 ($2.78 in chips) 
Seat 4: Nhk50 ($1.47 in chips) 
Seat 5: Lukas_YZ250F ($1.18 in chips) 
Seat 6: Lymnhades ($1.93 in chips) 
Seat 7: tim660000 ($1.94 in chips) 
Seat 8: Dorex2007 ($2 in chips) 
Seat 9: javucho_2011 ($0.34 in chips) 
evil547: posts small blind $0.01
carlos674820: posts big blind $0.02
*** HOLE CARDS ***
Dealt to Dorex2007 [Qh 4s]
maksim-2003: folds 
Nhk50: folds 
Lukas_YZ250F: raises $0.02 to $0.04
Lymnhades: folds 
tim660000: folds 
Dorex2007: folds 
javucho_2011: folds 
evil547: folds 
carlos674820: raises $0.09 to $0.13
Lukas_YZ250F: calls $0.09
*** FLOP *** [2h Jd 4h]
carlos674820: bets $0.13
Lukas_YZ250F: folds 
Uncalled bet ($0.13) returned to carlos674820
carlos674820 collected $0.26 from pot
carlos674820: doesn't show hand 
*** SUMMARY ***
Total pot $0.27 | Rake $0.01 
Board [2h Jd 4h]
Seat 1: evil547 (small blind) folded before Flop
Seat 2: carlos674820 (big blind) collected ($0.26)
Seat 3: maksim-2003 folded before Flop (didn't bet)
Seat 4: Nhk50 folded before Flop (didn't bet)
Seat 5: Lukas_YZ250F folded on the Flop
Seat 6: Lymnhades folded before Flop (didn't bet)
Seat 7: tim660000 folded before Flop (didn't bet)
Seat 8: Dorex2007 folded before Flop (didn't bet)
Seat 9: javucho_2011 (button) folded before Flop (didn't bet)



PokerStars Hand #232943119120:  Hold'em No Limit ($0.01/$0.02 USD) - 2022/01/08 11:33:50 PT [2022/01/08 14:33:50 ET]
Table 'Sarir' 9-max Seat #1 is the button
Seat 1: evil547 ($2.13 in chips) 
Seat 2: carlos674820 ($1.93 in chips) 
Seat 3: maksim-2003 ($2.78 in chips) 
Seat 4: Nhk50 ($1.47 in chips) 
Seat 5: Lukas_YZ250F ($1.05 in chips) 
Seat 6: Lymnhades ($1.93 in chips) 
Seat 7: tim660000 ($1.94 in chips) 
Seat 8: Dorex2007 ($2 in chips) 
Seat 9: javucho_2011 ($1.32 in chips) 
carlos674820: posts small blind $0.01
maksim-2003: posts big blind $0.02
*** HOLE CARDS ***
Dealt to Dorex2007 [2c Tc]
Nhk50: calls $0.02
Lukas_YZ250F: folds 
Lymnhades: folds 
tim660000: folds 
Dorex2007: folds 
javucho_2011: folds 
evil547: folds 
carlos674820: raises $0.04 to $0.06
maksim-2003: folds 
Nhk50: calls $0.04
*** FLOP *** [As Qc Qh]
carlos674820: bets $0.07
Nhk50: calls $0.07
*** TURN *** [As Qc Qh] [Td]
carlos674820: checks 
Nhk50: bets $0.10
carlos674820: calls $0.10
*** RIVER *** [As Qc Qh Td] [Jd]
carlos674820: checks 
Nhk50: checks 
*** SHOW DOWN ***
carlos674820: shows [Ac Ks] (a straight, Ten to Ace)
Nhk50: mucks hand 
carlos674820 collected $0.46 from pot
*** SUMMARY ***
Total pot $0.48 | Rake $0.02 
Board [As Qc Qh Td Jd]
Seat 1: evil547 (button) folded before Flop (didn't bet)
Seat 2: carlos674820 (small blind) showed [Ac Ks] and won ($0.46) with a straight, Ten to Ace
Seat 3: maksim-2003 (big blind) folded before Flop
Seat 4: Nhk50 mucked [5s Qs]
Seat 5: Lukas_YZ250F folded before Flop (didn't bet)
Seat 6: Lymnhades folded before Flop (didn't bet)
Seat 7: tim660000 folded before Flop (didn't bet)
Seat 8: Dorex2007 folded before Flop (didn't bet)
Seat 9: javucho_2011 folded before Flop (didn't bet)



PokerStars Hand #232943149486:  Hold'em No Limit ($0.01/$0.02 USD) - 2022/01/08 11:34:38 PT [2022/01/08 14:34:38 ET]
Table 'Sarir' 9-max Seat #2 is the button
Seat 1: evil547 ($2.13 in chips) 
Seat 2: carlos674820 ($2.16 in chips) 
Seat 3: maksim-2003 ($2.76 in chips) 
Seat 4: Nhk50 ($1.24 in chips) 
Seat 5: Lukas_YZ250F ($1.05 in chips) 
Seat 6: Lymnhades ($1.93 in chips) 
Seat 7: tim660000 ($1.94 in chips) 
Seat 8: Dorex2007 ($2 in chips) 
Seat 9: javucho_2011 ($1.32 in chips) 
maksim-2003: posts small blind $0.01
Nhk50: posts big blind $0.02
*** HOLE CARDS ***
Dealt to Dorex2007 [5c 5s]
Lukas_YZ250F has timed out
Lukas_YZ250F: folds 
Lymnhades: folds 
tim660000: calls $0.02
Dorex2007: calls $0.02
javucho_2011: folds 
evil547: folds 
carlos674820: folds 
maksim-2003: calls $0.01
Nhk50: checks 
*** FLOP *** [2d 2c 2s]
maksim-2003: checks 
Nhk50: checks 
tim660000: bets $0.02
Dorex2007: raises $0.08 to $0.10
maksim-2003: folds 
Nhk50: folds 
tim660000: calls $0.08
*** TURN *** [2d 2c 2s] [8h]
tim660000: checks 
Dorex2007: bets $0.14
tim660000: calls $0.14
*** RIVER *** [2d 2c 2s 8h] [8d]
tim660000: checks 
Dorex2007: bets $1.74 and is all-in
tim660000: folds 
Uncalled bet ($1.74) returned to Dorex2007
Dorex2007 collected $0.54 from pot
Dorex2007: doesn't show hand 
*** SUMMARY ***
Total pot $0.56 | Rake $0.02 
Board [2d 2c 2s 8h 8d]
Seat 1: evil547 folded before Flop (didn't bet)
Seat 2: carlos674820 (button) folded before Flop (didn't bet)
Seat 3: maksim-2003 (small blind) folded on the Flop
Seat 4: Nhk50 (big blind) folded on the Flop
Seat 5: Lukas_YZ250F folded before Flop (didn't bet)
Seat 6: Lymnhades folded before Flop (didn't bet)
Seat 7: tim660000 folded on the River
Seat 8: Dorex2007 collected ($0.54)
Seat 9: javucho_2011 folded before Flop (didn't bet)



PokerStars Hand #232943201268:  Hold'em No Limit ($0.01/$0.02 USD) - 2022/01/08 11:35:58 PT [2022/01/08 14:35:58 ET]
Table 'Sarir' 9-max Seat #3 is the button
Seat 1: evil547 ($2.13 in chips) 
Seat 2: carlos674820 ($2.16 in chips) 
Seat 3: maksim-2003 ($2.74 in chips) 
Seat 4: Nhk50 ($1.22 in chips) 
Seat 6: Lymnhades ($1.93 in chips) 
Seat 7: tim660000 ($1.68 in chips) 
Seat 8: Dorex2007 ($2.28 in chips) 
Seat 9: javucho_2011 ($1.32 in chips) 
Nhk50: posts small blind $0.01
Lymnhades: posts big blind $0.02
*** HOLE CARDS ***
Dealt to Dorex2007 [6c 7c]
tim660000: folds 
Dorex2007: folds 
javucho_2011: folds 
evil547: folds 
carlos674820: folds 
maksim-2003: folds 
Nhk50: calls $0.01
Lymnhades: checks 
*** FLOP *** [Td 6d Ks]
Nhk50: checks 
Lymnhades: checks 
*** TURN *** [Td 6d Ks] [6h]
Nhk50: bets $0.02
Lymnhades: calls $0.02
*** RIVER *** [Td 6d Ks 6h] [2h]
Nhk50: checks 
Lymnhades: bets $0.04
Nhk50: folds 
Uncalled bet ($0.04) returned to Lymnhades
Lymnhades collected $0.08 from pot
Lymnhades: doesn't show hand 
*** SUMMARY ***
Total pot $0.08 | Rake $0 
Board [Td 6d Ks 6h 2h]
Seat 1: evil547 folded before Flop (didn't bet)
Seat 2: carlos674820 folded before Flop (didn't bet)
Seat 3: maksim-2003 (button) folded before Flop (didn't bet)
Seat 4: Nhk50 (small blind) folded on the River
Seat 6: Lymnhades (big blind) collected ($0.08)
Seat 7: tim660000 folded before Flop (didn't bet)
Seat 8: Dorex2007 folded before Flop (didn't bet)
Seat 9: javucho_2011 folded before Flop (didn't bet)



PokerStars Hand #232943244711:  Hold'em No Limit ($0.01/$0.02 USD) - 2022/01/08 11:37:06 PT [2022/01/08 14:37:06 ET]
Table 'Sarir' 9-max Seat #4 is the button
Seat 1: evil547 ($2.13 in chips) 
Seat 2: carlos674820 ($2.16 in chips) 
Seat 3: maksim-2003 ($2.74 in chips) 
Seat 4: Nhk50 ($1.18 in chips) 
Seat 6: Lymnhades ($1.97 in chips) 
Seat 7: tim660000 ($1.68 in chips) 
Seat 8: Dorex2007 ($2.28 in chips) 
Seat 9: javucho_2011 ($1.32 in chips) 
Lymnhades: posts small blind $0.01
tim660000: posts big blind $0.02
*** HOLE CARDS ***
Dealt to Dorex2007 [As 5c]
Dorex2007: folds 
javucho_2011: folds 
evil547: folds 
carlos674820: folds 
maksim-2003: folds 
Nhk50: folds 
Lymnhades: calls $0.01
tim660000: raises $0.02 to $0.04
Lymnhades: folds 
Uncalled bet ($0.02) returned to tim660000
tim660000 collected $0.04 from pot
tim660000: doesn't show hand 
*** SUMMARY ***
Total pot $0.04 | Rake $0 
Seat 1: evil547 folded before Flop (didn't bet)
Seat 2: carlos674820 folded before Flop (didn't bet)
Seat 3: maksim-2003 folded before Flop (didn't bet)
Seat 4: Nhk50 (button) folded before Flop (didn't bet)
Seat 6: Lymnhades (small blind) folded before Flop
Seat 7: tim660000 (big blind) collected ($0.04)
Seat 8: Dorex2007 folded before Flop (didn't bet)
Seat 9: javucho_2011 folded before Flop (didn't bet)



PokerStars Hand #232943262855:  Hold'em No Limit ($0.01/$0.02 USD) - 2022/01/08 11:37:34 PT [2022/01/08 14:37:34 ET]
Table 'Sarir' 9-max Seat #6 is the button
Seat 1: evil547 ($2.13 in chips) 
Seat 2: carlos674820 ($2.16 in chips) 
Seat 3: maksim-2003 ($2.74 in chips) 
Seat 4: Nhk50 ($1.18 in chips) 
Seat 6: Lymnhades ($1.95 in chips) 
Seat 7: tim660000 ($1.70 in chips) 
Seat 8: Dorex2007 ($2.28 in chips) 
Seat 9: javucho_2011 ($1.32 in chips) 
tim660000: posts small blind $0.01
Dorex2007: posts big blind $0.02
*** HOLE CARDS ***
Dealt to Dorex2007 [Qd 4s]
javucho_2011: calls $0.02
evil547: folds 
carlos674820: folds 
maksim-2003: folds 
Nhk50: folds 
Lymnhades: folds 
tim660000: folds 
Dorex2007: checks 
*** FLOP *** [2d Qs 9s]
Dorex2007: checks 
javucho_2011: bets $0.06
Dorex2007: calls $0.06
*** TURN *** [2d Qs 9s] [Kc]
Dorex2007: checks 
javucho_2011: checks 
*** RIVER *** [2d Qs 9s Kc] [Th]
Dorex2007: bets $0.08
javucho_2011: folds 
Uncalled bet ($0.08) returned to Dorex2007
Dorex2007 collected $0.16 from pot
Dorex2007: doesn't show hand 
*** SUMMARY ***
Total pot $0.17 | Rake $0.01 
Board [2d Qs 9s Kc Th]
Seat 1: evil547 folded before Flop (didn't bet)
Seat 2: carlos674820 folded before Flop (didn't bet)
Seat 3: maksim-2003 folded before Flop (didn't bet)
Seat 4: Nhk50 folded before Flop (didn't bet)
Seat 6: Lymnhades (button) folded before Flop (didn't bet)
Seat 7: tim660000 (small blind) folded before Flop
Seat 8: Dorex2007 (big blind) collected ($0.16)
Seat 9: javucho_2011 folded on the River



PokerStars Hand #232943294081:  Hold'em No Limit ($0.01/$0.02 USD) - 2022/01/08 11:38:23 PT [2022/01/08 14:38:23 ET]
Table 'Sarir' 9-max Seat #7 is the button
Seat 1: evil547 ($2.13 in chips) 
Seat 2: carlos674820 ($2.16 in chips) 
Seat 3: maksim-2003 ($2.74 in chips) 
Seat 4: Nhk50 ($1.18 in chips) 
Seat 6: Lymnhades ($1.95 in chips) 
Seat 7: tim660000 ($1.69 in chips) 
Seat 8: Dorex2007 ($2.36 in chips) 
Seat 9: javucho_2011 ($1.24 in chips) 
Dorex2007: posts small blind $0.01
javucho_2011: posts big blind $0.02
Lukas_YZ250F: sits out 
*** HOLE CARDS ***
Dealt to Dorex2007 [5c 5s]
evil547: folds 
carlos674820: folds 
maksim-2003: raises $0.05 to $0.07
Nhk50: folds 
Lymnhades: folds 
tim660000: folds 
Dorex2007: folds 
javucho_2011: folds 
Uncalled bet ($0.05) returned to maksim-2003
maksim-2003 collected $0.05 from pot
maksim-2003: doesn't show hand 
*** SUMMARY ***
Total pot $0.05 | Rake $0 
Seat 1: evil547 folded before Flop (didn't bet)
Seat 2: carlos674820 folded before Flop (didn't bet)
Seat 3: maksim-2003 collected ($0.05)
Seat 4: Nhk50 folded before Flop (didn't bet)
Seat 6: Lymnhades folded before Flop (didn't bet)
Seat 7: tim660000 (button) folded before Flop (didn't bet)
Seat 8: Dorex2007 (small blind) folded before Flop
Seat 9: javucho_2011 (big blind) folded before Flop



PokerStars Hand #232943304076:  Hold'em No Limit ($0.01/$0.02 USD) - 2022/01/08 11:38:37 PT [2022/01/08 14:38:37 ET]
Table 'Sarir' 9-max Seat #8 is the button
Seat 2: carlos674820 ($2.16 in chips) 
Seat 3: maksim-2003 ($2.77 in chips) 
Seat 4: Nhk50 ($1.18 in chips) 
Seat 6: Lymnhades ($1.95 in chips) 
Seat 7: tim660000 ($1.69 in chips) 
Seat 8: Dorex2007 ($2.35 in chips) 
Seat 9: javucho_2011 ($1.22 in chips) 
javucho_2011: posts small blind $0.01
evil547: is sitting out 
carlos674820: posts big blind $0.02
Lukas_YZ250F: sits out 
*** HOLE CARDS ***
Dealt to Dorex2007 [Th 7c]
maksim-2003: folds 
Nhk50: folds 
evil547 leaves the table
Lymnhades: folds 
tim660000: raises $0.04 to $0.06
Dorex2007: folds 
javucho_2011: folds 
carlos674820: folds 
Uncalled bet ($0.04) returned to tim660000
tim660000 collected $0.05 from pot
tim660000: doesn't show hand 
*** SUMMARY ***
Total pot $0.05 | Rake $0 
Seat 2: carlos674820 (big blind) folded before Flop
Seat 3: maksim-2003 folded before Flop (didn't bet)
Seat 4: Nhk50 folded before Flop (didn't bet)
Seat 6: Lymnhades folded before Flop (didn't bet)
Seat 7: tim660000 collected ($0.05)
Seat 8: Dorex2007 (button) folded before Flop (didn't bet)
Seat 9: javucho_2011 (small blind) folded before Flop



PokerStars Hand #232943314456:  Hold'em No Limit ($0.01/$0.02 USD) - 2022/01/08 11:38:54 PT [2022/01/08 14:38:54 ET]
Table 'Sarir' 9-max Seat #9 is the button
Seat 2: carlos674820 ($2.14 in chips) 
Seat 3: maksim-2003 ($2.77 in chips) 
Seat 4: Nhk50 ($1.18 in chips) 
Seat 6: Lymnhades ($1.95 in chips) 
Seat 7: tim660000 ($1.72 in chips) 
Seat 8: Dorex2007 ($2.35 in chips) 
Seat 9: javucho_2011 ($1.21 in chips) 
carlos674820: posts small blind $0.01
maksim-2003: posts big blind $0.02
Lukas_YZ250F: sits out 
*** HOLE CARDS ***
Dealt to Dorex2007 [As Kc]
Nhk50: folds 
Lymnhades: folds 
newvirtuoz24 joins the table at seat #1 
tim660000: folds 
Dorex2007: raises $0.02 to $0.04
javucho_2011: folds 
carlos674820: folds 
maksim-2003: folds 
Uncalled bet ($0.02) returned to Dorex2007
Dorex2007 collected $0.05 from pot
Dorex2007: doesn't show hand 
*** SUMMARY ***
Total pot $0.05 | Rake $0 
Seat 2: carlos674820 (small blind) folded before Flop
Seat 3: maksim-2003 (big blind) folded before Flop
Seat 4: Nhk50 folded before Flop (didn't bet)
Seat 6: Lymnhades folded before Flop (didn't bet)
Seat 7: tim660000 folded before Flop (didn't bet)
Seat 8: Dorex2007 collected ($0.05)
Seat 9: javucho_2011 (button) folded before Flop (didn't bet)



PokerStars Hand #232943327054:  Hold'em No Limit ($0.01/$0.02 USD) - 2022/01/08 11:39:13 PT [2022/01/08 14:39:13 ET]
Table 'Sarir' 9-max Seat #2 is the button
Seat 2: carlos674820 ($2.13 in chips) 
Seat 3: maksim-2003 ($2.75 in chips) 
Seat 4: Nhk50 ($1.18 in chips) 
Seat 6: Lymnhades ($1.95 in chips) 
Seat 7: tim660000 ($1.72 in chips) 
Seat 8: Dorex2007 ($2.38 in chips) 
Seat 9: javucho_2011 ($1.21 in chips) 
maksim-2003: posts small blind $0.01
Nhk50: posts big blind $0.02
Lukas_YZ250F: sits out 
newvirtuoz24: sits out 
*** HOLE CARDS ***
Dealt to Dorex2007 [As 9c]
Lymnhades: folds 
tim660000: folds 
Dorex2007: folds 
javucho_2011: folds 
carlos674820: folds 
maksim-2003: calls $0.01
Nhk50: raises $0.04 to $0.06
maksim-2003: folds 
Uncalled bet ($0.04) returned to Nhk50
Nhk50 collected $0.04 from pot
*** SUMMARY ***
Total pot $0.04 | Rake $0 
Seat 2: carlos674820 (button) folded before Flop (didn't bet)
Seat 3: maksim-2003 (small blind) folded before Flop
Seat 4: Nhk50 (big blind) collected ($0.04)
Seat 6: Lymnhades folded before Flop (didn't bet)
Seat 7: tim660000 folded before Flop (didn't bet)
Seat 8: Dorex2007 folded before Flop (didn't bet)
Seat 9: javucho_2011 folded before Flop (didn't bet)



PokerStars Hand #232943340398:  Hold'em No Limit ($0.01/$0.02 USD) - 2022/01/08 11:39:34 PT [2022/01/08 14:39:34 ET]
Table 'Sarir' 9-max Seat #3 is the button
Seat 2: carlos674820 ($2.13 in chips) 
Seat 3: maksim-2003 ($2.73 in chips) 
Seat 4: Nhk50 ($1.20 in chips) 
Seat 5: Lukas_YZ250F ($1.05 in chips) 
Seat 6: Lymnhades ($1.95 in chips) 
Seat 7: tim660000 ($1.72 in chips) 
Seat 8: Dorex2007 ($2.38 in chips) 
Seat 9: javucho_2011 ($1.21 in chips) 
Nhk50: posts small blind $0.01
Lukas_YZ250F: posts big blind $0.02
newvirtuoz24: sits out 
*** HOLE CARDS ***
Dealt to Dorex2007 [3h 2s]
Lymnhades: folds 
tim660000: calls $0.02
Dorex2007: folds 
javucho_2011: folds 
carlos674820: folds 
maksim-2003: calls $0.02
Nhk50: calls $0.01
Lukas_YZ250F: checks 
*** FLOP *** [Ad 7c 2d]
Nhk50: checks 
Lukas_YZ250F: checks 
tim660000: bets $0.04
maksim-2003: folds 
Nhk50: folds 
Lukas_YZ250F: folds 
Uncalled bet ($0.04) returned to tim660000
tim660000 collected $0.08 from pot
tim660000: doesn't show hand 
*** SUMMARY ***
Total pot $0.08 | Rake $0 
Board [Ad 7c 2d]
Seat 2: carlos674820 folded before Flop (didn't bet)
Seat 3: maksim-2003 (button) folded on the Flop
Seat 4: Nhk50 (small blind) folded on the Flop
Seat 5: Lukas_YZ250F (big blind) folded on the Flop
Seat 6: Lymnhades folded before Flop (didn't bet)
Seat 7: tim660000 collected ($0.08)
Seat 8: Dorex2007 folded before Flop (didn't bet)
Seat 9: javucho_2011 folded before Flop (didn't bet)



PokerStars Hand #232943362014:  Hold'em No Limit ($0.01/$0.02 USD) - 2022/01/08 11:40:07 PT [2022/01/08 14:40:07 ET]
Table 'Sarir' 9-max Seat #4 is the button
Seat 2: carlos674820 ($2.13 in chips) 
Seat 3: maksim-2003 ($2.71 in chips) 
Seat 4: Nhk50 ($1.18 in chips) 
Seat 5: Lukas_YZ250F ($1.03 in chips) 
Seat 6: Lymnhades ($1.95 in chips) 
Seat 7: tim660000 ($1.78 in chips) 
Seat 8: Dorex2007 ($2.38 in chips) 
Seat 9: javucho_2011 ($1.21 in chips) 
Lukas_YZ250F: posts small blind $0.01
Lymnhades: posts big blind $0.02
newvirtuoz24: sits out 
*** HOLE CARDS ***
Dealt to Dorex2007 [9s 7d]
tim660000: calls $0.02
Dorex2007: folds 
javucho_2011: folds 
carlos674820: folds 
maksim-2003: raises $0.07 to $0.09
Nhk50: folds 
Lukas_YZ250F: calls $0.08
Lymnhades: folds 
tim660000: calls $0.07
*** FLOP *** [Kh 2h Jc]
Lukas_YZ250F: checks 
tim660000: bets $0.12
maksim-2003: calls $0.12
Lukas_YZ250F: raises $0.20 to $0.32
tim660000: calls $0.20
maksim-2003: raises $0.20 to $0.52
Lukas_YZ250F: raises $0.42 to $0.94 and is all-in
tim660000: calls $0.62
maksim-2003: raises $0.42 to $1.36
tim660000: raises $0.33 to $1.69 and is all-in
maksim-2003: calls $0.33
*** TURN *** [Kh 2h Jc] [7h]
*** RIVER *** [Kh 2h Jc 7h] [9d]
*** SHOW DOWN ***
tim660000: shows [Qd Tc] (a straight, Nine to King)
maksim-2003: shows [Ks Kc] (three of a kind, Kings)
tim660000 collected $1.45 from side pot
Lukas_YZ250F: shows [Ah As] (a pair of Aces)
tim660000 collected $3 from main pot
*** SUMMARY ***
Total pot $4.61 Main pot $3. Side pot $1.45. | Rake $0.16 
Board [Kh 2h Jc 7h 9d]
Seat 2: carlos674820 folded before Flop (didn't bet)
Seat 3: maksim-2003 showed [Ks Kc] and lost with three of a kind, Kings
Seat 4: Nhk50 (button) folded before Flop (didn't bet)
Seat 5: Lukas_YZ250F (small blind) showed [Ah As] and lost with a pair of Aces
Seat 6: Lymnhades (big blind) folded before Flop
Seat 7: tim660000 showed [Qd Tc] and won ($4.45) with a straight, Nine to King
Seat 8: Dorex2007 folded before Flop (didn't bet)
Seat 9: javucho_2011 folded before Flop (didn't bet)



PokerStars Hand #232943434895:  Hold'em No Limit ($0.01/$0.02 USD) - 2022/01/08 11:41:45 PT [2022/01/08 14:41:45 ET]
Table 'Sarir' 9-max Seat #6 is the button
Seat 2: carlos674820 ($2.13 in chips) 
Seat 3: maksim-2003 ($2 in chips) 
Seat 4: Nhk50 ($1.18 in chips) 
Seat 6: Lymnhades ($1.93 in chips) 
Seat 7: tim660000 ($4.45 in chips) 
Seat 8: Dorex2007 ($2.38 in chips) 
Seat 9: javucho_2011 ($1.21 in chips) 
tim660000: posts small blind $0.01
Dorex2007: posts big blind $0.02
newvirtuoz24: sits out 
*** HOLE CARDS ***
Dealt to Dorex2007 [8d 6d]
javucho_2011: raises $0.04 to $0.06
Lukas_YZ250F leaves the table
carlos674820: folds 
maksim-2003: calls $0.06
Nhk50: folds 
Lymnhades: folds 
plotnik1966 joins the table at seat #5 
tim660000: calls $0.05
Dorex2007: folds 
*** FLOP *** [Kh 2c 8s]
tim660000: checks 
javucho_2011: bets $0.08
maksim-2003: calls $0.08
tim660000: folds 
*** TURN *** [Kh 2c 8s] [3h]
javucho_2011: checks 
maksim-2003: bets $0.18
javucho_2011: folds 
Uncalled bet ($0.18) returned to maksim-2003
maksim-2003 collected $0.35 from pot
maksim-2003: doesn't show hand 
*** SUMMARY ***
Total pot $0.36 | Rake $0.01 
Board [Kh 2c 8s 3h]
Seat 2: carlos674820 folded before Flop (didn't bet)
Seat 3: maksim-2003 collected ($0.35)
Seat 4: Nhk50 folded before Flop (didn't bet)
Seat 6: Lymnhades (button) folded before Flop (didn't bet)
Seat 7: tim660000 (small blind) folded on the Flop
Seat 8: Dorex2007 (big blind) folded before Flop
Seat 9: javucho_2011 folded on the Turn



PokerStars Hand #232943465082:  Hold'em No Limit ($0.01/$0.02 USD) - 2022/01/08 11:42:31 PT [2022/01/08 14:42:31 ET]
Table 'Sarir' 9-max Seat #7 is the button
Seat 2: carlos674820 ($2.13 in chips) 
Seat 3: maksim-2003 ($2.21 in chips) 
Seat 4: Nhk50 ($1.18 in chips) 
Seat 6: Lymnhades ($1.93 in chips) 
Seat 7: tim660000 ($4.39 in chips) 
Seat 8: Dorex2007 ($2.36 in chips) 
Seat 9: javucho_2011 ($1.07 in chips) 
Dorex2007: posts small blind $0.01
javucho_2011: posts big blind $0.02
newvirtuoz24: sits out 
plotnik1966: sits out 
*** HOLE CARDS ***
Dealt to Dorex2007 [8s 4s]
carlos674820: folds 
maksim-2003: folds 
maksim-2003 leaves the table
Nhk50: folds 
Lymnhades: folds 
OldRasta1984 joins the table at seat #3 
tim660000: folds 
Dorex2007: folds 
Uncalled bet ($0.01) returned to javucho_2011
javucho_2011 collected $0.02 from pot
javucho_2011: doesn't show hand 
*** SUMMARY ***
Total pot $0.02 | Rake $0 
Seat 2: carlos674820 folded before Flop (didn't bet)
Seat 3: maksim-2003 folded before Flop (didn't bet)
Seat 4: Nhk50 folded before Flop (didn't bet)
Seat 6: Lymnhades folded before Flop (didn't bet)
Seat 7: tim660000 (button) folded before Flop (didn't bet)
Seat 8: Dorex2007 (small blind) folded before Flop
Seat 9: javucho_2011 (big blind) collected ($0.02)



PokerStars Hand #232943474629:  Hold'em No Limit ($0.01/$0.02 USD) - 2022/01/08 11:42:46 PT [2022/01/08 14:42:46 ET]
Table 'Sarir' 9-max Seat #8 is the button
Seat 1: newvirtuoz24 ($0.80 in chips) 
Seat 2: carlos674820 ($2.13 in chips) 
Seat 4: Nhk50 ($1.18 in chips) 
Seat 6: Lymnhades ($1.93 in chips) 
Seat 7: tim660000 ($4.39 in chips) 
Seat 8: Dorex2007 ($2.35 in chips) 
Seat 9: javucho_2011 ($1.08 in chips) 
javucho_2011: posts small blind $0.01
newvirtuoz24: posts big blind $0.02
OldRasta1984: sits out 
plotnik1966: sits out 
*** HOLE CARDS ***
Dealt to Dorex2007 [Kh 5c]
carlos674820: folds 
Nhk50: raises $0.06 to $0.08
Lymnhades: folds 
tim660000: folds 
Dorex2007: folds 
javucho_2011: folds 
newvirtuoz24: folds 
Uncalled bet ($0.06) returned to Nhk50
Nhk50 collected $0.05 from pot
*** SUMMARY ***
Total pot $0.05 | Rake $0 
Seat 1: newvirtuoz24 (big blind) folded before Flop
Seat 2: carlos674820 folded before Flop (didn't bet)
Seat 4: Nhk50 collected ($0.05)
Seat 6: Lymnhades folded before Flop (didn't bet)
Seat 7: tim660000 folded before Flop (didn't bet)
Seat 8: Dorex2007 (button) folded before Flop (didn't bet)
Seat 9: javucho_2011 (small blind) folded before Flop



PokerStars Hand #232943490245:  Hold'em No Limit ($0.01/$0.02 USD) - 2022/01/08 11:43:10 PT [2022/01/08 14:43:10 ET]
Table 'Sarir' 9-max Seat #9 is the button
Seat 1: newvirtuoz24 ($0.78 in chips) 
Seat 2: carlos674820 ($2.13 in chips) 
Seat 4: Nhk50 ($1.21 in chips) 
Seat 6: Lymnhades ($1.93 in chips) 
Seat 7: tim660000 ($4.39 in chips) 
Seat 8: Dorex2007 ($2.35 in chips) 
Seat 9: javucho_2011 ($1.07 in chips) 
newvirtuoz24: posts small blind $0.01
carlos674820: posts big blind $0.02
OldRasta1984: sits out 
plotnik1966: sits out 
*** HOLE CARDS ***
Dealt to Dorex2007 [8s 7s]
Nhk50: calls $0.02
Lymnhades: folds 
tim660000: folds 
Dorex2007: folds 
javucho_2011: folds 
newvirtuoz24: folds 
carlos674820: checks 
*** FLOP *** [5c Ad 8d]
carlos674820: checks 
Nhk50: bets $0.02
carlos674820: folds 
Uncalled bet ($0.02) returned to Nhk50
Nhk50 collected $0.05 from pot
*** SUMMARY ***
Total pot $0.05 | Rake $0 
Board [5c Ad 8d]
Seat 1: newvirtuoz24 (small blind) folded before Flop
Seat 2: carlos674820 (big blind) folded on the Flop
Seat 4: Nhk50 collected ($0.05)
Seat 6: Lymnhades folded before Flop (didn't bet)
Seat 7: tim660000 folded before Flop (didn't bet)
Seat 8: Dorex2007 folded before Flop (didn't bet)
Seat 9: javucho_2011 (button) folded before Flop (didn't bet)



PokerStars Hand #232943504614:  Hold'em No Limit ($0.01/$0.02 USD) - 2022/01/08 11:43:32 PT [2022/01/08 14:43:32 ET]
Table 'Sarir' 9-max Seat #1 is the button
Seat 1: newvirtuoz24 ($0.77 in chips) 
Seat 2: carlos674820 ($2.11 in chips) 
Seat 3: OldRasta1984 ($0.70 in chips) 
Seat 4: Nhk50 ($1.24 in chips) 
Seat 6: Lymnhades ($1.93 in chips) 
Seat 7: tim660000 ($4.39 in chips) 
Seat 8: Dorex2007 ($2.35 in chips) 
Seat 9: javucho_2011 ($1.07 in chips) 
carlos674820: posts small blind $0.01
OldRasta1984: posts big blind $0.02
plotnik1966: sits out 
*** HOLE CARDS ***
Dealt to Dorex2007 [4c 6d]
Nhk50: calls $0.02
Lymnhades: folds 
tim660000: calls $0.02
Dorex2007: folds 
javucho_2011: calls $0.02
newvirtuoz24: raises $0.02 to $0.04
carlos674820: folds 
OldRasta1984: folds 
Nhk50: calls $0.02
tim660000: calls $0.02
javucho_2011: calls $0.02
*** FLOP *** [Jd 8s 2h]
Nhk50: checks 
tim660000: checks 
javucho_2011: bets $0.12
newvirtuoz24: folds 
Nhk50: folds 
tim660000: calls $0.12
*** TURN *** [Jd 8s 2h] [Jh]
Nhk50 leaves the table
tim660000: checks 
Bulczak.96 joins the table at seat #4 
javucho_2011: checks 
*** RIVER *** [Jd 8s 2h Jh] [Qs]
tim660000: checks 
javucho_2011: bets $0.21
tim660000: folds 
Uncalled bet ($0.21) returned to javucho_2011
javucho_2011 collected $0.41 from pot
javucho_2011: doesn't show hand 
*** SUMMARY ***
Total pot $0.43 | Rake $0.02 
Board [Jd 8s 2h Jh Qs]
Seat 1: newvirtuoz24 (button) folded on the Flop
Seat 2: carlos674820 (small blind) folded before Flop
Seat 3: OldRasta1984 (big blind) folded before Flop
Seat 4: Nhk50 folded on the Flop
Seat 6: Lymnhades folded before Flop (didn't bet)
Seat 7: tim660000 folded on the River
Seat 8: Dorex2007 folded before Flop (didn't bet)
Seat 9: javucho_2011 collected ($0.41)



PokerStars Hand #232943563988:  Hold'em No Limit ($0.01/$0.02 USD) - 2022/01/08 11:45:02 PT [2022/01/08 14:45:02 ET]
Table 'Sarir' 9-max Seat #2 is the button
Seat 1: newvirtuoz24 ($0.73 in chips) 
Seat 2: carlos674820 ($2.10 in chips) 
Seat 3: OldRasta1984 ($0.68 in chips) 
Seat 4: Bulczak.96 ($0.80 in chips) 
Seat 6: Lymnhades ($1.93 in chips) 
Seat 7: tim660000 ($4.23 in chips) 
Seat 8: Dorex2007 ($2.35 in chips) 
Seat 9: javucho_2011 ($1.32 in chips) 
OldRasta1984: posts small blind $0.01
Bulczak.96: posts big blind $0.02
plotnik1966: sits out 
*** HOLE CARDS ***
Dealt to Dorex2007 [9h 8s]
Lymnhades: folds 
tim660000: calls $0.02
Dorex2007: folds 
javucho_2011 has timed out
javucho_2011: folds 
newvirtuoz24: folds 
carlos674820: raises $0.08 to $0.10
OldRasta1984: folds 
Bulczak.96: calls $0.08
tim660000: calls $0.08
*** FLOP *** [5h Tc 6h]
Bulczak.96: bets $0.02
tim660000: raises $0.11 to $0.13
carlos674820: calls $0.13
Bulczak.96: folds 
*** TURN *** [5h Tc 6h] [2c]
tim660000: bets $0.14
carlos674820: raises $1.73 to $1.87 and is all-in
tim660000: folds 
Uncalled bet ($1.73) returned to carlos674820
carlos674820 collected $0.84 from pot
carlos674820: doesn't show hand 
*** SUMMARY ***
Total pot $0.87 | Rake $0.03 
Board [5h Tc 6h 2c]
Seat 1: newvirtuoz24 folded before Flop (didn't bet)
Seat 2: carlos674820 (button) collected ($0.84)
Seat 3: OldRasta1984 (small blind) folded before Flop
Seat 4: Bulczak.96 (big blind) folded on the Flop
Seat 6: Lymnhades folded before Flop (didn't bet)
Seat 7: tim660000 folded on the Turn
Seat 8: Dorex2007 folded before Flop (didn't bet)
Seat 9: javucho_2011 folded before Flop (didn't bet)



PokerStars Hand #232943646968:  Hold'em No Limit ($0.01/$0.02 USD) - 2022/01/08 11:47:11 PT [2022/01/08 14:47:11 ET]
Table 'Sarir' 9-max Seat #3 is the button
Seat 1: newvirtuoz24 ($0.73 in chips) 
Seat 2: carlos674820 ($2.57 in chips) 
Seat 3: OldRasta1984 ($0.67 in chips) 
Seat 4: Bulczak.96 ($0.68 in chips) 
Seat 5: plotnik1966 ($0.80 in chips) 
Seat 6: Lymnhades ($1.93 in chips) 
Seat 7: tim660000 ($3.86 in chips) 
Seat 8: Dorex2007 ($2.35 in chips) 
Seat 9: javucho_2011 ($1.32 in chips) 
Bulczak.96: posts small blind $0.01
plotnik1966: posts big blind $0.02
*** HOLE CARDS ***
Dealt to Dorex2007 [8s 8h]
Lymnhades: folds 
tim660000: calls $0.02
Dorex2007: calls $0.02
javucho_2011: calls $0.02
newvirtuoz24: folds 
carlos674820: folds 
OldRasta1984: folds 
Bulczak.96: calls $0.01
plotnik1966: checks 
*** FLOP *** [Ah 9d 6h]
Bulczak.96: bets $0.02
plotnik1966: folds 
tim660000: calls $0.02
Dorex2007: folds 
javucho_2011: raises $0.06 to $0.08
Bulczak.96: folds 
tim660000: calls $0.06
*** TURN *** [Ah 9d 6h] [6s]
tim660000: bets $0.08
javucho_2011: calls $0.08
*** RIVER *** [Ah 9d 6h 6s] [Qc]
tim660000: bets $0.08
javucho_2011: calls $0.08
*** SHOW DOWN ***
tim660000: shows [Jd Jc] (two pair, Jacks and Sixes)
javucho_2011: shows [Ad 3d] (two pair, Aces and Sixes)
javucho_2011 collected $0.58 from pot
*** SUMMARY ***
Total pot $0.60 | Rake $0.02 
Board [Ah 9d 6h 6s Qc]
Seat 1: newvirtuoz24 folded before Flop (didn't bet)
Seat 2: carlos674820 folded before Flop (didn't bet)
Seat 3: OldRasta1984 (button) folded before Flop (didn't bet)
Seat 4: Bulczak.96 (small blind) folded on the Flop
Seat 5: plotnik1966 (big blind) folded on the Flop
Seat 6: Lymnhades folded before Flop (didn't bet)
Seat 7: tim660000 showed [Jd Jc] and lost with two pair, Jacks and Sixes
Seat 8: Dorex2007 folded on the Flop
Seat 9: javucho_2011 showed [Ad 3d] and won ($0.58) with two pair, Aces and Sixes



PokerStars Hand #232943709422:  Hold'em No Limit ($0.01/$0.02 USD) - 2022/01/08 11:48:48 PT [2022/01/08 14:48:48 ET]
Table 'Sarir' 9-max Seat #4 is the button
Seat 1: newvirtuoz24 ($0.73 in chips) 
Seat 2: carlos674820 ($2.57 in chips) 
Seat 3: OldRasta1984 ($0.67 in chips) 
Seat 4: Bulczak.96 ($0.64 in chips) 
Seat 5: plotnik1966 ($0.78 in chips) 
Seat 6: Lymnhades ($1.93 in chips) 
Seat 7: tim660000 ($3.60 in chips) 
Seat 8: Dorex2007 ($2.33 in chips) 
Seat 9: javucho_2011 ($1.64 in chips) 
plotnik1966: posts small blind $0.01
Lymnhades: posts big blind $0.02
*** HOLE CARDS ***
Dealt to Dorex2007 [7d 9c]
tim660000: folds 
Dorex2007: folds 
javucho_2011: folds 
tim660000 leaves the table
newvirtuoz24: folds 
carlos674820: folds 
OldRasta1984: raises $0.03 to $0.05
Bulczak.96: calls $0.05
plotnik1966: folds 
Lymnhades: folds 
*** FLOP *** [Qc Ad Ts]
lok6666 joins the table at seat #7 
OldRasta1984: bets $0.08
Bulczak.96: calls $0.08
*** TURN *** [Qc Ad Ts] [2h]
OldRasta1984: bets $0.17
Bulczak.96: calls $0.17
*** RIVER *** [Qc Ad Ts 2h] [Ah]
OldRasta1984: bets $0.37 and is all-in
Bulczak.96: calls $0.34 and is all-in
Uncalled bet ($0.03) returned to OldRasta1984
*** SHOW DOWN ***
OldRasta1984: shows [Kd Ac] (three of a kind, Aces)
Bulczak.96: shows [Qh 9s] (two pair, Aces and Queens)
OldRasta1984 collected $1.26 from pot
*** SUMMARY ***
Total pot $1.31 | Rake $0.05 
Board [Qc Ad Ts 2h Ah]
Seat 1: newvirtuoz24 folded before Flop (didn't bet)
Seat 2: carlos674820 folded before Flop (didn't bet)
Seat 3: OldRasta1984 showed [Kd Ac] and won ($1.26) with three of a kind, Aces
Seat 4: Bulczak.96 (button) showed [Qh 9s] and lost with two pair, Aces and Queens
Seat 5: plotnik1966 (small blind) folded before Flop
Seat 6: Lymnhades (big blind) folded before Flop
Seat 7: tim660000 folded before Flop (didn't bet)
Seat 8: Dorex2007 folded before Flop (didn't bet)
Seat 9: javucho_2011 folded before Flop (didn't bet)



PokerStars Hand #232943751973:  Hold'em No Limit ($0.01/$0.02 USD) - 2022/01/08 11:49:50 PT [2022/01/08 14:49:50 ET]
Table 'Sarir' 9-max Seat #5 is the button
Seat 1: newvirtuoz24 ($0.73 in chips) 
Seat 2: carlos674820 ($2.57 in chips) 
Seat 3: OldRasta1984 ($1.29 in chips) 
Seat 5: plotnik1966 ($0.77 in chips) 
Seat 6: Lymnhades ($1.91 in chips) 
Seat 7: lok6666 ($2 in chips) 
Seat 8: Dorex2007 ($2.33 in chips) 
Seat 9: javucho_2011 ($1.64 in chips) 
Lymnhades: posts small blind $0.01
lok6666: posts big blind $0.02
*** HOLE CARDS ***
Dealt to Dorex2007 [2c Ah]
Dorex2007: folds 
javucho_2011: folds 
newvirtuoz24: folds 
carlos674820: calls $0.02
Bulczak.96 leaves the table
OldRasta1984: folds 
plotnik1966: folds 
Lymnhades: folds 
lok6666: folds 
lok6666 leaves the table
carlos674820 collected $0.05 from pot
carlos674820: doesn't show hand 
*** SUMMARY ***
Total pot $0.05 | Rake $0 
Seat 1: newvirtuoz24 folded before Flop (didn't bet)
Seat 2: carlos674820 collected ($0.05)
Seat 3: OldRasta1984 folded before Flop (didn't bet)
Seat 5: plotnik1966 (button) folded before Flop (didn't bet)
Seat 6: Lymnhades (small blind) folded before Flop
Seat 7: lok6666 (big blind) folded before Flop
Seat 8: Dorex2007 folded before Flop (didn't bet)
Seat 9: javucho_2011 folded before Flop (didn't bet)



PokerStars Hand #232943772179:  Hold'em No Limit ($0.01/$0.02 USD) - 2022/01/08 11:50:22 PT [2022/01/08 14:50:22 ET]
Table 'Sarir' 9-max Seat #6 is the button
Seat 1: newvirtuoz24 ($0.73 in chips) 
Seat 2: carlos674820 ($2.60 in chips) 
Seat 3: OldRasta1984 ($1.29 in chips) 
Seat 5: plotnik1966 ($0.77 in chips) 
Seat 6: Lymnhades ($1.90 in chips) 
Seat 8: Dorex2007 ($2.33 in chips) 
Seat 9: javucho_2011 ($1.64 in chips) 
Dorex2007: posts small blind $0.01
javucho_2011: posts big blind $0.02
*** HOLE CARDS ***
Dealt to Dorex2007 [8c 2c]
newvirtuoz24: folds 
carlos674820: folds 
OldRasta1984: folds 
plotnik1966: raises $0.02 to $0.04
Lymnhades: raises $0.08 to $0.12
Dorex2007: folds 
javucho_2011: calls $0.10
plotnik1966: calls $0.08
*** FLOP *** [3h 7c 8s]
javucho_2011: checks 
plotnik1966: bets $0.30
Lymnhades: folds 
javucho_2011: folds 
Uncalled bet ($0.30) returned to plotnik1966
plotnik1966 collected $0.36 from pot
plotnik1966: doesn't show hand 
*** SUMMARY ***
Total pot $0.37 | Rake $0.01 
Board [3h 7c 8s]
Seat 1: newvirtuoz24 folded before Flop (didn't bet)
Seat 2: carlos674820 folded before Flop (didn't bet)
Seat 3: OldRasta1984 folded before Flop (didn't bet)
Seat 5: plotnik1966 collected ($0.36)
Seat 6: Lymnhades (button) folded on the Flop
Seat 8: Dorex2007 (small blind) folded before Flop
Seat 9: javucho_2011 (big blind) folded on the Flop



PokerStars Hand #232943819454:  Hold'em No Limit ($0.01/$0.02 USD) - 2022/01/08 11:51:35 PT [2022/01/08 14:51:35 ET]
Table 'Sarir' 9-max Seat #8 is the button
Seat 1: newvirtuoz24 ($0.73 in chips) 
Seat 3: OldRasta1984 ($1.29 in chips) 
Seat 5: plotnik1966 ($1.01 in chips) 
Seat 6: Lymnhades ($1.78 in chips) 
Seat 8: Dorex2007 ($2.32 in chips) 
Seat 9: javucho_2011 ($1.52 in chips) 
javucho_2011: posts small blind $0.01
newvirtuoz24: posts big blind $0.02
*** HOLE CARDS ***
Dealt to Dorex2007 [7s Kc]
OldRasta1984: folds 
plotnik1966: folds 
Lymnhades: raises $0.04 to $0.06
Dorex2007: folds 
javucho_2011: folds 
newvirtuoz24: calls $0.04
*** FLOP *** [Jc Ts Kd]
carlos674820 leaves the table
newvirtuoz24: checks 
Lymnhades: bets $0.06
plotnik1966 leaves the table
newvirtuoz24: calls $0.06
*** TURN *** [Jc Ts Kd] [Jd]
newvirtuoz24: checks 
Lymnhades: checks 
*** RIVER *** [Jc Ts Kd Jd] [Td]
newvirtuoz24: bets $0.24
Lymnhades: folds 
Uncalled bet ($0.24) returned to newvirtuoz24
newvirtuoz24 collected $0.24 from pot
newvirtuoz24: doesn't show hand 
*** SUMMARY ***
Total pot $0.25 | Rake $0.01 
Board [Jc Ts Kd Jd Td]
Seat 1: newvirtuoz24 (big blind) collected ($0.24)
Seat 3: OldRasta1984 folded before Flop (didn't bet)
Seat 5: plotnik1966 folded before Flop (didn't bet)
Seat 6: Lymnhades folded on the River
Seat 8: Dorex2007 (button) folded before Flop (didn't bet)
Seat 9: javucho_2011 (small blind) folded before Flop



PokerStars Hand #232943857053:  Hold'em No Limit ($0.01/$0.02 USD) - 2022/01/08 11:52:34 PT [2022/01/08 14:52:34 ET]
Table 'Sarir' 9-max Seat #9 is the button
Seat 1: newvirtuoz24 ($0.85 in chips) 
Seat 8: Dorex2007 ($2.32 in chips) 
Seat 9: javucho_2011 ($1.51 in chips) 
newvirtuoz24: posts small blind $0.01
OldRasta1984: is sitting out 
Lymnhades: is sitting out 
Dorex2007: posts big blind $0.02
*** HOLE CARDS ***
Dealt to Dorex2007 [Qd 8c]
javucho_2011: calls $0.02
newvirtuoz24: calls $0.01
Dorex2007: checks 
*** FLOP *** [3d 2d 9c]
newvirtuoz24: checks 
Dorex2007: checks 
Lymnhades leaves the table
javucho_2011: bets $0.04
newvirtuoz24: folds 
Dorex2007: folds 
Uncalled bet ($0.04) returned to javucho_2011
javucho_2011 collected $0.06 from pot
javucho_2011: doesn't show hand 
*** SUMMARY ***
Total pot $0.06 | Rake $0 
Board [3d 2d 9c]
Seat 1: newvirtuoz24 (small blind) folded on the Flop
Seat 8: Dorex2007 (big blind) folded on the Flop
Seat 9: javucho_2011 (button) collected ($0.06)



PokerStars Hand #232943877181:  Hold'em No Limit ($0.01/$0.02 USD) - 2022/01/08 11:53:05 PT [2022/01/08 14:53:05 ET]
Table 'Sarir' 9-max Seat #1 is the button
Seat 1: newvirtuoz24 ($0.83 in chips) 
Seat 8: Dorex2007 ($2.30 in chips) 
Seat 9: javucho_2011 ($1.55 in chips) 
Dorex2007: posts small blind $0.01
javucho_2011: posts big blind $0.02
*** HOLE CARDS ***
Dealt to Dorex2007 [7c Qd]
newvirtuoz24: folds 
Dorex2007: folds 
Uncalled bet ($0.01) returned to javucho_2011
javucho_2011 collected $0.02 from pot
javucho_2011: doesn't show hand 
*** SUMMARY ***
Total pot $0.02 | Rake $0 
Seat 1: newvirtuoz24 (button) folded before Flop (didn't bet)
Seat 8: Dorex2007 (small blind) folded before Flop
Seat 9: javucho_2011 (big blind) collected ($0.02)



