PokerStars Hand #238318353100:  Hold'em No Limit ($0.02/$0.05 USD) - 2022/08/30 15:52:33 PT [2022/08/30 18:52:33 ET]
Table 'Skadi II' 9-max Seat #5 is the button
Seat 1: 2Kazuto ($6.22 in chips) 
Seat 2: bonuswm ($5.24 in chips) 
Seat 3: SMUTJAN72 ($3.68 in chips) 
Seat 4: JayJayJohnson ($10.53 in chips) 
Seat 5: DerHubert72 ($5.48 in chips) 
Seat 6: NatureVince ($5.36 in chips) 
Seat 7: Dorex2007 ($5 in chips) 
Seat 8: B0B SACAMANO ($11.32 in chips) 
NatureVince: posts small blind $0.02
Dorex2007: posts big blind $0.05
*** HOLE CARDS ***
Dealt to Dorex2007 [Kh 4h]
B0B SACAMANO: folds 
2Kazuto: raises $0.12 to $0.17
bonuswm: folds 
SMUTJAN72: folds 
JayJayJohnson: folds 
DerHubert72: folds 
NatureVince: folds 
Dorex2007: folds 
Uncalled bet ($0.12) returned to 2Kazuto
2Kazuto collected $0.12 from pot
2Kazuto: doesn't show hand 
*** SUMMARY ***
Total pot $0.12 | Rake $0 
Seat 1: 2Kazuto collected ($0.12)
Seat 2: bonuswm folded before Flop (didn't bet)
Seat 3: SMUTJAN72 folded before Flop (didn't bet)
Seat 4: JayJayJohnson folded before Flop (didn't bet)
Seat 5: DerHubert72 (button) folded before Flop (didn't bet)
Seat 6: NatureVince (small blind) folded before Flop
Seat 7: Dorex2007 (big blind) folded before Flop
Seat 8: B0B SACAMANO folded before Flop (didn't bet)



PokerStars Hand #238318361388:  Hold'em No Limit ($0.02/$0.05 USD) - 2022/08/30 15:53:01 PT [2022/08/30 18:53:01 ET]
Table 'Skadi II' 9-max Seat #6 is the button
Seat 1: 2Kazuto ($6.29 in chips) 
Seat 2: bonuswm ($5.24 in chips) 
Seat 3: SMUTJAN72 ($3.68 in chips) 
Seat 4: JayJayJohnson ($10.53 in chips) 
Seat 5: DerHubert72 ($5.48 in chips) 
Seat 6: NatureVince ($5.34 in chips) 
Seat 7: Dorex2007 ($5 in chips) 
Seat 8: B0B SACAMANO ($11.32 in chips) 
Dorex2007: posts small blind $0.02
B0B SACAMANO: posts big blind $0.05
*** HOLE CARDS ***
Dealt to Dorex2007 [6s 8s]
2Kazuto: raises $0.11 to $0.16
bonuswm: raises $0.30 to $0.46
SMUTJAN72: folds 
JayJayJohnson: folds 
DerHubert72: folds 
NatureVince: folds 
Dorex2007: folds 
B0B SACAMANO: folds 
2Kazuto: calls $0.30
*** FLOP *** [Jh 3s Ad]
2Kazuto: bets $0.58
bonuswm: folds 
Uncalled bet ($0.58) returned to 2Kazuto
2Kazuto collected $0.95 from pot
2Kazuto: doesn't show hand 
*** SUMMARY ***
Total pot $0.99 | Rake $0.04 
Board [Jh 3s Ad]
Seat 1: 2Kazuto collected ($0.95)
Seat 2: bonuswm folded on the Flop
Seat 3: SMUTJAN72 folded before Flop (didn't bet)
Seat 4: JayJayJohnson folded before Flop (didn't bet)
Seat 5: DerHubert72 folded before Flop (didn't bet)
Seat 6: NatureVince (button) folded before Flop (didn't bet)
Seat 7: Dorex2007 (small blind) folded before Flop
Seat 8: B0B SACAMANO (big blind) folded before Flop



PokerStars Hand #238318372470:  Hold'em No Limit ($0.02/$0.05 USD) - 2022/08/30 15:53:38 PT [2022/08/30 18:53:38 ET]
Table 'Skadi II' 9-max Seat #7 is the button
Seat 1: 2Kazuto ($6.78 in chips) 
Seat 2: bonuswm ($5 in chips) 
Seat 3: SMUTJAN72 ($3.68 in chips) 
Seat 4: JayJayJohnson ($10.53 in chips) 
Seat 5: DerHubert72 ($5.48 in chips) 
Seat 6: NatureVince ($5.34 in chips) 
Seat 7: Dorex2007 ($5 in chips) 
Seat 8: B0B SACAMANO ($11.27 in chips) 
B0B SACAMANO: posts small blind $0.02
2Kazuto: posts big blind $0.05
*** HOLE CARDS ***
Dealt to Dorex2007 [2c 6h]
bonuswm: folds 
SMUTJAN72: folds 
JayJayJohnson: folds 
DerHubert72: raises $0.10 to $0.15
NatureVince: folds 
Dorex2007: folds 
B0B SACAMANO: folds 
2Kazuto: folds 
Uncalled bet ($0.10) returned to DerHubert72
DerHubert72 collected $0.12 from pot
DerHubert72: doesn't show hand 
*** SUMMARY ***
Total pot $0.12 | Rake $0 
Seat 1: 2Kazuto (big blind) folded before Flop
Seat 2: bonuswm folded before Flop (didn't bet)
Seat 3: SMUTJAN72 folded before Flop (didn't bet)
Seat 4: JayJayJohnson folded before Flop (didn't bet)
Seat 5: DerHubert72 collected ($0.12)
Seat 6: NatureVince folded before Flop (didn't bet)
Seat 7: Dorex2007 (button) folded before Flop (didn't bet)
Seat 8: B0B SACAMANO (small blind) folded before Flop



PokerStars Hand #238318376588:  Hold'em No Limit ($0.02/$0.05 USD) - 2022/08/30 15:53:52 PT [2022/08/30 18:53:52 ET]
Table 'Skadi II' 9-max Seat #8 is the button
Seat 1: 2Kazuto ($6.73 in chips) 
Seat 2: bonuswm ($5 in chips) 
Seat 3: SMUTJAN72 ($3.68 in chips) 
Seat 4: JayJayJohnson ($10.53 in chips) 
Seat 5: DerHubert72 ($5.55 in chips) 
Seat 6: NatureVince ($5.34 in chips) 
Seat 7: Dorex2007 ($5 in chips) 
Seat 8: B0B SACAMANO ($11.25 in chips) 
2Kazuto: posts small blind $0.02
bonuswm: posts big blind $0.05
*** HOLE CARDS ***
Dealt to Dorex2007 [Ts 2h]
SMUTJAN72: folds 
JayJayJohnson: raises $0.10 to $0.15
DerHubert72: folds 
NatureVince: folds 
Dorex2007: folds 
B0B SACAMANO: calls $0.15
2Kazuto: folds 
bonuswm: folds 
*** FLOP *** [5s 6c 6d]
JayJayJohnson: checks 
B0B SACAMANO: checks 
*** TURN *** [5s 6c 6d] [6s]
JayJayJohnson: checks 
B0B SACAMANO: checks 
*** RIVER *** [5s 6c 6d 6s] [5c]
JayJayJohnson: checks 
B0B SACAMANO: checks 
*** SHOW DOWN ***
JayJayJohnson: shows [Kh Jc] (a full house, Sixes full of Fives)
B0B SACAMANO: shows [Qh Ks] (a full house, Sixes full of Fives)
JayJayJohnson collected $0.18 from pot
B0B SACAMANO collected $0.17 from pot
*** SUMMARY ***
Total pot $0.37 | Rake $0.02 
Board [5s 6c 6d 6s 5c]
Seat 1: 2Kazuto (small blind) folded before Flop
Seat 2: bonuswm (big blind) folded before Flop
Seat 3: SMUTJAN72 folded before Flop (didn't bet)
Seat 4: JayJayJohnson showed [Kh Jc] and won ($0.18) with a full house, Sixes full of Fives
Seat 5: DerHubert72 folded before Flop (didn't bet)
Seat 6: NatureVince folded before Flop (didn't bet)
Seat 7: Dorex2007 folded before Flop (didn't bet)
Seat 8: B0B SACAMANO (button) showed [Qh Ks] and won ($0.17) with a full house, Sixes full of Fives



PokerStars Hand #238318388607:  Hold'em No Limit ($0.02/$0.05 USD) - 2022/08/30 15:54:33 PT [2022/08/30 18:54:33 ET]
Table 'Skadi II' 9-max Seat #1 is the button
Seat 1: 2Kazuto ($6.71 in chips) 
Seat 2: bonuswm ($5 in chips) 
Seat 3: SMUTJAN72 ($3.68 in chips) 
Seat 4: JayJayJohnson ($10.56 in chips) 
Seat 5: DerHubert72 ($5.55 in chips) 
Seat 6: NatureVince ($5.34 in chips) 
Seat 7: Dorex2007 ($5 in chips) 
Seat 8: B0B SACAMANO ($11.27 in chips) 
bonuswm: posts small blind $0.02
SMUTJAN72: posts big blind $0.05
*** HOLE CARDS ***
Dealt to Dorex2007 [Jc 2d]
JayJayJohnson: folds 
DerHubert72: folds 
NatureVince: folds 
Dorex2007: folds 
B0B SACAMANO: raises $0.10 to $0.15
2Kazuto: folds 
bonuswm: folds 
SMUTJAN72: folds 
Uncalled bet ($0.10) returned to B0B SACAMANO
B0B SACAMANO collected $0.12 from pot
B0B SACAMANO: doesn't show hand 
*** SUMMARY ***
Total pot $0.12 | Rake $0 
Seat 1: 2Kazuto (button) folded before Flop (didn't bet)
Seat 2: bonuswm (small blind) folded before Flop
Seat 3: SMUTJAN72 (big blind) folded before Flop
Seat 4: JayJayJohnson folded before Flop (didn't bet)
Seat 5: DerHubert72 folded before Flop (didn't bet)
Seat 6: NatureVince folded before Flop (didn't bet)
Seat 7: Dorex2007 folded before Flop (didn't bet)
Seat 8: B0B SACAMANO collected ($0.12)



PokerStars Hand #238318394671:  Hold'em No Limit ($0.02/$0.05 USD) - 2022/08/30 15:54:54 PT [2022/08/30 18:54:54 ET]
Table 'Skadi II' 9-max Seat #2 is the button
Seat 1: 2Kazuto ($6.71 in chips) 
Seat 2: bonuswm ($5 in chips) 
Seat 3: SMUTJAN72 ($3.63 in chips) 
Seat 4: JayJayJohnson ($10.56 in chips) 
Seat 5: DerHubert72 ($5.55 in chips) 
Seat 6: NatureVince ($5.34 in chips) 
Seat 7: Dorex2007 ($5 in chips) 
Seat 8: B0B SACAMANO ($11.34 in chips) 
SMUTJAN72: posts small blind $0.02
JayJayJohnson: posts big blind $0.05
*** HOLE CARDS ***
Dealt to Dorex2007 [5c 9s]
DerHubert72: folds 
NatureVince: folds 
Dorex2007: folds 
B0B SACAMANO: folds 
2Kazuto: raises $0.11 to $0.16
bonuswm: calls $0.16
SMUTJAN72: folds 
JayJayJohnson: folds 
*** FLOP *** [7c 3c 5s]
2Kazuto: checks 
bonuswm: checks 
*** TURN *** [7c 3c 5s] [7d]
2Kazuto: bets $0.25
bonuswm: folds 
Uncalled bet ($0.25) returned to 2Kazuto
2Kazuto collected $0.37 from pot
2Kazuto: doesn't show hand 
*** SUMMARY ***
Total pot $0.39 | Rake $0.02 
Board [7c 3c 5s 7d]
Seat 1: 2Kazuto collected ($0.37)
Seat 2: bonuswm (button) folded on the Turn
Seat 3: SMUTJAN72 (small blind) folded before Flop
Seat 4: JayJayJohnson (big blind) folded before Flop
Seat 5: DerHubert72 folded before Flop (didn't bet)
Seat 6: NatureVince folded before Flop (didn't bet)
Seat 7: Dorex2007 folded before Flop (didn't bet)
Seat 8: B0B SACAMANO folded before Flop (didn't bet)



PokerStars Hand #238318405507:  Hold'em No Limit ($0.02/$0.05 USD) - 2022/08/30 15:55:37 PT [2022/08/30 18:55:37 ET]
Table 'Skadi II' 9-max Seat #3 is the button
Seat 1: 2Kazuto ($6.92 in chips) 
Seat 2: bonuswm ($5 in chips) 
Seat 3: SMUTJAN72 ($3.61 in chips) 
Seat 4: JayJayJohnson ($10.51 in chips) 
Seat 5: DerHubert72 ($5.55 in chips) 
Seat 6: NatureVince ($5.34 in chips) 
Seat 7: Dorex2007 ($5 in chips) 
Seat 8: B0B SACAMANO ($11.34 in chips) 
JayJayJohnson: posts small blind $0.02
DerHubert72: posts big blind $0.05
*** HOLE CARDS ***
Dealt to Dorex2007 [As Ac]
NatureVince: raises $0.10 to $0.15
Dorex2007: calls $0.15
B0B SACAMANO: folds 
2Kazuto: calls $0.15
bonuswm: calls $0.15
SMUTJAN72: calls $0.15
JayJayJohnson: folds 
DerHubert72: folds 
*** FLOP *** [8s 2h Ad]
NatureVince: bets $0.26
Dorex2007: calls $0.26
2Kazuto: folds 
bonuswm: folds 
SMUTJAN72: folds 
*** TURN *** [8s 2h Ad] [Th]
NatureVince: checks 
Dorex2007: bets $0.85
NatureVince: calls $0.85
*** RIVER *** [8s 2h Ad Th] [Qc]
NatureVince: checks 
Dorex2007: checks 
*** SHOW DOWN ***
NatureVince: shows [Ah Jd] (a pair of Aces)
Dorex2007: shows [As Ac] (three of a kind, Aces)
Dorex2007 collected $2.91 from pot
*** SUMMARY ***
Total pot $3.04 | Rake $0.13 
Board [8s 2h Ad Th Qc]
Seat 1: 2Kazuto folded on the Flop
Seat 2: bonuswm folded on the Flop
Seat 3: SMUTJAN72 (button) folded on the Flop
Seat 4: JayJayJohnson (small blind) folded before Flop
Seat 5: DerHubert72 (big blind) folded before Flop
Seat 6: NatureVince showed [Ah Jd] and lost with a pair of Aces
Seat 7: Dorex2007 showed [As Ac] and won ($2.91) with three of a kind, Aces
Seat 8: B0B SACAMANO folded before Flop (didn't bet)



PokerStars Hand #238318427444:  Hold'em No Limit ($0.02/$0.05 USD) - 2022/08/30 15:57:08 PT [2022/08/30 18:57:08 ET]
Table 'Skadi II' 9-max Seat #4 is the button
Seat 1: 2Kazuto ($6.77 in chips) 
Seat 2: bonuswm ($5 in chips) 
Seat 3: SMUTJAN72 ($3.46 in chips) 
Seat 4: JayJayJohnson ($10.49 in chips) 
Seat 5: DerHubert72 ($5.50 in chips) 
Seat 6: NatureVince ($5 in chips) 
Seat 7: Dorex2007 ($6.65 in chips) 
Seat 8: B0B SACAMANO ($11.34 in chips) 
DerHubert72: posts small blind $0.02
NatureVince: posts big blind $0.05
*** HOLE CARDS ***
Dealt to Dorex2007 [Ks 7s]
Dorex2007: folds 
B0B SACAMANO: folds 
2Kazuto: folds 
bonuswm: folds 
SMUTJAN72: folds 
JayJayJohnson: raises $0.10 to $0.15
DerHubert72: folds 
Broeckal1987 leaves the table
NatureVince: raises $0.35 to $0.50
JayJayJohnson: folds 
Uncalled bet ($0.35) returned to NatureVince
NatureVince collected $0.32 from pot
NatureVince: doesn't show hand 
*** SUMMARY ***
Total pot $0.32 | Rake $0 
Seat 1: 2Kazuto folded before Flop (didn't bet)
Seat 2: bonuswm folded before Flop (didn't bet)
Seat 3: SMUTJAN72 folded before Flop (didn't bet)
Seat 4: JayJayJohnson (button) folded before Flop
Seat 5: DerHubert72 (small blind) folded before Flop
Seat 6: NatureVince (big blind) collected ($0.32)
Seat 7: Dorex2007 folded before Flop (didn't bet)
Seat 8: B0B SACAMANO folded before Flop (didn't bet)



PokerStars Hand #238318433077:  Hold'em No Limit ($0.02/$0.05 USD) - 2022/08/30 15:57:32 PT [2022/08/30 18:57:32 ET]
Table 'Skadi II' 9-max Seat #5 is the button
Seat 1: 2Kazuto ($6.77 in chips) 
Seat 2: bonuswm ($5 in chips) 
Seat 3: SMUTJAN72 ($3.46 in chips) 
Seat 4: JayJayJohnson ($10.34 in chips) 
Seat 5: DerHubert72 ($5.48 in chips) 
Seat 6: NatureVince ($5.17 in chips) 
Seat 7: Dorex2007 ($6.65 in chips) 
Seat 8: B0B SACAMANO ($11.34 in chips) 
NatureVince: posts small blind $0.02
Dorex2007: posts big blind $0.05
*** HOLE CARDS ***
Dealt to Dorex2007 [2s 8d]
B0B SACAMANO: folds 
2Kazuto: folds 
bonuswm: folds 
SMUTJAN72: folds 
JayJayJohnson: raises $0.10 to $0.15
DerHubert72: raises $0.30 to $0.45
Hatkevich joins the table at seat #9 
NatureVince: folds 
Dorex2007: folds 
JayJayJohnson: folds 
Uncalled bet ($0.30) returned to DerHubert72
DerHubert72 collected $0.37 from pot
DerHubert72: doesn't show hand 
*** SUMMARY ***
Total pot $0.37 | Rake $0 
Seat 1: 2Kazuto folded before Flop (didn't bet)
Seat 2: bonuswm folded before Flop (didn't bet)
Seat 3: SMUTJAN72 folded before Flop (didn't bet)
Seat 4: JayJayJohnson folded before Flop
Seat 5: DerHubert72 (button) collected ($0.37)
Seat 6: NatureVince (small blind) folded before Flop
Seat 7: Dorex2007 (big blind) folded before Flop
Seat 8: B0B SACAMANO folded before Flop (didn't bet)



PokerStars Hand #238318440594:  Hold'em No Limit ($0.02/$0.05 USD) - 2022/08/30 15:58:04 PT [2022/08/30 18:58:04 ET]
Table 'Skadi II' 9-max Seat #6 is the button
Seat 1: 2Kazuto ($6.77 in chips) 
Seat 2: bonuswm ($5 in chips) 
Seat 3: SMUTJAN72 ($3.46 in chips) 
Seat 4: JayJayJohnson ($10.19 in chips) 
Seat 5: DerHubert72 ($5.70 in chips) 
Seat 6: NatureVince ($5.15 in chips) 
Seat 7: Dorex2007 ($6.60 in chips) 
Seat 8: B0B SACAMANO ($11.34 in chips) 
Dorex2007: posts small blind $0.02
B0B SACAMANO: posts big blind $0.05
Hatkevich: sits out 
*** HOLE CARDS ***
Dealt to Dorex2007 [Qs 8c]
2Kazuto: folds 
bonuswm: folds 
SMUTJAN72: folds 
JayJayJohnson: folds 
DerHubert72: raises $0.10 to $0.15
NatureVince: folds 
Dorex2007: folds 
B0B SACAMANO: calls $0.10
*** FLOP *** [Td 7c 5c]
B0B SACAMANO: checks 
DerHubert72: bets $0.15
B0B SACAMANO: folds 
Uncalled bet ($0.15) returned to DerHubert72
DerHubert72 collected $0.31 from pot
DerHubert72: doesn't show hand 
*** SUMMARY ***
Total pot $0.32 | Rake $0.01 
Board [Td 7c 5c]
Seat 1: 2Kazuto folded before Flop (didn't bet)
Seat 2: bonuswm folded before Flop (didn't bet)
Seat 3: SMUTJAN72 folded before Flop (didn't bet)
Seat 4: JayJayJohnson folded before Flop (didn't bet)
Seat 5: DerHubert72 collected ($0.31)
Seat 6: NatureVince (button) folded before Flop (didn't bet)
Seat 7: Dorex2007 (small blind) folded before Flop
Seat 8: B0B SACAMANO (big blind) folded on the Flop



PokerStars Hand #238318446906:  Hold'em No Limit ($0.02/$0.05 USD) - 2022/08/30 15:58:30 PT [2022/08/30 18:58:30 ET]
Table 'Skadi II' 9-max Seat #7 is the button
Seat 1: 2Kazuto ($6.77 in chips) 
Seat 2: bonuswm ($5 in chips) 
Seat 3: SMUTJAN72 ($3.46 in chips) 
Seat 4: JayJayJohnson ($10.19 in chips) 
Seat 5: DerHubert72 ($5.86 in chips) 
Seat 6: NatureVince ($5.15 in chips) 
Seat 7: Dorex2007 ($6.58 in chips) 
Seat 8: B0B SACAMANO ($11.19 in chips) 
Seat 9: Hatkevich ($10.78 in chips) 
B0B SACAMANO: posts small blind $0.02
Hatkevich: posts big blind $0.05
*** HOLE CARDS ***
Dealt to Dorex2007 [8h 5h]
2Kazuto: folds 
bonuswm: raises $0.10 to $0.15
SMUTJAN72: folds 
JayJayJohnson: folds 
DerHubert72: folds 
NatureVince: folds 
Dorex2007: folds 
B0B SACAMANO: calls $0.13
Hatkevich: folds 
*** FLOP *** [5c 4c 3c]
B0B SACAMANO: checks 
bonuswm: bets $0.26
B0B SACAMANO: folds 
Uncalled bet ($0.26) returned to bonuswm
bonuswm collected $0.34 from pot
bonuswm: doesn't show hand 
*** SUMMARY ***
Total pot $0.35 | Rake $0.01 
Board [5c 4c 3c]
Seat 1: 2Kazuto folded before Flop (didn't bet)
Seat 2: bonuswm collected ($0.34)
Seat 3: SMUTJAN72 folded before Flop (didn't bet)
Seat 4: JayJayJohnson folded before Flop (didn't bet)
Seat 5: DerHubert72 folded before Flop (didn't bet)
Seat 6: NatureVince folded before Flop (didn't bet)
Seat 7: Dorex2007 (button) folded before Flop (didn't bet)
Seat 8: B0B SACAMANO (small blind) folded on the Flop
Seat 9: Hatkevich (big blind) folded before Flop



PokerStars Hand #238318455931:  Hold'em No Limit ($0.02/$0.05 USD) - 2022/08/30 15:59:08 PT [2022/08/30 18:59:08 ET]
Table 'Skadi II' 9-max Seat #8 is the button
Seat 1: 2Kazuto ($6.77 in chips) 
Seat 2: bonuswm ($5.19 in chips) 
Seat 3: SMUTJAN72 ($3.46 in chips) 
Seat 4: JayJayJohnson ($10.19 in chips) 
Seat 5: DerHubert72 ($5.86 in chips) 
Seat 6: NatureVince ($5.15 in chips) 
Seat 7: Dorex2007 ($6.58 in chips) 
Seat 8: B0B SACAMANO ($11.04 in chips) 
Seat 9: Hatkevich ($10.73 in chips) 
Hatkevich: posts small blind $0.02
2Kazuto: posts big blind $0.05
*** HOLE CARDS ***
Dealt to Dorex2007 [4h 5c]
bonuswm: folds 
SMUTJAN72: folds 
JayJayJohnson: raises $0.10 to $0.15
DerHubert72: folds 
NatureVince: folds 
Dorex2007: folds 
B0B SACAMANO: folds 
Hatkevich: folds 
2Kazuto: folds 
Uncalled bet ($0.10) returned to JayJayJohnson
JayJayJohnson collected $0.12 from pot
*** SUMMARY ***
Total pot $0.12 | Rake $0 
Seat 1: 2Kazuto (big blind) folded before Flop
Seat 2: bonuswm folded before Flop (didn't bet)
Seat 3: SMUTJAN72 folded before Flop (didn't bet)
Seat 4: JayJayJohnson collected ($0.12)
Seat 5: DerHubert72 folded before Flop (didn't bet)
Seat 6: NatureVince folded before Flop (didn't bet)
Seat 7: Dorex2007 folded before Flop (didn't bet)
Seat 8: B0B SACAMANO (button) folded before Flop (didn't bet)
Seat 9: Hatkevich (small blind) folded before Flop



PokerStars Hand #238318460222:  Hold'em No Limit ($0.02/$0.05 USD) - 2022/08/30 15:59:26 PT [2022/08/30 18:59:26 ET]
Table 'Skadi II' 9-max Seat #9 is the button
Seat 1: 2Kazuto ($6.72 in chips) 
Seat 2: bonuswm ($5.19 in chips) 
Seat 3: SMUTJAN72 ($3.46 in chips) 
Seat 4: JayJayJohnson ($10.26 in chips) 
Seat 5: DerHubert72 ($5.86 in chips) 
Seat 6: NatureVince ($5.15 in chips) 
Seat 7: Dorex2007 ($6.58 in chips) 
Seat 8: B0B SACAMANO ($11.04 in chips) 
Seat 9: Hatkevich ($10.71 in chips) 
2Kazuto: posts small blind $0.02
bonuswm: posts big blind $0.05
*** HOLE CARDS ***
Dealt to Dorex2007 [2d 6h]
SMUTJAN72: folds 
JayJayJohnson: folds 
DerHubert72: folds 
NatureVince: folds 
Dorex2007: folds 
B0B SACAMANO: raises $0.10 to $0.15
Hatkevich: calls $0.15
2Kazuto: calls $0.13
bonuswm: calls $0.10
*** FLOP *** [Kc Ac Jh]
2Kazuto: checks 
bonuswm: checks 
B0B SACAMANO: checks 
Hatkevich: checks 
*** TURN *** [Kc Ac Jh] [6c]
2Kazuto: checks 
bonuswm: checks 
B0B SACAMANO: checks 
Hatkevich: checks 
*** RIVER *** [Kc Ac Jh 6c] [Qh]
2Kazuto: checks 
bonuswm: bets $0.44
B0B SACAMANO: folds 
Hatkevich: folds 
2Kazuto: folds 
Uncalled bet ($0.44) returned to bonuswm
bonuswm collected $0.58 from pot
bonuswm: doesn't show hand 
*** SUMMARY ***
Total pot $0.60 | Rake $0.02 
Board [Kc Ac Jh 6c Qh]
Seat 1: 2Kazuto (small blind) folded on the River
Seat 2: bonuswm (big blind) collected ($0.58)
Seat 3: SMUTJAN72 folded before Flop (didn't bet)
Seat 4: JayJayJohnson folded before Flop (didn't bet)
Seat 5: DerHubert72 folded before Flop (didn't bet)
Seat 6: NatureVince folded before Flop (didn't bet)
Seat 7: Dorex2007 folded before Flop (didn't bet)
Seat 8: B0B SACAMANO folded on the River
Seat 9: Hatkevich (button) folded on the River



PokerStars Hand #238318486116:  Hold'em No Limit ($0.02/$0.05 USD) - 2022/08/30 16:01:09 PT [2022/08/30 19:01:09 ET]
Table 'Skadi II' 9-max Seat #1 is the button
Seat 1: 2Kazuto ($6.57 in chips) 
Seat 2: bonuswm ($5.62 in chips) 
Seat 3: SMUTJAN72 ($3.46 in chips) 
Seat 4: JayJayJohnson ($10.26 in chips) 
Seat 5: DerHubert72 ($5.86 in chips) 
Seat 6: NatureVince ($5.15 in chips) 
Seat 7: Dorex2007 ($6.58 in chips) 
Seat 8: B0B SACAMANO ($10.89 in chips) 
Seat 9: Hatkevich ($10.56 in chips) 
bonuswm: posts small blind $0.02
SMUTJAN72: posts big blind $0.05
*** HOLE CARDS ***
Dealt to Dorex2007 [Ah 9d]
JayJayJohnson: folds 
DerHubert72: raises $0.10 to $0.15
NatureVince: raises $0.37 to $0.52
Dorex2007: folds 
B0B SACAMANO: folds 
Hatkevich: folds 
2Kazuto: folds 
bonuswm: folds 
SMUTJAN72: folds 
DerHubert72: calls $0.37
*** FLOP *** [Js Ts 2h]
DerHubert72: bets $0.53
NatureVince: raises $4.10 to $4.63 and is all-in
DerHubert72: calls $4.10
*** TURN *** [Js Ts 2h] [4d]
*** RIVER *** [Js Ts 2h 4d] [3d]
*** SHOW DOWN ***
DerHubert72: shows [Jh Qh] (a pair of Jacks)
NatureVince: shows [As Kc] (high card Ace)
DerHubert72 collected $9.94 from pot
*** SUMMARY ***
Total pot $10.37 | Rake $0.43 
Board [Js Ts 2h 4d 3d]
Seat 1: 2Kazuto (button) folded before Flop (didn't bet)
Seat 2: bonuswm (small blind) folded before Flop
Seat 3: SMUTJAN72 (big blind) folded before Flop
Seat 4: JayJayJohnson folded before Flop (didn't bet)
Seat 5: DerHubert72 showed [Jh Qh] and won ($9.94) with a pair of Jacks
Seat 6: NatureVince showed [As Kc] and lost with high card Ace
Seat 7: Dorex2007 folded before Flop (didn't bet)
Seat 8: B0B SACAMANO folded before Flop (didn't bet)
Seat 9: Hatkevich folded before Flop (didn't bet)



PokerStars Hand #238318499343:  Hold'em No Limit ($0.02/$0.05 USD) - 2022/08/30 16:01:55 PT [2022/08/30 19:01:55 ET]
Table 'Skadi II' 9-max Seat #2 is the button
Seat 1: 2Kazuto ($6.57 in chips) 
Seat 2: bonuswm ($5.60 in chips) 
Seat 3: SMUTJAN72 ($3.41 in chips) 
Seat 4: JayJayJohnson ($10.26 in chips) 
Seat 5: DerHubert72 ($10.65 in chips) 
Seat 6: NatureVince ($5 in chips) 
Seat 7: Dorex2007 ($6.58 in chips) 
Seat 8: B0B SACAMANO ($10.89 in chips) 
Seat 9: Hatkevich ($10.56 in chips) 
SMUTJAN72: posts small blind $0.02
JayJayJohnson: posts big blind $0.05
*** HOLE CARDS ***
Dealt to Dorex2007 [Ts 7d]
DerHubert72: folds 
NatureVince: raises $0.10 to $0.15
Dorex2007: folds 
B0B SACAMANO: folds 
Hatkevich: folds 
2Kazuto: folds 
bonuswm: folds 
SMUTJAN72: folds 
JayJayJohnson: folds 
Uncalled bet ($0.10) returned to NatureVince
NatureVince collected $0.12 from pot
NatureVince: doesn't show hand 
*** SUMMARY ***
Total pot $0.12 | Rake $0 
Seat 1: 2Kazuto folded before Flop (didn't bet)
Seat 2: bonuswm (button) folded before Flop (didn't bet)
Seat 3: SMUTJAN72 (small blind) folded before Flop
Seat 4: JayJayJohnson (big blind) folded before Flop
Seat 5: DerHubert72 folded before Flop (didn't bet)
Seat 6: NatureVince collected ($0.12)
Seat 7: Dorex2007 folded before Flop (didn't bet)
Seat 8: B0B SACAMANO folded before Flop (didn't bet)
Seat 9: Hatkevich folded before Flop (didn't bet)



PokerStars Hand #238318505515:  Hold'em No Limit ($0.02/$0.05 USD) - 2022/08/30 16:02:16 PT [2022/08/30 19:02:16 ET]
Table 'Skadi II' 9-max Seat #3 is the button
Seat 1: 2Kazuto ($6.57 in chips) 
Seat 2: bonuswm ($5.60 in chips) 
Seat 3: SMUTJAN72 ($3.39 in chips) 
Seat 4: JayJayJohnson ($10.21 in chips) 
Seat 5: DerHubert72 ($10.65 in chips) 
Seat 6: NatureVince ($5.07 in chips) 
Seat 7: Dorex2007 ($6.58 in chips) 
Seat 8: B0B SACAMANO ($10.89 in chips) 
Seat 9: Hatkevich ($10.56 in chips) 
JayJayJohnson: posts small blind $0.02
DerHubert72: posts big blind $0.05
*** HOLE CARDS ***
Dealt to Dorex2007 [2c Qs]
NatureVince: folds 
Dorex2007: folds 
B0B SACAMANO: raises $0.10 to $0.15
Hatkevich: folds 
2Kazuto: folds 
bonuswm: calls $0.15
SMUTJAN72: folds 
JayJayJohnson: folds 
DerHubert72: folds 
*** FLOP *** [Js 9c 2s]
B0B SACAMANO: bets $0.23
bonuswm: folds 
Uncalled bet ($0.23) returned to B0B SACAMANO
B0B SACAMANO collected $0.35 from pot
B0B SACAMANO: doesn't show hand 
*** SUMMARY ***
Total pot $0.37 | Rake $0.02 
Board [Js 9c 2s]
Seat 1: 2Kazuto folded before Flop (didn't bet)
Seat 2: bonuswm folded on the Flop
Seat 3: SMUTJAN72 (button) folded before Flop (didn't bet)
Seat 4: JayJayJohnson (small blind) folded before Flop
Seat 5: DerHubert72 (big blind) folded before Flop
Seat 6: NatureVince folded before Flop (didn't bet)
Seat 7: Dorex2007 folded before Flop (didn't bet)
Seat 8: B0B SACAMANO collected ($0.35)
Seat 9: Hatkevich folded before Flop (didn't bet)



PokerStars Hand #238318516300:  Hold'em No Limit ($0.02/$0.05 USD) - 2022/08/30 16:02:54 PT [2022/08/30 19:02:54 ET]
Table 'Skadi II' 9-max Seat #4 is the button
Seat 1: 2Kazuto ($6.57 in chips) 
Seat 2: bonuswm ($5.45 in chips) 
Seat 3: SMUTJAN72 ($3.39 in chips) 
Seat 4: JayJayJohnson ($10.19 in chips) 
Seat 5: DerHubert72 ($10.60 in chips) 
Seat 6: NatureVince ($5.07 in chips) 
Seat 7: Dorex2007 ($6.58 in chips) 
Seat 8: B0B SACAMANO ($11.09 in chips) 
Seat 9: Hatkevich ($10.56 in chips) 
DerHubert72: posts small blind $0.02
NatureVince: posts big blind $0.05
*** HOLE CARDS ***
Dealt to Dorex2007 [Kd 7s]
Dorex2007: folds 
B0B SACAMANO: folds 
Hatkevich: folds 
2Kazuto: folds 
bonuswm: raises $0.10 to $0.15
SMUTJAN72: folds 
JayJayJohnson: raises $0.30 to $0.45
DerHubert72: folds 
NatureVince: folds 
bonuswm: calls $0.30
*** FLOP *** [2c Jh Tc]
bonuswm: checks 
JayJayJohnson: bets $0.46
bonuswm: folds 
Uncalled bet ($0.46) returned to JayJayJohnson
JayJayJohnson collected $0.93 from pot
*** SUMMARY ***
Total pot $0.97 | Rake $0.04 
Board [2c Jh Tc]
Seat 1: 2Kazuto folded before Flop (didn't bet)
Seat 2: bonuswm folded on the Flop
Seat 3: SMUTJAN72 folded before Flop (didn't bet)
Seat 4: JayJayJohnson (button) collected ($0.93)
Seat 5: DerHubert72 (small blind) folded before Flop
Seat 6: NatureVince (big blind) folded before Flop
Seat 7: Dorex2007 folded before Flop (didn't bet)
Seat 8: B0B SACAMANO folded before Flop (didn't bet)
Seat 9: Hatkevich folded before Flop (didn't bet)



PokerStars Hand #238318528836:  Hold'em No Limit ($0.02/$0.05 USD) - 2022/08/30 16:03:38 PT [2022/08/30 19:03:38 ET]
Table 'Skadi II' 9-max Seat #5 is the button
Seat 1: 2Kazuto ($6.57 in chips) 
Seat 2: bonuswm ($5 in chips) 
Seat 3: SMUTJAN72 ($3.39 in chips) 
Seat 4: JayJayJohnson ($10.67 in chips) 
Seat 5: DerHubert72 ($10.58 in chips) 
Seat 6: NatureVince ($5.02 in chips) 
Seat 7: Dorex2007 ($6.58 in chips) 
Seat 8: B0B SACAMANO ($11.09 in chips) 
Seat 9: Hatkevich ($10.56 in chips) 
NatureVince: posts small blind $0.02
Dorex2007: posts big blind $0.05
*** HOLE CARDS ***
Dealt to Dorex2007 [Ks 4h]
B0B SACAMANO: folds 
Hatkevich: folds 
2Kazuto: folds 
bonuswm: folds 
SMUTJAN72: folds 
JayJayJohnson: folds 
DerHubert72: folds 
NatureVince: folds 
Uncalled bet ($0.03) returned to Dorex2007
Dorex2007 collected $0.04 from pot
Dorex2007: doesn't show hand 
*** SUMMARY ***
Total pot $0.04 | Rake $0 
Seat 1: 2Kazuto folded before Flop (didn't bet)
Seat 2: bonuswm folded before Flop (didn't bet)
Seat 3: SMUTJAN72 folded before Flop (didn't bet)
Seat 4: JayJayJohnson folded before Flop (didn't bet)
Seat 5: DerHubert72 (button) folded before Flop (didn't bet)
Seat 6: NatureVince (small blind) folded before Flop
Seat 7: Dorex2007 (big blind) collected ($0.04)
Seat 8: B0B SACAMANO folded before Flop (didn't bet)
Seat 9: Hatkevich folded before Flop (didn't bet)



PokerStars Hand #238318533405:  Hold'em No Limit ($0.02/$0.05 USD) - 2022/08/30 16:03:54 PT [2022/08/30 19:03:54 ET]
Table 'Skadi II' 9-max Seat #6 is the button
Seat 1: 2Kazuto ($6.57 in chips) 
Seat 2: bonuswm ($5 in chips) 
Seat 3: SMUTJAN72 ($3.39 in chips) 
Seat 4: JayJayJohnson ($10.67 in chips) 
Seat 5: DerHubert72 ($10.58 in chips) 
Seat 6: NatureVince ($5 in chips) 
Seat 7: Dorex2007 ($6.60 in chips) 
Seat 8: B0B SACAMANO ($11.09 in chips) 
Seat 9: Hatkevich ($10.56 in chips) 
Dorex2007: posts small blind $0.02
B0B SACAMANO: posts big blind $0.05
*** HOLE CARDS ***
Dealt to Dorex2007 [Ah 2c]
Hatkevich: raises $0.07 to $0.12
2Kazuto: folds 
bonuswm: folds 
SMUTJAN72: folds 
JayJayJohnson: folds 
DerHubert72: folds 
NatureVince: folds 
Dorex2007: folds 
B0B SACAMANO: folds 
Uncalled bet ($0.07) returned to Hatkevich
Hatkevich collected $0.12 from pot
Hatkevich: doesn't show hand 
*** SUMMARY ***
Total pot $0.12 | Rake $0 
Seat 1: 2Kazuto folded before Flop (didn't bet)
Seat 2: bonuswm folded before Flop (didn't bet)
Seat 3: SMUTJAN72 folded before Flop (didn't bet)
Seat 4: JayJayJohnson folded before Flop (didn't bet)
Seat 5: DerHubert72 folded before Flop (didn't bet)
Seat 6: NatureVince (button) folded before Flop (didn't bet)
Seat 7: Dorex2007 (small blind) folded before Flop
Seat 8: B0B SACAMANO (big blind) folded before Flop
Seat 9: Hatkevich collected ($0.12)



PokerStars Hand #238318539248:  Hold'em No Limit ($0.02/$0.05 USD) - 2022/08/30 16:04:14 PT [2022/08/30 19:04:14 ET]
Table 'Skadi II' 9-max Seat #7 is the button
Seat 1: 2Kazuto ($6.57 in chips) 
Seat 2: bonuswm ($5 in chips) 
Seat 3: SMUTJAN72 ($3.39 in chips) 
Seat 4: JayJayJohnson ($10.67 in chips) 
Seat 5: DerHubert72 ($10.58 in chips) 
Seat 6: NatureVince ($5 in chips) 
Seat 7: Dorex2007 ($6.58 in chips) 
Seat 8: B0B SACAMANO ($11.04 in chips) 
Seat 9: Hatkevich ($10.63 in chips) 
B0B SACAMANO: posts small blind $0.02
Hatkevich: posts big blind $0.05
*** HOLE CARDS ***
Dealt to Dorex2007 [4s 7s]
2Kazuto: folds 
bonuswm: raises $0.10 to $0.15
SMUTJAN72: folds 
JayJayJohnson: folds 
DerHubert72: folds 
NatureVince: folds 
Dorex2007: folds 
B0B SACAMANO: raises $0.30 to $0.45
Hatkevich: folds 
bonuswm: calls $0.30
*** FLOP *** [Td 7h 3c]
B0B SACAMANO: bets $0.60
bonuswm: calls $0.60
*** TURN *** [Td 7h 3c] [Kd]
B0B SACAMANO: checks 
bonuswm: checks 
*** RIVER *** [Td 7h 3c Kd] [Ah]
B0B SACAMANO: bets $1.03
bonuswm: folds 
Uncalled bet ($1.03) returned to B0B SACAMANO
B0B SACAMANO collected $2.06 from pot
B0B SACAMANO: doesn't show hand 
*** SUMMARY ***
Total pot $2.15 | Rake $0.09 
Board [Td 7h 3c Kd Ah]
Seat 1: 2Kazuto folded before Flop (didn't bet)
Seat 2: bonuswm folded on the River
Seat 3: SMUTJAN72 folded before Flop (didn't bet)
Seat 4: JayJayJohnson folded before Flop (didn't bet)
Seat 5: DerHubert72 folded before Flop (didn't bet)
Seat 6: NatureVince folded before Flop (didn't bet)
Seat 7: Dorex2007 (button) folded before Flop (didn't bet)
Seat 8: B0B SACAMANO (small blind) collected ($2.06)
Seat 9: Hatkevich (big blind) folded before Flop



PokerStars Hand #238318553536:  Hold'em No Limit ($0.02/$0.05 USD) - 2022/08/30 16:05:04 PT [2022/08/30 19:05:04 ET]
Table 'Skadi II' 9-max Seat #8 is the button
Seat 1: 2Kazuto ($6.57 in chips) 
Seat 2: bonuswm ($5 in chips) 
Seat 3: SMUTJAN72 ($3.39 in chips) 
Seat 4: JayJayJohnson ($10.67 in chips) 
Seat 5: DerHubert72 ($10.58 in chips) 
Seat 6: NatureVince ($5 in chips) 
Seat 7: Dorex2007 ($6.58 in chips) 
Seat 8: B0B SACAMANO ($12.05 in chips) 
Seat 9: Hatkevich ($10.58 in chips) 
Hatkevich: posts small blind $0.02
2Kazuto: posts big blind $0.05
*** HOLE CARDS ***
Dealt to Dorex2007 [5h Js]
bonuswm: folds 
SMUTJAN72: folds 
JayJayJohnson: folds 
DerHubert72: folds 
NatureVince: folds 
Dorex2007: folds 
B0B SACAMANO: folds 
Hatkevich: folds 
Uncalled bet ($0.03) returned to 2Kazuto
2Kazuto collected $0.04 from pot
2Kazuto: doesn't show hand 
*** SUMMARY ***
Total pot $0.04 | Rake $0 
Seat 1: 2Kazuto (big blind) collected ($0.04)
Seat 2: bonuswm folded before Flop (didn't bet)
Seat 3: SMUTJAN72 folded before Flop (didn't bet)
Seat 4: JayJayJohnson folded before Flop (didn't bet)
Seat 5: DerHubert72 folded before Flop (didn't bet)
Seat 6: NatureVince folded before Flop (didn't bet)
Seat 7: Dorex2007 folded before Flop (didn't bet)
Seat 8: B0B SACAMANO (button) folded before Flop (didn't bet)
Seat 9: Hatkevich (small blind) folded before Flop



PokerStars Hand #238318557884:  Hold'em No Limit ($0.02/$0.05 USD) - 2022/08/30 16:05:19 PT [2022/08/30 19:05:19 ET]
Table 'Skadi II' 9-max Seat #9 is the button
Seat 1: 2Kazuto ($6.59 in chips) 
Seat 2: bonuswm ($5 in chips) 
Seat 3: SMUTJAN72 ($3.39 in chips) 
Seat 4: JayJayJohnson ($10.67 in chips) 
Seat 5: DerHubert72 ($10.58 in chips) 
Seat 6: NatureVince ($5 in chips) 
Seat 7: Dorex2007 ($6.58 in chips) 
Seat 8: B0B SACAMANO ($12.05 in chips) 
Seat 9: Hatkevich ($10.56 in chips) 
2Kazuto: posts small blind $0.02
bonuswm: posts big blind $0.05
*** HOLE CARDS ***
Dealt to Dorex2007 [8c 3d]
SMUTJAN72: folds 
JayJayJohnson: folds 
DerHubert72: folds 
NatureVince: raises $0.10 to $0.15
Dorex2007: folds 
B0B SACAMANO: folds 
Hatkevich: folds 
2Kazuto: calls $0.13
bonuswm: folds 
*** FLOP *** [3h 4d 4c]
2Kazuto: checks 
NatureVince: bets $0.17
2Kazuto: calls $0.17
*** TURN *** [3h 4d 4c] [9d]
2Kazuto: checks 
NatureVince: bets $0.50
2Kazuto: raises $0.83 to $1.33
NatureVince: calls $0.83
*** RIVER *** [3h 4d 4c 9d] [Ah]
2Kazuto: checks 
NatureVince: checks 
*** SHOW DOWN ***
2Kazuto: shows [Th 8h] (a pair of Fours)
NatureVince: shows [Tc 9c] (two pair, Nines and Fours)
NatureVince collected $3.21 from pot
*** SUMMARY ***
Total pot $3.35 | Rake $0.14 
Board [3h 4d 4c 9d Ah]
Seat 1: 2Kazuto (small blind) showed [Th 8h] and lost with a pair of Fours
Seat 2: bonuswm (big blind) folded before Flop
Seat 3: SMUTJAN72 folded before Flop (didn't bet)
Seat 4: JayJayJohnson folded before Flop (didn't bet)
Seat 5: DerHubert72 folded before Flop (didn't bet)
Seat 6: NatureVince showed [Tc 9c] and won ($3.21) with two pair, Nines and Fours
Seat 7: Dorex2007 folded before Flop (didn't bet)
Seat 8: B0B SACAMANO folded before Flop (didn't bet)
Seat 9: Hatkevich (button) folded before Flop (didn't bet)



PokerStars Hand #238318573651:  Hold'em No Limit ($0.02/$0.05 USD) - 2022/08/30 16:06:14 PT [2022/08/30 19:06:14 ET]
Table 'Skadi II' 9-max Seat #1 is the button
Seat 1: 2Kazuto ($4.94 in chips) 
Seat 2: bonuswm ($5 in chips) 
Seat 3: SMUTJAN72 ($3.39 in chips) 
Seat 4: JayJayJohnson ($10.67 in chips) 
Seat 5: DerHubert72 ($10.58 in chips) 
Seat 6: NatureVince ($6.56 in chips) 
Seat 7: Dorex2007 ($6.58 in chips) 
Seat 8: B0B SACAMANO ($12.05 in chips) 
Seat 9: Hatkevich ($10.56 in chips) 
bonuswm: posts small blind $0.02
SMUTJAN72: posts big blind $0.05
*** HOLE CARDS ***
Dealt to Dorex2007 [Jh Td]
JayJayJohnson: folds 
DerHubert72: folds 
NatureVince: folds 
Dorex2007: folds 
B0B SACAMANO: folds 
Hatkevich: folds 
2Kazuto: folds 
bonuswm: raises $0.10 to $0.15
SMUTJAN72: folds 
Uncalled bet ($0.10) returned to bonuswm
bonuswm collected $0.10 from pot
bonuswm: doesn't show hand 
*** SUMMARY ***
Total pot $0.10 | Rake $0 
Seat 1: 2Kazuto (button) folded before Flop (didn't bet)
Seat 2: bonuswm (small blind) collected ($0.10)
Seat 3: SMUTJAN72 (big blind) folded before Flop
Seat 4: JayJayJohnson folded before Flop (didn't bet)
Seat 5: DerHubert72 folded before Flop (didn't bet)
Seat 6: NatureVince folded before Flop (didn't bet)
Seat 7: Dorex2007 folded before Flop (didn't bet)
Seat 8: B0B SACAMANO folded before Flop (didn't bet)
Seat 9: Hatkevich folded before Flop (didn't bet)



PokerStars Hand #238318579224:  Hold'em No Limit ($0.02/$0.05 USD) - 2022/08/30 16:06:33 PT [2022/08/30 19:06:33 ET]
Table 'Skadi II' 9-max Seat #2 is the button
Seat 1: 2Kazuto ($4.94 in chips) 
Seat 2: bonuswm ($5.05 in chips) 
Seat 3: SMUTJAN72 ($3.34 in chips) 
Seat 4: JayJayJohnson ($10.67 in chips) 
Seat 5: DerHubert72 ($10.58 in chips) 
Seat 6: NatureVince ($6.56 in chips) 
Seat 7: Dorex2007 ($6.58 in chips) 
Seat 8: B0B SACAMANO ($12.05 in chips) 
Seat 9: Hatkevich ($10.56 in chips) 
SMUTJAN72: posts small blind $0.02
JayJayJohnson: posts big blind $0.05
*** HOLE CARDS ***
Dealt to Dorex2007 [3d 5s]
DerHubert72: folds 
NatureVince: raises $0.10 to $0.15
Dorex2007: folds 
B0B SACAMANO: folds 
Hatkevich: folds 
2Kazuto: folds 
bonuswm: folds 
SMUTJAN72: folds 
JayJayJohnson: calls $0.10
*** FLOP *** [7h 2s 9h]
JayJayJohnson: checks 
NatureVince: bets $0.15
JayJayJohnson: calls $0.15
*** TURN *** [7h 2s 9h] [3c]
JayJayJohnson: checks 
NatureVince: checks 
*** RIVER *** [7h 2s 9h 3c] [2h]
JayJayJohnson: checks 
NatureVince: bets $0.44
JayJayJohnson: folds 
Uncalled bet ($0.44) returned to NatureVince
NatureVince collected $0.59 from pot
NatureVince: doesn't show hand 
*** SUMMARY ***
Total pot $0.62 | Rake $0.03 
Board [7h 2s 9h 3c 2h]
Seat 1: 2Kazuto folded before Flop (didn't bet)
Seat 2: bonuswm (button) folded before Flop (didn't bet)
Seat 3: SMUTJAN72 (small blind) folded before Flop
Seat 4: JayJayJohnson (big blind) folded on the River
Seat 5: DerHubert72 folded before Flop (didn't bet)
Seat 6: NatureVince collected ($0.59)
Seat 7: Dorex2007 folded before Flop (didn't bet)
Seat 8: B0B SACAMANO folded before Flop (didn't bet)
Seat 9: Hatkevich folded before Flop (didn't bet)



PokerStars Hand #238318595278:  Hold'em No Limit ($0.02/$0.05 USD) - 2022/08/30 16:07:30 PT [2022/08/30 19:07:30 ET]
Table 'Skadi II' 9-max Seat #3 is the button
Seat 1: 2Kazuto ($4.94 in chips) 
Seat 2: bonuswm ($5.05 in chips) 
Seat 3: SMUTJAN72 ($3.32 in chips) 
Seat 4: JayJayJohnson ($10.37 in chips) 
Seat 5: DerHubert72 ($10.58 in chips) 
Seat 6: NatureVince ($6.85 in chips) 
Seat 7: Dorex2007 ($6.58 in chips) 
Seat 8: B0B SACAMANO ($12.05 in chips) 
Seat 9: Hatkevich ($10.56 in chips) 
JayJayJohnson: posts small blind $0.02
DerHubert72: posts big blind $0.05
*** HOLE CARDS ***
Dealt to Dorex2007 [Jc Kc]
NatureVince: folds 
Dorex2007: raises $0.10 to $0.15
B0B SACAMANO: folds 
Hatkevich: folds 
2Kazuto: folds 
bonuswm: folds 
SMUTJAN72: calls $0.15
JayJayJohnson: folds 
DerHubert72: folds 
*** FLOP *** [Tc Kd Ac]
Dorex2007: checks 
SMUTJAN72: checks 
*** TURN *** [Tc Kd Ac] [7d]
Dorex2007: bets $0.17
SMUTJAN72: folds 
Uncalled bet ($0.17) returned to Dorex2007
Dorex2007 collected $0.35 from pot
Dorex2007: doesn't show hand 
*** SUMMARY ***
Total pot $0.37 | Rake $0.02 
Board [Tc Kd Ac 7d]
Seat 1: 2Kazuto folded before Flop (didn't bet)
Seat 2: bonuswm folded before Flop (didn't bet)
Seat 3: SMUTJAN72 (button) folded on the Turn
Seat 4: JayJayJohnson (small blind) folded before Flop
Seat 5: DerHubert72 (big blind) folded before Flop
Seat 6: NatureVince folded before Flop (didn't bet)
Seat 7: Dorex2007 collected ($0.35)
Seat 8: B0B SACAMANO folded before Flop (didn't bet)
Seat 9: Hatkevich folded before Flop (didn't bet)



PokerStars Hand #238318605563:  Hold'em No Limit ($0.02/$0.05 USD) - 2022/08/30 16:08:05 PT [2022/08/30 19:08:05 ET]
Table 'Skadi II' 9-max Seat #4 is the button
Seat 1: 2Kazuto ($4.94 in chips) 
Seat 2: bonuswm ($5.05 in chips) 
Seat 3: SMUTJAN72 ($3.17 in chips) 
Seat 4: JayJayJohnson ($10.35 in chips) 
Seat 5: DerHubert72 ($10.53 in chips) 
Seat 6: NatureVince ($6.85 in chips) 
Seat 7: Dorex2007 ($6.78 in chips) 
Seat 8: B0B SACAMANO ($12.05 in chips) 
Seat 9: Hatkevich ($10.56 in chips) 
DerHubert72: posts small blind $0.02
NatureVince: posts big blind $0.05
*** HOLE CARDS ***
Dealt to Dorex2007 [8d Kc]
Dorex2007: folds 
B0B SACAMANO: folds 
Hatkevich: folds 
2Kazuto: raises $0.11 to $0.16
bonuswm: folds 
SMUTJAN72: folds 
JayJayJohnson: folds 
DerHubert72: folds 
NatureVince: folds 
Uncalled bet ($0.11) returned to 2Kazuto
2Kazuto collected $0.12 from pot
2Kazuto: doesn't show hand 
*** SUMMARY ***
Total pot $0.12 | Rake $0 
Seat 1: 2Kazuto collected ($0.12)
Seat 2: bonuswm folded before Flop (didn't bet)
Seat 3: SMUTJAN72 folded before Flop (didn't bet)
Seat 4: JayJayJohnson (button) folded before Flop (didn't bet)
Seat 5: DerHubert72 (small blind) folded before Flop
Seat 6: NatureVince (big blind) folded before Flop
Seat 7: Dorex2007 folded before Flop (didn't bet)
Seat 8: B0B SACAMANO folded before Flop (didn't bet)
Seat 9: Hatkevich folded before Flop (didn't bet)



PokerStars Hand #238318612131:  Hold'em No Limit ($0.02/$0.05 USD) - 2022/08/30 16:08:29 PT [2022/08/30 19:08:29 ET]
Table 'Skadi II' 9-max Seat #5 is the button
Seat 1: 2Kazuto ($5.01 in chips) 
Seat 2: bonuswm ($5.05 in chips) 
Seat 3: SMUTJAN72 ($3.17 in chips) 
Seat 4: JayJayJohnson ($10.35 in chips) 
Seat 5: DerHubert72 ($10.51 in chips) 
Seat 6: NatureVince ($6.80 in chips) 
Seat 7: Dorex2007 ($6.78 in chips) 
Seat 8: B0B SACAMANO ($12.05 in chips) 
Seat 9: Hatkevich ($10.56 in chips) 
NatureVince: posts small blind $0.02
Dorex2007: posts big blind $0.05
*** HOLE CARDS ***
Dealt to Dorex2007 [Qd 2s]
B0B SACAMANO: folds 
Hatkevich: folds 
2Kazuto: raises $0.09 to $0.14
bonuswm: folds 
SMUTJAN72: folds 
JayJayJohnson: folds 
DerHubert72: folds 
NatureVince: folds 
Dorex2007: folds 
Uncalled bet ($0.09) returned to 2Kazuto
2Kazuto collected $0.12 from pot
2Kazuto: doesn't show hand 
*** SUMMARY ***
Total pot $0.12 | Rake $0 
Seat 1: 2Kazuto collected ($0.12)
Seat 2: bonuswm folded before Flop (didn't bet)
Seat 3: SMUTJAN72 folded before Flop (didn't bet)
Seat 4: JayJayJohnson folded before Flop (didn't bet)
Seat 5: DerHubert72 (button) folded before Flop (didn't bet)
Seat 6: NatureVince (small blind) folded before Flop
Seat 7: Dorex2007 (big blind) folded before Flop
Seat 8: B0B SACAMANO folded before Flop (didn't bet)
Seat 9: Hatkevich folded before Flop (didn't bet)



PokerStars Hand #238318616680:  Hold'em No Limit ($0.02/$0.05 USD) - 2022/08/30 16:08:45 PT [2022/08/30 19:08:45 ET]
Table 'Skadi II' 9-max Seat #6 is the button
Seat 1: 2Kazuto ($5.08 in chips) 
Seat 2: bonuswm ($5.05 in chips) 
Seat 3: SMUTJAN72 ($3.17 in chips) 
Seat 4: JayJayJohnson ($10.35 in chips) 
Seat 5: DerHubert72 ($10.51 in chips) 
Seat 6: NatureVince ($6.78 in chips) 
Seat 7: Dorex2007 ($6.73 in chips) 
Seat 8: B0B SACAMANO ($12.05 in chips) 
Seat 9: Hatkevich ($10.56 in chips) 
Dorex2007: posts small blind $0.02
B0B SACAMANO: posts big blind $0.05
*** HOLE CARDS ***
Dealt to Dorex2007 [7d 6h]
Hatkevich: folds 
2Kazuto: folds 
bonuswm: folds 
SMUTJAN72: raises $0.05 to $0.10
JayJayJohnson: folds 
DerHubert72: folds 
NatureVince: folds 
Dorex2007: folds 
B0B SACAMANO: folds 
Uncalled bet ($0.05) returned to SMUTJAN72
SMUTJAN72 collected $0.12 from pot
*** SUMMARY ***
Total pot $0.12 | Rake $0 
Seat 1: 2Kazuto folded before Flop (didn't bet)
Seat 2: bonuswm folded before Flop (didn't bet)
Seat 3: SMUTJAN72 collected ($0.12)
Seat 4: JayJayJohnson folded before Flop (didn't bet)
Seat 5: DerHubert72 folded before Flop (didn't bet)
Seat 6: NatureVince (button) folded before Flop (didn't bet)
Seat 7: Dorex2007 (small blind) folded before Flop
Seat 8: B0B SACAMANO (big blind) folded before Flop
Seat 9: Hatkevich folded before Flop (didn't bet)



PokerStars Hand #238318620785:  Hold'em No Limit ($0.02/$0.05 USD) - 2022/08/30 16:08:59 PT [2022/08/30 19:08:59 ET]
Table 'Skadi II' 9-max Seat #7 is the button
Seat 1: 2Kazuto ($5.08 in chips) 
Seat 2: bonuswm ($5.05 in chips) 
Seat 3: SMUTJAN72 ($3.24 in chips) 
Seat 4: JayJayJohnson ($10.35 in chips) 
Seat 5: DerHubert72 ($10.51 in chips) 
Seat 6: NatureVince ($6.78 in chips) 
Seat 7: Dorex2007 ($6.71 in chips) 
Seat 8: B0B SACAMANO ($12 in chips) 
Seat 9: Hatkevich ($10.56 in chips) 
B0B SACAMANO: posts small blind $0.02
Hatkevich: posts big blind $0.05
*** HOLE CARDS ***
Dealt to Dorex2007 [3c Kh]
2Kazuto: folds 
bonuswm: folds 
SMUTJAN72: raises $0.05 to $0.10
JayJayJohnson: calls $0.10
DerHubert72: folds 
NatureVince: folds 
Dorex2007: folds 
B0B SACAMANO: folds 
Hatkevich: raises $0.20 to $0.30
SMUTJAN72: calls $0.20
JayJayJohnson: calls $0.20
*** FLOP *** [Kd 4h 2d]
Hatkevich: bets $0.28
SMUTJAN72: folds 
JayJayJohnson: calls $0.28
*** TURN *** [Kd 4h 2d] [9s]
Hatkevich: bets $0.95
JayJayJohnson: calls $0.95
*** RIVER *** [Kd 4h 2d 9s] [Qs]
Hatkevich: checks 
JayJayJohnson: bets $2
Hatkevich: folds 
Uncalled bet ($2) returned to JayJayJohnson
JayJayJohnson collected $3.24 from pot
*** SUMMARY ***
Total pot $3.38 | Rake $0.14 
Board [Kd 4h 2d 9s Qs]
Seat 1: 2Kazuto folded before Flop (didn't bet)
Seat 2: bonuswm folded before Flop (didn't bet)
Seat 3: SMUTJAN72 folded on the Flop
Seat 4: JayJayJohnson collected ($3.24)
Seat 5: DerHubert72 folded before Flop (didn't bet)
Seat 6: NatureVince folded before Flop (didn't bet)
Seat 7: Dorex2007 (button) folded before Flop (didn't bet)
Seat 8: B0B SACAMANO (small blind) folded before Flop
Seat 9: Hatkevich (big blind) folded on the River



PokerStars Hand #238318646688:  Hold'em No Limit ($0.02/$0.05 USD) - 2022/08/30 16:10:31 PT [2022/08/30 19:10:31 ET]
Table 'Skadi II' 9-max Seat #8 is the button
Seat 1: 2Kazuto ($5.08 in chips) 
Seat 2: bonuswm ($5.05 in chips) 
Seat 3: SMUTJAN72 ($2.94 in chips) 
Seat 4: JayJayJohnson ($12.06 in chips) 
Seat 5: DerHubert72 ($10.51 in chips) 
Seat 6: NatureVince ($6.78 in chips) 
Seat 7: Dorex2007 ($6.71 in chips) 
Seat 8: B0B SACAMANO ($11.98 in chips) 
Seat 9: Hatkevich ($9.03 in chips) 
Hatkevich: posts small blind $0.02
2Kazuto: posts big blind $0.05
*** HOLE CARDS ***
Dealt to Dorex2007 [6s 4c]
bonuswm: folds 
SMUTJAN72: folds 
JayJayJohnson: folds 
DerHubert72: folds 
NatureVince: folds 
Dorex2007: folds 
B0B SACAMANO: raises $0.10 to $0.15
Hatkevich: folds 
2Kazuto: calls $0.10
*** FLOP *** [Th 4d 7d]
2Kazuto: checks 
B0B SACAMANO: checks 
*** TURN *** [Th 4d 7d] [5s]
2Kazuto: checks 
B0B SACAMANO: checks 
*** RIVER *** [Th 4d 7d 5s] [Ac]
2Kazuto: checks 
B0B SACAMANO: bets $0.15
2Kazuto: folds 
Uncalled bet ($0.15) returned to B0B SACAMANO
B0B SACAMANO collected $0.31 from pot
B0B SACAMANO: doesn't show hand 
*** SUMMARY ***
Total pot $0.32 | Rake $0.01 
Board [Th 4d 7d 5s Ac]
Seat 1: 2Kazuto (big blind) folded on the River
Seat 2: bonuswm folded before Flop (didn't bet)
Seat 3: SMUTJAN72 folded before Flop (didn't bet)
Seat 4: JayJayJohnson folded before Flop (didn't bet)
Seat 5: DerHubert72 folded before Flop (didn't bet)
Seat 6: NatureVince folded before Flop (didn't bet)
Seat 7: Dorex2007 folded before Flop (didn't bet)
Seat 8: B0B SACAMANO (button) collected ($0.31)
Seat 9: Hatkevich (small blind) folded before Flop



PokerStars Hand #238318658072:  Hold'em No Limit ($0.02/$0.05 USD) - 2022/08/30 16:11:11 PT [2022/08/30 19:11:11 ET]
Table 'Skadi II' 9-max Seat #9 is the button
Seat 1: 2Kazuto ($4.93 in chips) 
Seat 2: bonuswm ($5.05 in chips) 
Seat 3: SMUTJAN72 ($4.94 in chips) 
Seat 4: JayJayJohnson ($12.06 in chips) 
Seat 5: DerHubert72 ($10.51 in chips) 
Seat 6: NatureVince ($6.78 in chips) 
Seat 7: Dorex2007 ($6.71 in chips) 
Seat 8: B0B SACAMANO ($12.14 in chips) 
Seat 9: Hatkevich ($9.01 in chips) 
2Kazuto: posts small blind $0.02
bonuswm: posts big blind $0.05
*** HOLE CARDS ***
Dealt to Dorex2007 [6h 9s]
SMUTJAN72: folds 
JayJayJohnson: folds 
DerHubert72: folds 
NatureVince: raises $0.10 to $0.15
Dorex2007: folds 
B0B SACAMANO: folds 
Hatkevich: folds 
2Kazuto: folds 
bonuswm: folds 
Uncalled bet ($0.10) returned to NatureVince
NatureVince collected $0.12 from pot
NatureVince: doesn't show hand 
*** SUMMARY ***
Total pot $0.12 | Rake $0 
Seat 1: 2Kazuto (small blind) folded before Flop
Seat 2: bonuswm (big blind) folded before Flop
Seat 3: SMUTJAN72 folded before Flop (didn't bet)
Seat 4: JayJayJohnson folded before Flop (didn't bet)
Seat 5: DerHubert72 folded before Flop (didn't bet)
Seat 6: NatureVince collected ($0.12)
Seat 7: Dorex2007 folded before Flop (didn't bet)
Seat 8: B0B SACAMANO folded before Flop (didn't bet)
Seat 9: Hatkevich (button) folded before Flop (didn't bet)



PokerStars Hand #238318662545:  Hold'em No Limit ($0.02/$0.05 USD) - 2022/08/30 16:11:27 PT [2022/08/30 19:11:27 ET]
Table 'Skadi II' 9-max Seat #1 is the button
Seat 1: 2Kazuto ($4.91 in chips) 
Seat 2: bonuswm ($5 in chips) 
Seat 3: SMUTJAN72 ($4.94 in chips) 
Seat 4: JayJayJohnson ($12.06 in chips) 
Seat 5: DerHubert72 ($10.51 in chips) 
Seat 6: NatureVince ($6.85 in chips) 
Seat 7: Dorex2007 ($6.71 in chips) 
Seat 8: B0B SACAMANO ($12.14 in chips) 
Seat 9: Hatkevich ($9.01 in chips) 
bonuswm: posts small blind $0.02
SMUTJAN72: posts big blind $0.05
*** HOLE CARDS ***
Dealt to Dorex2007 [2h Ks]
JayJayJohnson: folds 
DerHubert72: folds 
NatureVince: folds 
Dorex2007: folds 
B0B SACAMANO: folds 
Hatkevich: folds 
2Kazuto: folds 
bonuswm: folds 
Uncalled bet ($0.03) returned to SMUTJAN72
SMUTJAN72 collected $0.04 from pot
*** SUMMARY ***
Total pot $0.04 | Rake $0 
Seat 1: 2Kazuto (button) folded before Flop (didn't bet)
Seat 2: bonuswm (small blind) folded before Flop
Seat 3: SMUTJAN72 (big blind) collected ($0.04)
Seat 4: JayJayJohnson folded before Flop (didn't bet)
Seat 5: DerHubert72 folded before Flop (didn't bet)
Seat 6: NatureVince folded before Flop (didn't bet)
Seat 7: Dorex2007 folded before Flop (didn't bet)
Seat 8: B0B SACAMANO folded before Flop (didn't bet)
Seat 9: Hatkevich folded before Flop (didn't bet)



PokerStars Hand #238318667088:  Hold'em No Limit ($0.02/$0.05 USD) - 2022/08/30 16:11:43 PT [2022/08/30 19:11:43 ET]
Table 'Skadi II' 9-max Seat #2 is the button
Seat 1: 2Kazuto ($4.91 in chips) 
Seat 2: bonuswm ($5 in chips) 
Seat 3: SMUTJAN72 ($4.96 in chips) 
Seat 4: JayJayJohnson ($12.06 in chips) 
Seat 5: DerHubert72 ($10.51 in chips) 
Seat 6: NatureVince ($6.85 in chips) 
Seat 7: Dorex2007 ($6.71 in chips) 
Seat 8: B0B SACAMANO ($12.14 in chips) 
Seat 9: Hatkevich ($9.01 in chips) 
SMUTJAN72: posts small blind $0.02
JayJayJohnson: posts big blind $0.05
*** HOLE CARDS ***
Dealt to Dorex2007 [Tc 4d]
DerHubert72: folds 
NatureVince: folds 
Dorex2007: folds 
B0B SACAMANO: raises $0.10 to $0.15
Hatkevich: folds 
2Kazuto: calls $0.15
bonuswm: calls $0.15
SMUTJAN72: folds 
JayJayJohnson: calls $0.10
*** FLOP *** [Kh 2s Ts]
JayJayJohnson: checks 
B0B SACAMANO: checks 
2Kazuto: checks 
bonuswm: checks 
*** TURN *** [Kh 2s Ts] [Ac]
JayJayJohnson: checks 
B0B SACAMANO: checks 
2Kazuto: bets $0.42
bonuswm: folds 
JayJayJohnson: folds 
B0B SACAMANO: folds 
Uncalled bet ($0.42) returned to 2Kazuto
2Kazuto collected $0.59 from pot
2Kazuto: doesn't show hand 
*** SUMMARY ***
Total pot $0.62 | Rake $0.03 
Board [Kh 2s Ts Ac]
Seat 1: 2Kazuto collected ($0.59)
Seat 2: bonuswm (button) folded on the Turn
Seat 3: SMUTJAN72 (small blind) folded before Flop
Seat 4: JayJayJohnson (big blind) folded on the Turn
Seat 5: DerHubert72 folded before Flop (didn't bet)
Seat 6: NatureVince folded before Flop (didn't bet)
Seat 7: Dorex2007 folded before Flop (didn't bet)
Seat 8: B0B SACAMANO folded on the Turn
Seat 9: Hatkevich folded before Flop (didn't bet)



PokerStars Hand #238318684210:  Hold'em No Limit ($0.02/$0.05 USD) - 2022/08/30 16:12:44 PT [2022/08/30 19:12:44 ET]
Table 'Skadi II' 9-max Seat #3 is the button
Seat 1: 2Kazuto ($5.35 in chips) 
Seat 2: bonuswm ($5 in chips) 
Seat 3: SMUTJAN72 ($4.94 in chips) 
Seat 4: JayJayJohnson ($11.91 in chips) 
Seat 5: DerHubert72 ($10.51 in chips) 
Seat 6: NatureVince ($6.85 in chips) 
Seat 7: Dorex2007 ($6.71 in chips) 
Seat 8: B0B SACAMANO ($11.99 in chips) 
Seat 9: Hatkevich ($9.01 in chips) 
JayJayJohnson: posts small blind $0.02
DerHubert72: posts big blind $0.05
*** HOLE CARDS ***
Dealt to Dorex2007 [8h 3s]
NatureVince: folds 
Dorex2007: folds 
B0B SACAMANO: folds 
Hatkevich: folds 
2Kazuto: raises $0.05 to $0.10
bonuswm: folds 
SMUTJAN72: calls $0.10
JayJayJohnson: folds 
DerHubert72: raises $0.20 to $0.30
2Kazuto: calls $0.20
SMUTJAN72: folds 
*** FLOP *** [8c Ks Ac]
DerHubert72: bets $0.34
2Kazuto: calls $0.34
*** TURN *** [8c Ks Ac] [Th]
DerHubert72: checks 
2Kazuto: bets $0.67
DerHubert72: folds 
Uncalled bet ($0.67) returned to 2Kazuto
2Kazuto collected $1.34 from pot
2Kazuto: doesn't show hand 
*** SUMMARY ***
Total pot $1.40 | Rake $0.06 
Board [8c Ks Ac Th]
Seat 1: 2Kazuto collected ($1.34)
Seat 2: bonuswm folded before Flop (didn't bet)
Seat 3: SMUTJAN72 (button) folded before Flop
Seat 4: JayJayJohnson (small blind) folded before Flop
Seat 5: DerHubert72 (big blind) folded on the Turn
Seat 6: NatureVince folded before Flop (didn't bet)
Seat 7: Dorex2007 folded before Flop (didn't bet)
Seat 8: B0B SACAMANO folded before Flop (didn't bet)
Seat 9: Hatkevich folded before Flop (didn't bet)



PokerStars Hand #238318698405:  Hold'em No Limit ($0.02/$0.05 USD) - 2022/08/30 16:13:35 PT [2022/08/30 19:13:35 ET]
Table 'Skadi II' 9-max Seat #4 is the button
Seat 1: 2Kazuto ($6.05 in chips) 
Seat 2: bonuswm ($5 in chips) 
Seat 3: SMUTJAN72 ($4.84 in chips) 
Seat 4: JayJayJohnson ($11.89 in chips) 
Seat 5: DerHubert72 ($9.87 in chips) 
Seat 6: NatureVince ($6.85 in chips) 
Seat 7: Dorex2007 ($6.71 in chips) 
Seat 8: B0B SACAMANO ($11.99 in chips) 
Seat 9: Hatkevich ($9.01 in chips) 
DerHubert72: posts small blind $0.02
NatureVince: posts big blind $0.05
*** HOLE CARDS ***
Dealt to Dorex2007 [2c Qd]
Dorex2007: folds 
B0B SACAMANO: folds 
Hatkevich: folds 
2Kazuto: folds 
bonuswm: folds 
SMUTJAN72: folds 
JayJayJohnson: folds 
DerHubert72: calls $0.03
NatureVince: checks 
*** FLOP *** [8h 9h 7d]
DerHubert72: checks 
NatureVince: checks 
*** TURN *** [8h 9h 7d] [Ah]
DerHubert72: bets $0.05
NatureVince: folds 
Uncalled bet ($0.05) returned to DerHubert72
DerHubert72 collected $0.10 from pot
DerHubert72: doesn't show hand 
*** SUMMARY ***
Total pot $0.10 | Rake $0 
Board [8h 9h 7d Ah]
Seat 1: 2Kazuto folded before Flop (didn't bet)
Seat 2: bonuswm folded before Flop (didn't bet)
Seat 3: SMUTJAN72 folded before Flop (didn't bet)
Seat 4: JayJayJohnson (button) folded before Flop (didn't bet)
Seat 5: DerHubert72 (small blind) collected ($0.10)
Seat 6: NatureVince (big blind) folded on the Turn
Seat 7: Dorex2007 folded before Flop (didn't bet)
Seat 8: B0B SACAMANO folded before Flop (didn't bet)
Seat 9: Hatkevich folded before Flop (didn't bet)



PokerStars Hand #238318709778:  Hold'em No Limit ($0.02/$0.05 USD) - 2022/08/30 16:14:15 PT [2022/08/30 19:14:15 ET]
Table 'Skadi II' 9-max Seat #5 is the button
Seat 1: 2Kazuto ($6.05 in chips) 
Seat 2: bonuswm ($5 in chips) 
Seat 3: SMUTJAN72 ($4.84 in chips) 
Seat 4: JayJayJohnson ($11.89 in chips) 
Seat 5: DerHubert72 ($9.92 in chips) 
Seat 6: NatureVince ($6.80 in chips) 
Seat 7: Dorex2007 ($6.71 in chips) 
Seat 8: B0B SACAMANO ($11.99 in chips) 
Seat 9: Hatkevich ($9.01 in chips) 
NatureVince: posts small blind $0.02
Dorex2007: posts big blind $0.05
*** HOLE CARDS ***
Dealt to Dorex2007 [Js Qs]
B0B SACAMANO: folds 
Hatkevich: folds 
2Kazuto: folds 
bonuswm: folds 
SMUTJAN72: folds 
JayJayJohnson: folds 
DerHubert72: folds 
DerHubert72 leaves the table
NatureVince: raises $0.10 to $0.15
Dorex2007: calls $0.10
*** FLOP *** [3d 6c 7s]
NatureVince: bets $0.15
Dorex2007: folds 
Uncalled bet ($0.15) returned to NatureVince
NatureVince collected $0.29 from pot
NatureVince: doesn't show hand 
*** SUMMARY ***
Total pot $0.30 | Rake $0.01 
Board [3d 6c 7s]
Seat 1: 2Kazuto folded before Flop (didn't bet)
Seat 2: bonuswm folded before Flop (didn't bet)
Seat 3: SMUTJAN72 folded before Flop (didn't bet)
Seat 4: JayJayJohnson folded before Flop (didn't bet)
Seat 5: DerHubert72 (button) folded before Flop (didn't bet)
Seat 6: NatureVince (small blind) collected ($0.29)
Seat 7: Dorex2007 (big blind) folded on the Flop
Seat 8: B0B SACAMANO folded before Flop (didn't bet)
Seat 9: Hatkevich folded before Flop (didn't bet)



PokerStars Hand #238318717398:  Hold'em No Limit ($0.02/$0.05 USD) - 2022/08/30 16:14:42 PT [2022/08/30 19:14:42 ET]
Table 'Skadi II' 9-max Seat #6 is the button
Seat 1: 2Kazuto ($6.05 in chips) 
Seat 2: bonuswm ($5 in chips) 
Seat 3: SMUTJAN72 ($4.84 in chips) 
Seat 4: JayJayJohnson ($11.89 in chips) 
Seat 6: NatureVince ($6.94 in chips) 
Seat 7: Dorex2007 ($6.56 in chips) 
Seat 8: B0B SACAMANO ($11.99 in chips) 
Seat 9: Hatkevich ($9.01 in chips) 
Dorex2007: posts small blind $0.02
B0B SACAMANO: posts big blind $0.05
*** HOLE CARDS ***
Dealt to Dorex2007 [Ks 7s]
Hatkevich: folds 
2Kazuto: folds 
bonuswm: folds 
SMUTJAN72: folds 
JayJayJohnson: folds 
NatureVince: folds 
Dorex2007: folds 
Uncalled bet ($0.03) returned to B0B SACAMANO
B0B SACAMANO collected $0.04 from pot
B0B SACAMANO: doesn't show hand 
*** SUMMARY ***
Total pot $0.04 | Rake $0 
Seat 1: 2Kazuto folded before Flop (didn't bet)
Seat 2: bonuswm folded before Flop (didn't bet)
Seat 3: SMUTJAN72 folded before Flop (didn't bet)
Seat 4: JayJayJohnson folded before Flop (didn't bet)
Seat 6: NatureVince (button) folded before Flop (didn't bet)
Seat 7: Dorex2007 (small blind) folded before Flop
Seat 8: B0B SACAMANO (big blind) collected ($0.04)
Seat 9: Hatkevich folded before Flop (didn't bet)



PokerStars Hand #238318721139:  Hold'em No Limit ($0.02/$0.05 USD) - 2022/08/30 16:14:56 PT [2022/08/30 19:14:56 ET]
Table 'Skadi II' 9-max Seat #7 is the button
Seat 1: 2Kazuto ($6.05 in chips) 
Seat 2: bonuswm ($5 in chips) 
Seat 3: SMUTJAN72 ($4.84 in chips) 
Seat 4: JayJayJohnson ($11.89 in chips) 
Seat 6: NatureVince ($6.94 in chips) 
Seat 7: Dorex2007 ($6.54 in chips) 
Seat 8: B0B SACAMANO ($12.01 in chips) 
Seat 9: Hatkevich ($9.01 in chips) 
B0B SACAMANO: posts small blind $0.02
Hatkevich: posts big blind $0.05
*** HOLE CARDS ***
Dealt to Dorex2007 [Jh Ad]
2Kazuto: folds 
bonuswm: folds 
SMUTJAN72: folds 
JayJayJohnson: folds 
NatureVince: folds 
Dorex2007: raises $0.10 to $0.15
B0B SACAMANO: folds 
Hatkevich: folds 
Uncalled bet ($0.10) returned to Dorex2007
Dorex2007 collected $0.12 from pot
Dorex2007: doesn't show hand 
*** SUMMARY ***
Total pot $0.12 | Rake $0 
Seat 1: 2Kazuto folded before Flop (didn't bet)
Seat 2: bonuswm folded before Flop (didn't bet)
Seat 3: SMUTJAN72 folded before Flop (didn't bet)
Seat 4: JayJayJohnson folded before Flop (didn't bet)
Seat 6: NatureVince folded before Flop (didn't bet)
Seat 7: Dorex2007 (button) collected ($0.12)
Seat 8: B0B SACAMANO (small blind) folded before Flop
Seat 9: Hatkevich (big blind) folded before Flop



PokerStars Hand #238318727517:  Hold'em No Limit ($0.02/$0.05 USD) - 2022/08/30 16:15:18 PT [2022/08/30 19:15:18 ET]
Table 'Skadi II' 9-max Seat #8 is the button
Seat 1: 2Kazuto ($6.05 in chips) 
Seat 2: bonuswm ($5 in chips) 
Seat 3: SMUTJAN72 ($4.84 in chips) 
Seat 4: JayJayJohnson ($11.89 in chips) 
Seat 6: NatureVince ($6.94 in chips) 
Seat 7: Dorex2007 ($6.61 in chips) 
Seat 8: B0B SACAMANO ($11.99 in chips) 
Seat 9: Hatkevich ($8.96 in chips) 
Hatkevich: posts small blind $0.02
2Kazuto: posts big blind $0.05
*** HOLE CARDS ***
Dealt to Dorex2007 [6d 4d]
bonuswm: raises $0.10 to $0.15
SMUTJAN72: folds 
JayJayJohnson: folds 
NatureVince: folds 
Dorex2007: folds 
B0B SACAMANO: folds 
Hatkevich: folds 
2Kazuto: folds 
Uncalled bet ($0.10) returned to bonuswm
bonuswm collected $0.12 from pot
bonuswm: doesn't show hand 
*** SUMMARY ***
Total pot $0.12 | Rake $0 
Seat 1: 2Kazuto (big blind) folded before Flop
Seat 2: bonuswm collected ($0.12)
Seat 3: SMUTJAN72 folded before Flop (didn't bet)
Seat 4: JayJayJohnson folded before Flop (didn't bet)
Seat 6: NatureVince folded before Flop (didn't bet)
Seat 7: Dorex2007 folded before Flop (didn't bet)
Seat 8: B0B SACAMANO (button) folded before Flop (didn't bet)
Seat 9: Hatkevich (small blind) folded before Flop



PokerStars Hand #238318734027:  Hold'em No Limit ($0.02/$0.05 USD) - 2022/08/30 16:15:41 PT [2022/08/30 19:15:41 ET]
Table 'Skadi II' 9-max Seat #9 is the button
Seat 1: 2Kazuto ($6 in chips) 
Seat 2: bonuswm ($5.07 in chips) 
Seat 3: SMUTJAN72 ($4.84 in chips) 
Seat 4: JayJayJohnson ($11.89 in chips) 
Seat 6: NatureVince ($6.94 in chips) 
Seat 7: Dorex2007 ($6.61 in chips) 
Seat 8: B0B SACAMANO ($11.99 in chips) 
Seat 9: Hatkevich ($8.94 in chips) 
2Kazuto: posts small blind $0.02
bonuswm: posts big blind $0.05
*** HOLE CARDS ***
Dealt to Dorex2007 [8c 8h]
SMUTJAN72: folds 
JayJayJohnson: folds 
NatureVince: folds 
Dorex2007: raises $0.05 to $0.10
B0B SACAMANO: calls $0.10
Hatkevich: folds 
2Kazuto: raises $0.35 to $0.45
bonuswm: folds 
Dorex2007: folds 
B0B SACAMANO: calls $0.35
*** FLOP *** [2s 4s As]
2Kazuto: bets $0.67
B0B SACAMANO: folds 
Uncalled bet ($0.67) returned to 2Kazuto
2Kazuto collected $1.01 from pot
2Kazuto: doesn't show hand 
*** SUMMARY ***
Total pot $1.05 | Rake $0.04 
Board [2s 4s As]
Seat 1: 2Kazuto (small blind) collected ($1.01)
Seat 2: bonuswm (big blind) folded before Flop
Seat 3: SMUTJAN72 folded before Flop (didn't bet)
Seat 4: JayJayJohnson folded before Flop (didn't bet)
Seat 6: NatureVince folded before Flop (didn't bet)
Seat 7: Dorex2007 folded before Flop
Seat 8: B0B SACAMANO folded on the Flop
Seat 9: Hatkevich (button) folded before Flop (didn't bet)



PokerStars Hand #238318743611:  Hold'em No Limit ($0.02/$0.05 USD) - 2022/08/30 16:16:16 PT [2022/08/30 19:16:16 ET]
Table 'Skadi II' 9-max Seat #1 is the button
Seat 1: 2Kazuto ($6.56 in chips) 
Seat 2: bonuswm ($5.02 in chips) 
Seat 3: SMUTJAN72 ($4.84 in chips) 
Seat 4: JayJayJohnson ($11.89 in chips) 
Seat 6: NatureVince ($6.94 in chips) 
Seat 7: Dorex2007 ($6.51 in chips) 
Seat 8: B0B SACAMANO ($11.54 in chips) 
Seat 9: Hatkevich ($8.94 in chips) 
bonuswm: posts small blind $0.02
SMUTJAN72: posts big blind $0.05
*** HOLE CARDS ***
Dealt to Dorex2007 [9c Ac]
JayJayJohnson: folds 
NatureVince: folds 
Dorex2007: raises $0.10 to $0.15
B0B SACAMANO: folds 
Hatkevich: folds 
2Kazuto: folds 
bonuswm: folds 
SMUTJAN72: folds 
Uncalled bet ($0.10) returned to Dorex2007
Dorex2007 collected $0.12 from pot
Dorex2007: doesn't show hand 
*** SUMMARY ***
Total pot $0.12 | Rake $0 
Seat 1: 2Kazuto (button) folded before Flop (didn't bet)
Seat 2: bonuswm (small blind) folded before Flop
Seat 3: SMUTJAN72 (big blind) folded before Flop
Seat 4: JayJayJohnson folded before Flop (didn't bet)
Seat 6: NatureVince folded before Flop (didn't bet)
Seat 7: Dorex2007 collected ($0.12)
Seat 8: B0B SACAMANO folded before Flop (didn't bet)
Seat 9: Hatkevich folded before Flop (didn't bet)



PokerStars Hand #238318748917:  Hold'em No Limit ($0.02/$0.05 USD) - 2022/08/30 16:16:35 PT [2022/08/30 19:16:35 ET]
Table 'Skadi II' 9-max Seat #2 is the button
Seat 1: 2Kazuto ($6.56 in chips) 
Seat 2: bonuswm ($5 in chips) 
Seat 3: SMUTJAN72 ($4.79 in chips) 
Seat 4: JayJayJohnson ($11.89 in chips) 
Seat 6: NatureVince ($6.94 in chips) 
Seat 7: Dorex2007 ($6.58 in chips) 
Seat 8: B0B SACAMANO ($11.54 in chips) 
Seat 9: Hatkevich ($8.94 in chips) 
SMUTJAN72: posts small blind $0.02
JayJayJohnson: posts big blind $0.05
*** HOLE CARDS ***
Dealt to Dorex2007 [Qc Jd]
NatureVince: folds 
Dorex2007: folds 
B0B SACAMANO: folds 
Hatkevich: folds 
2Kazuto: folds 
NiloE4 joins the table at seat #5 
bonuswm: raises $0.10 to $0.15
SMUTJAN72: raises $0.35 to $0.50
JayJayJohnson: folds 
bonuswm: calls $0.35
*** FLOP *** [6s 3h 3c]
SMUTJAN72: bets $0.50
bonuswm: calls $0.50
*** TURN *** [6s 3h 3c] [4c]
SMUTJAN72: bets $3.79 and is all-in
bonuswm: folds 
Uncalled bet ($3.79) returned to SMUTJAN72
SMUTJAN72 collected $1.96 from pot
*** SUMMARY ***
Total pot $2.05 | Rake $0.09 
Board [6s 3h 3c 4c]
Seat 1: 2Kazuto folded before Flop (didn't bet)
Seat 2: bonuswm (button) folded on the Turn
Seat 3: SMUTJAN72 (small blind) collected ($1.96)
Seat 4: JayJayJohnson (big blind) folded before Flop
Seat 6: NatureVince folded before Flop (didn't bet)
Seat 7: Dorex2007 folded before Flop (didn't bet)
Seat 8: B0B SACAMANO folded before Flop (didn't bet)
Seat 9: Hatkevich folded before Flop (didn't bet)



PokerStars Hand #238318764485:  Hold'em No Limit ($0.02/$0.05 USD) - 2022/08/30 16:17:31 PT [2022/08/30 19:17:31 ET]
Table 'Skadi II' 9-max Seat #3 is the button
Seat 1: 2Kazuto ($6.56 in chips) 
Seat 2: bonuswm ($5 in chips) 
Seat 3: SMUTJAN72 ($5.75 in chips) 
Seat 4: JayJayJohnson ($11.84 in chips) 
Seat 5: NiloE4 ($5 in chips) 
Seat 6: NatureVince ($6.94 in chips) 
Seat 7: Dorex2007 ($6.58 in chips) 
Seat 8: B0B SACAMANO ($11.54 in chips) 
Seat 9: Hatkevich ($8.94 in chips) 
JayJayJohnson: posts small blind $0.02
NiloE4: posts big blind $0.05
*** HOLE CARDS ***
Dealt to Dorex2007 [Ks 7s]
NatureVince: folds 
Dorex2007: folds 
B0B SACAMANO: folds 
Hatkevich: folds 
2Kazuto: folds 
bonuswm: folds 
SMUTJAN72: folds 
JayJayJohnson: folds 
Uncalled bet ($0.03) returned to NiloE4
NiloE4 collected $0.04 from pot
*** SUMMARY ***
Total pot $0.04 | Rake $0 
Seat 1: 2Kazuto folded before Flop (didn't bet)
Seat 2: bonuswm folded before Flop (didn't bet)
Seat 3: SMUTJAN72 (button) folded before Flop (didn't bet)
Seat 4: JayJayJohnson (small blind) folded before Flop
Seat 5: NiloE4 (big blind) collected ($0.04)
Seat 6: NatureVince folded before Flop (didn't bet)
Seat 7: Dorex2007 folded before Flop (didn't bet)
Seat 8: B0B SACAMANO folded before Flop (didn't bet)
Seat 9: Hatkevich folded before Flop (didn't bet)



PokerStars Hand #238318770395:  Hold'em No Limit ($0.02/$0.05 USD) - 2022/08/30 16:17:52 PT [2022/08/30 19:17:52 ET]
Table 'Skadi II' 9-max Seat #4 is the button
Seat 1: 2Kazuto ($6.56 in chips) 
Seat 2: bonuswm ($5 in chips) 
Seat 3: SMUTJAN72 ($5.75 in chips) 
Seat 4: JayJayJohnson ($11.82 in chips) 
Seat 5: NiloE4 ($5.02 in chips) 
Seat 6: NatureVince ($6.94 in chips) 
Seat 7: Dorex2007 ($6.58 in chips) 
Seat 8: B0B SACAMANO ($11.54 in chips) 
Seat 9: Hatkevich ($8.94 in chips) 
NiloE4: posts small blind $0.02
NatureVince: posts big blind $0.05
*** HOLE CARDS ***
Dealt to Dorex2007 [4c Ah]
Dorex2007: folds 
B0B SACAMANO: calls $0.05
Hatkevich: folds 
2Kazuto: calls $0.05
bonuswm: raises $0.10 to $0.15
SMUTJAN72: folds 
JayJayJohnson: calls $0.15
NiloE4: calls $0.13
NatureVince: folds 
B0B SACAMANO: calls $0.10
2Kazuto: calls $0.10
*** FLOP *** [3d 4d 8s]
NiloE4: bets $0.20
B0B SACAMANO: folds 
2Kazuto: calls $0.20
bonuswm: folds 
JayJayJohnson: calls $0.20
*** TURN *** [3d 4d 8s] [Qh]
NiloE4: bets $0.30
2Kazuto: raises $0.56 to $0.86
JayJayJohnson: folds 
NiloE4: calls $0.56
*** RIVER *** [3d 4d 8s Qh] [Ad]
NiloE4: bets $0.50
2Kazuto: folds 
Uncalled bet ($0.50) returned to NiloE4
NiloE4 collected $2.99 from pot
*** SUMMARY ***
Total pot $3.12 | Rake $0.13 
Board [3d 4d 8s Qh Ad]
Seat 1: 2Kazuto folded on the River
Seat 2: bonuswm folded on the Flop
Seat 3: SMUTJAN72 folded before Flop (didn't bet)
Seat 4: JayJayJohnson (button) folded on the Turn
Seat 5: NiloE4 (small blind) collected ($2.99)
Seat 6: NatureVince (big blind) folded before Flop
Seat 7: Dorex2007 folded before Flop (didn't bet)
Seat 8: B0B SACAMANO folded on the Flop
Seat 9: Hatkevich folded before Flop (didn't bet)



PokerStars Hand #238318792981:  Hold'em No Limit ($0.02/$0.05 USD) - 2022/08/30 16:19:14 PT [2022/08/30 19:19:14 ET]
Table 'Skadi II' 9-max Seat #5 is the button
Seat 1: 2Kazuto ($5.35 in chips) 
Seat 2: bonuswm ($5 in chips) 
Seat 3: SMUTJAN72 ($5.75 in chips) 
Seat 4: JayJayJohnson ($11.47 in chips) 
Seat 5: NiloE4 ($6.80 in chips) 
Seat 6: NatureVince ($6.89 in chips) 
Seat 7: Dorex2007 ($6.58 in chips) 
Seat 8: B0B SACAMANO ($11.39 in chips) 
Seat 9: Hatkevich ($8.94 in chips) 
NatureVince: posts small blind $0.02
Dorex2007: posts big blind $0.05
*** HOLE CARDS ***
Dealt to Dorex2007 [9d 2s]
B0B SACAMANO: folds 
Hatkevich: folds 
2Kazuto: folds 
bonuswm: folds 
SMUTJAN72: folds 
JayJayJohnson has timed out
JayJayJohnson: folds 
NiloE4: folds 
NatureVince: raises $0.10 to $0.15
Dorex2007: folds 
Uncalled bet ($0.10) returned to NatureVince
NatureVince collected $0.10 from pot
NatureVince: doesn't show hand 
*** SUMMARY ***
Total pot $0.10 | Rake $0 
Seat 1: 2Kazuto folded before Flop (didn't bet)
Seat 2: bonuswm folded before Flop (didn't bet)
Seat 3: SMUTJAN72 folded before Flop (didn't bet)
Seat 4: JayJayJohnson folded before Flop (didn't bet)
Seat 5: NiloE4 (button) folded before Flop (didn't bet)
Seat 6: NatureVince (small blind) collected ($0.10)
Seat 7: Dorex2007 (big blind) folded before Flop
Seat 8: B0B SACAMANO folded before Flop (didn't bet)
Seat 9: Hatkevich folded before Flop (didn't bet)



PokerStars Hand #238318799524:  Hold'em No Limit ($0.02/$0.05 USD) - 2022/08/30 16:19:38 PT [2022/08/30 19:19:38 ET]
Table 'Skadi II' 9-max Seat #6 is the button
Seat 1: 2Kazuto ($5.35 in chips) 
Seat 2: bonuswm ($5 in chips) 
Seat 3: SMUTJAN72 ($5.75 in chips) 
Seat 4: JayJayJohnson ($11.47 in chips) 
Seat 5: NiloE4 ($6.80 in chips) 
Seat 6: NatureVince ($6.94 in chips) 
Seat 7: Dorex2007 ($6.53 in chips) 
Seat 8: B0B SACAMANO ($11.39 in chips) 
Seat 9: Hatkevich ($8.94 in chips) 
Dorex2007: posts small blind $0.02
B0B SACAMANO: posts big blind $0.05
*** HOLE CARDS ***
Dealt to Dorex2007 [3s 8s]
Hatkevich: folds 
2Kazuto: raises $0.11 to $0.16
bonuswm: folds 
SMUTJAN72: folds 
JayJayJohnson: folds 
NiloE4: folds 
NatureVince: folds 
Dorex2007: folds 
B0B SACAMANO: calls $0.11
*** FLOP *** [5h Qc 2c]
B0B SACAMANO: checks 
2Kazuto: checks 
*** TURN *** [5h Qc 2c] [9d]
B0B SACAMANO: checks 
2Kazuto: bets $0.22
B0B SACAMANO: folds 
Uncalled bet ($0.22) returned to 2Kazuto
2Kazuto collected $0.33 from pot
2Kazuto: doesn't show hand 
*** SUMMARY ***
Total pot $0.34 | Rake $0.01 
Board [5h Qc 2c 9d]
Seat 1: 2Kazuto collected ($0.33)
Seat 2: bonuswm folded before Flop (didn't bet)
Seat 3: SMUTJAN72 folded before Flop (didn't bet)
Seat 4: JayJayJohnson folded before Flop (didn't bet)
Seat 5: NiloE4 folded before Flop (didn't bet)
Seat 6: NatureVince (button) folded before Flop (didn't bet)
Seat 7: Dorex2007 (small blind) folded before Flop
Seat 8: B0B SACAMANO (big blind) folded on the Turn
Seat 9: Hatkevich folded before Flop (didn't bet)



PokerStars Hand #238318810128:  Hold'em No Limit ($0.02/$0.05 USD) - 2022/08/30 16:20:17 PT [2022/08/30 19:20:17 ET]
Table 'Skadi II' 9-max Seat #7 is the button
Seat 1: 2Kazuto ($5.52 in chips) 
Seat 2: bonuswm ($5 in chips) 
Seat 3: SMUTJAN72 ($5.75 in chips) 
Seat 4: JayJayJohnson ($11.47 in chips) 
Seat 5: NiloE4 ($6.80 in chips) 
Seat 6: NatureVince ($6.94 in chips) 
Seat 7: Dorex2007 ($6.51 in chips) 
Seat 8: B0B SACAMANO ($11.23 in chips) 
Seat 9: Hatkevich ($8.94 in chips) 
B0B SACAMANO: posts small blind $0.02
Hatkevich: posts big blind $0.05
*** HOLE CARDS ***
Dealt to Dorex2007 [Kh As]
2Kazuto: folds 
bonuswm: folds 
SMUTJAN72: folds 
JayJayJohnson: folds 
NiloE4: folds 
NatureVince: folds 
Dorex2007: raises $0.10 to $0.15
B0B SACAMANO: calls $0.13
Hatkevich: folds 
*** FLOP *** [8s Ts 4c]
B0B SACAMANO: checks 
Dorex2007: checks 
*** TURN *** [8s Ts 4c] [Td]
B0B SACAMANO: checks 
Dorex2007: bets $0.17
B0B SACAMANO: folds 
Uncalled bet ($0.17) returned to Dorex2007
Dorex2007 collected $0.34 from pot
Dorex2007: doesn't show hand 
*** SUMMARY ***
Total pot $0.35 | Rake $0.01 
Board [8s Ts 4c Td]
Seat 1: 2Kazuto folded before Flop (didn't bet)
Seat 2: bonuswm folded before Flop (didn't bet)
Seat 3: SMUTJAN72 folded before Flop (didn't bet)
Seat 4: JayJayJohnson folded before Flop (didn't bet)
Seat 5: NiloE4 folded before Flop (didn't bet)
Seat 6: NatureVince folded before Flop (didn't bet)
Seat 7: Dorex2007 (button) collected ($0.34)
Seat 8: B0B SACAMANO (small blind) folded on the Turn
Seat 9: Hatkevich (big blind) folded before Flop



PokerStars Hand #238318824945:  Hold'em No Limit ($0.02/$0.05 USD) - 2022/08/30 16:21:10 PT [2022/08/30 19:21:10 ET]
Table 'Skadi II' 9-max Seat #8 is the button
Seat 1: 2Kazuto ($5.52 in chips) 
Seat 2: bonuswm ($5 in chips) 
Seat 3: SMUTJAN72 ($5.75 in chips) 
Seat 4: JayJayJohnson ($11.47 in chips) 
Seat 5: NiloE4 ($6.80 in chips) 
Seat 6: NatureVince ($6.94 in chips) 
Seat 7: Dorex2007 ($6.70 in chips) 
Seat 8: B0B SACAMANO ($11.08 in chips) 
Seat 9: Hatkevich ($8.89 in chips) 
Hatkevich: posts small blind $0.02
2Kazuto: posts big blind $0.05
*** HOLE CARDS ***
Dealt to Dorex2007 [Kd 2h]
bonuswm: folds 
SMUTJAN72: folds 
JayJayJohnson: folds 
NiloE4: folds 
NatureVince: folds 
NiloE4 leaves the table
Dorex2007: folds 
B0B SACAMANO: raises $0.10 to $0.15
Hatkevich: folds 
2Kazuto: calls $0.10
*** FLOP *** [6d 4d 8c]
2Kazuto: bets $0.18
B0B SACAMANO: folds 
Uncalled bet ($0.18) returned to 2Kazuto
2Kazuto collected $0.31 from pot
2Kazuto: doesn't show hand 
*** SUMMARY ***
Total pot $0.32 | Rake $0.01 
Board [6d 4d 8c]
Seat 1: 2Kazuto (big blind) collected ($0.31)
Seat 2: bonuswm folded before Flop (didn't bet)
Seat 3: SMUTJAN72 folded before Flop (didn't bet)
Seat 4: JayJayJohnson folded before Flop (didn't bet)
Seat 5: NiloE4 folded before Flop (didn't bet)
Seat 6: NatureVince folded before Flop (didn't bet)
Seat 7: Dorex2007 folded before Flop (didn't bet)
Seat 8: B0B SACAMANO (button) folded on the Flop
Seat 9: Hatkevich (small blind) folded before Flop



PokerStars Hand #238318833968:  Hold'em No Limit ($0.02/$0.05 USD) - 2022/08/30 16:21:44 PT [2022/08/30 19:21:44 ET]
Table 'Skadi II' 9-max Seat #9 is the button
Seat 1: 2Kazuto ($5.68 in chips) 
Seat 2: bonuswm ($5 in chips) 
Seat 3: SMUTJAN72 ($5.75 in chips) 
Seat 4: JayJayJohnson ($11.47 in chips) 
Seat 6: NatureVince ($6.94 in chips) 
Seat 7: Dorex2007 ($6.70 in chips) 
Seat 8: B0B SACAMANO ($10.93 in chips) 
Seat 9: Hatkevich ($8.87 in chips) 
2Kazuto: posts small blind $0.02
bonuswm: posts big blind $0.05
*** HOLE CARDS ***
Dealt to Dorex2007 [5c 8d]
SMUTJAN72: folds 
JayJayJohnson: folds 
NatureVince: folds 
Dorex2007: folds 
B0B SACAMANO: raises $0.10 to $0.15
Hatkevich: folds 
2Kazuto: calls $0.13
bonuswm: folds 
*** FLOP *** [9h 6s 8h]
2Kazuto: checks 
B0B SACAMANO: checks 
*** TURN *** [9h 6s 8h] [3c]
2Kazuto: bets $0.28
B0B SACAMANO: folds 
Uncalled bet ($0.28) returned to 2Kazuto
MrBorrink joins the table at seat #5 
2Kazuto collected $0.34 from pot
2Kazuto: doesn't show hand 
*** SUMMARY ***
Total pot $0.35 | Rake $0.01 
Board [9h 6s 8h 3c]
Seat 1: 2Kazuto (small blind) collected ($0.34)
Seat 2: bonuswm (big blind) folded before Flop
Seat 3: SMUTJAN72 folded before Flop (didn't bet)
Seat 4: JayJayJohnson folded before Flop (didn't bet)
Seat 6: NatureVince folded before Flop (didn't bet)
Seat 7: Dorex2007 folded before Flop (didn't bet)
Seat 8: B0B SACAMANO folded on the Turn
Seat 9: Hatkevich (button) folded before Flop (didn't bet)



PokerStars Hand #238318843078:  Hold'em No Limit ($0.02/$0.05 USD) - 2022/08/30 16:22:17 PT [2022/08/30 19:22:17 ET]
Table 'Skadi II' 9-max Seat #1 is the button
Seat 1: 2Kazuto ($5.87 in chips) 
Seat 2: bonuswm ($5 in chips) 
Seat 3: SMUTJAN72 ($5.75 in chips) 
Seat 4: JayJayJohnson ($11.47 in chips) 
Seat 6: NatureVince ($6.94 in chips) 
Seat 7: Dorex2007 ($6.70 in chips) 
Seat 8: B0B SACAMANO ($10.78 in chips) 
Seat 9: Hatkevich ($8.87 in chips) 
bonuswm: posts small blind $0.02
SMUTJAN72: posts big blind $0.05
MrBorrink: sits out 
*** HOLE CARDS ***
Dealt to Dorex2007 [4h 8s]
JayJayJohnson: folds 
NatureVince: raises $0.10 to $0.15
Dorex2007: folds 
B0B SACAMANO: folds 
Hatkevich: folds 
2Kazuto: raises $0.23 to $0.38
bonuswm: folds 
SMUTJAN72: folds 
NatureVince: raises $6.56 to $6.94 and is all-in
2Kazuto: calls $5.49 and is all-in
Uncalled bet ($1.07) returned to NatureVince
*** FLOP *** [9d Jh 7h]
*** TURN *** [9d Jh 7h] [6h]
*** RIVER *** [9d Jh 7h 6h] [3s]
*** SHOW DOWN ***
NatureVince: shows [Jd Js] (three of a kind, Jacks)
2Kazuto: shows [Kd Ad] (high card Ace)
NatureVince cashed out the hand for $6.08 | Cash Out Fee $0.06
*** SUMMARY ***
Total pot $11.81 | Rake $0.49 
Board [9d Jh 7h 6h 3s]
Seat 1: 2Kazuto (button) showed [Kd Ad] and lost with high card Ace
Seat 2: bonuswm (small blind) folded before Flop
Seat 3: SMUTJAN72 (big blind) folded before Flop
Seat 4: JayJayJohnson folded before Flop (didn't bet)
Seat 6: NatureVince showed [Jd Js] and won ($11.32) with three of a kind, Jacks (pot not awarded as player cashed out)
Seat 7: Dorex2007 folded before Flop (didn't bet)
Seat 8: B0B SACAMANO folded before Flop (didn't bet)
Seat 9: Hatkevich folded before Flop (didn't bet)



PokerStars Hand #238318858884:  Hold'em No Limit ($0.02/$0.05 USD) - 2022/08/30 16:23:15 PT [2022/08/30 19:23:15 ET]
Table 'Skadi II' 9-max Seat #2 is the button
Seat 1: 2Kazuto ($5 in chips) 
Seat 2: bonuswm ($5 in chips) 
Seat 3: SMUTJAN72 ($5.70 in chips) 
Seat 4: JayJayJohnson ($11.47 in chips) 
Seat 6: NatureVince ($7.15 in chips) 
Seat 7: Dorex2007 ($6.70 in chips) 
Seat 8: B0B SACAMANO ($10.78 in chips) 
Seat 9: Hatkevich ($8.87 in chips) 
SMUTJAN72: posts small blind $0.02
JayJayJohnson: posts big blind $0.05
MrBorrink: sits out 
*** HOLE CARDS ***
Dealt to Dorex2007 [Jd 5h]
NatureVince: folds 
NatureVince leaves the table
Dorex2007: folds 
B0B SACAMANO: raises $0.10 to $0.15
Hatkevich: folds 
2Kazuto: calls $0.15
bonuswm: calls $0.15
SMUTJAN72: folds 
JayJayJohnson: calls $0.10
*** FLOP *** [5s 5c Kc]
JayJayJohnson: checks 
B0B SACAMANO: checks 
2Kazuto: bets $0.39
bonuswm: folds 
JayJayJohnson: folds 
B0B SACAMANO: calls $0.39
*** TURN *** [5s 5c Kc] [4h]
B0B SACAMANO: checks 
2Kazuto: bets $0.89
B0B SACAMANO: raises $1.01 to $1.90
2Kazuto: folds 
Uncalled bet ($1.01) returned to B0B SACAMANO
B0B SACAMANO collected $3.05 from pot
B0B SACAMANO: doesn't show hand 
*** SUMMARY ***
Total pot $3.18 | Rake $0.13 
Board [5s 5c Kc 4h]
Seat 1: 2Kazuto folded on the Turn
Seat 2: bonuswm (button) folded on the Flop
Seat 3: SMUTJAN72 (small blind) folded before Flop
Seat 4: JayJayJohnson (big blind) folded on the Flop
Seat 6: NatureVince folded before Flop (didn't bet)
Seat 7: Dorex2007 folded before Flop (didn't bet)
Seat 8: B0B SACAMANO collected ($3.05)
Seat 9: Hatkevich folded before Flop (didn't bet)



PokerStars Hand #238318876863:  Hold'em No Limit ($0.02/$0.05 USD) - 2022/08/30 16:24:22 PT [2022/08/30 19:24:22 ET]
Table 'Skadi II' 9-max Seat #3 is the button
Seat 1: 2Kazuto ($5 in chips) 
Seat 2: bonuswm ($5 in chips) 
Seat 3: SMUTJAN72 ($5.68 in chips) 
Seat 4: JayJayJohnson ($11.32 in chips) 
Seat 5: MrBorrink ($4 in chips) 
Seat 7: Dorex2007 ($6.70 in chips) 
Seat 8: B0B SACAMANO ($12.40 in chips) 
Seat 9: Hatkevich ($8.87 in chips) 
JayJayJohnson: posts small blind $0.02
MrBorrink: posts big blind $0.05
*** HOLE CARDS ***
Dealt to Dorex2007 [8d 3c]
Dorex2007: folds 
B0B SACAMANO: folds 
Hatkevich: folds 
2Kazuto: folds 
bonuswm: folds 
SMUTJAN72: folds 
Ravieer joins the table at seat #6 
JayJayJohnson: raises $0.10 to $0.15
MrBorrink: calls $0.10
*** FLOP *** [Ac Kh 9h]
JayJayJohnson: bets $0.15
MrBorrink: calls $0.15
*** TURN *** [Ac Kh 9h] [Qs]
JayJayJohnson: checks 
MrBorrink: bets $0.25
JayJayJohnson: calls $0.25
*** RIVER *** [Ac Kh 9h Qs] [Ah]
JayJayJohnson: bets $0.35
MrBorrink: raises $0.73 to $1.08
JayJayJohnson: folds 
Uncalled bet ($0.73) returned to MrBorrink
MrBorrink collected $1.73 from pot
*** SUMMARY ***
Total pot $1.80 | Rake $0.07 
Board [Ac Kh 9h Qs Ah]
Seat 1: 2Kazuto folded before Flop (didn't bet)
Seat 2: bonuswm folded before Flop (didn't bet)
Seat 3: SMUTJAN72 (button) folded before Flop (didn't bet)
Seat 4: JayJayJohnson (small blind) folded on the River
Seat 5: MrBorrink (big blind) collected ($1.73)
Seat 7: Dorex2007 folded before Flop (didn't bet)
Seat 8: B0B SACAMANO folded before Flop (didn't bet)
Seat 9: Hatkevich folded before Flop (didn't bet)



PokerStars Hand #238318893704:  Hold'em No Limit ($0.02/$0.05 USD) - 2022/08/30 16:25:25 PT [2022/08/30 19:25:25 ET]
Table 'Skadi II' 9-max Seat #4 is the button
Seat 1: 2Kazuto ($5 in chips) 
Seat 2: bonuswm ($5 in chips) 
Seat 3: SMUTJAN72 ($5.68 in chips) 
Seat 4: JayJayJohnson ($10.42 in chips) 
Seat 5: MrBorrink ($4.83 in chips) 
Seat 6: Ravieer ($4 in chips) 
Seat 7: Dorex2007 ($6.70 in chips) 
Seat 8: B0B SACAMANO ($12.40 in chips) 
Seat 9: Hatkevich ($8.87 in chips) 
MrBorrink: posts small blind $0.02
Ravieer: posts big blind $0.05
*** HOLE CARDS ***
Dealt to Dorex2007 [3s Ah]
Dorex2007: folds 
B0B SACAMANO: raises $0.10 to $0.15
Hatkevich has timed out
Hatkevich: folds 
2Kazuto: raises $0.23 to $0.38
bonuswm: folds 
SMUTJAN72: folds 
JayJayJohnson: calls $0.38
MrBorrink: folds 
Ravieer: folds 
B0B SACAMANO: calls $0.23
*** FLOP *** [Jh 9s 7d]
B0B SACAMANO: checks 
2Kazuto: checks 
JayJayJohnson: bets $0.50
B0B SACAMANO: calls $0.50
2Kazuto: calls $0.50
*** TURN *** [Jh 9s 7d] [Jd]
B0B SACAMANO: checks 
2Kazuto: checks 
bonuswm leaves the table
JayJayJohnson: bets $1.10
B0B SACAMANO: folds 
2Kazuto: folds 
Uncalled bet ($1.10) returned to JayJayJohnson
JayJayJohnson collected $2.60 from pot
*** SUMMARY ***
Total pot $2.71 | Rake $0.11 
Board [Jh 9s 7d Jd]
Seat 1: 2Kazuto folded on the Turn
Seat 2: bonuswm folded before Flop (didn't bet)
Seat 3: SMUTJAN72 folded before Flop (didn't bet)
Seat 4: JayJayJohnson (button) collected ($2.60)
Seat 5: MrBorrink (small blind) folded before Flop
Seat 6: Ravieer (big blind) folded before Flop
Seat 7: Dorex2007 folded before Flop (didn't bet)
Seat 8: B0B SACAMANO folded on the Turn
Seat 9: Hatkevich folded before Flop (didn't bet)



PokerStars Hand #238318914041:  Hold'em No Limit ($0.02/$0.05 USD) - 2022/08/30 16:26:40 PT [2022/08/30 19:26:40 ET]
Table 'Skadi II' 9-max Seat #5 is the button
Seat 1: 2Kazuto ($4.12 in chips) 
Seat 3: SMUTJAN72 ($5.68 in chips) 
Seat 4: JayJayJohnson ($12.14 in chips) 
Seat 5: MrBorrink ($4.81 in chips) 
Seat 6: Ravieer ($3.95 in chips) 
Seat 7: Dorex2007 ($6.70 in chips) 
Seat 8: B0B SACAMANO ($11.52 in chips) 
Seat 9: Hatkevich ($8.87 in chips) 
Ravieer: posts small blind $0.02
Dorex2007: posts big blind $0.05
*** HOLE CARDS ***
Dealt to Dorex2007 [6s Jd]
B0B SACAMANO: folds 
Hatkevich: folds 
2Kazuto: folds 
SMUTJAN72: folds 
JayJayJohnson: raises $0.10 to $0.15
MrBorrink: folds 
Ravieer: folds 
Dorex2007: folds 
Uncalled bet ($0.10) returned to JayJayJohnson
JayJayJohnson collected $0.12 from pot
*** SUMMARY ***
Total pot $0.12 | Rake $0 
Seat 1: 2Kazuto folded before Flop (didn't bet)
Seat 3: SMUTJAN72 folded before Flop (didn't bet)
Seat 4: JayJayJohnson collected ($0.12)
Seat 5: MrBorrink (button) folded before Flop (didn't bet)
Seat 6: Ravieer (small blind) folded before Flop
Seat 7: Dorex2007 (big blind) folded before Flop
Seat 8: B0B SACAMANO folded before Flop (didn't bet)
Seat 9: Hatkevich folded before Flop (didn't bet)



PokerStars Hand #238318920342:  Hold'em No Limit ($0.02/$0.05 USD) - 2022/08/30 16:27:03 PT [2022/08/30 19:27:03 ET]
Table 'Skadi II' 9-max Seat #6 is the button
Seat 1: 2Kazuto ($4.12 in chips) 
Seat 3: SMUTJAN72 ($5.68 in chips) 
Seat 4: JayJayJohnson ($12.21 in chips) 
Seat 5: MrBorrink ($4.81 in chips) 
Seat 6: Ravieer ($3.93 in chips) 
Seat 7: Dorex2007 ($6.65 in chips) 
Seat 8: B0B SACAMANO ($11.52 in chips) 
Seat 9: Hatkevich ($8.87 in chips) 
Dorex2007: posts small blind $0.02
B0B SACAMANO: posts big blind $0.05
*** HOLE CARDS ***
Dealt to Dorex2007 [6d Kc]
Hatkevich: folds 
2Kazuto: folds 
gismouck joins the table at seat #2 
SMUTJAN72: folds 
JayJayJohnson: folds 
MrBorrink: folds 
Ravieer: folds 
Dorex2007: folds 
Uncalled bet ($0.03) returned to B0B SACAMANO
B0B SACAMANO collected $0.04 from pot
B0B SACAMANO: doesn't show hand 
*** SUMMARY ***
Total pot $0.04 | Rake $0 
Seat 1: 2Kazuto folded before Flop (didn't bet)
Seat 3: SMUTJAN72 folded before Flop (didn't bet)
Seat 4: JayJayJohnson folded before Flop (didn't bet)
Seat 5: MrBorrink folded before Flop (didn't bet)
Seat 6: Ravieer (button) folded before Flop (didn't bet)
Seat 7: Dorex2007 (small blind) folded before Flop
Seat 8: B0B SACAMANO (big blind) collected ($0.04)
Seat 9: Hatkevich folded before Flop (didn't bet)



PokerStars Hand #238318925257:  Hold'em No Limit ($0.02/$0.05 USD) - 2022/08/30 16:27:22 PT [2022/08/30 19:27:22 ET]
Table 'Skadi II' 9-max Seat #7 is the button
Seat 1: 2Kazuto ($4.12 in chips) 
Seat 3: SMUTJAN72 ($5.68 in chips) 
Seat 4: JayJayJohnson ($12.21 in chips) 
Seat 5: MrBorrink ($4.81 in chips) 
Seat 6: Ravieer ($3.93 in chips) 
Seat 7: Dorex2007 ($6.63 in chips) 
Seat 8: B0B SACAMANO ($11.54 in chips) 
Seat 9: Hatkevich ($8.87 in chips) 
B0B SACAMANO: posts small blind $0.02
Hatkevich: posts big blind $0.05
gismouck: sits out 
*** HOLE CARDS ***
Dealt to Dorex2007 [6h 7c]
2Kazuto: folds 
SMUTJAN72: raises $0.05 to $0.10
JayJayJohnson: folds 
MrBorrink: folds 
Ravieer: calls $0.10
Dorex2007: folds 
B0B SACAMANO: calls $0.08
Hatkevich: folds 
*** FLOP *** [3s 4c Qs]
B0B SACAMANO: checks 
SMUTJAN72: checks 
Ravieer: bets $0.15
B0B SACAMANO: calls $0.15
SMUTJAN72: calls $0.15
*** TURN *** [3s 4c Qs] [Ad]
B0B SACAMANO: checks 
SMUTJAN72: checks 
Ravieer: checks 
*** RIVER *** [3s 4c Qs Ad] [3d]
B0B SACAMANO: checks 
SMUTJAN72: checks 
Ravieer: checks 
*** SHOW DOWN ***
B0B SACAMANO: shows [5d Qd] (two pair, Queens and Threes)
SMUTJAN72: mucks hand 
Ravieer: shows [Kc Qh] (two pair, Queens and Threes)
B0B SACAMANO collected $0.39 from pot
Ravieer collected $0.38 from pot
*** SUMMARY ***
Total pot $0.80 | Rake $0.03 
Board [3s 4c Qs Ad 3d]
Seat 1: 2Kazuto folded before Flop (didn't bet)
Seat 3: SMUTJAN72 mucked [Ts Th]
Seat 4: JayJayJohnson folded before Flop (didn't bet)
Seat 5: MrBorrink folded before Flop (didn't bet)
Seat 6: Ravieer showed [Kc Qh] and won ($0.38) with two pair, Queens and Threes
Seat 7: Dorex2007 (button) folded before Flop (didn't bet)
Seat 8: B0B SACAMANO (small blind) showed [5d Qd] and won ($0.39) with two pair, Queens and Threes
Seat 9: Hatkevich (big blind) folded before Flop



PokerStars Hand #238318945797:  Hold'em No Limit ($0.02/$0.05 USD) - 2022/08/30 16:28:38 PT [2022/08/30 19:28:38 ET]
Table 'Skadi II' 9-max Seat #8 is the button
Seat 1: 2Kazuto ($4.12 in chips) 
Seat 3: SMUTJAN72 ($5.43 in chips) 
Seat 4: JayJayJohnson ($12.21 in chips) 
Seat 5: MrBorrink ($4.81 in chips) 
Seat 6: Ravieer ($4.06 in chips) 
Seat 7: Dorex2007 ($6.63 in chips) 
Seat 8: B0B SACAMANO ($11.68 in chips) 
Seat 9: Hatkevich ($8.82 in chips) 
Hatkevich: posts small blind $0.02
2Kazuto: posts big blind $0.05
gismouck: sits out 
*** HOLE CARDS ***
Dealt to Dorex2007 [4c 6c]
SMUTJAN72: folds 
JayJayJohnson: folds 
MrBorrink: folds 
Ravieer: folds 
Dorex2007: folds 
B0B SACAMANO: folds 
Hatkevich: raises $0.07 to $0.12
2Kazuto: folds 
Uncalled bet ($0.07) returned to Hatkevich
Hatkevich collected $0.10 from pot
Hatkevich: doesn't show hand 
*** SUMMARY ***
Total pot $0.10 | Rake $0 
Seat 1: 2Kazuto (big blind) folded before Flop
Seat 3: SMUTJAN72 folded before Flop (didn't bet)
Seat 4: JayJayJohnson folded before Flop (didn't bet)
Seat 5: MrBorrink folded before Flop (didn't bet)
Seat 6: Ravieer folded before Flop (didn't bet)
Seat 7: Dorex2007 folded before Flop (didn't bet)
Seat 8: B0B SACAMANO (button) folded before Flop (didn't bet)
Seat 9: Hatkevich (small blind) collected ($0.10)



PokerStars Hand #238318950792:  Hold'em No Limit ($0.02/$0.05 USD) - 2022/08/30 16:28:57 PT [2022/08/30 19:28:57 ET]
Table 'Skadi II' 9-max Seat #9 is the button
Seat 1: 2Kazuto ($4.07 in chips) 
Seat 2: gismouck ($5 in chips) 
Seat 3: SMUTJAN72 ($5.43 in chips) 
Seat 4: JayJayJohnson ($12.21 in chips) 
Seat 5: MrBorrink ($4.81 in chips) 
Seat 6: Ravieer ($4.06 in chips) 
Seat 7: Dorex2007 ($6.63 in chips) 
Seat 8: B0B SACAMANO ($11.68 in chips) 
Seat 9: Hatkevich ($8.87 in chips) 
2Kazuto: posts small blind $0.02
gismouck: posts big blind $0.05
*** HOLE CARDS ***
Dealt to Dorex2007 [Jh 4s]
SMUTJAN72: folds 
JayJayJohnson: folds 
MrBorrink: folds 
Ravieer: folds 
Dorex2007: folds 
B0B SACAMANO: folds 
Hatkevich: folds 
2Kazuto: folds 
Uncalled bet ($0.03) returned to gismouck
gismouck collected $0.04 from pot
*** SUMMARY ***
Total pot $0.04 | Rake $0 
Seat 1: 2Kazuto (small blind) folded before Flop
Seat 2: gismouck (big blind) collected ($0.04)
Seat 3: SMUTJAN72 folded before Flop (didn't bet)
Seat 4: JayJayJohnson folded before Flop (didn't bet)
Seat 5: MrBorrink folded before Flop (didn't bet)
Seat 6: Ravieer folded before Flop (didn't bet)
Seat 7: Dorex2007 folded before Flop (didn't bet)
Seat 8: B0B SACAMANO folded before Flop (didn't bet)
Seat 9: Hatkevich (button) folded before Flop (didn't bet)



PokerStars Hand #238318955948:  Hold'em No Limit ($0.02/$0.05 USD) - 2022/08/30 16:29:16 PT [2022/08/30 19:29:16 ET]
Table 'Skadi II' 9-max Seat #1 is the button
Seat 1: 2Kazuto ($4.05 in chips) 
Seat 2: gismouck ($5.02 in chips) 
Seat 3: SMUTJAN72 ($5.43 in chips) 
Seat 4: JayJayJohnson ($12.21 in chips) 
Seat 5: MrBorrink ($4.81 in chips) 
Seat 6: Ravieer ($4.06 in chips) 
Seat 7: Dorex2007 ($6.63 in chips) 
Seat 8: B0B SACAMANO ($11.68 in chips) 
Seat 9: Hatkevich ($8.87 in chips) 
gismouck: posts small blind $0.02
SMUTJAN72: posts big blind $0.05
*** HOLE CARDS ***
Dealt to Dorex2007 [Ks 6h]
JayJayJohnson: raises $0.10 to $0.15
MrBorrink: folds 
Ravieer: calls $0.15
Dorex2007: folds 
B0B SACAMANO: folds 
Hatkevich: folds 
2Kazuto: folds 
gismouck: folds 
SMUTJAN72: calls $0.10
*** FLOP *** [Ac 4c Qh]
SMUTJAN72: checks 
JayJayJohnson: checks 
Ravieer: checks 
*** TURN *** [Ac 4c Qh] [7h]
SMUTJAN72: bets $0.45
JayJayJohnson: folds 
Ravieer: folds 
Uncalled bet ($0.45) returned to SMUTJAN72
SMUTJAN72 collected $0.45 from pot
*** SUMMARY ***
Total pot $0.47 | Rake $0.02 
Board [Ac 4c Qh 7h]
Seat 1: 2Kazuto (button) folded before Flop (didn't bet)
Seat 2: gismouck (small blind) folded before Flop
Seat 3: SMUTJAN72 (big blind) collected ($0.45)
Seat 4: JayJayJohnson folded on the Turn
Seat 5: MrBorrink folded before Flop (didn't bet)
Seat 6: Ravieer folded on the Turn
Seat 7: Dorex2007 folded before Flop (didn't bet)
Seat 8: B0B SACAMANO folded before Flop (didn't bet)
Seat 9: Hatkevich folded before Flop (didn't bet)



PokerStars Hand #238318968004:  Hold'em No Limit ($0.02/$0.05 USD) - 2022/08/30 16:30:02 PT [2022/08/30 19:30:02 ET]
Table 'Skadi II' 9-max Seat #2 is the button
Seat 1: 2Kazuto ($4.05 in chips) 
Seat 2: gismouck ($5 in chips) 
Seat 3: SMUTJAN72 ($5.73 in chips) 
Seat 4: JayJayJohnson ($12.06 in chips) 
Seat 5: MrBorrink ($4.81 in chips) 
Seat 6: Ravieer ($3.91 in chips) 
Seat 7: Dorex2007 ($6.63 in chips) 
Seat 8: B0B SACAMANO ($11.68 in chips) 
Seat 9: Hatkevich ($8.87 in chips) 
SMUTJAN72: posts small blind $0.02
JayJayJohnson: posts big blind $0.05
*** HOLE CARDS ***
Dealt to Dorex2007 [Th Ad]
MrBorrink: folds 
Ravieer: raises $0.05 to $0.10
Dorex2007: calls $0.10
B0B SACAMANO: folds 
Hatkevich: folds 
2Kazuto: raises $0.32 to $0.42
gismouck: calls $0.42
SMUTJAN72: folds 
JayJayJohnson: folds 
Ravieer: folds 
Dorex2007: folds 
*** FLOP *** [Jh 8d 9d]
2Kazuto: checks 
gismouck: checks 
*** TURN *** [Jh 8d 9d] [6c]
2Kazuto: bets $0.38
gismouck: calls $0.38
*** RIVER *** [Jh 8d 9d 6c] [7h]
2Kazuto: bets $1.19
gismouck: folds [Kh Ac]
Uncalled bet ($1.19) returned to 2Kazuto
2Kazuto collected $1.79 from pot
2Kazuto: doesn't show hand 
*** SUMMARY ***
Total pot $1.87 | Rake $0.08 
Board [Jh 8d 9d 6c 7h]
Seat 1: 2Kazuto collected ($1.79)
Seat 2: gismouck (button) folded on the River
Seat 3: SMUTJAN72 (small blind) folded before Flop
Seat 4: JayJayJohnson (big blind) folded before Flop
Seat 5: MrBorrink folded before Flop (didn't bet)
Seat 6: Ravieer folded before Flop
Seat 7: Dorex2007 folded before Flop
Seat 8: B0B SACAMANO folded before Flop (didn't bet)
Seat 9: Hatkevich folded before Flop (didn't bet)



PokerStars Hand #238318989891:  Hold'em No Limit ($0.02/$0.05 USD) - 2022/08/30 16:31:25 PT [2022/08/30 19:31:25 ET]
Table 'Skadi II' 9-max Seat #3 is the button
Seat 1: 2Kazuto ($5.04 in chips) 
Seat 2: gismouck ($5 in chips) 
Seat 3: SMUTJAN72 ($5.71 in chips) 
Seat 4: JayJayJohnson ($12.01 in chips) 
Seat 5: MrBorrink ($4.81 in chips) 
Seat 6: Ravieer ($3.81 in chips) 
Seat 7: Dorex2007 ($6.53 in chips) 
Seat 8: B0B SACAMANO ($11.68 in chips) 
Seat 9: Hatkevich ($8.87 in chips) 
JayJayJohnson: posts small blind $0.02
MrBorrink: posts big blind $0.05
*** HOLE CARDS ***
Dealt to Dorex2007 [7c As]
Ravieer: folds 
Dorex2007: folds 
B0B SACAMANO: raises $0.10 to $0.15
Hatkevich: calls $0.15
2Kazuto: folds 
gismouck: folds 
SMUTJAN72: folds 
JayJayJohnson: folds 
MrBorrink: folds 
*** FLOP *** [6s 6h Ks]
B0B SACAMANO: checks 
Hatkevich: checks 
*** TURN *** [6s 6h Ks] [9h]
B0B SACAMANO: checks 
Hatkevich: bets $0.19
B0B SACAMANO: folds 
Uncalled bet ($0.19) returned to Hatkevich
Hatkevich collected $0.35 from pot
Hatkevich: doesn't show hand 
*** SUMMARY ***
Total pot $0.37 | Rake $0.02 
Board [6s 6h Ks 9h]
Seat 1: 2Kazuto folded before Flop (didn't bet)
Seat 2: gismouck folded before Flop (didn't bet)
Seat 3: SMUTJAN72 (button) folded before Flop (didn't bet)
Seat 4: JayJayJohnson (small blind) folded before Flop
Seat 5: MrBorrink (big blind) folded before Flop
Seat 6: Ravieer folded before Flop (didn't bet)
Seat 7: Dorex2007 folded before Flop (didn't bet)
Seat 8: B0B SACAMANO folded on the Turn
Seat 9: Hatkevich collected ($0.35)



PokerStars Hand #238319000747:  Hold'em No Limit ($0.02/$0.05 USD) - 2022/08/30 16:32:07 PT [2022/08/30 19:32:07 ET]
Table 'Skadi II' 9-max Seat #4 is the button
Seat 1: 2Kazuto ($5.04 in chips) 
Seat 2: gismouck ($5 in chips) 
Seat 3: SMUTJAN72 ($5.71 in chips) 
Seat 4: JayJayJohnson ($11.99 in chips) 
Seat 5: MrBorrink ($4.76 in chips) 
Seat 6: Ravieer ($3.81 in chips) 
Seat 7: Dorex2007 ($6.53 in chips) 
Seat 8: B0B SACAMANO ($11.53 in chips) 
Seat 9: Hatkevich ($9.07 in chips) 
MrBorrink: posts small blind $0.02
Ravieer: posts big blind $0.05
*** HOLE CARDS ***
Dealt to Dorex2007 [7c Jd]
Dorex2007: folds 
B0B SACAMANO: folds 
Hatkevich: folds 
2Kazuto: raises $0.09 to $0.14
gismouck: folds 
SMUTJAN72: folds 
JayJayJohnson: folds 
MrBorrink: folds 
Ravieer: calls $0.09
*** FLOP *** [8h Ts 2c]
Ravieer: checks 
2Kazuto: checks 
*** TURN *** [8h Ts 2c] [3d]
Ravieer: bets $0.10
2Kazuto: calls $0.10
*** RIVER *** [8h Ts 2c 3d] [5h]
Ravieer: checks 
2Kazuto: bets $0.24
Ravieer: calls $0.24
*** SHOW DOWN ***
2Kazuto: shows [Ac 4c] (a straight, Ace to Five)
Ravieer: mucks hand 
2Kazuto collected $0.94 from pot
*** SUMMARY ***
Total pot $0.98 | Rake $0.04 
Board [8h Ts 2c 3d 5h]
Seat 1: 2Kazuto showed [Ac 4c] and won ($0.94) with a straight, Ace to Five
Seat 2: gismouck folded before Flop (didn't bet)
Seat 3: SMUTJAN72 folded before Flop (didn't bet)
Seat 4: JayJayJohnson (button) folded before Flop (didn't bet)
Seat 5: MrBorrink (small blind) folded before Flop
Seat 6: Ravieer (big blind) mucked [Td 6d]
Seat 7: Dorex2007 folded before Flop (didn't bet)
Seat 8: B0B SACAMANO folded before Flop (didn't bet)
Seat 9: Hatkevich folded before Flop (didn't bet)



PokerStars Hand #238319017832:  Hold'em No Limit ($0.02/$0.05 USD) - 2022/08/30 16:33:12 PT [2022/08/30 19:33:12 ET]
Table 'Skadi II' 9-max Seat #5 is the button
Seat 1: 2Kazuto ($5.50 in chips) 
Seat 2: gismouck ($5 in chips) 
Seat 3: SMUTJAN72 ($5.71 in chips) 
Seat 4: JayJayJohnson ($11.99 in chips) 
Seat 5: MrBorrink ($4.74 in chips) 
Seat 6: Ravieer ($3.33 in chips) 
Seat 7: Dorex2007 ($6.53 in chips) 
Seat 8: B0B SACAMANO ($11.53 in chips) 
Seat 9: Hatkevich ($9.07 in chips) 
Ravieer: posts small blind $0.02
Dorex2007: posts big blind $0.05
*** HOLE CARDS ***
Dealt to Dorex2007 [7c Ks]
B0B SACAMANO: folds 
Hatkevich: folds 
2Kazuto: folds 
gismouck: folds 
SMUTJAN72: folds 
JayJayJohnson: raises $0.10 to $0.15
MrBorrink: folds 
Ravieer: raises $0.15 to $0.30
Dorex2007: folds 
JayJayJohnson: calls $0.15
*** FLOP *** [4c Ac Ad]
Ravieer: bets $0.10
JayJayJohnson: calls $0.10
*** TURN *** [4c Ac Ad] [5d]
Ravieer: bets $0.25
JayJayJohnson: calls $0.25
*** RIVER *** [4c Ac Ad 5d] [Ah]
Ravieer: checks 
JayJayJohnson: bets $0.60
Ravieer: folds 
Uncalled bet ($0.60) returned to JayJayJohnson
JayJayJohnson collected $1.29 from pot
*** SUMMARY ***
Total pot $1.35 | Rake $0.06 
Board [4c Ac Ad 5d Ah]
Seat 1: 2Kazuto folded before Flop (didn't bet)
Seat 2: gismouck folded before Flop (didn't bet)
Seat 3: SMUTJAN72 folded before Flop (didn't bet)
Seat 4: JayJayJohnson collected ($1.29)
Seat 5: MrBorrink (button) folded before Flop (didn't bet)
Seat 6: Ravieer (small blind) folded on the River
Seat 7: Dorex2007 (big blind) folded before Flop
Seat 8: B0B SACAMANO folded before Flop (didn't bet)
Seat 9: Hatkevich folded before Flop (didn't bet)



PokerStars Hand #238319030110:  Hold'em No Limit ($0.02/$0.05 USD) - 2022/08/30 16:33:59 PT [2022/08/30 19:33:59 ET]
Table 'Skadi II' 9-max Seat #6 is the button
Seat 1: 2Kazuto ($5.50 in chips) 
Seat 2: gismouck ($5 in chips) 
Seat 3: SMUTJAN72 ($5.71 in chips) 
Seat 4: JayJayJohnson ($12.63 in chips) 
Seat 5: MrBorrink ($4.74 in chips) 
Seat 6: Ravieer ($2.68 in chips) 
Seat 7: Dorex2007 ($6.48 in chips) 
Seat 8: B0B SACAMANO ($11.53 in chips) 
Seat 9: Hatkevich ($9.07 in chips) 
Dorex2007: posts small blind $0.02
B0B SACAMANO: posts big blind $0.05
*** HOLE CARDS ***
Dealt to Dorex2007 [3s Jd]
Hatkevich: folds 
2Kazuto: raises $0.11 to $0.16
gismouck: folds 
SMUTJAN72: folds 
JayJayJohnson: folds 
MrBorrink: folds 
Ravieer: calls $0.16
Dorex2007: folds 
B0B SACAMANO: folds 
*** FLOP *** [7h 4c Kc]
2Kazuto: checks 
Ravieer: checks 
*** TURN *** [7h 4c Kc] [3h]
2Kazuto: bets $0.22
Ravieer: folds 
Uncalled bet ($0.22) returned to 2Kazuto
2Kazuto collected $0.37 from pot
2Kazuto: doesn't show hand 
*** SUMMARY ***
Total pot $0.39 | Rake $0.02 
Board [7h 4c Kc 3h]
Seat 1: 2Kazuto collected ($0.37)
Seat 2: gismouck folded before Flop (didn't bet)
Seat 3: SMUTJAN72 folded before Flop (didn't bet)
Seat 4: JayJayJohnson folded before Flop (didn't bet)
Seat 5: MrBorrink folded before Flop (didn't bet)
Seat 6: Ravieer (button) folded on the Turn
Seat 7: Dorex2007 (small blind) folded before Flop
Seat 8: B0B SACAMANO (big blind) folded before Flop
Seat 9: Hatkevich folded before Flop (didn't bet)



PokerStars Hand #238319043675:  Hold'em No Limit ($0.02/$0.05 USD) - 2022/08/30 16:34:52 PT [2022/08/30 19:34:52 ET]
Table 'Skadi II' 9-max Seat #7 is the button
Seat 1: 2Kazuto ($5.71 in chips) 
Seat 2: gismouck ($5 in chips) 
Seat 3: SMUTJAN72 ($5.71 in chips) 
Seat 4: JayJayJohnson ($12.63 in chips) 
Seat 5: MrBorrink ($4.74 in chips) 
Seat 6: Ravieer ($2.52 in chips) 
Seat 7: Dorex2007 ($6.46 in chips) 
Seat 8: B0B SACAMANO ($11.48 in chips) 
Seat 9: Hatkevich ($9.07 in chips) 
B0B SACAMANO: posts small blind $0.02
Hatkevich: posts big blind $0.05
*** HOLE CARDS ***
Dealt to Dorex2007 [5s Td]
2Kazuto: folds 
gismouck: folds 
SMUTJAN72: raises $0.05 to $0.10
JayJayJohnson: folds 
MrBorrink: folds 
Ravieer: raises $0.15 to $0.25
Dorex2007: folds 
B0B SACAMANO: folds 
Hatkevich: folds 
SMUTJAN72: folds 
Uncalled bet ($0.15) returned to Ravieer
Ravieer collected $0.27 from pot
Ravieer: doesn't show hand 
*** SUMMARY ***
Total pot $0.27 | Rake $0 
Seat 1: 2Kazuto folded before Flop (didn't bet)
Seat 2: gismouck folded before Flop (didn't bet)
Seat 3: SMUTJAN72 folded before Flop
Seat 4: JayJayJohnson folded before Flop (didn't bet)
Seat 5: MrBorrink folded before Flop (didn't bet)
Seat 6: Ravieer collected ($0.27)
Seat 7: Dorex2007 (button) folded before Flop (didn't bet)
Seat 8: B0B SACAMANO (small blind) folded before Flop
Seat 9: Hatkevich (big blind) folded before Flop



PokerStars Hand #238319053225:  Hold'em No Limit ($0.02/$0.05 USD) - 2022/08/30 16:35:29 PT [2022/08/30 19:35:29 ET]
Table 'Skadi II' 9-max Seat #8 is the button
Seat 1: 2Kazuto ($5.71 in chips) 
Seat 2: gismouck ($5 in chips) 
Seat 3: SMUTJAN72 ($5.61 in chips) 
Seat 4: JayJayJohnson ($12.63 in chips) 
Seat 5: MrBorrink ($4.74 in chips) 
Seat 6: Ravieer ($2.69 in chips) 
Seat 7: Dorex2007 ($6.46 in chips) 
Seat 8: B0B SACAMANO ($11.46 in chips) 
Seat 9: Hatkevich ($9.02 in chips) 
Hatkevich: posts small blind $0.02
2Kazuto: posts big blind $0.05
*** HOLE CARDS ***
Dealt to Dorex2007 [7d 6d]
gismouck: folds 
SMUTJAN72: folds 
JayJayJohnson: folds 
MrBorrink: folds 
Ravieer: raises $0.10 to $0.15
Dorex2007: folds 
B0B SACAMANO: raises $0.30 to $0.45
Hatkevich: folds 
2Kazuto: folds 
Ravieer: calls $0.30
*** FLOP *** [Kh Qs 3h]
Ravieer: checks 
B0B SACAMANO: bets $0.31
Ravieer: calls $0.31
*** TURN *** [Kh Qs 3h] [6h]
Ravieer: checks 
B0B SACAMANO: checks 
*** RIVER *** [Kh Qs 3h 6h] [Td]
Ravieer: checks 
B0B SACAMANO: checks 
*** SHOW DOWN ***
Ravieer: shows [Jc Ts] (a pair of Tens)
B0B SACAMANO: shows [Kc As] (a pair of Kings)
B0B SACAMANO collected $1.52 from pot
*** SUMMARY ***
Total pot $1.59 | Rake $0.07 
Board [Kh Qs 3h 6h Td]
Seat 1: 2Kazuto (big blind) folded before Flop
Seat 2: gismouck folded before Flop (didn't bet)
Seat 3: SMUTJAN72 folded before Flop (didn't bet)
Seat 4: JayJayJohnson folded before Flop (didn't bet)
Seat 5: MrBorrink folded before Flop (didn't bet)
Seat 6: Ravieer showed [Jc Ts] and lost with a pair of Tens
Seat 7: Dorex2007 folded before Flop (didn't bet)
Seat 8: B0B SACAMANO (button) showed [Kc As] and won ($1.52) with a pair of Kings
Seat 9: Hatkevich (small blind) folded before Flop



PokerStars Hand #238319075749:  Hold'em No Limit ($0.02/$0.05 USD) - 2022/08/30 16:36:57 PT [2022/08/30 19:36:57 ET]
Table 'Skadi II' 9-max Seat #9 is the button
Seat 1: 2Kazuto ($5.66 in chips) 
Seat 2: gismouck ($5 in chips) 
Seat 3: SMUTJAN72 ($5.61 in chips) 
Seat 4: JayJayJohnson ($12.63 in chips) 
Seat 5: MrBorrink ($4.74 in chips) 
Seat 6: Ravieer ($1.93 in chips) 
Seat 7: Dorex2007 ($6.46 in chips) 
Seat 8: B0B SACAMANO ($12.22 in chips) 
Seat 9: Hatkevich ($9 in chips) 
2Kazuto: posts small blind $0.02
gismouck: posts big blind $0.05
*** HOLE CARDS ***
Dealt to Dorex2007 [Ah Kh]
SMUTJAN72: folds 
JayJayJohnson: folds 
MrBorrink: raises $0.10 to $0.15
Ravieer: folds 
Dorex2007: raises $0.40 to $0.55
B0B SACAMANO: calls $0.55
Hatkevich: folds 
2Kazuto: folds 
gismouck: folds 
MrBorrink: folds 
*** FLOP *** [3c 7h Ad]
Dorex2007: checks 
B0B SACAMANO: checks 
*** TURN *** [3c 7h Ad] [Kd]
Dorex2007: bets $1.27
B0B SACAMANO: folds 
Uncalled bet ($1.27) returned to Dorex2007
Dorex2007 collected $1.27 from pot
Dorex2007: doesn't show hand 
*** SUMMARY ***
Total pot $1.32 | Rake $0.05 
Board [3c 7h Ad Kd]
Seat 1: 2Kazuto (small blind) folded before Flop
Seat 2: gismouck (big blind) folded before Flop
Seat 3: SMUTJAN72 folded before Flop (didn't bet)
Seat 4: JayJayJohnson folded before Flop (didn't bet)
Seat 5: MrBorrink folded before Flop
Seat 6: Ravieer folded before Flop (didn't bet)
Seat 7: Dorex2007 collected ($1.27)
Seat 8: B0B SACAMANO folded on the Turn
Seat 9: Hatkevich (button) folded before Flop (didn't bet)



PokerStars Hand #238319588926:  Hold'em No Limit ($0.02/$0.05 USD) - 2022/08/30 16:37:49 PT [2022/08/30 19:37:49 ET]
Table 'Skadi II' 9-max Seat #1 is the button
Seat 1: 2Kazuto ($5.64 in chips) 
Seat 2: gismouck ($5 in chips) 
Seat 3: SMUTJAN72 ($5.61 in chips) 
Seat 4: JayJayJohnson ($12.63 in chips) 
Seat 5: MrBorrink ($4.59 in chips) 
Seat 6: Ravieer ($3.50 in chips) 
Seat 7: Dorex2007 ($7.18 in chips) 
Seat 8: B0B SACAMANO ($11.67 in chips) 
Seat 9: Hatkevich ($9 in chips) 
gismouck: posts small blind $0.02
SMUTJAN72: posts big blind $0.05
*** HOLE CARDS ***
Dealt to Dorex2007 [Js 4h]
JayJayJohnson: folds 
MrBorrink: folds 
Ravieer: folds 
Dorex2007: folds 
B0B SACAMANO: raises $0.10 to $0.15
Hatkevich: folds 
2Kazuto: calls $0.15
gismouck: folds 
SMUTJAN72: folds 
*** FLOP *** [Ts Tc 9d]
B0B SACAMANO: checks 
2Kazuto: bets $0.23
B0B SACAMANO: calls $0.23
*** TURN *** [Ts Tc 9d] [Jd]
B0B SACAMANO: checks 
2Kazuto: checks 
*** RIVER *** [Ts Tc 9d Jd] [6d]
B0B SACAMANO: bets $0.40
2Kazuto: calls $0.40
*** SHOW DOWN ***
B0B SACAMANO: shows [Qd Ad] (a flush, Ace high)
2Kazuto: mucks hand 
B0B SACAMANO collected $1.56 from pot
*** SUMMARY ***
Total pot $1.63 | Rake $0.07 
Board [Ts Tc 9d Jd 6d]
Seat 1: 2Kazuto (button) mucked [9c Ac]
Seat 2: gismouck (small blind) folded before Flop
Seat 3: SMUTJAN72 (big blind) folded before Flop
Seat 4: JayJayJohnson folded before Flop (didn't bet)
Seat 5: MrBorrink folded before Flop (didn't bet)
Seat 6: Ravieer folded before Flop (didn't bet)
Seat 7: Dorex2007 folded before Flop (didn't bet)
Seat 8: B0B SACAMANO showed [Qd Ad] and won ($1.56) with a flush, Ace high
Seat 9: Hatkevich folded before Flop (didn't bet)



PokerStars Hand #238319603871:  Hold'em No Limit ($0.02/$0.05 USD) - 2022/08/30 16:38:47 PT [2022/08/30 19:38:47 ET]
Table 'Skadi II' 9-max Seat #2 is the button
Seat 1: 2Kazuto ($4.86 in chips) 
Seat 2: gismouck ($5 in chips) 
Seat 3: SMUTJAN72 ($5.56 in chips) 
Seat 4: JayJayJohnson ($12.63 in chips) 
Seat 5: MrBorrink ($4.59 in chips) 
Seat 6: Ravieer ($3.50 in chips) 
Seat 7: Dorex2007 ($7.18 in chips) 
Seat 8: B0B SACAMANO ($12.45 in chips) 
Seat 9: Hatkevich ($9 in chips) 
SMUTJAN72: posts small blind $0.02
JayJayJohnson: posts big blind $0.05
*** HOLE CARDS ***
Dealt to Dorex2007 [3h 9s]
MrBorrink: folds 
Ravieer: folds 
Dorex2007: folds 
B0B SACAMANO: folds 
Hatkevich: raises $0.07 to $0.12
2Kazuto: folds 
gismouck: calls $0.12
SMUTJAN72: folds 
JayJayJohnson: raises $0.37 to $0.49
Hatkevich: folds 
gismouck: calls $0.37
*** FLOP *** [Kc 3c Kd]
JayJayJohnson: bets $0.35
gismouck: calls $0.35
*** TURN *** [Kc 3c Kd] [3d]
JayJayJohnson: bets $0.50
gismouck: folds 
Uncalled bet ($0.50) returned to JayJayJohnson
JayJayJohnson collected $1.74 from pot
*** SUMMARY ***
Total pot $1.82 | Rake $0.08 
Board [Kc 3c Kd 3d]
Seat 1: 2Kazuto folded before Flop (didn't bet)
Seat 2: gismouck (button) folded on the Turn
Seat 3: SMUTJAN72 (small blind) folded before Flop
Seat 4: JayJayJohnson (big blind) collected ($1.74)
Seat 5: MrBorrink folded before Flop (didn't bet)
Seat 6: Ravieer folded before Flop (didn't bet)
Seat 7: Dorex2007 folded before Flop (didn't bet)
Seat 8: B0B SACAMANO folded before Flop (didn't bet)
Seat 9: Hatkevich folded before Flop



PokerStars Hand #238319616676:  Hold'em No Limit ($0.02/$0.05 USD) - 2022/08/30 16:39:37 PT [2022/08/30 19:39:37 ET]
Table 'Skadi II' 9-max Seat #3 is the button
Seat 1: 2Kazuto ($4.86 in chips) 
Seat 2: gismouck ($5 in chips) 
Seat 3: SMUTJAN72 ($5.54 in chips) 
Seat 4: JayJayJohnson ($13.53 in chips) 
Seat 5: MrBorrink ($4.59 in chips) 
Seat 6: Ravieer ($3.50 in chips) 
Seat 7: Dorex2007 ($7.18 in chips) 
Seat 8: B0B SACAMANO ($12.45 in chips) 
Seat 9: Hatkevich ($8.88 in chips) 
JayJayJohnson: posts small blind $0.02
MrBorrink: posts big blind $0.05
*** HOLE CARDS ***
Dealt to Dorex2007 [3h 9s]
Ravieer: folds 
Dorex2007: folds 
B0B SACAMANO: folds 
Hatkevich: folds 
2Kazuto: folds 
gismouck: raises $0.10 to $0.15
SMUTJAN72: folds 
JayJayJohnson: calls $0.13
MrBorrink: folds 
*** FLOP *** [Js 9d Kc]
JayJayJohnson: checks 
gismouck: checks 
*** TURN *** [Js 9d Kc] [8c]
JayJayJohnson: checks 
gismouck: checks 
*** RIVER *** [Js 9d Kc 8c] [Ts]
JayJayJohnson: checks 
gismouck: checks 
*** SHOW DOWN ***
JayJayJohnson: shows [6s 6d] (a pair of Sixes)
gismouck: mucks hand 
JayJayJohnson collected $0.34 from pot
*** SUMMARY ***
Total pot $0.35 | Rake $0.01 
Board [Js 9d Kc 8c Ts]
Seat 1: 2Kazuto folded before Flop (didn't bet)
Seat 2: gismouck mucked [As 3s]
Seat 3: SMUTJAN72 (button) folded before Flop (didn't bet)
Seat 4: JayJayJohnson (small blind) showed [6s 6d] and won ($0.34) with a pair of Sixes
Seat 5: MrBorrink (big blind) folded before Flop
Seat 6: Ravieer folded before Flop (didn't bet)
Seat 7: Dorex2007 folded before Flop (didn't bet)
Seat 8: B0B SACAMANO folded before Flop (didn't bet)
Seat 9: Hatkevich folded before Flop (didn't bet)



PokerStars Hand #238319627869:  Hold'em No Limit ($0.02/$0.05 USD) - 2022/08/30 16:40:20 PT [2022/08/30 19:40:20 ET]
Table 'Skadi II' 9-max Seat #4 is the button
Seat 1: 2Kazuto ($4.86 in chips) 
Seat 2: gismouck ($5 in chips) 
Seat 3: SMUTJAN72 ($5.54 in chips) 
Seat 4: JayJayJohnson ($13.72 in chips) 
Seat 5: MrBorrink ($4.54 in chips) 
Seat 6: Ravieer ($3.50 in chips) 
Seat 7: Dorex2007 ($7.18 in chips) 
Seat 8: B0B SACAMANO ($12.45 in chips) 
Seat 9: Hatkevich ($8.88 in chips) 
MrBorrink: posts small blind $0.02
Ravieer: posts big blind $0.05
*** HOLE CARDS ***
Dealt to Dorex2007 [7h Qc]
Dorex2007: folds 
B0B SACAMANO: raises $0.10 to $0.15
Hatkevich: folds 
2Kazuto: folds 
gismouck: calls $0.15
SMUTJAN72: folds 
JayJayJohnson: folds 
MrBorrink: folds 
Ravieer: calls $0.10
*** FLOP *** [7d Ts 4c]
Ravieer: checks 
B0B SACAMANO: checks 
gismouck: checks 
*** TURN *** [7d Ts 4c] [6d]
Ravieer: bets $0.45
B0B SACAMANO: folds 
gismouck: folds 
Uncalled bet ($0.45) returned to Ravieer
Ravieer collected $0.45 from pot
Ravieer: doesn't show hand 
*** SUMMARY ***
Total pot $0.47 | Rake $0.02 
Board [7d Ts 4c 6d]
Seat 1: 2Kazuto folded before Flop (didn't bet)
Seat 2: gismouck folded on the Turn
Seat 3: SMUTJAN72 folded before Flop (didn't bet)
Seat 4: JayJayJohnson (button) folded before Flop (didn't bet)
Seat 5: MrBorrink (small blind) folded before Flop
Seat 6: Ravieer (big blind) collected ($0.45)
Seat 7: Dorex2007 folded before Flop (didn't bet)
Seat 8: B0B SACAMANO folded on the Turn
Seat 9: Hatkevich folded before Flop (didn't bet)



PokerStars Hand #238319636722:  Hold'em No Limit ($0.02/$0.05 USD) - 2022/08/30 16:40:55 PT [2022/08/30 19:40:55 ET]
Table 'Skadi II' 9-max Seat #5 is the button
Seat 1: 2Kazuto ($4.86 in chips) 
Seat 2: gismouck ($5 in chips) 
Seat 3: SMUTJAN72 ($5.54 in chips) 
Seat 4: JayJayJohnson ($13.72 in chips) 
Seat 5: MrBorrink ($4.52 in chips) 
Seat 6: Ravieer ($3.80 in chips) 
Seat 7: Dorex2007 ($7.18 in chips) 
Seat 8: B0B SACAMANO ($12.30 in chips) 
Seat 9: Hatkevich ($8.88 in chips) 
Ravieer: posts small blind $0.02
Dorex2007: posts big blind $0.05
*** HOLE CARDS ***
Dealt to Dorex2007 [5c 8c]
B0B SACAMANO: raises $0.10 to $0.15
Hatkevich: folds 
2Kazuto: folds 
gismouck: folds 
SMUTJAN72: folds 
JayJayJohnson: raises $0.30 to $0.45
MrBorrink: folds 
Ravieer: folds 
Dorex2007: folds 
B0B SACAMANO: calls $0.30
*** FLOP *** [3h Ts Ah]
B0B SACAMANO: checks 
JayJayJohnson: bets $0.45
B0B SACAMANO: calls $0.45
*** TURN *** [3h Ts Ah] [6h]
B0B SACAMANO: checks 
JayJayJohnson: checks 
*** RIVER *** [3h Ts Ah 6h] [Qc]
B0B SACAMANO: bets $0.59
JayJayJohnson: calls $0.59
*** SHOW DOWN ***
B0B SACAMANO: shows [Qh As] (two pair, Aces and Queens)
JayJayJohnson: shows [Jc Kc] (a straight, Ten to Ace)
JayJayJohnson collected $2.92 from pot
*** SUMMARY ***
Total pot $3.05 | Rake $0.13 
Board [3h Ts Ah 6h Qc]
Seat 1: 2Kazuto folded before Flop (didn't bet)
Seat 2: gismouck folded before Flop (didn't bet)
Seat 3: SMUTJAN72 folded before Flop (didn't bet)
Seat 4: JayJayJohnson showed [Jc Kc] and won ($2.92) with a straight, Ten to Ace
Seat 5: MrBorrink (button) folded before Flop (didn't bet)
Seat 6: Ravieer (small blind) folded before Flop
Seat 7: Dorex2007 (big blind) folded before Flop
Seat 8: B0B SACAMANO showed [Qh As] and lost with two pair, Aces and Queens
Seat 9: Hatkevich folded before Flop (didn't bet)



PokerStars Hand #238319648052:  Hold'em No Limit ($0.02/$0.05 USD) - 2022/08/30 16:41:39 PT [2022/08/30 19:41:39 ET]
Table 'Skadi II' 9-max Seat #6 is the button
Seat 1: 2Kazuto ($4.86 in chips) 
Seat 2: gismouck ($5 in chips) 
Seat 3: SMUTJAN72 ($5.54 in chips) 
Seat 4: JayJayJohnson ($15.15 in chips) 
Seat 5: MrBorrink ($4.52 in chips) 
Seat 6: Ravieer ($3.78 in chips) 
Seat 7: Dorex2007 ($7.13 in chips) 
Seat 8: B0B SACAMANO ($10.81 in chips) 
Seat 9: Hatkevich ($8.88 in chips) 
Dorex2007: posts small blind $0.02
B0B SACAMANO: posts big blind $0.05
*** HOLE CARDS ***
Dealt to Dorex2007 [8h 3h]
Hatkevich: folds 
2Kazuto: raises $0.09 to $0.14
gismouck: folds 
SMUTJAN72: folds 
JayJayJohnson: folds 
MrBorrink: folds 
Ravieer: raises $0.26 to $0.40
Dorex2007: folds 
B0B SACAMANO: folds 
2Kazuto: calls $0.26
*** FLOP *** [5c 4c 8c]
2Kazuto: checks 
Ravieer: bets $0.83
2Kazuto: raises $3.63 to $4.46 and is all-in
Ravieer: calls $2.55 and is all-in
Uncalled bet ($1.08) returned to 2Kazuto
gismouck leaves the table
*** TURN *** [5c 4c 8c] [Jc]
*** RIVER *** [5c 4c 8c Jc] [9c]
B0B SACAMANO leaves the table
*** SHOW DOWN ***
2Kazuto: shows [8s Ts] (a flush, Jack high)
Ravieer: shows [As Ad] (a flush, Jack high)
2Kazuto collected $3.66 from pot
Ravieer collected $3.65 from pot
*** SUMMARY ***
Total pot $7.63 | Rake $0.32 
Board [5c 4c 8c Jc 9c]
Seat 1: 2Kazuto showed [8s Ts] and won ($3.66) with a flush, Jack high
Seat 2: gismouck folded before Flop (didn't bet)
Seat 3: SMUTJAN72 folded before Flop (didn't bet)
Seat 4: JayJayJohnson folded before Flop (didn't bet)
Seat 5: MrBorrink folded before Flop (didn't bet)
Seat 6: Ravieer (button) showed [As Ad] and won ($3.65) with a flush, Jack high
Seat 7: Dorex2007 (small blind) folded before Flop
Seat 8: B0B SACAMANO (big blind) folded before Flop
Seat 9: Hatkevich folded before Flop (didn't bet)



PokerStars Hand #238319659264:  Hold'em No Limit ($0.02/$0.05 USD) - 2022/08/30 16:42:23 PT [2022/08/30 19:42:23 ET]
Table 'Skadi II' 9-max Seat #7 is the button
Seat 1: 2Kazuto ($4.74 in chips) 
Seat 3: SMUTJAN72 ($5.54 in chips) 
Seat 4: JayJayJohnson ($15.15 in chips) 
Seat 5: MrBorrink ($4.52 in chips) 
Seat 6: Ravieer ($3.65 in chips) 
Seat 7: Dorex2007 ($7.11 in chips) 
Seat 9: Hatkevich ($8.88 in chips) 
Hatkevich: posts small blind $0.02
2Kazuto: posts big blind $0.05
*** HOLE CARDS ***
Dealt to Dorex2007 [5h 5d]
SMUTJAN72: folds 
JayJayJohnson: folds 
MrBorrink: folds 
Ravieer: raises $0.05 to $0.10
Dorex2007: calls $0.10
Hatkevich: calls $0.08
2Kazuto: calls $0.05
*** FLOP *** [8d Qd Jc]
Hatkevich: checks 
2Kazuto: checks 
Ravieer: checks 
Dorex2007: checks 
*** TURN *** [8d Qd Jc] [2d]
Hatkevich: checks 
2Kazuto: checks 
Ravieer: bets $0.15
Dorex2007: folds 
Hatkevich: raises $0.40 to $0.55
2Kazuto: folds 
Ravieer: calls $0.40
*** RIVER *** [8d Qd Jc 2d] [6s]
Hatkevich: checks 
Ravieer: checks 
*** SHOW DOWN ***
Hatkevich: shows [Ts 8s] (a pair of Eights)
Ravieer: mucks hand 
Hatkevich collected $1.44 from pot
*** SUMMARY ***
Total pot $1.50 | Rake $0.06 
Board [8d Qd Jc 2d 6s]
Seat 1: 2Kazuto (big blind) folded on the Turn
Seat 3: SMUTJAN72 folded before Flop (didn't bet)
Seat 4: JayJayJohnson folded before Flop (didn't bet)
Seat 5: MrBorrink folded before Flop (didn't bet)
Seat 6: Ravieer mucked [Ad 7c]
Seat 7: Dorex2007 (button) folded on the Turn
Seat 9: Hatkevich (small blind) showed [Ts 8s] and won ($1.44) with a pair of Eights



PokerStars Hand #238319676177:  Hold'em No Limit ($0.02/$0.05 USD) - 2022/08/30 16:43:30 PT [2022/08/30 19:43:30 ET]
Table 'Skadi II' 9-max Seat #9 is the button
Seat 1: 2Kazuto ($4.64 in chips) 
Seat 3: SMUTJAN72 ($5.54 in chips) 
Seat 4: JayJayJohnson ($15.15 in chips) 
Seat 5: MrBorrink ($4.52 in chips) 
Seat 7: Dorex2007 ($7.01 in chips) 
Seat 9: Hatkevich ($9.67 in chips) 
2Kazuto: posts small blind $0.02
SMUTJAN72: posts big blind $0.05
*** HOLE CARDS ***
Dealt to Dorex2007 [9s Tc]
JayJayJohnson: folds 
MrBorrink: folds 
Dorex2007: folds 
Ravieer leaves the table
MrBorrink leaves the table
Hatkevich: folds 
2Kazuto: folds 
Uncalled bet ($0.03) returned to SMUTJAN72
SMUTJAN72 collected $0.04 from pot
*** SUMMARY ***
Total pot $0.04 | Rake $0 
Seat 1: 2Kazuto (small blind) folded before Flop
Seat 3: SMUTJAN72 (big blind) collected ($0.04)
Seat 4: JayJayJohnson folded before Flop (didn't bet)
Seat 5: MrBorrink folded before Flop (didn't bet)
Seat 7: Dorex2007 folded before Flop (didn't bet)
Seat 9: Hatkevich (button) folded before Flop (didn't bet)



PokerStars Hand #238319679809:  Hold'em No Limit ($0.02/$0.05 USD) - 2022/08/30 16:43:44 PT [2022/08/30 19:43:44 ET]
Table 'Skadi II' 9-max Seat #1 is the button
Seat 1: 2Kazuto ($4.62 in chips) 
Seat 3: SMUTJAN72 ($5.56 in chips) 
Seat 4: JayJayJohnson ($15.15 in chips) 
Seat 7: Dorex2007 ($7.01 in chips) 
Seat 9: Hatkevich ($9.67 in chips) 
SMUTJAN72: posts small blind $0.02
JayJayJohnson: posts big blind $0.05
*** HOLE CARDS ***
Dealt to Dorex2007 [Kd 5h]
Dorex2007: folds 
Hatkevich: folds 
2Kazuto: folds 
SMUTJAN72: folds 
Uncalled bet ($0.03) returned to JayJayJohnson
JayJayJohnson collected $0.04 from pot
*** SUMMARY ***
Total pot $0.04 | Rake $0 
Seat 1: 2Kazuto (button) folded before Flop (didn't bet)
Seat 3: SMUTJAN72 (small blind) folded before Flop
Seat 4: JayJayJohnson (big blind) collected ($0.04)
Seat 7: Dorex2007 folded before Flop (didn't bet)
Seat 9: Hatkevich folded before Flop (didn't bet)



