PokerStars Hand #234563814318:  Hold'em No Limit ($0.01/$0.02 USD) - 2022/03/04 16:43:48 PT [2022/03/04 19:43:48 ET]
Table 'Veritas II' 9-max Seat #6 is the button
Seat 1: Elpharae ($4.87 in chips) 
Seat 3: coolDadJimbo ($3.04 in chips) 
Seat 4: Deivison 171 ($0.67 in chips) 
Seat 5: Dorex2007 ($2 in chips) 
Seat 6: GioJoe2 ($1.99 in chips) 
Seat 7: ViniHenriqueee ($1.04 in chips) 
Seat 8: Travelstore ($2.80 in chips) 
Seat 9: paranhos89 ($2.04 in chips) 
ViniHenriqueee: posts small blind $0.01
Travelstore: posts big blind $0.02
Deivison 171: posts small & big blinds $0.03
Dorex2007: posts big blind $0.02
*** HOLE CARDS ***
Dealt to Dorex2007 [7d Th]
paranhos89: folds 
Elpharae: folds 
coolDadJimbo: calls $0.02
Deivison 171: checks 
Dorex2007: checks 
GioJoe2: calls $0.02
ViniHenriqueee: folds 
Travelstore: checks 
*** FLOP *** [3s Jd 7s]
Travelstore: checks 
coolDadJimbo: checks 
Deivison 171: checks 
Dorex2007: bets $0.08
GioJoe2: calls $0.08
Travelstore: folds 
coolDadJimbo: calls $0.08
Deivison 171: folds 
*** TURN *** [3s Jd 7s] [Tc]
coolDadJimbo: checks 
Dorex2007: bets $1.90 and is all-in
GioJoe2: folds 
coolDadJimbo: folds 
Uncalled bet ($1.90) returned to Dorex2007
Dorex2007 collected $0.35 from pot
Dorex2007: doesn't show hand 
*** SUMMARY ***
Total pot $0.36 | Rake $0.01 
Board [3s Jd 7s Tc]
Seat 1: Elpharae folded before Flop (didn't bet)
Seat 3: coolDadJimbo folded on the Turn
Seat 4: Deivison 171 folded on the Flop (didn't bet)
Seat 5: Dorex2007 collected ($0.35)
Seat 6: GioJoe2 (button) folded on the Turn
Seat 7: ViniHenriqueee (small blind) folded before Flop
Seat 8: Travelstore (big blind) folded on the Flop
Seat 9: paranhos89 folded before Flop (didn't bet)



PokerStars Hand #234563844593:  Hold'em No Limit ($0.01/$0.02 USD) - 2022/03/04 16:45:12 PT [2022/03/04 19:45:12 ET]
Table 'Veritas II' 9-max Seat #7 is the button
Seat 1: Elpharae ($4.87 in chips) 
Seat 3: coolDadJimbo ($2.94 in chips) 
Seat 4: Deivison 171 ($0.64 in chips) 
Seat 5: Dorex2007 ($2.25 in chips) 
Seat 6: GioJoe2 ($1.89 in chips) 
Seat 7: ViniHenriqueee ($1.03 in chips) 
Seat 8: Travelstore ($2.78 in chips) 
Seat 9: paranhos89 ($2.04 in chips) 
Travelstore: posts small blind $0.01
paranhos89: posts big blind $0.02
*** HOLE CARDS ***
Dealt to Dorex2007 [6d Ah]
Elpharae: folds 
coolDadJimbo: folds 
Deivison 171: folds 
Dorex2007: folds 
GioJoe2: folds 
ViniHenriqueee: calls $0.02
Travelstore: folds 
paranhos89: checks 
*** FLOP *** [9d Td 7h]
paranhos89: checks 
ethan111784 leaves the table
ViniHenriqueee: checks 
*** TURN *** [9d Td 7h] [4h]
paranhos89: checks 
ViniHenriqueee: bets $0.02
paranhos89: folds 
Uncalled bet ($0.02) returned to ViniHenriqueee
ViniHenriqueee collected $0.05 from pot
ViniHenriqueee: doesn't show hand 
*** SUMMARY ***
Total pot $0.05 | Rake $0 
Board [9d Td 7h 4h]
Seat 1: Elpharae folded before Flop (didn't bet)
Seat 3: coolDadJimbo folded before Flop (didn't bet)
Seat 4: Deivison 171 folded before Flop (didn't bet)
Seat 5: Dorex2007 folded before Flop (didn't bet)
Seat 6: GioJoe2 folded before Flop (didn't bet)
Seat 7: ViniHenriqueee (button) collected ($0.05)
Seat 8: Travelstore (small blind) folded before Flop
Seat 9: paranhos89 (big blind) folded on the Turn



PokerStars Hand #234563855616:  Hold'em No Limit ($0.01/$0.02 USD) - 2022/03/04 16:45:48 PT [2022/03/04 19:45:48 ET]
Table 'Veritas II' 9-max Seat #8 is the button
Seat 1: Elpharae ($4.87 in chips) 
Seat 3: coolDadJimbo ($2.94 in chips) 
Seat 4: Deivison 171 ($0.64 in chips) 
Seat 5: Dorex2007 ($2.25 in chips) 
Seat 6: GioJoe2 ($1.89 in chips) 
Seat 7: ViniHenriqueee ($1.06 in chips) 
Seat 8: Travelstore ($2.77 in chips) 
Seat 9: paranhos89 ($2.02 in chips) 
paranhos89: posts small blind $0.01
Elpharae: posts big blind $0.02
*** HOLE CARDS ***
Dealt to Dorex2007 [9h 4d]
coolDadJimbo: raises $0.05 to $0.07
mangy-carl joins the table at seat #2 
Deivison 171: folds 
Dorex2007: folds 
GioJoe2: folds 
ViniHenriqueee: raises $0.15 to $0.22
Travelstore: folds 
paranhos89: folds 
Elpharae: folds 
coolDadJimbo: folds 
Uncalled bet ($0.15) returned to ViniHenriqueee
ViniHenriqueee collected $0.17 from pot
ViniHenriqueee: doesn't show hand 
*** SUMMARY ***
Total pot $0.17 | Rake $0 
Seat 1: Elpharae (big blind) folded before Flop
Seat 3: coolDadJimbo folded before Flop
Seat 4: Deivison 171 folded before Flop (didn't bet)
Seat 5: Dorex2007 folded before Flop (didn't bet)
Seat 6: GioJoe2 folded before Flop (didn't bet)
Seat 7: ViniHenriqueee collected ($0.17)
Seat 8: Travelstore (button) folded before Flop (didn't bet)
Seat 9: paranhos89 (small blind) folded before Flop



PokerStars Hand #234563864209:  Hold'em No Limit ($0.01/$0.02 USD) - 2022/03/04 16:46:16 PT [2022/03/04 19:46:16 ET]
Table 'Veritas II' 9-max Seat #9 is the button
Seat 1: Elpharae ($4.85 in chips) 
Seat 2: mangy-carl ($1.50 in chips) 
Seat 3: coolDadJimbo ($2.87 in chips) 
Seat 4: Deivison 171 ($0.64 in chips) 
Seat 5: Dorex2007 ($2.25 in chips) 
Seat 6: GioJoe2 ($1.89 in chips) 
Seat 7: ViniHenriqueee ($1.16 in chips) 
Seat 8: Travelstore ($2.77 in chips) 
Seat 9: paranhos89 ($2.01 in chips) 
Elpharae: posts small blind $0.01
mangy-carl: posts big blind $0.02
*** HOLE CARDS ***
Dealt to Dorex2007 [Qd 7d]
coolDadJimbo: folds 
Deivison 171: folds 
Dorex2007: folds 
GioJoe2: folds 
ViniHenriqueee: folds 
Travelstore: folds 
paranhos89: raises $0.04 to $0.06
Elpharae: folds 
mangy-carl: calls $0.04
*** FLOP *** [8h Jh 6c]
mangy-carl: checks 
paranhos89: bets $0.07
mangy-carl: folds 
Uncalled bet ($0.07) returned to paranhos89
paranhos89 collected $0.13 from pot
paranhos89: doesn't show hand 
*** SUMMARY ***
Total pot $0.13 | Rake $0 
Board [8h Jh 6c]
Seat 1: Elpharae (small blind) folded before Flop
Seat 2: mangy-carl (big blind) folded on the Flop
Seat 3: coolDadJimbo folded before Flop (didn't bet)
Seat 4: Deivison 171 folded before Flop (didn't bet)
Seat 5: Dorex2007 folded before Flop (didn't bet)
Seat 6: GioJoe2 folded before Flop (didn't bet)
Seat 7: ViniHenriqueee folded before Flop (didn't bet)
Seat 8: Travelstore folded before Flop (didn't bet)
Seat 9: paranhos89 (button) collected ($0.13)



PokerStars Hand #234563872590:  Hold'em No Limit ($0.01/$0.02 USD) - 2022/03/04 16:46:44 PT [2022/03/04 19:46:44 ET]
Table 'Veritas II' 9-max Seat #1 is the button
Seat 1: Elpharae ($4.84 in chips) 
Seat 2: mangy-carl ($1.44 in chips) 
Seat 3: coolDadJimbo ($2.87 in chips) 
Seat 4: Deivison 171 ($0.64 in chips) 
Seat 5: Dorex2007 ($2.25 in chips) 
Seat 7: ViniHenriqueee ($1.16 in chips) 
Seat 8: Travelstore ($2.77 in chips) 
Seat 9: paranhos89 ($2.08 in chips) 
mangy-carl: posts small blind $0.01
coolDadJimbo: posts big blind $0.02
*** HOLE CARDS ***
Dealt to Dorex2007 [8c 8h]
GioJoe2 leaves the table
Deivison 171: folds 
Dorex2007: raises $0.04 to $0.06
ViniHenriqueee: folds 
Travelstore: folds 
paranhos89: folds 
Elpharae: folds 
mangy-carl: calls $0.05
coolDadJimbo: calls $0.04
*** FLOP *** [7s Jh Qd]
mangy-carl: checks 
coolDadJimbo: checks 
Dorex2007: checks 
*** TURN *** [7s Jh Qd] [5s]
mangy-carl: checks 
coolDadJimbo: bets $0.08
Dorex2007: folds 
mangy-carl: folds 
Uncalled bet ($0.08) returned to coolDadJimbo
coolDadJimbo collected $0.17 from pot
coolDadJimbo: doesn't show hand 
*** SUMMARY ***
Total pot $0.18 | Rake $0.01 
Board [7s Jh Qd 5s]
Seat 1: Elpharae (button) folded before Flop (didn't bet)
Seat 2: mangy-carl (small blind) folded on the Turn
Seat 3: coolDadJimbo (big blind) collected ($0.17)
Seat 4: Deivison 171 folded before Flop (didn't bet)
Seat 5: Dorex2007 folded on the Turn
Seat 7: ViniHenriqueee folded before Flop (didn't bet)
Seat 8: Travelstore folded before Flop (didn't bet)
Seat 9: paranhos89 folded before Flop (didn't bet)



PokerStars Hand #234563889348:  Hold'em No Limit ($0.01/$0.02 USD) - 2022/03/04 16:47:39 PT [2022/03/04 19:47:39 ET]
Table 'Veritas II' 9-max Seat #2 is the button
Seat 1: Elpharae ($4.84 in chips) 
Seat 2: mangy-carl ($1.38 in chips) 
Seat 3: coolDadJimbo ($2.98 in chips) 
Seat 4: Deivison 171 ($0.64 in chips) 
Seat 5: Dorex2007 ($2.19 in chips) 
Seat 7: ViniHenriqueee ($1.16 in chips) 
Seat 8: Travelstore ($2.77 in chips) 
Seat 9: paranhos89 ($2.08 in chips) 
coolDadJimbo: posts small blind $0.01
Deivison 171: posts big blind $0.02
*** HOLE CARDS ***
Dealt to Dorex2007 [Td 8s]
Dorex2007: folds 
ViniHenriqueee: folds 
Travelstore: folds 
paranhos89: folds 
Elpharae: folds 
mangy-carl: calls $0.02
coolDadJimbo: folds 
Deivison 171: checks 
*** FLOP *** [Ks Jd Qh]
Deivison 171: checks 
mangy-carl: bets $0.22
Deivison 171: folds 
Uncalled bet ($0.22) returned to mangy-carl
mangy-carl collected $0.05 from pot
mangy-carl: doesn't show hand 
*** SUMMARY ***
Total pot $0.05 | Rake $0 
Board [Ks Jd Qh]
Seat 1: Elpharae folded before Flop (didn't bet)
Seat 2: mangy-carl (button) collected ($0.05)
Seat 3: coolDadJimbo (small blind) folded before Flop
Seat 4: Deivison 171 (big blind) folded on the Flop
Seat 5: Dorex2007 folded before Flop (didn't bet)
Seat 7: ViniHenriqueee folded before Flop (didn't bet)
Seat 8: Travelstore folded before Flop (didn't bet)
Seat 9: paranhos89 folded before Flop (didn't bet)



PokerStars Hand #234563905653:  Hold'em No Limit ($0.01/$0.02 USD) - 2022/03/04 16:48:33 PT [2022/03/04 19:48:33 ET]
Table 'Veritas II' 9-max Seat #3 is the button
Seat 1: Elpharae ($4.84 in chips) 
Seat 2: mangy-carl ($1.41 in chips) 
Seat 3: coolDadJimbo ($2.97 in chips) 
Seat 4: Deivison 171 ($0.62 in chips) 
Seat 5: Dorex2007 ($2.19 in chips) 
Seat 7: ViniHenriqueee ($1.16 in chips) 
Seat 8: Travelstore ($2.77 in chips) 
Seat 9: paranhos89 ($2.08 in chips) 
Deivison 171: posts small blind $0.01
Dorex2007: posts big blind $0.02
*** HOLE CARDS ***
Dealt to Dorex2007 [6h As]
ViniHenriqueee: folds 
Travelstore: raises $0.02 to $0.04
paranhos89: folds 
Hemerson99 joins the table at seat #6 
Elpharae: folds 
mangy-carl: folds 
Hemerson99 leaves the table
coolDadJimbo: folds 
Deivison 171: folds 
Dorex2007: calls $0.02
*** FLOP *** [6s 7c 6d]
Dorex2007: checks 
Travelstore: bets $0.02
mangy-carl leaves the table
Dorex2007: calls $0.02
*** TURN *** [6s 7c 6d] [4s]
Dorex2007: checks 
Travelstore: bets $0.09
Dorex2007: calls $0.09
*** RIVER *** [6s 7c 6d 4s] [4c]
Dorex2007: checks 
Travelstore: checks 
*** SHOW DOWN ***
Dorex2007: shows [6h As] (a full house, Sixes full of Fours)
Travelstore: mucks hand 
Dorex2007 collected $0.30 from pot
*** SUMMARY ***
Total pot $0.31 | Rake $0.01 
Board [6s 7c 6d 4s 4c]
Seat 1: Elpharae folded before Flop (didn't bet)
Seat 2: mangy-carl folded before Flop (didn't bet)
Seat 3: coolDadJimbo (button) folded before Flop (didn't bet)
Seat 4: Deivison 171 (small blind) folded before Flop
Seat 5: Dorex2007 (big blind) showed [6h As] and won ($0.30) with a full house, Sixes full of Fours
Seat 7: ViniHenriqueee folded before Flop (didn't bet)
Seat 8: Travelstore mucked [Td Ts]
Seat 9: paranhos89 folded before Flop (didn't bet)



PokerStars Hand #234563921929:  Hold'em No Limit ($0.01/$0.02 USD) - 2022/03/04 16:49:27 PT [2022/03/04 19:49:27 ET]
Table 'Veritas II' 9-max Seat #4 is the button
Seat 1: Elpharae ($4.84 in chips) 
Seat 3: coolDadJimbo ($2.97 in chips) 
Seat 4: Deivison 171 ($0.61 in chips) 
Seat 5: Dorex2007 ($2.34 in chips) 
Seat 7: ViniHenriqueee ($1.16 in chips) 
Seat 8: Travelstore ($2.62 in chips) 
Seat 9: paranhos89 ($2.08 in chips) 
Dorex2007: posts small blind $0.01
ViniHenriqueee: posts big blind $0.02
*** HOLE CARDS ***
Dealt to Dorex2007 [Qc Tc]
Travelstore: folds 
paranhos89: folds 
Elpharae: folds 
coolDadJimbo: folds 
Deivison 171: raises $0.02 to $0.04
Dorex2007: calls $0.03
ViniHenriqueee: calls $0.02
*** FLOP *** [Ts Jd Jh]
Dorex2007: checks 
ViniHenriqueee: checks 
Deivison 171: checks 
*** TURN *** [Ts Jd Jh] [9s]
Dorex2007: bets $0.12
ViniHenriqueee: folds 
Deivison 171: folds 
Uncalled bet ($0.12) returned to Dorex2007
Dorex2007 collected $0.12 from pot
Dorex2007: doesn't show hand 
*** SUMMARY ***
Total pot $0.12 | Rake $0 
Board [Ts Jd Jh 9s]
Seat 1: Elpharae folded before Flop (didn't bet)
Seat 3: coolDadJimbo folded before Flop (didn't bet)
Seat 4: Deivison 171 (button) folded on the Turn
Seat 5: Dorex2007 (small blind) collected ($0.12)
Seat 7: ViniHenriqueee (big blind) folded on the Turn
Seat 8: Travelstore folded before Flop (didn't bet)
Seat 9: paranhos89 folded before Flop (didn't bet)



PokerStars Hand #234563933410:  Hold'em No Limit ($0.01/$0.02 USD) - 2022/03/04 16:50:06 PT [2022/03/04 19:50:06 ET]
Table 'Veritas II' 9-max Seat #5 is the button
Seat 1: Elpharae ($4.84 in chips) 
Seat 3: coolDadJimbo ($2.97 in chips) 
Seat 4: Deivison 171 ($0.57 in chips) 
Seat 5: Dorex2007 ($2.42 in chips) 
Seat 7: ViniHenriqueee ($1.12 in chips) 
Seat 8: Travelstore ($2.62 in chips) 
Seat 9: paranhos89 ($2.08 in chips) 
ViniHenriqueee: posts small blind $0.01
Travelstore: posts big blind $0.02
*** HOLE CARDS ***
Dealt to Dorex2007 [9h 6s]
paranhos89: folds 
Elpharae: folds 
coolDadJimbo: folds 
Deivison 171: raises $0.02 to $0.04
Dorex2007: folds 
ViniHenriqueee: raises $0.08 to $0.12
Travelstore: folds 
Deivison 171: folds 
Uncalled bet ($0.08) returned to ViniHenriqueee
ViniHenriqueee collected $0.10 from pot
ViniHenriqueee: doesn't show hand 
*** SUMMARY ***
Total pot $0.10 | Rake $0 
Seat 1: Elpharae folded before Flop (didn't bet)
Seat 3: coolDadJimbo folded before Flop (didn't bet)
Seat 4: Deivison 171 folded before Flop
Seat 5: Dorex2007 (button) folded before Flop (didn't bet)
Seat 7: ViniHenriqueee (small blind) collected ($0.10)
Seat 8: Travelstore (big blind) folded before Flop
Seat 9: paranhos89 folded before Flop (didn't bet)



PokerStars Hand #234563950353:  Hold'em No Limit ($0.01/$0.02 USD) - 2022/03/04 16:51:02 PT [2022/03/04 19:51:02 ET]
Table 'Veritas II' 9-max Seat #9 is the button
Seat 1: Elpharae ($4.82 in chips) 
Seat 3: coolDadJimbo ($2.97 in chips) 
Seat 4: Deivison 171 ($0.53 in chips) 
Seat 5: Dorex2007 ($2.42 in chips) 
Seat 8: Travelstore ($2.63 in chips) 
Seat 9: paranhos89 ($2.07 in chips) 
Elpharae: posts small blind $0.01
coolDadJimbo: posts big blind $0.02
*** HOLE CARDS ***
Dealt to Dorex2007 [6h 2s]
Deivison 171: folds 
Dorex2007: folds 
Travelstore: folds 
Deivison 171 leaves the table
paranhos89: raises $0.04 to $0.06
Elpharae: folds 
coolDadJimbo: folds 
Uncalled bet ($0.04) returned to paranhos89
paranhos89 collected $0.05 from pot
paranhos89: doesn't show hand 
*** SUMMARY ***
Total pot $0.05 | Rake $0 
Seat 1: Elpharae (small blind) folded before Flop
Seat 3: coolDadJimbo (big blind) folded before Flop
Seat 4: Deivison 171 folded before Flop (didn't bet)
Seat 5: Dorex2007 folded before Flop (didn't bet)
Seat 8: Travelstore folded before Flop (didn't bet)
Seat 9: paranhos89 (button) collected ($0.05)



PokerStars Hand #234563954470:  Hold'em No Limit ($0.01/$0.02 USD) - 2022/03/04 16:51:15 PT [2022/03/04 19:51:15 ET]
Table 'Veritas II' 9-max Seat #1 is the button
Seat 1: Elpharae ($4.81 in chips) 
Seat 3: coolDadJimbo ($2.95 in chips) 
Seat 5: Dorex2007 ($2.42 in chips) 
Seat 8: Travelstore ($2.63 in chips) 
Seat 9: paranhos89 ($2.10 in chips) 
coolDadJimbo: posts small blind $0.01
Dorex2007: posts big blind $0.02
*** HOLE CARDS ***
Dealt to Dorex2007 [3c 3h]
Travelstore: folds 
paranhos89: folds 
Elpharae: folds 
coolDadJimbo: raises $0.06 to $0.08
Dorex2007: folds 
Uncalled bet ($0.06) returned to coolDadJimbo
coolDadJimbo collected $0.04 from pot
coolDadJimbo: doesn't show hand 
*** SUMMARY ***
Total pot $0.04 | Rake $0 
Seat 1: Elpharae (button) folded before Flop (didn't bet)
Seat 3: coolDadJimbo (small blind) collected ($0.04)
Seat 5: Dorex2007 (big blind) folded before Flop
Seat 8: Travelstore folded before Flop (didn't bet)
Seat 9: paranhos89 folded before Flop (didn't bet)



PokerStars Hand #234563958021:  Hold'em No Limit ($0.01/$0.02 USD) - 2022/03/04 16:51:27 PT [2022/03/04 19:51:27 ET]
Table 'Veritas II' 9-max Seat #3 is the button
Seat 1: Elpharae ($4.81 in chips) 
Seat 3: coolDadJimbo ($2.97 in chips) 
Seat 5: Dorex2007 ($2.40 in chips) 
Seat 9: paranhos89 ($2.10 in chips) 
Dorex2007: posts small blind $0.01
Travelstore: is sitting out 
paranhos89: posts big blind $0.02
*** HOLE CARDS ***
Dealt to Dorex2007 [Kc Js]
Elpharae: folds 
coolDadJimbo: folds 
Dorex2007: raises $0.04 to $0.06
paranhos89: folds 
Uncalled bet ($0.04) returned to Dorex2007
Dorex2007 collected $0.04 from pot
Dorex2007: doesn't show hand 
Travelstore leaves the table
*** SUMMARY ***
Total pot $0.04 | Rake $0 
Seat 1: Elpharae folded before Flop (didn't bet)
Seat 3: coolDadJimbo (button) folded before Flop (didn't bet)
Seat 5: Dorex2007 (small blind) collected ($0.04)
Seat 9: paranhos89 (big blind) folded before Flop



